4082 6398
1603 396 1830 451 CANON
1870 397 1958 451 DE
1994 397 2051 452 S.
2088 396 2376 452 BASILIO.

1370 514 1681 585 παμμάχοις)
1768 515 1927 567 ,Βασί-

2037 515 2242 568 tissime
2291 513 2495 575 Basili,
2532 528 2596 567 ex
2645 513 2844 568 divinis
2901 514 3170 568 thesauris
3197 529 3314 569 eam
3353 519 3607 572 omnibus

366 516 652 588 θησαυρῶν
724 515 1034 579 ἀνάπτυξας
1087 515 1231 588 πᾶσι
1271 553 1284 577 ,

368 610 497 662 λειε.

1030 757 1160 808 mn
1188 759 1278 823 σι.

438 915 706 985 Ἔορεψας
739 913 882 984 λιμῷ
912 913 1174 975 τακείσας
1207 913 1384 984 ψυχὰς
1417 915 1630 968 πάντων
1664 918 1930 986 ἀφθόνως,

366 1009 459 1061 καὶ
491 1007 586 1070 τὰς
624 1005 730 1059 τῶν
765 1004 1070 1058 πεινώντων
1128 1006 1352 1077 καρδίας
1397 1008 1574 1078 πάσης
1609 1009 1929 1080 ἐνέπλησας,

364 1099 630 1160 Βασίλειε,
668 1097 853 1167 θεῖκῆς
883 1097 1239 1168 εὐφροσύνης.

439 1209 706 1280 Ἔθρεψας
763 1209 939 1280 ψυχὰς
983 1211 1251 1275 πεινώσας
1300 1216 1471 1284 τροφῇ
1506 1217 1570 1285 τῇ
1604 1215 1928 1288 ἐπουρανίῳο

361 1301 524 1372 ἄρτος
554 1301 662 1371 γὰρ
694 1300 799 1351 τῶν
823 1301 1068 1368 ἀγγέλων
1112 1302 1342 1371 ὑπάρχει
1375 1304 1403 1355 ὀ
1429 1301 1606 1369 λόγος,
1663 1304 1927 1370 Βασίλειε,

361 1387 423 1446 οὗ
450 1394 668 1464 ἄριστος
695 1392 967 1462 σιτοδότης
991 1394 1199 1461 ἐγένου.

436 1504 729 1577 Ἥϐροισας
756 1505 833 1576 τῷ
858 1505 958 1574 τῆς
996 1505 1275 1576 μελίσσης,
1313 1509 1579 1571 Βασίλειε,
1627 1511 1930 1579 φιλοπόνως

363 1598 564 1671 ἀρετῆς
597 1599 810 1667 ἁπάσης
843 1599 903 1650 τὸ
953 1598 1128 1662 ἄνθος,
1171 1601 1264 1652 καὶ
1313 1600 1614 1672 περιδέξιος
1645 1603 1932 1674 γενόμενος

365 1691 421 1742 ἐν
459 1690 647 1752 αὑταῖς
684 1689 994 1761 μακαρίζει.

439 1801 743 1864 Ἐσπευσας
792 1803 992 1872 κόσμου
1036 1804 1286 1874 ῥαγῆναι,
1323 1806 1414 1858 καὶ
1452 1805 1569 1874 Θεῷ
1614 1807 1932 1878 συμϐιοτεῦ-

367 1908 474 1945 σαι·
509 1893 590 1945 διὸ
619 1896 729 1955 τοῖς
755 1895 1005 1959 ἀστάτοις
1033 1898 1124 1948 καὶ
1161 1899 1423 1968 ῥευστοίς,
1459 1899 1638 1969 Πάτερ
1663 1875 1925 1966 Βασίλεῖε,

363 1986 431 2038 τά
459 1985 683 2055 μένοντα
706 1986 781 2038 ὡ*
817 1987 976 2042 σοωὸ-
1009 1991 1346 2060 κατεκτήσω.

1033 2185 1165 2238 ΩΔΗ
1195 2187 1268 2238 Z'.

435 2363 609 2418 Είκὼν
665 2363 758 2416 τοῦ
810 2363 1123 2435 Πνεύματος
1173 2367 1201 2417 ὁ
1251 2366 1398 2433 Υἱὸς,
1441 2369 1534 2419 καὶ
1563 2367 1653 2420 τοῦ
1692 2370 1820 2422 Υἱοῦ
1869 2371 1928 2423 τὸ

363 2457 606 2526 Πνεῦμα,
640 2456 700 2508 σὺ
723 2456 778 2508 δὲ
801 2456 892 2509 τοῦ
943 2458 1275 2528 Πνεύματος,
1315 2459 1575 2522 Βασίλειε,
1604 2461 1928 2531 ἀκηλίδωτον

363 2549 667 2620 ἕσωπτρον,
723 2545 869 2612 οἶκος
923 2551 978 2602 δὲ
1037 2551 1136 2619 τῆς
1196 2551 1322 2622 ὅλης
1379 2553 1621 2622 Τριάδος·
1688 2554 1928 2623 μακαρία

362 2644 395 2712 ἡ
445 2643 629 2713 μνήμη
684 2659 800 2704 σου,
861 2643 952 2696 καὶ
1004 2645 1052 2695 οἱ
1087 2643 1394 2710 δοξάζοντες
1437 2647 1603 2715 αὐτὴν
1658 2643 1927 2711 ἀντιδοξά-

363 2733 562 2797 ζονται.

433 2850 662 2914 Βυθίσας
699 2851 787 2904 τὸν
819 2851 940 2904 νοῦν
969 2852 1046 2914 εἰς
1069 2851 1136 2904 τὰ
1166 2850 1300 2921 βάθη
1325 2849 1418 2904 τοῦ
1457 2851 1590 2904 Θεοῦ
1629 2852 1694 2905 τὰ
1731 2853 1928 2907 ἀκατά-

361 2943 556 3012 ληπτα,
601 2942 985 3010 συλλεξάμενος
1017 2941 1072 2993 δὲ
1099 2943 1186 2994 τὸν
1221 2942 1511 3011 πολύτιμον
1557 2944 1620 2995 σὺ
1659 2945 1926 3015 μαργαρί-

359 3051 456 3103 την
481 3035 578 3103 τῆς
605 3033 871 3102 γνώσεως,
900 3032 1216 3095 ἑπλούτισας
1246 3033 1334 3086 τὸν
1361 3035 1558 3102 κόσμον
1587 3035 1794 3102 σοφίας,
1831 3036 1925 3088 καὶ

361 3127 690 3199 κραυγάζειν
723 3127 982 3190 ἐδίδαξας·
1021 3127 1321 3196 Εὐλογητὸς
1354 3129 1382 3178 ὁ
1426 3127 1557 3190 Θεὸς
1595 3126 1704 3179 τῶν
1756 3128 1921 3180 πατέ-

364 3235 468 3288 ρων
489 3217 660 3286 ἡμῶν.

429 3323 498 3378 Ὦ
528 3325 795 3396 σύμπνοια
850 3328 939 3379 νοῦ
973 3328 1090 3398 ἱερά
1127 3346 1185 3380 τε
1221 3329 1469 3401 ξυνωρὶς,
1526 3333 1559 3400 ἡ
1593 3331 1779 3404 ὥσπερ
1821 3333 1923 3404 μία

362 3417 500 3491 ψυχὴ
531 3419 585 3469 ὲν
609 3418 730 3470 δυσὶ
768 3416 1010 3486 σώμασιν
1044 3419 1370 3490 ἀδιαίρετος,
1406 3423 1463 3473 ὲν
1498 3423 1781 3494 Γρηγορίῳ
1821 3424 1926 3478 Βα-

361 3509 576 3572 σίλειος,
614 3509 760 3578 πόοῳ
807 3506 971 3577 θεῖκῷ
1006 3511 1357 3579 συνημμένοι,
1395 3512 1452 3563 ὲν
1485 3511 1746 3583 Βασιλείῳ
1783 3513 1924 3586 Γρη-

361 3606 560 3674 γόριος·
633 3601 725 3653 νῦν
786 3600 1096 3654 ἱκετεύσατε
1157 3602 1390 3655 Χοιστὸν
1449 3603 1585 3674 ὑπὲρ
1639 3605 1736 3674 τῆς
1798 3605 1924 3657 πενί-

362 3709 519 3761 μνης-

430 3804 616 3874 Πατὴρ
635 3805 905 3875 ὀρφανῶν,
930 3803 1020 3856 καὶ
1038 3803 1218 3874 χηρῶν
1234 3803 1632 3876 προασπιστὴς,
1658 3807 1751 3858 καὶ
1770 3807 1926 3861 πλοῦ-

359 3911 448 3956 τος
481 3894 693 3964 πένησι,
713 3894 820 3947 τῶν
845 3894 1211 3948 ἀσθενούντων
1238 3897 1270 3966 ἡ
1313 3894 1655 3968 παράκλησις
1691 3899 1785 3951 καὶ
1816 3900 1923 3954 τῶν

359 3985 682 4040 πλοιούντων
735 3987 1078 4058 κυϐέρνησις,
1110 3989 1312 4059 γήρους
1352 3988 1620 4061 βακτηρία
1661 3990 1922 4063 ὲδείχΘης,

361 4079 699 4147 παιδαγωγία
725 4079 990 4149 νεότητος,
1016 4080 1110 4133 καὶ
1138 4080 1476 4150 μοναζόντων
1503 4083 1703 4155 ἀρετῆς
1717 4084 1918 4151 κανὼν,

361 4169 623 4224 Βασίλειε.

1016 4350 1145 4403 ΩΔΗ
1177 4351 1260 4406 H’.

425 4532 528 4586 Τὸν
553 4533 812 4604 ἀφράστῳ
859 4533 1080 4604 προνοίᾳ
1121 4533 1503 4603 δωρησάμενον
1539 4534 1814 4588 Βασίλειον
1841 4535 1918 4607 τῷ
1950 4545 1994 4599 ι)

356 4625 564 4696 κόσμῳ,
609 4625 723 4695 φῶς
757 4625 1035 4689 εὐσεϐείας
1088 4626 1359 4695 σάλπιγγά
1415 4643 1474 4679 τε
1507 4628 1604 4698 τῆς
1645 4626 1918 4694 θεολογίας

357 4716 668 4789 [ὑμνοῦντες
691 4719 961 4790 λέγομεν]·
993 4718 1297 4787 Εὑλογεῖτε,
1326 4719 1392 4773 τὰ
1411 4719 1548 4792 ἔργα
1579 4719 1671 4774 τού
1690 4722 1914 4793 Κυρίου,

353 4811 443 4864 τὸν
475 4813 694 4883 Κύριον.

427 4927 528 4980 Τὸν
554 4929 764 4998 δαψιλεῖ
790 4928 1036 4999 ἐνεργείᾳ
1066 4929 1418 4999 ἐνοικήσαντα
1454 4927 1530 4998 τῷ
1571 4927 1718 4997 σοφῷ
1751 4929 1914 4980 Βασι-

353 5021 500 5092 λείῳ,
533 5022 624 5074 καὶ
667 5022 731 5073 δι’
761 5022 924 5075 αὐτοῦ
957 5021 1192 5083 εὐσεϐῶς
1229 5019 1636 5091 οεολογη6ἐντα’
1674 5021 1915 5087 Εύλογεῖ-

353 5130 432 5172 τε,
463 5113 532 5165 τὰ
553 5112 686 5183 ἔργα
704 5112 796 5166 τοῦ
835 5113 1063 5182 Κυρίου,
1110 5113 1199 5165 τὸν
1235 5111 1454 5184 Κύριον.

428 5227 489 5278 0i
515 5227 620 5277 τῶν
675 5225 828 5279 Θείων
879 5244 969 5278 σου
1001 5227 1172 5296 λόγων
1217 5226 1602 5290 ἀπολαϐόντες,
1636 5227 1908 5293 Βασίλειε,

353 5318 644 5381 ἀπαύστως
675 5320 730 5370 ἐν
755 5321 818 5388 τῇ
852 5335 942 5371 σου
977 5320 1163 5390 μνήμῃ
1189 5317 1644 5390 πανηγυρίζοντες
1676 5318 1905 5388 βοῶμενσ

353 5410 658 5480 Εὐλογείτε,
684 5409 751 5463 τὰ
767 5411 901 5481 ἔργα
933 5410 1024 5464 τοῦ
1057 5411 1281 5482 Κυρίου,
1302 5411 1392 5463 τὸν
1417 5410 1637 5481 Κύριον.

422 5525 532 5588 Τὰς
564 5525 784 5588 ἀκτῖνας
828 5523 934 5576 τῶν
981 5523 1151 5591 ’λόγων
1191 5523 1594 5589 ἐξαπέστειλας,
1645 5522 1908 5588 Βασίλειε,

349 5619 428 5690 τῷ
485 5619 693 5689 κόσμῳ,
761 5617 1196 5688 φωταγωγούσας
1259 5617 1386 5685 μίαν
1442 5615 1618 5669 σέϐειν
1685 5616 1909 5688 ’τριάδος

351 5710 530 5779 φύσιν·
581 5711 885 5779 Εὑλογείτε,
944 5707 1012 5760 τὰ
1061 5707 1194 5778 ἔργα
1235 5708 1328 5760 τοῦ
1385 5707 1590 5778 Κυρίου
1667 5709 1756 5763 τὸν
1798 5708 1910 5763 Κύ-
1956 5722 1962 5729 ·

352 5821 483 5870 ριον.

3405 415 3603 459 CCCXCV

2038 607 2337 660 recludens.

2683 759 2817 815 ODE
2853 761 2938 817 VI.

2106 910 2326 964 Animas
2359 925 2676 979 pauperum,
2701 912 3040 968 tabescentes
3067 914 3229 978 fame,
3255 916 3373 970 sine
3399 917 3600 970 invidia

2037 1001 2328 1066 nutrivisti,
2359 1013 2414 1054 et
2443 1004 2798 1058 esurientium
2825 1007 3008 1070 corda,
3037 1005 3388 1070 Basili,omni
3422 1009 3599 1062 divina

2037 1092 2322 1161 prudentia
2357 1094 2669 1162 implevisti.

2107 1204 2326 1258 Animas
2360 1205 2662 1261 esurientes
2697 1207 2972 1261 nutrivisti
3028 1207 3233 1264 caelesti
3295 1211 3595 1268 alimento:

2038 1311 2161 1349 nam
2219 1297 2371 1366 panis
2413 1299 2722 1368 angelorum
2749 1340 2764 1364 ,
2797 1317 2828 1352 υ
2861 1300 3049 1363 Basili,
3077 1310 3162 1357 est
3206 1317 3407 1364 sermo,
3451 1303 3603 1374 cuius

2034 1403 2158 1444 eras
2190 1389 2415 1460 largitor
2441 1391 2697 1459 optimus.

2105 1501 2258 1555 Sicut
2317 1501 2433 1571 apis
2473 1542 2486 1567 ,
2543 1501 2755 1567 Basili,
2811 1518 3039 1572 operose
3086 1505 3350 1576 collegisti
3411 1505 3594 1560 ﬂorem

2033 1595 2209 1648 omnis
2257 1593 2474 1649 virtutis
2500 1632 2515 1660 ,
2545 1602 2601 1649 et
2636 1603 2709 1653 .ut
2743 1597 2960 1666 sapiens
3001 1611 3098 1665 per
3147 1613 3264 1652 eam
3321 1600 3598 1654 beatiﬁcao

2033 1685 2128 1738 ris.

2104 1797 2430 1852 Accelerasti
2458 1796 2700 1853 abscindi
2739 1815 2767 1852 a
2803 1800 3006 1855 mundo
3051 1812 3104 1856 et
3148 1802 3254 1856 Deo
3283 1805 3482 1859 vivere.
3517 1805 3600 1858 ld-

2032 1891 2179 1945 circo
2206 1905 2301 1959 pro
2331 1891 2490 1944 rebus
2513 1891 2855 1945 instabilibus
2887 1907 2949 1946 ac
2974 1893 3132 1947 lluxis
3162 1934 3175 1958 ,
3203 1892 3360 1948 Pater
3385 1893 3427 1946 Β
3447 1896 3594 1958 asili,

2031 1990 2232 2034 aeterna
2259 1979 2530 2049 sapienter
2559 1993 2888 2036 consecutus
2929 1996 3008 2038 es.

2678 2174 2814 2232 ODE
2844 2177 2953 2232 VII.

2101 2367 2267 2406 unus
2320 2364 2495 2419 imago
2543 2359 2626 2404 est
2661 2349 2916 2419 Spiritus,
2962 2360 3016 2406 et
3067 2353 3302 2422 Spiritus
3329 2353 3492 2420 Filii;
3541 2368 3596 2410 tu

2030 2458 2180 2505 vero,
2217 2440 2402 2505 Basili,
2432 2439 2667 2507 Spiritus
2723 2440 3124 2496 immaculatum
3181 2446 3454 2513 speculum
3484 2487 3498 2510 ,
3545 2443 3598 2502 et

2032 2533 2394 2587 habitaculum
2429 2533 2597 2585 totius
2633 2531 2943 2587 Trinitatis.
2972 2535 3140 2589 Beata
3167 2546 3251 2591 est
3288 2538 3360 2592 tui
3391 2555 3597 2593 metuo-

2032 2626 2131 2688 ria,
2168 2634 2230 2676 et
2276 2623 2365 2690 qui
2419 2636 2535 2674 eam
2568 2622 2832 2688 recolunt,
2887 2625 3157 2693 recipiunt
3209 2629 3598 2682 remuneratio-

2029 2732 2173 2770 ηειη.

2099 2829 2328 2883 Mentem
2373 2829 2900 2899 incomprehensibili
2958 2831 3307 2900 profunditati
3372 2835 3590 2889 immer-

2029 2938 2180 2991 gens,
2220 2933 2273 2976 et
2298 2923 2550 2992 colligens
2573 2923 3034 2992 pretiosissimam
3076 2927 3399 2995 cognitionis
3450 2945 3596 2983 mar-

2029 3014 2255 3083 garitam
2284 3053 2299 3079 ,
2331 3016 2670 3082 locupletasti
2717 3016 2900 3070 orbem
2960 3017 3219 3085 sapientia
3247 3059 3262 3083 ,
3293 3028 3346 3073 et
3403 3021 3587 3076 docui-

2027 3107 2094 3158 sti
2137 3104 2369 3160 clamare
2399 3123 2412 3159 :
2448 3104 2768 3160 Benedictus
2801 3123 2880 3170 es,
2933 3106 3072 3161 Deus
3103 3117 3316 3179 patrum
3371 3121 3592 3166 nostro-

1949 3198 1991 3255 C
2029 3212 2164 3249 rum.

2099 3309 2142 3363 Ο
2175 3309 2456 3364 consensio
2487 3311 2785 3364 animorum
2833 3319 2886 3362 et
2934 3319 3118 3364 sancta
3181 3311 3407 3367 societas
3437 3354 3450 3366 .
3487 3329 3591 3383 qua

2028 3400 2170 3454 velut
2194 3415 2330 3454 unus
2358 3408 2410 3454 et
2451 3399 2756 3454 individuus
2810 3399 2861 3453 in
2916 3401 3129 3469 gemino
3161 3417 3386 3472 corpore
3417 3402 3591 3474 Spiri—

2029 3499 2114 3545 tus
2142 3531 2156 3556 ,
2183 3492 2236 3544 in
2267 3489 2532 3561 Gregorio
2570 3489 2802 3545 Basilius
2841 3490 3024 3546 divino
3061 3508 3247 3545 amore
3279 3494 3483 3562 unitos,
3537 3497 3589 3550 in

2027 3584 2228 3638 Basilio
2250 3582 2547 3653 Gregorius
2569 3581 2686 3638 fuit.
2722 3583 2884 3638 Orate
2919 3599 3060 3639 nunc
3091 3599 3187 3653 pro
3219 3600 3381 3655 grege
3405 3597 3588 3641 nostro

2026 3676 2301 3731 Christum

2093 3788 2423 3860 Pupillorum
2458 3797 2634 3858 pater,
2661 3795 2931 3857 protector
2961 3788 3241 3842 viduarum
3267 3829 3281 3853 ,
3314 3790 3588 3858 opulentia

2027 3897 2360 3954 pauperum,
2394 3880 2774 3951 aegrotantium
2810 3879 3047 3936 solamen
3071 3919 3086 3944 ,
3122 3889 3188 3946 et~
3219 3881 3271 3934 iu
3312 3881 3414 3936 hoc
3453 3885 3588 3936 mari

2024 3975 2396 4030 ﬂuctuantium
2421 3973 2871 4042 gubernaculum,
2905 3971 3127 4026 baculus
3148 3974 3461 4038 senectutis,
3497 3973 3589 4043 ju-

2023 4066 2260 4121 ventutis
2295 4065 2601 4129 instructio,
2633 4063 2999 4118 solitariorum
3036 4062 3222 4133 regula
3274 4062 3344 4117 ad
3372 4079 3586 4117 omnem

2021 4159 2272 4213 virtutem
2296 4171 2422 4222 es,o
2455 4155 2619 4210 Basili

2649 4332 2784 4388 ODE
2812 4330 2943 4386 VIII.

2089 4553 2346 4609 lnell‘abili
2403 4551 2742 4622 providentia
2793 4566 3108 4608 concessum
3161 4568 3358 4608 munoo
3415 4572 3568 4608 nasu-

2022 4647 2150 4701 lium
2180 4687 2194 4710 ,
2235 4645 2460 4716 pietatis
2513 4644 2834 4710 lucernam,
2884 4645 3062 4698 tubam
3118 4644 3394 4717 theologia:
3441 4645 3583 4718 [Iau-

2019 4739 2206 4793 dautes
2233 4735 2501 4808 dicimus]
2536 4751 2550 4789 :
2583 4735 2912 4800 Benedicite,
2945 4749 3104 4805 Opera
3135 4734 3367 4802 Domini,
3398 4738 3583 4793 Domi-

2017 4846 2167 4886 num.

2089 4939 2316 5010 Copiosa
2346 4939 2664 5009 operatione
2715 4939 3103 4996 inhabitantem
3133 4941 3350 5008 Basilio,
3380 4954 3429 4999 et
3464 4946 3577 5015 ipso

2017 5033 2285 5088 mediante
2311 5031 2397 5102 pie
2425 5032 2765 5102 expositum:
2789 5032 3116 5098 Benedicite,
3142 5049 3300 5103 opera
3339 5036 3576 5103 Domini,

2016 5124 2324 5178 Dominum.
2883 5133 2887 5146 '

2086 5235 2185 5303 Qui
2215 5236 2409 5292 divinis
2444 5237 2548 5292 tuis
2581 5237 2924 5293 sermonibus
2955 5237 3205 5304 fruimur,
3237 5253 3269 5293 ο
3303 5239 3487 5302 Basili,
3512 5240 3563 5290 in

2018 5326 2090 5380 tui
2125 5328 2438 5382 memoriam
2475 5327 2662 5383 festive
2689 5330 3021 5400 congregati,
3051 5329 3345 5384 clamamus
3368 5347 3382 5382 :
3405 5329 3580 5383 Bene-

2019 5419 2200 5485 dicite,
2222 5434 2383 5492 opera
2413 5422 2646 5505 Domini,
2677 5421 2959 5478 Dominum

2085 5532 2284 5590 Badios
2316 5549 2624 5589 sermonum
2659 5543 2868 5589 tuorum
2906 5533 3102 5588 mundo
3135 5535 3383 5601 emisisti,
3415 5554 3446 5589 ο
3478 5537 3574 5590 Ba-

2011 5623 2118 5691 sili,
2152 5624 2454 5680 illumiuaus
2485 5641 2630 5692 eum,
2665 5637 2722 5680 ut
2755 5641 2913 5680 unam
2945 5626 2995 5680 in
3026 5625 3288 5681 'l‘riuitate
3320 5641 3567 5686 naturam

2011 5728 2292 5785 venerans,
2316 5719 2492 5774 dicat:
2532 5718 2858 5786 Benedicite,
2898 5732 3057 5788 opera
3111 5719 3346 5788 Domini,
3395 5722 3571 5779 Domi-

2011 5820 2158 5860 num.
