4082 6398
481 388 573 429 CCC
581 388 697 428 XCVI

1068 526 1071 527 ν
1133 484 1268 541 ODE
1300 483 1390 538 IX.

551 614 718 669 Primi
773 616 1008 686 pastoris
1038 616 1267 683 Christi,
1301 627 1553 686 tanquam
1582 618 1700 671 ovis
1753 616 1869 683 ejus
1921 618 2053 673 lide-

480 707 579 775 lis,
614 708 839 779 vestigia
868 749 885 775 ,
933 707 1095 764 Basili
1127 748 1144 775 ,
1184 724 1243 764 es
1300 718 1519 763 secutus
1554 726 1568 762 :
1604 709 1836 762 animam
1878 708 2044 763 etiam

482 808 625 852 tuam
653 835 670 863 ,
716 798 898 862 Pater,
955 798 1226 852 tradidisti
1274 811 1505 868 tyranno
1533 837 1548 860 ,
1589 808 1643 851 et
1677 813 1773 866 pro
1808 798 2048 853 Ecclesia

478 903 814 960 quacunque
868 888 1106 959 pericula
1159 898 1412 959 prompte
1466 890 1717 955 subiisti,
1764 905 1796 944 ο
1849 890 2050 946 beatis-

480 996 632 1037 stme.

552 1092 808 1149 Ecclesiae
829 1092 1031 1148 Christi
1068 1094 1469 1151 ﬁrmamentum
1506 1106 1766 1167 tyrannus
1819 1098 2051 1153 circum-

479 1184 713 1254 spiciens
737 1225 754 1251 ,
787 1194 879 1239 tuo
934 1186 1231 1254 praesulatu
1290 1187 1610 1242 adornatum
1646 1230 1661 1254 ,
1704 1206 1737 1243 ο
1782 1191 2000 1259 sapiens
2028 1231 2043 1256 ,

482 1284 623 1329 totus
652 1277 921 1331 attonitus
955 1277 1138 1330 animo
1167 1278 1446 1333 concidit:
1480 1278 1740 1348 fulgorem
1786 1282 1927 1335 enim
1964 1298 2051 1336 co-

478 1366 751 1421 ruscantis
783 1380 848 1421 ex
882 1376 934 1422 te
968 1367 1210 1436 Spiritus
1241 1369 1511 1424 sustinere
1539 1370 1824 1439 nequibat,
1855 1386 1887 1425 ο
1946 1371 2049 1425 Ba-

507 1455 518 1467 I
547 1456 559 1467 α

477 1454 582 1509 stlt.

714 1528 725 1539 Ι

547 1568 751 1639 Dignus
785 1568 1036 1626 inventus
1061 1585 1145 1631 es.
1186 1585 1219 1625 ο
1271 1570 1454 1636 Basili,
1485 1570 1576 1641 qui
1625 1585 1852 1627 consors
1896 1586 2045 1629 esses

475 1661 748 1717 cathedra:
805 1663 1227 1731 apostolorum,
1289 1665 1501 1718 choreae
1561 1666 1886 1719 certantium
1942 1680 2042 1736 pro

410 1758 411 1761 “
475 1753 690 1808 Chr-isto
738 1765 1081 1824 martyrum,
1138 1756 1565 1827 patriarcharum
1640 1758 1896 1824 unionis,
1952 1760 2044 1829 ju-

1866 374 2407 438 ιιιιυιιϐοΜΕΝΑ.

2076 491 2123 549 Δ

2804 496 2936 549 ΩΔΗ
2988 495 3064 555 ϐ’.

2222 627 2326 679 Τοῦ
2372 630 2755 700 ἀρχιποιμένος
2799 633 2871 693 ὡς
2926 633 3194 704 πρόϐατον
3229 638 3416 695 πιστὸν
3458 643 3719 715 Χριστοῦ,

2152 716 2416 783 Βασίλειε,
2447 723 2557 783 τοῖς
2584 720 2886 794 ζωηφόροις
2920 726 3119 795 ἴχνεσιν
3145 728 3607 804 ἐπηκολούθησας
3642 738 3721 808 τῷ

2149 808 2395 880 τυράννῳ
2435 810 2543 883 γὰρ
2594 814 2692 883 τὴν
2727 815 2923 868 σαυτοῦ
2980 816 3179 889 ψυχὴν,
3222 821 3423 893 Πάτερ,
3455 828 3719 898 προδέδω·

2151 915 2273 964 κας,
2307 902 2733 972 προκινδυνεύων
2755 906 2952 979 ἄριστα
2975 908 3076 978 τῆς
3114 910 3455 981 Ἐκκλησίας,
3491 934 3720 989 παμμα-

2152 1006 2399 1062 καριστε.

2222 1105 2293 1156 Τὸ
2327 1107 2423 1176 τῆς
2455 1108 2775 1181 Ἐκκλησιας
2811 1123 3064 1184 πανιερὸν
3093 1117 3328 1187 Χριστοῦ
3364 1119 3593 1172 κατιδὼν
3623 1139 3715 1175 συο

2151 1213 2353 1266 στημα,
2385 1198 2489 1251 ὑπὸ
2515 1200 2614 1269 τῆς
2656 1202 2755 1271 σῆς
2791 1206 3162 1275 κοσμούμενον
3216 1208 3522 1279 ἱεραρχίας,
3565 1213 3714 1280 σοφὲ,

2150 1288 2177 1338 ὁ
2225 1287 2474 1357 πανώλης
2521 1290 2927 1364 ἐμϐροντισθεὶς
2974 1298 3373 1351 καταπέπτωκε
3438 1300 3717 1371 τύραννος,

2147 1379 2244 1449 τὴν
2277 1381 2383 1452 γὰρ
2422 1384 2479 1435 ὲν
2510 1384 2591 1436 σοὶ⁸
2643 1384 2734 1438 τοῦ
2790 1387 3101 1453 Πνεύαατος
3133 1390 3324 1461 αἴγλην
3366 1392 3467 1445 οὐκ
3497 1392 3715 1464 ἦνεγκε,

2148 1472 2415 1527 Βασίλειε.

2219 1587 2329 1657 Τῆς
2358 1588 2463 1640 τῶν
2486 1588 2795 1643 ἀποστόλων
2825 1591 3110 1664 καθέδρας,
3143 1596 3243 1665 τῆς
3280 1597 3496 1669 χορείας
3523 1615 3581 1650 τε
3610 1597 3717 1651 τῶν

2146 1678 2457 1751 ἀθλοφόρων
2502 1681 2765 1751 Χριστοῦ,
2805 1687 3160 1756 πατριαρχῶν
3205 1689 3437 1759 συνηνῆς
3479 1690 3572 1743 καὶ
3608 1688 3716 1741 τῶν

2146 1769 2367 1824 δικαίων
2406 1774 2637 1845 τρυφῆς,
2666 1776 2763 1847 τῆς
2799 1778 2971 1847 χαρᾶς
3002 1795 3058 1830 τε
3090 1780 3196 1831 τῶν
3239 1781 3527 1851 προφητῶν
3557 1780 3717 1851 ήξιώσ

476 1852 679 1898 storum
731 1846 1138 1914 exsultationis,
1174 1849 1352 1919 gaudii
1415 1848 1822 1916 prophetarum,
1870 1865 1902 1905 ο
1943 1850 2045 1904 Ba-

2149 1860 2268 1933 θης,
2317 1833 3021 1937 Βασίλει-εξ-Θὲοτόδοου
3067 1833 3296 1943 λατρεὺξ
3340 1833 3448 1943 «ἑὰιρ
3491 1833 3717 1943 καὶμτῆς

478 1934 607 2001 sili;
647 1936 795 1993 fuisti
841 1938 981 1993 enim
1018 1941 1258 2010 Deiparae
1296 1940 1501 2011 cultor,
1535 1950 1589 1997 et
1626 1953 1827 2013 mystes
1858 1941 2042 1999 Trini-

479 2025 629 2084 tatis.

2147 1953 2372 2024 Τριάδος
2406 1955 2614 2027 μύστης
2645 1958 2908 2026 γέγωνοις.
