4082 6398
1683 445 2140 455 μ’.
3162 433 3386 445 ~—

837 482 1000 488 —_
2149 440 3565 486 “-“

669 753 1466 873 ΜοΝιΤυΜίΑι)
1538 769 2131 865 HOMILIAS
2203 774 2281 862 Il

1630 769 2131 865 OMILIAS
2203 773 2330 862 IN
2404 761 3235 868 HEXAEMERON

441 1436 581 1494 Sunt
605 1441 696 1511 qui
731 1444 1038 1499 existiment
1066 1444 1321 1500 Basilium
1358 1444 1606 1513 Magnum
1634 1443 2054 1499 commentarios
2080 1444 2131 1497 in
2158 1450 2325 1497 totam
2359 1441 2693 1510 Scripturam
2711 1438 3167 1509 contexuisseﬂ):
3200 1437 3293 1493 sed
3329 1451 3451 1493 cum
3476 1438 3594 1492 hac

368 1530 553 1598 opinio
583 1532 700 1587 sola
751 1532 1057 1589 Cassiodori
1111 1535 1433 1590 auctoritate
1461 1537 1687 1599 nitatur,
1719 1550 1781 1589 ea
1815 1537 1879 1589 de
1923 1549 1981 1588 re
2013 1533 2245 1589 dubitari
2278 1546 2437 1601 posse
2465 1532 2795 1587 arbitramur
2816 1572 2831 1597 ,
2878 1531 3179 1601 praesertim
3227 1544 3361 1584 cum
3391 1529 3457 1584 de
3489 1529 3592 1584 hac

363 1624 878 1679 commentariorum
912 1628 1049 1682 mole
1079 1627 1245 1681 altum
1278 1628 1347 1681 sit
1384 1628 1659 1683 silentium
1690 1628 1828 1697 apud
1856 1626 2209 1696 antiquiores.
2247 1624 2519 1679 Ilabemus
2553 1625 2847 1679 etiamnum
2874 1623 3124 1679 liomilias
3155 1637 3343 1678 novem
3380 1623 3432 1677 in
3457 1638 3590 1693 opus

362 1729 457 1769 sex
492 1715 721 1779 dierum,
758 1719 858 1773 hoc
888 1730 1007 1784 est,
1044 1724 1098 1776 in
1134 1722 1516 1783 Hexaemeron,
1550 1720 1828 1775 orationes
1859 1720 2043 1775 decem
2086 1729 2138 1773 et
2178 1729 2384 1787 septem
2432 1718 2486 1772 in
2524 1720 2786 1787 quosdam
2822 1717 3086 1782 Psalmos,
3116 1717 3501 1786 amplissimum
3535 1718 3591 1775 in

364 1806 541 1873 priora
567 1808 837 1864 sexdecim
871 1811 1021 1867 lsaize
1053 1816 1228 1883 capita
1262 1815 1736 1870 commentarium.
1774 1812 1952 1867 Pauca
1986 1812 2205 1883 quidem
2242 1810 2359 1865 haec
2392 1819 2543 1875 sunt,
2569 1811 2612 1865 si
2651 1820 3031 1878 comparentur
3061 1824 3182 1864 cum
3221 1809 3287 1864 iis
3317 1823 3591 1863 common.

364 1899 517 1953 tariis
540 1900 631 1968 qui
667 1901 797 1955 olim
826 1902 1028 1959 Basilio
1058 1907 1241 1961 tributi
1286 1907 1436 1963 fuere
1469 1926 1482 1961 :
1513 1908 1607 1961 sed
1648 1915 1824 1959 tamen
1851 1906 2201 1973 quorumdam
2245 1903 2555 1975 γνησιότης,
2611 1912 2671 1956 ut
2714 1904 2841 1957 mihi
2878 1903 3087 1971 quidem
3115 1902 3342 1982 videtur,
3382 1900 3502 1969 jure
3526 1914 3592 1956 ac

369 1992 558 2044 merito
582 2003 829 2061 suspecta
860 1998 1027 2051 videri
1057 2008 1251 2067 potest.
1284 2001 1358 2054 De
1386 2000 1473 2054 his
1511 2001 1562 2053 in
1590 1998 1944 2062 Prasl'atione,
1970 1999 2059 2053 ubi
2096 2000 2159 2054 de
2186 1998 2428 2070 qualibet
2467 2012 2522 2052 re
2555 2011 2653 2051 suo
2681 1997 2873 2050 ordine
2900 2011 2961 2051 ac
2993 1998 3108 2050 loco
3132 1994 3451 2065 disputatur.
3487 1995 3591 2048 \‘e-

363 2087 503 2132 teres
532 2089 709 2135 autem
735 2086 920 2151 quanti
966 2085 1324 2142 Hexaemeron
1379 2089 1628 2154 fecerint,
1667 2103 1791 2144 esse
1836 2088 2109 2144 hominem
2139 2090 2231 2158 qui
2274 2089 2485 2159 ignoret
2516 2089 2756 2143 arbitror
2786 2087 3077 2141 neminem.
3126 2087 3253 2156 Ejus
3295 2087 3592 2142 meminero

358 2165 651 2241 Gregorius
678 2173 1066 2243 Nazianzenus,
1122 2179 1413 2252 Gregorius
1438 2181 1734 2253 Nyssenus,
1782 2182 2161 2254 Hieronymus,
2190 2182 2442 2238 Socrates
2468 2180 2547 2253 (2)
2572 2192 2627 2236 et
2661 2182 2773 2236 alii.
2819 2183 3121 2251 Optandum
3156 2192 3303 2237 certe
3333 2189 3495 2245 esset,
3529 2190 3590 2232 ut.

357 2260 590 2319 lectores
617 2266 1070 2326 hisorationibus
1097 2273 1334 2344 legendis
1367 2275 1439 2328 ita
1469 2276 1624 2330 hodie
1656 2275 2019 2341 adicerentur,
2048 2285 2105 2330 ut
2143 2275 2477 2331 alliciebatnr
2513 2275 2642 2329 olim
2685 2276 2978 2345 Gregorius
3013 2273 3404 2338 Nazianzenus,
3434 2273 3587 2342 cujus

359 2352 472 2409 haec
491 2364 616 2411 sunt
643 2359 805 2414 verba
839 2380 851 2415 ε
888 2362 1054 2418 Ὅταν
1086 2366 1186 2437 τὴν
1223 2366 1589 2437 Ἐξαήμερον
1617 2368 1781 2421 αὐτοῦ
1816 2368 2305 2439 μεταχειρίςωμαι,
2336 2368 2427 2421 καὶ
2458 2368 2545 2421 διὰ
2584 2366 2836 2440 γλώσσης
2859 2368 3028 2439 φέρω,
3067 2366 3202 2439 μετὰ
3231 2365 3323 2418 τοῦ
3351 2366 3587 2419 Κτίστου

356 2447 596 2520 γίνομαι,
623 2455 717 2507 καὶ
749 2457 1000 2523 γινώσκω
1040 2460 1268 2525 κτίσεως
1302 2461 1525 2528 λόγους,
1567 2462 1661 2515 καὶ
1702 2461 1964 2533 θαυμάζω
1992 2461 2082 2515 τὸν
2108 2460 2346 2532 Κτίστην
2380 2461 2540 2515 πλέον
2572 2460 2604 2532 ἢ
2648 2462 2931 2533 πρότερον,
2957 2461 3076 2530 ὄψει
3118 2459 3254 2533 μόνῃ
3289 2457 3590 2526 διδασκάλῳ

357 2538 659 2610 χρώμενος.
700 2563 719 2596 ι
760 2546 893 2601 Cum
926 2548 1288 2605 Hexaemeron
1321 2553 1465 2607 illius
1504 2553 1555 2606 in
1595 2548 1788 2607 manus
1813 2568 1991 2617 sumo,
2029 2565 2191 2623 atque
2226 2556 2278 2608 in
2309 2568 2403 2607 ore
2435 2553 2628 2619 habeo,
2671 2568 2793 2607 cum
2826 2552 3081 2608 Creatore
3122 2551 3422 2620 conjungor
3458 2590 3471 2605 .
3526 2563 3589 2601 ac

358 2632 652 2687 creationis
681 2636 918 2691 rationes
961 2653 1219 2708 agnosco,
1256 2640 1684 2709 Creatoremqne
1728 2641 1899 2708 magis
1928 2642 2170 2696 admiror
2210 2657 2273 2696 ac
2312 2640 2570 2710 suspicio,
2623 2656 2781 2709 quam
2820 2642 2969 2709 prius
3002 2640 3263 2703 solebam,
3306 2653 3427 2693 cum
3472 2639 3587 2693 solo

363 2734 582 2792 aspectu
609 2727 869 2798 magistro
903 2738 1104 2785 uterer.
1152 2750 1171 2785 ι
1204 2732 1489 2787 Ascribam
1539 2742 1592 2788 et
1626 2733 1789 2787 verba
1825 2731 2077 2800 Gregorii
2121 2730 2371 2802 Nysseni,
2405 2731 2494 2800 qui
2528 2732 2594 2786 de
2619 2730 2809 2785 eodem
2843 2730 2932 2784 illo
2968 2744 3130 2797 opere.
3163 2730 3269 2783 tam
3302 2730 3586 2801 magniﬁce

374 2815 585 2872 locutus
622 2830 724 2881 est,
760 2831 816 2874 ut
852 2823 1068 2877 modum
1100 2826 1367 2879 excedere
1406 2826 1678 2880 videatur.
1718 2823 1793 2878 ita
1824 2835 1986 2877 auten

2036 2823 2252 2891 scripsit
2282 2843 2295 2877 :
2333 2823 2455 2877 Τῶν
2479 2823 2587 2896 γὰρ
2625 2823 2766 2877 κατὰ
2793 2822 2943 2875 θείαν
2971 2822 3256 2876 ἐπίπνοιαν
3281 2824 3337 2877 ὲν
3372 2825 3436 2893 τῇ
3490 2839 3586 2876 κο-

357 2910 619 2983 σμογονίᾳ
651 2912 1116 2984 φιλοσοφηθέντων
1136 2916 1212 2987 τῷ
1240 2916 1460 2988 μεγάλῳ
1486 2919 1692 2989 Μωῦσῇ
1713 2959 1730 2975 .
1755 2956 1767 2970 .
1789 2958 1802 2972 .
1827 2957 1840 2972 .
1868 2915 2276 2989 ὲπέταξαςήμίν
2300 2918 2389 2972 διά
2405 2935 2549 2981 τινος
2570 2916 2862 2971 ἀκολούθου
2882 2914 3113 2980 διανοίας
3144 2917 3223 2979 εἰς
3241 2915 3428 2986 εἱρμὸν
3456 2915 3588 2984 ἀγα-

353 3004 491 3087 γεῖν,
514 3004 609 3056 καὶ
642 3004 1037 3076 συμφωνοῦσαν
1065 3007 1201 3079 πρὸς
1222 3010 1419 3081 ἑαυτὴν
1446 3009 1723 3076 ἀποδεῖξαι
1748 3010 1848 3080 τὴν
1876 3007 2034 3076 ἁγίαν
2059 3010 2280 3082 Γραφήν
2301 3027 2313 3039 ·
2359 3009 2454 3063 καὶ
2486 3009 2662 3062 ταῦτα
2698 3005 2835 3078 μετὰ
2866 3007 2965 3079 τὴν
2997 3006 3348 3060 θεόπνευστον
3374 3006 3588 3080 ἐκείνην

350 3095 448 3150 τοῦ
480 3096 689 3167 Πατρὸς
717 3099 872 3169 ἡμῶν
907 3101 986 3162 εἰς
1015 3099 1075 3152 τὸ
1104 3101 1464 3173 προκείμενον
1489 3100 1739 3173 Θεωρίαν,
1763 3103 1832 3174 ἢν
1864 3103 1911 3156 οἱ
1936 3103 2235 3170 ἐγνωκότες
2265 3101 2489 3165 πάντες,
2517 3100 2668 3154 οὐδὲν
2690 3101 2908 3154 ἔλαττον
2945 3099 3052 3152 τῶν
3077 3098 3223 3170 αὑτῷ
3257 3101 3462 3171 Μωῦσῇ
3487 3117 3584 3153 πε-

355 3189 801 3261 φιλοσοφημένων
843 3190 1232 3263 θαυμάσουσιν,
1276 3189 1334 3248 εὖ
1369 3194 1462 3247 καὶ
1494 3195 1747 3258 εἰκότως,
1785 3188 1967 3264 οἶμαι,

1974 3238 1977 3251 ,
2007 3194 2165 3250 τοῦτο
2197 3194 2497 3258 ποιοῦντες.
2532 3212 2549 3245 ι
2593 3193 2683 3247 Vis
2716 3192 2856 3247 enim
2887 3201 2945 3246 ut
2979 3206 3098 3260 quae
3126 3192 3331 3246 cwlesti
3370 3192 3586 3246 nttmLue

356 3278 566 3335 amatus
596 3282 663 3335 de
692 3283 874 3335 mumli
900 3284 1276 3351 procreatione
1314 3300 1539 3355 magnus
1574 3284 1786 3356 Moyses
1816 3285 2051 3355 prodidit
2091 3285 2438 3340 monimentis
2471 3285 2795 3347 litterarum,
2819 3284 3007 3339 Ordine
3034 3284 3261 3351 quodam
3282 3285 3585 3353 disponam.

362 3384 719 3442 sanctamque
748 3371 1085 3443 Scripturam
1122 3376 1224 3429 sibi
1255 3377 1353 3446 ipsi
1382 3379 1808 3433 consentientem
1841 3394 1907 3433 ac
1936 3387 2274 3434 constantem
2302 3392 2421 3432 esse
2453 3379 2856 3441 demonstrem;
2888 3378 3050 3447 idque
3086 3385 3207 3447 post
3237 3377 3473 3431 divinam
3519 3378 3588 3430 il-

357 3461 463 3516 lam
498 3462 675 3517 Patris
702 3466 871 3520 nostri
914 3467 965 3520 in
1008 3467 1144 3520 idem
1196 3479 1577 3538 argumentum
1620 3470 2155 3534 commentationem,
2183 3485 2345 3540 quam
2385 3469 2476 3538 qui
2510 3468 2776 3535 legerunt,
2815 3484 2918 3522 non
2954 3469 3133 3523 minus
3160 3483 3319 3537 quam
3348 3483 3432 3533 ea,
3463 3485 3587 3539 quae

357 3556 427 3611 ab
460 3558 573 3626 ipso
606 3557 788 3629 Moyse
815 3562 1110 3630 perscripta
1140 3572 1285 3624 sunt.
1324 3578 1512 3619 omnes
1538 3564 1876 3618 admirantur
1907 3582 1922 3620 :
1958 3572 2013 3618 et
2049 3565 2263 3629 merito,
2291 3577 2406 3617 mea
2442 3562 2657 3632 quidem
2688 3564 2979 3617 sententia.
3024 3582 3043 3615 ι

438 3649 558 3704 Alia
588 3652 806 3718 quidem
844 3653 1077 3719 ratione,
1113 3655 1206 3708 sed
1240 3654 1540 3710 ellicacinre
1571 3656 1738 3710 multo
1766 3666 1821 3711 et
1849 3656 1916 3710 ad
1956 3657 2389 3727 persuadendum
2421 3657 2629 3726 aptiore
2676 3657 2777 3710 hoc
2828 3655 2967 3709 idem
3017 3669 3153 3724 opus
3187 3656 3587 3711 commendavit

357 3741 701 3810 Ambrosius,
735 3746 885 3808 dum,
922 3748 1064 3814 quod
1090 3745 1315 3801 Basilius
1338 3747 1630 3817 scripserat
1657 3747 1865 3813 Grzece,
1890 3747 1945 3804 id
1973 3750 2088 3819 ipse
2122 3746 2313 3802 Latine
2339 3746 2589 3801 reddidit.
2640 3746 2705 3801 Et
2741 3761 2894 3813 vero,
2941 3760 3097 3801 nemo
3134 3745 3345 3815 opinor.
3397 3747 3581 3812 homo,

366 3834 456 3903 qui
483 3849 774 3906 utrumque
798 3853 935 3906 opus
964 3838 1178 3909 legerit,
1212 3840 1537 3895 inﬁciahitur
1563 3842 1907 3896 Ambrosium
1940 3842 1992 3896 in
2036 3842 2143 3896 illis
2165 3841 2290 3901 suis,
2316 3838 2654 3894 orationibus
2691 3839 3020 3907 interpretis,
3063 3854 3167 3893 non
3200 3839 3436 3894 auctoris
3469 3855 3587 3893 mu-

362 3944 488 3982 nere
518 3929 865 3998 perl’unetum
903 3930 1089 3985 fuisse.
1124 3931 1322 3985 Fateor
1354 3932 1568 4002 quidem
1600 3933 1947 3988 Ambrosium
2001 3948 2106 3990 non
2139 3933 2270 3987 nihil
2312 3932 2378 3987 de
2429 3947 2528 3987 suo
2555 3932 2774 3996 addere,
2815 3932 3051 3995 demere,
3083 3939 3453 4001 transponere,
3484 3932 3587 3986 im-

359 4030 569 4076 mutare
599 4037 615 4074 :
648 4020 742 4076 sed
778 4022 849 4075 ita
901 4032 1102 4089 tamen,
1135 4034 1193 4077 ut
1242 4023 1595 4094 interpretem
1633 4037 1777 4096 agat,
1805 4028 2191 4095 interpretem,
2246 4023 2487 4090 inquam,
2531 4038 2635 4078 non
2685 4022 3081 4092 scrupulosum,
3129 4022 3220 4078 sed
3255 4021 3581 4079 liberiorem.

357 4113 536 4181 Quare
570 4114 614 4169 si
645 4118 860 4183 quando
896 4115 949 4169 in
990 4115 1279 4171 Ambrosio
1316 4126 1607 4171 occurrant
1652 4118 1769 4172 loca
1805 4119 2050 4187 quaedam
2102 4116 2357 4180 difﬁcilia,
2410 4115 2679 4185 perplexa,
2713 4116 3076 4182 subobscura,
3141 4124 3413 4184 corrupta,
3467 4130 3587 4186 qua:

358 4205 628 4261 lacessant
658 4208 926 4278 negotium
965 4208 1172 4272 lectori,
1202 4208 1250 4262 ei
1283 4217 1472 4263 auctor
1506 4224 1622 4262 sum
1648 4217 1705 4263 ut
1740 4209 1803 4261 ad
1832 4209 2086 4263 Basilium
2107 4207 2397 4278 confugiat,
2433 4222 2601 4279 eoque
2635 4208 2892 4279 magistro
2915 4223 2977 4262 ac
3004 4209 3141 4263 duce
3165 4219 3368 4263 utatur.

433 4295 936 4352 ConstatBasilium
974 4300 1057 4353 bis
1084 4298 1170 4353 die
1206 4299 1586 4354 concionatutn
1616 4300 1809 4365 fuisse,
1864 4303 2147 4357 matutinis
2181 4303 2329 4356 horis
2365 4310 2527 4369 atque
2576 4301 2930 4369 vespertinis;
2977 4301 3136 4370 idque
3174 4310 3416 4370 tempore
3444 4297 3583 4365 Qua-

359 4388 678 4460 dragesima:
708 4409 721 4445 :
772 4392 865 4445 sed
900 4405 1008 4459 quo
1038 4406 1201 4457 anno,
1254 4374 1413 4446 valde
1457 4392 1747 4448 incertum.
1775 4393 1891 4448 Non
1917 4394 2142 4448 defuere
2166 4395 2255 4462 qui
2284 4410 2347 4446 ex
2373 4392 2636 4447 orationis
2658 4400 2861 4447 octava:
2892 4382 3072 4447 verbis
3099 4393 3396 4464 judicarint
3428 4391 3583 4445 Basi-

359 4483 512 4546 lium,
543 4500 662 4552 quise
701 4494 819 4538 erat
848 4484 948 4537 viri
978 4483 1252 4547 facundia,
1284 4485 1572 4539 conciones
1605 4486 1701 4540 has
1728 4486 1794 4541 ad
1822 4485 2077 4556 populum
2106 4501 2173 4541 ex
2204 4497 2447 4555 tempore
2480 4484 2747 4540 habuisse.
2779 4486 2845 4541 Et
2882 4486 3123 4556 quidem,
3151 4488 3194 4541 si
3226 4486 3356 4541 fides
3392 4484 3587 4543 Ruﬁno

358 4578 662 4633 adhibenda
696 4578 765 4631 sit
807 4574 907 4648 (5),
932 4577 1010 4631 sic
1039 4578 1350 4633 concionari
1377 4578 1587 4633 solebat
1614 4577 1871 4634 Basilius.

438 4673 804 4728 Hexaemeron
832 4671 1015 4727 Basilii
1054 4672 1181 4726 olim
1205 4674 1254 4726 in
1285 4674 1517 4742 linguam
1546 4674 1791 4729 Latinam
1826 4675 2105 4730 transtulit
2129 4675 2482 4732 Eustathius:
2511 4673 2604 4730 sed
2634 4673 2765 4728 nihil
2794 4683 2876 4729 est
2911 4672 3051 4741 quod
3077 4672 3164 4728 hic
3192 4672 3257 4727 de
3278 4673 3392 4743 ejus
3415 4683 3587 4731 mter-

361 4768 667 4838 pretatione
699 4766 1105 4836 proloqnamnr,
1140 4781 1261 4818 cum
1290 4765 1342 4819 id
1377 4780 1512 4835 opus
1538 4766 1593 4820 in
1628 4768 2164 4838 AppendiceLeditum
2202 4768 2385 4821 videre
2414 4767 2613 4838 cuique
2646 4766 2826 4821 liceat.
2867 4766 3094 4821 Easdem
3124 4764 3220 4821 has
3248 4765 3431 4822 Basilii
3460 4783 3583 4823 ora-

361 4862 549 4917 tiones
578 4859 847 4914 transtulit
872 4874 1109 4929 quoque,
1136 4860 1495 4929 quorumdam
1532 4859 1744 4931 judicio
1771 4860 1873 4933 (ὁ),
1900 4861 2189 4931 Dionysius
2214 4861 2457 4931 Exiguus
2488 4878 2502 4915 :
2546 4861 2638 4917 sed
2669 4875 2773 4915 aua
2826 4861 3154 4916 auctoritate
3190 4870 3246 4915 et
3274 4870 3470 4920 quibus
3497 4872 3581 4917 tc-

358 4956 629 5013 stimoniis
657 4955 859 5009 dictum
884 4955 934 5009 id
959 4955 1048 5019 sit,
1077 4956 1414 5025 ignoramus.

435 5048 674 5103 Necesse
698 5064 801 5101 non
837 5056 921 5100 est
948 5047 1114 5100 multa
1147 5048 1249 5102 hoc
1276 5046 1396 5102 loco
1424 5048 1602 5103 dicere
1630 5061 1697 5103 ue
1721 5047 1904 5103 tribus
1933 5048 2289 5114 orationibus,
2314 5063 2539 5118 quarum
2570 5048 2688 5103 duae
2717 5048 2925 5119 priores
2959 5048 3169 5117 scripta!
3215 5057 3346 5105 sunt
3388 5051 3455 5107 de
3485 5049 3581 5104 lto-

363 5140 526 5196 minis
554 5139 893 5205 formatione,
926 5140 1084 5193 tertia
1108 5140 1174 5193 de
1203 5140 1476 5209 paradiso.
1508 5139 1642 5195 Nam
1670 5154 1735 5194 ea
1766 5141 1835 5195 de
1864 5155 1928 5197 re
1975 5141 2107 5197 satis
2134 5140 2251 5196 t‘use
2299 5140 2355 5195 in
2403 5138 2727 5196 Prmlatione
2752 5139 3070 5210 disputatur
3102 5159 3117 5195 :
3160 5156 3322 5212 quam
3358 5142 3450 5212 qui
3493 5157 3594 5197 vo-

361 5236 494 5301 lent,
521 5235 698 5307 legere
723 5245 973 5305 poterunt
1001 5234 1027 5305 §
1054 5233 1095 5301 l,
1125 5251 1177 5291 n.
1206 5236 1299 5291 15.

434 5506 511 5575 (l)
536 5504 729 5575 Baron.
767 5492 903 5569 578;
937 5500 1179 5575 Cassiod.
1209 5498 1439 5575 Dejnst.
1461 5513 1525 5575 ρ.
1562 5498 1699 5575 558,-
1866 5570 1903 5575 __
2262 5573 2272 5575 _
2372 5492 2405 5575 ς
3083 5564 3087 5567 _

430 5568 688 5657 (πύργος.
717 5576 846 5632 Naz.
880 5568 1019 5657 οισι.
1049 5572 1140 5638 20,
1180 5586 1234 5641 ι).
1274 5571 1412 5636 565;
1453 5568 1614 5642 Greg.
1658 5570 1815 5641 Nyss.
1859 5570 2107 5628 Hexaem.
2162 5588 2213 5645 p.
2254 5573 2319 5638 l,
2363 5573 2398 5627 2
2446 5581 2497 5628 ct
2549 5587 2602 5642 p.
2640 5573 2745 5640 65;
2784 5571 3097 5643 Hieronym.
3145 5569 3205 5625 V.
3237 5569 3317 5625 ill.
3366 5585 3416 5627 c.
3445 5568 3590 5639 H6;

361 5642 519 5702 Socr.
561 5642 663 5701 lib:
692 5661 765 5711 tv,
794 5662 846 5700 c.
882 5643 974 5699 26.

437 5716 510 5785 (3)
538 5715 655 5771 Lib.
679 5733 743 5781 ιι,
774 5731 821 5770 c.
851 5714 905 5772 9.

460 5788 511 5859 ι)
538 5788 665 5843 Elia:
690 5788 902 5856 Dupini,
944 5794 1048 5842 etc.

681 5885 951 5947 Pnaoc.
1010 5885 1127 5946 Gn.
1209 5884 1447 5948 XXIX.
1498 5912 1499 5915 η
3253 5889 3285 5949 1
