4082 6398
399 454 439 513 3
1529 435 1810 512 liOMlLlA
1849 457 1866 510 l
1907 459 1968 511 IN
2012 455 2508 518 liEXAEMERON.

3605 461 3654 531 “6

407 576 800 647 ερευνήσασθαι
835 577 996 647 ἡλίκα
1027 577 1136 631 τῶν
1167 579 1374 650 μικρῶν
1423 581 1612 649 φωνῶν
1639 581 1840 634 τούτων
1865 583 1958 635 ἐστ

2085 585 2411 651 pendamus,
2465 595 2972 655 perscrutemurque
3017 597 3215 657 quanta
3273 591 3358 648 his
3414 595 3644 654 exilibus

406 670 472 720 τὰ
525 667 917 738 σημαινόμενα,
961 669 1354 740 ἐνθυμηθῶμεν
1399 671 1482 734 τίς
1521 673 1549 723 6
1600 672 1975 742 διαλεγόμενος

407 761 556 829 ἡμῖν.
601 761 746 812 Διότι
782 761 886 814 κᾶν
918 761 1014 830 τῆς
1059 760 1279 830 βαθείας
1338 763 1563 832 καρδίας
1608 763 1700 816 τοῦ
1733 780 1973 832 συγγρα-

409 850 552 918 φέως
579 851 651 922 μὴ
687 851 1000 922 ὲφικώμεθα
1025 853 1111 906 διὰ
1139 852 1199 905 τὸ
1234 853 1333 921 τῆς
1357 854 1588 917 διανοίας
1628 855 1781 925 ἡμῶν
1819 856 1977 908 ἀσθε-

342 994 346 998 _
405 941 513 1004 νὲς,
555 940 690 993 ἀλλὰ
721 944 786 1011 τῇ
828 959 891 1010 γε
930 941 1241 1012 ἀξιοπιστίᾳ
1272 929 1762 1013 προσέχοντεζτοῦ
1794 944 1975 1012 λέγον-

405 1050 515 1094 τος,
570 1033 890 1103 αὐτομάτως
945 1037 1025 1097 εἰς
1069 1037 1465 1104 συγκατάθεσιν
1510 1037 1618 1088 τῶν
1671 1037 1975 1107 εἰρημένων

405 1124 810 1194 ὲναχθησόμεθα
851 1126 945 1193 (8).
991 1128 1232 1197 Μωῦσῆς
1274 1129 1452 1182 τοίνυν
1484 1129 1631 1180 ἐστὶν
1664 1131 1692 1181 6
1725 1129 1823 1200 τὴν
1846 1147 1976 1198 συγ-

404 1216 619 1285 γραφὴν
668 1215 869 1285 ταύτην
927 1218 1426 1288 καταϐαλλόμενος’
1482 1221 1718 1291 Μωῦσῆς
1773 1223 1974 1283 ἐκεῖνος

401 1309 432 1360 ὁ
459 1308 532 1375 (9)
570 1309 938 1378 μαρτυρηθεὶς
982 1311 1194 1374 ἀστεῖος
1229 1307 1366 1364 εἶναι
1407 1311 1557 1382 παρὰ
1595 1312 1672 1382 τῷ
1703 1311 1843 1383 Θεῷ,
1895 1311 1973 1364 ἔτι

405 1397 704 1466 ὐπομάζιος
757 1398 850 1450 ὤν’
885 1399 942 1451 ὃν
977 1401 1357 1472 εἰσεποιήσατο
1396 1405 1491 1473 μὲν
1530 1406 1562 1474 ἡ
1595 1404 1836 1474 θυγάτηρ
1879 1401 1973 1455 τοῦ

403 1488 625 1559 Φαραὼ,
683 1489 936 1559 ἐξέτρεψε
985 1491 1042 1542 δὲ
1088 1491 1400 1561 βασιλικῶς,
1454 1495 1578 1555 τοὺς
1637 1495 1828 1560 σοφοὺς
1866 1492 1974 1545 τῶν

405 1581 718 1649 Αἰγυπτίων
775 1582 1128 1647 διδασκάλους
1177 1585 1324 1654 αὐτῷ
1365 1585 1461 1654 τῆς
1495 1583 1824 1646 παιδεύσεως
1853 1585 1973 1635 ὲπι-

408 1673 676 1742 στήσασα·
709 1673 788 1736 ὃς,
824 1671 913 1724 τὸν
942 1673 1105 1742 ὄγκον
1132 1673 1230 1742 τῆς
1251 1674 1562 1743 τυραννίδος
1586 1675 1841 1743 μισήσας,
1883 1673 1975 1725 καὶ

406 1764 542 1833 πρὸς
593 1764 651 1816 τὸ
695 1765 945 1818 ταπεινὸν
1001 1767 1108 1820 τῶν
1142 1765 1426 1835 ὁμοφύλων
1481 1765 1805 1836 ἀναδραμὼν
1840 1765 1969 1834 (10),

404 1857 575 1908 εἵλετο
604 1856 1092 1927 συγκακουχεῖσθαι
1149 1857 1226 1927 τῷ
1266 1855 1379 1925 λαῷ
1421 1855 1512 1908 τοῦ
1561 1849 1775 1926 Θεοῦ,ἣ
1809 1857 1971 1927 πρόσ-

2079 676 2300 730 vocibus
2335 675 2729 746 significentur,
2761 677 2881 746 quis
2908 692 3006 733 nos
3033 679 3356 750 alloquatur,
3388 689 3638 744 censide-

2083 781 2277 820 remus.
2304 766 2620 835 Quanquam
2665 768 2808 822 enim
2859 770 3144 839 scriptoris
3187 774 3450 841 profunda
3480 783 3638 834 sensa
3706 844 3709 845 ν

2077 873 2183 910 non
2237 857 2575 926 assequimur
2610 857 2680 913 ob
2733 859 2931 914 mentis
2988 871 3189 917 nostra:
3243 864 3637 938 infirmitatem;

2080 959 2257 1002 tamen
2291 949 2406 1019 ejus
2436 949 2528 1019 qui
2570 949 2809 1019 loquitur
2851 955 3162 1008 auctoritati
3201 956 3423 1027 intenti,
3459 975 3522 1016 eo
3545 965 3642 1018 λόει

2077 1039 2360 1102 ducemur,
2394 1047 2454 1092 ut
2483 1039 2642 1093 dictis
2677 1054 2782 1094 non
2825 1041 2978 1096 inviti
3015 1044 3394 1104 assentiamus.
3429 1050 3641 1122 Moyses

2077 1128 2240 1197 igitur
2270 1129 2318 1182 is
2347 1138 2452 1192 est,
2481 1128 2570 1197 qui
2607 1129 2743 1182 hanc
2780 1133 3054 1185 contexuit
3092 1134 3392 1202 historiam,
3428 1139 3638 1212 Moyses

2077 1217 2186 1281 ille,
2212 1218 2301 1286 qui
2331 1219 2454 1271 dum
2483 1218 2658 1272 adhuc
2682 1217 2858 1273 infans
2881 1220 3084 1277 lactens
3104 1236 3268 1288 esset,
3292 1238 3474 1296 gratus
3495 1233 3636 1302 apud
3681 1227 3685 1234 ’

2077 1309 2240 1362 Deum
2307 1308 2470 1363 fuisse
2525 1309 2924 1376 perhibetur‘:
2987 1329 3147 1382 quen.
3209 1319 3308 1372 sibi
3362 1321 3637 1392 adoptavit

2075 1397 2375 1452 Pharaonis
2411 1398 2538 1461 filia,
2576 1399 2850 1470 regalique
2873 1403 3016 1458 cultu
3049 1404 3316 1474 edacavit,
3348 1414 3634 1482 magistros

2032 1492 2122 1546 ei
2172 1492 2467 1547 erudiendo
2531 1493 2829 1558 prceficiens
2881 1509 2974 1550 eos
3025 1499 3112 1565 qui
3160 1499 3298 1555 inter
3348 1503 3634 1576 Egyptios

2074 1597 2228 1637 erant
2263 1584 2572 1652 sapientes;
2609 1583 2698 1650 qui
2737 1588 3035 1656 tyrannidis
3072 1589 3266 1645 fastum
3303 1608 3548 1662 perusus,
3581 1610 3636 1655 et

2075 1677 2139 1728 ad
2189 1676 2462 1729 tribulium
2500 1677 2857 1732 humilitatem
2891 1693 3172 1736 recurrens
3194 1723 3209 1748 ,
3258 1700 3358 1739 una
3389 1699 3510 1742 cum
3542 1692 3634 1746 Dei

2074 1764 2268 1833 populo
2309 1766 2549 1820 divexari
2593 1767 2818 1830 maluit,
2852 1783 3014 1837 quam
3065 1777 3386 1842 temporaria
3426 1783 3630 1847 peccati

2075 1855 2343 1910 suavitate
2371 1854 2516 1921 frui;
2560 1856 2897 1925 quijustitite
2921 1874 3156 1915 amorem
3197 1878 3259 1917 ex
3294 1865 3406 1935 ipsa
3442 1880 3632 1926 natura

402 1965 587 2018 καιρον
635 1948 776 2018 ἔχειν
834 1926 1107 2019 ἁμαρτίας
1156 1926 1469 2002 ἀπόλαυσιν·
1523 1948 1551 2000 6
1601 1949 1698 2018 τὴν
1912 1948 1959 2000 τὶ

2072 1946 2293 1999 sortitus
2333 1955 2460 2002 est:
2503 1949 2934 2016 quandoquidem
2977 1952 3127 2018 prius
3160 1926 3330 2009 etiarn
3378 1974 3538 2028 quam
3583 1964 3632 2019 ei

399 2041 604 2093 δίκαιον
652 2040 832 2109 φιλίαν
886 2041 943 2106 ἐξ
991 2042 1162 2110 αὐτῆς
1207 2042 1303 2111 τῆς
1355 2040 1567 2110 φύσεως
1615 2041 1968 2110 κεκτημένος,

397 2133 530 2186 ὅπου
574 2150 657 2201 γε,
705 2134 795 2186 καὶ
843 2135 970 2203 πρὶν
1013 2133 1378 2205 ἐπιτραπῆναι
1419 2132 1565 2202 αὐτῷ
1591 2132 1686 2185 τοῦ
1717 2132 1846 2185 λαοῦ
1873 2133 1970 2203 τὴν

398 2226 594 2296 ἀρχὴν,
652 2227 899 2294 φαίνεται
953 2227 1042 2280 διὰ
1096 2226 1157 2278 τὸ
1203 2227 1302 2297 τῆς
1343 2226 1559 2295 φύσεως
1608 2227 1970 2297 μισοπόνηρον

403 2321 562 2389 μέχρι
585 2319 812 2372 θανάτου
847 2320 973 2381 τοὺς
1013 2319 1218 2381 κακοὺς
1238 2319 1587 2390 ἀμυνόμενος
1647 2321 1674 2370 ὁ
1701 2319 1969 2386 φυγαδευ-

399 2409 512 2474 θεὶς
558 2409 708 2481 παρὰ
752 2409 861 2464 τῶν
893 2409 1384 2481 εὐεργετηθέντων,
1450 2411 1544 2463 καὶ
1573 2409 1825 2480 ἀσμένως
1872 2409 1969 2480 μὲν

396 2505 522 2566 τοὺς
563 2503 965 2571 Αἰγυπτιακοὺς
1002 2502 1263 2572 θορύϐους
1311 2501 1615 2564 ἀπολιπὼν,
1654 2502 1752 2571 τὴν
1786 2501 1842 2553 δὲ
1872 2504 1962 2554 Αί-

397 2595 610 2648 θιοπίαν
653 2594 993 2657 καταλαϐὼν,
1031 2596 1189 2648 κάκεῖ
1234 2595 1410 2647 πᾶσαν
1465 2592 1660 2666 σχολὴν
1708 2591 1815 2644 ἀπὸ
1862 2591 1970 2644 τῶν

397 2688 572 2742 ἄλλων
611 2687 779 2755 ἄγων,
828 2687 922 2740 καὶ
970 2689 1026 2740 ὲν
1066 2676 1474 2758 τεσσαράκοντα
1514 2685 1656 2746 ὅλοις
1687 2685 1862 2738 ἐτεσιν
1901 2687 1966 2755 τῇ

397 2779 601 2851 θεωρίᾳ
658 2779 765 2832 τῶν
821 2779 992 2832 ὄντων
1031 2780 1406 2848 ἀποσχολάσας
1449 2777 1578 2847 (11)·
1606 2776 1686 2840 ὂς,
1715 2777 1970 2847 ὀγδοηκο-

397 2872 520 2925 στὸν
544 2871 645 2940 ἤδη
674 2870 910 2940 γεγονὼς
933 2870 1070 2934 ἔτος,
1107 2866 1213 2923 εἶδε
1243 2870 1373 2922 Θεὸν
1401 2869 1475 2932 ὡς
1507 2869 1604 2922 ἀνθ
1616 2867 1784 2940 ρώπῳ
1840 2869 1969 2920 ἰδεῖν

393 2964 636 3027 δυνατὸν,
673 2963 869 3034 μᾶλλον
927 2963 983 3016 δὲ
1026 2964 1099 3026 ὡς
1157 2963 1332 3040 οὐδενὶ
1385 2963 1491 3015 τῶν
1535 2963 1708 3017 ἄλλων
1761 2961 1968 3031 ὑπῆρξε

394 3050 536 3102 κατὰ
581 3050 680 3121 τὴν
740 3052 1042 3121 μαρτυρίαν
1097 3051 1263 3122 αὐτὴν
1313 3051 1406 3104 τοῦ
1468 3051 1624 3116 Θεοῦ,
1679 3051 1758 3104 ὅτι
1827 3049 1968 3104 Ἐὰν

393 3140 632 3210 γένηται
685 3141 995 3210 προφήτης
1022 3141 1186 3211 ὑμῶν
1235 3142 1316 3206 τῷ
1364 3143 1575 3210 Κυρίῳ,
1624 3142 1692 3194 ἐν
1722 3140 1966 3210 ὁράματι

392 3233 552 3298 αὐτῷ
595 3234 1039 3302 γνωσθήσομαι,
1067 3234 1164 3288 καὶ
1191 3234 1261 3287 ἐν
1289 3235 1456 3301 ὕπνῳ
1488 3233 1741 3299 λαλήσω
1784 3232 1961 3298 αὐτῷ.
1992 3261 2036 3322 C

397 3328 520 3394 Οὐχ
574 3326 781 3392 οὔτως,
831 3327 911 3392 ὡς
964 3329 997 3379 ό
1052 3325 1323 3394 θεράπων
1373 3345 1494 3395 μου
1555 3324 1836 3394 Μω-ϋσῆς,
1896 3325 1966 3377 ἐν

391 3413 513 3478 ὅλῳ
537 3414 618 3479 τῷ
644 3416 786 3481 οἴκῳ
811 3433 930 3484 μου
957 3417 1172 3481 πιστός
1209 3416 1358 3469 ἐστι’
1387 3418 1580 3484 στόμα
1603 3417 1750 3468 κατὰ
1772 3415 1966 3483 στόμα

390 3506 643 3575 λαλήσω
681 3505 860 3572 αὐτῷ,
910 3506 980 3559 ἐν
1015 3506 1180 3570 εἴδει,
1230 3507 1328 3560 καί
1377 3508 1448 3560 οὺ
1482 3505 1555 3558 δι’
1584 3505 1959 3574 αἰνιγμάτων.

391 3593 560 3659 Οὗτος
613 3597 791 3650 τοίνυν
839 3599 866 3648 6
908 3599 1006 3665 τῆς
1039 3596 1468 3667 αὖτοπροσώπου
1515 3596 1640 3658 θέας
1681 3596 1774 3649 τοῦ
1827 3595 1961 3649 Θεοῦ

389 3689 566 3754 ὲξίσου
619 3692 730 3751 τοῖς
775 3688 1020 3756 ἀγγέλοις
1044 3688 1313 3754 ἀξιωθεὶς,
1341 3688 1399 3754 ἐξ
1442 3685 1516 3741 ὧν
1563 3689 1760 3758 ἢκουσε
1812 3688 1963 3759 παρὰ

387 3776 483 3830 τοῦ
534 3776 674 3830 Θεοῦ
712 3777 1015 3845 διαλέγεται
1063 3777 1172 3847 (12)
1202 3780 1356 3847 ἡμῖν.
1403 3777 1743 3848 Ἀκούσωμεν
1788 3775 1964 3833 τοίνυν

2071 2039 2506 2094 committeretur
2553 2038 2732 2109 populi
2767 2041 3137 2111 principatus,
3167 2045 3234 2099 ob
3263 2049 3506 2105 naturale
3539 2066 3636 2107 nea

2070 2129 2254 2198 quitite
2287 2129 2469 2183 odium
2515 2130 2580 2184 ad
2631 2139 2860 2185 mortem
2910 2148 3080 2202 usque
3125 2137 3296 2193 malos
3340 2139 3634 2199 insectatus

2071 2221 2237 2276 fuisse
2289 2224 2654 2291 comperitur;
2687 2224 2777 2293 qui
2815 2225 2882 2280 ab
2925 2225 2993 2281 iis
3021 2242 3154 2296 quos
3194 2229 3470 2288 beneficiis
3501 2235 3632 2292 affe-

2070 2302 2251 2376 cerat,
2305 2312 2542 2383 fugatus,
2571 2329 2635 2369 ac
2680 2314 2929 2370 lubenter
2976 2317 3322 2388 Egyptiacos
3376 2326 3634 2384 tumultus

2070 2406 2450 2474 derelinquens
2473 2446 2488 2471 ,
2516 2407 2910 2478 adveniensque
2939 2408 2992 2462 in
3029 2409 3361 2482 IEthiopiam
3389 2454 3404 2480 ,
3435 2424 3490 2470 et
3525 2417 3632 2474 illic

2069 2499 2291 2552 omnino
2321 2499 2390 2554 ab
2427 2499 2549 2554 aliis
2572 2500 2802 2569 negotiis
2834 2501 3080 2566 feriatus,
3109 2513 3248 2559 totos
3280 2507 3633 2579 quadraginta

2070 2602 2240 2642 annos
2283 2603 2458 2640 rerum
2508 2588 2946 2656 contemplationi
2988 2589 3314 2659 impertivit;
3346 2594 3436 2662 qui
3480 2606 3632 2651 octo-

2069 2679 2331 2747 gesimum
2355 2679 2466 2748 jam
2491 2687 2648 2734 natus
2675 2695 2899 2747 annum,
2929 2681 3114 2746 Deum,
3143 2693 3399 2751 quantum
3428 2667 3633 2741 homini

2069 2769 2252 2824 videre
2279 2768 2423 2834 licet,
2475 2769 2646 2833 vidit;
2683 2769 2790 2822 imo
2826 2780 3087 2838 quantum
3134 2770 3266 2824 nulli
3309 2771 3399 2825 alii
3445 2773 3630 2828 datum

2067 2869 2170 2927 est,
2197 2860 2348 2930 juxta
2375 2862 2545 2929 ipsum
2575 2861 2666 2916 Dei
2693 2862 3053 2916 testimonium
3076 2881 3089 2915 :
3113 2861 3172 2916 Si
3197 2861 3354 2931 fuerit
3381 2863 3631 2934 propheta

2069 2965 2232 3007 vester
2265 2952 2486 3006 Domino
2507 2995 2522 3021 ,
2552 2953 2610 3006 in
2654 2953 2849 3006 visione
2877 2954 2920 3006 ei
2954 2968 3210 3022 agnoscar
3232 2995 3247 3020 ,
3275 2965 3320 3007 et
3361 2956 3414 3008 in
3448 2969 3628 3008 sonum

2068 3042 2256 3108 loquar
2298 3043 2366 3096 ei.
2423 3041 2544 3096 Non
2598 3043 2673 3095 ita
2718 3043 2850 3097 velut
2898 3060 3072 3098 servus
3117 3061 3258 3099 meus
3293 3045 3536 3116 Moyses,
3575 3049 3632 3100 itt

2068 3144 2177 3188 tota
2210 3138 2362 3188 domo
2398 3151 2510 3188 mea
2540 3135 2712 3203 fidelis
2757 3145 2830 3189 est
2858 3151 2877 3189 :
2915 3152 2971 3189 os
3020 3136 3088 3190 ad
3129 3151 3185 3190 os
3225 3137 3412 3208 loquar
3443 3139 3527 3206 ei,
3574 3140 3630 3193 iri

2069 3225 2267 3294 specie,
2301 3237 2348 3280 et
2397 3243 2498 3279 non
2541 3243 2634 3295 per
2660 3227 2940 3296 aenigmata
2972 3229 3014 3279 ².
3051 3226 3151 3283 llic
3203 3229 3382 3299 itaque
3434 3229 3630 3284 divinm‘

2071 3320 2242 3388 ipsius
2279 3318 2439 3374 faciei
2472 3328 2764 3389 conspectu
2807 3318 3027 3387 perinde
3056 3334 3119 3374 ac
3147 3321 3321 3390 angeli
3359 3322 3629 3392 dignatus,

2068 3427 2128 3465 ea
2159 3425 2278 3480 qua:
2298 3425 2326 3462 a
2358 3410 2467 3465 Deo
2494 3410 2720 3477 audivit,
2751 3409 2906 3464 nobis
2927 3409 3114 3466 refert.
3147 3412 3438 3468 Audiamus
3467 3413 3632 3484 igitur

2070 3502 2310 3557 veritatis
2338 3504 2524 3564 verba,
2557 3519 2663 3557 non
2707 3503 2760 3555 in
2797 3503 3044 3558 humanae
3089 3504 3366 3572 sapientia:
3404 3520 3630 3574 persuao

2070 3591 2311 3648 sionibus
2341 3591 2382 3660 ³,
2406 3593 2500 3647 sed
2524 3592 2577 3646 in
2614 3591 2847 3663 Spiritus
2875 3593 3119 3648 doctrina
3146 3593 3375 3664 prolata,
3398 3611 3626 3665 quorum

2069 3684 2191 3738 iinis
2228 3682 2344 3737 laus
2389 3698 2493 3738 non
2530 3693 2612 3738 est
2649 3683 2982 3738 audientium
3011 3719 3028 3752 ,
3059 3685 3154 3739 sed
3185 3699 3370 3740 eorum
3399 3687 3494 3757 qui
3527 3687 3627 3742 do-

2067 3785 2257 3829 centur
2275 3774 2436 3830 salus.

388 3872 644 3942 ἀληθείας
692 3873 948 3943 ῥημάτων
992 3874 1092 3925 οὐκ
1124 3873 1183 3926 ἐν
1212 3873 1420 3936 πειθοῖς
1482 3874 1674 3942 σοφίας
1737 3872 2103 3945 ἀνθρωπίνης,
2138 3869 2250 3923 ἀλλ’
2312 3871 2370 3922 ὲν
2423 3870 2687 3935 διδακτοῖς
2742 3867 3055 3944 Πνεύματος
3115 3871 3451 3946 λαληθέντων
3490 3876 3626 3950 (15)⁶

385 3959 461 4022 ὧν
491 3966 551 4019 τὸ
580 3965 734 4029 τέλος
758 3968 852 4035 οὐχ
881 3967 908 4019 6
937 3967 1046 4021 τῶν
1069 3969 1372 4022 ἀκουόντων
1401 3968 1638 4033 ἔπαινος,
1667 3969 1780 4023 ἀλλ’
1806 3971 1839 4040 ἡ
1867 3966 2108 4040 σωτηρία
2139 3965 2246 4019 τῶν
2275 3967 2698 4039 διδασκομένων.

457 4060 511 4113 2.
561 4062 655 4112 Ἐν
682 4061 840 4130 ἀρχῇ
880 4062 1169 4129 ἐποίησεν
1197 4067 1230 4116 ὀ
1262 4063 1406 4129 Θεὸς
1443 4065 1551 4118 τὸν
1575 4065 1832 4132 οίιρανὸν
1856 4065 1952 4117 καὶ

387 4151 501 4219 τὴν
534 4150 665 4221 γῆν.
699 4154 909 4222 Ἵστησί
948 4171 1048 4224 μου
1089 4154 1179 4206 τὸν
1207 4154 1364 4224 λόγον
1393 4155 1456 4208 τὸ
1487 4155 1672 4226 θαῦμα
1705 4156 1802 4225 τῆς
1843 4156 1957 4208 δια-

387 4244 556 4307 νοίας.
583 4244 647 4295 Τί
690 4243 904 4313 πρῶτον
946 4243 1118 4308 εἴπω;
1154 4244 1315 4298 πόθεν
1364 4245 1600 4316 ἄρξομαι
1630 4245 1729 4314 τῆς
1759 4244 1957 4315 ἐξηγή-

385 4353 558 4402 σεως;
628 4335 861 4404 Ἐλέγξω
909 4335 1017 4389 τῶν
1070 4336 1175 4400 ἔξω
1215 4337 1326 4406 (14)
1368 4338 1467 4407 τὴν
1523 4335 1956 4408 ματαιότηταέἣ

444 4501 466 4516 ι·
509 4476 631 4530 Act.
659 4490 754 4542 vn,
790 4451 880 4530 20.
957 4479 977 4507 ¹
1007 4475 1165 4533 Num.
1201 4493 1297 4544 xu,
1332 4478 1451 4532 6-8.
1527 4478 1547 4507 ³
1574 4477 1592 4530 l
1619 4477 1740 4532 Cor.
1778 4493 1839 4544 ll,
1865 4476 1918 4530 4.

2165 4062 2219 4115 2.
2265 4061 2328 4115 1η
2362 4063 2618 4131 principio
2666 4061 2785 4130 fecit
2829 4060 2968 4116 Deus
3007 4062 3194 4116 caelum
3247 4064 3296 4116 et
3350 4072 3542 4119 terram
3579 4063 3624 4120 δέ

2075 4153 2383 4208 Orationem
2421 4167 2597 4219 meam
2639 4152 2924 4208 admiratio
2954 4152 3110 4221 hujus
3147 4158 3427 4211 sententia
3457 4156 3622 4212 sistit.-

2063 4246 2200 4311 Quid
2235 4245 2464 4313 primum
2489 4243 2696 4318 dicam?
2730 4244 2873 4298 unde
2913 4245 3166 4300 narrandi
3213 4261 3421 4300 sumam
3465 4261 3627 4301 exor-

2065 4337 2255 4391 dium?
2313 4338 2723 4408 ltedarguamne
2770 4337 3108 4391 ethnicorum
3137 4394 3144 4400 _
3172 4336 3503 4394 vanitatem?
3553 4351 3622 4393 an

2015 4477 2036 4508 ⁸
2062 4475 2197 4532 Gen.
2226 4493 2266 4543 ι,
2305 4474 2356 4533 1.

477 4615 529 4684 8)
555 4615 735 4690 (flodex
780 4615 1021 4670 Combef.
1083 4613 1520 4687 ἀναχθησόμεθα.
1579 4612 1712 4684 Reg.
1763 4624 1950 4669 sextus
1981 4615 2025 4670 li
2054 4589 2316 4690 Caeterum
2346 4614 2543 4690 nemini
2583 4617 2799 4685 paulum
2841 4619 2998 4690 modo
3037 4617 3340 4690 humaniori
3370 4619 3612 4690 ignotum

454 4616 529 4737 88)
555 4616 735 4669 (‘lodex

381 4683 450 4740 ἀγ
487 4685 753 4740 ησόμεθα.

421 4703 753 4756 χυησομευα.

453 4756 784 4826 (9)_Hespicit
805 4755 1032 4826 Basilius
1061 4756 1125 4810 ad
1152 4770 1364 4809 versum
1385 4752 1455 4806 20
1483 4753 1737 4826 Actorum
1756 4767 1814 4826 _c.
1841 4768 1947 4807 vn:

380 4821 492 4879 Kal
519 4821 586 4897 ἦν
616 4821 826 4887 ἀστεῖος
855 4823 931 4895 τῷ
960 4825 1096 4896 Θεῷ,
1147 4830 1196 4879 et
1223 4835 1335 4878 erat
1372 4834 1554 4892 gratus
1579 4824 1710 4897 _Deo.
1742 4823 1948 4897 Auctor

380 4906 510 4951 vero
539 4893 797 4957 Actorum
865 4893 1174 4963 respexerat
1209 4897 1272 4948 ad
1325 4909 1541 4947 versum
1571 4895 1606 4946 2
1654 4893 1845 4963 capitis
1907 4909 1945 4947 ιι

379 4965 570 5029 Exodi,
598 4964 795 5029 ἰδόντες
824 4965 878 5017 δὲ
924 4961 1084 5018 αὐτὸν
1113 4965 1344 5028 ἀστεῖον,
1397 4961 1736 5018 ἐσκέπασαν
1755 4961 1940 5031 αὐτόν,

378 5036 607 5088 videntes
654 5047 826 5088 autem
865 5052 985 5088 eum
1024 5039 1329 5104 elegantem,
1367 5035 1756 5088 occultaverunt
1799 5047 1936 5104 eum.

376 5104 730 5159 Combefisius
765 5107 925 5157 verba
976 5105 1154 5158 Basilii
1189 5106 1263 5159 sic
1295 5105 1677 5172 interpretatur
1719 5121 1732 5157 :
1769 5119 1800 5155 a
1829 5103 1936 5156 Deo

377 5175 726 5227 testimonium
753 5176 968 5239 habens,
992 5178 1130 5244 quod
1160 5175 1364 5242 elegans
1396 5189 1415 5228 :
1449 5175 1543 5228 sed
1569 5173 1694 5227 mihi
1715 5187 1938 5242 persua-

377 5247 508 5297 dere
541 5259 647 5298 non
677 5259 817 5314 queo
847 5247 963 5312 ejus
1004 5246 1502 5314 interpretationem
1529 5244 1779 5311 cuiquam
1812 5255 1936 5314 pro-

376 5314 562 5367 batum
601 5314 688 5367 iri.
719 5313 930 5367 Etenim
964 5326 1022 5368 ut
1069 5312 1241 5382 locum
1289 5315 1511 5367 haberet
1563 5312 1934 5382 interpretatio

371 5382 706 5448 Combeftsii,
735 5385 813 5453 sic
841 5385 1109 5438 debuisset
1135 5380 1275 5453 loqui
1308 5383 1555 5453 Basilius,
1579 5381 1608 5436 6
1646 5381 1799 5453 παρὰ
1831 5380 1930 5453 τοῦ

369 5453 508 5507 Θεοῦ
539 5452 904 5526 μαρτυρήθεὶς
931 5457 1141 5519 ἀστεῖος
1191 5451 1348 5517 εἶναι,
1380 5452 1554 5526 aADeo
1581 5451 1932 5526 testimonium

369 5523 588 5589 habens,
616 5523 784 5593 quod,
812 5537 953 5593 σιω
981 5541 1085 5578 non
1119 5533 1296 5593 autem
1327 5523 1631 5593 scripsisset
1657 5523 1684 5574 6
1721 5531 1929 5593 μαρτυ-

373 5594 557 5666 ρηθεὶς
585 5590 798 5666 amre;
855 5590 992 5647 εἶναι
1037 5593 1194 5666 οιιταρᾲιΔ
1224 5592 1302 5663 τῷ
1329 5592 1465 5662 Θεῷ,
1511 5593 1642 5645 adeo
1674 5590 1731 5666 ut
1778 5590 1927 5666 illud,

367 5661 521 5735 παρὰ
546 5665 623 5735 τῷ
654 5665 792 5734 Θεῷ,
827 5667 969 5719 clare
991 5674 1042 5719 et
1080 5661 1353 5735 evidenter
1378 5661 1443 5735 ad
1475 5676 1658 5735 vocem
1694 5661 1924 5735 ἀστεῖος,

2055 4693 2138 4758 est
2168 4681 2537 4758 Hebraismum
2560 4681 2699 4758 esse,
2721 4703 2826 4757 quo
2847 4688 2906 4758 in
2924 4686 3323 4758 significatione
3363 4681 3621 4747 praestan-

2053 4753 2140 4824 tiaa
2165 4765 2326 4824 atque
2353 4756 2629 4824 dignitatis
2661 4753 2753 4811 uti'
2778 4753 3050 4812 solebant.

2118 4823 2232 4900 (i0)
2259 4823 2446 4900 Egilio
2479 4825 2652 4900 Paris.
2685 4827 2860 4900 εἵλετο
2894 4824 3114 4898 μᾶλλον.
3148 4827 3307 4882 Deest
3334 4830 3536 4900 μᾶλλον
3563 4832 3617 4888 in

2049 4893 2290 4967 editione
2307 4893 2470 4948 Basil.
2499 4904 2555 4948 et
2585 4897 2636 4950 in'
2660 4899 2862 4967 nostris
2893 4893 3096 4967 septem
3141 4913 3275 4952 mss.

2115 4962 2227 5038 _(ii)
2261 4963 2396 5038 Reg.
2427 4969 2706 5038 sextusjﬁ
2737 4962 3084 5038 θεωρίᾳ’τῶν
3109 4968 3274 5022 ὄντων
3298 4969 3616 5035 ἔνατενίζων

2041 5032 2580 5110 καὶηάποσχολάζων.
2611 5032 2788 5110 Codex
2825 5032 2958 5110 alter
2989 5036 3390 5110 ἀποσχολήσας.
3413 5032 3614 5097 Ibidem

2036 5099 2186 5154 Bodl.
2215 5099 2988 5179 assiliens-7'06..._€'t:og;._Nt:c
3020 5099 3290 5176 ἤιε,ιίὶυίιό
3321 5099 3443 5179 ρόει
3480 5127 3610 5166 mss.

2035 5180 2145 5244 tres
2174 5173 2486 5244 μαρτυρίαν
2514 5175 2680 5228 αὑτοῦ
2709 5175 2804 5228 τοῦ
2838 5176 2994 5231 Θεοῦ.

2107 5190 2145 5224 :s
2164 5190 2488 5295 ξαρτυριαν
2514 5191 2680 5228 αυτου
2709 5190 2994 5257 τουηυεου.

2107 5241 2221 5382 iis}
2252 5244 2908 5371 ἘρξἒῖἐέΞὲ¹¹ὶῖἒῖιίέῗ⁹έια
2939 5247 3352 5382 ἓέἒῖῗῗὲἐῂθέ

2133 5314 2221 5377 15)
2274 5313 2564 5389 Editiones_
2604 5313 2777 5389 Paris.
2831 5328 2879 5371 et
2905 5313 3116 5389 gBasilJ
3155 5317 3515 5389 λαληθέντων.
3543 5320 3614 5372 At

2039 5379 2164 5437 octo
2197 5384 2364 5456 nostri
2395 5398 2522 5456 mss.
2547 5384 2880 5456 λαληθεῖσιν.
2905 5379 3226 5442 Erratumne
3254 5379 3325 5442 sit
3357 5389 3609 5442 librario-

2032 5467 2175 5526 rum,
2208 5468 2275 5505 an
2311 5454 2638 5526 ltocdictum
2665 5454 2742 5510 Sit
2779 5471 2876 5526 per
2900 5459 3292 5522 attractionem,
3327 5472 3603 5526 gramma-

2031 5523 2257 5600 ti-coruin
2282 5525 2384 5600 erit
2404 5524 2688 5590 judicium.
2718 5523 2817 5582 Est
2838 5527 3049 5582 creditu
3083 5528 3296 5584 difficile
3329 5523 3408 5582 tot
3432 5528 3602 5582 libra-

2029 5593 2143 5646 rios
2175 5593 2333 5646 simul
2359 5603 2591 5649 errasSe.
3605 5654 3607 5657 .

2097 5663 2208 5738 (ιᾴ)
2255 5662 2382 5738 [ὧν
2447 5663 2584 5728 ἐξω.
2630 5663 2882 5737 Intelligit
2936 5665 3167 5738 Basilius
3219 5675 3311 5721 aut
3369 5680 3464 5722 eos
3517 5663 3609 5738 qui

366 5731 472 5809 non
498 5731 793 5809 atl_'vocein
831 5733 1200 5809 μαρτυρηθεῇ
1257 5733 1441 5809 referri
1492 5733 1704 5809 debeat.
1730 5731 1928 5809 _Melius
2026 5733 2247 5809 omnino
2279 5733 2446 5791 Deum
2485 5748 2605 5792 esse
2634 5731 2919 5809 negabant,
2950 5747 3043 5794 aut
3072 5737 3330 5795 falsorum
3383 5731 3609 5797 deorum

369 5805 534 5873 igitur
561 5805 632 5857 ita
663 5799 1124 5873 interpretabéré:
1153 5803 1525 5874 Testimonium
1547 5801 1601 5874 [a
1620 5799 1922 5874 Scriptura]

370 5870 582 5942 habens,
615 5875 755 5946 quod
805 5870 987 5944 gratus
1046 5885 1175 5930 esset
1217 5873 1347 5939 Deo,
1394 5873 1508 5928 sive
1541 5870 1681 5943 apud
1734 5870 1923 5925 Deum;-

2029 5802 2290 5858 cultores.
