4082 6398
533 438 567 494 σι
1866 433 1926 491 s.
1967 433 2213 491 BASILII
2257 437 2474 492 MACNI
3746 439 3782 498 8

534 558 817 613 veritatem
845 564 1087 611 nostram
1117 553 1364 609 laudibus
1386 552 1642 608 efferam?
1669 552 2027 609 Prodiderant
2047 556 2099 627 3

2214 558 2498 629 ὶνυμνήσω
2527 557 2625 629 τὴν
2650 557 2924 627 ἡμετέραν
2943 517 3252 641 ,ἀλήθειανς
3311 554 3486 607 Πολλά
3519 556 3645 626 περὶ
3679 554 3781 626 φύη

535 648 700 703 multa
731 647 1041 703 Grzecorum
1079 649 1355 718 sapientes
1389 648 1454 702 de
1486 656 1675 700 natura
1706 661 1721 701 :
1750 647 1843 701 sed
1899 663 1966 702 ne
1999 665 2101 702 una

535 744 748 813 quidem
804 742 1016 814 opinio,
1066 744 1368 814 posteriore
1410 742 1644 813 priorem
1694 757 1906 813 semper
1967 742 2107 796 anti-

464 905 476 915 .
537 846 737 904 quante
761 874 777 899 ,
806 836 909 889 lixa
940 836 1081 889 inter
1111 836 1255 905 ipsos
1288 844 1450 904 atque
1498 834 1819 891 inconcussa
1855 850 2135 905 permany

537 931 628 983 sit.
668 929 846 996 Quare
878 928 1017 983 dicta
1050 944 1235 983 eorum
1284 928 1566 983 confutare
1613 928 1743 983 nihil
1775 928 1929 984 nobis
1965 944 2104 999 opus

538 1029 655 1085 est;
684 1021 726 1073 si
777 1019 992 1088 quidem
1018 1020 1084 1072 ad
1130 1028 1366 1072 mutuam
1401 1035 1554 1074 suam
1592 1021 1930 1075 eversionem
1964 1020 2108 1075 solli-

538 1114 708 1166 ciunt.
738 1111 948 1164 Etenim
994 1110 1158 1163 Deum
1188 1112 1276 1178 qui
1305 1112 1643 1180 ignoravere,
1682 1127 1900 1166 causam
1929 1114 2109 1182 provi-

540 1205 661 1257 dam
696 1203 837 1256 ortui
884 1215 1115 1270 prazesse
1168 1203 1545 1257 universorum
1596 1220 1699 1258 non
1742 1220 2105 1260 concessere:

538 1295 630 1349 sed
680 1295 1065 1363 consequentia
1094 1294 1482 1351 convenienter
1508 1297 1693 1367 prima:
1729 1314 1840 1352 sua:
1886 1300 2109 1354 inscitiae

538 1387 945 1443 concludebant.
978 1388 1339 1454 Quamobrem
1382 1390 1644 1453 nonnulli,
1663 1390 1869 1460 origine
1893 1391 2110 1445 univer-

544 1480 723 1534 sitatis
760 1496 937 1534 rerum
970 1481 1254 1535 clementis
1288 1480 1470 1535 mundi
1511 1483 1777 1550 ascripta,
1821 1482 1887 1535 ad
1918 1498 2112 1537 causas

538 1574 848 1629 materiales
873 1573 1271 1644 confugerunt:
1313 1574 1400 1628 alii
1434 1590 1560 1628 vero
1591 1574 1804 1636 atomis,
1834 1585 1888 1627 et
1921 1590 2111 1641 corpo-

540 1666 688 1720 ribus
713 1667 945 1737 partium
971 1666 1307 1734 expertibus,
1334 1666 1472 1719 mole
1492 1681 1553 1719 ac
1575 1667 1839 1721 meatibus
1865 1675 2109 1720 naturain

542 1774 724 1813 rerum
752 1755 1039 1811 visibilium
1072 1756 1337 1812 contineri
1378 1758 1671 1811 tinxerunt.
1705 1755 1859 1812 Nunc
1894 1758 2109 1827 quidem

538 1848 928 1903 insecabilibus
966 1848 1284 1918 corporibus
1317 1850 1457 1902 inter
1487 1863 1544 1902 se
1587 1849 1928 1919 conjunctis,
1968 1868 2110 1905 nunc

2208 668 2345 715 σεως
2381 650 2901 723 ἐπραγματεύσαντο
2928 651 2977 701 οἱ
3018 648 3124 701 τῶν
3177 646 3445 718 Ἑλλήνων
3481 649 3656 716 σοφοὶ,
3685 650 3782 702 κιύ⁸

2206 746 2335 798 οὐδὲν
2382 741 2463 808 εἷς
2515 746 2646 816 παρ’
2702 745 2884 807 αὐτοῖς
2933 743 3089 812 λόγος
3125 744 3355 814 ἕστηκεν
3391 741 3645 811 ἀκίνητος
3693 742 3784 796 καὶ

2207 835 2520 898 ἀσάλευτος,
2552 834 2638 887 ἀεὶ
2670 834 2761 887 τοῦ
2795 834 3052 905 δευτέρου
3082 833 3172 885 τὸν
3198 833 3302 904 πρὸ
3325 831 3489 885 αὑτοῦ
3515 833 3782 887 καταϐάλ-

2205 926 2406 991 λοντος·
2454 926 2594 980 ὥστε
2648 927 2778 997 ἡμῖν
2836 926 2999 997 μηδὲν
3059 925 3216 997 ἔργον
3268 920 3406 977 εἶναι
3447 923 3517 977 τὰ
3561 924 3781 977 ἐκείνων

2208 1021 2466 1089 ἐλέγχεινο
2521 1019 2752 1091 ἀρκοῦσι
2802 1018 2908 1090 γάρ
2963 1018 3211 1088 ἀλλήλοις
3246 1018 3382 1089 πρὸς
3423 1018 3522 1088 τὴν
3580 1017 3783 1071 οἰκείαν

2209 1113 2535 1183 ἀνατροπὴν.
2570 1113 2633 1164 Οἱ
2663 1111 2770 1182 γὰρ
2799 1111 2929 1163 Θεὸν
2956 1111 3316 1179 ἀγνοήσαντες
3336 1110 3514 1162 αἰτίαν
3540 1109 3784 1181 ἔμφρονα

2211 1203 2538 1275 προεστάναι
2571 1204 2671 1272 τῆς
2692 1203 2959 1270 γενέσεως
2991 1202 3097 1255 τῶν
3125 1202 3260 1255 ὅλων
3283 1204 3343 1255 οὐ
3382 1200 3783 1271 συνεχώρησαν,

2210 1295 2325 1347 ἀλλ’
2359 1293 2577 1356 οἰκείως
2612 1296 2675 1365 τῇ
2723 1294 2779 1360 ἐξ
2815 1293 2987 1365 ἀρχῆς
3020 1292 3210 1364 ἀγνοίᾳ
3242 1293 3309 1345 τὰ
3334 1291 3528 1362 ἐφεξῆς
3558 1292 3785 1345 συνεπέ-

2214 1404 2399 1458 ραναν.
2449 1385 2547 1438 Διὰ
2590 1385 2749 1437 τοῦτο
2770 1387 2818 1437 οἱ
2857 1385 2953 1454 μὲν
2984 1385 3075 1436 ἐπὶ
3099 1384 3195 1447 τὰς
3227 1384 3337 1449 (15,
3379 1383 3567 1448 ὑλικὰς
3593 1383 3787 1437 ὑποθέ-

2212 1495 2323 1541 σεις
2348 1477 2675 1546 κατέφυγον,
2716 1480 2826 1539 τοῖς
2865 1477 2959 1529 τοῦ
2995 1477 3200 1547 κόσμου
3247 1476 3530 1545 στοιχείοις
3569 1476 3666 1545 τὴν
3698 1477 3786 1528 αἰ-

2209 1573 2328 1626 τίαν
2356 1571 2451 1623 τοῦ
2506 1569 2705 1632 παντὸς
2744 1569 3053 1632 ἀναθέντες·
3105 1570 3152 1620 οἱ
3188 1568 3243 1621 δὲ
3278 1569 3454 1638 ἄτομα
3484 1567 3579 1620 καὶ
3606 1567 3787 1638 ἀμερῆ

2212 1662 2459 1734 σώματα,
2499 1665 2590 1716 καὶ
2622 1663 2817 1729 ὄγκους
2868 1662 2960 1715 καὶ
3012 1661 3207 1733 πόρους
3238 1660 3480 1729 συνέχειν
3506 1660 3604 1731 τὴν
3626 1660 3789 1727 φύσιν

2210 1754 2317 1807 τῶν
2372 1755 2579 1826 ὁρατῶν
2628 1753 3063 1825 ὲφαντάσθησαν.
3098 1752 3211 1805 Νῦν
3242 1754 3337 1823 μὲν
3380 1752 3489 1822 (16)
3521 1751 3629 1822 γὰρ
3666 1768 3792 1804 συν-

2216 1848 2401 1901 ιόντων
2434 1848 2680 1919 ἀλλήλοις
2701 1846 2806 1899 τῶν
2834 1847 3054 1917 ἀμερῶν
3086 1847 3371 1916 σωμάτων,
3408 1845 3501 1898 νῦν
3529 1845 3586 1898 δὲ
3628 1862 3791 1916 μετα-

536 1955 668 1994 vero
708 1955 897 1994 rursus
923 1941 1195 2006 discretis,
1233 1942 1614 2009 generationes
1650 1953 1705 1996 et
1736 1944 2109 2011 corruptiones

2216 1940 2676 2010 συγκρινομένων,
2712 1937 2811 2001 τὰς
2842 1938 3082 2007 γενέσεις
3130 1936 3224 1989 καὶ
3258 1936 3357 1999 τὰς
3414 1935 3619 2006 φθορὰς
3666 1937 3789 1988 ἑπι-

541 2031 679 2095 ﬁeri,
714 2042 875 2101 atque
913 2031 1404 2087 indurabilioribus
1438 2034 1757 2103 corporibus
1791 2035 2111 2091 diuturnita-

539 2124 608 2179 tis
659 2139 880 2178 causam
913 2140 978 2178 ex
1031 2132 1338 2179 atomorum
1384 2126 1527 2180 inter
1557 2142 1616 2181 se
1659 2127 1938 2196 complexu
1980 2129 2111 2183 vali-

538 2215 689 2268 diore
724 2213 989 2282 proﬁcisci
1046 2213 1293 2268 arbitrati
1338 2225 1483 2269 sunt.
1521 2214 1665 2269 Sane
1697 2229 1908 2269 aranea:
1949 2215 2107 2269 telam

538 2315 727 2360 texunt
779 2306 868 2375 qui
916 2305 1040 2360 talia
1097 2306 1361 2369 scribunt,
1410 2306 1501 2374 qui
1561 2304 1685 2360 coeli
1733 2315 1998 2375 terrmque
2057 2314 2111 2360 et

539 2401 713 2454 maris
742 2399 1000 2468 principia
1039 2408 1244 2467 ponunt
1298 2399 1433 2452 adeo
1489 2400 1691 2461 tenuia,
1747 2412 1846 2452 nec
1902 2398 2109 2467 uspiam

538 2492 910 2547 consistentia.
940 2490 1056 2545 Non
1086 2490 1227 2545 enim
1260 2500 1527 2544 noverunt
1560 2490 1783 2546 dicere:
1817 2489 1883 2544 In
1918 2491 2111 2559 princi-

532 2584 619 2655 pio
652 2584 772 2653 [erit
817 2584 955 2637 Deus
986 2583 1170 2638 caelum
1197 2594 1244 2637 et
1288 2593 1505 2637 terram.
1553 2581 1891 2652 Quapropter
1921 2583 1991 2638 ob
2029 2582 2111 2637 in-

536 2677 869 2732 habitantem
897 2676 949 2729 in
988 2676 1120 2745 ipsis
1147 2675 1443 2730 divinitatis
1463 2676 1854 2745 ignoratiOnetn
1882 2674 1934 2727 in
1967 2675 2112 2729 hunc

537 2784 779 2823 errorem
826 2767 1157 2829 inciderunt,
1193 2775 1252 2819 ut
1302 2776 1518 2829 cuncta,
1572 2775 1828 2835 tanquam
1878 2780 2005 2819 casu
2056 2775 2111 2819 et

540 2866 743 2910 temere
765 2866 928 2918 mota,
958 2860 1184 2909 credant
1219 2872 1317 2909 nec
1342 2856 1449 2924 regi
1488 2871 1585 2910 nec
1611 2858 1921 2926 gubernari.
1954 2856 2110 2922 Quod

538 2949 711 3015 ipsum
740 2947 897 3001 nobis
924 2961 990 3000 ne
1018 2947 1250 3012 accidat,
1280 2947 1327 3001 is
1357 2947 1446 3017 qui
1486 2949 1668 3000 mundi
1696 2948 1953 3000 fabricam
1982 2963 2110 3000 con-

537 3038 774 3108 scripsit,
822 3038 1004 3093 statim
1061 3039 1113 3093 in
1163 3040 1352 3107 primis
1390 3040 1566 3093 verbis
1614 3055 1709 3108 per
1766 3039 1856 3093 Dei
1911 3054 2107 3094 nomen

538 3143 772 3186 mentem
814 3140 1051 3185 nostram
1103 3131 1425 3195 illustravit,
1461 3130 1647 3185 dicens
1682 3148 1696 3185 :
1740 3129 1804 3183 In
1853 3132 2110 3199 principio

541 3221 660 3290 fecit
698 3220 857 3278 Deus.
896 3220 1067 3286 Quam
1099 3220 1320 3290 pulcher
1345 3229 1425 3273 est
1450 3221 1582 3274 ordo
1622 3220 1757 3274 iste!
1796 3219 1976 3275 l’rimo
2013 3237 2109 3290 ap-

2213 2031 2474 2099 γίνεσθαι·
2530 2032 2622 2083 καὶ
2654 2029 2762 2083 τῶν
2794 2029 2905 2100 (i7)
2935 2029 3339 2100 διαρκεστέρων
3376 2027 3642 2096 σωμάτων
3688 2030 3789 2098 τὴν

2217 2123 2567 2195 ἰσχυροτέραν
2591 2122 2696 2176 τῶν
2733 2123 2950 2193 ἀτόμων
2989 2119 3367 2191 ἀντεμπλοκὴν
3399 2120 3497 2189 τῆς
3530 2120 3791 2191 διαμονῆς

2210 2218 2308 2287 τὴν
2343 2217 2519 2269 αἰτίαν
2560 2216 2839 2287 παρέχειν.
2890 2216 3091 2276 Ὄντως
3158 2213 3301 2265 ἱστὸν
3347 2212 3589 2283 ἀράχνης
3631 2211 3796 2280 ὑφαι-

2210 2324 2391 2360 νουσιν
2450 2308 2498 2360 οί
2548 2307 2722 2362 ταῦτα
2767 2308 3089 2378 γράφοντες,
3149 2307 3197 2358 οἱ
3251 2303 3395 2358 οὔτω
3437 2305 3636 2368 λεπτὰς
3696 2304 3797 2360 καὶ

2210 2398 2612 2463 ἀνυποστάτους
2637 2398 2810 2469 ἀρχὰς
2852 2395 3082 2468 οὐρανοῦ
3136 2396 3230 2449 καὶ
3269 2395 3372 2465 γῆς
3405 2397 3498 2450 καὶ
3519 2396 3795 2467 θαλάσσης

2211 2490 2603 2561 ὑποτιθέμενοι.
2666 2491 2741 2544 Οὐ
2800 2489 2909 2560 γὰρ
2959 2489 3153 2560 ᾔδεσαν
3208 2491 3400 2542 εἰπεῖν·
3470 2491 3566 2543 Ἐν
3634 2490 3794 2559 ἀρχῇ

2210 2583 2498 2652 ἐποίησεν
2531 2587 2563 2637 ὀ
2607 2583 2751 2649 Θεὸς
2791 2583 2897 2636 τὸν
2931 2582 3194 2651 οὐρανὸν
3240 2581 3339 2635 καὶ
3366 2581 3479 2649 τὴν
3519 2582 3655 2652 γῆν.
3696 2584 3797 2636 Διά

2210 2674 2368 2729 τοῦτο
2392 2675 2737 2747 ἀκυϐέρνητα
2776 2675 2869 2728 καὶ
2894 2674 3174 2742 άδιοίκητα
3206 2669 3343 2726 εἶναι
3380 2674 3448 2727 τὰ
3479 2674 3795 2745 σύμπαντα,

2211 2769 2285 2832 ὡς
2315 2767 2380 2821 ἂν
2412 2768 2548 2838 τύχῃ
2594 2766 2707 2836 (l8)
2758 2766 3054 2837 φερόμενα,
3088 2766 3194 2818 ὑπὸ
3228 2766 3326 2837 τῆς
3355 2767 3667 2838 ὲνοικούσης
3696 2769 3799 2820 αὑ-

2211 2865 2324 2924 τοῖς
2353 2860 2640 2931 ἀθεότητος
2677 2859 3058 2930 ἠπατήθησαν.
3093 2859 3269 2930 Ὅπερ
3306 2859 3391 2912 ἵνα
3423 2858 3496 2931 μὴ
3531 2860 3799 2929 πάθωμεν

2211 2955 2373 3022 ἡμεῖς
2398 2954 2530 3021 (l9),
2562 2953 2590 3005 6
2627 2952 2723 3022 τὴν
2763 2950 3121 3022 κοσμοποιίαν
3176 2951 3507 3022 συγγράφων
3534 2950 3693 3015 εὐθὺς
3734 2952 3799 3006 ὲν

2211 3046 2321 3105 τοῖς
2374 3042 2612 3114 πρώτοις
2665 3045 2872 3114 ῥήμασι
2936 3041 3013 3113 τῷ
3064 3042 3290 3112 ὀνόματι
3351 3041 3445 3095 τοῦ
3496 3040 3629 3095 Θεοῦ
3694 3042 3799 3115 τὴν

2212 3136 2448 3189 διάνοιαν
2510 3134 2669 3205 ἡμῶν
2734 3132 3131 3203 κατεφὼτισεν,
3189 3132 3378 3189 εἰπών’
3464 3134 3566 3187 Ἐν
3627 3133 3795 3205 ἀρχῇ

2213 3227 2501 3294 ἐποίησεν
2530 3230 2562 3280 ὁ
2639 3226 2782 3292 Θεός
2832 3225 2966 3295 (20).
3014 3226 3080 3279 Τί
3122 3226 3259 3296 καλὴ
3287 3228 3321 3297 ὴ
3375 3225 3561 3293 τάξις;
3591 3228 3803 3301 Ἀρχὴν

540 3284 715 3377 posuit
742 3284 1112 3375 principium;
1132 3322 1198 3361 ne
1228 3308 1316 3376 qui
1350 3309 1605 3362 mundum
1644 3311 1891 3378 principii
1919 3284 2110 3378 expc—r-

2224 3284 2437 3389 πρῶτον
2490 3284 2776 3386 ἐπέθηκεν,
2834 3284 2937 3369 ίνα¹
2979 3316 3051 3386 μὴ
3098 3284 3330 3387 ἄναρχον
3375 3284 3803 3388 αὐτὸννοίηθξόισί

542 3407 648 3452 tem
679 3412 799 3451 esse
842 3398 1212 3465 opinarentur.
1262 3398 1459 3452 Deinde
1510 3399 1754 3471 adjecit:
1812 3399 2003 3461 Fecit,
2052 3413 2113 3457 ut

537 3492 876 3559 ostendatur,
926 3507 1013 3547 res
1063 3492 1311 3548 conditas
1366 3493 1640 3549 minimam
1700 3510 1820 3551 esse
1861 3497 2112 3565 potentiae

538 3582 751 3654 Opiﬁcis
796 3593 1027 3652 partem.
1087 3583 1546 3652 Quemadmodum
1589 3587 1732 3641 enim
1779 3587 1972 3659 ﬁgulus
2020 3589 2111 3659 qui

544 3677 735 3732 eadem
768 3688 885 3731 arte
921 3678 1202 3733 innumera
1245 3679 1452 3735 eiﬁnxit
1482 3696 1609 3740 vasa
1637 3722 1652 3747 ,
1695 3698 1867 3749 neque
1897 3694 2065 3737 artem
2092 3722 2107 3747 ,

539 3783 713 3836 neque
748 3770 1041 3838 pmentiam
1083 3771 1335 3826 exhausit
1378 3792 1393 3827 :
1444 3773 1515 3828 ita
1568 3783 1621 3829 et
1671 3777 1905 3829 universi
1954 3777 2112 3844 hujus

538 3858 719 3929 opifex
780 3860 1105 3917 eﬂ‘ectricem
1174 3862 1467 3932 potentiam
1536 3865 1778 3929 nabens,
1836 3881 1941 3919 non
2004 3882 2113 3920 uno

538 3951 740 4005 mundo
769 3953 1229 4024 circumscriptam
1252 3996 1265 4021 ,
1309 3957 1400 4010 sed
1442 3957 1494 4010 in
1540 3957 1810 4012 intinitum
1842 3960 2112 4013 exceden-

540 4053 668 4111 tem,
700 4060 879 4099 rerom
916 4063 1036 4117 quae
1091 4049 1498 4118 conspiciuntur
1545 4052 1944 4121 magnitudines
1992 4056 2110 4107 solo

539 4135 829 4192 voluntatis
852 4151 983 4193 nutu
1020 4140 1280 4193 condidit.
1304 4142 1507 4210 itaque,
1542 4142 1587 4197 si
1631 4143 1859 4197 mundus
1881 4155 1934 4198 et
1963 4145 2114 4215 prin-

541 4227 739 4296 cipium
771 4229 954 4297 habet,
993 4242 1046 4286 et
1080 4231 1256 4288 factus
1278 4244 1381 4302 est,
1420 4235 1657 4306 inquire,
1699 4241 1821 4308 quis
1848 4238 1921 4292 sit
1946 4239 2036 4307 qui
2061 4240 2109 4293 ei

545 4318 692 4371 dedit
725 4321 1069 4391 principium,
1098 4333 1154 4378 et
1181 4325 1303 4394 quis
1328 4326 1472 4380 illius
1499 4328 1569 4381 sit
1604 4330 1873 4383 conditor.
1904 4330 2014 4384 luto
2044 4346 2110 4385 ne

539 4408 699 4476 forte,
733 4413 777 4467 si
818 4415 1067 4470 humanis
1102 4416 1341 4486 inquiras
1380 4420 1887 4477 ratiocinationibus
1948 4438 1976 4476 a
2014 4438 2107 4477 ve-

538 4501 703 4556 ritate
750 4503 971 4561 aberres
998 4548 1013 4571 ,
1081 4508 1183 4563 hoc
1224 4526 1321 4563 nos
1378 4514 1700 4565 documento
1744 4522 2106 4581 praeoccupat,

542 4590 668 4645 dum
698 4593 948 4651 videlicet
983 4600 1485 4667 prazstantissimum
1512 4602 1603 4656 Dei
1635 4618 1829 4657 nomen
1854 4613 2106 4674 tanquam

2221 3428 2364 3473 τινες
2398 3409 2528 3475 (21)·
2559 3405 2676 3462 εἶτα
2702 3410 2948 3479 ἐπήγαγε
2978 3409 3058 3471 τὸ,
3096 3410 3438 3475 Ἐποίησεν,
3470 3408 3558 3462 ἵνα
3587 3409 3802 3483 δειχθῇ,

2221 3502 2301 3555 ὅτι
2341 3500 2619 3571 ἐλάχιστον
2668 3499 2832 3570 μέρος
2874 3499 2969 3571 τῆς
3023 3499 3116 3552 τοῦ
3150 3498 3477 3571 δημιουργοῦ
3518 3499 3805 3571 δυνάμεώς

2222 3596 2338 3647 ἐστι
2368 3593 2428 3646 τὸ
2460 3591 2701 3663 ποιηθέν.
2731 3590 2950 3662 Ὠςχάρ
2972 3591 2999 3643 6
3027 3591 3321 3663 κεραμεὺς,
3360 3592 3466 3645 ἀπὸ
3496 3592 3593 3662 τῆς
3629 3594 3805 3665 αὐτῆς

2218 3684 2415 3754 τέχνης
2463 3681 2632 3754 μυρία
2668 3681 2971 3744 διαπλάσας
3020 3680 3209 3751 σκεύη,
3274 3680 3398 3734 οὔτε
3448 3680 3546 3752 τὴν
3601 3683 3805 3754 τέχνην

2220 3775 2341 3830 οὗτε
2372 3774 2468 3846 τὴν
2495 3774 2722 3845 δύναμιν
2756 3773 3109 3838 ὲξανάλωσεν’
3144 3772 3397 3827 οὕτωκαὶ
3428 3772 3565 3826 ὁτοῦ
3595 3774 3802 3838 παντὸς

2221 3869 2412 3923 τούτου
2467 3867 2816 3938 δημιουργὸς,
2850 3867 2949 3937 οὑχ
2977 3868 3056 3918 ἐνὶ
3101 3866 3289 3937 κόσμῳ
3346 3865 3653 3936 σύμμετρον
3700 3867 3801 3939 τὴν

2222 3961 2509 4033 ποιητικὴν
2539 3961 2675 4030 ἔχων
2697 3959 2926 4031 δύναμιν
2979 3959 3092 4013 ἀλλ’
3150 3960 3229 4021 εἰς
3275 3958 3333 4011 τὸ
3373 3957 3801 4029 ἀπειροπλάσιον

2221 4054 2673 4126 ὑπερϐαίνουσαν,
2725 4055 2791 4123 τῇ
2852 4054 2991 4122 ῥοπῇ
3038 4050 3132 4104 τοῦ
3183 4049 3483 4120 θελήματος
3528 4049 3665 4121 μόνῃ
3718 4052 3801 4115 είς

2220 4149 2279 4203 τὸ
2310 4145 2447 4201 εἶναι
2484 4149 2771 4218 παρήγαγε
2796 4144 2865 4198 τὰ
2892 4144 3094 4216 μεγέθη
3132 4143 3239 4197 τῶν
3264 4142 3575 4214 ὁρωμένων.
3602 4144 3664 4196 Εἰ
3703 4139 3799 4198 οὖν

2220 4240 2315 4295 καὶ
2356 4240 2530 4311 ἀρχὴν
2583 4238 2694 4308 ἔχει
2726 4238 2755 4289 6
2779 4237 3001 4307 κόσμος,
3036 4235 3129 4289 καὶ
3163 4236 3473 4302 πεποίηται,
3500 4233 3671 4304 ζήτει,
3712 4235 3799 4299 τίς

2217 4334 2247 4385 6
2280 4331 2376 4402 τὴν
2436 4330 2547 4402 (⁸22)
2588 4330 2765 4401 ἀρχὴν
2821 4328 2971 4400 αὐτῷ
3011 4329 3155 4392 δοὺς,
3190 4328 3282 4381 καὶ
3333 4326 3416 4391 τίς
3462 4329 3490 4380 ὁ
3545 4328 3793 4398 ποιητής.

2218 4423 2434 4479 Μᾶλλον
2485 4423 2560 4485 δὲ,
2597 4424 2684 4476 ἵνα
2717 4421 2791 4493 μὴ
2846 4421 3207 4491 ἀνθρωπίνοις
3232 4419 3514 4490 λογισμοῖς
3551 4418 3795 4490 ἐκζητῶν

2219 4520 2584 4589 παρατραπῇς
2625 4533 2727 4569 που
2766 4517 2863 4587 τῆς
2916 4514 3195 4582 ἀληθείας,
3244 4512 3553 4585 προέφθασε
3602 4515 3668 4583 τῇ
3719 4512 3795 4565 δι-

2217 4609 2503 4681 δασκαλία,
2551 4610 2713 4662 οἱονεὶ
2769 4608 3039 4679 σφραγῖδα
3096 4608 3189 4660 καὶ
3256 4606 3620 4678 φυλακτήριον
3673 4607 3794 4669 ταῖς

624 4752 734 4824 (15)
787 4752 878 4809 δίο
911 4756 1383 4835 ῐῖθεῑῖηριῖίιξιιιεηοι
1412 4759 1671 4835 septimus
1707 4775 1828 4835 cum
1858 4759 2101 4835 Coiiibef.
2137 4766 2181 4820 ῐ)
2211 4765 2310 4835 legi
2340 4774 2590 4835 oportere
2623 4766 2705 4819 ὅτι
2731 4762 2989 4835 divinavit
3026 4760 3318 4835 Morellus;
3371 4769 3425 4814 et
3476 4759 3547 4812 ita
3585 4758 3637 4810 in
3675 4760 3789 4812 edi-

543 4838 737 4902 eic‘m‘
792 4835 1017 4894 “"Oque
1069 4830 1232 4887 Coisl.
1294 4828 1467 4882 Ellitio
1522 4828 1693 4885 Paris.
1736 4833 1798 4884 Οἱ
1846 4832 1944 4902 μὲν
1994 4834 2102 4901 γὰρ

541 4899 659 4960 τάς,
688 4908 791 4945 non
835 4907 997 4950 recte.

617 4963 727 5042 (to)
763 4962 978 5042 lta__t_res
1010 4983 1138 5023 mss.
1171 4971 1327 5024 Deest
1362 4970 1458 5040 μέν
1491 4971 1541 5024 in
1570 4971 1733 5026 editis
1764 4982 1816 5026 et
1847 4973 1897 5026 iu
1928 4972 2116 5042 aliqui-

543 5038 644 5091 bus
670 5040 796 5090 mss.
832 5035 1029 5091 Ibidem
1068 5056 1161 5093 sex
1198 5057 1324 5095 inss.
1356 5035 1475 5093 eum
1519 5041 1755 5097 editione
1797 5042 1955 5097 Basil.
1993 5035 2115 5097 συν-

543 5107 749 5161 ιόντων.
780 5105 954 5159 Editio
974 5106 1143 5166 Paris.
1174 5111 1480 5164 συνιέντων.

617 5176 846 5252 (17)ῥί(1
873 5188 1243 5252 septe_m__niss_.
1276 5192 1471 5249 ιιι-(Βιρι-
1495 5181 1644 5236 Bodl.
1675 5183 1764 5252 qui
1797 5198 1918 5237 mox
1952 5182 2115 5238 habet

544 5245 977 5325 ὑπερτιθέμενοι.
1012 5248 1187 5325 Editio
1210 5245 1381 5325 Paris.
1407 5252 1501 5325 καί
1528 5252 1634 5325 γὰρ
1666 5245 1794 5325 τῖὓν.

640 5316 725 5389 l8)
759 5316 905 5391 linus
933 5335 1031 5376 ms.
1059 5319 1133 5384 ὠς
1163 5320 1229 5374 ἂν
1248 5321 1419 5391 τύχοι.
1457 5316 1573 5376 Μοίι
1598 5316 1763 5377 editio
1791 5322 1959 5377 Paris.
1982 5324 2116 5377 ἀπα-

544 5389 806 5516 τηὲησαν.
837 5389 1014 5446 Editio
1046 5406 1172 5446 veto
1206 5389 1372 5447 Basil.
1405 5403 1459 5446 et
1479 5396 1585 5448 duo
1622 5394 1773 5466 ltegii
1807 5410 1935 5449 mss.
1969 5396 2113 5464 ἡπα-

544 5481 604 5516 τη
646 5478 805 5516 ησαν.

540 5478 805 5517 τηυησαν.

574 5482 862 5604 “Tigrim
904 5530 1067 5585 editio
1095 5531 1263 5587 Basil.
1293 5549 1413 5589 cum
1463 5534 1646 5590 multis
1686 5551 1815 5592 mss.
1852 5533 1918 5589 At
1947 5536 2113 5592 editio

542 5602 716 5659 Paris.
740 5602 832 5673 agi.
864 5604 1044 5673 ἡμεῖς.

615 5674 743 5746 (eoi
758 5670 949 5746 Fusius
980 5674 1085 5746 duo
1108 5672 1399 5746 Golbertini
1431 5685 1485 5729 et
1517 5676 1655 5746 Reg.
1696 5686 1880 5731 sextus
1921 5676 2109 5746 ἐποίη-

545 5742 635 5796 σεν
659 5746 686 5797 6
713 5742 843 5804 Θεὸς
868 5742 958 5795 τὸν
984 5744 1209 5816 οὐρανὸν
1232 5746 1325 5799 καὶ
1349 5745 1446 5816 τὴν
1474 5742 1736 5816 γῆν.’110(;
1766 5749 1878 5815 ipso
1908 5749 1957 5801 in
1996 5742 2112 5801 loco

548 5823 768 5886 recteet
800 5816 1087 5886 emendate
1138 5816 1191 5869 in
1228 5816 1499 5871 veteribus
1532 5817 1855 5871 editionibus
1896 5818 2109 5886 legeba-

546 5895 653 5948 tur,
681 5883 744 5935 Τί
776 5883 942 5955 mini;
977 5886 1096 5955 sed,
1126 5896 1184 5941 ut
1213 5888 1388 5945 verbis
1416 5898 1535 5944 utar
1558 5886 1889 5953 Cumbetisii,
1925 5883 2022 5958 pro
2054 5886 2109 5939 τί

2216 4833 2585 4890 tione‘Paris.
2634 4834 2901 4887 edendum
2942 4834 3170 4886 curavit.
3207 4833 3404 4883 Sanam
3459 4838 3511 4884 et
3554 4837 3791 4882 veterem

2213 4907 2535 4973 scripturam
2561 4904 2613 4957 τί
2643 4906 2844 4973 pariter
2872 4918 2993 4956 cum
3028 4902 3356 4956 editionibus
3394 4900 3791 4968 antiquioribus

2216 4972 2436 5028 tuentur
2461 4985 2513 5029 et
2550 4975 2701 5029 Bodl.
2735 4984 2788 5027 et
2814 4972 2982 5025 nostri
3024 4981 3146 5026 octo
3173 4986 3301 5025 mss.

2286 5046 2399 5119 (21)
2419 5117 2427 5119 _
2448 5044 2593 5119 Reg.
2621 5052 2815 5119 sestus
2854 5043 3089 5119 ἄναρχον
3122 5040 3348 5119 οίηθῶσι
3396 5040 3601 5119 ταύτην
3624 5040 3790 5119 τινές.

2217 5110 2341 5178 Sed,
2380 5110 2478 5169 nisi
2516 5110 2667 5168 valde
2695 5114 2872 5171 fallor,
2904 5110 3363 5167 ita-emendatum
3397 5121 3480 5164 est
3509 5112 3576 5163 ab
3604 5110 3785 5177 aliquo

2214 5186 2479 5247 Grmculo,
2524 5195 2583 5239 ut
2624 5200 2723 5237 vox
2782 5182 2988 5252 ταύτην
3039 5183 3115 5252 ad
3154 5196 3341 5235 vocem
3396 5180 3788 5252 praecedentem

2217 5256 2574 5328 κοσμοποιίαν
2617 5254 2801 5308 referri
2833 5251 3257 5328 posset_.__Neq_ue
3296 5261 3477 5306 tamen
3528 5251 3786 5328 emenda-

2220 5321 2369 5381 tione
2422 5327 2524 5380 ulla
2558 5340 2691 5393 opus
2720 5321 2857 5378 erat.
2899 5324 3131 5377 Basilius
3187 5323 3373 5393 igitur.
3422 5335 3541 5393 meo
3574 5321 3788 5393 quidem

2210 5397 2436 5465 judicio,
2471 5412 2574 5449 non
2597 5389 2820 5463 scripsit
2850 5394 3083 5465 ταύτην,
3111 5389 3423 5465 εειιάὑτόν,
3457 5392 3534 5445 uti
3593 5389 3795 5465 habent

2215 5458 2345 5521 editi
2380 5458 2435 5521 et
2482 5466 2674 5533 reliqui
2710 5458 2839 5518 mss.
2876 5458 3220 5533 Respiciebat
3259 5463 3402 5516 enim
3428 5471 3615 5533 orator
3643 5458 3786 5527 opti-

2218 5553 2339 5591 inus
2365 5537 2432 5589 ad
2462 5531 2646 5589 vocem
2677 5534 2901 5605 κόσμος,
2954 5531 3021 5588 ex
3055 5548 3159 5605 qua
3213 5531 3537 5589 vocabulum
3585 5544 3788 5598 κοσμο-

2222 5606 2375 5661 ποιία
2401 5607 2759 5673 componitur.

2294 5678 2405 5749 (Ἡ)
2440 5667 2537 5730 Sic'
2556 5677 2722 5729 codex
2757 5673 2999 5729 Comhel'.
3036 5686 3091 5729 et
3114 5670 3497 5749 titerqtic_Dtic.
3520 5680 3594 5749 _et
3618 5667 3777 5749 Bodl.

2221 5738 2341 5803 cuin
2376 5738 2497 5801 aliis
2530 5756 2760 5816 quatuor
2814 5761 2942 5816 mss.
2972 5755 3031 5816 et
3070 5760 3191 5816 cum
3238 5738 3477 5816 editione
3520 5740 3679 5798 Basil.
3716 5738 3793 5794 At

2219 5820 2380 5877 editio
2406 5811 2582 5874 Paris.
2616 5832 2738 5873 cum
2769 5815 2978 5891 Anglic.
3016 5811 3259 5887 ζητεῖται
3288 5814 3315 5866 6
3339 5812 3461 5883 τήν.
