4082 6398
406 390 440 445 9
1537 399 1813 458 nosam
1855 405 1876 459 ι
1917 407 1979 460 ut
2021 366 2516 468 uexaeuenou.
3572 428 3640 485 to

403 512 602 581 ψυχαῖς
628 512 809 610 ,ἡμῶν
843 514 1108 616 ,ἐμϐαλὼν
1154 517 1214 570 τὸ
1258 520 1621 593 πολυτίμητον
1660 525 1829 596 ὄνομα
1864 527 1971 595 (ἓὸ)

2079 531 2306 602 sigillam
2357 549 2412 590 et
2463 538 2765 594 antidotum
2807 540 2859 594 in
2889 540 3084 594 animis
3126 545 3324 600 nostris
3350 546 3637 619 imprimit,

403 600 494 652 τοῦ
521 599 678 662 Θεοῦ.
730 601 916 655 εἰπὼν·
975 605 1076 658 Ἑν
1101 607 1258 677 ἀρχῇ
1295 611 1638 680 ἐποίησενό
1679 619 1841 683 Θεός.
1911 619 1974 671 Ἡ

408 691 653 762 μακαρία
702 692 944 766 φύσις.ὴ
994 696 1220 766 ἄφθονος
1265 702 1556 775 ἀγαθότης,
1609 707 1669 761 τὸ
1696 709 1975 780 ἀγαπητὸν

406 783 540 834 πᾶσι
564 785 676 846 τοῖς
701 784 857 852 λόγου
891 788 1256 859 μετειληφόσι,
1281 794 1340 846 τὸ
1369 795 1738 869 πολυπόθητον
1760 801 1972 866 κάλλος,

405 872 436 940 ἡ
469 872 614 941 ἀρχὴ
632 872 740 925 τῶν
760 872 948 938 ὄντων,
982 877 1015 948 ἡ
1046 879 1195 950 πηγὴ
1219 881 1319 951 τῆς
1345 882 1508 956 ζωῆς.
1534 886 1595 939 τὸ
1617 889 1800 959 νοερὸν
1835 890 1972 958 φῶς,

405 961 440 1030 ἡ
467 961 777 1041 ἀπρόσιτος
809 965 991 1033 σοφία,
1030 963 1182 1032 οὗτος
1231 971 1544 1041 Ἐποίησεν
1579 977 1648 1031 ἐν
1682 979 1838 1048 ἀρχῇ
1871 982 1977 1035 τὸν

406 1052 666 1121 οὐρανόν
690 1053 788 1106 καὶ
815 1055 930 1122 τὴν
954 1056 1088 1126 γῆν.

476 1146 527 1198 3.
562 1145 652 1215 Μὴ
681 1140 772 1198 οὖν
791 1145 997 1218 ἀναρχα
1030 1151 1323 1218 φαντάζου,
1346 1154 1620 1226 ἄνθρωπε,
1662 1158 1727 1214 τὰ
1767 1159 1976 1232 ὁρώμεο

405 1250 491 1292 να.
531 1235 685 1304 μηδὲ,
723 1237 908 1308 ἐπειδὴ
940 1239 1166 1292 κυκλόσε
1193 1244 1581 1314 περιτρέχειτά
1603 1250 1722 1300 κατ’
1749 1251 1977 1322 οὐρανὸν

407 1326 768 1398 κινούμενα,ἡ
805 1329 862 1381 δὲ
895 1330 988 1382 τοῦ
1011 1333 1207 1384 κύκλου
1241 1335 1380 1405 ἀρχὴ
1402 1339 1464 1406 τῇ
1493 1341 1763 1411 προχείρῳ
1789 1343 1978 1413 αἰσθή-

407 1431 490 1466 σει
530 1416 684 1484 ἡμῶν
717 1418 816 1470 οὐκ
842 1418 1124 1488 εὖληπτος,
1158 1421 1389 1494 ἄναρχον
1427 1422 1567 1480 εἶναι
1600 1431 1826 1504 νομίσῃς
1869 1432 1977 1486 τῶν

405 1506 814 1578 κυκλοξορικῶν
852 1512 1115 1580 σωμάτων
1145 1516 1240 1585 τὴν
1297 1515 1472 1584 φύσιν.
1499 1519 1631 1572 Οὐδὲ
1664 1520 1772 1592 γάρ
1823 1524 1851 1575 ὁ
1878 1525 1976 1578 κύ-

405 1597 534 1660 κλος
572 1594 744 1662 οὗτος,
793 1602 853 1654 τὸ
896 1603 1148 1658 ἐπίπεδον
1184 1606 1326 1675 λέγω
1360 1610 1564 1680 -σχῆμα
1601 1613 1661 1666 τὸ
1692 1614 1794 1667 ὑπὸ
1850 1619 1978 1686 μιᾶς

404 1689 667 1778 γραμμῆς
718 1693 1122 1762 περιεχόμενον,
1170 1697 1355 1769 ἐπειδὴ
1403 1698 1681 1770 διαφεύγει
1709 1705 1820 1775 (24)
1879 1709 1978 1778 τὴν

405 1777 675 1850 ἡμετέραν
705 1782 970 1853 αἴσθησιν.
995 1785 1086 1838 καὶ
1106 1784 1225 1839 οὔτε
1251 1789 1369 1842 ὅθεν
1387 1791 1587 1861 ἤρξατο
1602 1793 1840 1867 ἐξευρεῖν

403 1867 693 1938 δυνάμεθα,
721 1870 842 1924 οὔτε
870 1874 950 1936 είς
983 1874 1010 1926 ὃ
1047 1877 1360 1949 κατέληξεν.
1386 1883 1483 1952 ἤδη
1517 1885 1608 1936 καὶ
1637 1867 1980 1958 ἄναρχοναύέ
2010 1867 2049 1920 Β

402 1959 494 2012 τὸν
526 1959 807 2032 ὀφείλομεν
838 1964 1201 2020 ὑποτίθεσθαι.
1248 1969 1404 2024 Ἀλλά
1453 1972 1556 2027 κΞιν
1594 1974 1692 2046 τὴν
1723 1977 1975 2048 αἴσθησιν

403 2049 689 2142 διαφεύγῃ,
737 2055 801 2124 τῇ
839 2070 902 2121 γε
950 2055 1174 2129 ἀληθεία
1203 2060 1419 2125 πάντως
1459 2063 1568 2117 ἀπό
1597 2083 1739 2131 τινος
1769 2070 1972 2142 ἤρξατο

401 2141 654 2214 όκέντρῳ
687 2146 778 2198 καὶ
800 2146 1126 2218 διαστήματι
1155 2169 1258 2204 τινι
1284 2157 1629 2226 περιγράψας
1661 2141 1839 2217 αὐτόν.
1872 2163 1976 2216 0‘5-

403 2249 480 2286 τω
511 2235 604 2287 καὶ
639 2237 701 2289 σὺ
741 2235 834 2307 μὴ,
861 2238 1046 2311 ἐπειδὴ
1099 2243 1180 2304 είς
1217 2244 1386 2298 ἑαυτά
1428 2249 1670 2302 συννεύει
1695 2251 1764 2305 τά
1792 2252 1975 2326 κύκλῳ

402 2327 718 2398 κινούμενα,
744 2329 804 2382 τὸ
826 2329 925 2398 τῆς
964 2334 1227 2403 κινήσεως
1273 2337 1452 2391 αὐτῶν
1479 2341 1698 2410 ὁμαλὸν,
1749 2346 1842 2398 καὶ
1873 2364 1974 2417 μη-

400 2418 513 2472 δενὶ
549 2420 696 2490 μέσῳ
724 2420 832 2490 (26)
873 2422 1314 2495 διακοπτόμενον,
1351 2430 1448 2500 τὴν
1478 2432 1572 2485 τοῦ
1607 2433 1841 2506 ἄναρχον
1882 2440 1975 2493 τὸν

404 2511 606 2582 κόσμον
654 2514 748 2565 καὶ
781 2514 1134 2586 ἀτελεύτητον
1161 2515 1296 2572 εἷναί
1334 2539 1414 2575 σοι
1447 2523 1652 2596 πλάνην
1683 2529 1975 2598 ἐγκαταλίο

405 2619 501 2676 πῃ.
530 2603 781 2671 Παράγει
813 2605 920 2674 γὰρ
958 2606 1024 2659 τὸ
1074 2608 1282 2678 σχῆμα
1333 2613 1439 2668 τοῦ
1472 2617 1703 2685 κόσμου
1738 2621 1971 2676 τούτουο

404 2696 516 2756 καὶ,
576 2694 637 2748 '0
683 2697 936 2763 οὐρανός
988 2697 1086 2772 καὶ
1138 2701 1175 2767 ἠ
1221 2700 1294 2770 γῆ
1328 2708 1801 2771 παρελεύσονται
1835 2711 1969 2782 (27).

404 2787 863 2859 Προανανρώνησις
883 2789 991 2842 τῶν
1028 2791 1156 2862 περὶ
1191 2795 1498 2858 συντελείας
1544 2797 1828 2870 δογμάτων
1878 2805 1972 2858 καὶ

405 2880 532 2949 περὶ
571 2880 670 2949 τῆς
703 2880 794 2934 τοῦ
831 2881 1036 2953 κόσμου
1080 2887 1507 2957 μετα-ποιήσεως,
1534 2890 1601 2943 τὰ
1629 2890 1721 2945 νῦν
1753 2895 1810 2946 ὲν
1843 2895 1971 2966 βρα-

404 2971 520 3040 χέσι
562 2974 698 3026 κατά
748 2973 846 3043 τὴν
894 2976 1228 3045 στοιχείωσιν
1282 2979 1380 3049 τῆς
1430 2978 1784 3038 θεοπνεύστου
1829 2987 1972 3040 διδα-

406 3064 629 3128 σκαλίας
666 3066 1082 3136 παραδιδόμενα.
1114 3070 1216 3122 Ἐν
1241 3071 1398 3139 ἀρχῇ
1431 3073 1718 3142 ἐποίησεν
1743 3081 1776 3131 ό
1806 3081 1968 3148 Θεός.

2075 625 2306 682 dicens:
2353 629 2420 684 1η
2447 632 2700 699 principio
2741 631 2860 698 fecit
2896 631 3050 687 Deus.
3094 633 3256 689 Beata
3291 649 3508 704 natura,
3554 641 3637 695 itt-

2083 732 2214 786 gens
2243 719 2474 786 bonitas,
2503 722 2732 791 idipsum
2769 725 2908 790 quod
2936 724 3186 779 omnibus
3222 727 3444 782 rationis
3473 733 3640 798 parti—

2077 809 2286 878 cipibus
2316 823 2402 867 est
2426 815 2675 879 amabile,
2695 815 3035 883 pulchritudo
3064 818 3216 872 valde
3245 818 3636 890 desiderabilis,

2076 913 2260 952 eorum
2287 915 2406 969 quae
2433 903 2697 957 exsistunt
2749 904 3103 974 principium,
3132 905 3254 962 fons
3284 909 3406 962 vitae
3427 949 3444 975 ,
3477 912 3638 979 spiri-

2081 989 2241 1044 tualis
2279 989 2391 1055 lux,
2439 993 2701 1060 sapientia
2765 997 3061 1060 inaccessa,
3115 996 3236 1060 hic,
3287 997 3350 1051 In
3379 1001 3637 1071 principio

2076 1078 2198 1148 fecit
2234 1083 2417 1136 caelum
2447 1094 2496 1137 et
2528 1095 2738 1138 terram.

2145 1175 2201 1228 '5.
2244 1173 2319 1227 Ne
2345 1176 2507 1246 igitur
2527 1179 2755 1247 cogites,
2793 1195 2824 1232 ο
2846 1179 3026 1243 homo,
3051 1195 3110 1234 ea
3143 1195 3261 1250 qua:
3289 1183 3634 1252 conspiciun-

2080 1275 2183 1328 tur,
2217 1268 2482 1337 principio
2515 1284 2702 1324 Carere
2733 1288 2747 1324 :
2783 1282 2838 1326 et
2865 1277 2990 1342 quia
3020 1289 3082 1326 ea
3114 1289 3233 1341 qua:
3270 1274 3320 1328 iu
3357 1275 3492 1330 caelo
3525 1291 3641 1328 mo-

2079 1367 2289 1417 rentur.
2354 1361 2795 1430 circumaguntur
2845 1363 3186 1432 circulatim,
3239 1366 3533 1436 circulique
3586 1366 3641 1432 Δ

2079 1447 2394 1517 principium
2426 1461 2673 1519 prompto
2711 1467 2870 1506 sensu
2913 1470 2940 1506 a
2978 1454 3130 1509 nobis
3167 1456 3368 1524 percipi
3413 1471 3516 1509 non
3548 1472 3640 1524 pn-

2079 1547 2205 1602 test,
2243 1554 2308 1592 ne
2338 1539 2538 1593 idcirco
2566 1525 2811 1593 naturam
2833 1559 3016 1596 eorum
3042 1559 3326 1609 corporum
3354 1560 3474 1613 qua
3496 1545 3653 1599 orbi-

2078 1627 2298 1682 culatint
2322 1639 2605 1684 moventur
2631 1635 2904 1698 putaveris
2927 1634 3176 1703 principii
3199 1649 3318 1689 esse
3340 1645 3638 1703 expertem.

2079 1717 2261 1787 Neque
2286 1720 2427 1772 enim
2479 1720 2735 1774 circulum
2783 1721 2922 1776 hunc
2957 1723 3209 1792 (tiguram
3263 1726 3381 1780 dico
3420 1727 3638 1797 planam

2079 1822 2183 1860 una
2240 1807 2373 1861 linea
2412 1809 2933 1882 circumscriptam),
2983 1815 3238 1883 quoniam
3289 1830 3505 1872 sensum
3551 1835 3645 1872 no-

2078 1907 2249 1951 strum
2303 1897 2488 1968 ell‘ugit
2514 1940 2530 1964 ,
2566 1911 2658 1954 aut
2687 1903 2942 1971 quoniam
2997 1919 3171 1974 neque
3205 1908 3344 1962 unde
3390 1911 3637 1977 coeperit,

2079 2001 2251 2056 neque
2283 1989 2332 2040 in
2367 1989 2489 2057 quid
2522 1991 2994 2047 desinatinvenire
3033 2010 3336 2064 possumus,
3375 1998 3634 2054 continuo

2075 2088 2130 2134 et
2155 2079 2401 2150 principii
2429 2093 2696 2136 exsortem
2721 2098 2840 2138 esse
2863 2093 3098 2141 statuere
3113 2086 3388 2144 debemus.
3416 2088 3641 2156 Verum,

2078 2173 2290 2227 tametsi
2321 2189 2535 2229 settsum
2579 2175 2746 2246 fugit,
2781 2193 2966 2233 revera
2998 2188 3176 2234 tamen
3212 2182 3431 2236 omnino
3469 2185 3639 2252 cmpit

2075 2277 2103 2315 a
2137 2265 2387 2334 quopiam
2415 2305 2430 2328 ,
2463 2266 2552 2333 qui
2599 2281 2722 2321 eum
2777 2279 2965 2323 centro
2999 2281 3054 2325 et
3099 2273 3326 2339 quodam
3359 2274 3640 2329 intervallo

2076 2354 2582 2424 circumscripserit.
2613 2349 2704 2413 Sic
2734 2370 2788 2414 et
2823 2371 2900 2424 tu,
2928 2364 3183 2430 quoniam
3217 2379 3338 2432 qua:
3375 2367 3424 2418 in
3452 2366 3637 2420 orbem

2076 2456 2380 2509 versantur,
2409 2449 2595 2502 eodem
2632 2451 2881 2516 redeunt,
2915 2467 2982 2506 ne
3011 2453 3080 2506 ob
3114 2455 3248 2508 hanc
3284 2465 3460 2509 motus
3490 2456 3636 2523 ipso-

2077 2551 2196 2589 rum
2253 2539 2677 2604 aaqnahilitatcm
2724 2542 2874 2597 nullo
2928 2544 3216 2598 interstitio
3257 2545 3632 2614 interruptam,

2073 2623 2209 2680 falso
2237 2625 2543 2691 arbitreris,
2583 2630 2836 2682 mundmn
2864 2631 3123 2700 principio
3155 2647 3218 2686 ac
3253 2631 3356 2686 line
3385 2634 3626 2686 destitui.

2077 2714 2284 2770 Transit
2312 2720 2446 2770 enim
2471 2720 2640 2786 ﬁgura
2663 2721 2818 2790 Itujus
2838 2723 3017 2774 mutuli
3035 2723 3075 2776 ‘.
3101 2723 3183 2788 Et,
3208 2721 3406 2777 Caelum
3423 2734 3470 2776 et
3489 2732 3634 2777 terra

2073 2808 2366 2860 transibunt
2385 2808 2426 2860 ⁸.
2469 2810 2596 2874 Quae
2635 2825 2775 2863 nunc
2804 2810 3036 2865 breviter
3064 2813 3215 2866 initio
3258 2814 3515 2868 doctrina:
3549 2815 3632 2868 di-

2074 2898 2269 2952 vinitus
2315 2899 2584 2966 inspirata:
2623 2901 2923 2967 traduntur,
2976 2902 3226 2972 dogmata
3267 2903 3332 2958 de
3379 2919 3633 2958 consum-

2074 2989 2329 3052 matione,
2359 2989 2530 3058 deque
2565 2990 2745 3043 mundi
2772 2990 3146 3045 immutatione
3181 2992 3517 3062 prtecinunt:
3553 2992 3622 3046 In

2071 3082 2329 3150 principio
2365 3082 2485 3149 fecit
2514 3080 2674 3135 Deus.
2717 3083 2844 3149 Quae
2874 3098 2901 3134 a
2935 3091 3175 3151 tempore
3218 3083 3425 3138 initium
3468 3085 3636 3138 duxe-

403 3157 482 3210 Τά
502 3157 608 3209 ἀπὸ
631 3158 822 3228 χρόνου
861 3159 1137 3229 ἀρξάμενα
1172 3163 1318 3215 πᾶσα
1345 3165 1552 3236 ἀνάγκη
1585 3168 1676 3220 καὶ
1709 3168 1764 3221 ὲν
1797 3171 1971 3244 χρόνῳ

2077 3180 2219 3236 runt,
2253 3185 2313 3224 ea
2344 3170 2397 3224 in
2425 3179 2663 3238 tempore
2685 3173 2848 3224 etiam
2882 3186 3102 3224 necesse
3126 3181 3209 3224 est
3231 3172 3450 3226 omnino
3475 3172 3636 3226 inter-

405 3250 830 3320 συντελεσθῆναι.
850 3253 909 3304 Et
935 3252 1047 3322 (98)
1077 3253 1250 3325 ἀρχὴν
1308 3254 1418 3326 ἔχει
1447 3258 1720 3329 χρονικὴν,
1755 3260 1827 3332 μὴ
1856 3263 1965 3332 ἀμ-

403 3341 637 3412 φιϐάλῃς
671 3343 794 3413 περὶ
849 3343 941 3395 τοῦ
986 3344 1190 3407 τέλους.
1240 3346 1572 3416 Γεωμετρίαι
1603 3350 1711 3422 γὰρ
1732 3354 1825 3407 καὶ
1849 3355 1968 3426 ἀρι-

403 3432 664 3504 θμητικαὶ
697 3435 932 3506 μέθοδοι,
959 3437 1053 3488 καὶ
1082 3439 1136 3490 αἱ
1155 3437 1277 3508 περὶ
1298 3438 1407 3492 τῶν
1453 3441 1684 3511 στερεῶν
1714 3461 1972 3516 πραγμα-

402 3527 559 3585 τεῖαι,
587 3525 680 3578 καὶ
724 3526 1208 3598 ήπολυθρύλλητος
1243 3529 1590 3601 ἀστρονομία,
1620 3535 1653 3602 ή
1682 3533 1974 3607 πολυάσχο-

400 3613 489 3678 λος
549 3617 868 3686 ματαιότης.
921 3617 1056 3689 πρὸς
1105 3622 1252 3671 ποῖον
1305 3622 1736 3692 καταστρέφουσι
1785 3625 1964 3692 τέλος;

402 3706 574 3777 Εἴπερ
614 3709 661 3759 οἱ
707 3709 833 3779 περὶ
877 3709 1047 3762 ταῦτα
1076 3709 1474 3774 ἐσπουδακότες
1531 3715 1798 3768 συναῖδιον
1831 3713 1968 3772 εἴναι

402 3796 478 3866 τῷ
522 3799 714 3871 κτίστῃ
765 3798 872 3851 τῶν
905 3799 1040 3853 ὅλων
1076 3800 1194 3871 Θεῷ
1238 3803 1331 3855 καὶ
1361 3802 1452 3855 τὸν
1488 3802 1760 3875 ὁρώμενον
1784 3808 1968 3864 τοῦτον

403 3889 603 3959 κόσμον
626 3891 1001 3963 διενοήθησαν,
1046 3893 1180 3964 πρὸς
1220 3893 1318 3964 τὴν
1352 3893 1522 3966 αὐτὴν
1552 3895 1708 3962 δόξαν
1736 3900 1965 3970 ἀγαγόν-

473 4001 495 4032 ⁵
525 3999 690 4056 lCor.
721 4018 816 4066 vn,
842 4003 930 4057 51.
1009 4002 1030 4034 ⁸
1059 4003 1247 4058 Matth.
1279 4021 1426 4068 xxw,
1450 4005 1539 4060 35.

472 4119 586 4193 (25)
621 4119 789 4193 Colb._
828 4121 1094 4193 secundus
1145 4122 1439 4193 πολύτιμον
1489 4124 1679 4190 ὄνομα.
1726 4121 1835 4176 Nec
1893 4123 1964 4178 ita

401 4191 570 4244 multo
601 4201 717 4254 post
744 4191 880 4261 idem
911 4192 1077 4244 codex
1111 4208 1230 4243 cum
1260 4191 1499 4246 Coinbef.
1524 4193 1584 4245 τὸ
1615 4193 1965 4261 ἀγαπητὸν...

401 4260 637 4332 ἀξίωμα,
667 4260 915 4332 maiestas
931 4263 1187 4332 notabilis.
1226 4263 1420 4315 Ibidem
1450 4278 1587 4332 unus
1621 4262 1762 4332 Reg.
1791 4260 1968 4332 μετει-

401 4327 609 4402 ληχόσι.
666 4328 805 4402 Infra
838 4327 986 4402 Bodl.
1026 4346 1164 4402 cum
1197 4332 1353 4384 editis
1397 4331 1588 4402 ἐπειδὴ
1646 4327 1831 4402 κύκλῳ
1882 4349 1963 4388 σε.

401 4399 566 4471 Cois].
601 4400 867 4452 secundus
889 4401 945 4450 ὲν
974 4399 1156 4471 κύκλῳ
1173 4417 1252 4465 σε,
1286 4401 1491 4471 duabus
1523 4399 1702 4455 itidem
1722 4399 1962 4457 vocibus.

402 4469 472 4522 At
512 4469 641 4534 Reg.
674 4477 862 4521 sextus
893 4471 1044 4521 unira
1081 4469 1207 4524 voce
1252 4470 1497 4524 κύκλωσε
1529 4490 1542 4526 :
1583 4473 1676 4526 sed
1721 4473 1967 4526 scriben-

401 4539 550 4601 dum,
583 4538 632 4589 ni
671 4538 840 4594 fallor.
875 4537 1124 4604 κυκλόσε,
1154 4556 1254 4593 non
1281 4541 1544 4599 κύκλωσε.

482 4607 596 4681 (9.43
628 4606 768 4681 Editi
818 4607 1101 4681 διαερεύγῃ.
1128 4610 1196 4663 At
1223 4621 1446 4677 uterque
1483 4613 1610 4681 Duc.
1643 4622 1694 4666 et
1729 4611 1817 4664 alii
1863 4611 1967 4665 duo

405 4691 535 4746 mss.
560 4676 863 4746 διαφεύγει.
895 4676 1088 4732 Statim
1119 4696 1250 4733 mss.
1281 4676 1371 4734 ses
1401 4682 1494 4734 καὶ
1517 4680 1660 4734 οὕτε.
1689 4683 1844 4736 Deest
1871 4681 1964 4734 καί

404 4744 457 4801 in
484 4747 662 4799 editis.

477 4815 594 4888 (‘25)
623 4815 773 4888 Colb.
802 4816 1006 4888 primus
1037 4817 1234 4888 εὑρεῖν.
1275 4818 1392 4874 Mox
1423 4821 1562 4874 idem
1612 4835 1714 4874 ms.
1737 4819 1798 4872 τδ
1831 4815 1968 4885 εἶδος

402 4881 696 4970 διαφεύγῃτ
723 4881 862 4970 Editi
889 4881 1187 4970 διαεεεύγει.
1218 4888 1427 4970 ljecita
1458 4891 1625 4945 multo
1668 4898 1788 4960 post
1833 4881 1966 4947 mss:

405 4957 642 5024 quinque
672 4957 700 5008 ὁ
728 4955 952 5027 κέντρῳ.
978 4955 1116 5010 Editi
1140 4961 1167 5011 ὁ
1193 4959 1270 5028 τῷ
1297 4959 1526 5031 κέντρῳ.
1668 4955 1683 4960 “

426 5092 438 5098 _
479 5024 591 5094 (26)
624 5026 976 5098 Siculerquei
1007 5027 1138 5082 Duc.
1168 5039 1219 5082 et
1268 5030 1475 5098 Anglic.
1507 5041 1558 5084 et
1586 5029 1739 5087 Colb.
1774 5045 1965 5086 secun-

406 5092 508 5168 dus
537 5092 658 5149 cum
691 5095 1071 5168 liegiisprimo
1100 5109 1153 5150 et
1196 5092 1405 5168 quinto.
1469 5099 1610 5153 Editi
1659 5115 1780 5154 cum
1811 5100 1965 5156 Coll).

406 5165 580 5236 primo
607 5165 796 5236 tandem.
832 5165 1014 5234 μέσον.
1063 5165 1229 5236 ιιιιιιεξ
1262 5168 1382 5224 Mox
1434 5170 1598 5224 editio
1647 5168 1807 5225 Basil.
1846 5185 1966 5225 cum

404 5230 556 5309 _C_olb.
595 5230 770 5309 [trimo
798 5230 1187 5309 ἐγκαταλείπῃ.
1224 5239 1354 5309 lleg.
1411 5242 1680 5294 secundus
1738 5243 1971 5309 ἐγκατα-

402 5299 800 5380 λίποι.ἘιΙίιίο
840 5299 1034 5362 Ῥιιι-ἰε.
1075 5299 1196 5362 ου’ἱιι
1245 5299 1512 5378 aliquibus
1554 5325 1687 5365 mss.
1740 5299 1974 5380 ἐγκαταο

457 5389 589 5526 Ἰέἦ)
607 5443 745 5497 Editi
771 5459 891 5528 cum
909 5445 1040 5528 Reg.
1063 5446 1236 5513 primo
1251 5456 1308 5528 et
1327 5463 1449 5501 cum
1476 5463 1632 5504 sacro
1656 5459 1800 5528 textu
1826 5467 1973 5521 παρ-

404 5509 736 5592 ελεύσονται.
915 5509 1152 5592 quinque
1216 5517 1305 5571 alii
1357 5534 1495 5592 tuss.
1528 5509 1969 5592 Δποιρελεύσειιειὶι.

409 5581 744 5659 Haudlmtge
771 5581 1162 5659 Qo_lb.;pritittts
1200 5586 1630 5659 παραδεδομένα.

477 5651 588 5720 (28)
619 5651 711 5706 Sic
731 5655 893 5710 editio
920 5651 1081 5710 Basil.
1106 5671 1228 5711 cum
1257 5651 1348 5712 sex
1391 5651 1521 5712 mss.
1556 5661 1623 5712 At
1661 5659 1825 5714 editio
1859 5658 1958 5713 Pa-

407 5721 502 5799 ris.
531 5723 760 5799 eiurato.
809 5724 946 5799 ldos
973 5725 1216 5799 quinque
1257 5743 1388 5799 mss.
1433 5729 1767 5799 ἀμφιϐάλῃς.
1817 5730 1958 5785 Editi

404 5791 766 5866 dumwlkﬁc.
801 5795 948 5862 Quod
973 5791 1047 5853 ait
1068 5791 1440 5864 Cbnrbeﬁsins,
1475 5791 1616 5855 hanc
1656 5791 1836 5856 BitSilii
1866 5803 1957 5857 do-

2072 3263 2170 3318 ire.
2202 3262 2256 3316 Si
2285 3261 2582 3330 temporale
2610 3261 2820 3315 initium
2851 3276 3146 3329 accepere,
3199 3275 3264 3315 ne
3311 3261 3520 3317 dubites
3570 3263 3636 3318 de

2072 3356 2198 3408 line.
2230 3352 2364 3406 Nam
2399 3354 2688 3422 geometria
2711 3394 2725 3417 ,
2761 3353 2992 3407 rationes
3036 3353 3424 3419 arithmetica),
3461 3354 3636 3424 inqui-

2070 3446 2292 3500 sitioaes
2320 3446 2387 3500 de
2423 3446 2608 3500 solidis
2630 3486 2644 3509 ,
2676 3447 3002 3500 astronomia
3039 3447 3172 3499 adeo
3200 3445 3502 3514 decantata,
3536 3463 3633 3501 ne-

2072 3528 2433 3607 gotioSissima
2470 3536 2713 3600 vanitas,
2749 3536 2814 3590 ad
2863 3535 3073 3606 qualem
3116 3536 3274 3590 ﬂuent
3329 3535 3635 3592 divertuut?

2072 3625 2350 3695 Siquidem
2398 3627 2655 3680 harumce
2704 3642 2882 3680 rerum
2931 3627 3157 3681 studiosi
3205 3627 3346 3682 hunc
3377 3631 3632 3682 mundum

2067 3718 2344 3786 visibilem.
2367 3719 2754 3786 sempiternum
2781 3733 2903 3772 esse
2931 3733 3032 3771 una
3066 3733 3186 3772 cum
3219 3719 3499 3774 conditore
3521 3721 3634 3772 uni-

2070 3824 2348 3864 versorum
2396 3810 2503 3862 Deo
2529 3812 2916 3878 decreverunt;
2960 3812 3157 3864 nmndo
3188 3810 3593 3880 circumscripto
3613 3854 3628 3876 ,

2072 3901 2358 3972 eidemque
2405 3917 2602 3971 corpus
2649 3917 2713 3957 ex
2754 3905 2979 3957 materia
3034 3913 3370 3959 comuactum
3414 3904 3632 3960 habenti

2073 4126 2300 4200 ctrinam
2343 4127 2473 4181 nihil
2503 4128 2708 4197 ﬁrmam
2736 4144 2868 4200 esse,
2922 4129 2973 4182 id
3007 4137 3208 4186 temere
3243 4130 3446 4186 dictum
3477 4145 3630 4200 puta.

2075 4213 2214 4269 Inus.
2245 4197 2415 4250 Causa
2446 4196 2620 4250 autem
2644 4212 2740 4269 cur
2766 4199 2833 4249 ita
2852 4196 3072 4264 indicet,
3102 4201 3213 4255 haec
3238 4211 3341 4268 est,
3367 4196 3506 4269 quod
3534 4222 3631 4258 an-

2071 4267 2181 4340 geli
2215 4270 2498 4340 animaque
2546 4267 2961 4340 emperint,’nec
3001 4278 3178 4322 tamen
3214 4272 3334 4340 sint
3385 4267 3626 4340 unquam

2071 4337 2313 4390 desituri.
2340 4338 2445 4391 Sed
2470 4339 2590 4405 quis
2615 4354 2716 4390 non
2761 4339 2901 4390 videt
2925 4339 3223 4393 i'nmerenti
3260 4339 3456 4394 Basilio
3479 4337 3624 4398 litem

2074 4406 2280 4469 inferri,
2305 4423 2426 4480 cum
2481 4415 2688 4480 constet
2715 4421 2839 4480 eum
2885 4409 2984 4480 ltot‘.
3032 4408 3148 4480 loco
3177 4425 3278 4480 non
3329 4414 3392 4462 de
3420 4415 3627 4480 angelis

2073 4485 2164 4528 aut
2197 4481 2262 4530 de
2300 4477 2499 4538 anima,
2529 4477 2618 4529 sed
2647 4477 2712 4530 de
2745 4476 2873 4529 solis
2896 4478 3053 4530 rebus
3075 4477 3369 4532 visibilibus
3390 4476 3623 4534 locutum

2072 4544 2274 4600 fuisse?
2298 4545 2470 4613 Ipsum
2496 4546 2807 4616 audiamus:
2833 4546 3123 4616 Siquidem,
3160 4549 3350 4615 inquit,
3379 4549 3628 4605 harumce

2074 4632 2242 4668 rerum
2273 4616 2496 4669 studiosi
2527 4614 2777 4668 visibilem
2818 4614 2952 4668 hunc
2981 4614 3242 4669 mundun!
3261 4622 3629 4685 sempiternum

2071 4701 2179 4736 esse
2205 4703 2309 4738 una
2343 4702 2457 4737 cum
2481 4686 2746 4737 conditore
2774 4686 3129 4738 universorum
3153 4687 3257 4741 Deo
3274 4689 3626 4746 decreverunt.

1999 4766 2043 4822 ι)
2073 4755 2204 4828 _C_utu
2238 4756 2398 4824 igitur
2426 4757 2599 4828 angeli
2631 4767 2683 4808 et
2705 4756 2893 4828 anima
2914 4770 3006 4821 per
3035 4770 3093 4809 se
3122 4772 3223 4808 non
3248 4759 3356 4811 sint
3378 4772 3616 4828 aspecta-

2072 4825 2234 4900 bileﬂs‘.‘
2259 4839 2354 4879 nec
2375 4825 2541 4900 oculis
2568 4826 2726 4900 cerui
2753 4826 2980 4900 possint,
3010 4841 3180 4900 neque
3202 4830 3266 4881 de
3290 4829 3418 4900 bac,
3442 4825 3630 4900 neque

2051 4896 2139 4947 'de
2163 4894 2267 4970 illis
2297 4893 2453 4970 verba
2487 4894 2890 4970 Basiliidebent
2916 4896 3107 4970 accipi.
3138 4896 3184 4949 ls
3212 4899 3398 4952 unicus
3434 4893 3630 4970 scopas

2074 4974 2157 5017 est
2186 4963 2363 5018 Patris
2389 4965 2691 5033 gravissimi
2756 4980 2820 5018 ac
2874 4967 3226 5033 propositum,
3261 4978 3318 5021 ut
3354 4963 3623 5034 ostendat,

2073 5036 2328 5106 mundum
2364 5049 2459 5106 per
2487 5049 2544 5106 se
2571 5044 2639 5106 et,
2654 5044 2840 5106 suapte
2859 5045 3048 5106 natura
3075 5047 3329 5106 aeternum
3359 5055 3462 5093 non
3485 5055 3624 5106 esse,

2072 5103 2166 5175 sed
2200 5103 2458 5173 quidquid
2495 5103 2706 5159 visibile
2738 5114 2835 5175 est
2857 5105 2907 5157 in
2941 5104 3138 5175 mundo
3163 5115 3324 5175 atque
3349 5103 3624 5174 sensibile,

2077 5172 2313 5248 id_on’tne
2339 5173 3020 5248 corruptiouisubjace_re.
3067 5172 3458 5248 lianc—antem
3509 5172 3628 5248 eius

2077 5243 2152 5318 rei
2182 5258 2400 5318 causam
2427 5241 2802 5318 Basiliusipse
2819 5241 2999 5297 statim
3025 5241 3180 5297 all‘ert
3208 5261 3224 5298 :
3249 5244 3360 5300 Nec
3385 5250 3482 5302 hoc
3510 5241 3624 5318 qua.

2073 5314 2213 5376 dem,
2246 5315 2437 5382 inquit,
2464 5314 2875 5367 animadvertere
2905 5322 3210 5379 potuerunt,
3255 5320 3392 5384 quod
3423 5314 3624 5372 necesse

2072 5384 2140 5435 sit
2171 5391 2356 5448 totum,
2381 5384 2533 5451 cujus
2563 5397 2734 5452 partes
2758 5384 3077 5448 corruptioni
3105 5395 3152 5436 et
3191 5387 3468 5439 mutationi
3495 5388 3623 5440 sub-

2063 5453 2267 5524 jarent,
2296 5455 2462 5518 ipsum
2491 5470 2694 5522 quoque
2715 5455 3000 5524 aliquando
3035 5453 3218 5507 iisdem
3257 5456 3622 5524 alfcctionibus

2072 5522 2349 5594 obnoxium
2394 5539 2524 5590 esse,
2551 5533 2701 5592 atque
2728 5523 2880 5594 illius
2911 5533 3102 5594 partes.
3135 5522 3304 5594 _Quod
3332 5541 3620 5594 argumen-

2075 5592 2215 5663 tandi
2255 5608 2422 5662 genus
2473 5609 2602 5663 pace
2641 5592 2740 5647 viri
2787 5593 3080 5663 doctissimi
3117 5592 3344 5649 dixerim
3399 5592 3622 5652 multum

2062 5660 2546 5733 habere—momenti
2577 5674 2744 5733 atque
2773 5663 3000 5718 roboris.
3026 5660 3278 5717 Basiliam
3306 5677 3518 5723 secutus
3540 5678 3623 5723 est

2063 5731 2402 5798 Ambrosius,
2447 5733 2536 5789 lib.
2568 5749 2584 5788 ι
2618 5731 2671 5788 ia
2701 5732 2953 5790 Hexaem.
2977 5747 3098 5804 pag.
3123 5733 3177 5798 6,
3208 5749 3354 5790 nunt.
3395 5735 3479 5791 lO.
