4082 6398
481 412 543 470 ﬂ
1863 415 1923 470 Β.
1964 411 2206 468 BASlLll
2246 412 2463 469 MAGNI
3678 409 3742 466 l9.

475 529 723 594 aanidem
747 529 977 599 gloriam
1007 537 1170 600 alque
1199 528 1734 600 incomprehensibili
1778 538 1984 585 naturae
2005 537 2059 582 et

2165 543 2254 589 τες
2320 525 2432 597 (29)
2481 526 2572 578 τὸν
2637 524 3152 596 περιγεγραμμένον
3195 525 3288 577 καὶ
3341 525 3498 595 σῶμα
3549 524 3738 594 ἔχοντα

479 622 738 678 invisibili
779 624 1102 679 tribuentes.
1136 623 1212 678 Ne
1243 626 1346 679 hoc
1377 625 1594 694 quidem
1620 624 2056 677 animadvertere

479 726 775 786 potuerunt
799 756 814 780 ,
850 716 992 784 quod
1033 729 1255 770 necesse
1295 717 1366 771 sit
1398 728 1450 770 et
1495 726 1663 771 totum
1692 715 1846 782 cujus
1873 726 2057 785 partes

479 808 812 878 corruptioni
838 816 892 862 et
911 808 1193 862 mutationi
1219 808 1524 877 subjacent,
1548 809 1737 863 iisdem
1765 808 2058 878 aliquando

481 899 774 953 obnoxium
823 912 946 953 esse
987 897 1366 952 all'ectionibus
1395 939 1409 961 ,
1441 909 1604 965 atque
1635 893 1807 968 ipsius
1849 907 2053 967 partes.

476 990 584 1044 Sed
609 1004 779 1058 usque
819 991 952 1043 adeo
983 989 1322 1043 Evannerunt
1363 991 1417 1041 in
1464 990 1876 1058 cogitationibus
1911 990 2054 1052 suis,

476 1089 525 1136 et
553 1081 890 1135 obscuratum
921 1089 996 1134 est
1026 1081 1275 1149 insipiens
1310 1098 1401 1134 cor
1433 1099 1635 1146 eorum,
1669 1095 1716 1136 et
1741 1085 1970 1138 dicentes
2002 1101 2057 1138 se

475 1191 588 1234 esse
613 1176 873 1243 sapientes
901 1215 914 1236 ,
952 1174 1022 1228 ita
1062 1174 1216 1228 stulti
1241 1174 1370 1243 [acti
1399 1176 1580 1241 sunt",
1623 1186 1679 1228 ut
1705 1175 1797 1228 alii
1839 1176 2054 1244 quidem

477 1261 637 1319 simul
672 1276 794 1317 cum
821 1262 932 1317 Deo
971 1262 1169 1317 caelum
1201 1265 1267 1318 ab
1291 1274 1495 1318 aiterno
1529 1267 1792 1320 exsistere
1823 1267 2059 1320 allirma-

477 1357 622 1420 rint;
651 1354 740 1409 alii
774 1369 902 1409 vero
931 1354 1060 1409 illud
1090 1355 1264 1420 ipsum
1289 1373 1409 1412 esse
1443 1358 1609 1413 Deum
1641 1359 1759 1413 sine
1790 1358 2057 1428 principio

479 1449 672 1505 etsine
696 1449 820 1513 line,
858 1458 1021 1519 atque
1049 1450 1460 1519 gubernationis
1501 1468 1681 1507 rerum
1720 1452 2056 1522 singularum

479 1553 700 1594 causam
734 1553 856 1594 esse
879 1542 1188 1595 statuerint.

547 1633 603 1686 4.
647 1630 896 1686 Proiecto
921 1633 1110 1687 isthazc
1151 1634 1435 1689 mundana:
1481 1637 1763 1706 sapientia:
1787 1637 1945 1705 copia
1979 1636 2059 1692 eis

478 1725 772 1797 aliquando
827 1727 1333 1782 condemnationem
1404 1738 1646 1784 accerset
1719 1731 2056 1800 graviorem,

478 1817 679 1887 quippe
703 1817 830 1886 quia
864 1819 1000 1873 adeo
1025 1827 1242 1873 acutum
1277 1819 1329 1873 in
1360 1820 1517 1874 vanis
1543 1820 1701 1876 rebus
1736 1829 2020 1875 cernentes
2040 1859 2054 1883 ,

477 1917 671 1977 suapte
700 1915 890 1976 sponte
919 1908 971 1961 in
1001 1908 1347 1978 intelligenda
1375 1910 1600 1964 veritate
1624 1911 1880 1965 obctecati
1906 1919 2053 1966 sunt.
2090 1918 2130 1975 Β

478 1998 580 2065 Qui
621 2013 787 2067 porro
813 1998 985 2068 spatia
1016 1999 1375 2053 dimetiuntur
1405 1998 1707 2063 stellarum,
1745 2001 2054 2069 assignant-

478 2105 584 2160 qne
613 2105 861 2159 quaenam
897 2105 1113 2160 semper
1145 2089 1460 2158 alinlgeant,
1485 2100 1540 2145 et
1570 2107 1815 2159 quaenam
1845 2101 2057 2160 septen-

479 2181 738 2236 trionales
769 2182 896 2246 sint,
937 2192 994 2238 et
1038 2183 1128 2252 qui
1163 2183 1298 2237 sitas
1348 2183 1491 2238 circa
1527 2185 1831 2238 austrinum
1871 2185 2053 2254 polum

477 2274 662 2331 Stellas
693 2273 799 2329 illic
827 2275 1041 2344 quidem
1071 2276 1441 2330 habitantibus
1476 2275 1526 2347 5
1565 2279 1890 2346 conspicuas
1910 2318 1923 2338 ,
1957 2293 2056 2332 no-

479 2366 566 2421 bis
596 2381 723 2420 vero
755 2366 966 2438 ignotas
990 2367 1308 2424 describunt
1335 2408 1348 2431 ,
1384 2378 1439 2427 et
1462 2355 1799 2422 latitudinem
1845 2371 2055 2437 aquilo-

476 2474 662 2517 narem
697 2475 759 2514 ac
791 2460 1071 2526 zodiacum
1096 2461 1356 2516 circulum
1384 2462 1683 2516 innumeris
1713 2462 1903 2531 spatiis
1925 2463 2059 2516 divi-

480 2556 636 2620 dunt,
675 2563 730 2609 et
760 2563 1031 2610 astrorum
1065 2556 1463 2620 conversiones,
1495 2555 1864 2622 stabilitatem,
1896 2556 2059 2610 decli-

481 2647 751 2716 nationes,
785 2662 1082 2719 eorumque
1105 2649 1347 2705 mnnium
1397 2650 1461 2702 ad
1496 2650 1672 2718 prima
1704 2650 1816 2704 loca
1852 2659 2056 2720 motum

477 2737 762 2809 diligenter
789 2739 1106 2804 observant,
1139 2748 1189 2794 et
1220 2750 1424 2809 quanto
1451 2748 1690 2809 tempore
1719 2741 2056 2810 unumquod-

478 2845 582 2898 que
608 2831 846 2885 siderum
895 2833 1200 2887 errantium
1238 2832 1527 2886 circuitum
1581 2848 1736 2887 suum
1794 2823 2053 2900 espleat:

478 2923 515 2978 ii
541 2940 700 2978 unam
736 2940 801 2979 ex
827 2926 1079 2981 omnibus
1101 2935 1269 2980 artem
1295 2941 1400 2979 non
1439 2925 1727 2991 invenere,
1761 2940 1863 2995 qua
1894 2940 2059 2994 agno-

480 3026 697 3072 scerent
732 3019 898 3072 Deum
928 3033 1049 3074 esse
1078 3019 1314 3073 universi
1341 3018 1613 3087 opiﬁcem,
1649 3027 1704 3073 et
1732 3017 1940 3086 justum
1971 3017 2058 3086 ju-

477 3107 653 3178 dicem
681 3147 696 3173 ,
728 3109 970 3178 aeliones
1002 3110 1123 3164 vitae
1173 3126 1272 3179 pro
1320 3111 1516 3164 merito
1570 3118 2005 3164 remunerantem
2039 3127 2054 3177 ;

480 3217 656 3276 neque
701 3205 846 3274 banc
903 3204 1384 3259 consummationis
1431 3204 1819 3272 cogitationem
1869 3201 2056 3271 jndieii

2163 617 2366 681 ὑλικὸν,
2415 621 2480 688 τῇ
2526 617 2883 688 ἀπεριλὴπτῳ
2929 617 3024 670 καὶ
3084 617 3300 688 ἀοράτῳ
3356 617 3536 692 φύσει,
3596 619 3728 689 μηδὲ

2157 710 2412 762 τοσοῦτον
2437 709 2754 779 δυνηθέντες
2781 707 3119 778 ὲννοηθῆναι.
3162 709 3242 760 ὅτι
3261 703 3320 762 οὗ
3352 708 3574 780 τὰμέρη
3608 707 3739 777 φθο-

2163 805 2283 872 ραῖς
2316 800 2410 854 καὶ
2435 800 2784 854 ἀλλοιώσεσιν
2821 800 3125 861 ὑπόκειται,
3151 798 3341 852 τούτου
3374 801 3471 852 καὶ
3522 797 3571 850 σὺ
3622 799 3743 851 ὅλον

2160 893 2373 964 ἀνάγκη
2402 894 2529 946 ποτὲ
2560 894 2628 946 τὰ
2676 892 2815 946 αὑτά
2847 892 3143 962 παθήματα
3175 895 3284 956 τοῖς
3310 893 3528 955 οἰκείοις
3583 891 3743 964 μέρε-

2162 1005 2245 1040 σιν
2278 985 2596 1056 ὑποστῆναι.
2637 985 2796 1038 Ἀλλά
2829 984 3079 1038 τοσοῦτον
3114 982 3594 1053 Ἐματαιὼθησωο
3621 982 3744 1048 τοῖς

2159 1077 2570 1147 διαλογισμοῖς
2609 1075 2827 1142 αὐτῶν,
2879 1077 2977 1129 καὶ
3009 1077 3336 1144 ἐσκοτίσθη
3373 1077 3409 1142 ἡ
3448 1076 3742 1142 ἀσύνετος

2159 1171 2359 1224 αὐτῶν
2391 1169 2624 1237 καρδία,
2669 1169 2766 1222 καὶ
2807 1168 3147 1238 φάσκοντες
3196 1169 3348 1221 εἶναι
3392 1167 3570 1236 σοφοὶ
3599 1168 3744 1236 ἐμω-

2152 1263 2494 1332 ράνθησαν,
2530 1262 2670 1315 ὥστε
2704 1264 2752 1315 οἱ
2795 1263 2891 1333 μὲν
2930 1262 3296 1332 συνυπάρχειν
3339 1261 3397 1327 ἐξ
3447 1260 3618 1314 ἀϊδίου
3665 1261 3744 1332 τῷ

2159 1356 2278 1426 Θεῷ
2306 1356 2398 1409 τὸν
2428 1356 2657 1427 οὐρανὸν
2679 1357 3046 1427 ἀπεφήναντο·
3082 1356 3131 1408 οἱ
3166 1355 3221 1408 δὲ
3252 1355 3412 1407 αὑτὸν
3447 1350 3586 1408 εἶναι
3611 1354 3743 1409 Θεὸν

2159 1450 2392 1520 ἄναρχόν
2425 1466 2481 1501 τε
2519 1449 2626 1519 (50)
2671 1449 2765 1502 καὶ
2795 1447 3173 1519 ἀτελεύτητον,
3217 1448 3310 1500 καὶ
3337 1448 3434 1517 τῆς
3458 1447 3567 1500 τῶν
3600 1446 3744 1510 κατὰ

2164 1539 2328 1610 μέρος
2362 1542 2540 1592 οἱκονο
2547 1541 2676 1610 μίας
2702 1540 2893 1592 αἴτιον.

2231 1635 2284 1688 4.
2310 1629 2490 1686 Ἦπου
2537 1633 2717 1695 αὐτοῖς
2757 1634 2789 1703 ἡ
2823 1630 3110 1703 περιουσία
3151 1633 3248 1702 τῆς
3292 1632 3385 1684 τοῦ
3421 1632 3620 1702 κόσμου
3658 1649 3743 1684 σο-

2161 1726 2288 1796 φίας
2331 1726 2645 1798 προσθήκην
2685 1724 2820 1778 οἴσει
2879 1725 3007 1778 ποτὲ
3053 1724 3154 1798 τῆς
3199 1725 3440 1795 χαλεπῆς
3483 1725 3746 1796 κατακρί-

2164 1837 2319 1883 σεως,
2347 1820 2429 1872 ὅτι
2455 1818 2626 1881 οὕτως
2660 1818 2751 1884 ὀξὺ
2777 1819 2903 1890 περὶ
2928 1818 2994 1871 τὰ
3024 1818 3226 1888 μάταια
3251 1817 3556 1885 βλέποντες,
3588 1817 3742 1871 ἐκόν-

2158 1929 2248 1975 τες
2291 1911 2424 1984 πρὸς
2455 1911 2552 1982 τὴν
2585 1910 2794 1965 σύνεσιν
2825 1911 2925 1979 τῆς
2956 1910 3211 1982 ἀληθείας
3250 1909 3738 1980 ἀπετυψλῶθησαν.

2173 2004 2313 2056 Ἀλλ’
2344 2005 2394 2056 οἱ
2429 2003 2537 2056 τῶν
2585 2004 2694 2074 (51)
2760 2003 2974 2077 ἄστρων
3012 2003 3080 2057 τὰ
3122 2005 3461 2075 διαστήματα
3502 2021 3745 2074 καταμε-

2157 2097 2444 2168 τροῦντες,
2484 2097 2575 2150 καὶ
2613 2098 2738 2159 τοὺς
2789 2098 3068 2168 ἁειιρανεῖς
3116 2096 3294 2151 αὐτῶν
3334 2098 3427 2150 καὶ
3465 2095 3744 2167 ἀρκτῴους

2157 2189 2599 2263 ἀπογραφόμενοι
2640 2189 2773 2259 (52),
2811 2190 2904 2242 καὶ
2931 2189 3043 2242 ὅσοι
3074 2190 3201 2262 περὶ
3236 2189 3324 2241 τὸν
3363 2188 3534 2243 νότιον
3585 2187 3745 2248 πόλον

2159 2283 2400 2352 κείμενοι
2446 2286 2558 2346 τοῖς
2595 2283 2694 2352 μέν
2745 2284 2849 2337 εἰσι
2887 2281 3147 2354 φανεροὶ,
3191 2284 3322 2352 ἡμῖν
3353 2282 3410 2334 δὲ
3444 2282 3741 2349 ἄγνωστον

2159 2375 2254 2428 καὶ
2297 2375 2505 2447 βόρειον
2547 2375 2786 2440 πλάτος,
2840 2377 2934 2428 καὶ
2981 2376 3242 2440 ζωδιακὸν
3292 2374 3488 2428 κύκλον
3535 2376 3748 2444 μυρίοις

2158 2469 2489 2538 διαστήμασι
2537 2467 2904 2540 διαιροῦντες·
2953 2468 3047 2520 ml.
3101 2467 3454 2538 ὲπαναφοράς
3507 2467 3745 2540 ἄστρων,

2159 2557 2254 2610 καὶ
2302 2559 2661 2629 στηριγμοὺς,
2714 2559 2805 2611 καὶ
2847 2558 3191 2623 ἀποκλίσεις,
3248 2559 3341 2610 καὶ
3390 2558 3607 2612 πάντων
3648 2558 3746 2631 τὴν

2161 2650 2253 2712 ἐπὶ
2283 2650 2351 2703 ea
2380 2650 2767 2722 προηγούμενα
2802 2651 3019 2720 κίνησιν
3055 2651 3119 2703 δι’
3145 2651 3431 2722 ἁκριῦείας
3469 2653 3744 2724 τηρήσαν-

2159 2761 2252 2807 τες
2271 2760 2284 2773 ’
2319 2744 2413 2796 καὶ
2446 2743 2532 2797 διὰ
2561 2745 2728 2798 πόσου
2757 2745 2948 2815 χρόνου
2978 2745 3086 2797 τῶν
3121 2745 3485 2814 πλανωμένων
3517 2743 3746 2807 ἕκαστος

2159 2836 2257 2906 τὴν
2292 2837 2483 2891 ἑαυτοῦ
2509 2837 2755 2909 περίοδον
2780 2838 3048 2908 ἐκπληροῖ
3069 2855 3081 2869 ·
3120 2838 3247 2907 μίαν
3282 2837 3389 2889 τῶν
3423 2837 3610 2890 πασῶν
3642 2854 3747 2905 μη-

2161 2931 2330 3003 χανὴν
2371 2933 2470 2984 οὐκ
2511 2929 2731 2998 ἐξεῦρον
2778 2931 2915 3002 πρὸς
2962 2931 3021 2984 τὸ
3063 2932 3152 2984 τὸν
3180 2930 3312 2983 Θεὸν
3346 2931 3591 3000 ἐννοῆσαι
3627 2944 3747 2982 ¹ιῑοι-

2159 3023 2296 3092 ητὴν
2324 3022 2416 3074 τοῦ
2445 3023 2662 3085 παντὸς,
2693 3022 2786 3074 καὶ
2820 3021 3012 3092 κριτὴν
3037 3021 3264 3081 δίκαιον,
3291 3021 3388 3091 τὴν
3418 3019 3572 3084 ἀξίαν
3598 3017 3748 3073 ἀντί.

2160 3113 2305 3167 δοσιν
2335 3117 2446 3176 τοῖς
2482 3113 2838 3184 βεϐιωμένοις
2871 3115 3145 3182 ἐπάγοντα
3167 3130 3180 3142 ο
3217 3113 3339 3166 οὐδὲ
3376 3113 3453 3182 τῷ
3487 3112 3615 3182 περὶ
3645 3112 3748 3182 τῆς

2163 3207 2395 3279 κρίσεως
2422 3206 2564 3278 λόγῳ
2608 3206 2706 3277 τὴν
2734 3207 3025 3260 ἀκόλουθον
3055 3209 3155 3278 τῆς
3187 3205 3496 3268 συντελείας
3537 3205 3745 3258 ἔννοιαν

481 3293 742 3360 doctrina:
775 3305 1192 3350 consentaneam
1220 3295 1271 3365 in
1303 3296 1542 3353 animum
1567 3295 1667 3349 sibi
1698 3295 2057 3359 imluxernnt,

2165 3297 2481 3366 ἐπιγνῶναι,
2507 3298 2587 3350 ὅτι
2616 3297 2830 3366 ἀνάγκη
2861 3293 3294 3365 μεταποιηθῆναι
3325 3293 3414 3346 τὸν
3443 3293 3668 3363 κόσμον,
3697 3293 3745 3343 εί

484 3384 744 3438 mundum
787 3384 1036 3440 videlicet
1079 3388 1392 3442 necessario
1459 3397 1722 3456 mutatum
1773 3388 1875 3450 iri,
1928 3388 1972 3440 si
2006 3397 2061 3442 et

483 3477 788 3548 animarum
820 3486 994 3532 status
1022 3478 1088 3531 ad
1119 3477 1278 3535 aliam
1316 3479 1439 3540 vita:
1471 3477 1734 3545 rationem
1763 3479 1833 3536 sit
1863 3477 2059 3532 transi-

485 3579 662 3623 turus.
695 3568 1156 3636 Quemadmodum
1187 3570 1330 3624 enim
1366 3584 1603 3638 prmsons
1648 3569 1758 3626 vita
1808 3578 2057 3625 naturam

484 3661 607 3718 huic
641 3662 838 3724 mundo
866 3661 1077 3736 allinem
1122 3663 1391 3719 habebat:
1433 3665 1504 3717 ita
1540 3664 1704 3736 etiam
1730 3663 1910 3718 futura
1941 3663 2060 3719 ani-

485 3769 696 3806 marum
740 3764 1049 3822 nostrarum
1090 3755 1302 3819 vivendi
1339 3757 1474 3809 ratio
1517 3767 1719 3810 sortem
1765 3764 2058 3824 exceptura

483 3857 568 3914 est
593 3863 691 3903 suo
719 3849 884 3902 statui
912 3849 1343 3920 convenientem.
1376 3849 1446 3901 At
1471 3864 1599 3903 vero
1632 3858 1839 3916 tantum
1871 3847 2057 3915 abest,

486 3951 548 3993 ut
569 3939 621 3994 hi
648 3925 886 3993 studium
921 3942 1234 4008 impertiant
1263 3942 1413 3996 hisce
1439 3942 1784 4006 veritatibus,
1812 3949 1868 3993 ut
1895 3941 2057 3994 etiam

487 4029 674 4096 eﬂusis
701 4031 980 4095 cachinnis
1008 4032 1272 4086 irrideant
1295 4045 1408 4095 nos,
1446 4045 1568 4084 cum
1601 4033 1665 4085 de
1694 4030 1874 4084 mundi
1902 4030 2061 4100 hujus

483 4124 949 4180 consummatione
995 4132 1050 4178 at
1093 4124 1160 4178 de
1206 4121 1382 4178 s:eculi
1431 4123 1848 4194 regeneratione
1895 4125 2059 4177 verba

484 4217 734 4272 faciams.
766 4215 898 4272 Cum
951 4225 1128 4270 autem
1179 4215 1502 4286 principium
1562 4216 1854 4269 secundum
1896 4225 2059 4268 natu-

487 4327 600 4364 ram
632 4311 781 4380 prius
819 4319 1111 4373 statuatur,
1152 4325 1314 4379 quam
1361 4326 1446 4376 ea,
1485 4325 1602 4379 quae
1633 4308 1702 4366 ab
1737 4308 1853 4374 ipso
1899 4306 2061 4377 proli-

485 4405 792 4469 ciscnntur,
821 4404 1128 4458 necessario
1159 4411 1270 4458 tum
1313 4420 1437 4459 cum
1463 4404 1529 4459 de
1575 4403 1662 4457 his
1700 4418 1820 4472 quae
1853 4418 1881 4454 a
1927 4411 2063 4455 tem-

483 4515 616 4570 pore
653 4497 889 4562 habent,
926 4497 1068 4568 quod
1109 4498 1238 4564 sint,
1276 4497 1600 4560 dissereret;
1640 4497 1778 4550 banc
1807 4495 2063 4555 omnibus

485 4591 798 4659 anteposuit
821 4605 1030 4655 vocem,
1065 4591 1314 4660 inquiens
1353 4607 1366 4644 :
1400 4588 1468 4643 In
1502 4589 1760 4657 principio
1788 4587 1933 4657 fecit.

556 4705 576 4740 ⁷
615 4703 770 4758 Rom.
798 4721 836 4772 ι,
862 4707 954 4776 2i,
985 4707 1074 4776 22,

581 4828 672 4899 29)
699 4827 851 4886 Colb.
877 4829 1146 4884 secundus
1187 4831 1438 4898 ἄγοντες.
1472 4827 1580 4884 Nec
1620 4829 1692 4883 ita
1721 4827 1887 4882 multo
1939 4837 2061 4899 post
2092 4833 2138 4889 ι)

488 4887 996 4972 (Ξόῃιςριῄἰλιηιιςᾉκαὶ
1026 4887 1304 4972 ἀσωμάτῳ
1335 4887 1516 4970 φῦσει.

560 4967 673 5037 (30)
711 4969 801 5038 Sic
839 4967 962 5023 libri
992 4967 1220 5025 veteres.
1249 4967 1407 5026 Deest
1437 4989 1496 5023 τε
1539 4971 1590 5024 in
1630 4969 1879 5039 vulgatis.

561 5040 672 5110 (3i)
707 5039 859 5110 Colb.
897 5043 1166 5096 secundus
1192 5042 1339 5095 ἄλλοι
1365 5041 1470 5105 τῶν
1495 5058 1519 5091 -:
1551 5042 1633 5093 (ιιιί
1669 5041 1882 5094 lectioni
1925 5039 2070 5094 favet

490 5109 828 5171 EuStatltitts,
852 5109 944 5177 qui
989 5113 1068 5176 sic
1098 5115 1261 5168 vertit
1291 5128 1307 5166 :
1345 5113 1450 5166 Alii
1478 5112 1754 5165 stellarum
1790 5109 2068 5167 intervalla

489 5184 848 5236 dinumerant.
1447 5193 1453 5199 '
1499 5223 1502 5226 .

562 5252 674 5324 (52)
699 5250 774 5305 lta
803 5251 1016 5326 codices
1030 5263 1258 5326 septem.
1294 5253 1430 5326 Editi
1459 5253 1921 5326 ὑπογραφόμενοι,
1947 5253 2067 5326 Mox

489 5335 724 5393 quatuor
751 5338 880 5377 mss.
911 5324 1019 5378 είσὶ
1047 5324 1308 5394 κείμενοι.
1342 5325 1453 5390 Vox
1485 5324 1589 5376 εἰσί
1611 5324 1769 5376 deest.
1804 5325 1852 5376 in
1879 5325 2070 5391 aliqui-

490 5396 592 5455 bus
620 5410 750 5448 mss.
783 5404 838 5448 et
863 5395 914 5448 in
943 5395 1123 5450 editis.
1143 5393 1409 5462 illoc'ipso
1443 5395 1495 5446 in
1531 5395 1648 5448 loco
1677 5404 1902 5460 uterque
1938 5397 2066 5447 Duc.

490 5481 612 5524 eum
641 5475 867 5533 utroque
896 5465 1048 5520 Colb.
1080 5476 1135 5518 et
1168 5482 1288 5521 cum
1319 5465 1448 5533 Reg.
1475 5466 1661 5531 quinto
1693 5468 1806 5527 τοῖς
1834 5466 1930 5535 μέν
1964 5466 2071 5517 εἰσι

491 5535 738 5608 φανεροί.
776 5536 918 5591 Editi
970 5551 1102 5608 cum,
1154 5536 1284 5606 Reg.
1344 5536 1522 5608 primo
1578 5536 1682 5586 eici.
1730 5536 2068 5608 φαινόμενοι.

492 5604 647 5658 Hand
679 5607 1034 5680 longe_edi_tio
1064 5604 1256 5680 _Basil:
1295 5605 1661 5680 ἀποκλείσεις,
1723 5604 2068 5680 exclusiones,

493 5675 797 5745 corruptef
829 5676 1008 5732 Editio
1061 5677 1236 5733 Paris.
1274 5693 1397 5733 cum
1452 5677 1638 5746 multis
1672 5692 1800 5730 mss.
1848 5675 2074 5730 ἀποκλί-

493 5761 628 5808 σεις,
643 5749 944 5802 emendate.

558 5816 672 5884 (35)
699 5817 849 5889 Colb.
871 5818 1092 5889 primus
1124 5821 1330 5874 οἰκείαν
1364 5818 1458 5889 τὴν
1492 5819 1822 5872 κατάστασιν
1852 5817 2074 5880 ἀποδέξ-

483 5901 601 5942 ηται
631 5887 723 5942 καὶ
743 5888 840 5958 τὴν
869 5887 1043 5957 λῆξιν,
1065 5894 1333 5961 proprium
1357 5887 1548 5944 statum
1572 5899 1615 5943 et
1633 5890 1802 5945 sedem
1836 5889 2077 5966 egcipiet.

2167 3391 2346 3462 μέλλοι
2379 3391 2472 3444 καὶ
2529 3392 2562 3460 ἡ
2611 3389 2719 3442 τῶν
2762 3389 2948 3460 ψυχῶν
3004 3389 3332 3450 κατάστασις
3368 3386 3502 3457 πρὸς
3561 3385 3747 3455 ἕτερον

2163 3480 2301 3547 εἶδος
2352 3482 2496 3554 ζωῆς
2542 3481 2914 3553 μεταϐάλλειν.
2976 3481 3187 3552 Ὥσπερ
3244 3479 3352 3549 γὰρ
3399 3481 3432 3548 ὴ
3498 3475 3746 3548 παροῦσα

2163 3577 2276 3648 ζωὴ
2339 3575 2573 3644 συγγενῆ
2639 3575 2762 3645 ἔσχε
2826 3572 2918 3626 τοῦ
2985 3572 3190 3642 κόσμου
3235 3570 3426 3624 τούτου
3491 3568 3587 3640 τὴν
3646 3566 3746 3636 φύς

2163 3683 2282 3730 σιν,
2331 3665 2601 3718 οὕτωκαὶ
2654 3666 2686 3733 ἡ
2741 3662 3005 3728 μέλλουσα
3044 3661 3152 3714 τῶν
3193 3660 3380 3730 ψυχῶν
3430 3659 3585 3729 ἡμῶν
3631 3659 3746 3710 δια-

2163 3757 2317 3829 γωγὴ
2365 3755 2568 3816 οἰκείαν
2624 3753 2734 3823 (53)
2786 3756 2852 3824 τῇ
2900 3753 3232 3807 καταστάσει
3280 3750 3597 3814 ὑποδέξεται
3644 3749 3744 3817 τὴν

2162 3849 2331 3920 λῆξιν.
2369 3851 2431 3903 Οἱ
2489 3850 2544 3902 δὲ
2595 3848 2846 3902 τοσοῦτον
2885 3847 3182 3917 ἀπέχουσιν
3236 3845 3310 3908 ὡς
3357 3844 3578 3914 ἀληθέσι
3627 3841 3750 3895 τού·-

2161 3961 2274 4006 τοις
2331 3942 2654 4014 προσέχειν,
2711 3941 2850 3994 ὥστε
2903 3939 2994 3992 καὶ
3050 3938 3255 3991 πλατὺν
3309 3937 3520 4004 γέλωτα
3583 3952 3747 3988 κατα-

2162 4035 2374 4106 χέουσιν
2426 4032 2582 4104 ήμῶν
2629 4033 2757 4103 περὶ
2796 4030 3104 4094 συντελείας
3146 4029 3240 4082 τοῦ
3292 4027 3497 4097 κόσμου
3551 4025 3742 4078 τούτου

2163 4128 2257 4180 καὶ
2300 4125 2717 4193 παλιγγενεσίας
2762 4124 2960 4186 αἰῶνος
3001 4121 3476 4190 ἀπαγγελλόντων.
3528 4115 3746 4186 Ἐπειδὴ

2162 4219 2218 4276 δὲ
2249 4222 2280 4290 ή
2319 4219 2461 4289 ἁρχὴ
2497 4217 2637 4271 κατὰ
2674 4217 2836 4286 φύσιν
2866 4214 3232 4287 προτέτακται
3273 4213 3382 4266 τῶν
3427 4212 3522 4262 ἀπ’
3550 4209 3740 4278 αὖτῆς,

2162 4309 2476 4377 ἀναγκαίως
2521 4309 2645 4380 περὶ
2695 4307 2802 4368 τῶν
2844 4307 2952 4360 ἀπὸ
3001 4306 3192 4378 χρόνου
3241 4305 3301 4357 τὸ
3349 4299 3489 4356 εἶναι
3519 4301 3750 4372 ἐχόντων

2163 4401 2563 4470 διαλεγόμενος,
2599 4399 2800 4469 ταύτην
2833 4399 3089 4454 ἁπάντων
3124 4395 3384 4467 προέταξε
3414 4395 3512 4466 τὴν
3543 4392 3745 4462 φωνὴν,

2166 4494 2334 4559 εἰπών
2361 4513 2373 4525 ·
2422 4497 2523 4550 Ἑν
2561 4493 2718 4564 ἀρχῇ
2749 4493 3040 4550 ἐποίησεν
3069 4489 3203 4562 (54).

2239 4827 2350 4902 (Si)
2376 4826 2593 4902 Antiqui
2618 4826 2724 4902 duo
2760 4825 2878 4879 libri
2915 4825 3168 4902 ἐποίησεν
3198 4823 3399 4902 ὁΛΘεός.
3427 4821 3580 4902 illud,
3602 4824 3747 4902 quod

2171 4893 2440 4968 sequitur,
2470 4893 2540 4968 ἦν
2569 4899 2677 4969 γάρ
2716 4915 2788 4962 τι,
2827 4906 2971 4969 ειρηί
2985 4893 3132 4969 male
3162 4912 3191 4949 a
3222 4893 3746 4969 Combelisiomccipi

2172 4963 2319 5039 pulo.
2350 4963 2610 5036 Ejnsba-c
2641 4963 2763 5022 Sunt
2795 4982 2809 5018 :
2843 4966 3034 5023 Basilii
3065 4968 3174 5039 haec
3207 4967 3491 5025 sententia,
3537 4963 3745 5019 Cm'co-

2171 5038 2290 5094 rum
2323 5040 2638 5099 communis,
2677 5047 2880 5090 creatos
2930 5038 3140 5106 angelos
3184 5048 3305 5089 ante
3351 5039 3601 5088 mundum
3629 5050 3744 5086 cor-

2171 5126 2407 5178 poreum,
2439 5112 2492 5161 in
2524 5126 2680 5178 quam
2714 5109 2976 5178 nihildum
3007 5116 3385 5178 statutumest,
3420 5107 3511 5157 sed
3541 5107 3593 5157 in
3628 5119 3744 5155 car-

2175 5176 2344 5234 iterem
2399 5176 2698 5232 animarum
2754 5176 3153 5247 Origeuianum.
3179 5177 3283 5231 Sed
3322 5187 3602 5242 propterea
3643 5187 3744 5226 non

2179 5252 2360 5310 statim
2393 5251 2576 5304 debuit
2609 5249 2963 5302 Combeﬁsins
2986 5247 3238 5304 Basiliam
3273 5261 3532 5312 reponere
3556 5247 3606 5297 in
3649 5260 3746 5296 nn-

2180 5337 2331 5375 mero
2357 5336 2564 5382 eorum,
2611 5322 2701 5388 qui
2751 5333 3005 5385 expresse
3053 5329 3106 5370 et
3153 5325 3529 5370 asseveranter
3563 5315 3748 5368 dicunt

2181 5393 2400 5463 angelos
2423 5401 2546 5444 ante
2578 5389 2836 5463 mundum
2863 5388 3126 5463 visibilem
3151 5402 3581 5463 corporeumque
3613 5401 3750 5463 psse

2181 5455 2414 5530 crtiatos,
2435 5477 2554 5514 cum
2594 5459 2824 5513 Basilius
2870 5460 3008 5523 hanc.
3035 5459 3339 5528 opinionem
3374 5473 3478 5530 non
3510 5455 3749 5523 proferat

2183 5528 2438 5602 tanquam
2487 5543 2688 5586 certam
2724 5540 2884 5597 atque
2942 5530 3317 5602 indubitatam,
3369 5528 3462 5580 sed
3495 5537 3746 5602 tanquam

2184 5595 2557 5673 verisimilem,
2610 5608 2664 5655 et
2713 5595 2891 5673 quam,
2929 5601 3080 5673 tnnlti
3125 5598 3540 5673 anqdeetantur.
3591 5595 3750 5673 Addit

2181 5676 2345 5733 enim,
2374 5672 2449 5738 ὡς
2473 5672 2638 5736 ἔοικε,
2668 5665 3020 5724 ιιίυετὶδὶηιὶιε
3046 5679 3142 5732 est,
3171 5670 3471 5738 utvidetur,
3493 5676 3564 5738 Aut
3591 5665 3752 5738 conii-

2188 5761 2302 5798 cere.
2328 5736 2465 5796 licet.
2505 5743 2634 5806 Ιιιιο,
2673 5741 2812 5810 quod
2840 5756 2980 5809 saepe
3007 5740 3087 5805 lit,
3123 5740 3166 5794 si
3209 5737 3356 5802 illud,
3379 5736 3453 5799 ὼς
3477 5736 3644 5810 ἔοικε.
3677 5736 3747 5810 ita

2188 5817 2609 5885 interpretemur
2647 5830 2659 5868 :
2691 5805 2746 5867 ut
2798 5805 2986 5880 fertur,
3016 5821 3068 5864 ut
3119 5811 3306 5864 aiunt:
3349 5809 3518 5882 magis
3549 5805 3750 5876 patebit
