4082 6398
423 384 490 441 t5
1544 390 1824 446 uoutLIA
1860 390 1881 444 1
1922 391 1985 446 IN
2024 390 2514 449 HEXAEMERON.
3572 386 3645 454 ιι

488 501 543 557 5.
578 498 683 556 Ἦν
708 502 815 574 γάρ
844 520 916 568 τι,
938 505 1025 568 ·ῶς
1054 506 1194 561 ἔοικε
1218 550 1232 573 ,
1256 507 1349 561 καὶ
1380 508 1485 579 πρὸ
1511 508 1604 561 τοῦ
1640 511 1846 581 κόσμου
1875 510 1975 562 τού-

2161 510 2213 564 5.
2256 509 2385 564 Nam
2410 520 2462 565 et
2495 519 2618 564 ante
2642 512 2785 565 hunc
2815 520 3089 577 mundum,
3124 520 3184 567 ut
3216 514 3504 570 verisimile
3536 528 3642 582 est,

411 611 525 659 του,
542 593 571 647 6
586 596 651 663 τῇ
674 594 769 663 μὲν
784 595 989 665 διανοίᾳ
1010 599 1042 662 ἡ
1050 597 1163 667 μῶν
1180 600 1294 650 ἐστι
1315 598 1607 671 θεωρητὸν,
1631 602 1979 673 ἀνιστόρητον

413 686 467 737 δὲ
485 684 806 755 κατελείφθη
829 686 916 738 διὰ
936 687 995 739 τὸ
1014 692 1122 751 τοῖς
1143 691 1512 760 εἰσαγομένοις
1538 692 1617 743 ἔτι
1649 693 1740 746 καὶ
1770 694 1981 763 νηπίοις

414 776 553 829 κατὰ
589 775 686 847 τὴν
724 778 923 844 γνῶσιν
950 780 1336 853 ἀνεπιτήδειον.
1368 779 1474 836 ’Ἦν
1512 802 1593 848 τις
1637 786 1980 858 πρεσϐυτέρα

410 867 511 938 τῆς
562 866 655 918 τοῦ
688 867 891 937 κόσμου
930 870 1191 936 γενέσεως
1222 873 1551 937 κατάστασις
1586 880 1703 939 ταῖς
1750 878 1979 947 ὑπερκο-

416 958 593 1027 σμίοις
620 959 879 1029 δυνάμεσι
903 962 1203 1031 πρέπουσα,
1229 966 1261 1033 ἡ
1291 966 1638 1037 ὑπέρχρονος,
1670 971 1702 1039 ἡ
1726 971 1919 1022 αἰωνία
1945 974 1977 1042 ἡ

412 1052 596 1115 ἀΐδιος,
620 1054 694 1122 Δη
704 1056 932 1124 μιουργή
942 1072 1085 1124 ματα
1101 1056 1155 1109 δὲ
1177 1058 1234 1111 ἐν
1261 1058 1395 1129 αὐτῇ
1421 1060 1567 1112 ὁτῶν
1596 1061 1728 1114 ὅλων
1759 1064 1979 1133 κτίστης

411 1142 504 1198 καὶ
523 1142 845 1215 δημιουργὸς
874 1146 1185 1212 ἀπετέλεσε,
1215 1149 1326 1218 φῶς
1356 1152 1541 1221 νοητὸν
1564 1154 1767 1223 πρέπον
1795 1160 1859 1227 τῇ
1888 1173 1983 1225 μα-

413 1234 689 1305 καριότητι
736 1236 843 1289 τῶν
892 1237 1181 1307 φιλούντων
1230 1242 1319 1295 τὸν
1349 1242 1550 1313 Κύριον
1574 1282 1588 1303 ,
1629 1245 1725 1307 τὰς
1762 1246 1982 1314 λογικὰς

413 1327 503 1379 καὶ
549 1328 811 1398 ἁοράτους
847 1328 1072 1396 φύσεις,
1120 1332 1211 1383 καὶ
1259 1334 1437 1384 πᾶσαν
1482 1334 1579 1404 τὴν
1622 1336 1729 1388 τῶν
1778 1339 1981 1406 νοητῶν

408 1417 788 1489 διακόσμησιν,
817 1420 915 1472 ὅσα
944 1421 1041 1491 τὴν
1074 1422 1345 1492 ἡμετέραν
1380 1424 1621 1479 διάνοιαν,
1643 1429 1980 1499 ὑπερϐαίνει,

408 1509 483 1568 ὧν
508 1516 625 1569 οὐδὲ
653 1514 751 1577 τὰς
778 1516 1069 1586 ὀνομασίας
1099 1518 1337 1589 ἐξευρεῖν
1366 1521 1608 1577 δυνατόν.
1650 1524 1835 1577 Ταῦτα
1866 1526 1979 1597 (55)

408 1605 501 1657 τοῦ
526 1607 755 1676 ἀοράτου
802 1608 1006 1678 κόσμου
1037 1612 1343 1683 συμπληροῖ
1385 1615 1480 1684 τὴν
1513 1616 1701 1669 οὐσίαν
1726 1657 1742 1679 ,
1782 1618 1857 1681 ὡς
1901 1618 1978 1670 διο

410 1697 597 1750 δάσκει
632 1700 777 1769 ἡμᾶς
813 1702 841 1752 6
866 1701 1074 1765 Παῦλος
1100 1744 1114 1767 ,
1150 1704 1352 1771 λέγων’
1395 1708 1513 1760 Ὅτι
1540 1708 1609 1760 ἐν
1642 1708 1801 1774 αὐτῷ
1832 1711 1983 1763 ἐκτί-

410 1792 525 1856 σθη
553 1788 622 1841 τὰ
660 1789 872 1854 πάντα,
899 1793 1015 1844 εἴτε
1039 1795 1237 1860 ὁρατὰ,
1269 1797 1387 1849 εἶτε
1419 1798 1660 1866 ἀόρατα,
1694 1800 1813 1853 εἴτε
1858 1802 1983 1868 θρό-

2083 611 2199 655 erat
2236 601 2435 670 aliquid
2466 602 2605 671 quod
2644 610 2827 655 nostra
2862 603 3078 670 quidem
3101 603 3427 672 cogitatione
3457 619 3647 672 possu-

2082 706 2200 746 mus
2220 690 2454 761 assequi,
2479 690 2573 746 sed
2606 692 2969 746 narrationem
3002 692 3121 747 ideo
3153 690 3338 762 eﬂ‘ugit
3367 732 3381 757 ,
3413 694 3555 761 quod
3592 693 3643 746 id

2082 783 2199 845 his,
2229 782 2319 850 qui
2374 781 2743 849 instituuntur,
2781 790 3011 850 suntque
3044 782 3219 836 adhuc
3244 784 3295 835 in
3336 783 3646 851 cognitione

2082 872 2343 937 infantes,
2368 887 2705 941 nequaquam
2751 876 3097 943 congruebat.
3145 875 3275 929 Erat
3309 886 3483 929 status
3525 877 3646 945 qui-

2082 968 2202 1021 dam
2233 967 2417 1021 mundi
2456 976 2577 1020 ortu
2613 967 2902 1037 antiquior,
2939 968 3250 1023 caalestihus
3289 971 3644 1037 potestatibus

2082 1058 2404 1112 conveniens
2425 1098 2440 1122 ,
2491 1062 2876 1114 trauscendens
2914 1070 3118 1129 tempus
3160 1076 3323 1115 omne
3344 1101 3359 1126 ,
3388 1070 3642 1125 internus,

2081 1160 2389 1218 perpetuus.
2427 1148 2653 1220 Opiﬁcia
2692 1160 2871 1205 autem
2916 1152 3164 1205 conditor
3192 1161 3246 1206 et
3286 1151 3475 1205 artifex
3524 1165 3645 1203 oni-

2083 1242 2226 1295 nium
2250 1258 2315 1297 eo
2339 1243 2390 1296 in
2415 1254 2558 1297 statu
2587 1242 2838 1313 perfecit,
2872 1245 3206 1314 spiritualein
3236 1245 3433 1309 lucem,
3457 1260 3643 1299 eorum

2081 1330 2170 1397 qui
2198 1332 2475 1386 Dominum
2510 1334 2735 1401 diligunt
2774 1334 3086 1388 beatitudini
3122 1350 3435 1399 consonam,
3478 1338 3644 1390 ratio-

2084 1421 2230 1474 nales
2258 1431 2311 1475 et
2334 1422 2632 1477 invisibiles
2665 1433 2906 1489 naturas,
2947 1436 3001 1478 et
3038 1427 3456 1497 intelligibilium
3493 1444 3649 1489 creaa

2085 1522 2322 1567 turarum
2358 1529 2478 1583 qua:
2529 1525 2767 1570 nostrum
2821 1527 3034 1585 captum
3090 1529 3347 1590 superant
3393 1533 3642 1574 Ol'nttllllll

2081 1619 2294 1658 onmem
2330 1624 2344 1661 :
2380 1621 2606 1673 quorum
2638 1622 2704 1661 ne
2738 1610 2953 1661 nomina
2988 1609 3201 1677 quidem
3240 1625 3523 1679 possumus
3552 1628 3646 1665 cx-

2084 1699 2345 1766 cogitare.
2367 1698 2491 1754 Haac
2512 1699 2783 1768 complent
2805 1701 3091 1755 inviSihilis
3118 1704 3300 1755 mutuli
3325 1705 3639 1767 essentiam,

2088 1792 2228 1842 velut
2262 1807 2360 1845 nos
2408 1794 2566 1848 docet
2592 1790 2788 1845 Paulus
2814 1834 2829 1858 ,
2869 1794 3054 1848 dicens
3085 1813 3097 1846 :
3139 1797 3401 1860 Quoniam
3446 1798 3499 1848 in
3530 1797 3642 1863 ipso

411 1895 524 1943 νοι,
556 1879 676 1932 εἴτε
703 1882 1063 1949 κυριότητες,
1110 1885 1228 1938 εἴτε
1273 1888 1469 1955 ἀρχαὶ,
1518 1891 1638 1943 εἴτε
1681 1891 1975 1955 ἐξουσίαι,

2082 1885 2293 1937 condita
2314 1896 2433 1938 sunt
2459 1888 2695 1942 universa
2714 1930 2729 1954 ,
2767 1890 2870 1941 sive
2896 1888 3119 1941 visibilia
3138 1930 3153 1954 ,
3193 1890 3298 1941 sive
3322 1890 3603 1943 invisibilia
3622 1928 3639 1954 ,

408 1971 526 2023 εἴτε
556 1969 858 2039 δυνάμεις,
890 1974 995 2027 εἴτε
1025 1976 1273 2042 ἀγγέλων
1309 1981 1591 2050 στρατιαὶ,
1621 1983 1731 2034 εἴτε
1765 1984 1976 2053 ἀρχαγ-

410 2063 578 2130 γέλων
607 2063 915 2117 ὲπιστασίαι
937 2082 949 2093 ’
981 2066 1068 2118 ὅτε
1091 2068 1146 2119 δὲ
1175 2067 1278 2120 ἔδει
1303 2070 1486 2123 λοιπὸν
1525 2073 1620 2125 καὶ
1653 2072 1742 2126 τὸν
1776 2076 1978 2145 κόσμον

408 2155 594 2208 τοῦτον
642 2158 1027 2229 ἐπεισαχθῆναι
1064 2163 1173 2223 τοῖς
1214 2158 1365 2225 οὖσι,
1416 2167 1838 2237 προηγουμένως
1865 2168 1976 2237 (56)

412 2250 509 2319 μὲν
554 2250 919 2304 διδασκαλεῖον
948 2254 1041 2306 καὶ
1071 2255 1451 2326 παιδευτήριον
1482 2258 1586 2312 τῶν
1624 2258 1978 2329 ἀνθρωπίνων

406 2342 627 2413 ψυχῶν·
674 2343 863 2396 ἔπειτα
907 2346 1086 2415 μέντοι
1135 2349 1229 2401 καὶ
1257 2348 1590 2414 ἁπαξαπλῶς
1632 2353 1845 2405 πάντων
1870 2354 1978 2407 τῶν

407 2439 463 2487 ὲν
514 2436 721 2503 γενέσει
773 2438 863 2490 καὶ
904 2439 1074 2509 φθορᾷ
1118 2441 1416 2512 ἐπιτήδειον
1458 2443 1791 2513 ἐνδιαίτημα.
1838 2446 1980 2516 Συμ-

407 2531 548 2601 ipsi};
588 2530 696 2600 ἄρα.
730 2530 807 2600 τῷ
837 2532 1022 2601 κόσμῳ
1057 2533 1149 2584 κα)⁵
1183 2537 1293 2595 τοῖς
1332 2536 1389 2587 ὲν
1424 2534 1569 2605 αύτῴ
1606 2534 1766 2599 ζώοις
1794 2554 1853 2590 τε
1884 2538 1980 2590 καὶ

409 2626 594 2691 φυτοῖς
648 2626 679 2693 ἡ
731 2624 822 2676 τοῦ
868 2624 1057 2694 χρόνου
1104 2625 1330 2689 διέξοδος
1376 2626 1612 2697 ὑπέστη,
1650 2628 1976 2699 ἐπειγομένη

406 2718 493 2770 ἀεὶ
539 2717 631 2769 καὶ
676 2718 1094 2789 παραῤῥέουσα,
1145 2720 1238 2771 καὶ
1281 2719 1526 2790 μηδαμοῦ
1564 2720 1841 2790 παυομένη
1886 2721 1978 2773 τοῦ

405 2809 629 2881 δρόμου.
662 2812 729 2862 Ἢ
763 2812 880 2881 οὐχὶ
904 2811 1142 2874 τοιοῦτος
1168 2814 1195 2864 6
1228 2813 1415 2883 χρόνος
1435 2853 1449 2876 ,
1474 2806 1534 2865 οῦ
1563 2814 1621 2865 τὸ
1649 2814 1746 2883 μὲν
1778 2814 1978 2885 παρελ-

408 2898 498 2953 θὸν
554 2902 857 2971 ἠφανίσθη,
896 2902 957 2956 τὸ
1004 2903 1058 2955 δὲ
1095 2903 1285 2971 μέλλον
1330 2902 1482 2956 οὔπω
1523 2905 1789 2974 πάρεστι,
1822 2905 1881 2957 τὸ
1922 2905 1978 2957 δὲ

408 2994 579 3064 παρὸν
614 2996 741 3065 πρὶν
785 2994 1091 3065 γνωσθῆναι
1136 2996 1500 3067 διαδιδράσκει
1551 2998 1649 3066 τὴν
1693 2996 1974 3067 αἶσθησινς

408 3085 642 3157 Τοιαύτη
675 3087 733 3141 δέ
761 3105 843 3151 τις
872 3089 963 3140 κα)⁵
1000 3089 1109 3141 τῶν
1149 3090 1504 3159 γινομένωνή
1549 3088 1741 3159 φύσις,
1808 3089 1840 3159 ἢ
1890 3090 1979 3143 αὺ-

406 3178 672 3248 ξανομένη
730 3179 976 3242 πάντως,
1030 3180 1063 3249 ἢ
1116 3180 1407 3248 φθίνουσα,
1471 3180 1530 3233 τὸ
1578 3181 1633 3233 δὲ
1692 3180 1974 3251 ἱδρυμένον
2002 3220 2047 3280 C

409 3274 500 3325 καὶ
549 3273 806 3342 στάσιμον
856 3273 956 3324 οὐκ
1007 3272 1255 3342 ἐπίδηλον
1301 3271 1513 3343 ἔχουσα.
1559 3275 1838 3343 Ἔπρεπεν
1881 3270 1973 3327 οὖν

405 3370 516 3429 τοῖς
546 3365 699 3429 ζώων
736 3382 792 3417 τε
832 3366 925 3417 καὶ
961 3364 1141 3433 φυτῶν
1186 3367 1459 3435 σώμασιν,
1502 3366 1663 3417 οἱονεὶ
1700 3366 1811 3435 (57)
1862 3366 1976 3437 ῥεύ-

410 3459 535 3530 ματί
559 3476 664 3511 τινι
703 3458 838 3527 πρὸς
876 3458 1120 3527 ἀνάγκην
1160 3458 1695 3527 ἐνδεδεμένοις,·καὶ
1740 3460 1805 3527 τῇ
1840 3458 1975 3527 πρὸς

407 3549 617 3617 γένεσιν
642 3548 674 3617 ἢ
708 3547 911 3617 φθορὰν
945 3546 1154 3619 ἀγούσῃ
1189 3547 1400 3616 κινήσει
1430 3543 1804 3613 συνεχομένοις
1824 3581 1838 3605 ,
1867 3542 1971 3595 ὑπὸ

404 3642 502 3711 τῆς
545 3640 636 3692 τοῦ
682 3640 872 3710 χρόνου
915 3638 1125 3707 φύσεως
1165 3636 1549 3708 περιέχεσθαι,
1595 3638 1825 3705 συγγενῆ
1860 3638 1971 3698 τοῖς

405 3732 804 3801 ἁλλοιουμένοις
839 3731 1173 3801 κεκτημένου
1202 3731 1311 3799 (58)
1342 3731 1438 3799 τὴν
1480 3728 1732 3797 ἰδιότητα.
1772 3726 1975 3778 Ἐντεῦ-

408 3826 497 3877 θεν
536 3825 748 3886 οἰκείως
785 3823 1015 3875 ἐπέϐαλε
1065 3822 1141 3892 τῷ
1176 3824 1303 3893 περὶ
1351 3820 1514 3873 αὑτὸν
1559 3819 1698 3889 λόγῳ
1736 3821 1763 3871 6
1797 3816 1972 3886 σοφῶς

410 3917 519 3985 (59)
566 3918 711 3986 ἡμᾶς
748 3916 841 3967 τοῦ
878 3916 1080 3985 κόσμου
1110 3916 1207 3985 τὴν
1246 3913 1455 3981 γένεσιν
1487 3912 1844 3972 ἐκδιδάσκων,
1893 3911 1971 3962 εἰ·

405 4006 539 4060 πῶν·
586 4009 678 4060 Ἐν
715 4007 870 4076 ἀρχῇ
902 4008 1168 4074 ἐποίησεδ
1206 4006 1503 4069 τουτέστιν,
1536 4007 1592 4057 ἐν
1624 4006 1763 4074 ἀρχῇ
1798 4002 1969 4073 ταύτῃ

405 4101 471 4168 τῇ
506 4097 647 4150 κατὰ
676 4098 881 4168 χρόνον.
914 4098 987 4150 Οῦ
1010 4097 1114 4167 γὰρ
1141 4097 1203 4168 δὴ
1231 4096 1369 4148 κατὰ
1396 4096 1815 4166 πρεσϐυγένειαν
1840 4095 1972 4147 πάν-

405 4205 514 4242 των
548 4189 656 4241 τῶν
687 4190 994 4259 γενομένων
1034 4190 1283 4260 προέχειν
1321 4188 1483 4240 αὑτὸν
1519 4188 1804 4259 μαρτυρῶν
1826 4186 1970 4255 λέγει

407 4283 465 4333 ἐν
518 4282 661 4352 ἀρχῇ
701 4282 1000 4349 γεγονέναι,
1037 4282 1170 4334 ἀλλὰ
1211 4281 1347 4352 μετὰ
1375 4280 1441 4333 τὰ
1473 4281 1677 4353 ἀόρατα
1710 4279 1802 4332 καὶ
1825 4278 1974 4331 νοού-

412 4391 545 4443 μενα
575 4374 681 4426 τῶν
719 4374 929 4445 ὁρατῶν
969 4374 1170 4426 τούτων
1219 4373 1311 4426 καὶ
1362 4372 1606 4443 αἰσθήσει
1637 4370 1854 4441 ληπτῶν
1879 4370 1975 4440 τὴν

405 4466 581 4539 ἀρχὴν
632 4467 729 4538 τῆς
777 4466 1059 4538 ὑπάρξεως
1115 4466 1400 4539 διηγεῖται.
1459 4463 1689 4533 Λέγεται
1736 4462 1833 4535 μὲν
1884 4457 1976 4517 οὖν

476 4629 499 4661 ⁸
530 4628 737 4684 Coloss.
767 4644 810 4695 ι,
841 4628 929 4684 16.

405 4789 665 4844 Basilium
691 4792 831 4872 hanc
864 4790 1201 4872 sententianr
1219 4803 1322 4871 non
1368 4786 1582 4872 proprie
1625 4788 1969 4872 pronosuisse
2004 4796 2045 4850 ι)

406 4872 463 4913 ut
485 4876 657 4924 suam,
686 4862 779 4915 sed
807 4874 863 4915 ut
896 4862 1144 4915 aliorum.
1170 4858 1291 4913 Scio
1318 4858 1531 4927 quidem
1560 4872 1715 4910 voces
1740 4856 1815 4920 ὡς
1851 4856 1956 4910 ἔοι-

405 4947 467 4983 κε
487 4934 644 5006 ιεώΙί
686 4948 840 5006 posse
878 4932 1164 5006 aliquando
1190 4942 1245 5006 ut
1273 4937 1496 4993 constat,
1545 4928 1719 5006 plane,
1747 4928 1959 5006 _utique,

405 5002 497 5055 sed
546 5003 659 5055 haec
686 4997 1067 5068 interpretandi
1105 5002 1240 5053 ratio
1273 5015 1395 5051 rara
1437 5008 1519 5051 est
1547 5008 1600 5049 et
1626 4997 1872 5062 insolita;
1909 5006 1963 5049 et

404 5071 576 5124 solum
611 5067 853 5124 adhiberi
884 5072 1041 5124 debet
1077 5080 1209 5133 tum,
1245 5085 1364 5123 cum
1395 5068 1565 5120 series
1600 5067 1861 5120 orationis
1888 5068 1959 5119 ita

404 5140 635 5208 posuulat
669 5158 682 5194 :
719 5141 766 5193 id
799 5144 937 5208 quod
965 5143 1049 5194 hic
1072 5141 1240 5192 locum
1276 5154 1377 5192 non
1406 5138 1603 5191 habere
1625 5138 1823 5208 vident,
1850 5137 1967 5205 opi—

402 5206 525 5271 nor,
552 5226 757 5263 omnes.
784 5206 862 5264 Ad
893 5212 1003 5265 huic
1029 5210 1251 5263 Basilius
1274 5211 1416 5261 hom.
1441 5208 1493 5269 2,
1524 5222 1671 5260 num.
1697 5206 1747 5267 5,
1768 5222 1825 5274 ξιξ
1853 5208 1965 5274 ipse

402 5280 547 5333 clare
580 5295 642 5333 ac
665 5280 866 5334 diserte
904 5282 1156 5349 explicat,
1176 5282 1299 5331 dum
1329 5280 1402 5349 ait
1436 5294 1463 5349 :7
1486 5276 1658 5347 Εἴπερ
1686 5293 1737 5327 τι
1765 5271 1831 5344 ἦν
1857 5271 1963 5347 πρὸ

400 5353 499 5421 τῆς
524 5349 781 5419 αἰσθητοῦ
810 5347 997 5403 τούτου
1024 5352 1115 5403 καὶ
1140 5347 1375 5421 φθαρτοῦ
1406 5348 1608 5418 κόσμου
1622 5349 1959 5421 ⁸συ-στόισεως,

406 5417 464 5473 Si
491 5422 615 5490 quid
643 5417 755 5474 erat
800 5433 917 5475 ante
949 5417 1367 5473 constitutionem
1398 5417 1576 5471 mundi
1612 5417 1768 5485 hujus
1796 5433 1957 5490 senst-

402 5486 519 5543 bilis
544 5501 697 5560 atque
746 5494 1069 5559 corruptioni
1117 5490 1352 5560 obnoxii,
1410 5499 1501 5541 aut
1534 5491 1577 5560 si
1616 5492 1768 5560 modo
1799 5486 1956 5555 fuerit

399 5556 690 5629 quidpiam,
710 5573 814 5616 etc.
848 5556 927 5613 Ei
952 5562 1147 5629 quibus
1170 5559 1505 5628 intelligitur,
1539 5556 1790 5629 Basiliutn
1818 5560 1955 5609 hanc

401 5628 468 5683 de
499 5632 810 5700 angelorum
844 5628 1267 5700 praeexsistontia
1286 5639 1605 5683 sententiam
1624 5628 1953 5690 dubitanter,

402 5714 504 5753 non
531 5713 907 5770 asseveranter
932 5701 1288 5770 proposuisse.

474 5768 589 5840 (55)
630 5772 705 5824 Ita
741 5772 908 5826 editio
932 5767 1091 5827 Bas'il.
1129 5780 1181 5827 et
1207 5784 1334 5825 mss.
1378 5778 1605 5836 septem.
1646 5767 1821 5823 Editio
1853 5768 1956 5822 Pa~

400 5840 497 5895 ris.
521 5840 691 5895 ταῦτα
719 5842 839 5913 γάρ.

2079 1979 2184 2030 sive
2214 1979 2410 2042 throni,
2441 1980 2549 2033 sive
2574 1980 2956 2034 dominationes
2977 2022 2991 2045 ,
3028 1984 3131 2036 sive
3163 1982 3506 2050 principatus,
3535 1985 3643 2037 sive

2079 2083 2375 2140 potestates,
2411 2077 2514 2131 sive
2538 2080 2756 2133 virtutes
2780 2078 2821 2143 ⁸,
2843 2079 2955 2133 sive
2988 2079 3298 2150 angelorum
3334 2084 3601 2136 exercitus
3621 2122 3635 2145 .

2079 2166 2193 2220 sive
2231 2167 2675 2238 archangelorum
2708 2168 3059 2237 prmfecturm.
3086 2170 3221 2223 Tum
3243 2172 3457 2225 demum
3488 2189 3640 2241 opor-

2082 2259 2245 2321 tebat,
2281 2269 2333 2312 et
2364 2262 2504 2315 hunc
2546 2262 2799 2314 mundum
2839 2263 2999 2315 rebus
3025 2261 3134 2329 jam
3164 2266 3498 2317 exstantibus
3547 2265 3644 2319 ad-

2075 2349 2251 2420 jungi,
2287 2351 2375 2420 qui
2412 2363 2558 2406 esset
2601 2353 2650 2406 in
2688 2353 2872 2422 primis
2910 2354 3136 2408 idoneus
3170 2354 3317 2409 locus
3355 2358 3642 2412 edocendis

2080 2443 2367 2496 animabus
2396 2444 2669 2496 hominum
2707 2454 2866 2511 atque
2909 2444 3214 2498 erudiendis
3240 2462 3253 2497 :
3282 2445 3402 2498 dein
3437 2447 3485 2498 in
3523 2447 3644 2500 uni-

2081 2548 2315 2596 versum,
2367 2544 2617 2603 utaplum
2650 2536 2856 2589 cunctis
2883 2537 3042 2589 rebus
3066 2553 3185 2606 quae
3215 2541 3550 2607 generationi
3586 2550 3641 2594 et

2079 2628 2406 2697 corruptioni
2437 2630 2681 2683 obnoxia:
2726 2641 2872 2694 sunt,
2904 2630 3228 2684 domicilium
3259 2635 3418 2685 foret.
3453 2631 3641 2701 Itaque

2080 2716 2205 2771 huic
2242 2715 2436 2771 'mundo
2483 2717 2868 2788 productisque
2901 2718 2955 2772 in
3008 2720 3123 2788 ipso
3173 2728 3284 2773 tum
3318 2722 3640 2777 animalibus

2083 2817 2191 2860 tum
2226 2807 2421 2876 plantis
2472 2808 2528 2877 6
2559 2805 2734 2861 afﬁnis
2767 2808 2907 2862 facta
2936 2821 3019 2863 est
3059 2811 3312 2881 temporis
3346 2814 3639 2879 successio,

2079 2915 2195 2969 qua:
2219 2914 2432 2969 semper
2460 2910 2701 2968 urgetur,
2733 2900 3150 2971 prazterlluitque
3171 2942 3185 2967 ,
3218 2917 3315 2957 nec
3340 2918 3573 2972 unquam
3607 2922 3637 2958 a

2078 3008 2235 3047 cursu
2266 2993 2514 3060 quiescit.
2555 2993 2745 3046 Annon
2786 2992 3044 3061 ejusmodi
3083 3003 3163 3049 est
3215 3005 3455 3064 tempus,
3490 2998 3641 3066 cujus

2078 3101 2202 3156 pars
2230 3086 2497 3155 pratterita
2527 3086 2765 3151 evanuit,
2800 3086 2979 3139 futura
3010 3088 3245 3141 nondum
3273 3089 3459 3153 adest,
3499 3106 3637 3158 pra:-

2079 3190 2203 3229 sens
2236 3190 2451 3228 sensum
2491 3177 2640 3243 prius
2690 3176 2824 3246 fugit
2866 3191 3026 3245 quam
3072 3180 3466 3248 cognoscatur?
3498 3180 3636 3248 Quin

2078 3269 2239 3321 etiam
2275 3267 2394 3321 talis
2419 3269 2631 3321 exsistit
2664 3282 2848 3321 eorum
2887 3285 3005 3338 quae
3035 3271 3169 3324 fiunt
3196 3284 3407 3336 natura,
3437 3285 3639 3328 autau-

2077 3375 2303 3428 gescens
2352 3361 2604 3427 omnino,
2657 3370 2751 3415 aut
2799 3363 3051 3417 deﬁciens
3080 3407 3094 3431 ,
3151 3380 3249 3419 nec
3294 3369 3639 3435 conspicuam

2080 3453 2386 3506 [inanitatem
2413 3462 2503 3505 aut
2542 3454 2889 3508 stabilitatem
2914 3456 3177 3510 obtinens.
3216 3456 3400 3526 Itaque
3433 3460 3637 3512 anima-

2082 3542 2210 3596 lium
2239 3544 2596 3613 stirpiumque
2621 3560 2871 3613 corpora,
2903 3562 3020 3614 qua:
3045 3548 3110 3601 ad
3134 3547 3422 3604 fluxionein
3450 3566 3641 3620 quain-

2082 3636 2223 3705 piam
2256 3639 2577 3690 necessitate
2614 3639 3000 3707 astringuntnr,
3040 3655 3263 3709 quaeque
3299 3644 3518 3696 inotioni
3549 3660 3642 3712 ge-

2079 3728 2374 3781 nerationis
2453 3729 2919 3798 corruptionisque
2987 3732 3338 3786 couciliatrici
3404 3735 3633 3788 obnoxia

2079 3828 2223 3882 sunt,
2251 3832 2350 3885 par
2371 3828 2487 3871 erat
2512 3834 2539 3869 a
2568 3821 2824 3887 temporis
2844 3830 3029 3873 natura
3056 3824 3437 3890 proprietatem
3464 3838 3637 3877 Inula-

2078 3910 2274 3964 bilibus
2316 3922 2597 3981 cognatam
2641 3912 2871 3965 habente
2916 3915 3202 3968 contineri.
3244 3914 3378 3970 llinc
3410 3918 3499 3985 qui
3540 3933 3637 3972 nos

2079 4002 2261 4055 mundi
2292 4013 2468 4056 ortum
2520 4005 2787 4072 sapienter
2833 4007 3039 4071 edocet,
3079 4008 3377 4061 habendum
3424 4010 3489 4062 de
3521 4011 3635 4078 ipso

2077 4109 2378 4149 sermonem
2409 4105 2531 4164 apte
2559 4112 2841 4166 aggressus
2870 4110 2951 4151 est
2975 4141 2989 4163 ,
3016 4100 3199 4153 dicens
3226 4117 3240 4152 :
3283 4098 3347 4152 In
3375 4102 3633 4168 principio

2077 4178 2233 4254 fecit';
2263 4188 2366 4239 hoc
2392 4193 2494 4247 est,
2521 4186 2570 4237 in
2599 4202 2663 4240 eo
2695 4188 2949 4256 temporis
2972 4189 3252 4257 principio.
3288 4190 3493 4243 Etenim
3530 4203 3642 4246 uou‘

2077 4277 2219 4345 quod
2263 4275 2515 4330 mundum
2562 4277 2720 4330 rebus
2759 4278 3005 4332 omnibus
3050 4280 3279 4333 conditis
3313 4280 3633 4348 antiquitate

2078 4370 2269 4437 praeire
2303 4378 2548 4436 testetur,
2575 4372 2650 4423 ait
2670 4386 2790 4425 eum
2818 4370 2869 4423 in
2910 4371 3170 4440 principio
3199 4354 3401 4425 factum
3430 4369 3595 4423 fuisse
3616 4385 3637 4434 ;—

2078 4461 2171 4515 sed
2202 4471 2389 4517 narrat
2428 4463 2526 4518 has
2557 4477 2643 4517 res
2671 4463 2910 4520 visibiles
2943 4477 3005 4518 ac
3036 4463 3315 4517 sensibiles
3340 4472 3459 4533 post
3492 4462 3630 4515 invi-

2145 4785 2255 4857 (56)
2290 4785 2416 4855 Reg.
2467 4785 2683 4857 quintus
2723 4784 3149 4857 προηγούμενον.
3212 4786 3431 4857 Editiet
3478 4790 3628 4843 multi

2074 4873 2202 4910 mss.
2218 4856 2673 4957 1προηγουμένως.
2709 4857 2827 4910 Mox
2868 4857 3018 4911 Uolb.
3059 4859 3265 4925 primus
3305 4856 3411 4935 τῶν
3436 4859 3633 4933 ἡμετέ-

2101 4946 2175 4980 ων
2203 4944 2407 4980 ψυγων.

2069 4945 2175 4999 ρων
2203 4944 2407 4995 ψυχῶν.

2138 4999 2245 5067 (57)
2277 4997 2412 5051 Editi
2462 4989 2594 5067 οἷον.
2626 4996 2694 5049 At
2727 5012 2853 5049 mss.
2904 5008 3132 5065 quatuor
3184 4997 3366 5054 οἱονεί.
3424 4998 3620 5055 Statim

2068 5066 2451 5136 Colb.’primus
2472 5066 2685 5133 γένεσιν
2713 5067 2807 5119 καὶ
2838 5066 2930 5135 φθ.

2141 5135 2376 5207 (58)Ηὶο
2430 5137 2569 5207 inter
2609 5152 2669 5190 se
2699 5139 2903 5189 variant
2933 5138 3099 5191 nostri
3133 5146 3239 5191 tum
3282 5138 3491 5192 calamo
3537 5153 3634 5193 nod-

2073 5210 2189 5271 tati,
2228 5219 2336 5259 tum
2363 5206 2501 5276 typis
2534 5208 2787 5275 descripti
2824 5207 2963 5260 libri.
3002 5207 3175 5261 Editio
3213 5208 3374 5262 Basil.
3394 5217 3448 5261 et
3481 5209 3630 5276 Regii

2070 5279 2277 5345 primus
2296 5276 2627 5344 etseptimus
2650 5292 2770 5329 cum
2796 5276 2947 5330 Colb.
2978 5280 3211 5333 secundo
3229 5288 3282 5331 et
3310 5294 3430 5330 cum
3465 5280 3627 5332 (ὶυιπι.

2068 5348 2257 5417 itidem
2270 5347 2500 5401 secundo
2516 5361 2682 5417 κεκτη
2692 5346 2852 5417 μένῳ.
2873 5346 3045 5401 Editio
3062 5346 3239 5401 Paris.
3262 5348 3626 5417 κεκτημένης.

2065 5416 2216 5471 Colb.
2247 5418 2448 5488 primus
2476 5416 2819 5487 κεκτημένοι.
2860 5416 2990 5485 Reg.
3024 5429 3207 5488 sextus
3247 5416 3626 5488 κεκτημένοις.

2066 5489 2218 5555 Regii
2248 5486 2513 5541 secundus
2542 5499 2595 5558 et
2615 5486 2834 5556 quintus
2868 5503 2989 5540 cum
3018 5487 3181 5541 Coisl.
3220 5486 3629 5558 ιηὶιηοκεκτη-

2067 5559 2465 5627 μένουειιιιειιι
2510 5557 2755 5627 ultimam
2794 5558 3073 5611 lectionem
3126 5560 3334 5612 caneris
3384 5557 3626 5627 pratuli-

2065 5626 2212 5689 inus;
2247 5643 2348 5678 non
2381 5626 2520 5693 quod
2568 5629 2851 5680 conveniat
2900 5629 3071 5696 magis
3118 5642 3277 5694 quam
3324 5626 3483 5689 lectio
3516 5633 3629 5681 mli-

2066 5700 2224 5751 tionis
2262 5697 2599 5757 Parisieusis,
2630 5698 2725 5751 sed
2748 5698 2886 5764 quod
2911 5698 3115 5765 aliquot
3157 5700 3402 5753 codicum
3444 5711 3632 5753 aucto«

2066 5769 2223 5823 ritate
2257 5768 2477 5819 nitatur.

2139 5838 2247 5911 (39)
2279 5838 2351 5893 Ita
2386 5853 2517 5917 mss.
2548 5838 2815 5905 quinque-
2838 5836 2977 5892 Editi
3001 5851 3127 5893 vero
3153 5840 3181 5892 6
3214 5838 3393 5907 σοφός.
