4082 6398
448 397 517 455 17
1577 402 1864 458 HOMlLlA
1905 402 1924 456 l
1966 402 2034 457 IN

2139 401 2570 459 EXAEMERON.
3634 391 3702 445 18

446 519 511 585 τῇ
540 513 911 586 βουλήσειτοῦ
934 515 1069 569 Θεοῦ
1109 517 1352 588 ἀχρόνως
1388 521 1781 588 συνυφεστάναι
1812 519 1904 573 τὸν
1940 520 2030 573 κό-

2139 520 2224 590 qui
2250 520 2505 590 bipartito
2532 517 2858 590 principium
2888 527 3057 582 secat,
3088 530 3185 586 pro
3212 529 3318 569 uno
3343 514 3448 568 duo
3469 508 3696 575 efficiet;

450 623 607 676 σμον,
641 608 851 679 εἴρηται
882 608 964 674 τὸ,
1010 610 1111 663 Ἐν
1127 610 1284 679 ἀρχῇ
1310 612 1617 679 ἐποίησεν.
1640 612 1816 683 Ὅπερ
1843 613 2022 682 ἕτεροι

447 698 555 754 τῶν
580 701 926 771 ἑρμηνευτῶν
954 701 1085 773 (46),
1108 702 1436 775 σαφέστερον
1454 704 1544 759 τὸν
1559 703 1683 759 νοῦν
1706 705 2021 775 ἐκδιδόντες,

451 795 756 863 εἰρήκασιν·
804 795 898 848 Ἐν
945 797 1248 864 κεφαλαίῳ
1279 796 1565 864 ἐποίησεν
1603 802 1635 853 ὁ
1674 799 1841 865 Θεὸς,
1864 817 2017 854 τουτ-

450 880 616 945 έστιν,
644 884 853 953 ἀθρόως
872 886 965 939 καὶ
990 887 1048 938 ὲν
1074 886 1257 956 ὀλίγῳ.
1285 886 1365 940 Τὰ
1397 888 1494 959 μὲν
1522 885 1613 943 οὖν
1642 891 1767 962 περὶ
1814 891 2009 963 ἀρχῆς,

447 974 524 1039 ὠς
553 975 709 1044 όλίγα
734 977 841 1029 ἀπὸ
869 976 1077 1029 πολλῶν
1102 979 1292 1041 εἰπεῖν,
1329 979 1419 1031 ἐπὶ
1438 980 1709 1037 τοσοῦτον.

2124 614 2235 667 imo
2260 612 2422 666 multa
2457 621 2511 667 et
2546 610 2792 679 inlinita;
2824 611 2951 665 dum
2986 609 3131 679 quod
3165 607 3441 671 dividitur,
3469 604 3518 658 id
3557 617 3697 658 sem-

2130 720 2226 774 per
2254 704 2305 759 in
2332 704 2437 759 alia
2472 703 2824 759 resecabitur.
2856 702 3022 772 Igitur
3047 712 3106 756 ut
3136 699 3393 755 mundum
3425 698 3702 751 voluntate

2126 796 2218 852 Dei
2269 798 2402 851 citra
2431 796 2595 850 ullam
2642 796 2897 866 temporis
2929 810 3135 850 moram
3177 791 3336 848 simul
3384 788 3698 846 substitisse

2123 897 2466 954 edoceatnur,
2520 890 2722 943 dictum
2770 896 2901 943 est:
2941 887 3020 955 ξιη
3065 886 3325 956 principio
3372 882 3519 952 [τη.
3551 882 3701 944 Quod

2132 983 2307 1053 ipsum
2361 985 2685 1051 interpretes
2736 982 2825 1036 alii
2878 978 3202 1035 sententiam
3243 974 3526 1031 dilucidius
3573 968 3698 1026 red-

450 1063 639 1120 deretes
661 1107 676 1131 ,
706 1068 994 1123 dixerunt:
1047 1067 1111 1120 In
1142 1069 1371 1136 capitulo
1405 1072 1525 1139 fecit
1590 1071 1729 1124 Deus
1755 1111 1770 1137 ,
1812 1070 1912 1125 hoc
1979 1080 2060 1126 est
2082 1112 2097 1139 ,
2139 1074 2317 1128 subito
2345 1082 2397 1128 et
2427 1074 2596 1130 brevi.
2631 1072 2697 1127 At
2734 1071 2874 1126 enim
2919 1071 3181 1125 hactenus
3215 1068 3280 1123 de
3315 1064 3577 1137 principio
3600 1104 3615 1131 ,
3644 1072 3703 1118 ut

452 1176 619 1229 pauca
650 1162 716 1213 de
746 1163 926 1216 inultis
960 1163 1225 1220 dicamus.

522 1254 574 1309 7.
627 1254 842 1325 Ἐπειδὴ
890 1255 944 1307 δὲ
983 1258 1075 1309 καὶ
1113 1256 1220 1311 τῶν
1252 1256 1455 1328 τεχνῶν
1497 1260 1552 1311 αί
1600 1258 1697 1329 μὲν
1750 1258 2028 1331 ποιητικαὶ

452 1343 723 1413 λέγονται,
753 1347 806 1399 αἱ
846 1347 903 1399 δὲ
938 1349 1270 1416 πρακτικαὶ,
1324 1352 1378 1401 αἱ
1432 1349 1487 1402 δὲ
1528 1350 1883 1421 θεωρητικαί·
1933 1351 2028 1403 καὶ

452 1438 560 1491 τῶν
609 1440 705 1508 μὲν
752 1437 1099 1511 θεωρητικῶν
1140 1441 1291 1504 τέλος
1325 1443 1528 1512 ἐστίνή
1559 1443 1696 1495 κατᾶ
1729 1442 1852 1499 νοῦν
1880 1445 2029 1514 ὲνέρ-

452 1550 595 1600 γεια,
624 1532 731 1584 τῶν
752 1531 808 1584 δὲ
835 1532 1152 1603 πρακτικῶν
1180 1534 1317 1603 αὐτὴ
1347 1536 1379 1605 ἡ
1402 1534 1495 1587 τοῦ
1519 1533 1768 1605 σώματος
1793 1538 2023 1607 κίνησις,

451 1621 518 1695 ἧς
565 1625 918 1695 παυσαμένης
961 1626 1110 1679 οὑδὲν
1156 1626 1363 1695 ὑπέστη
1414 1627 1535 1681 οὐδὲ
1578 1629 1874 1699 παρέμεινε
1920 1632 2033 1694 τοῖς

450 1717 649 1787 ὁρῶσιν
673 1735 685 1747 ’
739 1719 1013 1788 ὀρχήσεως
1051 1719 1157 1790 γὰρ
1200 1718 1291 1770 καὶ
1331 1719 1628 1789 αὐλητικῆς
1667 1720 1819 1784 τέλος
1855 1720 2028 1783 οὐδὲν,

451 1809 565 1863 ἀλλ’
597 1810 732 1880 αὐτὴ
775 1812 854 1872 εἰς
892 1809 1089 1880 ἑαυτὴν
1123 1813 1155 1881 ἡ
1193 1812 1437 1881 ἐνέργεια
1486 1812 1777 1881 καταλήγει
1798 1829 1811 1842 ⁸
1846 1812 1938 1863 ἐπὶ
1973 1812 2029 1864 δὲ

2202 1261 2251 1315 7.
2292 1260 2410 1316 Jam
2446 1275 2574 1315 vero
2623 1276 2745 1316 cum
2799 1260 2993 1313 artium
3047 1258 3165 1312 alien
3197 1256 3411 1311 auidetn
3448 1255 3697 1308 dicantur

2129 1352 2448 1418 eil‘cctrices,
2483 1353 2602 1407 alia:
2653 1368 2778 1407 vero
2829 1363 3101 1422 practicae,
3138 1351 3256 1403 alite
3299 1358 3476 1401 autem
3512 1362 3703 1414 specu--

2130 1446 2383 1509 latrices;
2415 1459 2643 1513 cumque
2673 1445 3088 1512 speculatricutn
3157 1442 3279 1495 linis
3311 1441 3381 1494 sit
3404 1440 3518 1508 ipsa
3554 1452 3703 1492 men-

2135 1535 2202 1588 tis
2249 1536 2527 1605 operatio;
2560 1535 2918 1604 practicarutn
2958 1548 3109 1595 vero,
3142 1532 3255 1599 ipse
3291 1530 3534 1597 corporis
3584 1542 3703 1580 mo-

2134 1635 2239 1685 tus,
2275 1642 2379 1692 quo
2424 1634 2672 1679 cessante
2713 1623 2841 1677 nihil
2872 1623 3140 1688 subsistit,
3176 1621 3307 1675 nihil
3350 1628 3597 1689 superest.
3626 1619 3703 1672 vi-

2131 1717 2382 1772 dentibus
2413 1735 2425 1770 :
2456 1717 2577 1771 linis
2618 1718 2761 1770 enim
2813 1716 3117 1771 saltationis
3162 1724 3217 1768 et
3267 1715 3401 1768 artis
3433 1713 3559 1766 tibia
3607 1726 3703 1765 ca-

2134 1810 2291 1863 nendi
2324 1809 2500 1863 nullus
2530 1818 2632 1873 est,
2668 1810 2760 1861 sed
2800 1810 2912 1876 ipsa
2942 1810 2990 1860 in
3027 1810 3259 1876 seipsam
3288 1805 3485 1859 desinit
3516 1804 3658 1859 actio
3685 1819 3702 1856 :

451 1899 561 1953 τῶν
603 1899 899 1972 ποιητικῶν
947 1903 1184 1969 τεχνῶν,
1239 1902 1333 1954 καὶ
1373 1902 1728 1972 παυσαμένης
1776 1902 1886 1971 (47)
1932 1902 2030 1972 τῆς

2139 1910 2345 1965 contra,
2371 1903 2423 1955 iit
2453 1903 2662 1956 artibus
2691 1900 3074 1966 eth-ctricibtts,
3106 1910 3351 1953 cessante
3382 1896 3541 1953 etiam
3572 1910 3705 1963 ope-

453 1994 752 2063 ὲνεργείας,
789 1994 1145 2065 προκείμενόν
1188 1998 1302 2048 ἐστι
1332 1996 1391 2049 τὺ
1436 1996 1621 2068 ἔργον·
1657 1995 1733 2058 ὡς
1766 1994 2031 2065 οἰκοδομι-

452 2086 556 2155 κῆς
586 2086 678 2137 καί
715 2086 1030 2157 τεκτονικῆς
1060 2089 1152 2140 καὶ
1187 2088 1543 2158 χαλκευτικῆς
1586 2088 1678 2141 καὶ
1711 2086 2028 2155 ὑφαντικῆς,

454 2178 547 2229 καὶ
570 2178 688 2228 ὅσαι
721 2176 987 2237 τοιαῦται,
1019 2179 1074 2232 αἳ
1105 2178 1234 2246 (48),
1268 2177 1368 2233 κᾶν
1409 2179 1481 2251 μὴ
1522 2180 1667 2251 παρῇ
1701 2180 1728 2230 ὁ
1759 2168 2029 2249 τεῇίνίτης,

452 2268 649 2332 ἱκανῶς
680 2272 736 2322 ὲν
756 2272 975 2335 ἑαυταῖς
1002 2273 1127 2335 τοὺς
1159 2274 1436 2343 τεχνικοὺς
1466 2273 1655 2341 λόγους
1687 2273 2029 2343 ἐμφαίνουσι,

453 2362 547 2413 καὶ
572 2359 745 2426 ἒξεστί
770 2380 851 2415 σοι
881 2362 1155 2434 θαυμάσαι
1190 2370 1279 2417 τὸν
1302 2365 1579 2433 οἰκοδόμον
1602 2364 1707 2417 ἀπὸ
1728 2363 1821 2416 τοῦ
1848 2364 2029 2434 ἔργου,

455 2455 548 2506 καὶ
574 2455 661 2507 τὸν
689 2454 891 2524 χαλκέα
923 2457 1013 2509 καὶ
1044 2457 1133 2509 τὸν
1160 2458 1421 2527 ὑφάντην.
1456 2458 1571 2509 Ἵνα
1594 2452 1685 2509 οὖν
1713 2455 1920 2526 δειχθῇ,
1950 2456 2033 2508 ὅτι

451 2544 480 2595 ὁ
513 2544 713 2613 κόσμος
744 2546 988 2615 τεχνικόν
1022 2549 1135 2599 ὲστι
1171 2547 1596 2617 κατασκεύασμα
1619 2587 1632 2608 ,
1676 2547 2057 2619 προκείμενον

455 2638 618 2688 πᾶσιν
638 2639 715 2700 εἰς
741 2637 991 2708 θεωρίαν,
1026 2638 1168 2691 ῶστε
1194 2638 1257 2692 δι’
1282 2639 1444 2693 αὑτοῦ
1472 2639 1566 2711 τὴν
1590 2640 1680 2693 τοῦ
1712 2642 2033 2712 ποιήσαντος

453 2725 615 2777 αὑτὸν
658 2725 849 2794 σοφίαν
892 2727 1373 2794 ἐπιγινώσκεσθαι,
1426 2729 1522 2780 οὐκ
1563 2729 1697 2799 ἄλλῃ
1738 2729 1842 2782 τιν).
1881 2732 2030 2800 φωνῇ

455 2819 723 2887 ἐχρήσατο
748 2819 776 2868 ό
801 2818 959 2885 σοφὸς
986 2819 1223 2889 Μωῦσῆς
1243 2836 1307 2871 πε
1316 2821 1368 2891 pi.
1389 2820 1572 2883 αὑτοῦ,
1594 2820 1705 2872 ἀλλ’
1724 2816 1873 2873 εἶπεν
1900 2822 2032 2892 (49)·

454 2910 553 2961 Ἐν
570 2908 727 2975 ἀρχῇ
748 2910 1044 2977 ἐποίησεν
1063 2930 1075 2941 ·
1096 2912 1213 2981 οὐχὶ
1237 2913 1557 2981 ἐνήργησεν,
1572 2912 1689 2964 οὐδὲ
1707 2912 2031 2983 ὑπέστησεν,

456 3001 589 3055 ἀλλὰ
635 3003 964 3068 Ἐποίησεν.
1003 3005 1111 3056 Καὶ
1134 3004 1318 3057 καθότι
1354 3005 1536 3057 πολλοὶ
1562 3004 1669 3058 τῶν
1702 3006 2035 3073 φαντασθέν-

454 3110 563 3147 των
590 3096 949 3167 συνυπάρχειν
984 3094 1041 3160 ἐξ
1072 3097 1237 3149 ἀϊδίου
1263 3097 1338 3167 τῷ
1376 3096 1494 3167 Θεῷ
1535 3098 1624 3150 τὸν
1660 3100 1882 3169 κόσμον,
1915 3100 2035 3169 οὐχὶ

2137 1996 2363 2055 ratione,
2410 2010 2544 2064 opus
2578 2003 2854 2060 remanet;
2891 1993 3119 2061 exempli
3167 2007 3350 2054 causa,
3398 2006 3532 2060 opus
3573 1990 3707 2042 artis

2131 2086 2457 2148 mdilicandi,
2494 2086 2816 2151 fabricandi,
2861 2084 3183 2148 excutiendi,
3222 2082 3460 2145 tettendi,
3488 2089 3541 2135 et
3572 2078 3707 2133 alia-

2134 2197 2249 2235 rum
2317 2194 2759 2249 quarumcunque
2806 2179 3000 2231 artium
3034 2177 3149 2245 ejus
3187 2173 3399 2244 generis
3429 2190 3443 2225 :
3471 2187 3589 2242 qttte
3620 2188 3709 2224 ar-

2136 2273 2277 2326 titice
2310 2272 2393 2325 vel
2420 2273 2643 2325 absente
2675 2271 2891 2323 abunde
2939 2269 2989 2322 in
3030 2268 3223 2336 seipsis
3255 2280 3447 2321 causas
3480 2263 3707 2319 solertcs

2133 2381 2196 2418 ac
2248 2365 2544 2418 industrias
2608 2364 2901 2427 exhibent;
2967 2374 3225 2430 potesqne
3313 2357 3695 2413 acditicatorem

2133 2458 2491 2525 aerariumque
2519 2467 2571 2510 et
2601 2467 2861 2510 textoretn
2881 2464 2999 2521 post
3027 2469 3162 2523 opus
3215 2450 3492 2505 admirari.
3518 2448 3705 2504 Proin-

2136 2550 2200 2603 de
2234 2558 2291 2601 tit
2338 2552 2571 2601 mundus
2615 2548 3015 2601 demonstretur
3064 2559 3184 2599 esse
3217 2540 3516 2597 artiﬁcialis
3561 2550 3707 2594 strn-

2134 2656 2313 2705 ctura,
2338 2643 2592 2695 omnibus
2617 2643 2682 2694 ad
2710 2639 3219 2709 contemplationem
3246 2634 3538 2705 proposita,
3571 2632 3707 2684 adeo

2135 2746 2193 2789 ut
2222 2751 2316 2803 per
2347 2735 2521 2804 ipsum
2553 2733 2850 2787 conditoris
2881 2730 2996 2798 ejus
3020 2728 3286 2797 sapientia
3320 2735 3703 2796 cognoscatur,

2137 2841 2241 2880 non
2284 2826 2386 2879 alia
2440 2825 2546 2879 ulla
2588 2838 2721 2877 voce
2771 2823 2985 2892 sapiens
3024 2821 3233 2891 Moyses
3280 2832 3410 2870 usus
3439 2824 3543 2878 est,
3582 2814 3707 2868 dum

2134 2921 2201 2974 de
2242 2935 2307 2973 eo
2351 2933 2657 2971 sermonem
2709 2917 2929 2981 habuit;
2977 2916 3068 2969 sed
3117 2913 3293 2966 dixit:
3325 2907 3392 2963 In
3450 2908 3705 2977 principio

2133 3011 2273 3081 fecit.
2307 3010 2421 3064 Noti
2467 3021 2647 3065 autem
2693 3009 2847 3073 dixit,
2880 3017 3133 3076 operatus
3175 3014 3275 3063 est.
3326 3013 3417 3055 aut
3447 3000 3706 3054 informa-

2138 3104 2231 3166 vit,
2292 3105 2383 3156 sed
2419 3102 2561 3170 fecit.
2597 3101 2661 3154 Et
2704 3100 2828 3169 quia
2874 3098 3177 3167 complures
3213 3109 3397 3148 eorum
3429 3095 3517 3165 qui
3550 3108 3711 3146 mun-

455 3187 783 3257 γεγενῆσθαι
816 3189 944 3260 παρ’
974 3189 1137 3241 αὐτοῦ
1166 3190 1274 3259 (50)
1307 3190 1707 3262 συνεχώρησαν,
1731 3192 1841 3245 ἀλλ’
1874 3193 2034 3245 οἱονεὶ

2139 3198 2261 3251 dum
2292 3198 2359 3250 ab
2390 3207 2593 3250 :eterno
2617 3210 2719 3247 una
2751 3210 2874 3249 cum
2905 3192 3012 3248 Deo
3040 3193 3306 3247 exsistere
3335 3188 3538 3259 opinati
3562 3195 3708 3253 sunt,

456 3281 810 3351 ἀποσκίασμα
852 3283 948 3351 τῆς
1002 3281 1282 3352 δυνάμεως
1321 3282 1484 3337 αὑτοῦ
1540 3285 1667 3337 ὄντα
1712 3285 2031 3354 αὐτομάτως

460 3374 869 3445 παρυποστῆναι
892 3390 904 3402 ’
937 3374 1031 3425 καὶ
1062 3375 1231 3426 αἴτιον
1265 3374 1361 3444 μὲν
1388 3374 1549 3427 αὐτοῦ
1589 3375 1907 3445 ὁμολογοῦσι
1942 3378 2031 3429 τὸν

457 3468 610 3531 Θεὸν,
645 3467 815 3521 αἴτιον
845 3468 901 3520 δὲ
932 3468 1324 3539 ἀπροαιρέτως,
1349 3468 1423 3531 ὠς
1454 3470 1551 3539 τῆς
1582 3472 1737 3531 σκιᾶς
1769 3469 1828 3521 τὸ
1854 3471 2030 3541 σῶμα,

459 3560 553 3613 καὶ
584 3559 680 3628 τῆς
704 3559 1044 3629 λαμπηδόνος
1068 3562 1128 3612 τὸ
1156 3559 1467 3627 ἁπαυγὰζον
1488 3580 1500 3592 -
1530 3561 1629 3632 τὴν
1665 3557 1755 3614 οὖν
1781 3562 2034 3630 τοιαύτην

458 3649 672 3719 ἀπάτην
696 3649 1155 3720 ἐπανορθούμενος
1183 3653 1210 3703 ὁ
1230 3652 1530 3722 προφήτης,
1554 3655 1618 3720 τῇ
1643 3654 1895 3724 ἀκριϐείᾳ
1916 3654 2037 3706 ταύ-

458 3758 527 3814 τῃ
546 3744 651 3794 τῶν
670 3744 926 3812 ῥημάτων
948 3744 1213 3814 ἐχρήσατο
1235 3744 1401 3795 εἰπών
1420 3762 1433 3774 ·
1461 3746 1556 3797 Ἐν
1575 3745 1730 3813 ἀρχῇ
1752 3747 2039 3811 ἐποίησεν

462 3839 494 3890 ό
528 3835 687 3899 Θεός.
720 3835 853 3904 Οὐχὶ
896 3835 1025 3887 αὐτὸ
1073 3835 1227 3888 τοῦτο
1267 3836 1500 3907 (51)τὴν
1548 3838 1725 3889 αἰτίαν
1774 3836 1867 3889 τοῦ
1900 3835 2035 3891 εἶναι

462 3931 753 4001 παρέσχεν,
788 3930 898 3982 ἀλλ’
927 3930 1177 3999 ἐποίησεν
1210 3930 1283 3993 ὡς
1306 3929 1509 3997 ἀγαθὸς
1540 3930 1600 3981 τὸ
1638 3931 1922 3999 χρήσιμον,
1961 3931 2035 3994 ὡς

465 4021 624 4091 σοφὸς
656 4021 715 4073 τὸ
740 4019 1054 4085 κάλλιστον,
1089 4019 1162 4082 ὡς
1201 4018 1421 4082 δυνατὸς
1450 4019 1511 4072 τὸ
1550 4019 1822 4089 μέγιστον.
1862 4020 2036 4073 Μόνον

536 4201 648 4269 (46)
690 4198 913 4251 Veteres
944 4206 1176 4266 quatuor
1200 4196 1320 4270 libri
1349 4198 1721 4270 ἑρμηνευτῶν.
1768 4199 1919 4252 Alius
1945 4216 2034 4251 co-

465 4277 563 4324 dex
596 4270 704 4324 τῶν
751 4270 1198 4341 ὲρμηνευόντωνλ
1233 4268 1387 4341 Iﬂditi
1418 4268 1491 4323 et»
1522 4274 1627 4321 duo
1677 4287 1807 4341 mss.
1863 4272 2036 4341 ἑρμη-

464 4343 621 4396 νέων.
654 4338 901 4408 Aquilam
935 4341 1134 4392 indicat
1169 4338 1416 4402 Basilius,
1457 4341 1529 4392 uti
1564 4356 1627 4393 ex
1667 4338 2035 4403 Ilexaplisdi-

470 4415 695 4473 scimus,
722 4421 777 4463 et
820 4426 882 4462 ex
922 4408 1249 4476 Hieronymo
1288 4408 1382 4461 lib.
1433 4410 1634 4474 Quiest.
1692 4409 1941 4463 llebraic.
1979 4412 2035 4464 in

466 4482 728 4545 Genesim,
755 4482 927 4532 initio.
965 4479 1083 4533 Haec
1115 4490 1235 4531 sunt
1272 4482 1429 4533 verba
1454 4482 1656 4545 Aquila:
1689 4498 1701 4533 :
1736 4478 1825 4532 Ἕν
1859 4498 2035 4550 κεφα-

465 4553 601 4623 λαίῳ
623 4551 833 4623 ἔκτισεν
891 4553 918 4603 ὁ
946 4551 1097 4623 ,Θεὸς
1131 4550 1228 4623 σὺν
1271 4550 1361 4623 τρν
1405 4552 1653 4621 οὐρανὸν,
1686 4552 1778 4603 καὶ
1818 4554 1912 4605 σὺν
1939 4552 2036 4623 τὴν
2070 4558 2114 4613 D

467 4620 589 4694 γῆνλ
641 4622 704 4675 In
760 4621 1235 4694 capituiohcreuvit
1288 4620 1426 4694 Deus
1472 4620 1755 4694 cwluttt_et
1820 4620 2034 4676 (erraui.

468 4691 811 4756 Ambrosius,
862 4704 917 4744 nt
956 4691 1057 4743 alia
1112 4691 1300 4747 multa.
1335 4692 1404 4743 ita
1445 4695 1555 4745 lucc
1599 4712 1625 4744 a
1662 4692 1862 4745 Basilio
1920 4711 2039 4746 ntu-

472 4775 652 4817 toatus
684 4773 791 4815 est.
835 4761 963 4828 Ejus
991 4763 1102 4815 [nec
1125 4773 1247 4814 Stlltl
1280 4763 1332 4812 in
1370 4762 1623 4815 llexaem.
1688 4780 1740 4829 p.
1786 4765 1840 4820 8.
1887 4780 2038 4817 num.

474 4835 541 4890 16
593 4833 895 4900 :Deuique,
952 4832 1147 4905 inquit,
1183 4832 1274 4905 alii
1328 4834 1588 4889 dixerunt,
1634 4833 1690 4885 ὲν
1740 4834 2041 4905 κεφαλαίῳ,

470 4906 620 4975 quasi
656 4906 709 4956 in
745 4905 935 4967 capite,
956 4920 1057 4973 quo
1088 4902 1440 4975 signiﬁcatur,
1468 4905 1521 4955 in
1540 4905 1746 4975 breviet
1777 4902 1831 4956 in
1854 4902 2042 4973 exiguo

474 4974 754 5043 tnomentp,
789 4990 991 5027 summa
1045 4974 1361 5033 onerationis
1399 4975 1631 5040 impleta.
1689 4974 1810 5027 lliec
1840 4974 2045 5041 Aquila:

476 5045 873 5113 interpretatio,
903 5046 956 5097 iu
984 5044 1237 5110 Capitula,
1264 5044 1317 5094 in
1346 5060 1571 5107 summa,
1598 5058 1699 5113 non
1717 5060 1902 5111 parum
1926 5046 2045 5112 οιιὶ-

474 5111 629 5169 nioni
654 5115 793 5167 favet
822 5114 1127 5183 Augustini,
1169 5116 1257 5178 qui
1285 5114 1377 5166 lib.
1407 5128 1457 5166 tv
1496 5114 1568 5167 De
1599 5111 1785 5168 Genesi
1815 5117 1882 5168 ad
1911 5111 2043 5181 ιω..

474 5202 596 5255 cap.
630 5186 719 5249 55,
756 5187 1033 5238 contendit
1070 5194 1251 5255 creata
1280 5199 1397 5237 esse
1418 5186 1596 5237 omnia
1639 5186 1821 5249 simul,
1858 5195 1911 5238 et
1939 5203 2045 5241 uno

474 5260 773 5323 eodemque
806 5268 1098 5309 momento.
1157 5254 1341 5306 Eidem
1380 5255 1522 5307 favet
1546 5267 1599 5309 et
1622 5255 1912 5322 explicatio
1942 5255 2046 5309 Ba-

476 5327 603 5388 silii,
626 5325 925 5391 τουτέστιν,
955 5326 1167 5398 ἀθρόως,
1198 5327 1290 5378 καὶ
1316 5326 1371 5378 ἐν
1406 5325 1591 5396 ὀλίγῳ,
1618 5328 1714 5378 Itoc
1748 5336 1842 5390 est,
1874 5328 2046 5398 subito

476 5408 521 5468 et
573 5399 736 5456 brevi,
781 5406 885 5460 aut,
932 5397 975 5451 si
1031 5396 1226 5461 ituavis,
1272 5408 1551 5449 acervatim
1590 5407 1636 5449 et
1699 5398 1855 5452 brevi.
1905 5396 2048 5468 Lege

477 5464 636 5520 Prml’.
671 5483 819 5521 num.
842 5467 932 5521 2|.

550 5538 662 5609 (47)
696 5538 918 5605 Antiqui
951 5536 1056 5609 duo
1091 5534 1211 5609 |ib_ri
1250 5546 1305 5609 et
1362 5536 1488 5589 editi
1534 5536 1912 5608 παυσαμένης.
1944 5538 2047 5593 Alii

478 5605 683 5677 septem
718 5606 1105 5677 παυσαμένων.
1160 5605 1471 5661 Lectione-nt
1519 5605 1801 5677 utramque
1836 5605 2047 5663 admitti

479 5694 640 5750 posse
670 5680 1023 5750 arbitramur.

550 5749 662 5818 (48)
696 5748 833 5801 Editi
864 5760 919 5801 et
947 5753 1215 5818 δυο-[ηδε.
1246 5740 1356 5811 αἶς,
1385 5747 1543 5801 male.
1570 5746 1895 5805 Rttrsttsduo
1916 5766 2046 5804 mss.

482 5818 539 5882 Et,
573 5816 679 5873 non
730 5820 940 5872 melius.
966 5818 1030 5870 At
1059 5816 1207 5885 Regii
1242 5818 1511 5870 secundus
1539 5829 1593 5871 et
1625 5821 1887 5884 septimus
1924 5836 2046 5874 cum

483 5900 713 5960 utroque
747 5888 910 5946 Coisl.
940 5888 1016 5955 αἴ,
1042 5888 1264 5957 optime.
1320 5887 1439 5942 Nec
1467 5892 1537 5942 ita
1586 5887 1755 5945 multo
1782 5900 1923 5962 post,
1958 5891 2047 5946 ubi

2140 3288 2206 3341 ab
2240 3288 2356 3355 ipso
2394 3286 2588 3340 factum
2630 3299 2752 3339 esse
2791 3299 3129 3353 nequaquam
3163 3286 3550 3337 concesserunt
3575 3295 3591 3333 :
3615 3277 3710 3330 sed

2138 3394 2260 3432 eum
2297 3394 2393 3446 per
2422 3394 2501 3439 se,
2534 3378 2686 3447 quasi
2715 3388 2854 3431 esset
2884 3377 3135 3444 potentia:
3163 3374 3334 3443 ipsius
3375 3369 3714 3425 adumbratio

2139 3472 2403 3541 quzcdain,
2442 3470 2674 3538 quadam
2720 3470 2837 3522 rudi
2894 3469 3102 3522 ratiune
3140 3465 3444 3521 substitisse
3475 3461 3712 3515 allirtna-

2144 3572 2269 3615 rtutt
2303 3578 2314 3614 :
2349 3570 2402 3613 et
2453 3561 2577 3629 quia
2618 3575 2835 3614 causam
2877 3559 3093 3628 quidem
3148 3557 3315 3625 ipsius
3366 3556 3530 3610 Deum
3588 3567 3712 3606 esse

2143 3653 2403 3715 fatentur,
2453 3651 2545 3705 sed
2601 3667 2819 3703 causam
2877 3666 2982 3703 non
3029 3648 3390 3702 voluntariam
3432 3664 3445 3700 :
3485 3643 3711 3714 perinde

2143 3757 2305 3813 atque
2333 3760 2527 3812 corpus
2556 3745 2793 3807 umbrae;
2833 3754 2923 3795 aut
2958 3757 3045 3795 res
3076 3739 3494 3810 qtta'illuminat,
3529 3735 3710 3805 Splen-

2148 3837 2296 3891 doris
2326 3852 2485 3889 causa
2523 3846 2641 3901 est;
2678 3849 2917 3888 errorem
2958 3842 3105 3885 certe
3131 3829 3389 3899 ejusmodi
3428 3827 3711 3897 corrigens

2151 3930 2435 3998 propheta,
2470 3931 2569 3981 hoc
2603 3935 2854 3980 accurato
2886 3926 3169 3979 verborum
3201 3921 3407 3975 deiectu
3440 3936 3568 3973 usus
3600 3929 3703 3982 est,

2143 4021 2330 4074 dicens
2364 4036 2376 4071 :
2409 4018 2474 4072 In
2511 4017 2765 4087 prittciuio
2800 4018 2921 4086 [ecit
2957 4017 3116 4070 Deus.
3157 4015 3214 4085 8
3262 4011 3442 4082 Neque
3483 4012 3711 4081 idipsum

2145 4200 2196 4253 in
2224 4200 2381 4253 editis
2401 4199 2591 4263 legitur
2625 4198 2800 4264 ἔξεστί
2833 4215 2911 4261 σε,
2940 4198 2989 4249 in
3016 4212 3135 4250 ocxo
3154 4194 3427 4248 codicibus
3452 4191 3709 4259 Scriptum

2144 4271 2443 4323 iuro-nimim
2472 4270 2649 4335 ἔξεστί
2686 4287 2786 4322 σοι.

2213 4339 2322 4409 (49)
2356 4330 2531 4392 Ειιὶιίὁ
2568 4341 2730 4392 listsil.
2765 4353 2816 4392 et
2844 4339 2992 4392 multi
3020 4355 3149 4391 ntSs.
3178 4336 3293 4390 ἀλλ’
3328 4330 3498 4386 εἶπεν.
3538 4331 3727 4409 Ειίίιὶι),

2142 4400 2316 4463 Paris:
2354 4410 2467 4463 ἀλλ’
2502 4413 2695 4463 εἰπεῖν.
2729 4410 2845 4463 Mox
2901 4426 3031 4463 mss.
3066 4409 3303 4479 plerique
3352 4418 3539 4459 omnes
3569 4400 3712 4474 οὐχί.

2144 4481 2280 4553 Ειιιιι
2312 4484 2410 4553 ουκ
2441 4484 2770 4553 ἐνήργησεν.

2215 4551 2328 4619 (50)
2358 4552 2430 4605 Ita
2456 4542 2682 4617 uterque
2711 4552 2836 4603 lluc.
2875 4559 2929 4603 et
2953 4551 3038 4602 alii
3073 4565 3174 4603 non
3210 4544 3583 4619 patriciiEditio
3620 4542 3718 4597 Ba-

2143 4623 2231 4678 sil.
2269 4617 2389 4677 cunt
2431 4634 2614 4678 nostra
2638 4623 2878 4688 editione
2912 4621 3080 4673 Paris.
3112 4620 3239 4688 mp‘
3263 4617 3434 4687 αὐτῷ.

2213 4694 2325 4763 (51)
2366 4693 2496 4761 Βίας.
2520 4686 2723 4760 ριίιιίιιε
2749 4693 2868 4761 οὐχὶ
2894 4690 3042 4761 αὐτῷ
3064 4686 3256 4761 τούτῳ.
3280 4686 3644 4763 lleliquitnss.
3663 4694 3717 4739 et

2142 4758 2268 4817 editi
2308 4758 2666 4826 αὑτὸ-τοῦτο,
2715 4758 2874 4831 neque
2901 4758 3128 4826 idipsum
3184 4758 3237 4813 iii
3280 4776 3439 4811 causa
3481 4758 3578 4824 fuit
3620 4772 3715 4807 cur

2142 4846 2293 4897 εεδει,
2326 4837 2425 4887 hoc
2454 4846 2558 4900 Chl,
2610 4852 2713 4887 llOll
2763 4850 2847 4885 1⁸(τὸ
2873 4847 3034 4895 ειεείι,
3080 4848 3183 4884 ΙΙΟΙΙ
3236 4845 3321 4883 I'PS
3360 4838 3571 4887 ςυειειιι,
3601 4840 3711 4900 non

2144 4920 2231 4957 res
2254 4896 2417 4956 invite
2443 4919 2497 4958 et
2521 4896 2714 4975 praeter
2756 4904 3089 4975 voluntatem
3115 4917 3282 4966 agens
3402 4896 3713 4975 capsainit,

2144 4990 2242 5026 cur
2286 4968 2535 5028 inundus'
2571 4975 2865 5029 exstiterit.
2916 4972 3029 5027 Hoc
3078 4972 3241 5042 igitur
3284 4971 3413 5024 dicit
3464 4968 3713 5042 Basilius,

2146 5043 2313 5114 linunt
2340 5048 2496 5099 aliter
2529 5061 2709 5114 agere,
2744 5055 2905 5113 atque
2936 5038 3160 5114 corpora
3191 5058 3358 5109 Opaca
3383 5051 3488 5114 aut
3516 5038 3715 5091 lucida.

2144 5112 2276 5168 Nam
2310 5131 2505 5184 corpus
2537 5112 2762 5185 opacum
2792 5112 3047 5183 producit
3066 5114 3314 5168 umbram
3349 5113 3395 5165 vi
3426 5122 3718 5185 atque_ne-

2144 5178 2421 5249 cessitate,
2470 5178 2825 5241 nec-liberius
2857 5186 2966 5255 agit
3013 5200 3212 5254 corpus
3254 5185 3488 5255 lucidum
3522 5199 3537 5255 :_
3576 5178 3716 5255 [lens

2146 5270 2273 5310 vero
2302 5246 2482 5310 omnia
2515 5270 2644 5310 nutu
2674 5246 2919 5309 cottt‘tcit'
2936 5265 2989 5308 et
3014 5246 3308 5309 voluntate.
3340 5253 3499 5309 ιιιυιιδ
3524 5246 3715 5317 ἐποίηο

2148 5344 2236 5379 σεν
2267 5326 2340 5390 ὡς
2362 5328 2587 5396 ἀγαθός,
2624 5338 2753 5389 etc.,
2787 5326 2908 5395 fecit
2944 5338 3192 5394 tanquam
3219 5328 3379 5377 bonus
3408 5323 3556 5396 utile,
3585 5330 3713 5381 etc.,

2146 5399 2253 5451 alio
2280 5392 2436 5451 modo
2468 5410 2522 5453 et
2553 5392 2818 5452 intellexit
2860 5408 2914 5451 et
2960 5392 3347 5465 interpretatus
3396 5403 3475 5445 est
3520 5392 3717 5465 Eusta-

2150 5469 2309 5523 tltius.
2350 5469 2495 5525 Illius
2520 5469 2837 5536 subjiciunts
2868 5469 3026 5521 verba
3060 5484 3075 5519 :
3107 5460 3238 5517 ’Νοιι
3276 5479 3491 5536 causam
3519 5460 3720 5536 privati-

2150 5542 2232 5603 tit,
2271 5551 2325 5593 ut
2353 5554 2484 5593 esset
2525 5532 2715 5600 solum,
2754 5540 2843 5591 sed
2888 5539 3006 5606 fecit
3034 5547 3090 5590 ut
3127 5538 3289 5588 bonus
3338 5532 3716 5606 utilentaAnt-

2150 5602 2361 5664 brasius
2389 5628 2507 5680 pag.
2538 5612 2591 5673 9,
2629 5627 2775 5662 ιιιιιιι.
2811 5602 2919 5680 λε,
2951 5611 3093 5680 hunc
3127 5602 3597 5680 euntdemBasilii
3636 5603 3713 5680 lo-

2150 5696 2273 5733 cum
2324 5673 2402 5734 sic
2451 5673 2762 5747 expressit:
2799 5678 2920 5733 Non
2976 5679 3109 5730 dixit
3162 5678 3285 5742 quia
3321 5677 3526 5729 subesse
3560 5673 3713 5747 fecit,

2150 5766 2251 5801 non
2287 5752 2421 5822 dixit
2467 5743 2614 5822 quia,
2639 5767 2853 5803 Causam
2886 5750 3103 5822 mundo,
3139 5757 3209 5822 ut
3243 5758 3394 5822 esset,
3442 5743 3715 5822 ptzrrbtiic:

2153 5822 2241 5873 sed
2271 5821 2392 5889 fecit
2417 5812 2567 5892 quasi
2601 5821 2761 5875 bonus
2791 5822 2926 5888 quod
2962 5820 3090 5884 foret
3112 5817 3256 5870 utile.
3291 5818 3472 5892 Grazca
3508 5812 3717 5892 Latinis

2153 5882 2307 5964 longe
2364 5882 2622 5963 prie-stare
2662 5882 2839 5957 nemo,
2876 5882 3085 5961 opinor,
3123 5908 3224 5945 non
3270 5890 3429 5944 videt.
3465 5914 3532 5926 ——
3568 5882 3714 5953 Οὐχὶ
