4082 6398
376 311 442 366 19
1756 309 1815 365 5.
1854 307 1968 362 ΒΑΕ

2071 309 2099 363 Il
2134 309 2348 365 MAGNI
2494 329 2498 338 ι
3554 304 3622 365 ευ

375 436 428 489 ia
461 448 622 486 causa
660 432 758 487 fuit
802 449 898 487 cur
927 444 1107 503 esset;
1142 434 1239 490 sed
1285 434 1360 488 uti
1411 435 1586 490 bonus
1631 435 1762 490 fecit
1803 435 1946 505 quod

2071 436 2157 507 γὰρ
2207 434 2318 502 (52)
2368 433 2486 502 οὐχὶ
2537 430 2785 502 τεχνίτην
2837 447 2916 484 σοι
2956 427 3155 493 ἔδειξεν
3189 429 3530 500 εμϐεὸηκόυα
3556 432 3621 500 τῇ

376 528 511 582 mile
542 536 658 593 est;
690 527 766 580 uti
799 527 1036 598 sapiens,
1071 527 1212 597 quod
1259 527 1684 597 pulcherrimum
1713 538 1834 595 est;
1869 527 1949 582 uti

379 627 590 687 potens,
621 619 762 687 quod
791 619 1086 672 maximum
1112 629 1216 673 est.
1251 618 1383 671 Nam
1424 620 1662 674 ostendit
1684 620 1782 675 tibi
1816 620 1951 674 arti-

381 710 534 762 ticem
573 717 777 762 tantum
809 723 912 760 non
941 723 1117 760 rerum
1147 709 1387 761 omnium
1415 709 1767 764 substantiam
1801 710 1952 764 inva-

382 802 616 864 dentem,
651 811 706 855 et
733 811 913 870 partes
945 801 1341 868 singulasinter
1370 817 1428 856 se
1459 812 1952 870 coagmentantem,

383 891 809 961 efﬁcientemque
843 891 1153 945 universum
1186 892 1446 946 mundum
1482 895 1808 948 concordem
1838 893 1940 948 sibi

384 994 440 1036 et
476 998 771 1038 consonum
812 993 972 1049 atque
1018 983 1366 1036 concinnum.
1420 980 1489 1035 In
1528 984 1786 1051 principio
1832 983 1953 1051 fecit

385 1073 524 1127 Deus
553 1075 738 1127 caelum
760 1086 808 1126 et
841 1084 1054 1125 terram.
1089 1073 1357 1127 Extremis
1397 1075 1606 1127 duobus
1630 1075 1958 1144 signiﬁcavit

385 1165 531 1220 orbis
567 1166 729 1219 totius
756 1165 1140 1227 substantiam,
1175 1165 1313 1218 ccelo
1338 1164 1556 1235 quidem
1590 1166 1832 1221 tribuens
1864 1181 1956 1220 or-

389 1266 475 1310 tus
525 1256 935 1324 praerogativam
968 1275 981 1309 :
1013 1265 1210 1310 terram
1248 1271 1376 1310 vero
1419 1257 1630 1326 origine
1668 1259 1958 1312 secundam

387 1363 507 1403 esse
546 1359 812 1403 astruens.
853 1348 908 1402 Si
958 1349 1085 1416 quid
1118 1360 1295 1402 autem
1334 1349 1387 1402 in
1428 1348 1547 1402 istis
1578 1350 1808 1403 medium
1855 1359 1958 1414 est,

388 1440 440 1494 id
469 1439 650 1510 utique
686 1455 788 1493 una
834 1456 954 1494 cum
1001 1440 1132 1508 ipsis
1163 1440 1358 1494 linibus
1386 1440 1585 1497 factum
1619 1450 1721 1498 est.
1759 1441 1964 1508 Quant-

387 1533 571 1588 obrem
623 1534 833 1589 etiamsi
885 1535 951 1587 de
1005 1533 1226 1602 reliquis
1280 1534 1582 1596 elementis.
1636 1536 1776 1601 igne,
1821 1551 1960 1605 aqua

390 1635 449 1681 et
472 1641 600 1680 aere
628 1625 766 1680 nihil
812 1625 1030 1689 dixerit,
1067 1636 1180 1681 tute
1208 1636 1386 1683 tamen
1417 1629 1595 1682 omnia
1627 1629 1679 1682 in
1713 1630 1964 1686 omnibus

389 1716 620 1784 primunt
670 1714 926 1782 permista
970 1715 1136 1768 fuisse
1182 1730 1279 1783 pro
1308 1725 1394 1769 tua
1431 1717 1650 1772 solertia
1689 1718 1960 1787 intellige;

2049 532 2206 602 οὐσίᾳ
2227 528 2336 582 τῶν
2359 529 2516 592 ὅλων,
2549 528 2644 580 καὶ
2671 525 2741 579 τὰ
2775 525 2892 578 καθ’
2930 525 3156 594 ἕκαστον
3188 523 3327 594 μέρη
3363 523 3498 595 πρὸς
3528 524 3624 579 ἄλ.

2050 621 2185 692 ληλα
2215 616 2640 690 συναρμόζοντα,
2665 617 2757 670 καὶ
2783 616 2842 670 τὸ
2875 618 2981 669 πᾶν
3023 615 3280 687 ὁμόλογον
3321 614 3498 686 ἐαυτῷ
3534 615 3628 670 καὶ

2054 714 2340 784 σύμφωνον
2388 712 2480 763 καὶ
2528 709 2858 780 ὲναρμονίως
2902 709 3020 779 ἔχον
3081 707 3462 762 ἀποτελοῦντα.
3532 711 3629 762 Ἐν

2053 803 2211 873 ἀρχῇ
2241 803 2533 870 ἐποίησεν
2561 805 2592 854 ό
2628 800 2770 865 Θεὸς
2796 800 2902 852 τὸν
2930 799 3188 867 οὐρανὸν
3217 798 3316 852 καὶ
3347 797 3462 865 τὴν
3488 795 3626 866 γῆν.

2068 897 2163 950 Ἐκ
2204 895 2296 948 δύο
2338 894 2446 948 τῶν
2497 893 2680 964 ἄκρων
2730 891 2838 961 (55)
2885 891 2977 944 τοῦ
3025 890 3223 952 παντὸς
3264 890 3362 959 τὴν
3399 889 3630 960 ὓπαρξιν

2057 988 2408 1060 παρῃνίξατο,
2455 985 2532 1056 τῷ
2571 985 2668 1054 μὲν
2699 983 2910 1056 οὐρανῷ
2955 983 3020 1037 τὰ
3056 983 3318 1054 πρεσϐεῖα
3356 982 3454 1052 τῆς
3483 982 3635 1050 γενέ-

2059 1098 2194 1143 σεως
2233 1079 2484 1142 ἀποδοὺς,
2521 1077 2618 1148 τὴν
2653 1077 2708 1130 δὲ
2760 1075 2864 1145 γῆν
2917 1075 3247 1146 δευτερεύειν
3279 1076 3516 1145 φάμενος
3562 1077 3628 1144 τῇ

2061 1173 2312 1244 ὑπάρξει.
2361 1171 2582 1234 Πάντως
2631 1168 2685 1222 δὲ
2733 1168 2844 1238 (54)
2885 1169 2978 1220 καὶ
3013 1166 3151 1220 εἴτι
3198 1166 3402 1220 τούτων
3447 1165 3629 1236 μέσον,

2061 1264 2464 1334 συναπεγενήθη
2507 1267 2620 1325 τοῖς
2661 1261 2906 1331 πέρασιν.
2948 1261 3107 1312 Ὥστε
3149 1258 3250 1312 κᾶν
3299 1259 3463 1330 μηδὲν
3503 1258 3632 1331 εἴπῃ

2061 1357 2188 1424 περὶ
2223 1355 2330 1408 τῶν
2359 1355 2667 1424 στοιχείων,
2704 1351 2902 1422 πυρὸς,
2943 1351 3036 1405 καὶ
3074 1350 3290 1416 ὓδατος,
3323 1352 3414 1404 καὶ
3451 1352 3634 1423 ἀέρος,

2061 1445 2196 1500 ἀλλὰ
2221 1447 2284 1498 σύ
2327 1446 2392 1515 τῇ
2425 1443 2576 1514 παρὰ
2621 1441 2818 1494 σαυτοῦ
2858 1440 3067 1494 συνέσει
3102 1441 3249 1504 νόει,
3286 1441 3498 1511 πρῶτον
3538 1442 3636 1511 μὲν

2061 1539 2142 1591 ὅτι
2179 1537 2354 1591 πάντα
2381 1537 2437 1588 ἐν
2464 1536 2593 1588 πᾶσι
2628 1534 2911 1604 μέμικται,
2952 1534 3043 1587 καὶ
3071 1533 3128 1586 ἐν
3165 1535 3232 1603 γῇ
3264 1533 3514 1602 εὑρήσεις
3543 1534 3638 1586 καὶ

2063 1629 2228 1701 ὓδωρ,
2255 1628 2348 1681 καὶ
2377 1627 2534 1698 ἀέρα,
2558 1625 2652 1679 καὶ
2674 1625 2802 1696 πῦρ,
2823 1624 2935 1692 εἴγε
2963 1627 3025 1678 ἐκ
3048 1623 3210 1677 λίθων
3238 1624 3334 1694 μὲν
3360 1625 3470 1695 πῦρ
3492 1624 3638 1691 ἐξάλ-

2063 1721 2233 1782 λεται,
2271 1723 2334 1772 ἐκ
2362 1718 2576 1788 σιδήρου
2603 1717 2678 1782 δὲ,
2708 1717 2766 1781 ὃς
2795 1719 2888 1770 καὶ
2915 1717 3075 1780 αὐτὸς
3108 1717 3215 1770 ἀπὸ
3251 1718 3356 1788 γῆς
3393 1717 3503 1788 ἔχει
3541 1716 3638 1788 τὴν

391 1815 554 1874 atque
583 1805 718 1858 adeo
745 1819 964 1870 aquam,
996 1818 1283 1874 acremque
1317 1815 1372 1858 et
1403 1806 1580 1876 ignem
1612 1809 1663 1859 in
1705 1816 1849 1861 terra
1879 1824 1963 1863 re-

2071 1813 2300 1881 γένεσιν,
2336 1809 2447 1881 πῦρ
2474 1809 2702 1879 ἄφθονον
2734 1811 2790 1863 ὲν
2835 1813 2951 1873 ταῖς
2995 1809 3360 1882 παρατρίψεσι
3398 1810 3639 1878 πέφυκεν

391 1908 642 1966 perturus
661 1912 739 1950 es.
765 1895 899 1950 Nam
927 1911 993 1951 ex
1020 1896 1288 1965 lapidibus
1322 1899 1539 1966 quidem
1568 1899 1705 1969 ignis
1734 1901 1915 1955 exsilit
1943 1918 1958 1955 :

391 2003 460 2041 ex
489 1985 633 2041 ferro
675 2001 826 2050 vero,
856 1987 996 2054 quod
1034 1987 1209 2054 ipsum
1251 1988 1415 2041 etiam
1443 2004 1472 2043 e
1505 1999 1647 2043 terra
1696 1991 1962 2061 originem

392 2077 584 2143 trabit,
625 2077 761 2146 ignis
808 2077 1088 2131 abundans
1123 2079 1174 2130 in
1205 2078 1417 2133 aﬂrictu
1447 2083 1685 2136 emicare
1715 2083 1874 2138 solet.
1906 2084 1965 2139 ιιι

391 2185 607 2240 quoque
650 2184 748 2237 par
774 2167 937 2222 fuerit
966 2171 1240 2235 admirari,
1278 2173 1549 2240 quomodo
1599 2175 1736 2244 ignis
1765 2177 1854 2245 qui
1879 2177 1964 2231 in-

393 2272 479 2317 est
523 2263 862 2331 corporibus,
893 2263 944 2316 in
981 2263 1112 2333 ipsis
1149 2265 1290 2319 citra
1335 2265 1722 2321 detrimentum
1775 2270 1965 2323 delite—

392 2363 509 2412 scat
542 2374 558 2410 :
593 2365 783 2410 contra
811 2370 898 2420 ea,
935 2372 962 2408 a
992 2357 1188 2425 quibus
1209 2383 1222 2390 -
1244 2367 1400 2412 antea
1439 2359 1778 2422 servabatur.
1803 2361 1968 2415 simul

393 2457 453 2500 ut
482 2447 628 2502 foras
657 2448 885 2504 eductus
917 2458 1019 2508 est.
1055 2450 1321 2504 absumat.
1367 2451 1747 2506 Demonstraut
1782 2462 1964 2508 autem

394 2549 681 2608 puteorum
742 2542 977 2596 fossores
1028 2558 1181 2612 aqum
1231 2555 1478 2597 naturain
1531 2553 1690 2599 terra:
1743 2546 1960 2600 insitam

391 2647 513 2686 esse
546 2649 559 2685 :
595 2635 723 2701 quin
755 2645 809 2687 et
842 2637 988 2690 aeris
1030 2647 1278 2690 naturam
1317 2647 1474 2692 terra:
1502 2637 1675 2692 inesse
1715 2654 1969 2708 compro-

391 2724 523 2779 bant
577 2728 790 2782 emissze
841 2728 944 2782 illac
983 2745 1199 2782 sursum
1228 2745 1258 2783 e
1290 2739 1434 2783 terra
1491 2730 1800 2784 bumectata
1839 2741 1892 2784 et
1926 2746 1955 2785 a

395 2817 509 2871 sole
532 2818 788 2873 calefacta
841 2820 1230 2876 exbalationes.
1265 2821 1466 2877 Deinde
1495 2838 1614 2877 cum
1646 2823 1842 2878 celum
1875 2838 1971 2876 na-

397 2918 516 2962 tura
568 2909 744 2964 locum
785 2927 1079 2980 supernum
1124 2923 1373 2980 occupet,
1427 2923 1568 2968 terra
1608 2929 1734 2969 vero
1787 2915 1970 2968 intima

398 3003 472 3055 sit
501 3018 514 3056 :
542 3003 740 3073 quippe
773 3003 1022 3058 feruntur
1065 3007 1116 3058 in
1160 3005 1358 3060 coelum
1407 3005 1573 3071 levia;
1607 3005 1788 3075 gravia
1838 3020 1966 3060 vero

400 3109 468 3148 ex
504 3110 562 3149 se
597 3106 822 3165 vergunt
854 3096 906 3149 in
942 3105 1168 3160 terram,
1203 3113 1440 3166 cumque
1480 3098 1714 3152 maxime
1743 3110 1966 3151 contra-

2065 1886 2433 1972 ἁπολόιμπειν.
2466 1901 2529 1952 ’⁸-0
2563 1901 2655 1952 καὶ
2678 1898 2954 1967 Θαυμάσαι
2979 1898 3148 1964 ἄξιον,
3177 1899 3295 1960 πῶς
3326 1901 3384 1951 ὲν
3413 1898 3510 1968 μὲν
3529 1901 3641 1961 τοῖς

2067 1989 2310 2060 σώμασιν
2331 1988 2573 2060 ὑπάρχον
2619 1988 2729 2057 (55)
2756 1989 2817 2041 τὸ
2845 1988 2952 2058 πῦρ
2973 2028 2988 2050 ,
3026 1988 3273 2052 ἀϐλαϐῶς
3305 1988 3637 2059 ἐμφωλεύει·

2065 2080 2367 2152 προκληθὲν
2397 2079 2453 2132 δὲ
2479 2080 2572 2132 ἐπὶ
2602 2078 2662 2131 τὸ
2695 2077 2820 2144 ἔξω,
2853 2078 3220 2150 δαπανητικόν
3248 2081 3361 2132 ἐστι
3403 2079 3509 2132 τῶν
3544 2096 3645 2147 φυ-

2063 2174 2365 2228 λασσόντων
2396 2173 2550 2236 τέως.
2577 2173 2685 2244 Τὴν
2705 2173 2761 2226 δὲ
2787 2171 2878 2225 τοῦ
2908 2170 3097 2236 ὓδατος
3120 2171 3278 2242 φύσιν
3307 2171 3642 2242 ἐνυπάρχου-

2068 2282 2165 2318 σαν
2188 2267 2253 2334 τῇ
2282 2266 2350 2333 γῇ
2372 2266 2419 2316 οἱ
2445 2262 2748 2334 φρεωρύχοι
2773 2261 3069 2315 δεικνύουσι
3091 2280 3104 2294 ⁸
3135 2263 3226 2316 καὶ
3250 2261 3347 2333 τὴν
3373 2261 3468 2316 τοῦ
3486 2262 3644 2331 ἀέρος

2066 2356 2116 2409 οἱ
2147 2355 2254 2408 ἀπὸ
2285 2353 2661 2425 νενοτισμένης
2685 2353 2852 2423 αὐτῆς
2878 2354 2942 2406 ἅτ
2954 2354 3044 2423 μοὶ
3075 2355 3178 2406 ὑπὸ
3208 2353 3357 2423 ἡλίου
3393 2353 3644 2421 θαλφθεί-

2069 2463 2168 2516 σης
2197 2445 2663 2515 ἀναπεμπόμενοι.
2696 2445 2923 2498 Ἔπειτα
2959 2445 3138 2515 μέντοι
3168 2445 3260 2498 καὶ
3287 2447 3334 2498 εί
3371 2444 3528 2513 φύσει
3550 2445 3643 2497 τὸν

2067 2539 2180 2594 ἄνω
2208 2537 2370 2591 τόπον
2403 2541 2431 2591 ὁ
2462 2538 2684 2609 οὐρανὸς
2717 2539 2934 2610 ἐπέχει,
2978 2541 3010 2607 ἡ
3053 2539 3108 2591 δὲ
3141 2540 3211 2609 γῆ
3243 2539 3304 2591 τὸ
3335 2538 3646 2593 κατώτατόν

2069 2629 2216 2682 ἐστι·
2245 2629 2378 2684 διότι
2419 2630 2509 2682 ἐπὶ
2550 2630 2648 2698 μὲν
2685 2630 2774 2682 τὸν
2822 2631 3045 2701 οὐρανὸν
3097 2630 3163 2684 τὰ
3199 2630 3371 2700 κοῦφα
3401 2631 3644 2702 φέρεται,

2070 2723 2162 2776 ἐπὶ
2195 2722 2250 2774 δὲ
2287 2722 2383 2793 τὴν
2411 2722 2515 2791 γῆν
2536 2721 2604 2775 τὰ
2630 2722 2799 2794 βαρέα
2829 2723 3037 2792 πέφυκε
3072 2724 3376 2795 καταρῤέπε
3388 2742 3463 2786 ιν,
3491 2726 3646 2777 ἐναν-

2067 2814 2306 2870 τιώτατα
2333 2815 2388 2868 δὲ
2415 2814 2662 2885 ἀλλήλοις
2690 2816 2750 2867 τὸ
2773 2815 2884 2869 ἄνω
2909 2815 3002 2869 καὶ
3021 2816 3080 2868 τὸ
3106 2816 3253 2870 κάτω
3277 2833 3288 2848 ο
3312 2818 3340 2869 ό
3364 2815 3469 2869 τῶν
3491 2815 3645 2869 πλεῖ-

2073 2923 2197 2960 στον
2228 2904 2529 2960 διεστώτων
2564 2906 2706 2961 κατὰ
2734 2907 2831 2977 τὴν
2871 2906 3032 2975 φύσιν
3055 2907 3426 2978 ἐπιμνησθεὶς,
3459 2907 3552 2960 καὶ
3577 2906 3649 2961 τὰ

2069 2998 2166 3070 τὴν
2195 2998 2364 3068 μέσην
2403 2997 2609 3059 τούτοις
2643 2997 3021 3069 ὲκπληροῦντα
3049 2996 3228 3068 χώραν
3256 2997 3646 3068 συνεκδοχικῶς

2076 3091 2478 3163 παρεσήμανεν.
2511 3090 2671 3142 Ὥστε
2691 3090 2765 3160 μὴ
2796 3088 2946 3160 ζήτει
2976 3089 3083 3159 (56)
3113 3091 3210 3158 τὴν
3239 3090 3345 3144 τῶν
3373 3089 3492 3143 καθ’
3523 3091 3648 3143 ἕκα-

401 3185 478 3238 ria
507 3186 614 3239 sint
658 3188 797 3239 inter
831 3202 888 3241 se
917 3202 1208 3256 supernum
1245 3197 1303 3242 et
1338 3188 1639 3252 infernum;
1673 3189 1763 3257 qui
1790 3203 1968 3244 rerum

2079 3161 2201 3241 στον
2230 3186 2592 3258 ὲπεξήγησιν,
2638 3185 2772 3240 ἀλλὰ
2811 3186 2878 3242 τὰ
2910 3187 3249 3256 σιωπηθέντα
3282 3188 3388 3242 νόει
3423 3187 3508 3241 διὰ
3537 3187 3650 3242 ’.ὢν

400 3271 710 3342 longissime
748 3276 888 3331 inter
919 3292 977 3331 se
1034 3289 1228 3331 natura
1265 3279 1600 3333 diversarum
1643 3279 1968 3333 mentionem

2075 3279 2442 3350 δηλωθέντων.

411 3363 563 3429 fecit,
597 3367 759 3418 etiam
830 3381 892 3420 ea
933 3383 1050 3436 qua:
1097 3369 1366 3439 regionem
1428 3371 1654 3423 mediam
1701 3369 1753 3423 in
1825 3371 1911 3424 bis
1980 3370 2214 3440 explent,
2258 3370 2548 3425 acervatim
2589 3369 2930 3440 signiﬁcavit.
2991 3370 3168 3437 Quare
3206 3385 3271 3424 ne
3317 3368 3650 3440 singulorum

403 3459 661 3526 exquiras
702 3461 1087 3525 narrationem,
1143 3463 1236 3516 sed
1290 3479 1351 3517 ea
1407 3479 1526 3533 quae
1579 3473 1705 3519 sunt
1759 3464 1974 3519 silentio
2014 3469 2304 3535 praeterita,
2342 3479 2437 3532 per
2469 3480 2529 3519 ea
2570 3479 2687 3531 quae
2720 3465 2949 3517 indicata
2976 3472 3100 3516 sunt
3134 3462 3388 3531 intellige.

475 3549 530 3603 8.
573 3548 638 3602 In
674 3551 928 3618 principio
974 3552 1097 3618 fecit
1137 3552 1278 3606 Deus
1329 3553 1512 3607 caelum
1551 3565 1596 3606 et
1644 3565 1859 3607 terram.
1893 3553 1979 3607 lu-

403 3641 628 3710 quisitio
665 3657 784 3710 quae
819 3643 884 3695 de
913 3642 1246 3711 singularum
1295 3659 1474 3697 rerum
1530 3647 1763 3700 essentia
1806 3647 1980 3710 ﬁeret,

406 3733 520 3786 sive
564 3748 748 3785 earum
791 3748 911 3802 quae
939 3734 1038 3787 sub
1069 3745 1313 3788 nostram
1344 3737 1858 3806 contemplationem
1889 3755 1982 3793 ca-

407 3823 563 3888 dunt,
593 3825 706 3878 sive
747 3838 936 3877 earum
980 3840 1098 3892 qua:
1124 3826 1324 3879 nostris
1353 3829 1602 3884 sensibus
1633 3830 1979 3899 objiciuntur,

406 3930 711 3970 sermonem
765 3917 981 3986 longum
1026 3927 1080 3970 et
1120 3930 1496 3972 excurrentetn
1526 3921 1576 3974 in
1613 3932 1852 3976 nostram
1891 3923 1974 3976 in-

407 4011 853 4077 terpretationem
910 4011 1224 4076 induceret,
1279 4015 1716 4082 quandoquidem
1772 4015 1826 4067 in
1878 4015 1979 4068 boc

406 4100 741 4170 problemate
776 4104 1127 4170 expendendo
1156 4105 1316 4159 verba
1353 4105 1505 4174 plura
1546 4107 1863 4160 insumenda
1895 4121 1983 4160 es-

409 4203 532 4247 sent
581 4209 741 4262 quam
779 4196 829 4248 in
876 4197 1123 4265 reliquis,
1168 4215 1288 4266 quae
1339 4200 1406 4253 de
1461 4200 1694 4269 singulis
1739 4199 1983 4268 quaesitis

397 4284 514 4342 dici
545 4296 788 4352 possunt.
820 4287 1088 4343 Praaterea
1124 4290 1265 4344 baud
1317 4305 1496 4359 operae
1550 4291 1782 4360 pretium
1816 4289 1982 4344 fuerit

408 4377 473 4430 ad
514 4378 769 4434 Ecclesiae
816 4382 1229 4436 aediﬁcationem
1274 4384 1326 4437 in
1379 4385 1463 4436 bis
1523 4393 1735 4451 tempus
1784 4392 1978 4437 terere.

408 4467 608 4525 Verum
668 4473 812 4526 circa
875 4475 999 4528 curii
1035 4474 1324 4528 essentiam
1375 4474 1508 4528 satis
1545 4474 1697 4528 nobis
1750 4482 1876 4527 sunt
1915 4489 1975 4527 ea

408 4578 529 4630 qua:
573 4564 719 4617 dicta
752 4575 878 4618 sunt
908 4567 975 4618 ab
1002 4565 1162 4628 lsaia,
1206 4567 1296 4634 qui
1335 4565 1648 4635 vulgaribus
1675 4567 1851 4620 verbis
1884 4581 1980 4620 na-

421 4660 553 4706 tura:
593 4655 761 4724 ipsius
791 4657 1153 4727 cognitionem
1185 4656 1536 4712 sufﬁcientem
1580 4658 1733 4712 nobis
1765 4657 1978 4726 indidit,

419 4742 545 4797 dum
573 4745 744 4800 dixit:
775 4747 875 4812 Qui
902 4748 1134 4817 ﬁrmavit
1161 4748 1344 4802 caelum
1366 4751 1522 4818 quasi
1557 4749 1758 4818 {timum
1779 4750 1842 4812 ¹¹,
1876 4749 1978 4804 ltoc

480 4863 523 4894 "
549 4864 656 4920 lsa.
676 4883 747 4930 LI,
788 4865 842 4918 6.

405 4986 554 5041 αὐτὸ
585 4985 762 5040 τοῦτο
789 4985 1114 5052 τὴναὶτίαν
1129 4983 1236 5038 τοῦ
1266 4980 1418 5037 εἶναι
1444 4983 1767 5053 παρέσχεν.
1793 4982 1954 5036 Verte
1977 5000 1990 5036 :

412 5056 536 5110 Non
563 5057 658 5110 hoc
689 5057 857 5109 solum
904 5056 1167 5122 prwstitit,
1199 5070 1413 5108 causam
1456 5069 1510 5106 ut
1557 5065 1686 5107 esset
1734 5055 1984 5121 mundus,

411 5129 462 5182 id
493 5140 598 5191 est,
642 5143 746 5181 non
776 5125 971 5178 nudam
1007 5137 1061 5179 et
1089 5126 1386 5194 simplicem
1425 5129 1623 5178 mundo
1653 5127 1983 5178 creationem

409 5200 683 5267 prmstitit,
712 5198 801 5248 sed
825 5205 882 5248 ut
911 5197 1072 5248 bonus
1101 5195 1222 5267 [c_cit
1250 5195 1394 5267 quod
1425 5195 1553 5248 utile
1575 5206 1671 5260 est,
1693 5205 1745 5247 ut
1777 5196 1985 5264 sapiens

409 5264 549 5322 buod
571 5267 1000 5331 pulcherrimum.
1030 5268 1094 5318 D.
1133 5265 1226 5318 Fr.
1249 5264 1532 5320 Munus.

483 5338 598 5408 (52)
632 5337 770 5390 Editi
798 5336 1078 5406 μονονουχὶ
1100 5335 1230 5408 γάρ.
1267 5336 1337 5386 At
1361 5351 1509 5408 mss:
1527 5350 1632 5408 non
1659 5336 1904 5408 pau‘cigut
1931 5335 1982 5408 in

413 5403 688 5462 contextu.
723 5403 920 5462 Ibidem
963 5403 1295 5460 unuscodex
1326 5403 1705 5475 εἰσϐεϐηκότα.
1744 5404 1984 5458 Subinde

412 5479 566 5533 Coll).
601 5482 806 5546 primus
831 5477 898 5531 τὰ
922 5476 1254 5530 καθέκαστα.

486 5545 804 5616 (55)ίΕιΙιιίο
852 5549 1016 5602 Basil.
1051 5547 1158 5599 τῶν
1213 5545 1417 5616 ἀρχῶν,
1464 5562 1526 5598 ea:
1566 5545 1767 5597 duobus
1796 5547 1985 5611 princi-

416 5619 534 5687 piis.
570 5619 767 5672 Ibidem
816 5635 942 5672 mss.
1000 5617 1094 5671 τοῦ
1131 5619 1352 5678 παντός.
1409 5617 1564 5670 Deest
1617 5617 1879 5671 articulus
1925 5620 1978 5672 in

417 5689 667 5752 vulgatis.

489 5757 602 5828 (54)
625 5759 840 5828 Antiqui
861 5760 978 5815 libri
997 5771 1209 5824 παντως
1230 5760 1306 5814 δέ.
1330 5758 1466 5814 Edit.
1496 5755 1665 5812 Paris.
1688 5759 1887 5820 παντὸς
1903 5755 1978 5810 δέ.

2147 3555 2198 3610 8.
2253 3556 2355 3610 Ἐν
2389 3553 2549 3626 ἀρχῇ
2582 3553 2870 3621 ἐποίησεν
2897 3557 2929 3607 ό
2967 3553 3112 3619 Θεὸς
3140 3553 3248 3606 τὸν
3274 3553 3534 3622 οὐρανὸν
3551 3551 3652 3606 καὶ

2075 3647 2190 3715 τὴν
2235 3645 2370 3716 γῆν.
2411 3647 2474 3698 Ἡ
2513 3644 2641 3714 περὶ
2679 3643 2778 3712 τῆς
2811 3643 2996 3706 οὐσίας
3039 3643 3233 3713 ἔρευνα
3280 3643 3510 3696 ἑκάστου
3545 3643 3655 3695 τῶν

2076 3740 2318 3809 δντων,ἢ
2357 3737 2464 3790 τῶν
2511 3735 2654 3790 κατὰ
2695 3735 2926 3806 Θεωρίαν
2969 3735 3377 3788 ὑποπιπτόντων
3416 3739 3579 3804 ἡμῖν,
3616 3735 3648 3804 ἢ

2076 3828 2183 3881 τῶν
2229 3825 2601 3898 προκειμένων
2629 3817 2798 3895 ’ἡμῶν
2845 3825 2909 3894 τῇ
2952 3823 3229 3893 αἰσθήσει,
3295 3825 3503 3895 μακρὸν
3561 3825 3656 3880 καὶ

2079 3919 2462 3991 ἀπηρτημένον
2490 3916 2644 3985 λόγον
2664 3917 2941 3985 ἐπεισάγει
2968 3919 3031 3988 τῇ
3061 3915 3348 3987 ἐξηγήσει,
3374 3917 3448 3981 ὡς
3478 3917 3657 3970 πλείο-

2081 4031 2178 4075 νας
2204 4014 2260 4064 ὲν
2286 4014 2351 4082 τῇ
2383 4009 2626 4082 περὶτοῦ
2662 4009 3040 4080 προϐλήματος
3072 4008 3256 4062 τούτου
3298 4011 3484 4079 σκέψει
3527 4028 3655 4063 κατ-

2084 4104 2466 4160 αναλίσκεσθαι
2493 4104 2681 4172 λόγους
2702 4103 2807 4156 τῶν
2843 4102 3066 4167 λοιπῶν,
3109 4102 3206 4154 ὅσα
3248 4101 3519 4171 ἐνδέχεται
3555 4104 3652 4172 ρη-

2084 4198 2240 4267 Θῆναι
2283 4197 2409 4267 περὶ
2446 4195 2674 4248 ἑκάστου
2711 4195 2820 4248 τῶν
2856 4194 3234 4266 ζητουμένων·
3269 4195 3408 4266 πρὸς
3434 4195 3494 4247 τὸ
3521 4193 3651 4264 (57),

2091 4287 2224 4359 μηδὲ
2251 4286 2523 4358 προύργου
2550 4305 2600 4339 τι
2633 4281 2770 4338 εἶναι
2803 4287 2880 4350 εἰς
2909 4285 3005 4356 τὴν
3026 4286 3125 4354 τῆς
3161 4285 3482 4356 Ἑκκλησίας
3515 4287 3656 4338 οἰκο-

2086 4379 2253 4450 δομὴν
2276 4379 2335 4432 τὸ
2361 4378 2489 4450 περὶ
2505 4378 2675 4431 ταῦτα
2698 4377 3162 4449 κατασχολεῖσθαι.
3204 4377 3360 4431 Ἀλλὰ
3400 4395 3465 4430 πε
3477 4378 3528 4448 ρ“ι
3561 4377 3656 4448 μὲν

2085 4471 2185 4540 τῆς
2226 4472 2412 4534 οὐσίας
2448 4471 2540 4524 τοῦ
2588 4469 2815 4542 οὐρανοῦ
2869 4469 3185 4540 ἀρκούμεθα
3216 4473 3329 4533 τοῖς
3375 4469 3525 4540 παρὰ
3561 4467 3655 4521 τοῦ

2097 4565 2318 4618 Ἡσαΐου
2339 4565 2646 4638 εἰρημένοις
2665 4582 2676 4593 ο
2700 4565 2758 4627 ὃς
2785 4565 2839 4615 ἐν
2865 4563 3148 4626 ἰδιωτικοῖς
3192 4563 3432 4633 ῥήμασιν
3472 4559 3658 4629 ἱκανὴν

2647 4659 2657 4676 ν
2713 4656 2761 4676 κ’
2815 4656 2904 4676 μὶν,
2938 4655 3013 4676 9,1

2081 4747 2226 4801 πὼνο
2275 4750 2336 4801 Ὀ
2364 4749 2707 4818 λστερεώσας
2744 4748 2850 4802 τὸν
2902 4746 3162 4816 οὐρανὸν
3206 4746 3348 4799 ὡσεὶ
3401 4745 3652 4798 καπνόν·

2171 4985 2280 5056 (55)
2309 4984 2530 5040 Veteres
2553 4985 2660 5040 duo
2695 4985 2814 5056 libri
2844 4981 3169 5054 ἐνυπάρχον.
3204 4979 3493 5049 Aliquanto
3536 4990 3657 5050 post

2092 5054 2221 5115 mss.
2252 5054 2489 5110 nonnulli
2523 5059 2614 5108 ἐπὶ
2636 5058 2702 5110 τὰ
2737 5054 2862 5121 ἔξω.

2162 5125 2455 5201 (56)”Librri
2484 5126 2690 5201 A-nglici
2723 5142 2840 5201 cum
2877 5122 3028 5178 Colb.
3067 5123 3243 5201 primo
3275 5131 3330 5178 et
3359 5123 3649 5201 cumnﬂeg.

2089 5191 2517 5269 εθιίιοζητεῖν...
2548 5191 2708 5250 νοεῖν.
2755 5195 2822 5269 At
2858 5191 3083 5269 uterque
3136 5196 3266 5269 Duc.
3312 5209 3432 5246 cum
3489 5191 3654 5246 Cois].

2091 5273 2266 5340 primo
2295 5265 2350 5322 et
2380 5283 2501 5320 cum
2523 5269 2652 5340 aliis
2679 5266 3160 5340 quibusdam_mss.
3182 5265 3450 5340 vulgatam
3480 5271 3658 5340 tuetur

2092 5333 2376 5395 iectionem
2409 5354 2422 5389 :
2451 5337 2535 5390 cui
2569 5337 2781 5390 lectioni
2813 5345 2964 5388 vetus
3013 5333 3294 5402 interpres
3337 5333 3654 5387 Eustathius

2092 5416 2233 5466 l'avet
2263 5429 2277 5463 :
2311 5407 2432 5462 Non
2471 5423 2590 5475 ergo
2634 5422 2862 5471 qua’rns,
2901 5405 3092 5472 inquit,
3130 5407 3194 5456 de
3235 5404 3461 5473 singulis
3501 5404 3660 5475 ratio-

2092 5500 2205 5536 nem
2237 5497 2254 5534 :
2287 5483 2374 5533 sed
2406 5478 2498 5530 illa
2512 5472 2713 5547 quoque
2737 5492 2853 5546 qua:
2876 5476 3086 5547 silentio
3113 5477 3380 5542 Scriptura
3403 5472 3653 5542 prirtcn’l.

2098 5571 2162 5606 ex
2187 5548 2297 5614 liis,
2323 5565 2438 5616 qua!
2466 5545 2635 5600 relata
2667 5545 2804 5606 sunt.
2839 5545 3044 5616 debebis
3072 5547 3356 5616 advertere.

2167 5611 2536 5691 (57)'t".odices
2591 5617 2828 5672 nonnulli
2865 5615 3000 5687 πρὸς
3048 5615 3148 5687 τῷ.
3203 5615 3302 5669 Alii
3342 5627 3462 5670 cum
3497 5611 3656 5668 editis

2093 5694 2226 5766 πρὸς
2246 5691 2322 5744 τό.
