4082 6398
514 313 578 369 ει
1651 313 1933 368 HOMILIA
1976 315 1992 367 l
2029 313 2069 368 li

2171 314 2628 372 IEXAEMERON.
3679 313 3754 370 $22

515 430 780 494 τουτέστι,
817 431 1016 502 λεπτὴν
1041 431 1197 500 φύσιν
1227 432 1317 484 καὶ
1346 432 1406 484 ὅτ)
1449 432 1669 502 στερεὰν
1698 432 1817 485 οὑδὲ
1856 434 2069 501 παχεῖαη

2186 445 2287 500 est,
2321 436 2410 504 qui
2457 444 2696 498 tenuem,
2737 449 2840 487 non
2884 433 3109 489 solidam
3161 447 3332 501 neque
3381 447 3619 487 crassam
3653 448 3754 485 ua-

513 524 594 586 εῑς
612 521 711 594 τὴν
739 522 830 575 τοῦ
852 522 1081 595 οὐρανοῦ
1114 524 1368 576 σύστασιν
1401 521 1686 585 οὑσιώσας.
1721 524 1828 576 Καὶ
1849 524 1970 594 περὶ
1995 523 2085 576 τοῦ

515 615 790 684 σχήματος
821 613 877 666 δὲ
914 613 1070 667 ἱκανὰ
1098 615 1228 683 ἡμῖν
1261 613 1328 666 τὰ
1356 613 1483 685 παρ’
1507 613 1668 666 αὑτοῦ
1691 652 1705 675 ,
1745 614 1987 678 εἰπόντος
2029 617 2088 667 ἐν

509 705 783 776 δοξολογίᾳ
814 704 946 756 Θεοῦ
968 720 982 735 ο
1021 706 1082 757 '0
1112 704 1348 770 στήσας
1374 705 1479 757 τὸν
1517 704 1772 772 οὐρανὸν
1811 706 1952 759 ὡσεὶ
1981 723 2085 759 κα-

510 795 722 861 μάραν.
755 793 834 846 Τὰ
864 793 1000 846 αὐτὰ
1032 793 1280 846 δὲταῦτα
1310 794 1400 845 καὶ
1425 795 1551 864 περὶ
1575 795 1672 863 τῆς
1707 793 1811 862 γῆς
1852 794 2086 864 συμϐου-

509 887 752 956 λεύωμεν
799 886 909 956 (58)
953 887 1195 948 έαυτοῖς,
1249 886 1322 957 μὴ
1386 886 1858 958 πολυπραγμονεῖν
1917 888 2084 957 αὑτῆς

508 980 604 1048 τὴν
637 977 822 1030 οὑσίαν
847 979 968 1047 ἦτις
993 978 1121 1030 ποτέ
1165 979 1299 1040 ἐστι,
1339 978 1471 1048 μηδέ
1517 977 1936 1049 κατατρίϐεσθαι
1971 982 2084 1042 τοῖς

509 1073 784 1141 λογισμοῖς
806 1070 935 1122 αὐτὸ
954 1070 1011 1122 τὸ
1037 1068 1391 1138 ὑποκείμενον
1421 1067 1799 1139 ἐκζητοῦντας,
1827 1070 1959 1140 μηδὲ
1988 1068 2084 1140 ζη-

507 1166 617 1214 τεῖν
643 1179 762 1214 τινα
797 1161 956 1230 φύσιν
999 1161 1201 1232 ἔρημον
1235 1161 1530 1230 ποιοτήτων
1552 1201 1566 1223 ,
1597 1161 1783 1213 ἄποιον
1810 1162 2082 1232 ὑπάρχου-

509 1271 606 1307 σαν
642 1252 719 1323 τῷ
752 1253 952 1321 ἑαυτῆς
999 1252 1158 1322 λόγῳ,
1184 1251 1296 1304 ἀλλ’
1349 1246 1406 1303 εὖ
1434 1251 1650 1314 εἰδέναι,
1687 1253 1768 1304 ὅτι
1810 1253 1985 1307 πάντα
2010 1253 2080 1307 τὰ

510 1362 574 1397 πε
583 1345 637 1416 p‘.
656 1344 822 1414 αὐτὴν
840 1342 1184 1413 θεωρούμενα
1208 1345 1286 1405 εἰς
1306 1342 1395 1393 τὸν
1418 1341 1508 1394 τοῦ
1528 1338 1662 1395 εἶναι
1682 1343 2077 1398 κατατέτακται

505 1436 679 1504 λόγον,
712 1435 1140 1506 συμπληρωτικὰ
1164 1436 1262 1506 τῆς
1291 1436 1475 1498 οὐσίας
1508 1435 1837 1505 ὑπάρχοντα.
1874 1437 1966 1500 Et;
1987 1438 2078 1490 οὑ-

503 1527 588 1582 δέν
607 1528 715 1596 γὰρ
736 1527 1078 1596 καταλήξεις,
1105 1527 1340 1597 εκάστην
1363 1525 1470 1578 τῶν
1496 1526 1915 1597 ἐνυπαρχουσῶν
1939 1529 2071 1600 αὑτῇ

509 1619 800 1687 ποιοτήτων
828 1615 1233 1687 ὑπεξαιρεῖσθαι
1272 1615 1348 1686 τῷ
1380 1616 1520 1686 λόγῳ
1559 1618 1911 1688 πειρώμενος.
1951 1619 2074 1672 Ἐὰν

502 1709 606 1778 γὰρ
644 1709 957 1780 ἀποστήσης
999 1707 1061 1759 τὸ
1107 1707 1308 1777 μέλαν,
1362 1708 1420 1760 τὸ
1452 1707 1675 1782 ψυχρὸν,
1716 1709 1775 1761 τὸ
1818 1709 1975 1780 βαρὺ,
2014 1711 2072 1763 τὸ

2191 536 2385 590 turam,
2417 526 2485 580 ad
2519 526 2945 580 constituendam
2983 524 3104 579 coeli
3153 524 3510 578 substantiam
3557 524 3748 576 condi-

2186 616 2285 670 dit.
2340 617 2414 670 De
2453 617 2618 685 ﬁgura
2648 630 2860 686 quoque
2886 614 3156 667 sufﬁciunt
3183 613 3339 665 nobis
3377 629 3496 680 qua:
3552 613 3663 681 ipse
3694 613 3749 666 in

2190 705 2282 758 Dei
2305 704 2692 774 gloriﬁcatione
2721 705 2892 759 dixit:
2923 703 3024 769 Qui
3056 704 3238 756 statuit
3273 704 3454 756 coelum
3479 705 3616 756 sicut
3654 719 3745 755 ca-

2185 813 2380 850 meram
2405 797 2467 848 ³³.
2503 797 2768 851 Caeterum
2822 796 2935 850 bare
2973 798 3158 849 eadem
3195 807 3247 848 et
3290 797 3352 848 de
3393 803 3533 848 terra
3591 796 3747 850 nobis

2183 887 2285 957 ipsi
2321 888 2662 946 suadeamus.
2702 897 2761 940 ιιι
2795 902 2861 941 ne
2899 887 3070 956 qualis
3111 887 3323 940 tandem
3359 888 3429 938 sit
3466 885 3581 953 ejus
3611 885 3742 939 sub-

2181 980 2402 1044 stantia,
2444 979 2708 1034 curiosius
2754 989 3174 1047 perscrutemur,
3216 979 3271 1048 9
3313 995 3483 1046 neque
3521 979 3570 1030 in
3612 979 3742 1031 sub-

2181 1069 2329 1137 jecto
2362 1067 2722 1138 perquirendo
2773 1069 3186 1122 ratiocinatione
3221 1067 3572 1135 delatigemur
3601 1086 3614 1122 :
3648 1083 3745 1121 ne-

2179 1176 2286 1232 que
2313 1170 2560 1215 naturam
2595 1164 2901 1231 quampiam
2936 1161 3285 1230 qualitatibus
3327 1162 3656 1225 destitutam,
3687 1169 3742 1214 et

2178 1253 2497 1323 qualitatum
2531 1268 2625 1307 sua
2673 1254 2836 1322 ipsius
2886 1254 3194 1308 conditione
3239 1265 3512 1322 expertem
3553 1253 3775 1322 exqui--

2179 1360 2361 1398 ratnns
2392 1358 2405 1395 :
2435 1345 2527 1398 sed
2555 1345 2719 1410 probe
2747 1344 2983 1398 sciamus
3007 1347 3185 1398 omnia
3215 1359 3550 1414 quazcunque
3586 1344 3638 1397 in
3670 1357 3736 1398 ea

2176 1435 2607 1500 considerantur,
2667 1433 2734 1488 ad
2794 1435 2962 1504 ipsius
2994 1435 3284 1489 exsisteudi
3319 1435 3580 1488 rationem
3609 1449 3734 1503 spe-

2174 1535 2359 1592 ctare,
2412 1527 2609 1595 quippe
2668 1540 2788 1595 quae
2843 1527 3010 1595 ipsius
3059 1527 3355 1594 compleant
3422 1526 3734 1581 essentiam.

2174 1617 2404 1682 Etenim,
2449 1617 2494 1671 si
2525 1615 2812 1686 qualitates
2841 1617 3095 1685 singulas,
3124 1632 3256 1686 quas
3278 1617 3501 1680 obtinet,
3534 1616 3740 1670 ratione

2174 1707 2389 1774 auferre
2419 1707 2654 1774 coneris,
2711 1723 2770 1764 es
2814 1709 2866 1762 in
2921 1709 3146 1764 nihilum
3182 1709 3473 1764 desiturus.
3522 1709 3655 1764 Nam
3689 1709 3735 1764 si

503 1801 722 1862 πυκνὸν,
749 1799 846 1864 τὰς
880 1799 1020 1852 κατὰ
1047 1798 1234 1866 γεῦσιν
1264 1799 1671 1870 ἐνυπαρχοὺσας
1696 1801 1828 1870 αὑτῇ
1865 1801 2069 1872 ποιότη-

2175 1797 2446 1852 amoveris
2486 1799 2894 1870 nigritudinem,
2951 1799 3326 1869 frigiditatem,
3393 1801 3736 1868 gravitatem,

499 1907 618 1955 τας,
644 1890 675 1960 ἤ
701 1890 754 1941 εἴ
778 1907 920 1952 τινες
955 1888 1108 1942 ἄλλαι
1145 1888 1270 1959 περὶ
1312 1888 1478 1958 αὑτὴν
1525 1887 1873 1958 θεωροῦνται,
1919 1888 2070 1941 οὐδὲν

501 1982 650 2034 ἔσται
677 1982 736 2034 τὸ
754 1980 1106 2050 ὑποκείμενον
1135 1979 1262 2046 (59).
1294 1977 1478 2030 Ταῦτά
1505 1994 1564 2029 τε
1593 1973 1684 2030 οὖν
1709 1977 2074 2031 καταλιπόντα

501 2093 584 2136 σε,
621 2074 752 2145 μηδὲ
778 2076 950 2125 ἐκεῖνο
995 2071 1174 2142 ζητεῖν
1206 2071 1488 2141 παραινῶ,
1524 2070 1615 2122 ἐπὶ
1649 2070 1793 2132 τίνος
1820 2069 2068 2140 ἕστηκεν.

511 2167 820 2234 Ὶλιγγιὰσει
842 2165 950 2233 γὰρ
981 2164 1074 2217 ml.
1101 2163 1273 2226 οὕτως
1302 2162 1576 2233 ὴδιὰνοια,
1603 2160 1737 2231 πρὸς
1762 2160 1911 2213 οὐδὲν
1942 2163 2070 2230 ὁμο-

499 2259 824 2328 λογούμενον
861 2257 1032 2328 πέρας
1069 2254 1351 2320 διεξιόντος
1393 2252 1486 2306 τοῦ
1522 2250 1801 2321 λογισμοῦ.
1855 2251 1978 2303 Ἐάν
2011 2268 2068 2303 τε

497 2351 605 2421 γὰρ
654 2349 792 2420 ἀέρα
847 2351 952 2419 φῇς
1003 2345 1384 2416 ὑπεστρῶσθαι
1431 2344 1538 2414 (60)
1584 2343 1772 2396 πλάτει
1801 2343 1900 2411 τῆς
1943 2343 2066 2411 γῆς,

495 2442 808 2511 ἀπορήσεις,
835 2438 952 2500 πῶς
985 2439 1016 2507 ἡ
1051 2436 1299 2507 μαλθακὴ
1328 2435 1418 2488 καὶ
1441 2433 1732 2497 πολύκενος
1759 2433 1916 2502 φύσις
1941 2434 2068 2486 ἀντ-

497 2531 608 2599 έχει
651 2530 755 2583 ὑπὸ
809 2527 1060 2581 τοσούτου
1099 2528 1296 2599 βάρους
1346 2528 1761 2598 συνθλιϐομένη,
1803 2526 1916 2581 ἀλλ’
1950 2528 2070 2597 οὐχὶ

495 2618 834 2673 διολισθαίνει
887 2617 1147 2670 πάντοθεν
1195 2617 1290 2687 τὴν
1338 2616 1612 2687 συνίζησιν
1665 2616 2066 2684 ὑποφεύγουσα,

497 2713 588 2766 καὶ
617 2711 702 2764 ἀεὶ⁸
728 2710 860 2781 πρὸς
888 2709 947 2762 τὸ
976 2709 1086 2762 ἄνω
1116 2707 1487 2777 ὑπερχεομένη
1533 2707 1626 2760 τοῦ
1659 2708 2066 2778 συμπιέζοντος.

495 2805 681 2865 Πάλιν,
712 2803 804 2855 ἐὰν
830 2801 1030 2872 ὑποΟῇς
1072 2798 1250 2869 ἑαυτῷ
1291 2799 1398 2868 (61)
1441 2798 1583 2870 ὕδωρ
1623 2795 1761 2853 εἶναι
1797 2799 1856 2851 τὸ
1880 2799 2072 2854 ὑποθε-

493 2895 758 2967 6λημένον
785 2897 848 2964 τῇ
871 2896 963 2964 γῇ,
993 2894 1085 2946 καὶ
1108 2893 1276 2957 οὑτως
1310 2891 1676 2962 ἐπιζητήσεις,
1704 2891 1820 2953 πῶς
1842 2891 1902 2944 τὸ
1929 2891 2064 2962 βαρὺ

493 2988 588 3041 καὶ
631 2986 830 3039 πυκνὸν
876 2986 938 3037 οὑ
979 2984 1210 3038 διαδὺνει
1253 2984 1345 3037 τοῦ
1394 2983 1613 3046 ὓδατος,
1657 2982 1770 3036 ἀλλ’
1818 2982 1924 3035 ὑπὸ
1965 2982 2066 3050 τῆς

490 3077 883 3147 ἀσθενεστέρας
906 3075 1119 3146 φύσεως
1144 3075 1204 3127 τὸ
1233 3075 1481 3128 τοσοῦτον
1521 3074 1823 3146 ὑπερφέρον
1847 3073 1922 3144 τῷ
1966 3073 2062 3144 βά-

494 3188 578 3246 ρει
613 3171 916 3241 κρατεῖται·
963 3168 1097 3238 πρὸς
1128 3168 1188 3220 τὸ
1231 3168 1323 3220 καὶ⁹
1369 3166 1479 3238 (6‘2)
1528 3166 1692 3219 αὑτοῦ
1729 3166 1820 3219 τοῦ
1875 3167 2060 3230 ὓδατος
2088 3147 2132 3204 c

491 3261 587 3329 τὴν
615 3260 773 3330 ἕδραν
826 3258 1121 3328 ἐπιζητεῖν,
1168 3258 1261 3311 καὶ
1295 3257 1454 3310 πάλιν
1487 3257 1764 3328 διαπορεῖν
1795 3257 1899 3310 τίνι
1943 3275 2063 3310 στε-

491 3351 640 3420 γανῷ
674 3351 767 3405 καὶ
804 3350 1160 3422 ἀντερείδοντι
1212 3351 1240 3401 ὁ
1275 3349 1580 3414 τελευταῖος
1633 3347 1795 3401 αὑτοῦ
1848 3348 2065 3418 πυθμὴν

491 3440 780 3494 ἐπιϐαίνει.

562 3624 614 3678 9.
652 3622 776 3676 Ἐὰν
813 3621 868 3675 δέ
913 3621 1098 3692 ἕτερον
1152 3617 1308 3690 σῶμα
1347 3619 1442 3690 τῆς
1495 3619 1596 3690 γῆς
1649 3617 2066 3689 ἐμϐριθέστερον

492 3715 662 3786 ὑποθῇ
695 3713 921 3767 κωλύειν
942 3713 1037 3784 τὴν
1069 3713 1170 3783 γῆν
1205 3712 1338 3783 πρὸς
1374 3711 1434 3764 τὸ
1463 3712 1611 3764 κάτω
1650 3713 1873 3781 χωρεῖν,
1913 3710 2065 3762 ἐνθυ-

494 3808 713 3880 μηθήσῃ
740 3809 961 3860 κάκεῖνο
1002 3807 1187 3876 ὁμοίου
1228 3805 1369 3867 τινος
1407 3804 1613 3856 δεῖσθαι
1654 3804 1746 3860 τοῦ
1786 3803 2064 3870 στέγοντος

490 3900 585 3952 καὶ
616 3899 690 3969 μὴ
726 3897 920 3960 ἐῶντος
952 3897 1084 3950 αὑτὸ
1116 3896 1495 3950 καταπίπτειν.
1529 3895 1644 3948 Κᾶν
1673 3912 1724 3948 τι
1753 3893 2063 3965 δυνηθῶμεν

491 3993 682 4062 ἐκείνῳ
733 3990 1144 4061 συμπλάσαντες
1191 3987 1504 4050 ὑποθεῖναι,
1549 3986 1607 4038 τὸ
1653 3987 1858 4039 ἐκείνου
1905 3985 2063 4038 πάλιν

491 4083 818 4153 ἁντέρεισμα
846 4083 888 4146 ,ὁ
935 4079 1058 4144 νοῦς
1087 4079 1240 4149 ἡμῶν
1277 4077 1614 4147 ἐπιζητήσει,
1661 4078 1752 4129 καὶ
1781 4075 1953 4139 οὑτως
1985 4078 2064 4140 είς

490 4176 714 4246 ἄπειρον
759 4171 1139 4241 ἐκπεσούμεθα
1172 4169 1302 4236 (65),
1368 4172 1481 4231 τοῖς
1538 4169 1624 4222 ἀεὶ
1662 4168 2063 4238 εὑρισκομένοις

493 4266 710 4338 βάθροις
737 4265 901 4336 ἕτερα
933 4263 1092 4317 πάλιν
1125 4262 1480 4322 ἐπινοοῦντες.
1503 4261 1614 4316 Καὶ
1635 4261 1743 4330 ὅσῳ
1767 4260 1858 4311 ἐπὶ
1881 4260 2062 4312 πλεῖον

487 4357 566 4428 τῷ
596 4358 738 4429 λόγῳ
789 4357 1082 4430 προῖεμεν,
1117 4353 1353 4424 τοσούτῳ
1405 4353 1624 4423 μείζονα
1671 4352 1770 4423 τὴν
1823 4370 2064 4424 συνερει-

491 4449 680 4518 στικὴν
737 4445 1149 4515 ἀναγκαζόμεθα
1200 4444 1307 4514 (64)
1360 4443 1584 4513 δύναμιν
1646 4442 1978 4511 ὑπεισάγειν,
2027 4443 2059 4513 ἢ

2171 1890 2512 1956 densitatem,
2559 1900 2613 1946 et
2665 1891 2959 1960 qualitates
2996 1891 3164 1959 ipsius
3215 1890 3281 1944 ad
3319 1901 3529 1959 gustum
3563 1891 3734 1958 perti-

2171 1991 2377 2046 nentes,
2409 1990 2502 2036 aut
2531 1983 2575 2038 si
2612 1999 2731 2052 quas
2757 1983 2877 2037 alia:
2912 1983 2962 2036 in
2996 1999 3056 2038 ea
3086 1983 3512 2050 conspiciuntur,
3547 1996 3738 2050 super-

2169 2070 2274 2124 erit
2298 2071 2596 2140 subjectum
2628 2072 2857 2126 nullum.
2897 2071 2991 2126 His
3042 2073 3204 2142 igitur
3227 2071 3463 2135 omissis,
3503 2086 3570 2125 ne
3605 2070 3734 2123 illud

2176 2163 2388 2233 quidem
2436 2164 2816 2232 inquirendum
2870 2179 3080 2229 moueo,
3115 2164 3367 2218 videlicet
3413 2178 3576 2233 super
3627 2178 3734 2231 quo

2169 2266 2272 2308 stet
2320 2253 2652 2310 l'ulcimento.
2685 2253 2816 2308 Nam
2862 2268 2916 2308 et
2956 2256 3057 2310 hoc
3099 2263 3254 2324 pacto
3285 2255 3549 2323 vertigine
3582 2268 3735 2308 mens

2169 2346 2455 2412 laborabit,
2483 2347 2914 2417 quandoquidem
2949 2347 3014 2399 ad
3045 2357 3251 2400 certum
3305 2345 3507 2400 nullum
3565 2345 3725 2398 tinem

2170 2447 2492 2504 perventura
2531 2447 2612 2490 est
2643 2437 3001 2490 ratiocinatio.
3050 2436 3174 2491 Sive
3207 2439 3350 2491 enim
3393 2451 3570 2490 aerem
3605 2435 3731 2488 lati-

2170 2528 2340 2581 tudini
2378 2537 2535 2584 terra:
2582 2529 2913 2582 substratum
2943 2544 3066 2583 esse
3097 2530 3338 2595 dixeris;
3372 2528 3611 2595 ambiges
3642 2526 3737 2596 qu!

2171 2620 2285 2674 ﬁeri
2316 2621 2484 2690 possit
2523 2629 2579 2672 ut
2621 2629 2812 2674 natura
2861 2619 3038 2675 mollis
3069 2621 3332 2688 valdeque
3377 2620 3550 2674 inanis
3583 2630 3735 2672 tanto

2168 2711 2404 2780 pondere
2433 2725 2741 2780 compressa
2775 2713 3060 2774 renitatur,
3095 2721 3146 2765 et
3189 2727 3293 2765 non
3325 2712 3502 2780 potius
3531 2711 3734 2764 dilaba-

2169 2811 2258 2856 tur
2284 2802 2578 2865 undelibet,
2608 2803 2748 2857 ltanc
2789 2803 2983 2856 molem
3020 2804 3389 2858 subsidentem
3422 2803 3726 2874 aufugiens,

2166 2907 2330 2961 seque
2386 2906 2597 2946 sursum
2635 2903 2895 2962 perpetuo
2936 2909 3099 2962 super
3124 2894 3174 2947 id
3213 2895 3353 2962 quod
3387 2895 3553 2963 ipsam
3582 2909 3728 2948 cont-

2167 2982 2350 3052 primit
2381 2981 2706 3038 tliﬂ‘undens.
2746 2983 3001 3050 Rursum,
3050 2984 3092 3038 si
3135 2999 3326 3054 aquam
3358 2996 3517 3038 terra:
3553 2986 3733 3052 subje-

2167 3083 2306 3127 ctam
2337 3087 2455 3126 esse
2484 3083 2658 3126 tecum
2693 3074 2968 3140 statueris,
3005 3075 3165 3128 etiam
3199 3076 3277 3128 sic
3309 3075 3568 3144 inquircs,
3599 3092 3729 3144 quo-

2166 3166 2324 3220 modo
2353 3180 2514 3236 grave
2545 3176 2599 3221 et
2623 3165 2846 3220 densum
2877 3181 3070 3235 corpus
3107 3184 3210 3220 non
3245 3175 3488 3236 penetret
3512 3185 3728 3238 aquam,

2167 3259 2258 3312 sed
2298 3271 2380 3311 res
2406 3261 2560 3327 longe
2584 3258 2798 3327 gravior
2826 3274 2854 3312 a
2889 3259 3148 3313 debiliore
3179 3272 3366 3313 natura
3399 3260 3728 3316 detineatur.

2164 3348 2243 3402 Ad
2282 3347 2396 3402 haec
2441 3349 2609 3417 ipsius
2659 3350 2824 3402 etiam
2866 3365 3019 3418 aqua:
3064 3351 3414 3420 investigabis
3451 3353 3641 3416 basim,
3670 3368 3733 3406 ac

2175 3452 2390 3490 rursum
2421 3438 2710 3505 dubitabis,
2739 3439 2950 3492 cuinam
2986 3441 3156 3495 solido
3193 3451 3246 3495 et
3274 3443 3520 3496 reniteuti
3561 3441 3732 3498 fulcro

2165 3533 2414 3587 ultimum
2444 3533 2558 3599 ejus
2585 3533 2807 3586 fundum
2841 3535 3142 3589 incumbat.

2235 3623 2287 3680 9.
2331 3624 2482 3692 Quod
2512 3626 2554 3679 si
2587 3640 2756 3694 ponas
2783 3626 2923 3680 aliud
2966 3643 3160 3696 corpus
3191 3642 3311 3682 esse
3344 3636 3482 3682 terra
3512 3629 3729 3696 gravius

2165 3729 2227 3768 ac
2251 3714 2498 3779 solidius,
2531 3730 2636 3782 quo
2681 3724 2822 3768 terra
2861 3730 2927 3768 ne
2957 3716 3021 3768 ad
3060 3715 3162 3768 ima
3207 3716 3418 3769 decidat
3468 3716 3730 3784 impedia-

2167 3815 2278 3871 tur;
2326 3805 2378 3859 in
2432 3807 2667 3860 animum
2715 3807 3029 3862 inductttrus
3078 3823 3137 3862 es
3186 3808 3311 3861 illud
3362 3809 3521 3862 etiam
3551 3808 3731 3876 aliquo

2164 3897 2270 3950 alio
2312 3897 2474 3952 simili
2525 3897 2785 3963 indigere,
2832 3901 2973 3966 quod
3023 3900 3250 3954 alterum
3307 3899 3594 3959 sull‘ulciat,
3629 3914 3730 3954 nec

2164 4003 2420 4043 corruere
2447 3989 2612 4043 sinat.
2635 3990 2697 4042 Et
2724 3991 2768 4043 si
2793 3990 3083 4044 conlictum
3120 3992 3246 4060 qttid
3276 3991 3348 4044 illi
3379 3993 3723 4045 Substernet‘e

2165 4080 2480 4148 poterimus,
2515 4096 2701 4134 rursus
2727 4081 2842 4150 ejus
2885 4081 3110 4134 fulcrum
3145 4097 3302 4136 mens
3334 4094 3517 4136 nostra
3546 4083 3727 4150 inqui-

2166 4175 2456 4236 ret;atque
2487 4169 2588 4222 hoc
2623 4171 2777 4223 modo
2829 4170 2880 4222 in
2931 4171 3196 4224 inﬁnitum
3247 4171 3730 4234 dilabemur,set::-

2165 4274 2264 4328 per
2297 4270 2491 4329 praeter
2523 4261 2736 4314 inventa
2771 4262 3136 4327 fundamenta,
3169 4264 3272 4315 alia
3303 4277 3486 4316 rursus
3511 4265 3728 4332 excogi-

2168 4359 2367 4406 tantes.
2393 4351 2459 4405 Et
2480 4362 2682 4422 quanto
2707 4352 2915 4422 longius
2939 4353 3148 4407 ratione
3173 4353 3570 4424 progredimur,
3611 4364 3729 4406 latt-

2170 4450 2221 4494 lo
2249 4442 2506 4510 majorem
2561 4443 2834 4497 renitendi
2868 4459 2932 4498 ac
2967 4443 3304 4498 snll'ulciendi
3334 4445 3440 4497 vim
3479 4444 3720 4513 cogimur

491 4539 628 4611 πρὸς
649 4539 768 4593 ὅλον
797 4538 933 4610 ὁμοῦ
971 4537 1255 4608 δυνήσεται
1301 4535 1360 4588 τὸ
1403 4533 1796 4606 ὑπερκείμενον
1829 4533 2065 4590 ἀντιϐαί-

2171 4533 2445 4600 inducere,
2480 4551 2597 4606 qua:
2629 4537 2725 4591 toti
2771 4537 2934 4592 simul
2989 4537 3113 4592 moli
3159 4538 3509 4606 superposita:
3558 4537 3726 4605 possit

562 4691 604 4722 ¹⁸
633 4690 735 4744 lsa.
767 4705 854 4754 XL,
883 4687 973 4743 22.

560 4849 673 4922 (58)
703 4849 883 4905 Codex
929 4848 1190 4922 Combeft
1223 4847 1658 4922 etguuusADuc.
1707 4860 1828 4901 cum
1893 4847 2060 4920 Regio

489 4918 730 4976 scitoet
758 4936 877 4972 cum
904 4921 1140 4975 editione
1167 4920 1330 4976 Basil.
1359 4918 1818 4990 συμϐουλεύομεν.

560 4992 671 5054 (5‘))
703 4990 835 5057 Reg.
867 5001 1050 5044 sextus
1098 5002 1152 5044 et
1196 4993 1346 5046 Colb.
1393 4987 1598 5058 primus
1626 4987 1782 5040 οὐδὲν
1820 4988 1974 5043 ἔσται
2000 4988 2060 5041 τὸ

487 5061 929 5131 ὑπολειπόμενον,
963 5059 1100 5130 quod
1127 5071 1377 5128 superest,
1415 5059 1569 5131 nihild
1590 5059 1713 5123 erit,
1767 5074 1881 5131 seu,
1931 5059 2060 5131 nihil

486 5128 763 5196 supererit.
797 5129 899 5183 Alii
951 5128 1079 5184 mss.
1108 5143 1157 5184 et
1191 5132 1315 5184 editi
1348 5130 1498 5183 οὐδὲν
1547 5128 1696 5181 ἔσται
1739 5128 1800 5180 τὸ
1834 5129 2055 5181 ὑποκεί-

489 5219 668 5274 μενον.
691 5199 868 5274 idest,
893 5201 1258 5274 ntloquuntur
1287 5201 1607 5274 philosophi,
1639 5199 2050 5274 nullum_super-

483 5269 582 5326 erit
615 5271 924 5340 subjectum.
961 5271 1056 5326 Est
1105 5269 1368 5338 hodieque
1406 5270 1614 5336 magnis
1655 5269 1794 5340 inter
1815 5270 2055 5336 philoso-

489 5344 625 5410 pltos
663 5339 864 5410 agitata
907 5345 1337 5396 contentionibus
1365 5340 1610 5410 qttmstio,
1636 5339 1776 5391 sitne
1813 5340 2056 5407 corporis

491 5414 663 5470 forma
699 5412 889 5465 emito:
920 5413 1188 5479 quwdam,
1224 5428 1288 5468 an
1341 5412 1509 5465 solum
1534 5410 1779 5461 diversus
1827 5411 2056 5475 partium

487 5484 643 5546 situs,
681 5491 881 5541 motus.
929 5493 1035 5535 etc.
1094 5483 1314 5540 Videtur
1359 5480 1591 5535 Basilius
1624 5489 1716 5531 aut
1772 5479 1930 5545 nihil,
1966 5490 2060 5534 aut

488 5568 591 5606 nou
623 5554 693 5605 ita
728 5556 949 5604 multum
984 5567 1012 5603 a
1051 5552 1442 5606 recentioribus
1464 5549 1770 5604 dissentire.

560 5622 673 5691 (60)
727 5621 866 5694 Editi
903 5621 1318 5694 ὑποστόρεσθαι,
1355 5631 1624 5694 corrupte.
1676 5618 1857 5672 Codex
1918 5636 2054 5694 unus

489 5691 914 5762 ὑπεστορῆσθαι,
939 5691 1188 5762 corrupte
1211 5708 1442 5760 quoque.
1476 5692 1576 5742 Alii
1601 5699 1711 5762 tres
1763 5705 1891 5762 mss.
1919 5691 2051 5762 ὑπε-

491 5759 798 5836 στορέσθαι,
831 5777 933 5816 non
964 5759 1122 5818 male.
1159 5759 1401 5818 AtCoisl.
1425 5761 1628 5834 primus
1647 5759 2048 5830 ὑπεστρῶσθαι,

2165 4851 2377 4904 melius.
2410 4849 2702 4919 Aliquanto
2733 4857 2854 4915 ant
2889 4861 2982 4901 sex
3015 4863 3145 4903 mss.
3173 4847 3405 4919 ἀντέχει.
3441 4847 3577 4902 Editi
3606 4864 3727 4900 eum

2166 4921 2317 5004 coll).
2359 4922 2594 4975 secundo
2625 4919 2846 4992 ἀντέχῃ.
2871 4919 3107 4974 Subinde
3140 4920 3344 4990 aliquot
3372 4934 3500 4974 mss.
3534 4935 3730 4973 παντα-

2165 4991 2353 5130 χοῗθῖ)
2389 5061 2477 5114 Sic
2507 5069 2738 5127 uterque
2767 5057 2902 5130 Due.
2922 5074 3050 5130 cum
3081 5058 3201 5130 aliis
3228 5057 3397 5130 tribus
3429 5057 3726 5130 codicibus.

2167 5127 2618 5185 Colbﬁsecundus
2663 5127 2893 5198 σεαυτῷ.
2919 5129 3092 5182 Etlitio
3122 5129 3295 5183 Paris.
3323 5127 3471 5197 αὑτῷ

2236 5200 2348 5284 (ϋῖ)
2373 5200 2591 5284 Antiqui
2633 5200 2740 5284 duo
2790 5196 2909 5284 libri
2957 5199 3093 5271 πρὸς
3138 5199 3215 5270 τῷ
3245 5199 3358 5252 καί.
3410 5196 3575 5250 Paulo
3607 5206 3728 5266 post

2162 5269 2336 5327 codex'
2368 5286 2502 5324 unus
2540 5273 2619 5334 εἰς
2651 5269 2712 5322 τὸ
2739 5269 2909 5324 κάτω.
3003 5269 3011 5271 “
3190 5269 3197 5270 ί

2234 5342 2344 5411 (65)
2383 5340 2615 5411 Uterque
2655 5341 2808 5394 Colb.
2839 5338 3251 5411 ὲμπεσούμεθα.
3291 5336 3414 5390 Mox
3443 5335 3569 5389 editi
3603 5350 3724 5411 cum

2163 5405 2390 5481 utroque
2433 5409 2586 5466 Colb.
2639 5405 2920 5480 προῖεμεν.
2971 5405 3342 5478 ΑΙὶἵιιυὶόιιιιι
3397 5422 3526 5460 mss.
3577 5405 3728 5477 προῖ-

2163 5501 2342 5624 μεῖὀι)
2373 5553 2595 5608 Veteres
2636 5552 2842 5620 aliquot
2872 5551 2990 5605 libri
3024 5548 3474 5624 ἀναγκαζόμενοι.
3525 5545 3721 5624 Ibidem

2161 5617 2455 5693 Regii'lres
2483 5624 2711 5678 codices
2730 5617 2861 5693 cum
2895 5637 2999 5674 uno
3031 5617 3184 5676 Colb.
3224 5618 3554 5685 ἐπεισάγειν.
3583 5617 3723 5672 Editi

2157 5691 2276 5749 cunt
2308 5710 2415 5750 uno
2438 5710 2565 5752 ηις..
2602 5691 2938 5759 ὑπεισαγειν.
