4082 6398
375 328 447 384 95
1700 336 1758 393 S.
1804 336 1887 392 BA
1896 337 1949 394 δι

2088 338 2302 395 MAGNI
2816 372 2823 378 -
3547 339 3618 396 24

371 443 563 498 'Jlmiti.
594 443 952 510 Quamobrem
1003 448 1216 502 modum
1274 449 1511 519 [litesque
1552 453 1717 507 menti
1768 455 1941 523 impo-

2054 472 2175 509 vstv.
2203 456 2301 509 Διά
2336 455 2495 509 τοῦτο
2522 456 2677 524 ὅρους
2708 454 2893 517 ἐπίθες
2926 456 2989 523 τῇ
3024 453 3252 525 διανοίᾳ,
3290 455 3497 525 μήποτέ
3524 472 3619 509 σου

372 550 473 599 ne;
507 549 572 587 ne
604 537 820 605 quando
859 539 1227 593 curiositatem
1285 550 1452 605 tuam,
1494 543 1588 612 qui
1638 544 1942 614 incompre-

373 622 656 678 liensibilia
707 628 1095 694 perscrutaris.
1143 629 1429 698 redarguat
1462 630 1579 687 Julii
1622 637 1886 688 sententia
1923 658 1939 693 :

374 729 507 769 neve
539 726 595 792 ιιι
623 731 836 787 quoque
858 721 923 771 ab
947 734 1011 773 eo
1042 720 1406 789 interrogeris,
1433 720 1603 790 Super
1629 741 1731 792 quo
1754 726 1941 780 circuli

373 808 490 874 ejus
525 806 618 875 ﬁxi
659 810 761 861 siut
793 808 855 861 ν’.
897 809 999 863 Sed
1031 811 1132 864 etsi
1168 812 1217 863 in
1254 810 1483 868 Psalmis
1516 814 1809 883 aliquando
1837 834 1935 870 an-

376 902 538 955 dieris
567 918 581 954 :
621 900 729 970 Ego
759 904 1067 969 confirmavi
1106 904 1378 959 columnas
1410 906 1524 972 ejus
1549 907 1623 974 ”;
1658 910 1763 962 vim
1796 910 1939 965 illam

374 1009 479 1061 qua
511 994 563 1047 in
592 1009 691 1048 suo
744 1005 883 1047 statu
920 996 1290 1060 conﬁrmatur,
1317 998 1597 1052 columnas
1626 1001 1798 1055 dictas
1825 1018 1944 1056 esse

373 1097 527 1156 puta.
561 1086 691 1139 Nam
721 1088 849 1141 illud
881 1104 893 1138 :
926 1087 1097 1154 Super
1114 1090 1283 1141 maria
1313 1089 1683 1157 fundaviteam
1713 1094 1756 1124 ¹⁶
1783 1095 1943 1163 :quid

374 1178 520 1233 aliud
550 1179 837 1247 signiﬁcat,
870 1196 1031 1248 quam
1068 1196 1219 1249 aqua:
1248 1192 1494 1235 naturam
1526 1185 1757 1253 undique
1789 1198 1945 1241 terra:

375 1285 495 1324 esse
539 1270 964 1323 circumfusam?
996 1270 1275 1337 Quomodo
1328 1274 1495 1342 igitur
1528 1291 1663 1343 aqua
1700 1280 1947 1347 quamvis

374 1364 444 1416 sit
474 1361 658 1426 ﬂuida,
692 1374 746 1417 et
792 1366 844 1416 in
873 1364 1082 1418 declive
1111 1377 1301 1434 suapte
1332 1376 1527 1421 natura
1568 1370 1794 1433 feratur,
1830 1388 1945 1426 ma-

377 1465 465 1508 net
490 1469 773 1523 suspensa,
803 1465 857 1509 et
881 1471 1148 1525 nusquam
1185 1459 1406 1513 deﬂuit?
1434 1460 1510 1513 Tu
1533 1477 1659 1516 vero
1685 1479 1788 1517 non
1813 1478 1943 1518 con-

373 1549 580 1621 sideeas
609 1550 751 1618 quod
804 1562 945 1605 terra
1000 1567 1095 1621 per
1141 1568 1199 1607 se
1240 1568 1523 1622 suspensa,
1558 1558 1800 1611 eamdem
1854 1568 1947 1612 aut

376 1643 539 1696 etiam
573 1643 749 1698 adhuc
780 1644 1041 1712 majorem
1080 1646 1254 1714 pariat
1303 1647 1493 1700 rationi
1545 1648 1825 1703 lia‘sitandi
1866 1649 1943 1701 lo-

374 1750 518 1799 cum,
544 1736 974 1805 quandoquidem
1011 1749 1199 1791 natura
1232 1742 1449 1808 gravior
1478 1751 1583 1795 est.
1609 1740 1806 1796 Verum
1840 1742 1946 1811 ιο

379 1842 601 1882 necesse
640 1838 745 1891 est,
792 1828 907 1883 sive
949 1838 1149 1883 terram
1186 1846 1281 1899 per
1317 1830 1550 1898 scipsam
1602 1834 1939 1887 concesseri-

378 1930 496 1972 mus
519 1920 834 1981 consistere,
860 1920 976 1974 sive
1006 1935 1171 1989 super
1198 1936 1368 1989 aquas
1394 1922 1588 1990 iaetari
1612 1924 1937 1986 dixerimus,

380 2026 654 2079 nunquam
685 2010 750 2065 de
789 2014 873 2081 pia
912 2014 1183 2066 sententia
1218 2014 1517 2081 discedere,
1550 2016 1643 2069 sed
1679 2016 1832 2069 fateri
1866 2017 1942 2069 si-

388 2101 498 2154 mul
528 2102 707 2156 omnia
745 2118 840 2171 per
868 2104 1161 2158 conditoris
1191 2106 1486 2173 potentiam
1519 2107 1805 2163 contineri.
1837 2106 1943 2161 Ita-

385 2206 493 2261 que
526 2203 638 2245 tnm
678 2194 829 2247 nobis
873 2194 1002 2263 ipsis
1037 2204 1149 2247 tum
1196 2194 1317 2247 aliis
1358 2195 1771 2265 interrogaturis
1823 2213 1939 2264 nos,

379 2299 487 2351 quo
534 2282 705 2337 fulcro
757 2284 944 2353 ingens
993 2284 1118 2338 illud
1162 2300 1259 2339 nec
1322 2285 1414 2339 ulli
1460 2288 1739 2339 ferendum
1783 2296 1941 2341 terra!

376 2391 514 2431 onus
535 2376 773 2429 innixum
800 2378 888 2439 sit,
916 2379 1157 2433 dicamus
1185 2378 1298 2432 baro
1317 2388 1552 2447 oportet:
1576 2378 1640 2433 In
1659 2396 1817 2433 manu
1844 2380 1940 2435 Dei

377 2476 497 2520 sunt
519 2466 646 2532 fines
672 2476 824 2520 teme
844 2467 905 2520 "’.
928 2466 1038 2521 Hoc
1061 2469 1214 2523 nobis
1244 2469 1570 2523 tutissimum
1596 2480 1678 2523 est
1701 2471 1765 2523 ad
1797 2484 1947 2525 com-

379 2558 667 2627 parandam
695 2557 1125 2627 intelligentiam,
1150 2569 1201 2613 et
1224 2562 1558 2615 auditoribus
1590 2562 1946 2618 conducibile.

448 2669 535 2724 10.
575 2667 693 2723 Jam
723 2685 848 2724 vero
873 2669 1079 2742 physici
1114 2672 1354 2725 nonnulli
1390 2672 1551 2726 etiam
1584 2673 1653 2727 ob
1685 2672 1949 2741 ejusmodi

377 2777 570 2818 causas
606 2771 802 2818 terram
846 2762 1173 2816 immobilem
1214 2779 1433 2819 manere
1466 2779 1658 2835 magno
1694 2780 1813 2819 cum
1853 2782 1947 2835 ap-

381 2863 569 2923 paratu
622 2854 908 2906 verborum
963 2853 1165 2907 dicunt.
1224 2852 1483 2907 Nimirum
1529 2854 1669 2923 quod
1723 2857 1948 2908 mediam

379 2945 529 2998 orbis
566 2944 834 3013 regionem
866 2946 1167 3013 occupavit,
1194 2955 1245 2999 et
1274 2946 1415 3012 quod
1447 2960 1551 3012 quo
1580 2960 1637 2998 se
1669 2947 1837 3016 magis
1871 2947 1951 2999 in-

380 3037 561 3101 clinet,
589 3053 690 3089 non
720 3036 899 3100 habet,
922 3046 1103 3105 utpote
1130 3038 1194 3088 ab
1218 3037 1476 3090 extremis
1503 3037 1782 3103 :equaliter
1805 3036 1949 3090 omni

2040 547 2143 617 τῆς
2182 545 2713 617 πολυπραγμοσύνης
2753 547 2781 598 ὁ
2825 542 2918 597 τοῦ
2961 543 3080 597 Ἰὼϐ
3120 544 3273 612 λόγος
3310 544 3619 616 καθάψηται

2042 637 2501 707 περισκοποῦντος
2542 636 2607 689 τά
2648 636 3025 707 ἀκατάληπτα,
3056 636 3149 689 καὶ
3177 636 3456 708 ἐρωτηθῇς
3489 632 3617 709 παρ’

2042 727 2204 780 αὐτοῦ
2234 728 2437 790 καὶσὺ,
2487 728 2609 779 Ἐπὶ
2649 728 2813 792 τίνος
2854 726 2964 797 (65)
2993 731 3046 781 οἱ
3074 730 3265 797 κρίκοι
3290 728 3481 796 αὐτῆς
3525 746 3621 783 πε-

2042 816 2330 886 πήγασιν.
2377 818 2535 871 Ἀλλά
2564 819 2663 872 κάν
2688 836 2815 872 ποτε
2838 822 2895 873 ὲν
2922 819 3152 889 ψαλμοῖς
3180 819 3437 891 ἀκούσῃς·
3483 821 3622 889 Ἐγὼ

2042 907 2378 975 ὲστερέωσα
2417 910 2558 974 τοὺς
2599 912 2866 977 στύλους
2900 910 3123 977 αὐτῆς·
3167 912 3266 981 τὴν
3300 914 3621 983 συνεκτικὴν

2044 999 2214 1069 αὐτῆς
2260 999 2486 1070 δύναμιν
2534 1000 2757 1065 στύλους
2801 1002 3049 1073 εἰρῆσθαι
3079 1003 3315 1073 νόμισον.
3364 1005 3436 1057 Τὸ
3488 1005 3618 1075 γάρ,

2056 1091 2181 1145 Ἐπὶ
2233 1092 2560 1146 θαλασσῶν
2590 1094 2984 1162 ἐθεμελίωσεν
3019 1094 3245 1163 αὐτὴν,
3280 1096 3332 1148 τί
3380 1096 3546 1167 δηλοῖ,
3585 1099 3619 1169 ἢ

2042 1182 2102 1234 τὸ
2137 1182 2398 1235 πάντοθεν
2427 1183 2811 1253 περικεχύσθαι
2848 1186 2912 1254 τῇ
2944 1186 3012 1254 γῇ
3048 1183 3144 1254 τὴν
3170 1182 3261 1236 τοῦ
3296 1184 3486 1247 ὓδατος
3521 1184 3622 1253 φύ·

2046 1291 2130 1327 σιν
2152 1291 2163 1338 ;
2200 1274 2322 1337 Πῶς
2355 1272 2446 1329 οὖν
2470 1277 2627 1345 ῥυτὸν
2652 1276 2892 1348 ὑπάρχον
2916 1275 2976 1328 τὸ
3004 1275 3144 1347 ὓδωρ
3170 1277 3263 1329 καὶ
3288 1277 3379 1329 ἐπὶ
3403 1275 3464 1328 τὸ
3490 1293 3624 1345 πρα-

2046 1370 2139 1431 νὲς
2171 1370 2409 1438 πεφυκὸς
2442 1372 2821 1434 καταπίπτειν,
2869 1372 3015 1440 μένει
3048 1372 3495 1442 ἀπαιωρούμενον
3528 1373 3623 1425 καὶ

2048 1460 2286 1530 οὐδαμοῦ
2310 1462 2575 1532 ἀπορρέον
2604 1479 2616 1523 ;
2654 1463 2725 1515 Σὺ
2758 1462 2813 1515 δὲ
2832 1463 2891 1514 ού
2922 1462 3108 1534 λογίζῃ
3140 1463 3271 1531 (66),
3306 1464 3386 1516 ὅτι
3415 1464 3513 1532 τὴν
3533 1465 3624 1517 αὑ-

2046 1551 2200 1621 τὴνῆ
2236 1552 2328 1605 καὶ
2380 1553 2452 1605 ἔτι
2504 1552 2723 1605 πλείονα
2769 1553 2999 1623 ἀπορίαν
3040 1552 3117 1622 τῷ
3158 1552 3300 1623 λόγῳ
3330 1554 3556 1625 παρέχει
3589 1556 3623 1625 ἡ

2045 1646 2115 1712 γῆ
2136 1644 2254 1696 καθ’
2281 1646 2478 1715 ἑαυτὴν
2500 1645 2844 1715 κρεμαμένη,
2870 1644 3142 1715 βαρυτέρα
3170 1647 3268 1715 τὴν
3293 1645 3450 1714 φύσιν
3466 1642 3620 1699 οὖσα.

2060 1734 2217 1788 Ἀλλά
2260 1736 2508 1805 ἀνάγκη,
2556 1734 2655 1788 κᾶν
2686 1735 2788 1804 γῆν
2838 1735 2956 1788 καθ’
3003 1736 3196 1808 ἑαυτὴν
3240 1733 3378 1789 εἶναι
3422 1737 3619 1807 δῶμεν,

2045 1826 2148 1878 κᾶν
2198 1826 2290 1879 ἐπὶ
2325 1826 2420 1878 τοῦ
2470 1825 2661 1889 ὓδατος
2724 1827 2892 1895 αὐτὴν
2952 1827 3314 1880 ἀποσαλεύειν
3360 1829 3621 1898 εἴπωμεν,

2047 1917 2295 1987 μηδαμοῦ
2318 1918 2616 1987 ἀναχωρεῖν
2638 1919 2732 1987 τῆς
2754 1917 3007 1981 εὐσεϐοῦς
3022 1918 3275 1983 διανοίας,
3296 1919 3428 1971 ἀλλά
3452 1920 3625 1973 πάντα

2044 2008 2179 2079 ὁμοῦ
2227 2009 2647 2079 συγκρατεῑσθαι
2679 2008 2961 2078 ὁμολογεῖν
2991 2013 3055 2081 τῇ
3103 2010 3327 2080 δυνάμει
3368 2010 3460 2063 τοῦ
3508 2013 3624 2064 κτί-

2048 2114 2256 2159 σαντος.
2308 2097 2491 2150 Ταῦτα
2534 2095 2625 2151 οῦν
2672 2098 2774 2169 χρὴ
2810 2100 3019 2161 ἑαυτοῖς
3070 2116 3126 2150 τε
3164 2098 3345 2167 λέγειν
3376 2102 3469 2153 καὶ
3512 2104 3625 2163 τοῖς

2044 2186 2372 2258 διερωτῶσιν
2419 2188 2585 2256 ἡμᾶς,
2633 2188 2725 2239 ἐπὶ
2772 2188 2915 2250 τίνος
2960 2187 3021 2240 τὸ
3063 2188 3288 2241 ἄπλετον
3339 2190 3494 2243 τοῦτο
3535 2190 3621 2246 καὶ

2047 2278 2317 2349 ἀφόρητον
2344 2280 2439 2348 τῆς
2467 2279 2570 2347 γῆς
2600 2280 2913 2350 ὲρὴρεισται
2943 2278 3125 2351 βάρος,
3151 2281 3230 2333 ὅτι
3266 2282 3361 2333 Ἐν
3381 2279 3455 2349 τῇ
3476 2284 3624 2351 χειρὶ

2046 2371 2153 2425 τοῦ
2182 2371 2328 2425 Θεοῦ
2375 2371 2485 2440 (67)
2520 2372 2590 2425 τὰ
2616 2370 2838 2438 πέρατα
2878 2370 2988 2439 τῆς
3015 2370 3145 2440 γῆς.
3183 2370 3353 2424 Τοῦτο
3386 2372 3623 2441 ἀσφαλέ-

2049 2480 2243 2516 στατον
2282 2465 2416 2533 ἡμῖν
2452 2462 2589 2535 πρὸς
2626 2462 2809 2532 νόησιν
2859 2464 2949 2515 καὶ
3007 2462 3278 2533 ὠφέλιμον
3321 2466 3429 2526 τοῖς
3463 2463 3621 2519 ἀκού⁹

2048 2574 2219 2610 ουσιν.

2123 2670 2209 2723 10.
2254 2669 2391 2740 Ἤδη
2428 2668 2487 2722 δέ
2514 2686 2653 2730 τινες
2682 2667 2788 2739 (68)
2816 2668 2922 2721 τῶν
2956 2666 3199 2736 φυσικῶν
3231 2668 3322 2721 καὶ
3352 2668 3625 2731 τοιαύταις

2052 2761 2251 2824 αἰτίαις
2288 2759 2389 2831 τὴν
2419 2762 2520 2829 γῆν
2564 2760 2818 2830 ἀκίνητον
2875 2759 3054 2830 μένειν
3102 2746 3620 2829 κατακομψεύονται.

2064 2853 2150 2915 Ὧς
2176 2852 2281 2922 ἄρα
2314 2852 2401 2904 διά
2431 2852 2490 2903 τὸ
2522 2852 2618 2921 τὴν
2652 2853 2821 2921 μέσην
2866 2851 2956 2903 τοῦ
2984 2850 3182 2914 παντὸς
3212 2851 3483 2920 εἰληφέναι
3516 2850 3625 2922 χώ-

2057 2960 2174 3015 ραν,
2208 2944 2299 2995 κα¹ι
2322 2941 2409 2995 διὰ
2439 2942 2535 3012 τὴν
2567 2942 2686 3011 ἴσην
2718 2942 2979 2994 πάντοθεν
3012 2940 3145 3012 πρὸς
3182 2942 3242 2993 τὸ
3286 2942 3451 3012 ἄκρον
3491 2943 3627 2995 ἀπό-

2056 3051 2260 3097 στασιν,
2278 3034 2378 3086 οὐκ
2393 3032 2619 3103 ἔχουσαν
2641 3034 2770 3085 ὅπου
2792 3032 2989 3102 μᾶλλον
3012 3032 3298 3102 ἁποκλιθῇ,
3317 3031 3627 3100 ἀναγκαίως

380 3144 446 3182 es
485 3136 632 3196 parte
660 3127 878 3191 dissita;
916 3128 1039 3181 hinc
1066 3142 1184 3181 eam
1218 3127 1269 3180 in
1300 3128 1475 3196 seipsa
1506 3130 1809 3181 necessario
1838 3144 1949 3196 per-

2061 3126 2240 3196 μένειν
2275 3126 2360 3194 ἐφ’
2391 3125 2607 3195 ἑαυτῆς,
2643 3124 2899 3177 ἀδύνατον
2931 3125 3066 3195 αὐτῇ
3098 3123 3375 3184 παντελῶς
3407 3123 3503 3193 τὴν
3535 3121 3627 3175 ἐπί

382 3235 600 3275 tnanere
651 3230 998 3283 asseverant,
1064 3236 1184 3272 cum
1237 3220 1629 3287 circumjacens
1684 3222 1952 3273 undelibet

379 3310 658 3379 aequalitas
689 3309 867 3371 faciat,
901 3318 957 3362 nt
987 3324 1089 3362 non
1119 3310 1516 3378 queatomnino
1546 3309 1597 3361 in
1635 3310 1793 3363 ullam
1826 3327 1951 3380 par-

383 3414 491 3458 tem
529 3403 820 3457 declinare.
861 3402 1211 3457 Contcndunt
1255 3401 1438 3455 itidem
1476 3412 1672 3456 terram
1717 3405 1947 3459 medium

380 3496 557 3551 locum
590 3509 691 3549 non
719 3505 883 3560 sorte,
914 3510 1086 3564 neque
1114 3510 1238 3547 casu
1268 3503 1479 3548 nactam
1504 3508 1657 3558 esse;
1688 3496 1777 3548 sed
1810 3497 1951 3551 hunc

381 3603 503 3641 esse
541 3596 694 3640 terra:
739 3588 1035 3639 naturalem
1081 3601 1144 3639 ac
1191 3586 1550 3641 necessarium
1590 3588 1773 3639 situm.
1819 3586 1949 3640 Nam

382 3695 505 3732 cum
558 3677 779 3731 cteleste
832 3691 1027 3745 corpus
1082 3676 1355 3745 regionem
1409 3686 1705 3730 extremam
1740 3692 1952 3731 sursum

385 3785 597 3824 versum
630 3769 901 3833 obtineat;
936 3783 1269 3837 quaecunque
1320 3783 1469 3831 sane,
1517 3768 1784 3835 inquiunt,
1823 3785 1954 3836 putt-

385 3863 514 3916 dera
564 3876 625 3915 ex
678 3860 925 3927 supernis
959 3859 1095 3913 elabi
1141 3860 1502 3930 posuerimus,
1538 3875 1596 3911 ea
1628 3859 1860 3927 undique
1891 3858 1954 3911 ad

386 3952 619 4007 tnedium
664 3949 995 4004 deferentur.
1041 3949 1106 4003 Et
1146 3960 1314 4013 certe,
1362 3950 1414 4004 iu
1462 3949 1603 4018 quod
1644 3947 1958 4003 deferuntur

388 4051 589 4113 partes,
621 4041 671 4092 in
704 4040 754 4093 id
782 4041 966 4108 utique
991 4040 1153 4092 etiam
1185 4049 1351 4093 totum
1383 4040 1715 4093 detrndctur.
1743 4038 1955 4091 Etenim

388 4135 433 4189 si
485 4134 706 4203 lapides,
738 4142 791 4185 et
838 4132 1002 4200 ligna,
1050 4145 1103 4186 et
1153 4134 1429 4185 terrestria
1478 4132 1660 4184 omnia
1707 4132 1955 4185 deorsum

390 4242 581 4281 versos
627 4234 906 4287 corruunt,
948 4224 1035 4277 hic
1075 4225 1260 4292 utique
1294 4224 1454 4276 fuerit
1483 4224 1643 4276 etiam
1676 4223 1767 4275 toti
1803 4231 1959 4275 terra:

389 4317 638 4388 proprius
677 4330 739 4369 ac
775 4316 1099 4369 conveniens
1142 4315 1276 4368 situs
1310 4333 1322 4368 :
1372 4324 1420 4367 at
1461 4317 1503 4367 si
1542 4316 1671 4382 quid
1701 4313 1892 4366 levium
1929 4328 1959 4366 e

392 4410 564 4461 medio
616 4410 907 4471 evelmtur,
957 4406 1198 4475 profecto
1256 4422 1504 4474 suprema
1560 4415 1724 4473 petet.
1781 4404 1959 4468 Quare

2054 3235 2106 3270 τι
2159 3218 2329 3289 ῥοπὴν
2372 3218 2468 3287 τῆς
2512 3218 2845 3287 πανταχόθεν
2889 3217 3277 3288 περικειμένης
3313 3216 3626 3286 ὁμοιότητος

2054 3309 2405 3380 ἐμποιούσης.
2436 3310 2543 3381 Τὴν
2573 3310 2629 3363 δὲ
2657 3310 2826 3379 μέσην
2852 3308 3033 3379 χώραν
3065 3309 3138 3378 μὴ
3169 3308 3625 3378 ἀποκληρωτικῶς

2053 3402 2151 3471 τὴν
2183 3404 2305 3472 γῆν,
2344 3402 2477 3472 μηδὲ
2504 3404 2566 3454 ἐκ
2594 3400 2687 3453 τοῦ
2713 3400 3015 3470 αὐτομάτου
3054 3400 3257 3469 λαχεῖν,
3305 3399 3439 3452 ἀλλά
3468 3415 3625 3467 φυσι-

2056 3493 2155 3562 κὴν
2207 3488 2342 3544 εἶναι
2391 3492 2594 3561 ταύτην
2640 3495 2705 3561 τῇ
2739 3495 2806 3562 γῇ
2851 3492 2942 3544 καὶ
2989 3491 3289 3557 ἀναγκαίαν
3329 3488 3425 3560 τὴν
3455 3490 3626 3543 θέσιν.

2055 3583 2160 3636 Τοῦ
2202 3584 2312 3654 γάρ
2360 3584 2609 3655 οὐρανίου
2658 3585 2907 3654 σώματος
2952 3583 3047 3653 τὴν
3080 3583 3312 3653 ἐσχάτην
3342 3582 3520 3653 χώραν
3553 3582 3628 3645 ὡς

2057 3679 2188 3749 πρὸς
2233 3678 2291 3731 τὸ
2318 3678 2429 3730 ἄνω
2464 3677 2806 3745 κατέχοντος,
2842 3677 2983 3747 άπερ
3010 3676 3094 3736 ἂν,
3128 3676 3291 3746 φησιν
3321 3676 3455 3745 (69),
3499 3678 3630 3729 ὑπο-

2057 3771 2275 3841 θώμεθα
2312 3770 2448 3841 βάρη
2475 3770 2759 3821 ἐκπίπτειν
2795 3768 2901 3820 ἀπὸ
2928 3768 3032 3820 τῶν
3058 3770 3187 3829 ἄνω,
3225 3768 3395 3820 ταῦτα
3425 3787 3628 3821 παντα-

2057 3863 2209 3932 χόθεν
2256 3863 2345 3915 ἐπὶ
2397 3862 2455 3913 τὺ
2500 3861 2662 3931 μέσον
2699 3860 3160 3930 συνενεχθήσεται.
3210 3861 3323 3928 Ἐφ’
3351 3862 3483 3931 ὅπερ
3517 3861 3627 3932 (70)

2057 3956 2099 4008 δ’
2140 3954 2203 4008 ἂν
2242 3954 2308 4007 τὰ
2346 3955 2483 4025 μέρη
2525 3954 2775 4023 φέρηται,
2814 3954 2903 4005 ἐπὶ
2945 3953 3101 4006 τοῦτο
3137 3954 3227 4006 καὶ
3261 3953 3319 4006 τὸ
3358 3954 3475 4008 ὅλον
3508 3972 3631 4006 συν-

2057 4046 2361 4115 ωσθήσεται
2383 4044 2640 4116 δηλονότι.
2670 4044 2730 4095 Εἰ
2748 4044 2802 4096 δὲ
2819 4043 2951 4096 λίθοι
2976 4044 3067 4095 καὶ
3098 4044 3225 4107 ξύλα
3255 4046 3345 4096 καὶ
3371 4044 3437 4095 τὰ
3455 4044 3630 4113 γεηρά

2062 4137 2238 4189 πάντα
2267 4136 2489 4207 φέρεται
2523 4136 2655 4205 πρὸς
2688 4136 2745 4187 τὸ
2771 4136 2938 4195 κάτω,
2972 4135 3110 4204 αὕτη
3136 4134 3199 4187 ἂν
3230 4135 3313 4203 ε-ῖη
3337 4136 3428 4187 καὶ
3448 4138 3511 4205 τῇ
3534 4135 3631 4208 ὅλῃ

2058 4230 2126 4297 γῇ
2156 4228 2329 4280 οἰκεῖα
2362 4227 2456 4279 καὶ
2482 4228 2831 4297 προσήκουσα
2869 4226 3016 4289 θέσις
3036 4244 3048 4256 ⁸
3074 4228 3172 4280 κάν
3202 4244 3251 4279 τι
3285 4226 3392 4279 τῶν
3418 4231 3632 4296 κούφων

2061 4317 2291 4386 φέρηται
2333 4315 2439 4369 ἀπὸ
2479 4315 2571 4367 τοῦ
2610 4316 2793 4386 μέσου,
2822 4316 3063 4385 δηλονότι
3097 4315 3232 4386 πρὸς
3277 4315 3336 4367 τὸ
3364 4314 3632 4368 ἀνώτατον

2062 4406 2435 4476 κινηθήσεται.
2491 4407 2651 4459 ’Ὥστε
2691 4408 2864 4459 οἰκεία
2907 4409 3045 4477 φορὰ
3087 4411 3197 4469 τοῖς
3237 4406 3557 4477 βαρυτάτοις
3599 4410 3631 4477 ἡ

391 4500 555 4552 motio
581 4499 828 4552 deorsum
868 4499 1109 4559 tendens,
1143 4497 1383 4566 gravium
1414 4506 1498 4550 est
1545 4498 1791 4565 propria;
1836 4496 1949 4548 inli-

2064 4497 2197 4567 πρὸς
2241 4497 2301 4549 τὸ
2350 4497 2529 4550 κάτωσ
2566 4497 2716 4550 κάτω
2755 4498 2810 4550 δὲ
2851 4499 2877 4550 ὁ
2911 4497 3066 4561 λόγος
3118 4496 3279 4568 μέσον
3315 4495 3499 4560 ἔδειξε.
3542 4496 3634 4566 Μὴ

394 4606 536 4640 ιιιιιιιι
566 4599 765 4654 autem,
795 4590 1027 4642 medium
1062 4603 1182 4641 esse
1212 4603 1274 4641 ex
1315 4589 1470 4641 dictis
1496 4601 1659 4657 patet.
1694 4588 1769 4641 Ne
1802 4588 1961 4654 igitur

394 4679 631 4744 mireris,
662 4681 706 4734 si
739 4694 1002 4749 nusquam
1030 4680 1244 4733 excidat
1273 4690 1436 4745 terra,
1468 4682 1663 4750 quippe
1695 4696 1812 4748 qua:
1851 4696 1962 4734 me-

463 4868 509 4899 “
534 4867 635 4925 Job
660 4883 891 4934 xxxvnt,
920 4867 973 4923 6.
1057 4870 1099 4901 ¹⁸
1140 4868 1280 4925 Psal.
1312 4885 1492 4935 Lxxiv,
1527 4869 1579 4924 4.

463 5048 575 5120 (65)
600 5048 717 5120 illa,
758 5048 851 5102 ἐπὶ
892 5047 1055 5112 τίνος,
1083 5054 1219 5107 etc..
1250 5046 1789 5120 desumpta_su_ntex
1831 5046 1955 5109 Job,

394 5116 625 5184 mon,
653 5118 710 5183 6,
748 5130 803 5172 ut
836 5122 1010 5185 legere
1036 5128 1119 5173 est
1151 5120 1288 5185 apud
1323 5116 1485 5169 ιλχ.
1520 5116 1627 5185 Sed
1676 5118 1869 5185 Aquila
1907 5126 1963 5172 et

395 5190 696 5245 Tlieodotio
740 5204 806 5243 ex
861 5184 1088 5243 Hebraeo
1121 5196 1420 5250 verterunt,
1451 5187 1505 5239 ad
1545 5184 1755 5256 βάσεις,
1790 5190 1962 5240 bases.

398 5260 506 5315 Nec
526 5260 684 5315 aliter
717 5260 909 5328 legitur
932 5260 984 5312 in
1018 5257 1264 5327 Vulgata,
1300 5256 1471 5328 Super
1495 5273 1597 5324 quo
1644 5261 1791 5310 bases
1819 5259 1966 5309 illius

395 5331 637 5385 saliuam
667 5327 829 5383 sunt?
859 5328 1213 5398 Synnnaclms
1230 5329 1277 5380 οἱ
1300 5327 1787 5398 κατάπηγεςεραιί.
1813 5328 1970 5380 Plura

400 5417 489 5470 qui
521 5404 687 5465 cupit.
716 5411 869 5453 notas
900 5395 1083 5453 Βυοωί
1121 5395 1523 5470 Ιιεειιιιτ-ικξινειέΔ
1546 5407 1597 5448 et
1621 5395 1891 5470 ⁸ῌξσπιρία.

472 5472 581 5539 (tib)
617 5472 837 5526 Veteres
892 5470 1128 5537 quinque
1183 5465 1326 5521 libri
1372 5465 1583 5538 λογίζῃ.
1618 5466 1755 5520 Editi
1818 5466 1965 5535 λογίσ-

400 5542 778 5702 ῗοίἷηξυιδί
800 5610 1004 5702 Primis
1044 5607 1172 5702 ’ρτξ
1206 5608 1273 5686 ἐξ
1300 5607 1369 5702 τῇ
1416 5604 1683 5702 χειρὶητοῦ
1712 5605 1845 5687 εᾷεοῦ
1873 5608 1969 5661 πέ-

406 5674 586 5748 λαγοςζ
608 5678 728 5733 Ὅτι
758 5674 814 5732 ὲν
848 5682 913 5748 τῇ
944 5678 1086 5748 χειρὶ
1116 5676 1276 5730 αὐτοῦ
1306 5674 1371 5728 τά
1401 5674 1525 5745 πέρ.
1556 5674 1690 5737 Quia
1726 5678 1777 5728 in
1812 5694 1968 5733 manu

406 5752 501 5807 Dei
523 5759 598 5805 cst
628 5768 786 5803 mare.
827 5749 961 5813 Quia
990 5751 1042 5801 in
1075 5765 1230 5803 manu
1253 5746 1365 5815 ejus
1396 5755 1513 5801 sunt
1549 5746 1701 5815 ﬁnes,
1724 5760 1828 5803 etc.

1677 4869 1721 4902 “
1751 4868 1895 4923 Psal.
1925 4884 2084 4932 xxttt,
2118 4866 2173 4921 2.

2066 4584 2158 4641 οὖν
2189 4587 2474 4660 θαυμάσῃς
2514 4590 2560 4641 εί
2595 4588 3122 4660 μηδαμοῦὲκπίπτει
3158 4590 3190 4658 ή
3227 4587 3321 4657 γῆ,
3363 4588 3460 4659 τὴν
3496 4588 3635 4640 κατά

2068 4681 2229 4749 φύσιν
2267 4682 2447 4753 χώραν
2494 4684 2552 4735 τὸ
2596 4682 2757 4753 μέσον
2809 4682 3023 4752 ἔχουσα.
3076 4682 3231 4734 Πᾶσα
3282 4681 3389 4751 γὰρ
3422 4681 3633 4751 ἀνάγκη

2250 4866 2290 4897 ¹⁷
2329 4864 2468 4920 Psal.
2496 4880 2638 4931 χειν,
2668 4864 2723 4923 2.

2140 5043 2252 5113 (68)
2280 5043 2431 5110 Quod
2469 5043 2543 5096 ait
2574 5041 2804 5098 Basilius
2833 5040 3067 5113 sensisse
3095 5038 3352 5107 quosdam
3399 5038 3636 5110 philoso-

2066 5115 2200 5185 phos
2234 5112 2300 5169 de
2359 5114 2565 5185 telluris
2595 5112 2877 5185 quiete,__id
2927 5112 3131 5179 pariter
3168 5120 3357 5185 nostra
3400 5122 3558 5165 atate
3606 5124 3635 5162 a

2070 5181 2389 5254 quibusdam
2422 5181 2753 5238 defemlitur.
2793 5182 2924 5235 Nam
2966 5191 3144 5254 utrum
3180 5190 3318 5254 terra
3347 5181 3416 5254 in,
3447 5189 3635 5254 centro

2074 5250 2254 5309 mundi
2288 5256 2504 5307 immota
2535 5262 2773 5317 maneat,
2805 5270 2871 5331 an
2898 5250 2978 5305 sol
3017 5254 3156 5331 Ini-nc
3181 5250 3631 5331 sittttit’ubtiiiezit,

2073 5328 2299 5394 quaestio
2326 5336 2407 5378 est
2458 5326 2752 5377 etiamnum
2805 5323 2945 5375 inter
2990 5321 3332 5394 philosophos
3372 5321 3631 5394 perqua'm

2077 5392 2329 5458 celebris,
2366 5405 2418 5447 et
2455 5410 2643 5457 magna
2686 5394 2936 5458 utrinque
2962 5392 3308 5445 contentione
3338 5392 3563 5457 agitata.

2147 5466 2258 5534 (69)
2315 5465 2486 5534 l'Zditio
2527 5462 2690 5534 Basil.
2748 5473 2801 5516 et
2841 5478 2931 5534 sex
2985 5460 3401 5534 ηιξεεᾶπερᾶν
3454 5474 3636 5534 (mete.

2075 5529 2250 5655 Eilitgo
2312 5533 2486 5589 Paris.
2538 5533 2723 5603 φασιν.
2782 5533 2979 5593 ibidem
3033 5530 3184 5584 Colb.
3247 5529 3451 5600 primus
3497 5529 3637 5598 βάρη

2109 5624 2187 5655 ιιπ
2214 5621 2386 5655 πτειν.

2074 5609 2386 5660 ἐμπίπτειν.

2107 5625 2386 5745 “alii:
2441 5689 2531 5727 sex
2569 5688 2698 5727 mss.
2733 5672 2800 5724 At
2842 5670 3096 5745 editixai
3129 5671 3213 5738 ἐφ’
3266 5670 3425 5742 ὅπερθ
3474 5666 3640 5723 Paulo

2078 5741 2200 5815 poet
2222 5746 2370 5802 Culb.
2404 5746 2671 5801 secundus
2706 5741 3184 5813 συνωθισθήσεται.
