4082 6398
546 344 615 398 ‘35
1670 349 1956 406 HOMILIA
1990 347 2009 403 l
2043 349 2110 404 ΙΝ
2149 349 2651 409 HEXAEMEBON.
3717 354 3790 414 13

551 462 730 532 μένειν
763 461 933 536 αὐτὴν
962 462 1103 518 κατὰ
1133 463 1336 536 χώραν,
1366 464 1398 536 ἢ
1431 465 1578 537 παρὰ
1609 465 1769 534 φύσιν
1796 464 2117 536 κινουμένην

2226 468 2371 523 dium
2427 469 2598 524 locum
2652 478 2859 524 natura:
2911 483 3024 525 sua:
3075 471 3484 527 convenientem
3541 484 3790 546 occupet.

547 549 646 617 τῆς
706 551 914 615 οἰκείας
959 553 1118 624 ἕδρας
1170 553 1502 617 ἐξίστασθαι.
1559 555 1776 610 Τούτων
1831 557 1875 608 δ’
1923 556 1988 610 ἄν
2044 573 2124 609 σοι

546 640 676 712 δοκῇ
718 642 830 714 (7-1)
858 661 911 696 τι
948 643 1169 697 πιθανὸν
1211 643 1348 698 εἶναι
1394 645 1501 700 τῶν
1538 649 1862 718 εἰρημένων,
1904 647 1997 701 ἐπὶ
2026 647 2123 720 τὴν

546 733 688 786 οῦτω
716 734 887 788 ταῦτα
925 736 1321 810 διαταξαμένην
1357 738 1470 808 (72)
1501 739 1595 792 τοῦ
1630 740 1764 793 Θεοῦ
1808 740 1997 809 σοφίαν
2031 759 2125 812 με·

545 825 707 889 τάθες
736 827 796 879 τὺ
824 827 1027 899 θαῦμα.
1062 829 1135 882 Οὐ
1159 829 1267 901 γάρ
1292 829 1604 884 ἐλαττοῦται
1631 833 1662 902 ἡ
1696 833 1787 885 ἐπὶ
1817 836 1928 895 τοῖς
1965 833 2120 904 μεγί-

549 935 692 981 στοις
725 919 1003 992 έκπληξις,
1043 922 1265 974 ἐπειδάν
1294 925 1322 976 ὀ
1352 923 1553 994 τρόπος
1584 925 1704 978 καθ’
1735 926 1795 978 ὃν
1827 926 2032 995 γίνεταί
2066 944 2118 980 τι

545 1009 652 1062 τῶν
676 1011 991 1083 παραδόξων
1007 1012 1263 1083 ὲξευρεθῇ
1288 1029 1302 1044 ⁸
1325 1015 1372 1066 εί
1397 1014 1453 1067 δὲ
1484 1015 1579 1086 μὴ,
1603 1016 1736 1070 ἀλλὰ
1755 1017 1816 1069 τό
1831 1033 1893 1085 γε
1915 1016 2118 1071 ἁπλοῦν

546 1103 644 1174 τῆς
672 1104 904 1167 πίστεως
946 1105 1286 1176 ἰσχυρότερον
1327 1106 1466 1159 ἔστω
1498 1107 1603 1159 τῶν
1638 1107 1870 1175 λογικῶν
1902 1109 2120 1162 ἀποδεί-

545 1193 701 1260 ξεων.

2223 560 2455 616 Omnino
2499 563 2644 616 enim
2696 563 2866 631 ipsam
2924 561 2975 615 in
3027 576 3093 616 eo
3139 562 3258 617 loco
3308 577 3524 619 manere
3572 578 3793 620 necesse

2223 652 2408 718 fuerit,
2447 663 2537 706 aut
2585 665 2703 706 eam
2749 663 2946 722 praeter
2989 663 3237 706 naturam
3277 663 3476 707 motam
3513 669 3542 708 a
3578 658 3790 725 propria

2222 745 2348 798 sede
2382 744 2662 798 dimOVcri.
2703 742 2820 799 Jam
2861 745 2904 798 si
2943 744 3069 813 quid
3097 759 3283 798 eorum
3311 761 3429 814 quae
3463 746 3604 801 dicta
3645 757 3790 811 sunt,

2222 835 2500 904 probabile
2528 835 2621 889 tibi
2651 837 2915 899 videatur,
2946 836 3012 888 ad
3047 835 3138 889 Dei
3168 837 3506 904 sapientiam,
3533 853 3652 906 qua!
3677 840 3788 894 haec

2227 927 2299 978 ita
2353 927 2660 992 ordinavit,
2719 927 3129 980 admirationem
3185 929 3435 982 transfer.
3495 929 3594 994 Qui
3647 931 3792 984 enim

2228 1018 2490 1071 maximas
2533 1019 2602 1071 ob
2643 1033 2731 1072 res
2779 1018 2988 1070 accedit
3039 1027 3247 1087 stupor,
3289 1033 3626 1088 nequaquam
3675 1021 3792 1076 ideo

2227 1110 2486 1164 minuitur
2519 1111 2660 1179 quod
2709 1113 2898 1165 modus
2938 1125 3044 1179 quo
3087 1111 3215 1178 quid
3256 1113 3348 1164 fiat
3387 1115 3789 1180 stupendormu,

2236 1201 2555 1254 adinventus
2589 1209 2703 1265 est;
2756 1200 2837 1255 sin
2879 1201 3076 1266 minus,
3111 1199 3295 1255 saltem
3327 1201 3448 1254 tidei
3482 1200 3795 1270 simplicitas

547 1286 664 1356 plus
731 1288 922 1341 habeat
994 1287 1222 1352 roboris,
1255 1305 1413 1357 quam
1455 1303 1572 1358 quae
1599 1306 1662 1344 ex
1697 1291 1902 1346 ratione
1931 1303 2183 1360 petuntur
2221 1293 2725 1348 demonstrationes.

618 1381 705 1434 Η.
747 1381 826 1434 Τὰ
852 1382 991 1433 αὐτὰ
1024 1381 1079 1433 δὲ
1109 1382 1279 1434 ταῦτα
1319 1383 1433 1450 (75)
1479 1383 1573 1435 καὶ
1617 1384 1742 1454 περὶ
1776 1385 2004 1456 οὐρανοῦ
2049 1387 2125 1438 εί-

548 1489 764 1542 ποιμεν,
813 1474 892 1524 ὅτι
920 1471 1354 1540 πολυφωνότατοι
1397 1477 1767 1543 πραγματεῖαι
1803 1477 1913 1536 τοῖς
1942 1477 2124 1543 σοφοῖς

543 1563 636 1617 τοῦ
675 1563 877 1634 κόσμου
919 1564 1046 1634 περὶ
1077 1564 1178 1633 τῆς
1216 1565 1469 1636 οὐρανίου
1504 1565 1718 1632 φύσεως
1751 1566 2121 1636 καταϐέϐλην-

543 1673 654 1710 ται.
709 1657 818 1709 Καὶ
853 1657 901 1708 oi
939 1657 1036 1726 μὲν
1076 1656 1328 1709 σύνθετον
1371 1656 1535 1709 αὐτὸν
1590 1659 1654 1710 ὲκ
1702 1657 1811 1710 τῶν
1841 1659 2120 1729 τεσσάρων

2295 1386 2380 1438 ll.
2428 1384 2549 1438 llaec
2591 1386 2779 1439 eadem
2817 1385 2884 1439 de
2914 1383 3051 1439 coelo
3086 1401 3298 1456 quoque
3327 1385 3645 1450 dixerimus,
3685 1387 3792 1441 cla—

2222 1477 2554 1530 mosissimas
2583 1476 2792 1530 scilicet
2815 1492 2879 1531 ac
2909 1477 3323 1532 verbosissimos
3349 1479 3414 1532 de
3443 1479 3562 1533 cceli
3597 1489 3791 1534 natura

2219 1584 2247 1620 a
2292 1569 2470 1621 mundi
2524 1568 2860 1638 sapientibus
2899 1569 3205 1638 propositas
3249 1568 3418 1624 fuisse
3461 1583 3793 1625 commenta-

2221 1661 2414 1716 tiones.
2462 1661 2563 1714 Alii
2614 1661 2831 1729 quidem
2891 1662 3064 1730 ipsum
3111 1675 3176 1714 ex
3226 1672 3459 1729 quatuor
3511 1661 3794 1718 elementis

546 1746 823 1817 στοιχείων
854 1749 1158 1820 εἰρήκασιν,
1205 1750 1280 1812 ὠς
1314 1749 1482 1803 ἁπτὸν
1512 1750 1640 1803 ὄντα
1677 1751 1770 1803 καὶ
1790 1749 2002 1822 ὁρατὸν,
2026 1751 2117 1803 καὶ

2220 1749 2506 1805 conflatum
2540 1765 2660 1805 esse
2693 1751 2876 1805 dixere
2912 1768 2924 1804 :
2960 1751 3156 1820 quippe
3186 1767 3307 1805 cum
3345 1751 3397 1806 in
3434 1754 3683 1822 tangendi
3727 1769 3791 1808 ac

547 1841 842 1911 μετέχοντα
891 1842 993 1912 γῆς
1030 1842 1126 1912 μὲν
1168 1841 1255 1895 διὰ
1294 1841 1392 1912 τὴν
1425 1842 1764 1905 ἀντιτυπίαν,
1819 1843 1990 1914 πυρὸς
2037 1843 2116 1908 δὲ,

543 1931 630 1985 διὰ
655 1931 714 1984 τὸ
742 1931 1093 2004 καθορᾶσθαι,
1129 1932 1235 1985 τῶν
1259 1931 1313 1985 δὲ
1340 1931 1539 1984 λοιπῶν
1569 1932 1655 1986 διὰ
1685 1933 1784 2006 τὴν
1819 1933 1962 2004 μίξιν
1982 1933 2114 2003 (74)·

543 2027 591 2077 οἱ
632 2024 688 2077 δὲ
733 2023 919 2076 τοῦτον
957 2023 1031 2089 ὡς
1063 2024 1324 2077 ἀπίθανον
1375 2024 1760 2095 παρωσάμενοι
1801 2026 1892 2078 τὸν
1939 2025 2115 2094 λόγον,

543 2118 799 2189 πέμπτην
842 2115 965 2170 τινὰ
1006 2116 1256 2188 σώματος
1283 2116 1443 2186 φύσιν
1485 2119 1564 2180 εἰς
1597 2116 1825 2186 οὐρανοῦ
1860 2115 2118 2170 σύστασιν

542 2210 748 2264 οἴκοθεν
771 2210 862 2263 καλ⁸
888 2211 1016 2280 παρ’
1042 2209 1247 2262 ἑαυτῶν
1279 2210 1389 2280 (75)
1419 2209 1910 2279 ἁποσχεδιάσαντες
1943 2210 2120 2262 ἐπεισ-

542 2303 766 2372 ήγαγον.
803 2301 912 2354 Καὶ
937 2301 1052 2353 ἔστι
1075 2317 1127 2353 τι
1156 2301 1283 2371 παρ’
1323 2301 1506 2362 αὐτοῖς
1539 2300 1596 2354 τὸ
1623 2300 1861 2374 αἰθέριον
1885 2299 2065 2371 σῶμα,
2091 2300 2120 2353 ὃ

547 2395 681 2464 μήτε
715 2392 845 2462 πῦρ,
898 2392 1051 2461 φασὶ,
1106 2392 1241 2462 μήτε
1292 2391 1418 2462 ἀὴρ,
1465 2391 1601 2462 μήτε
1639 2393 1732 2461 γῆ,
1787 2391 1921 2461 μήτε
1952 2389 2116 2461 ὕδωρ,

546 2485 682 2555 μήτε
712 2484 847 2546 ὅλως
875 2484 1011 2554 ὅπερ
1034 2483 1091 2536 ἓν
1115 2483 1221 2536 τῶν
1247 2481 1432 2536 ἁπλῶν
1451 2499 1464 2511 °
1501 2482 1634 2536 διότι
1663 2485 1774 2545 τοῖς
1803 2483 1900 2553 μὲν
1933 2483 2118 2546 ἁπλοῖς

539 2575 714 2629 οἰκεία
747 2574 1010 2644 κίνησιςὴ
1040 2574 1126 2625 ἐπ’
1151 2572 1386 2636 εὐθείας,
1407 2572 1514 2625 τῶν
1553 2573 1650 2643 μὲν
1685 2573 1900 2641 κούφων
1933 2575 2025 2626 ἐπὶ
2058 2574 2118 2627 τὸ

545 2668 654 2720 ἄνω
682 2665 1018 2736 φερομένων,
1050 2663 1156 2717 τῶν
1209 2663 1264 2716 δὲ
1313 2663 1523 2736 βαρέων
1557 2664 1651 2717 ἐπὶ
1685 2664 1747 2716 τὸ
1776 2665 1940 2717 κάτω.
1981 2664 2118 2718 Οὐτε

539 2758 598 2812 δὲ
627 2758 688 2810 τὸ
718 2757 831 2810 ἄνω
872 2757 966 2809 καὶ
993 2755 1053 2808 τὸ
1081 2755 1231 2808 κάτω
1254 2758 1320 2826 τῇ
1353 2755 1583 2828 κυκλικῇ
1621 2755 1952 2826 περιδινήσει
1983 2757 2118 2808 ταύ-

541 2850 603 2902 τό
627 2867 638 2878 ·
683 2850 775 2902 καί
813 2848 949 2910 ὅλως
990 2847 1090 2912 τὴν
1136 2846 1352 2899 εὐθείαν
1381 2846 1492 2917 (76)
1527 2846 1662 2916 πρὸς
1690 2847 1788 2918 τὴν
1827 2849 1884 2899 ὲν
1911 2847 1990 2918 τῷ
2022 2847 2120 2900 κύ·

542 2942 654 3012 κλῳ
685 2939 986 3011 περιφορὰν
1018 2938 1270 3008 πλείστην
1299 2938 1594 2990 ἀπόστασιν
1628 2937 1792 3008 ἔχειν.
1816 2932 1917 2990 Ὦν
1958 2938 2015 2991 δὲ
2061 2939 2117 2990 αἱ

543 3033 682 3086 κατὰ
746 3032 905 3101 φύσιν
959 3032 1198 3102 κινήσεις
1254 3029 1700 3100 παρηλλαγμέναι
1761 3029 2113 3100 τυγχάνουσι,

2221 1843 2474 1896 cernendi
2509 1857 2727 1896 sensum
2763 1842 2942 1907 cadat,
2976 1843 3153 1910 sitque
3183 1853 3340 1896 terra:
3372 1843 3590 1913 quidem
3627 1845 3794 1914 parti-

2219 1949 2344 2002 ceps
2387 1935 2456 1988 ob
2499 1933 2863 2000 soliditatem;
2914 1935 3052 2004 ignis
3102 1949 3250 1997 vero,
3280 1935 3404 2004 quia
3435 1936 3789 2004 conspicitur;

2221 2024 2548 2093 reliquorum
2604 2027 2844 2090 tandem,
2882 2026 2951 2080 ob
2998 2026 3303 2080 misturam.
3343 2026 3445 2080 Alii
3480 2036 3658 2080 autem
3691 2028 3792 2082 bac

2218 2118 2490 2185 opinione,
2542 2130 2800 2188 tanquam
2848 2134 2968 2188 quae
3011 2119 3318 2174 verisimilis
3357 2135 3463 2173 non
3503 2127 3665 2185 esset,
3707 2134 3794 2175 re-

2214 2209 2377 2277 iecta,
2408 2211 2650 2276 quintam
2678 2210 2968 2279 quamdam
3011 2212 3253 2278 corporls
3286 2219 3534 2264 naturam
3569 2212 3636 2265 ad
3663 2224 3792 2265 con-

2220 2301 2544 2356 stituendum
2587 2301 2781 2356 caelum
2821 2312 3016 2371 su0pte
3058 2301 3293 2372 ingenio,
3319 2311 3373 2355 et
3411 2317 3441 2355 a
3479 2301 3675 2370 seipsis
3713 2312 3792 2356 te-

2220 2407 2366 2447 mere
2415 2402 2573 2462 atque
2618 2393 2919 2447 inconsulte
2973 2393 3414 2446 introduxerunt.
3452 2393 3546 2446 Est
3571 2401 3624 2446 et
3652 2393 3790 2462 apud

2220 2485 2364 2552 ipsos
2404 2485 2696 2537 aethereum
2746 2483 2843 2552 ι]
2896 2482 3166 2551 quoddam
3200 2497 3418 2553 corpus,
3445 2484 3588 2552 quod
3617 2497 3793 2553 neque

2221 2577 2396 2645 ignem
2444 2574 2630 2630 dicunt
2680 2590 2822 2639 esse,
2878 2589 3050 2642 neque
3099 2589 3300 2638 aerem,
3348 2589 3522 2643 neque
3573 2585 3789 2640 terram,

2219 2683 2317 2722 nec
2349 2682 2565 2737 aquam,
2604 2681 2703 2720 nec
2743 2667 3034 2736 quidquam
3073 2669 3294 2721 omnino
3323 2681 3388 2721 ex
3431 2665 3790 2733 simplicibus,

2219 2770 2500 2831 propterea
2541 2759 2682 2828 quod
2736 2761 2985 2828 proprius
3018 2759 3344 2828 simplicium
3389 2769 3569 2814 motus
3608 2770 3791 2816 rectus

2218 2861 2320 2918 est,
2354 2849 2560 2905 levibus
2583 2851 2800 2918 quidem
2836 2865 3070 2916 sursum,
3100 2849 3358 2917 gravibus
3387 2864 3515 2905 vero
3540 2850 3791 2906 deorsum

2222 2942 2584 2997 tendentibus.
2628 2939 2810 3008 Neque
2843 2955 2970 2994 vero
3003 2955 3217 2994 sursum
3257 2955 3323 2994 ac
3356 2939 3607 2995 deorsum
3637 2938 3790 3008 ferri,

2221 3035 2360 3090 idem
2408 3042 2492 3088 est
2531 3042 2692 3102 atque
2743 3033 2793 3086 in
2839 3034 3025 3087 Orbem
3070 3033 3310 3096 versari;
3363 3042 3417 3086 et
3471 3032 3522 3085 in
3559 3047 3791 3093 summa,

540 3124 742 3176 τούτων
769 3121 1003 3193 ἀνάγκη,
1033 3122 1185 3188 φασὶ,
1228 3119 1604 3191 παρηλλάχθαι
1649 3119 1743 3174 καὶ
1781 3120 1878 3184 τὰς
1910 3121 2115 3184 οὐσίας.

2225 3133 2427 3179 rectum
2473 3133 2528 3177 et
2574 3123 2814 3176 orbicuut
2858 3133 3060 3175 motum
3103 3121 3392 3191 plurimum
3424 3122 3564 3177 inter
3601 3137 3659 3177 se
3685 3121 3792 3176 dif-

553 3215 712 3268 Ἀλλὰ
744 3215 848 3286 μὴν
885 3215 1006 3267 οὐδὲ
1033 3216 1096 3266 ἐκ
1119 3213 1227 3266 τῶν
1255 3213 1482 3285 πρώτων
1516 3214 1803 3284 σωμάτων,
1829 3213 1864 3267 ἃ.
1883 3213 1946 3284 δὴ
1979 3231 2120 3268 στοι-

539 3311 662 3378 χεῖα
697 3306 987 3376 καλοῦμεν,
1035 3304 1284 3358 σύνθετον
1330 3300 1468 3356 εἶναι
1498 3304 1720 3358 δυνατὸν
1763 3307 1893 3375 ἡμῖν
1927 3304 2119 3357 ὐποθέ-

541 3400 661 3453 σθαι
689 3399 778 3453 τὸν
802 3398 1050 3469 οὐρανὸν,
1081 3396 1158 3467 τῷ
1193 3397 1259 3450 τά
1290 3399 1354 3450 ὲκ
1377 3396 1648 3467 διαφόρων
1683 3396 2016 3467 συγκείμενα
2043 3395 2118 3469 μὴ

538 3493 797 3548 δύνασθαι
842 3493 1054 3564 ὁμαλὴν
1112 3492 1204 3544 καὶ
1258 3491 1515 3546 ἁϐίαστον
1554 3493 1696 3563 ἔχειν
1737 3492 1834 3564 τὴν
1881 3493 2115 3563 κίνησιν,

538 3587 767 3641 ἑκάστου
790 3585 898 3639 τῶν
921 3585 1332 3656 ἐνυπαρχόντων
1359 3585 1544 3638 ἁπλῶν
1584 3588 1696 3648 τοῖς
1720 3585 1993 3648 συνθέτοις
2022 3586 2117 3639 ἄλ-

538 3677 636 3749 λην
675 3678 770 3730 καὶ
797 3677 960 3747 ἄλλην
998 3677 1171 3748 ὁρμὴν
1209 3676 1354 3748 παρὰ
1386 3677 1484 3745 τῆς
1516 3675 1728 3744 φύσεως
1754 3675 1983 3746 ἔχοντος.
2029 3677 2119 3728 Διὸ

539 3769 754 3840 πρῶτον
785 3771 880 3840 μὲν
911 3770 1140 3840 καμάτῳ
1180 3769 1461 3838 συνέχεται
1491 3769 1547 3820 ἐν
1570 3770 1636 3839 τῇ
1669 3770 1881 3836 συνεχεῖ
1907 3769 2118 3838 κινήσει

537 3862 607 3917 τὰ
633 3862 880 3924 σύνθετα,
925 3862 1011 3914 διὰ
1051 3861 1112 3914 τὸ
1147 3862 1274 3932 μίαν
1303 3861 1516 3931 κίνησιν
1553 3861 1626 3932 μὴ
1652 3860 1911 3914 δύνασθαι
1955 3863 2119 3914 πᾶσιν

538 3955 877 4026 εὐάρμοστον
911 3951 1050 4008 εἶναι
1085 3956 1178 4009 καὶ
1205 3955 1365 4026 φίλην
1389 3959 1500 4018 τοῖς
1525 3952 1787 4016 ἐναντίοις
1806 3969 1820 3982 ”
1859 3951 1993 4006 ἀλλὰ
2022 3953 2120 4024 τὴν

535 4045 616 4116 τῷ
672 4045 858 4116 κούφῳ
905 4046 1107 4100 οἰκείαν
1161 4047 1425 4116 πολεμίαν
1478 4042 1618 4100 εἶναι
1669 4045 1745 4115 τῷ
1807 4043 2115 4115 βαρυτάτῳ.

540 4137 708 4190 Ὀτῑν
746 4137 844 4206 μὲν
877 4136 982 4209 γὰρ
1024 4137 1160 4208 πρὸς
1192 4135 1262 4189 τὰ
1294 4135 1405 4189 ἅνω
1434 4133 1732 4205 κινώμεθα,
1778 4131 2121 4203 βαρυνόμεθα

536 4228 616 4298 τῷ
659 4228 885 4296 γεώδει·
917 4229 1045 4282 ὃταν
1092 4229 1149 4282 δὲ
1183 4227 1316 4298 πρὸς
1358 4227 1428 4280 τὰ
1472 4228 1622 4281 κάτω
1656 4225 1767 4294 (77)
1803 4223 2117 4295 φερώμεθα,

538 4321 836 4393 βιαζόμεθα
865 4323 925 4374 τὸ
949 4321 1212 4393 πυρῶδες,
1249 4319 1398 4391 παρὰ
1423 4319 1584 4388 φύσιν
1617 4318 1748 4371 αὐτὸ
1777 4318 1912 4389 πρὸς
1938 4316 2000 4369 τὺ
2023 4317 2121 4370 κά-

537 4432 620 4467 τω
665 4413 1042 4476 καθέλκοντες.
1095 4413 1157 4465 Ἢ
1192 4413 1249 4466 δὲ
1288 4411 1424 4483 πρὸς
1456 4411 1522 4464 τὰ
1549 4410 1764 4463 ὲναντία
1791 4409 1976 4480 διολκὴ
2013 4408 2119 4485 τῶν

2218 3216 2360 3270 ferre
2404 3225 2644 3270 censent.
2685 3214 2927 3279 Quorum
2973 3223 3152 3267 autem
3205 3214 3471 3268 motiones
3499 3214 3790 3268 secundum

2219 3319 2466 3362 naturam
2507 3308 2734 3362 diversa:
2783 3317 2930 3370 sunt,
2974 3307 3166 3360 borum
3214 3305 3374 3360 etiam
3427 3319 3648 3360 necesse
3683 3314 3792 3371 est,

2220 3402 2488 3472 inquiunt,
2521 3402 2811 3456 essentiam
2839 3414 2960 3454 esse
2999 3399 3293 3454 diversam.
3327 3395 3433 3452 Sed
3477 3411 3542 3452 ne
3578 3413 3641 3452 ex
3683 3398 3794 3468 pri-

2219 3497 2322 3548 mis
2343 3495 2558 3564 quidem
2591 3491 2906 3561 corporibus
2935 3506 3053 3560 quae
3081 3490 3346 3544 elementa
3378 3505 3651 3554 vocamus,
3678 3505 3790 3546 cm-

2219 3585 2328 3640 lutn
2364 3585 2631 3653 componi,
2662 3592 2900 3637 statuere
2941 3595 3262 3650 possumus;
3303 3595 3369 3635 eo
3401 3581 3542 3650 quod
3577 3595 3641 3636 ea
3673 3595 3794 3651 quae

2218 3691 2281 3732 ex
2334 3676 2562 3731 diversis
2605 3683 2876 3736 constant,
2931 3681 3136 3726 motum
3187 3671 3278 3740 qui
3335 3672 3672 3741 aequabiliter
3725 3689 3789 3726 ac

2219 3766 2335 3821 sine
2381 3766 2428 3818 vi
2470 3766 2683 3828 edatur,
2718 3764 2918 3817 habere
2957 3776 3064 3814 non
3111 3772 3371 3830 possunt;
3415 3775 3538 3814 cum
3583 3761 3790 3826 singula

2219 3874 2337 3929 qum
2384 3859 2432 3912 in
2480 3856 2796 3926 compositis
2845 3856 3027 3909 insunt
3073 3853 3373 3918 simplicia,
3418 3852 3580 3906 alium
3630 3863 3792 3921 atque

2219 3951 2381 4002 alium
2422 3965 2451 4002 a
2499 3961 2690 4001 natura
2736 3945 3040 4000 sortiantur
3078 3944 3356 4012 impetum.
3397 3940 3661 4008 Quocirca
3704 3956 3793 3998 res

2220 4041 2529 4108 composita:
2571 4039 2799 4108 primum
2835 4037 3051 4106 quidem
3090 4035 3140 4088 in
3171 4035 3431 4089 cuntinuo
3467 4044 3613 4088 motu
3649 4049 3792 4104 aegre

2221 4130 2585 4192 centinentur,
2626 4126 2770 4195 quod
2812 4141 2951 4180 unus
2999 4133 3176 4180 motus
3215 4124 3464 4183 omnibus
3505 4125 3793 4178 contrariis

2222 4235 2326 4273 non
2363 4227 2537 4288 potest
2571 4233 2841 4288 congruus
2876 4232 2995 4271 esse
3024 4226 3078 4270 et
3103 4216 3310 4269 amicus
3343 4234 3357 4268 :
3391 4215 3486 4270 sed
3518 4217 3560 4270 is
3585 4217 3674 4286 qui
3715 4217 3791 4270 rei

2221 4311 2355 4365 levis
2410 4312 2657 4380 proprius
2706 4319 2810 4374 est,
2874 4308 3210 4379 gravissima:
3265 4308 3606 4364 adversatur.
3656 4308 3790 4362 Cum

2221 4404 2362 4456 enim
2382 4419 2592 4457 sursum
2613 4417 2798 4457 versus
2835 4416 3132 4465 movemur,
3181 4415 3274 4470 per
3306 4399 3356 4453 id
3385 4399 3524 4468 quod
3557 4411 3791 4454 terrenm

537 4506 818 4578 στοιχείων
846 4503 1193 4568 διαπτώσεώς
1217 4506 1364 4568 ἐστιν
1388 4505 1629 4575 ἀφορμή.
1649 4503 1721 4554 Τὸ
1742 4501 1850 4572 γὰρ
1878 4502 2117 4569 ἠναγκα-

2221 4503 2322 4558 est,
2367 4508 2688 4562 gravanmr;
2739 4507 2860 4545 cum
2905 4506 3030 4545 vero
3072 4493 3321 4544 deorsum
3357 4489 3638 4556 volvimur,
3685 4490 3792 4545 vim

535 4600 732 4670 σμένον
756 4598 849 4652 καί
875 4601 1024 4668 παρά
1059 4596 1238 4667 φύσιν,
1277 4597 1364 4649 ἐπ’
1385 4596 1562 4664 ὀλίγον
1584 4593 1853 4662 ἀντισχὸν,
1879 4594 1972 4645 καὶ
1995 4591 2116 4644 τοῦ-

535 4708 596 4742 το
627 4689 816 4760 βιαίως
848 4688 942 4741 καὶ
977 4687 1147 4758 μόλις,
1182 4687 1315 4757 ταχύ
1350 4685 1566 4754 διελύθη
1599 4687 1676 4747 είς
1696 4683 1763 4736 τὰ
1807 4682 1865 4747 ἐξ
1892 4676 1965 4736 ὧν
1997 4699 2117 4734 συν-

534 4777 692 4849 ετέθη
739 4777 870 4847 (78).
908 4777 1138 4830 ἑκάστου
1173 4776 1280 4828 τῶν
1323 4773 1682 4827 συνελθόντων
1727 4772 1862 4843 πρὸς
1909 4770 2006 4841 τὴν
2034 4772 2116 4823 oi-

536 4870 688 4934 κείαν
719 4869 900 4940 χώραν
927 4867 1259 4929 ἐπανιόντος.
1290 4865 1386 4918 Διὰ
1416 4865 1513 4935 μὲν
1534 4864 1598 4936 δὴ
1623 4862 1844 4924 ταύτας,
1869 4860 1943 4922 ὦς
1961 4877 2112 4928 φασι,

534 4963 642 5016 τῶν
671 4960 948 5032 λογισμῶν
993 4959 1090 5023 τὰς
1134 4958 1398 5028 ἀνάγκας,
1440 4957 1567 5020 τούς
1616 4955 1724 5008 τῶν
1765 4954 2114 5024 προαγόντων

617 5161 726 5235 (71)
771 5161 1024 5235 Voculam
1089 5157 1147 5235 δέ
1213 5171 1280 5210 ex
1343 5153 1550 5235 duobus
1603 5167 1734 5235 mss.
1781 5153 2102 5206 addidimus.

537 5224 652 5288 Hoc
684 5224 798 5302 ipso
829 5237 880 5286 in
915 5233 1030 5284 loco
1069 5230 1176 5302 duo
1203 5243 1344 5302 mss;
1370 5242 1452 5277 σοι
1480 5224 1683 5302 δοκοίη.

608 5292 720 5375 (τῆ
746 5299 1245 5375 Antiqui‘dqulibri
1270 5295 1434 5375 eum)
1459 5295 1537 5375 τά
1575 5294 1749 5348 πάντα
1783 5292 1924 5346 διατ.
1987 5293 2104 5347 Mox

539 5365 641 5433 duo
680 5365 808 5428 mss.
839 5365 1056 5444 εὑρεθῇ.
1088 5370 1235 5444 Alius
1268 5365 1597 5444 ξιξευρεθείη.

605 5446 716 5509 (75)
752 5435 978 5500 Codices
1003 5435 1106 5496 duo
1133 5438 1202 5490 τὰ
1225 5438 1363 5509 αὐτὰ
1380 5435 1448 5509 δὲ,
1478 5435 1672 5509 πάντα.

608 5503 717 5584 (74⁵)
746 5517 922 5570 Codex
948 5511 1188 5568 Combel‘.
1207 5508 1406 5584 λοιπῶν
1431 5506 1519 5560 διὰ
1538 5506 1635 5578 τὴν
1672 5503 2100 5584 μέθεξινκϐοιιι-

535 5575 757 5642 lielisius
791 5596 942 5640 notat
1008 5585 1146 5636 hanc
1193 5581 1497 5648 Opinionem
1555 5575 1682 5632 esse
1722 5575 2000 5640 Platonis,
2046 5575 2098 5628 in

539 5657 735 5713 Timaeo
759 5670 778 5708 .'
806 5663 1143 5721 sequentem,
1173 5650 1521 5726 Aris}o_trlis._
1618 5715 1666 5726 η
1824 5714 1857 5726 υ

606 5727 718 5792 (75)
757 5712 908 5780 Colb'.
947 5727 1152 5792 primus
1177 5720 1587 5794 uapléautoig.‘
1617 5714 1949 5794 Mos-editio
1993 5712 2095 5792 Ba-

538 5785 624 5855 sil.
689 5785 736 5855 et
783 5785 1019 5869 quinque
1075 5807 1183 5845 mss
1258 5785 1408 5862 πῦρ.
1456 5788 1608 5862 φησί.
1680 5786 1854 5846 νιᾱὶιίο
1913 5785 2111 5865 Paris.‘

2223 4585 2450 4640 facimus
2480 4587 2656 4654 igneo,
2687 4585 2882 4653 quippe
2913 4585 3002 4652 qui
3039 4583 3211 4652 ipsum
3239 4583 3489 4636 deorsum
3518 4581 3793 4636 traltamus

2226 4689 2422 4747 praeter
2459 4687 2726 4730 naturam.
2769 4675 2890 4729 llaec
2926 4685 3104 4728 autem
3150 4673 3536 4728 elementorqu
3582 4673 3633 4727 iu
3663 4687 3794 4728 con-

2227 4771 2391 4824 traria
2424 4770 2725 4829 distractio.
2758 4769 2926 4822 ruina:
2957 4776 3012 4822 et
3045 4767 3414 4822 dissolutionis
3453 4781 3613 4822 causa
3651 4765 3794 4821 etsi-

2223 4863 2334 4913 stit.
2375 4859 2524 4925 Quod
2567 4860 2710 4912 enim
2755 4866 3006 4912 coactum
3053 4865 3154 4919 est,
3197 4869 3252 4910 et
3292 4865 3485 4925 praeter
3524 4866 3790 4916 naturam,

2223 4965 2342 5003 cum
2372 4965 2557 5020 parum
2602 4949 2837 5012 resistat,
2869 4948 3028 5016 idque
3067 4947 3330 5002 violenter
3355 4956 3409 5002 et
3442 4961 3604 5016 aegre,
3641 4945 3792 5000 brevi

2212 5166 2395 5288 φαῗίθ)
2429 5218 2610 5272 Codex
2667 5231 2803 5270 unus
2831 5218 2862 5288 ἡ
2908 5215 3185 5288 εὐθεῖαν...
3212 5213 3378 5288 μέχει.
3411 5209 3786 5288 _lloc_ipsoﬂin

2213 5280 2332 5343 loco
2354 5289 2506 5344 Coll).
2542 5288 2809 5341 secundus
2837 5280 3177 5340 ἀποστασίαν
3207 5280 3374 5355 ἔχειν.
3409 5281 3585 5354 [Cod.
3625 5280 3731 5335 476
3761 5295 3793 5336 ι

2215 5361 2503 5417 recentiori
2526 5374 2698 5429 manu
2721 5356 2881 5429 ἐχειδ

2281 5430 2394 5503 (77)
2423 5429 2484 5503 _ln
2539 5420 2810 5503 aliqniliiis
2862 5420 2992 5481 inss.
3031 5427 3260 5503 _legitut_-_
3287 5422 3425 5494 πρὸς
3477 5420 3538 5503 τὸ
3581 5421 3694 5476 ἄνω

2207 5495 2344 5572 πρὸς
2377 5495 2448 5552 ’τὺ
2500 5499 2668 5552 κάτω.
2714 5497 3002 5562 Aliquanto
3031 5499 3170 5550 infra
3225 5495 3359 5564 Reg.
3410 5495 3618 5562 primus
3668 5508 3792 5549 cum

2207 5575 2377 5624 altero
2407 5587 2506 5624 ms.
2546 5567 2925 5624 μεθέλκοντες.

2203 5585 2377 5624 altero
2407 5587 2506 5624 ιηε.
2546 5585 2925 5624 μεθελκοντες.

2265 5586 2377 5624 tero
2407 5587 2506 5624 ms.
2546 5586 2925 5640 μευελκοντες.

2265 5642 2386 5765 £38)
2433 5643 2660 5695 Codices
2721 5641 2827 5693 duo
2885 5639 2947 5705 ἐξ
3017 5631 3091 5691 ὧν
3153 5635 3439 5704 σύγκειται
3497 5634 3594 5688 καὶ
3667 5647 3794 5691 συν-

2331 5729 2386 5765 η.

2202 5726 2389 5784 ετευη,
