4082 6398
320 326 388 380 9.7
1625 325 1682 381 S.
1726 324 1967 380 BASlLiI
2000 323 2213 380 MAGNI
2902 401 2905 406 η
3485 327 3556 381 28

321 446 379 501 in
415 460 477 498 ea
515 445 708 513 quibus
745 452 956 500 constat
993 444 1324 507 dissolvitur,
1361 446 1484 499 dum
1521 445 1725 515 singula
1766 462 1884 514 quae

1995 443 2342 515 ἀθετήσαντες
2371 438 2579 510 λόγους,
2607 441 2809 503 οἰκείας
2842 441 3148 504 ὑποθέσεως
3177 439 3477 511 ἐδεήθησαν
3509 441 3558 494 οἰ

325 539 378 593 in
404 554 566 591 unum
600 548 984 601 convenerant,
1016 538 1080 590 ad
1119 527 1391 606 proprium
1425 540 1645 592 redeunt
1691 537 1884 593 locum.

325 628 470 684 Sane
495 631 562 683 ob
594 631 711 692 lias,
741 638 800 682 ut
829 630 1000 691 aiunt,
1029 629 1496 683 ratiocinationum
1527 629 1821 696 angustias,
1853 630 1884 682 ii

319 723 685 794 qniquintam
713 723 957 790 corporis
981 729 1225 775 naturam
1254 721 1319 774 ad
1346 721 1465 774 coeli
1501 721 1889 790 stellarumque

328 815 497 882 ipsius
530 813 955 867 constituendam
990 813 1385 881 generationem
1422 811 1706 865 commenti
1742 821 1887 879 sunt,

329 905 543 974 rejectis
589 907 824 967 priorqu
869 903 1232 971 npiuionibus,
1282 903 1612 970 argumentis
1661 903 1890 972 pmpriis

328 1006 463 1058 opus
511 990 764 1045 habuere.
810 991 877 1043 At
917 989 1092 1058 quivis
1120 990 1255 1044 alius
1294 1000 1411 1044 arte
1445 992 1705 1044 suadendi
1751 1006 1890 1060 pra:-

328 1083 552 1152 polleus,
605 1097 790 1135 rursus
837 1081 934 1135 ltus
987 1081 1228 1146 adortus,
1276 1081 1390 1136 hmo
1419 1081 1742 1144 confutavit,
1783 1083 1892 1136 dis-

330 1175 612 1243 solvitque,
636 1183 688 1227 et
714 1173 778 1226 de
808 1188 904 1227 suo
933 1172 1234 1240 opinionem
1268 1174 1538 1242 prepriam
1572 1175 1791 1228 invexit.
1820 1175 1893 1228 De

331 1266 526 1334 quibus
552 1265 594 1319 si
621 1280 761 1318 nunc
783 1265 962 1317 dicere
987 1265 1380 1332 aggrediemur,
1405 1265 1456 1318 iu
1481 1267 1694 1320 easdem
1726 1282 1892 1335 nugas

331 1367 493 1426 atque
541 1356 610 1409 illi
657 1355 970 1409 incidemus.
1010 1354 1205 1408 Verum
1248 1355 1484 1409 sinentes
1525 1371 1642 1418 nos,
1682 1367 1738 1409 ut
1776 1371 1894 1410 sese

334 1448 558 1501 invicem
588 1455 830 1501 evertant
858 1446 1228 1513 rel'ellantqne,
1249 1446 1360 1512 jam
1394 1449 1594 1500 emisso
1619 1448 1684 1501 de
1709 1463 1884 1502 essen-

334 1540 404 1592 tia
449 1552 715 1601 sermoue,
756 1538 912 1591 (idem
958 1536 1122 1606 Moysi
1178 1537 1519 1604 adhibentes,
1562 1540 1702 1606 quod
1747 1537 1892 1593 Fecit

330 1629 469 1683 Deus
505 1628 686 1680 (mlum
731 1637 779 1680 et
819 1637 1032 1687 terram,
1070 1623 1261 1678 artiﬁci
1293 1627 1495 1694 optimo
1528 1641 1624 1692 pro
1655 1626 1740 1680 his
1777 1642 1894 1695 qua:

332 1721 603 1790 sapienter
629 1735 690 1772 ac
718 1717 983 1771 industrie
1011 1724 1224 1784 peracta
1255 1724 1402 1778 sunt,
1429 1715 1653 1783 gloriam
1681 1716 1890 1777 demus,

1989 536 2240 606 πέμπτην
2287 535 2534 606 σώματος
2577 534 2737 602 φύσιν
2783 535 2863 595 εἰς
2911 533 3006 603 τὴν
3043 533 3274 604 οὐρανοῦ
3313 534 3408 586 καὶ
3451 533 3559 586 τῶν

1989 629 2106 680 κατ’
2131 627 2291 680 αὑτὸν
2332 626 2573 697 ἀστέρων
2598 625 2810 694 γένεσιν
2852 625 3250 694 ὑποτιθέμενοι.
3286 625 3476 686 ’Ἄλλος
3503 624 3561 678 δὲ

1988 737 2071 781 τις
2107 718 2213 772 τῶν
2253 718 2605 790 σφριγώντων
2653 717 2790 770 κατὰ
2830 715 3207 784 πιθανολογίαν
3252 715 3561 780 ἐπαναστάς

1981 811 2148 865 πάλιν
2179 810 2404 873 τούτοις,
2439 809 2608 861 ταῦτα
2641 809 2738 878 μὲν
2763 809 2930 878 διέχεε
2956 807 3049 860 καὶ
3072 806 3330 873 διέλυσεν,
3357 808 3561 860 οἰκείαν

1989 903 2045 956 δὲ
2075 904 2202 974 παρ’
2243 900 2433 954 ἑαυτοῦ
2475 901 2833 970 ἀντεισήγαγε
2867 898 3040 962 δόξαν.
3075 900 3209 970 Περὶ
3238 891 3311 951 ὧν
3357 898 3448 952 νῦν
3475 897 3561 951 λέ-

1989 1012 2105 1064 γειν
2134 994 2550 1064 ἐπιχειροῦντες,
2588 995 2666 1055 εἰς
2690 991 2787 1062 τὴν
2815 993 3006 1062 ὁμοίαν
3044 993 3226 1054 αὐτοῖς
3248 991 3562 1060 ἀδολεσχίαν

1992 1085 2395 1155 ὲμπεσοὺμεθα.
2439 1083 2574 1136 Ἀλλ’
2606 1086 2767 1154 ἡμεῖς
2796 1083 3037 1146 ἐκείνους
3069 1082 3160 1136 ὑπ’
3189 1083 3430 1153 ἀλλήλων
3467 1082 3561 1136 ἐά-

1995 1194 2183 1240 σαντες
2217 1175 2666 1237 καταϐάλλεσθαι,
2725 1174 2878 1226 αὑτοὶ
2919 1171 3012 1225 τοῦ
3067 1171 3194 1243 περὶ
3238 1173 3334 1243 τῆς
3375 1172 3560 1234 οὑσίας

1991 1267 2253 1337 ἀφέμενοι
2278 1265 2455 1333 λόγου,
2479 1265 2787 1327 πεισθέντες
2816 1266 3038 1318 Μωῦσεῖ
3063 1265 3196 1332 (79),
3225 1265 3305 1316 ὅτι
3334 1264 3562 1330 Ἐποίηε

1992 1335 2165 1412 dare
2204 1357 2345 1423 Θεὸς
2377 1357 2483 1410 τόν
2511 1354 2769 1422 οὐρανὸν
2804 1355 2898 1408 καὶ
2930 1353 3042 1422 τὴν
3074 1338 3319 1423 γῆν-,ίτδν
3347 1335 3610 1423 ἀριστοῗί

1991 1451 2184 1522 τέχνην
2227 1449 2332 1503 τῶν
2372 1449 2548 1517 σοφῶς
2585 1449 2678 1500 καὶ
2706 1448 2967 1517 ἐντέχνως
2995 1447 3298 1516 γενομένων
3329 1445 3562 1510 δοξάσω·
3603 1459 3612 1511 1;

1996 1560 2116 1614 μεν,
2148 1543 2239 1595 καὶ
2273 1544 2336 1594 ὲκ
2363 1540 2453 1592 τοῦ
2488 1540 2712 1602 κάλλους
2744 1539 2850 1591 τῶν
2881 1539 3171 1609 ὁρωμένων
3204 1538 3292 1590 τὸν
3325 1539 3564 1608 ὑπέρκα-
3607 1555 3612 1570 ι

1993 1635 2082 1688 λον
2125 1632 2450 1704 ὲννοώμεθα,
2494 1635 2586 1686 καὶ
2619 1635 2682 1686 ὲκ
2713 1632 2806 1685 τοῦ
2845 1631 3104 1702 μεγέθους
3147 1629 3254 1682 τῶν
3293 1630 3563 1700 αἰσθητῶν
3604 1619 3608 1639 ³

1993 1730 2195 1783 τούτων
2248 1729 2342 1782 καὶ
2392 1728 2776 1799 περιγραπτῶν
2819 1727 3081 1797 σωμάτων
3119 1726 3562 1797 ἀναλογιζώμεθα

333 1825 387 1870 et
432 1829 498 1867 ex
541 1811 937 1881 pulchritudine
975 1824 1160 1864 eorum
1186 1825 1306 1878 quae
1338 1808 1610 1873 videntur,
1643 1824 1767 1862 eum
1800 1810 1889 1878 qui

1995 1824 2084 1876 τὸν
2121 1823 2343 1891 ἄπειρον
2375 1821 2468 1874 καὶ
2497 1819 2844 1891 ὑπερμεγέθη
2889 1821 2983 1873 καὶ
3021 1821 3198 1873 πᾶσαν
3234 1820 3471 1872 διάνοιαν
3504 1821 3564 1871 ὲν
3612 1825 3617 1847 '-

333 1921 546 1960 omnem
596 1902 1047 1973 pulchritudinem
1099 1911 1338 1968 superat,
1393 1909 1571 1955 mente
1620 1900 1890 1968 concipia-

333 2012 488 2062 mus;
529 2005 582 2048 et
607 2010 670 2048 ex
699 1994 1064 2062 magnitudine
1103 1993 1432 2046 sensibilium
1470 1994 1662 2046 horum
1697 2001 1751 2046 et
1789 1993 1894 2046 cir-

334 2089 779 2156 cumscriptoruiu
811 2100 1118 2154 corporum,
1148 2085 1294 2138 illum
1320 2087 1411 2155 qui
1451 2085 1690 2140 inﬁnitus
1725 2095 1809 2138 est
1847 2095 1901 2138 et

337 2181 650 2242 immensus,
683 2178 878 2248 quique
917 2192 1129 2231 onmem
1162 2193 1269 2246 pra:
1299 2179 1548 2248 potentize
1581 2193 1689 2232 sua:
1719 2177 1896 2230 multi-

339 2272 522 2325 tudine
566 2271 945 2338 cogitationem
991 2279 1300 2339 exsuperat,
1352 2269 1731 2338 intelligamus.
1782 2268 1894 2322 Etsi

333 2363 476 2419 enim
519 2377 702 2417 eorum
736 2378 854 2431 qua
887 2361 1027 2416 facta
1071 2372 1193 2417 sunt
1242 2372 1488 2416 naturain
1529 2363 1841 2431 ignoramus
1880 2379 1891 2413 :

334 2465 392 2507 at
413 2462 558 2508 certe
584 2453 841 2521 quidquid
873 2453 1018 2508 omni
1050 2468 1112 2506 ex
1152 2461 1301 2521 parte
1337 2452 1436 2506 sub
1465 2461 1676 2505 nostros
1709 2465 1896 2505 sensus

334 2545 496 2609 cadit,
534 2554 739 2597 tantum
770 2559 878 2611 prae
906 2559 964 2597 se
1006 2544 1108 2596 l'ert
1141 2542 1534 2608 admirationis,
1565 2555 1623 2596 ut
1657 2543 1737 2597 vel
1771 2559 1897 2596 acu-

335 2637 538 2690 tissima
569 2651 720 2690 mens
753 2638 926 2705 impar
959 2650 1077 2690 esse
1104 2636 1486 2703 comperiatur,
1511 2650 1630 2704 qua:
1658 2643 1751 2688 aut
1798 2635 1898 2688 iiii-

1998 1915 2075 1986 τῷ
2106 1914 2295 1986 πλήθει
2333 1914 2430 1984 τῆς
2459 1913 2651 1966 ἑαυτοῦ
2686 1913 2966 1984 δυνάμεως
3004 1912 3418 1984 ὑπερϐαίνονται
3453 1913 3565 1967 Καὶ
3594 1919 3616 1930 ⁹

2001 2007 2108 2076 γὰρ
2135 2008 2182 2058 εἰ
2216 2005 2309 2058 καὶ
2333 2004 2429 2075 τὴν
2461 2004 2620 2074 φύσιν
2644 2005 2942 2074 ἀγνοοῦμεν
2970 2005 3075 2056 τῶν
3113 2005 3438 2074 γενομένων,
3474 2005 3569 2057 ἀλ-

2008 2096 2076 2149 λά
2126 2095 2186 2148 τό
2237 2113 2300 2163 γε
2336 2095 2638 2164 ὁλοσχερῶς
2682 2095 2983 2147 ὑποπῖπτον
3028 2094 3181 2164 ἡμῶν
3215 2097 3280 2165 τῇ
3318 2094 3571 2163 αἰσθήσει-

1998 2185 2246 2239 τοσοῦτον
2283 2186 2392 2255 ἔχει
2431 2185 2490 2237 τὸ
2520 2185 2722 2256 θαῦμα,
2751 2185 2889 2238 ὥστε
2916 2186 3009 2238 καὶ
3033 2184 3124 2238 τὸν
3152 2183 3571 2255 ἐντρεχέστατον

1999 2279 2121 2332 νοῦν
2165 2279 2418 2333 ἐλάττονα
2452 2279 2790 2348 ἀναφανῆναι
2836 2278 2944 2347 (80)
2995 2277 3089 2331 τοῦ
3135 2277 3416 2348 ἐλαχίστου
3459 2277 3568 2329 τῶν

2000 2369 2057 2419 ἐν
2093 2367 2168 2436 τῷ
2201 2368 2410 2438 κόσμῳ,
2435 2368 2568 2439 πρὸς
2611 2368 2672 2420 τὸ
2715 2369 2747 2438 ἢ
2786 2368 3076 2439 δυνηθῆναι
3107 2367 3236 2420 αὑτὺ
3265 2369 3384 2420 κατ’
3413 2365 3568 2430 ἀξίαν

2000 2459 2325 2523 ἐπεξελθεῖν,
2362 2460 2393 2530 ἢ
2426 2460 2516 2512 τὸν
2544 2459 2887 2528 ὀφειλόμενον
2923 2459 3138 2511 ἔπαινον
3173 2455 3566 2527 ἀποπληρῶσαι

1999 2547 2076 2617 τῷ
2105 2548 2376 2601 κτίσαντιο
2412 2542 2454 2615 ᾧ
2482 2551 2629 2601 πᾶσα
2654 2548 2800 2612 δόξα,
2828 2549 2960 2619 τιμὴ
2993 2547 3101 2617 (81)
3128 2547 3220 2600 καὶ
3249 2548 3466 2618 κράτος,
3487 2545 3568 2606 εἰς

1998 2638 2123 2700 τοὺς
2144 2637 2343 2700 αἰῶνας
2369 2639 2475 2691 τῶν
2502 2637 2731 2690 αἰώνων.
2773 2639 2826 2691 Ἀ
2838 2640 2983 2709 μήν.’

335 2730 536 2782 nimum
579 2731 703 2798 quid
749 2745 934 2784 eorum
973 2745 1094 2800 quae
1134 2731 1186 2783 in
1243 2729 1442 2783 mundo
1523 2741 1666 2793 sunt,
1710 2745 1806 2798 pro
1852 2731 1927 2783 rei
1968 2732 2229 2800 dignitate
2307 2734 2572 2800 explicet,
2627 2742 2720 2785 ant
2773 2733 3009 2787 debitam
3053 2731 3262 2786 laudem
3311 2729 3568 2798 rependat

333 2819 596 2882 Creatori,
630 2821 716 2874 cui
758 2821 934 2875 omnis
981 2821 1173 2890 gloria,
1203 2823 1375 2876 honor
1410 2829 1464 2875 et
1508 2822 1814 2889 imperium,
1847 2823 1898 2875 in
1938 2826 2133 2877 saicnla
2169 2824 2505 2878 szl'culorttut.
2539 2824 2732 2877 Amen.

927 3049 1206 3109 HOMlLlA
1248 3053 1310 3108 ll.

405 3169 483 3224 De
515 3185 572 3224 eo
606 3169 740 3239 quod
779 3168 1053 3223 invisibilis
1082 3177 1194 3222 erat
1227 3178 1364 3221 terra
1401 3176 1446 3222 et
1481 3167 1739 3238 indigesta
1763 3163 1826 3223 ¹⁸.

410 3301 511 3370 12
553 3303 604 3355 1.
646 3300 797 3354 Mane
834 3300 885 3353 in
924 3301 1106 3368 paucis
1135 3300 1464 3368 explicandis
1494 3302 1674 3356 verbis
1711 3301 1900 3356 immo-

336 3396 462 3456 rati,
511 3403 711 3447 tantam
766 3395 1044 3448 sententia:
1095 3393 1515 3462 profunditatem
1567 3395 1896 3450 reconditam

336 3486 655 3551 invenimus,
687 3496 746 3540 ut
775 3489 840 3538 de
874 3486 939 3538 iis
966 3501 1084 3553 qum
1112 3496 1430 3554 sequuntur,
1464 3487 1684 3540 omnino
1718 3487 1899 3553 despe-

337 3592 536 3631 remus.
575 3578 704 3631 Nam
741 3578 783 3632 si
816 3587 1123 3632 sanctorqu
1162 3578 1296 3630 atria
1335 3578 1461 3630 talia
1497 3587 1642 3640 sunt,
1675 3585 1728 3631 et
1763 3587 1899 3631 tem-

335 3668 408 3736 pli
435 3669 695 3722 vestibula
722 3671 857 3722 adeo
890 3669 1193 3722 veneranda
1224 3680 1369 3730 sunt,
1401 3679 1562 3736 atque
1590 3668 1896 3737 magniﬁca,

335 3767 395 3811 ut
452 3760 860 3827 pulchritudinis
922 3776 1029 3814 sua:
1091 3762 1400 3827 prmstantia
1457 3760 1642 3814 oculos
1703 3760 1898 3812 mentis

335 3859 532 3904 nostrae
559 3851 941 3920 perstringam,
976 3851 1152 3919 qualia
1182 3860 1306 3906 sun".
1333 3849 1527 3905 Sancta
1554 3851 1898 3904 sanctorum?

335 3942 520 4009 ecquis
568 3942 782 3994 tandem
833 3944 1192 4010 comperietur
1223 3943 1466 4005 idaeus,
1501 3942 1590 4011 qui
1619 3942 1776 4013 adyta
1813 3943 1895 3995 iu-

337 4031 485 4101 gredi
543 4031 716 4085 ausit?
772 4041 865 4085 aut
906 4034 1028 4100 quis
1081 4043 1469 4102 conspecturus
1523 4040 1609 4086 est
1661 4035 1896 4087 arcana?

337 4123 614 4192 Siquidem
661 4123 740 4176 vel
771 4139 955 4177 eorum
989 4133 1238 4193 aspectus
1268 4131 1350 4177 est
1378 4123 1723 4190 inaccessus;
1750 4135 1802 4177 et
1831 4139 1892 4178 ea

336 4230 455 4285 qua}
487 4227 662 4270 mente
685 4228 942 4284 concepta
973 4226 1118 4280 sunt,
1144 4230 1286 4284 agre
1311 4216 1530 4270 omnino
1568 4215 1745 4268 verbis
1775 4230 1895 4284 pos-

337 4316 461 4360 sunt
495 4307 768 4376 explicari.
808 4312 1082 4367 Attamen,
1118 4324 1237 4361 cum
1262 4310 1400 4378 apud
1431 4307 1631 4374 justum
1661 4306 1891 4374 judicent

2197 2958 2486 2972 .——-_——-

2613 3055 2856 3109 OMlAlA
2892 3055 2966 3108 B'.

2103 3149 2241 3218 Περὶ
2281 3142 2406 3214 τοῦ,
2449 3146 2713 3215 Ἀὀρατος
2760 3144 2838 3214 ἦν
2893 3144 2926 3210 ἡ
2967 3145 3056 3218 ,γῆ
3105 3145 3203 3200 καὶ
3249 3145 3466 3198 ἀκατα-

2524 3220 2862 3282 σκεύαστος
2901 3217 3034 3286 (82).

2071 3309 2122 3362 l.
2158 3309 2390 3376 Μικροῖς
2411 3310 2578 3363 ἕωθεν
2615 3306 2726 3377 (85)
2753 3305 3186 3376 ἐνδιατρίψαντες
3219 3305 3444 3376 ῥήμασι,
3474 3321 3564 3356 τοι

2002 3398 2187 3451 σοῦτον
2220 3397 2706 3469 ἀποκεκρυμμένον
2733 3397 2792 3448 τὸ
2819 3395 2980 3465 βάθος
3010 3395 3107 3466 τῆς
3135 3395 3370 3458 διανοίας
3405 3394 3563 3466 εὖροι

2003 3508 2122 3560 μεν,
2149 3489 2287 3542 ὥστε
2320 3490 2425 3543 τῶν
2451 3487 2646 3560 ἑφεξῆς
2683 3489 2957 3552 παντελῶς
2997 3487 3323 3556 ἀπογνῶναι.
3357 3488 3419 3540 Εἰ
3456 3488 3565 3560 γάρ

1997 3581 2064 3633 τά
2096 3580 2362 3652 προαύλια
2405 3581 2513 3632 τῶν
2542 3580 2713 3647 ἁγίων
2741 3580 2981 3636 τοιαῦτα.
3021 3578 3116 3630 καὶ
3149 3578 3218 3631 τὰ
3256 3579 3564 3649 προπύλαια.

1997 3673 2091 3725 τοῦ
2112 3672 2238 3725 ναοῦ
2261 3672 2403 3725 οὕτω
2433 3671 2604 3742 σεμνά
2628 3672 2721 3724 καὶ
2761 3671 3034 3742 ὑπέρογκα
3060 3674 3124 3742 τῇ
3152 3671 3260 3742 (84)
3295 3671 3563 3742 ὑπερϐολῇ

1997 3764 2087 3817 τοῦ
2116 3764 2344 3826 κάλλους
2375 3765 2501 3827 τοὺς
2519 3763 2826 3833 ὀφθαλμοὺς
2851 3763 2948 3832 τῆς
2975 3763 3205 3825 διανοίας
3232 3764 3385 3833 ἡμῶν
3414 3781 3563 3833 περι-

1996 3854 2392 3923 απράπτοντα,
2426 3853 2643 3907 ποταπά
2669 3854 2735 3905 τά
2766 3853 2933 3919 ’Ἅγια
2957 3852 3064 3905 τῶν
3103 3852 3304 3920 ἀγίων;
3347 3853 3438 3905 καὶ
3481 3854 3562 3916 τίς

2000 3946 2180 4008 ἰκανὸς
2203 3945 2609 4014 κατατολμῆσαι
2636 3944 2743 3996 τῶν
2773 3944 3013 4012 άδὺτων;
3046 3943 3078 4012 ἢ
3106 3944 3188 4007 τίς
3210 3943 3466 4013 ἐπόψεται
3493 3946 3563 3998 τὰ

1995 4035 2317 4107 ἀπόῤῥητα;
2362 4029 2674 4105 Ἂπρόσιτος
2723 4033 2820 4103 μὲν
2865 4040 2972 4102 γάρ
3012 4033 3188 4086 αὐτῶν
3231 4035 3322 4086 καὶ
3362 4036 3394 4104 ἠ
3442 4035 3560 4096 θέα,

1994 4126 2420 4196 δυσερμήνευτος
2451 4125 2507 4177 δὲ
2543 4125 2818 4187 παντελῶς
2845 4125 2954 4177 τῶν
2989 4124 3285 4194 νοηθέντων
3327 4127 3356 4178 ὁ
3385 4124 3557 4192 λόγος.

1995 4217 2144 4288 Πλὴν
2181 4217 2294 4272 ἀλλ’
2328 4217 2512 4289 ἐπειδὴ
2539 4217 2689 4288 παρά
2723 4217 2798 4286 τῷ
2842 4216 3034 4286 δικαίῳ
3070 4219 3251 4287 κριτῇ,
3289 4216 3380 4268 καὶ
3422 4217 3563 4287 ὑπὲρ

2001 4308 2159 4379 μόνου
2194 4307 2287 4361 τοῦ
2311 4307 2630 4378 προελέσθαι
2660 4306 2724 4360 τά
2749 4307 2952 4372 δέοντα,
2983 4307 3082 4358 οὑκ
3105 4307 3562 4376 εὐκαταφρόνητοί

336 4400 419 4452 vel
463 4399 531 4454 ob
569 4400 618 4454 id
654 4401 848 4465 solum,
879 4400 1018 4469 quod
1058 4401 1176 4469 quis
1209 4397 1439 4453 olﬁciuin
1471 4414 1624 4452 suum
1667 4399 1767 4452 sibi
1815 4397 1892 4450 fa-

1996 4401 2132 4452 εἰσιν
2153 4399 2522 4470 ἀφωρισμένοι
2551 4398 2749 4468 μισθοὶ,
2779 4397 2851 4468 μὴ
2875 4398 3268 4468 άποκνήσωμεν
3294 4395 3403 4467 (85)
3426 4396 3561 4468 πρὸς

335 4493 579 4546 ciendum
626 4494 983 4563 preposuerit,
1020 4493 1308 4545 constituta
1355 4505 1562 4545 merces
1591 4490 1680 4556 sit,
1721 4504 1890 4558 eaque

337 4599 440 4638 non
478 4587 897 4652 contemnenda;
933 4599 998 4639 ne
1031 4587 1095 4637 ad
1137 4582 1582 4652 perscrutandum
1626 4582 1890 4638 fuerimus

412 4761 456 4794 ¹⁸
491 4763 622 4819 Gen.
659 4780 696 4827 I,
725 4763 780 4819 2.

409 4921 518 4988 (79)
548 4919 700 4973 Colb.
731 4917 994 4971 secundus
1021 4915 1171 4988 αὑτοὶ
1203 4917 1331 4988 τοὺς
1379 4916 1506 4986 περὶ
1561 4915 1664 4988 τῆς
1707 4911 1891 4988 οὐσίας

335 4986 598 5061 ἀφέμενοι
626 4989 816 5061 λόγους
867 4986 1257 5061 πιστευθέντες-
1280 4987 1520 5061 Μωῦσεῖἶ
1544 4987 1693 5038 Alius
1722 4987 1888 5061 codex

337 5056 547 5128 quoque
579 5057 838 5127 ἀφέμενοι
867 5057 1080 5124 λόγους.
1119 5060 1186 5108 At
1220 5057 1383 5110 Coisl.
1444 5057 1648 5125 primus
1703 5056 1888 5125 vulga-

341 5142 446 5185 tam
474 5131 754 5182 lectionem
783 5137 976 5180 tuetur.

406 5199 516 5269 (80)
546 5198 680 5250 Editi
712 5207 763 5269 et
795 5198 898 5250 duo
929 5212 1056 5269 mss.
1103 5195 1450 5269 ἂνλφανῆναι.
1492 5197 1562 5249 At
1620 5194 1712 5248 alii
1759 5208 1892 5263 qua-

334 5266 457 5325 tunr
491 5266 619 5322 mss.
646 5267 929 5333 conjuncte
955 5266 1312 5335 ἀναφανῆναι.

408 5340 518 5408 (8|)
554 5325 780 5408 Codices
804 5347 1030 5408 quatuor
1056 5325 1201 5401 δόξα,
1231 5337 1380 5407 τιμή.
1407 5335 1570 5390 Coisl.
1602 5335 1808 5404 primus
1846 5325 1891 5400 ᾧ

332 5409 369 5481 ἡ
404 5405 644 5481 δόξακαὶ
674 5405 735 5481 τδ
766 5407 982 5481 κράτος.

406 5481 516 5550 (82)
542 5479 750 5531 Titulus
780 5473 955 5532 nullus
984 5477 1184 5550 legitur
1211 5490 1383 5550 neque
1425 5475 1475 5527 in
1512 5473 1654 5550 Reg.
1677 5473 1888 5550 quinto,

334 5544 507 5617 neque
541 5551 590 5602 iit
618 5550 767 5602 Coll).
797 5544 1048 5617 secundo.
1081 5548 1134 5599 lu
1160 5548 1363 5617 duobus
1397 5559 1526 5617 mss.
1549 5547 1707 5617 verba
1743 5544 1891 5595 Scri-

373 5611 522 5682 ιηἰτε,
570 5621 602 5689 ὴ
672 5619 728 5671 δὲ
759 5618 828 5688 γῆ
856 5614 948 5689 ,ἦν
1008 5618 1231 5688 ἀόρατος
1265 5614 1359 5667 καὶ
1397 5611 1891 5689 ἀκατασκεὺαστος,

356 5704 457 5742 oro
495 5683 939 5756 sini'tgtitulifAlii
973 5683 1229 5742 tres'mss.
1253 5700 1374 5756 cuni
1406 5687 1563 5740 editis
1601 5686 1730 5756 περὶ
1774 5683 1889 5747 τοὺ,

335 5758 560 5829 ἀόρατος
618 5754 685 5828 ἦν
736 5759 769 5827 ἡ
817 5759 887 5826 γῆ
925 5759 1018 5811 καὶ
1068 5755 1560 5818 ἁκατασκεύαστος.
1599 5754 1748 5812 Colb.
1785 5758 1894 5825 pri-

1994 4491 2092 4560 τὴν
2121 4488 2363 4560 ἔρευναν.
2410 4491 2472 4542 Εἰ
2510 4489 2617 4560 γὰρ
2661 4488 2753 4541 καὶ
2794 4488 2889 4558 τῆς
2929 4487 3084 4550 ἀξίας
3128 4485 3558 4556 ἀπολειπόμεθα,

1995 4581 2106 4635 ἀλλ’
2135 4579 2227 4632 ὲάν
2260 4581 2352 4634 τοῦ
2381 4581 2715 4651 βουλήματος
2745 4578 2845 4649 τῆς
2880 4579 3101 4649 Γραφῆς
3138 4579 3212 4649 μὴ
3243 4579 3564 4648 ἐκπέσωμεν

1997 4927 2115 4966 mus
2142 4908 2234 4962 τοῦ
2265 4907 2428 4962 αὑτοῦ
2459 4908 2587 4978 περὶ
2619 4904 2823 4960 ὑδάτων
2849 4906 2944 4978 καὶ
2970 4906 3394 4978 φωτὸςηὸμιλία
3439 4905 3561 4978 δευ-

1992 4980 2144 5062 τέρα.
2179 4980 2343 5062 Coisl.
2376 4976 2580 5062 primus
2606 4978 2704 5062 τοῦ⁹
2733 4980 2789 5029 ὲν
2820 4976 3238 5062 ἀγθίοιςπῐξατρδς
3263 4977 3421 5062 ἡμῶν
3453 4977 3561 5062 1ξά-

1995 5045 2190 5104 σιλείου
2244 5051 2323 5109 εἰς
2371 5048 2480 5118 τὴν
2503 5045 2550 5100 α’
2581 5047 2811 5118 ,ἡμέραν
2843 5045 3564 5118 τῆςξΕξαημέρουί.Ὀμιλία.

1993 5121 2235 5192 δευτέρα.
2272 5116 2838 5192 Αιιθιίϐοἰειέείςιτά-
2860 5116 3051 5192 πρῶτα
3080 5118 3176 5186 τῆς
3205 5117 3488 5192 γενέσεως.

2068 5186 2175 5258 (85)
2211 5191 2338 5257 Reg.
2370 5200 2554 5242 sextus
2577 5202 2698 5240 cum
2729 5187 2878 5258 Culb.
2905 5188 3074 5255 primo
3103 5189 3324 5258 μικροῖς
3355 5186 3562 5256 ἐμπρο-

1996 5255 2335 5329 σθεν,’ραυὶο
2370 5269 2509 5329 ante.
2543 5258 2613 5309 At
2659 5257 2785 5309 editi
2841 5273 2971 5329 cunt
3034 5255 3261 5329 utroque
3295 5255 3481 5329 Coisl.’
3509 5266 3564 5309 et

1992 5325 2321 5384 cuinniultis
2354 5328 2475 5380 aliis
2531 5343 2661 5380 mss.
2692 5330 2918 5398 μικροῖς
2950 5326 3138 5392 ἕωθεν,
3198 5344 3371 5380 mane.
3421 5325 3562 5396 Lege

1993 5401 2126 5455 Duc.

2064 5469 2172 5541 (84)
2204 5467 2302 5541 εἰς)Δ
2349 5465 2513 5520 editio
2568 5465 2735 5541 Basil.
2790 5477 2864 5541 et_
2905 5483 3037 5522 mss.
3089 5467 3326 5535 plurimi.
3378 5466 3560 5521 Editio

1993 5538 2166 5596 Paris.
2204 5538 2482 5609 ὑπέρογκα
2515 5538 2608 5591 καὶ
2645 5539 2735 5609 τῇ.
2775 5538 3074 5609 Aliquanto
3144 5547 3263 5607 post
3291 5553 3434 5609 mss.
3464 5554 3562 5609 se‘

1994 5625 2134 5682 ptem
2157 5605 2575 5682 Δ(ἀπρόσιλτοςμὲν
2596 5605 2710 5678 γὰρ’
2727 5607 2906 5660 αὑτῶν
2938 5609 3031 5661 καὶ
3075 5605 3300 5679 ή.Ἐι]ἱιί
3335 5605 3562 5677 άπρόσιδ

1992 5677 2082 5744 τος
2107 5677 2415 5750 γάρίαὺτῶν
2441 5678 2472 5746 ἡ
2503 5679 2619 5732 θέα.

2066 5748 2358 5820 (85)(Ζοί1).
2390 5749 2595 5818 primus
2624 5748 2700 5822 μὴ
2730 5748 3169 5819 ἀποκνησαίμην.
