4082 6398
458 351 530 411 '29
1570 349 1851 409 IIUMILIA
1889 351 1932 408 ll
1972 353 2036 410 ΚΝ

2141 352 2582 408 EXAEMERON.
3635 357 3708 414 1'0

458 467 526 536 τῇ
567 465 790 537 βοηθείᾳ
826 465 920 519 τοῦ
946 467 1279 538 Πνεύματος,
1316 467 1410 521 καί
1437 469 1588 521 αὐτοὶ
1608 469 1707 522 οὐκ
1739 469 2032 541 ἀπόϐλητοι

2141 468 2430 537 segniores.
2459 465 2614 532 Nam,
2646 465 2856 520 tametsi
2893 481 3070 522 rerum
3109 480 3213 523 non
3246 482 3530 538 possumus
3558 484 3709 524 asse-

460 560 739 623 παντελῶς
770 560 1162 632 κριθησόμεθα,
1189 560 1283 614 καὶ
1311 563 1375 631 τῇ
1406 561 1664 632 συνεργίᾳ
1689 562 1790 631 τῆς
1811 561 2032 634 χάριτος

457 651 748 722 οἰκοδομήν
777 667 899 704 τινα
929 653 994 721 τῇ
1039 649 1334 721 Ἐκκλησία
1365 650 1459 703 τοῦ
1485 650 1618 703 Θεοῦ
1662 651 2029 722 παρεξόμεθα.

470 744 531 795 'H
552 741 620 794 δὲ
649 740 723 810 γῆ
751 741 850 810 ἦν,
880 741 1063 812 φησιν,
1092 742 1341 809 ἀόρατος
1361 742 1457 795 καὶ
1481 743 2026 808 ἀκατασκεύαστος,

457 835 584 898 Πῶς
618 834 942 904 ἀμφοτέρων
995 835 1272 904 όμοτίμως
1311 834 1616 905 γενομένων
1659 835 1888 906 οὐρανοῦ
1938 836 2032 888 κα)⁸

457 925 582 995 γῆς,
621 925 650 976 6
688 925 784 996 μὲν
813 925 1040 995 οὐρανὸς
1069 925 1400 996 ἀπηρτίσθη,
1451 929 1483 997 ἡ
1525 927 1582 980 δὲ
1623 927 1692 998 γῆ
1729 927 1805 980 ἔτι
1835 927 2030 998 ἀτελής

459 1019 576 1070 ἐστι
607 1017 702 1070 κα)⁸
729 1017 1120 1089 ἀνεξέργαστος
1157 1017 1298 1088 (86);
1347 1019 1418 1070 Ἢ
1459 1018 1616 1082 ὅλως,
1660 1019 1712 1071 τι
1740 1019 1800 1072 τὸ
1827 1019 2031 1073 ἀκατά-

459 1124 650 1161 σκευον
679 1107 790 1179 (8⁵1)
816 1109 913 1178 τῆς
941 1109 1074 1180 γῆς;
1106 1111 1198 1162 καὶ
1241 1107 1328 1162 διὰ
1371 1110 1531 1163 ποίαν
1576 1111 1752 1164 αἰτίαν
1801 1113 2031 1183 ἀόρατος

455 1196 560 1271 ἦν;
590 1202 745 1254 Ἐστι
780 1200 876 1270 μὲν
907 1196 997 1253 οὖν
1023 1190 1200 1253 τελεία
1231 1202 1540 1272 κατασκευὴ
1567 1203 1720 1274 γῆςιή
1749 1204 1840 1256 ἀπ’
1863 1203 2031 1274 αὐτῆς

459 1290 710 1362 εὐθηνία·
766 1290 946 1360 φυτῶν
1001 1291 1350 1345 παντοδαπῶν
1397 1291 1750 1364 βλαστήσειςο
1803 1293 2031 1366 δένδρων

460 1383 806 1454 ὑψηλοτάτων
859 1383 1119 1456 προϐολαὶ
1164 1385 1457 1456 καρπίμων
1511 1403 1569 1438 τε
1609 1387 1702 1439 κα)¹
1735 1387 2026 1458 ἀκάρπωνο

457 1475 634 1529 ἀνθῶν
666 1475 907 1547 εὔχροιαι
946 1477 1039 1530 καὶ
1086 1477 1331 1530 εύωδίαι·
1374 1479 1466 1532 καὶ
1498 1478 1596 1532 ὅσα
1644 1481 1838 1552 μικρὸν
1872 1479 2030 1534 ὓστε-

461 1585 552 1639 ρον
589 1567 698 1637 (88)
735 1566 914 1637 μέλλει
943 1565 1020 1636 τῷ
1043 1569 1420 1638 προστάγματι
1452 1566 1546 1620 τοῦ
1574 1568 1708 1621 Θεοῦ
1749 1570 2032 1622 ἐπανατεί-

457 1659 624 1712 λαντα
670 1661 735 1729 τῇ
775 1661 844 1730 γῇ
889 1657 986 1729 τὴν
1033 1659 1446 1731 γεννησαμένην
1499 1663 1884 1731 κατακοσμεῖν.
1933 1654 2030 1714 Ὧν

458 1751 642 1822 ἐπειδὴ
670 1751 819 1804 οὐδὲν
846 1749 998 1802 οὔπω
1035 1745 1121 1820 ἦν,
1159 1751 1529 1804 ἀκατάσκευον
1555 1751 1722 1822 αὐτὴν
1749 1750 1971 1814 εἰκότως
2002 1753 2031 1804 6

2134 557 2223 624 qui
2253 557 2600 627 dignitatem;
2649 566 2849 622 tamen,
2896 557 2941 610 si
2993 573 3020 609 a
3077 557 3368 626 Scriptura
3409 559 3703 628 proposito,

2136 645 2340 716 Spiritu
2383 648 2693 713 auxiliante,
2743 663 2846 702 non
2897 648 3230 713 excidatnus,
3261 652 3426 704 etiam
3463 651 3564 719 ipsi
3596 666 3703 706 nou

2134 741 2356 794 omnino
2401 739 2690 807 rejectanei
2730 739 3122 809 judicabimur;
3175 756 3236 796 ac
3285 735 3459 812 gratia
3510 758 3706 812 coopeo

2134 842 2307 893 rante,
2361 846 2464 884 non
2509 831 2641 886 nihil
2690 835 3064 902 praestabimus
3103 834 3471 890 adiﬁcationis
3515 835 3704 891 Eccle-

2133 925 2227 978 siae
2267 924 2380 978 Dei.
2425 923 2582 978 Terra
2638 935 2838 991 autem,
2905 926 3104 996 inquit,
3156 937 3266 981 erat
3327 929 3600 983 invisibilis
3654 940 3703 985 es

2133 1016 2497 1084 incomposita.
2568 1015 2851 1082 Quomodo
2906 1018 3135 1072 conditis
3192 1019 3396 1088 pariter
3457 1021 3705 1091 utrisque

2133 1107 2270 1161 casio
2322 1116 2376 1160 et
2424 1117 2599 1172 terra,
2649 1107 2845 1162 coelum
2890 1110 3106 1178 quidem
3163 1111 3416 1166 onmibus
3463 1113 3705 1167 numeris

2133 1199 2436 1254 absolutum
2470 1211 2576 1264 est,
2614 1210 2754 1254 terra
2792 1216 2920 1256 vero
2959 1202 3133 1258 adlmc
3176 1203 3491 1272 imperfecta
3533 1216 3615 1258 est
3653 1217 3706 1260 et

2135 1289 2320 1344 rudis?
2350 1291 2454 1342 Aut
2480 1289 2720 1352 omnino,
2747 1290 2872 1357 quid
2900 1299 2980 1344 est
3009 1300 3151 1344 terra
3200 1291 3589 1361 incomposita?
3615 1303 3702 1348 aut

2133 1381 2201 1434 ob
2245 1396 2402 1450 quam
2449 1397 2664 1436 causam
2710 1389 2826 1434 erat
2879 1383 3198 1436 invisibilis?
3251 1385 3391 1439 Sane
3435 1385 3707 1455 perfectus

2135 1481 2292 1527 terrae
2327 1485 2616 1542 apparatus
2650 1475 2760 1543 ipsa
2797 1475 2938 1529 illius
2972 1475 3221 1529 fertilitas
3256 1485 3358 1540 est,
3389 1477 3700 1547 generatio-

2134 1580 2232 1619 nes
2292 1581 2737 1636 quarumcunque
2770 1568 3090 1636 plantarum,
3131 1569 3516 1624 altissimarum
3549 1571 3705 1624 arbo-

2133 1671 2250 1712 rmn
2293 1669 2402 1712 tum
2454 1658 2834 1729 frugiferarum
2897 1671 3008 1714 tum
3067 1659 3475 1716 infecundarum
3518 1673 3703 1728 ortus;

2133 1747 2322 1804 ﬂorum
2359 1750 2568 1805 colores
2600 1751 2826 1818 speciosi
2862 1765 2924 1806 ac
2956 1751 3150 1806 odores
3177 1753 3340 1821 grati,
3367 1764 3422 1807 et
3448 1769 3706 1823 quascun-

459 1841 615 1911 λόγος
633 1821 911 1913 Ῠώνόμασε.
949 1841 1030 1893 Τὰ
1066 1840 1206 1894 αὺτά
1232 1841 1288 1894 δὲ
1317 1841 1488 1894 ταῦτα
1519 1842 1613 1894 καὶ
1643 1821 1770 1913 περὶ
1804 1841 1912 1912 (89)
1944 1843 2034 1894 οὐ-

2143 1855 2248 1910 que
2279 1840 2436 1910 paulo
2457 1853 2578 1921 post
2608 1843 2698 1897 Dei
2725 1844 2879 1912 jussu
2907 1860 2937 1899 e
2965 1853 3108 1898 terra
3130 1821 3708 1917 emergentiafgenilri-

464 1933 620 2006 ρανοῦ
645 1934 890 2002 εἴποιμεν
909 1951 920 1962 ·
947 1933 1028 1985 ὅτι
1050 1934 1149 1985 οὐκ
1165 1931 1480 2003 ἐξείργαστο
1531 1931 1682 1986 οὔπω
1707 1933 1825 1986 οὐδὲ
1852 1934 2031 1997 αὐτὸς,

458 2028 579 2080 οὐδὲ
594 2027 685 2079 τὸν
709 2027 904 2078 οἰκεῖον
933 2024 1222 2096 ἀπειλήφει
1251 2026 1473 2096 κόσμον,
1505 2025 1600 2078 ἀτε
1628 2027 1794 2096 μήπω
1821 2025 1932 2097 (90)
1956 2042 2035 2079 σε·

458 2119 596 2194 λήνῃ
617 2121 751 2191 μήτε
771 2117 906 2188 ἡλίῳ
928 2115 1421 2188 περιλαμπόμενος,
1443 2115 1575 2187 μηδὲ
1599 2119 1708 2179 τοῖς
1733 2119 1910 2188 χοροῖς
1926 2117 2034 2170 τῶν

459 2214 674 2283 ἄστρων
698 2208 1151 2280 κατεστεμμένος.
1186 2205 1352 2260 Οὔπω
1372 2206 1480 2277 γάρ
1508 2208 1678 2260 ταῦτα
1705 2207 1814 2276 (91)
1850 2206 2035 2276 ἐγεγό-

461 2322 560 2358 νει.
598 2305 756 2356 Ὥστε
782 2303 878 2371 οὐχ
910 2301 1244 2372 ἀμαρτὴσεις
1265 2301 1361 2371 τῆς
1385 2299 1657 2370 ἀληθείας,
1691 2301 1792 2353 κᾶν
1822 2301 1913 2353 τὸν
1946 2302 2035 2354 οὐ-

465 2398 622 2471 ρανὸν
653 2397 1022 2452 ἀκατάσκευον
1050 2393 1228 2464 εἴπῃς.
1272 2392 1524 2462 Ἀόρατον
1547 2392 1602 2445 δὲ
1625 2392 1720 2464 τὴν
1741 2393 1842 2464 γῆν
1870 2409 2036 2463 προσ-

461 2495 581 2544 εῖπε
626 2489 711 2542 διὰ
739 2489 830 2542 δύο
864 2487 1040 2551 αἰτίας
1063 2503 1076 2516 ·
1112 2487 1144 2558 ἢ
1186 2487 1267 2538 ὅτι
1315 2485 1464 2538 οὔπω
1488 2481 1555 2556 ἦν
1578 2486 1746 2556 αὐτῆς
1781 2488 1809 2538 6
1840 2484 2036 2557 θεατὴς

461 2578 745 2648 ἅνθρωπος
772 2576 960 2646 (9Ξὶ),ἣ
1001 2578 1081 2629 ὅτι
1113 2572 1440 2645 ὑποϐρύχιος
1476 2571 1610 2628 οὖσα
1637 2575 1699 2628 ὲκ
1722 2575 1814 2628 τοῦ
1846 2577 2037 2629 ἐπιπο-

463 2669 715 2734 λάζοντος
755 2673 818 2741 τῇ
845 2670 1134 2739 ἐπιφανείᾳ
1184 2667 1374 2730 ὓδατος
1414 2668 1514 2720 οὐκ
1548 2667 1776 2738 ἠδύνατο
1802 2667 2037 2739 καθορᾶ-

467 2763 609 2816 σθαι.
657 2761 822 2816 Οὔπω
859 2761 968 2833 γάρ
1003 2757 1070 2831 ἦν
1102 2759 1431 2829 συναχθέντα.
1461 2760 1530 2813 τὰ
1559 2758 1724 2812 ὕδατα
1762 2762 1839 2823 είς
1873 2758 1942 2813 τὰ
1962 2761 2060 2839 oi—I

464 2861 587 2910 κεῖα
619 2858 952 2925 συστήματα,
1004 2853 1145 2923 ἀπερ
1194 2850 1418 2922 ὕστερον
1464 2851 1492 2903 6
1537 2851 1668 2914 Θεὸς
1719 2850 2036 2920 συναγαγὼν

465 2947 868 3020 προσηγόρευσε
910 2945 1200 3007 θαλάσσας.
1252 2943 1504 3014 Ἀόρατον
1542 2939 1634 2997 οὖν
1686 2943 1739 2996 τί
1776 2947 1928 3008 em;
1965 2943 2038 2997 Τὸ

468 3041 585 3109 μὲν,
614 3040 640 3092 ὃ
673 3041 745 3110 μὴ
765 3040 1002 3107 πέφυκεν
1025 3036 1318 3106 ὀφθαλμοῖς
1353 3037 1553 3106 σαρκὸς
1576 3036 1930 3109 καθορᾶσθαι,
1962 3036 2036 3102 ὡς

2136 1949 2253 1988 cem
2283 1952 2435 1990 suam
2474 1946 2628 1991 erant
2657 1948 2937 1994 ornatura.
2971 1937 3206 2004 Quarum
3238 1954 3419 1992 rerum
3451 1941 3706 2009 quoniam

2136 2027 2398 2082 nihildum
2447 2040 2585 2092 erat,
2631 2030 2824 2084 merito
2870 2028 3147 2098 Scriptura
3195 2030 3364 2100 ipsam
3413 2030 3708 2086 nominavit

2137 2117 2570 2188 incompositam.
2616 2119 2741 2176 [hec
2777 2121 2964 2175 eadem
3003 2131 3056 2175 et
3096 2123 3162 2175 de
3196 2121 3336 2176 coelo
3374 2121 3705 2187 dixerimus;

2137 2213 2567 2280 quandoquidem
2613 2215 2696 2268 vel
2749 2229 2922 2283 Ipsum
2969 2216 3208 2267 nondum
3251 2224 3370 2268 erat
3412 2215 3705 2293 excultum,

2137 2315 2312 2371 neque
2357 2303 2636 2373 proprium
2690 2314 2968 2373 receperat
3015 2315 3283 2369 ornatum,
3338 2314 3520 2374 utpote
3567 2307 3707 2374 quod

2137 2389 2376 2441 nondum
2411 2389 2523 2445 sole
2560 2400 2652 2444 aut
2695 2391 2819 2446 luna
2869 2391 3284 2461 splendesceret,
3324 2408 3497 2461 neque
3538 2404 3710 2448 astro-

2139 2481 2476 2535 rum'cboris
2505 2493 2876 2536 coronaretur.
2915 2481 3150 2537 Necdum
3187 2485 3330 2539 enim
3364 2485 3548 2540 isthmc
3581 2501 3710 2540 con-

2137 2571 2250 2624 dita
2301 2581 2475 2627 erant.
2532 2574 2708 2640 Quare
2753 2590 2781 2628 a
2834 2577 3062 2630 veritate
3113 2592 3217 2630 non
3262 2578 3622 2642 aberraveris,
3663 2578 3708 2632 si

2138 2661 2337 2716 caelum
2381 2679 2596 2734 quoque
2647 2666 2848 2720 dixeris
2896 2665 3062 2721 fuisse
3110 2666 3543 2736 incompositum.
3575 2666 3709 2720 Ter-

2139 2769 2253 2808 ram
2291 2767 2468 2810 autem
2510 2759 2644 2812 duas
2679 2759 2748 2814 ob
2784 2775 2974 2814 causas
3007 2761 3295 2829 appellavit
3342 2761 3708 2828 invisibilem;

2141 2855 2233 2900 aut
2262 2850 2401 2916 quod
2434 2851 2670 2904 nondum
2706 2865 2846 2907 esset
2875 2855 2962 2922 qui
3004 2869 3120 2908 eam
3157 2854 3498 2921 conspiceret
3528 2854 3708 2918 homo,

2140 2949 2230 2994 aut
2255 2941 2395 3009 quod
2423 2957 2485 2995 ea
2524 2943 2691 2997 videri
2739 2945 2840 3015 13
2872 2948 3093 3000 minime
3130 2957 3328 3016 posset.
3365 2947 3560 3016 quippe
3593 2964 3714 3018 quae

2141 3034 2295 3100 aquis
2343 3049 2508 3104 super
2558 3037 2727 3106 ipsius
2778 3040 3114 3109 superficiem
3161 3041 3528 3095 innatantibus
3567 3050 3714 3094 esset

464 3132 493 3183 6
521 3131 642 3195 νοῦς
666 3129 1006 3202 όήμέτερος·
1038 3127 1099 3180 τὸ
1120 3127 1197 3189 δὲ,
1224 3127 1251 3179 ὂ
1276 3129 1342 3197 τῇ
1366 3127 1522 3195 φύσει
1549 3127 1740 3198 ὁρατὸν
1772 3127 2035 3199 ὑπάρχον,

2143 3125 2446 3181 submersa.
2486 3126 2732 3183 Nondum
2763 3132 2905 3184 enim
2937 3141 3094 3184 erant
3139 3147 3290 3202 aqua:
3340 3132 3391 3186 in
3437 3147 3562 3186 suas
3604 3141 3714 3187 sta-

465 3222 553 3274 διὰ
580 3220 675 3291 τὴν
712 3218 1093 3290 ὲπιπρόσθεσιν
1122 3216 1216 3269 τοῦ
1243 3215 1588 3286 ἐπικειμένου
1612 3217 1760 3289 αὐτῷ
1785 3216 2035 3288 σώματος

467 3313 892 3385 ἀποκρύπτεται,
930 3312 1004 3376 ὡς
1041 3314 1069 3364 6
1101 3315 1157 3365 ἐν
1183 3311 1260 3382 τῷ
1291 3310 1435 3381 βυθῷ
1463 3310 1694 3381 σίδηρος.
1733 3310 1868 3362 Καθ’
1891 3310 1918 3362 ὃ
1947 3326 2035 3380 ση-

471 3406 792 3475 μαινόμενον
817 3403 909 3457 νῦν
945 3403 1174 3473 ἀόρατον
1207 3400 1487 3472 ἡγούμεθα
1522 3399 1915 3472 προσειρῆσθαι
1935 3401 2034 3470 τὴν

468 3498 570 3568 γῆν
586 3495 994 3566 καλυπτομένην
1013 3495 1116 3547 ὑπὸ
1133 3494 1222 3547 τοῦ
1246 3493 1452 3556 ὓδατος.
1477 3493 1705 3545 Ἔπειτα
1725 3492 1924 3561 μέντοι,
1940 3493 2034 3545 καὶ

472 3589 636 3658 μήπω
679 3587 776 3644 τοῦ,
816 3587 990 3657 φωτὸς
1028 3585 1363 3658 γενηθέντος,
1421 3583 1571 3637 οὐδὲν
1608 3580 1674 3654 ἦν
1725 3583 2034 3650 θαυμαστὸν

467 3683 566 3752 τὴν
609 3683 664 3734 ὲν
701 3680 874 3750 σκότῳ
907 3680 1017 3751 (95)
1047 3678 1322 3749 κειμένην,
1358 3677 1446 3730 διὰ
1473 3676 1533 3728 τὺ
1570 3674 1869 3743 ἀςώτιστον
1903 3673 2039 3728 εἶναι

467 3774 558 3826 τὸν
599 3773 738 3844 ὑπὲρ
763 3772 930 3842 αὐτῆς
957 3771 1112 3841 ἀέρα,
1142 3771 1371 3840 ἀόρατον
1410 3768 1503 3822 καὶ
1530 3767 1668 3821 κατά
1703 3767 1859 3821 τοῦτο
1894 3768 2042 3841 παρά

468 3867 569 3934 τῆς
605 3867 824 3938 Γραφῆς
853 3862 1267 3936 προσειρῆσθαι.

2145 3216 2316 3270 tiones
2357 3231 2695 3289 congregata:
2735 3239 2749 3274 :
2799 3237 2934 3290 quas
2976 3233 3160 3291 postea
3213 3233 3527 3294 aggregatas
3575 3223 3715 3279 Deus

2145 3307 2310 3361 maria
2363 3311 2707 3379 nuncupavit.
2752 3311 3022 3368 [invisibile
3072 3315 3233 3378 igitur
3274 3316 3400 3385 quid
3447 3317 3568 3370 est?
3602 3316 3718 3370 Ali-

2143 3402 2356 3469 quando
2402 3404 2614 3471 quidem
2663 3404 2714 3458 id
2762 3407 2902 3472 quod
2943 3423 3007 3462 ex
3047 3421 3105 3460 se
3142 3407 3312 3462 oculis
3352 3409 3532 3462 carnis
3567 3409 3714 3462 cerui

2143 3507 2247 3544 non
2285 3502 2479 3560 potest,
2506 3493 2801 3561 cujusmodi
2836 3506 2919 3551 est
2955 3513 3105 3551 mens
3137 3510 3315 3552 nostra
3369 3518 3381 3552 :
3426 3498 3716 3568 aliquando

2145 3598 2274 3636 vero
2319 3585 2368 3637 id
2413 3587 2553 3653 quod
2608 3602 2672 3640 ex
2717 3598 2910 3642 natura
2962 3605 3057 3644 sua
3106 3600 3280 3659 potest
3324 3593 3578 3658 conspici,
3621 3592 3714 3644 sed

2147 3675 2513 3731 incumbentis
2541 3679 2590 3732 ei
2641 3680 2882 3748 corporis
2925 3681 3228 3734 occultatur
3268 3682 3568 3749 interiectu,
3605 3683 3718 3737 vel-

2149 3767 2223 3819 uti
2288 3764 2513 3831 ferrum,
2541 3769 2681 3837 quod
2718 3769 2767 3822 in
2803 3770 2910 3824 imo
2939 3775 3146 3842 gurgite
3172 3771 3332 3839 jacet.
3365 3767 3522 3823 Juxta
3555 3785 3716 3839 quam

2148 3860 2444 3924 notionem,
2478 3876 2618 3914 nunc
2660 3860 2984 3916 invisibilem
3031 3862 3276 3916 ducimus
3314 3872 3557 3916 vocatam
3599 3875 3719 3914 esse

474 3973 698 4024 terram,
731 3971 914 4029 utpote
955 3974 1074 4028 qua:
1115 3959 1182 4010 ab
1217 3958 1374 4027 aquis
1411 3955 1794 4011 occultaretur.
1839 3954 2039 4008 Deinde
2078 3969 2205 4009 vero
2267 3972 2388 4010 cum
2453 3957 2680 4010 necdum
2713 3968 2856 4011 esset
2894 3956 3031 4010 facta
3064 3957 3175 4020 lux,
3213 3957 3345 4011 nihil
3375 3966 3491 4010 erat
3522 3957 3642 4010 miri
3671 3955 3716 4010 si

476 4066 614 4110 terra
647 4055 698 4108 in
732 4053 964 4110 tenebris
994 4053 1115 4120 sita,
1148 4053 1290 4122 quod
1354 4067 1447 4106 aer
1514 4066 1676 4122 super
1737 4065 1857 4104 eam
1885 4067 1988 4104 non
2027 4050 2442 4118 illumiuaretur,
2488 4053 2554 4106 ob
2594 4053 2647 4108 id
2683 4053 2846 4108 etiam
2889 4069 2920 4107 a
2963 4053 3239 4124 Scriptura
3309 4051 3592 4108 invisibilis
3624 4066 3720 4120 ap-

476 4153 668 4224 peliala
701 4154 790 4206 Sil.

545 4246 598 4301 2.
654 4246 788 4301 Ἀλλ’
831 4247 879 4298 oi
926 4242 1349 4317 παραχαράκται
1382 4243 1480 4312 τῆς
1523 4242 1795 4312 ἀληθείας,
1828 4242 1875 4293 οἱ
1925 4240 2044 4310 οὐχὶ

474 4343 540 4409 τῇ
571 4339 752 4411 Γραφῇ
782 4339 874 4392 τὸν
897 4341 1102 4392 ἐαυτων
1130 4339 1252 4391 νοῦν
1279 4337 1588 4391 ἀκολουθεῖν
1619 4335 2043 4397 ἐκδιδάσκοντες,

474 4429 608 4482 ἀλλᾶ
639 4430 775 4500 πρὸς
797 4428 856 4482 τὸ
884 4432 1078 4482 οἰκεῖον
1105 4429 1350 4501 βούλημα
1378 4429 1474 4500 τὴν
1503 4429 1737 4482 διάνοιαν
1769 4425 1877 4478 τῶν
1914 4426 2047 4495 Γρα-

476 4521 591 4590 cath
629 4522 1064 4593 διαστρέφοντες,
1103 4523 1199 4593 τὴν
1242 4520 1373 4591 ὓλην
1409 4522 1540 4588 φασὶ.
1579 4520 1664 4573 διὰ
1698 4519 1805 4571 τῶν
1848 4516 2045 4582 λέξεων

475 4613 678 4666 τούτων
723 4613 1182 4686 παραδηλοῦσθαι.
1224 4613 1372 4683 Αὕτη
1405 4613 1545 4684 γὰρ,
1590 4613 1722 4682 φασὶ
1759 4612 1905 4682 (94),
1954 4613 2045 4665 καὶ

475 4705 705 4775 ἀόρατος
737 4708 801 4776 τῇ
833 4705 989 4775 φύσει
1034 4706 1127 4758 καὶ
1159 4704 1653 4768 ἀκατασκεύαστος,
1685 4705 1874 4768 ἄποιος
1911 4700 2046 4758 οὖσα

551 4911 662 4979 (86)
685 4908 864 4964 Codex
898 4925 1035 4963 unus
1071 4924 1192 4963 cum
1233 4907 1393 4964 editis
1436 4907 1764 4974 ἀνέργαστος
1803 4906 1897 4960 καὶ
1944 4906 2041 4958 ἀν-

479 4979 830 5052 απάρτιστος.
865 4981 967 5034 Alii
996 4996 1086 5033 sex
1113 4989 1324 5052 utss.’u_t
1354 4979 1402 5028 in
1432 4989 1707 5052 0_‘0ltlexlll.

552 5046 661 5122 (87)
693 5053 912 5120 Antiqui
967 5061 1091 5103 octo
1142 5050 1257 5122 libri
1286 5047 1676 5101 ἀκατάσκευον.
1725 5046 1866 5102 Editi
1919 5061 2042 5100 cum

477 5118 652 5176 Coisl.
686 5118 858 5190 primo
891 5118 1390 5190 ἀκατασκεύαστον.

555 5193 663 5263 (88)
689 5184 874 5247 Codex
904 5208 1040 5263 unus
1072 5194 1170 5246 ὅσα
1204 5189 1411 5261 μικρῶς
1443 5187 1558 5263 μετ’
1587 5185 1762 5263 ὀλίγον
1796 5184 2040 5263 ὕστερον.

482 5255 588 5317 Nec
619 5255 690 5318 ita
731 5265 896 5316 multo
938 5262 1072 5315 infra
1121 5255 1244 5314 oct'o
1295 5255 1843 5312 ιίιεε.’ἀκατάσκευον
1878 5255 2043 5324 αὐτὴν

479 5336 703 5398 εἰκότως
724 5335 751 5386 ὁ
781 5334 956 5400 λόγος.
985 5332 1116 5385 Εἀὶιί
1143 5329 1616 5400 ἀκατασκεύαστον
1647 5329 1816 5400 αὐτὴν
1842 5329 1869 5380 6
1897 5325 2052 5400 λόγος

480 5397 723 5468 εἰκότως.
750 5397 914 5460 Coisl.
947 5406 1154 5472 primus
1182 5398 1658 5454 ἀκατασκεύαστον
1691 5397 1859 5470 αὐτὴν
1903 5397 2049 5450 εἰκό-

479 5492 588 5535 τως
616 5493 664 5529 ο.

554 5546 666 5615 (89)
695 5545 919 5601 Codices
949 5541 1278 5615 septemAaiv
1301 5541 1448 5615 περί.
1483 5539 1618 5615 Editi
1650 5553 1771 5593 cum
1815 5552 1922 5591 uno
1957 5547 2052 5592 aut

484 5611 658 5671 altero
684 5633 811 5671 mss.
845 5615 940 5669 καὶ
975 5611 1124 5684 περί.
1155 5611 1262 5668 Vox
1295 5611 1445 5665 οὔπω
1478 5611 1636 5681 paulo
1684 5616 1806 5679 post
1860 5621 2048 5664 recens

486 5689 716 5741 accessit
744 5703 809 5740 ex
840 5701 934 5739 sex
974 5684 1270 5738 codicibus.

559 5758 669 5828 (90)
709 5756 930 5814 Veteres
962 5756 1199 5828 quinque
1224 5753 1345 5828 libri
1381 5751 1701 5828 ἆτεμήτξω.
1733 5749 1873 5828 Editi
1913 5765 2038 5806 cum

486 5821 661 5886 (ἔριδι.
679 5829 850 5898 primo
880 5821 1182 5898 ὃγεμήπω.
1216 5823 1366 5880 Alius
1400 5821 1745 5890 εούεὲδίῶσγε
1782 5822 1967 5892 μήπω.

2221 4237 2276 4291 2.
2307 4237 2374 4291 At
2409 4253 2537 4292 vero
2575 4236 2821 4291 veritatis
2849 4237 3238 4291 adulteratores
3271 4237 3360 4306 qui
3390 4253 3540 4290 suam
3571 4238 3719 4308 ipso-

2156 4346 2287 4384 rum-
2326 4341 2564 4385 meutem
2601 4331 2898 4398 Scripturae
2947 4330 3327 4398 obtemperare
3376 4343 3716 4398 nequaquam

2153 4425 2369 4487 docent,
2425 4426 2519 4477 sed
2567 4425 2632 4476 ad
2693 4422 2967 4493 propriam
3021 4422 3343 4475 sententiam
3395 4422 3719 4488 detorquent

2153 4515 2562 4585 Scripturarum
2602 4531 2843 4580 sensum,
2869 4514 3152 4568 materiam
3185 4513 3331 4565 hisce
3373 4512 3550 4565 verbis
3571 4511 3719 4564 aiunt

2082 4586 2122 4639 θ
2153 4608 2466 4679 significari.
2496 4606 2621 4661 I-la-c
2647 4605 2812 4669 enim,
2850 4605 3118 4674 inquiunt,
3168 4611 3251 4655 est
3279 4610 3330 4656 et
3355 4600 3641 4655 invisibilis
3664 4611 3720 4654 et

2155 4702 2510 4772 incomposita
2563 4708 2751 4768 suapte
2801 4705 2994 4750 natura
3035 4713 3049 4748 :
3101 4695 3298 4766 quippe
3342 4707 3464 4745 cum
3517 4706 3582 4744 ex
3623 4707 3718 4746 sua

2219 4903 2328 4974 (9|)
2371 4901 2682 4979 Ειιίιίούπω
2713 4904 2820 4974 γὰρ
2854 4902 3030 4979 αὑτά.-
3057 4901 3127 4954 At
3167 4915 3302 4979 mss.
3363 4899 3598 4979 quinque
3643 4897 3718 4950 uti

2149 4974 2200 5026 in
2226 4968 2502 5027 contextu.
2541 4975 2658 5026 Mox
2693 4968 2817 5028 mss.
2848 4986 2971 5027 ncto
3009 4972 3398 5026 ἀκατάσκευον.
3432 4968 3570 5021 Editi
3600 4983 3719 5022 eum

2147 5043 2310 5097 Coisl.
2349 5045 2520 5109 primo
2555 5045 3054 5098 άκατασκεύαστον.

2223 5107 2455 5182 (9‘2)Sic
2487 5115 2689 5182 antiqui
2734 5127 2935 5180 septem
2983 5112 3129 5167 libri.
3163 5110 3277 5165 Vox
3325 5107 3614 5182 ἄνθρωπος
3667 5110 3718 5158 in

2151 5177 2322 5305 stipis
2341 5177 2769 5238 desiderabatur.
2796 5177 2944 5239 Infra
2991 5184 3144 5238 Colb.
3186 5177 3454 5238 secundus
3489 5177 3719 5231 ἐκάλεσε

2186 5271 2218 5305 α
2257 5271 2445 5305 ασσας.

2186 5271 2445 5316 αΑασσας.

2238 5326 2346 5393 (95)
2380 5323 2520 5377 Ειιὶιὶ
2554 5332 2610 5377 ει
2657 5323 2763 5380 duo
2797 5341 2924 5380 mss.
2978 5326 3035 5378 ὲν
3058 5324 3265 5395 κόσμῳ,
3293 5321 3345 5375 in
3379 5321 3593 5395 mundo,
3629 5317 3723 5370 de-

2156 5407 2401 5467 pravate.
2429 5396 2524 5467 _At
2552 5395 2701 5464 llegii
2742 5397 2846 5467 duo
2893 5411 3019 5467 cunt
3044 5393 3195 5467 Colb.
3239 5393 3474 5467 secundo
3504 5400 3557 5442 et
3597 5403 3718 5441 cum

2156 5460 2317 5521 Coisi.
2347 5465 2528 5518 itidem
2549 5460 2798 5536 secundo
2843 5469 2899 5518 ἐν
2926 5465 3124 5536 σκότῳ,
3165 5466 3224 5515 in
3255 5460 3501 5536 tenebris,
3535 5474 3720 5536 einen-

2155 5537 2296 5590 date.
2323 5536 2504 5589 Codex
2521 5535 2762 5589 Combef.
2788 5546 2840 5589 et
2869 5537 2960 5589 alii
2985 5528 3088 5589 duo
3121 5549 3247 5587 mss.
3277 5533 3336 5584 ὲν
3377 5533 3578 5584 σκότει.
3608 5528 3719 5582 Nec

2153 5607 2226 5683 ita
2271 5606 2438 5659 multo
2480 5606 2887 5683 post__quin_que
2926 5621 3056 5683 mss.
3093 5619 3227 5683 cum
3279 5602 3513 5659 editione
3558 5598 3718 5654 Basil.

2152 5676 2529 5748 ddparovixat.
2558 5677 2731 5748 E_ditio
2765 5676 2938 5732 Paris.
2958 5676 3051 5728 καὶ
3083 5674 3334 5747 ἀόρατον.

2181 5819 2192 5830 _
2223 5731 2346 5818 ’(94)
2374 5747 2548 5870 ιὲιιίιιο
2580 5745 2744 5803 Basil.
2776 5763 2898 5803 cum
2935 5762 3028 5804 sex
3062 5731 3192 5803 mss.
3223 5743 3376 5816 φησί.
3421 5731 3598 5800 Edttio
3617 5737 3724 5793 Pa-

2181 5835 2245 5870 IS.
2287 5834 2395 5870 ωασ
2424 5856 2438 5870 ο

2151 5835 2245 5877 rts.
2287 5834 2455 5890 (pact...
