  <div class='ocr_page' id='page_1' title='image "/cluster/home/n/w/nwhite01/storage/ocr_20150623/29/hvd.32044011320256/449.png"; bbox 0 0 4082 6398; ppageno 0'>
   <div class='ocr_carea' id='block_1_1' title="bbox 425 314 3655 391">
    <p class='ocr_par' dir='ltr' id='par_1_1' title="bbox 425 314 3655 391">
     <span class='ocr_line' id='line_1_1' title="bbox 425 314 3655 391; baseline -0.006 -1"><span class='ocrx_word' id='word_1_1' title='bbox 425 333 486 391; x_wconf 68' lang='grc'>51</span> <span class='ocrx_word' id='word_1_2' title='bbox 1734 325 1793 381; x_wconf 93' lang='lat' dir='ltr'><strong>S.</strong></span> <span class='ocrx_word' id='word_1_3' title='bbox 1836 321 2077 378; x_wconf 77' lang='lat' dir='ltr'><strong>BASILII</strong></span> <span class='ocrx_word' id='word_1_4' title='bbox 2113 320 2326 379; x_wconf 79' lang='lat' dir='ltr'><strong>MAGNI</strong></span> <span class='ocrx_word' id='word_1_5' title='bbox 3582 314 3655 371; x_wconf 56' lang='lat' dir='ltr'><strong>Si</strong></span> 
     </span>
    </p>
   </div>
   <div class='ocr_carea' id='block_1_2' title="bbox 428 427 1994 519">
    <p class='ocr_par' dir='ltr' id='par_1_2' title="bbox 428 439 1987 519">
     <span class='ocr_line' id='line_1_2' title="bbox 428 439 1987 519; baseline -0.008 -15"><span class='ocrx_word' id='word_1_6' title='bbox 428 447 601 519; x_wconf 84' lang='lat' dir='ltr'><strong>ipsius</strong></span> <span class='ocrx_word' id='word_1_7' title='bbox 631 443 945 502; x_wconf 88' lang='lat' dir='ltr'><strong>conditione</strong></span> <span class='ocrx_word' id='word_1_8' title='bbox 979 452 1162 499; x_wconf 94' lang='lat' dir='ltr'><strong>careat</strong></span> <span class='ocrx_word' id='word_1_9' title='bbox 1202 456 1524 512; x_wconf 86' lang='lat' dir='ltr'><strong>quacunque</strong></span> <span class='ocrx_word' id='word_1_10' title='bbox 1560 439 1855 510; x_wconf 86' lang='lat' dir='ltr'><strong>qualitate,</strong></span> <span class='ocrx_word' id='word_1_11' title='bbox 1900 448 1987 493; x_wconf 87' lang='lat' dir='ltr'><strong>at—</strong></span> 
     </span>
    </p>
   </div>
   <div class='ocr_carea' id='block_1_3' title="bbox 2098 427 3650 519">
    <p class='ocr_par' dir='ltr' id='par_1_3' title="bbox 2098 427 3650 508">
     <span class='ocr_line' id='line_1_3' title="bbox 2098 427 3650 508; baseline -0.005 -18"><span class='ocrx_word' id='word_1_12' title='bbox 2098 435 2165 508; x_wconf 83' lang='grc' dir='ltr'>τῷ</span> <span class='ocrx_word' id='word_1_13' title='bbox 2197 436 2392 508; x_wconf 78' lang='grc' dir='ltr'>ἑαυτῆς</span> <span class='ocrx_word' id='word_1_14' title='bbox 2441 434 2603 507; x_wconf 87' lang='grc' dir='ltr'>λόγῳ,</span> <span class='ocrx_word' id='word_1_15' title='bbox 2648 435 2741 488; x_wconf 67' lang='grc' dir='ltr'>καὶ</span> <span class='ocrx_word' id='word_1_16' title='bbox 2786 430 2986 495; x_wconf 74' lang='grc' dir='ltr'>παντὸς</span> <span class='ocrx_word' id='word_1_17' title='bbox 3029 429 3203 492; x_wconf 72' lang='grc' dir='ltr'>εἴδους</span> <span class='ocrx_word' id='word_1_18' title='bbox 3242 427 3338 481; x_wconf 67' lang='grc' dir='ltr'>καὶ</span> <span class='ocrx_word' id='word_1_19' title='bbox 3378 430 3650 499; x_wconf 73' lang='grc' dir='ltr'>σχήματος</span> 
     </span>
    </p>
   </div>
   <div class='ocr_carea' id='block_1_4' title="bbox 430 536 1987 612">
    <p class='ocr_par' dir='ltr' id='par_1_4' title="bbox 430 536 1987 612">
     <span class='ocr_line' id='line_1_4' title="bbox 430 536 1987 612; baseline -0.006 -17"><span class='ocrx_word' id='word_1_20' title='bbox 430 556 536 612; x_wconf 76' lang='lat' dir='ltr'><strong>que</strong></span> <span class='ocrx_word' id='word_1_21' title='bbox 560 541 628 595; x_wconf 85' lang='lat' dir='ltr'><strong>ab</strong></span> <span class='ocrx_word' id='word_1_22' title='bbox 655 541 801 594; x_wconf 89' lang='lat' dir='ltr'><strong>omni</strong></span> <span class='ocrx_word' id='word_1_23' title='bbox 836 537 1008 592; x_wconf 80' lang='lat' dir='ltr'><strong>forma</strong></span> <span class='ocrx_word' id='word_1_24' title='bbox 1055 553 1118 592; x_wconf 90' lang='lat' dir='ltr'><strong>ac</strong></span> <span class='ocrx_word' id='word_1_25' title='bbox 1150 537 1319 599; x_wconf 76' lang='lat' dir='ltr'><strong>ﬁgura</strong></span> <span class='ocrx_word' id='word_1_26' title='bbox 1361 536 1433 590; x_wconf 87' lang='lat' dir='ltr'><strong>sit</strong></span> <span class='ocrx_word' id='word_1_27' title='bbox 1483 544 1774 605; x_wconf 86' lang='lat' dir='ltr'><strong>separata;</strong></span> <span class='ocrx_word' id='word_1_28' title='bbox 1825 546 1987 600; x_wconf 90' lang='lat' dir='ltr'><strong>quam</strong></span> 
     </span>
    </p>
   </div>
   <div class='ocr_carea' id='block_1_5' title="bbox 433 623 1989 701">
    <p class='ocr_par' dir='ltr' id='par_1_5' title="bbox 433 623 1989 701">
     <span class='ocr_line' id='line_1_5' title="bbox 433 623 1989 701; baseline -0.008 -12"><span class='ocrx_word' id='word_1_29' title='bbox 433 641 763 701; x_wconf 87' lang='lat' dir='ltr'><strong>assumptatn</strong></span> <span class='ocrx_word' id='word_1_30' title='bbox 796 646 894 700; x_wconf 90' lang='lat' dir='ltr'><strong>pro</strong></span> <span class='ocrx_word' id='word_1_31' title='bbox 929 645 1025 684; x_wconf 87' lang='lat' dir='ltr'><strong>sua</strong></span> <span class='ocrx_word' id='word_1_32' title='bbox 1051 629 1313 699; x_wconf 88' lang='lat' dir='ltr'><strong>sapientia</strong></span> <span class='ocrx_word' id='word_1_33' title='bbox 1358 626 1713 683; x_wconf 84' lang='lat' dir='ltr'><strong>conformavit</strong></span> <span class='ocrx_word' id='word_1_34' title='bbox 1751 623 1945 678; x_wconf 78' lang='lat' dir='ltr'><strong>artifex</strong></span> <span class='ocrx_word' id='word_1_35' title='bbox 1973 665 1989 689; x_wconf 92' lang='lat'><strong>,</strong></span> 
     </span>
    </p>
   </div>
   <div class='ocr_carea' id='block_1_6' title="bbox 434 716 1990 791">
    <p class='ocr_par' dir='ltr' id='par_1_6' title="bbox 434 716 1990 791">
     <span class='ocr_line' id='line_1_6' title="bbox 434 716 1990 791; baseline -0.007 -12"><span class='ocrx_word' id='word_1_36' title='bbox 434 734 489 780; x_wconf 91' lang='lat' dir='ltr'><strong>et</strong></span> <span class='ocrx_word' id='word_1_37' title='bbox 512 724 564 778; x_wconf 91' lang='lat' dir='ltr'><strong>in</strong></span> <span class='ocrx_word' id='word_1_38' title='bbox 586 724 829 777; x_wconf 87' lang='lat' dir='ltr'><strong>ordinem</strong></span> <span class='ocrx_word' id='word_1_39' title='bbox 854 722 1075 791; x_wconf 81' lang='lat' dir='ltr'><strong>redegit,</strong></span> <span class='ocrx_word' id='word_1_40' title='bbox 1101 728 1154 774; x_wconf 90' lang='lat' dir='ltr'><strong>et</strong></span> <span class='ocrx_word' id='word_1_41' title='bbox 1177 720 1245 772; x_wconf 85' lang='lat' dir='ltr'><strong>ita</strong></span> <span class='ocrx_word' id='word_1_42' title='bbox 1273 734 1369 787; x_wconf 89' lang='lat' dir='ltr'><strong>per</strong></span> <span class='ocrx_word' id='word_1_43' title='bbox 1399 719 1567 787; x_wconf 84' lang='lat' dir='ltr'><strong>ipsam</strong></span> <span class='ocrx_word' id='word_1_44' title='bbox 1593 731 1770 769; x_wconf 90' lang='lat' dir='ltr'><strong>rerum</strong></span> <span class='ocrx_word' id='word_1_45' title='bbox 1801 716 1990 769; x_wconf 80' lang='lat' dir='ltr'><strong>visibi-</strong></span> 
     </span>
    </p>
   </div>
   <div class='ocr_carea' id='block_1_7' title="bbox 436 804 1989 874">
    <p class='ocr_par' dir='ltr' id='par_1_7' title="bbox 436 804 1989 874">
     <span class='ocr_line' id='line_1_7' title="bbox 436 804 1989 874; baseline -0.006 -8"><span class='ocrx_word' id='word_1_46' title='bbox 436 812 565 867; x_wconf 87' lang='lat' dir='ltr'><strong>lium</strong></span> <span class='ocrx_word' id='word_1_47' title='bbox 605 813 866 868; x_wconf 83' lang='lat' dir='ltr'><strong>essentias</strong></span> <span class='ocrx_word' id='word_1_48' title='bbox 898 808 1191 863; x_wconf 90' lang='lat' dir='ltr'><strong>constituit.</strong></span> <span class='ocrx_word' id='word_1_49' title='bbox 1228 807 1375 872; x_wconf 81' lang='lat' dir='ltr'><strong>Quod</strong></span> <span class='ocrx_word' id='word_1_50' title='bbox 1408 805 1454 859; x_wconf 98' lang='lat' dir='ltr'><strong>si</strong></span> <span class='ocrx_word' id='word_1_51' title='bbox 1488 805 1720 874; x_wconf 88' lang='lat' dir='ltr'><strong>ingenita</strong></span> <span class='ocrx_word' id='word_1_52' title='bbox 1746 814 1824 858; x_wconf 84' lang='lat' dir='ltr'><strong>est</strong></span> <span class='ocrx_word' id='word_1_53' title='bbox 1855 804 1989 869; x_wconf 59' lang='lat' dir='ltr'><strong>haec,</strong></span> 
     </span>
    </p>
   </div>
   <div class='ocr_carea' id='block_1_8' title="bbox 438 895 1989 972">
    <p class='ocr_par' dir='ltr' id='par_1_8' title="bbox 438 895 1989 972">
     <span class='ocr_line' id='line_1_8' title="bbox 438 895 1989 972; baseline -0.004 -17"><span class='ocrx_word' id='word_1_54' title='bbox 438 904 667 972; x_wconf 88' lang='lat' dir='ltr'><strong>primum</strong></span> <span class='ocrx_word' id='word_1_55' title='bbox 686 902 897 971; x_wconf 86' lang='lat' dir='ltr'><strong>quidem</strong></span> <span class='ocrx_word' id='word_1_56' title='bbox 926 914 1022 969; x_wconf 89' lang='lat' dir='ltr'><strong>par</strong></span> <span class='ocrx_word' id='word_1_57' title='bbox 1049 899 1095 952; x_wconf 91' lang='lat' dir='ltr'><strong>ei</strong></span> <span class='ocrx_word' id='word_1_58' title='bbox 1120 914 1181 950; x_wconf 90' lang='lat' dir='ltr'><strong>ac</strong></span> <span class='ocrx_word' id='word_1_59' title='bbox 1206 899 1312 951; x_wconf 89' lang='lat' dir='ltr'><strong>Deo</strong></span> <span class='ocrx_word' id='word_1_60' title='bbox 1336 897 1507 950; x_wconf 88' lang='lat' dir='ltr'><strong>honor</strong></span> <span class='ocrx_word' id='word_1_61' title='bbox 1541 895 1851 949; x_wconf 88' lang='lat' dir='ltr'><strong>tribuendus</strong></span> <span class='ocrx_word' id='word_1_62' title='bbox 1877 905 1989 949; x_wconf 87' lang='lat' dir='ltr'><strong>est:</strong></span> 
     </span>
    </p>
   </div>
   <div class='ocr_carea' id='block_1_9' title="bbox 436 987 1994 1063">
    <p class='ocr_par' dir='ltr' id='par_1_9' title="bbox 436 987 1994 1063">
     <span class='ocr_line' id='line_1_9' title="bbox 436 987 1994 1063; baseline -0.004 -16"><span class='ocrx_word' id='word_1_63' title='bbox 436 993 869 1063; x_wconf 78' lang='lat' dir='ltr'><strong>quandoquidem</strong></span> <span class='ocrx_word' id='word_1_64' title='bbox 926 990 1114 1044; x_wconf 87' lang='lat' dir='ltr'><strong>eodem</strong></span> <span class='ocrx_word' id='word_1_65' title='bbox 1168 987 1507 1055; x_wconf 88' lang='lat' dir='ltr'><strong>antiquitatis</strong></span> <span class='ocrx_word' id='word_1_66' title='bbox 1578 987 1700 1054; x_wconf 90' lang='lat' dir='ltr'><strong>jure</strong></span> <span class='ocrx_word' id='word_1_67' title='bbox 1760 987 1994 1056; x_wconf 82' lang='lat' dir='ltr'><strong>dignabi—</strong></span> 
     </span>
    </p>
   </div>
   <div class='ocr_carea' id='block_1_10' title="bbox 441 1078 1992 1151">
    <p class='ocr_par' dir='ltr' id='par_1_10' title="bbox 441 1078 1992 1151">
     <span class='ocr_line' id='line_1_10' title="bbox 441 1078 1992 1151; baseline -0.007 -11"><span class='ocrx_word' id='word_1_68' title='bbox 441 1097 547 1141; x_wconf 88' lang='lat' dir='ltr'><strong>tur.</strong></span> <span class='ocrx_word' id='word_1_69' title='bbox 576 1084 692 1151; x_wconf 86' lang='lat' dir='ltr'><strong>Quo</strong></span> <span class='ocrx_word' id='word_1_70' title='bbox 723 1083 847 1150; x_wconf 91' lang='lat' dir='ltr'><strong>quid</strong></span> <span class='ocrx_word' id='word_1_71' title='bbox 876 1081 1045 1150; x_wconf 84' lang='lat' dir='ltr'><strong>magis</strong></span> <span class='ocrx_word' id='word_1_72' title='bbox 1076 1079 1297 1147; x_wconf 89' lang='lat' dir='ltr'><strong>impium</strong></span> <span class='ocrx_word' id='word_1_73' title='bbox 1326 1093 1445 1133; x_wconf 88' lang='lat' dir='ltr'><strong>esse</strong></span> <span class='ocrx_word' id='word_1_74' title='bbox 1472 1078 1685 1148; x_wconf 87' lang='lat' dir='ltr'><strong>possit?</strong></span> <span class='ocrx_word' id='word_1_75' title='bbox 1715 1080 1992 1132; x_wconf 82' lang='lat' dir='ltr'><strong>materiam</strong></span> 
     </span>
    </p>
   </div>
   <div class='ocr_carea' id='block_1_11' title="bbox 437 1169 1991 1241">
    <p class='ocr_par' dir='ltr' id='par_1_11' title="bbox 437 1169 1991 1241">
     <span class='ocr_line' id='line_1_11' title="bbox 437 1169 1991 1241; baseline -0.006 -11"><span class='ocrx_word' id='word_1_76' title='bbox 437 1175 641 1230; x_wconf 87' lang='lat' dir='ltr'><strong>scilicet</strong></span> <span class='ocrx_word' id='word_1_77' title='bbox 681 1172 955 1241; x_wconf 84' lang='lat' dir='ltr'><strong>qualitatis</strong></span> <span class='ocrx_word' id='word_1_78' title='bbox 991 1186 1055 1224; x_wconf 88' lang='lat' dir='ltr'><strong>ac</strong></span> <span class='ocrx_word' id='word_1_79' title='bbox 1102 1169 1284 1225; x_wconf 72' lang='lat' dir='ltr'><strong>forma:</strong></span> <span class='ocrx_word' id='word_1_80' title='bbox 1328 1180 1642 1239; x_wconf 67' lang='lat' dir='ltr'><strong>expertem,</strong></span> <span class='ocrx_word' id='word_1_81' title='bbox 1692 1179 1991 1223; x_wconf 78' lang='lat' dir='ltr'><strong>extremam</strong></span> 
     </span>
    </p>
   </div>
   <div class='ocr_carea' id='block_1_12' title="bbox 438 1258 1996 1332">
    <p class='ocr_par' dir='ltr' id='par_1_12' title="bbox 438 1258 1996 1332">
     <span class='ocr_line' id='line_1_12' title="bbox 438 1258 1996 1332; baseline -0.003 -15"><span class='ocrx_word' id='word_1_82' title='bbox 438 1264 605 1332; x_wconf 86' lang='lat' dir='ltr'><strong>ipsam</strong></span> <span class='ocrx_word' id='word_1_83' title='bbox 633 1261 1051 1325; x_wconf 80' lang='lat' dir='ltr'><strong>deformitatem,</strong></span> <span class='ocrx_word' id='word_1_84' title='bbox 1089 1258 1385 1313; x_wconf 67' lang='lat' dir='ltr'><strong>foeditatem</strong></span> <span class='ocrx_word' id='word_1_85' title='bbox 1424 1260 1592 1327; x_wconf 83' lang='lat' dir='ltr'><strong>ipsam</strong></span> <span class='ocrx_word' id='word_1_86' title='bbox 1635 1258 1798 1329; x_wconf 82' lang='lat' dir='ltr'><strong>ﬁgura</strong></span> <span class='ocrx_word' id='word_1_87' title='bbox 1833 1260 1996 1313; x_wconf 87' lang='lat' dir='ltr'><strong>desti-</strong></span> 
     </span>
    </p>
   </div>
   <div class='ocr_carea' id='block_1_13' title="bbox 439 1350 1991 1423">
    <p class='ocr_par' dir='ltr' id='par_1_13' title="bbox 439 1350 1991 1423">
     <span class='ocr_line' id='line_1_13' title="bbox 439 1350 1991 1423; baseline -0.004 -15"><span class='ocrx_word' id='word_1_88' title='bbox 439 1365 605 1408; x_wconf 89' lang='lat' dir='ltr'><strong>tutam</strong></span> <span class='ocrx_word' id='word_1_89' title='bbox 640 1353 795 1423; x_wconf 83' lang='lat' dir='ltr'><strong>(ipsis</strong></span> <span class='ocrx_word' id='word_1_90' title='bbox 823 1352 965 1406; x_wconf 90' lang='lat' dir='ltr'><strong>enim</strong></span> <span class='ocrx_word' id='word_1_91' title='bbox 999 1365 1187 1405; x_wconf 90' lang='lat' dir='ltr'><strong>eorum</strong></span> <span class='ocrx_word' id='word_1_92' title='bbox 1220 1361 1342 1404; x_wconf 91' lang='lat' dir='ltr'><strong>utor</strong></span> <span class='ocrx_word' id='word_1_93' title='bbox 1384 1350 1677 1420; x_wconf 84' lang='lat' dir='ltr'><strong>vocabulis)</strong></span> <span class='ocrx_word' id='word_1_94' title='bbox 1715 1352 1825 1420; x_wconf 89' lang='lat' dir='ltr'><strong>pari</strong></span> <span class='ocrx_word' id='word_1_95' title='bbox 1871 1366 1991 1403; x_wconf 91' lang='lat' dir='ltr'><strong>cum</strong></span> 
     </span>
    </p>
   </div>
   <div class='ocr_carea' id='block_1_14' title="bbox 435 1442 1993 1515">
    <p class='ocr_par' dir='ltr' id='par_1_14' title="bbox 435 1442 1993 1515">
     <span class='ocr_line' id='line_1_14' title="bbox 435 1442 1993 1515; baseline -0.003 -15"><span class='ocrx_word' id='word_1_96' title='bbox 435 1446 660 1515; x_wconf 84' lang='lat' dir='ltr'><strong>sapienti</strong></span> <span class='ocrx_word' id='word_1_97' title='bbox 684 1454 735 1499; x_wconf 90' lang='lat' dir='ltr'><strong>et</strong></span> <span class='ocrx_word' id='word_1_98' title='bbox 769 1454 981 1512; x_wconf 79' lang='lat' dir='ltr'><strong>potente</strong></span> <span class='ocrx_word' id='word_1_99' title='bbox 1017 1459 1080 1497; x_wconf 85' lang='lat' dir='ltr'><strong>ac</strong></span> <span class='ocrx_word' id='word_1_100' title='bbox 1118 1442 1439 1512; x_wconf 89' lang='lat' dir='ltr'><strong>perpulcbro</strong></span> <span class='ocrx_word' id='word_1_101' title='bbox 1467 1444 1657 1512; x_wconf 75' lang='lat' dir='ltr'><strong>opiﬁce</strong></span> <span class='ocrx_word' id='word_1_102' title='bbox 1680 1458 1741 1496; x_wconf 90' lang='lat' dir='ltr'><strong>ac</strong></span> <span class='ocrx_word' id='word_1_103' title='bbox 1779 1444 1993 1497; x_wconf 78' lang='lat' dir='ltr'><strong>univer-</strong></span> 
     </span>
    </p>
   </div>
   <div class='ocr_carea' id='block_1_15' title="bbox 438 1534 1993 1606">
    <p class='ocr_par' dir='ltr' id='par_1_15' title="bbox 438 1534 1993 1606">
     <span class='ocr_line' id='line_1_15' title="bbox 438 1534 1993 1606; baseline -0.003 -14"><span class='ocrx_word' id='word_1_104' title='bbox 438 1553 618 1592; x_wconf 87' lang='lat' dir='ltr'><strong>sorum</strong></span> <span class='ocrx_word' id='word_1_105' title='bbox 654 1538 932 1591; x_wconf 86' lang='lat' dir='ltr'><strong>conditore</strong></span> <span class='ocrx_word' id='word_1_106' title='bbox 967 1537 1317 1606; x_wconf 62' lang='lat' dir='ltr'><strong>praerogativa</strong></span> <span class='ocrx_word' id='word_1_107' title='bbox 1352 1549 1414 1588; x_wconf 85' lang='lat' dir='ltr'><strong>ac</strong></span> <span class='ocrx_word' id='word_1_108' title='bbox 1454 1534 1711 1602; x_wconf 82' lang='lat' dir='ltr'><strong>dignitate</strong></span> <span class='ocrx_word' id='word_1_109' title='bbox 1756 1536 1993 1589; x_wconf 82' lang='lat' dir='ltr'><strong>cohone-</strong></span> 
     </span>
    </p>
   </div>
   <div class='ocr_carea' id='block_1_16' title="bbox 435 1627 1991 1697">
    <p class='ocr_par' dir='ltr' id='par_1_16' title="bbox 435 1627 1991 1697">
     <span class='ocr_line' id='line_1_16' title="bbox 435 1627 1991 1697; baseline -0.003 -15"><span class='ocrx_word' id='word_1_110' title='bbox 435 1629 615 1683; x_wconf 85' lang='lat' dir='ltr'><strong>stari?</strong></span> <span class='ocrx_word' id='word_1_111' title='bbox 646 1630 843 1682; x_wconf 78' lang='lat' dir='ltr'><strong>Deinde</strong></span> <span class='ocrx_word' id='word_1_112' title='bbox 877 1628 1091 1697; x_wconf 90' lang='lat' dir='ltr'><strong>quidem</strong></span> <span class='ocrx_word' id='word_1_113' title='bbox 1125 1628 1167 1679; x_wconf 88' lang='lat' dir='ltr'><strong>si</strong></span> <span class='ocrx_word' id='word_1_114' title='bbox 1194 1636 1337 1678; x_wconf 90' lang='lat' dir='ltr'><strong>tanta</strong></span> <span class='ocrx_word' id='word_1_115' title='bbox 1365 1636 1446 1679; x_wconf 86' lang='lat' dir='ltr'><strong>est</strong></span> <span class='ocrx_word' id='word_1_116' title='bbox 1480 1627 1698 1679; x_wconf 87' lang='lat' dir='ltr'><strong>materia</strong></span> <span class='ocrx_word' id='word_1_117' title='bbox 1736 1636 1793 1679; x_wconf 90' lang='lat' dir='ltr'><strong>ut</strong></span> <span class='ocrx_word' id='word_1_118' title='bbox 1828 1638 1991 1682; x_wconf 85' lang='lat' dir='ltr'><strong>totam</strong></span> 
     </span>
    </p>
   </div>
   <div class='ocr_carea' id='block_1_17' title="bbox 439 1717 1990 1788">
    <p class='ocr_par' dir='ltr' id='par_1_17' title="bbox 439 1717 1990 1788">
     <span class='ocr_line' id='line_1_17' title="bbox 439 1717 1990 1788; baseline -0.004 -13"><span class='ocrx_word' id='word_1_119' title='bbox 439 1720 533 1775; x_wconf 90' lang='lat' dir='ltr'><strong>Dei</strong></span> <span class='ocrx_word' id='word_1_120' title='bbox 564 1720 822 1788; x_wconf 88' lang='lat' dir='ltr'><strong>suscipiat</strong></span> <span class='ocrx_word' id='word_1_121' title='bbox 847 1719 1124 1773; x_wconf 87' lang='lat' dir='ltr'><strong>scientiam</strong></span> <span class='ocrx_word' id='word_1_122' title='bbox 1151 1735 1164 1783; x_wconf 93' lang='lat'><strong>;</strong></span> <span class='ocrx_word' id='word_1_123' title='bbox 1196 1724 1249 1770; x_wconf 84' lang='lat' dir='ltr'><strong>et</strong></span> <span class='ocrx_word' id='word_1_124' title='bbox 1275 1717 1353 1771; x_wconf 89' lang='lat' dir='ltr'><strong>sic</strong></span> <span class='ocrx_word' id='word_1_125' title='bbox 1381 1717 1563 1785; x_wconf 87' lang='lat' dir='ltr'><strong>aliquo</strong></span> <span class='ocrx_word' id='word_1_126' title='bbox 1589 1728 1742 1786; x_wconf 86' lang='lat' dir='ltr'><strong>pacto</strong></span> <span class='ocrx_word' id='word_1_127' title='bbox 1766 1718 1864 1786; x_wconf 89' lang='lat' dir='ltr'><strong>ipsi</strong></span> <span class='ocrx_word' id='word_1_128' title='bbox 1898 1718 1990 1773; x_wconf 88' lang='lat' dir='ltr'><strong>Dei</strong></span> 
     </span>
    </p>
   </div>
   <div class='ocr_carea' id='block_1_18' title="bbox 437 1808 1992 1883">
    <p class='ocr_par' dir='ltr' id='par_1_18' title="bbox 437 1808 1992 1883">
     <span class='ocr_line' id='line_1_18' title="bbox 437 1808 1992 1883; baseline -0.003 -16"><span class='ocrx_word' id='word_1_129' title='bbox 437 1813 712 1883; x_wconf 67' lang='lat' dir='ltr'><strong>potentiae,</strong></span> <span class='ocrx_word' id='word_1_130' title='bbox 743 1827 860 1880; x_wconf 69' lang='lat' dir='ltr'><strong>qua:</strong></span> <span class='ocrx_word' id='word_1_131' title='bbox 885 1810 1192 1879; x_wconf 81' lang='lat' dir='ltr'><strong>investigari</strong></span> <span class='ocrx_word' id='word_1_132' title='bbox 1227 1808 1432 1877; x_wconf 84' lang='lat' dir='ltr'><strong>nequit,</strong></span> <span class='ocrx_word' id='word_1_133' title='bbox 1468 1809 1821 1862; x_wconf 84' lang='lat' dir='ltr'><strong>substantiam</strong></span> <span class='ocrx_word' id='word_1_134' title='bbox 1853 1810 1992 1863; x_wconf 90' lang='lat' dir='ltr'><strong>illitts</strong></span> 
     </span>
    </p>
   </div>
   <div class='ocr_carea' id='block_1_19' title="bbox 436 1900 1992 1974">
    <p class='ocr_par' dir='ltr' id='par_1_19' title="bbox 436 1900 1992 1974">
     <span class='ocr_line' id='line_1_19' title="bbox 436 1900 1992 1974; baseline -0.002 -16"><span class='ocrx_word' id='word_1_135' title='bbox 436 1905 790 1974; x_wconf 75' lang='lat' dir='ltr'><strong>azquiparant,</strong></span> <span class='ocrx_word' id='word_1_136' title='bbox 822 1918 943 1957; x_wconf 88' lang='lat' dir='ltr'><strong>cum</strong></span> <span class='ocrx_word' id='word_1_137' title='bbox 971 1916 1183 1955; x_wconf 89' lang='lat' dir='ltr'><strong>omnem</strong></span> <span class='ocrx_word' id='word_1_138' title='bbox 1217 1901 1306 1955; x_wconf 88' lang='lat' dir='ltr'><strong>Dei</strong></span> <span class='ocrx_word' id='word_1_139' title='bbox 1346 1900 1749 1968; x_wconf 82' lang='lat' dir='ltr'><strong>intelligentiam</strong></span> <span class='ocrx_word' id='word_1_140' title='bbox 1782 1915 1880 1968; x_wconf 90' lang='lat' dir='ltr'><strong>per</strong></span> <span class='ocrx_word' id='word_1_141' title='bbox 1908 1917 1992 1955; x_wconf 86' lang='lat' dir='ltr'><strong>se-</strong></span> 
     </span>
    </p>
   </div>
   <div class='ocr_carea' id='block_1_20' title="bbox 438 1992 1986 2065">
    <p class='ocr_par' dir='ltr' id='par_1_20' title="bbox 438 1992 1986 2065">
     <span class='ocr_line' id='line_1_20' title="bbox 438 1992 1986 2065; baseline -0.002 -17"><span class='ocrx_word' id='word_1_142' title='bbox 438 1996 605 2065; x_wconf 84' lang='lat' dir='ltr'><strong>ipsam</strong></span> <span class='ocrx_word' id='word_1_143' title='bbox 645 1995 856 2049; x_wconf 83' lang='lat' dir='ltr'><strong>abunde</strong></span> <span class='ocrx_word' id='word_1_144' title='bbox 884 1994 1049 2062; x_wconf 88' lang='lat' dir='ltr'><strong>possit</strong></span> <span class='ocrx_word' id='word_1_145' title='bbox 1080 1992 1311 2047; x_wconf 80' lang='lat' dir='ltr'><strong>dimetiri</strong></span> <span class='ocrx_word' id='word_1_146' title='bbox 1344 2010 1356 2045; x_wconf 91' lang='lat'><strong>:</strong></span> <span class='ocrx_word' id='word_1_147' title='bbox 1384 1993 1427 2046; x_wconf 91' lang='lat' dir='ltr'><strong>si</strong></span> <span class='ocrx_word' id='word_1_148' title='bbox 1458 2008 1581 2045; x_wconf 90' lang='lat' dir='ltr'><strong>vero</strong></span> <span class='ocrx_word' id='word_1_149' title='bbox 1613 1993 1837 2045; x_wconf 81' lang='lat' dir='ltr'><strong>materia</strong></span> <span class='ocrx_word' id='word_1_150' title='bbox 1868 2007 1986 2061; x_wconf 80' lang='lat' dir='ltr'><strong>Ope-</strong></span> 
     </span>
    </p>
   </div>
   <div class='ocr_carea' id='block_1_21' title="bbox 440 2083 1995 2144">
    <p class='ocr_par' dir='ltr' id='par_1_21' title="bbox 440 2083 1995 2144">
     <span class='ocr_line' id='line_1_21' title="bbox 440 2083 1995 2144; baseline -0.002 -5"><span class='ocrx_word' id='word_1_151' title='bbox 440 2087 649 2139; x_wconf 87' lang='lat' dir='ltr'><strong>ratione</strong></span> <span class='ocrx_word' id='word_1_152' title='bbox 684 2084 771 2139; x_wconf 89' lang='lat' dir='ltr'><strong>Dei</strong></span> <span class='ocrx_word' id='word_1_153' title='bbox 806 2084 1029 2138; x_wconf 75' lang='lat' dir='ltr'><strong>inferior</strong></span> <span class='ocrx_word' id='word_1_154' title='bbox 1057 2092 1160 2144; x_wconf 87' lang='lat' dir='ltr'><strong>est.</strong></span> <span class='ocrx_word' id='word_1_155' title='bbox 1191 2084 1269 2137; x_wconf 91' lang='lat' dir='ltr'><strong>sic</strong></span> <span class='ocrx_word' id='word_1_156' title='bbox 1298 2084 1464 2137; x_wconf 90' lang='lat' dir='ltr'><strong>etiam</strong></span> <span class='ocrx_word' id='word_1_157' title='bbox 1508 2083 1619 2138; x_wconf 59' lang='lat' dir='ltr'><strong>haec</strong></span> <span class='ocrx_word' id='word_1_158' title='bbox 1646 2083 1726 2136; x_wconf 89' lang='lat' dir='ltr'><strong>eis</strong></span> <span class='ocrx_word' id='word_1_159' title='bbox 1756 2083 1915 2136; x_wconf 87' lang='lat' dir='ltr'><strong>verba</strong></span> <span class='ocrx_word' id='word_1_160' title='bbox 1944 2085 1995 2136; x_wconf 92' lang='lat' dir='ltr'><strong>itt</strong></span> 
     </span>
    </p>
   </div>
   <div class='ocr_carea' id='block_1_22' title="bbox 438 2173 1995 2243">
    <p class='ocr_par' dir='ltr' id='par_1_22' title="bbox 438 2173 1995 2243">
     <span class='ocr_line' id='line_1_22' title="bbox 438 2173 1995 2243; baseline -0.002 -13"><span class='ocrx_word' id='word_1_161' title='bbox 438 2176 723 2231; x_wconf 85' lang='lat' dir='ltr'><strong>absurdius</strong></span> <span class='ocrx_word' id='word_1_162' title='bbox 754 2175 1055 2230; x_wconf 85' lang='lat' dir='ltr'><strong>convicium</strong></span> <span class='ocrx_word' id='word_1_163' title='bbox 1089 2184 1387 2233; x_wconf 85' lang='lat' dir='ltr'><strong>vertentur,</strong></span> <span class='ocrx_word' id='word_1_164' title='bbox 1430 2173 1627 2243; x_wconf 86' lang='lat' dir='ltr'><strong>quippe</strong></span> <span class='ocrx_word' id='word_1_165' title='bbox 1650 2174 1740 2243; x_wconf 90' lang='lat' dir='ltr'><strong>qui</strong></span> <span class='ocrx_word' id='word_1_166' title='bbox 1769 2174 1931 2226; x_wconf 90' lang='lat' dir='ltr'><strong>Deum</strong></span> <span class='ocrx_word' id='word_1_167' title='bbox 1965 2188 1995 2227; x_wconf 91' lang='lat' dir='ltr'><strong>a</strong></span> 
     </span>
    </p>
   </div>
   <div class='ocr_carea' id='block_1_23' title="bbox 438 2265 1997 2339">
    <p class='ocr_par' dir='ltr' id='par_1_23' title="bbox 438 2265 1997 2339">
     <span class='ocr_line' id='line_1_23' title="bbox 438 2265 1997 2339; baseline -0.004 -16"><span class='ocrx_word' id='word_1_168' title='bbox 438 2269 779 2339; x_wconf 88' lang='lat' dir='ltr'><strong>perﬁciendis</strong></span> <span class='ocrx_word' id='word_1_169' title='bbox 819 2279 873 2321; x_wconf 90' lang='lat' dir='ltr'><strong>et</strong></span> <span class='ocrx_word' id='word_1_170' title='bbox 919 2266 1259 2322; x_wconf 86' lang='lat' dir='ltr'><strong>absolvendis</strong></span> <span class='ocrx_word' id='word_1_171' title='bbox 1306 2267 1419 2321; x_wconf 86' lang='lat' dir='ltr'><strong>suis</strong></span> <span class='ocrx_word' id='word_1_172' title='bbox 1467 2265 1722 2333; x_wconf 87' lang='lat' dir='ltr'><strong>operibus</strong></span> <span class='ocrx_word' id='word_1_173' title='bbox 1778 2277 1997 2334; x_wconf 70' lang='lat' dir='ltr'><strong>propter</strong></span> 
     </span>
    </p>
   </div>
   <div class='ocr_carea' id='block_1_24' title="bbox 440 2354 1997 2422">
    <p class='ocr_par' dir='ltr' id='par_1_24' title="bbox 440 2354 1997 2422">
     <span class='ocr_line' id='line_1_24' title="bbox 440 2354 1997 2422; baseline -0.002 -10"><span class='ocrx_word' id='word_1_174' title='bbox 440 2358 677 2412; x_wconf 71' lang='lat' dir='ltr'><strong>ntaterire</strong></span> <span class='ocrx_word' id='word_1_175' title='bbox 717 2357 984 2412; x_wconf 80' lang='lat' dir='ltr'><strong>defectum</strong></span> <span class='ocrx_word' id='word_1_176' title='bbox 1018 2356 1329 2411; x_wconf 85' lang='lat' dir='ltr'><strong>abarceant.</strong></span> <span class='ocrx_word' id='word_1_177' title='bbox 1378 2355 1576 2409; x_wconf 78' lang='lat' dir='ltr'><strong>Verum</strong></span> <span class='ocrx_word' id='word_1_178' title='bbox 1628 2354 1746 2409; x_wconf 93' lang='lat' dir='ltr'><strong>illos</strong></span> <span class='ocrx_word' id='word_1_179' title='bbox 1787 2355 1997 2422; x_wconf 88' lang='lat' dir='ltr'><strong>decepit</strong></span> 
     </span>
    </p>
   </div>
   <div class='ocr_carea' id='block_1_25' title="bbox 434 2445 1998 2515">
    <p class='ocr_par' dir='ltr' id='par_1_25' title="bbox 434 2445 1998 2515">
     <span class='ocr_line' id='line_1_25' title="bbox 434 2445 1998 2515; baseline -0.003 -11"><span class='ocrx_word' id='word_1_180' title='bbox 434 2448 682 2505; x_wconf 63' lang='lat' dir='ltr'><strong>humana?</strong></span> <span class='ocrx_word' id='word_1_181' title='bbox 718 2456 923 2501; x_wconf 66' lang='lat' dir='ltr'><strong>natura:</strong></span> <span class='ocrx_word' id='word_1_182' title='bbox 961 2446 1162 2515; x_wconf 88' lang='lat' dir='ltr'><strong>in0pia.</strong></span> <span class='ocrx_word' id='word_1_183' title='bbox 1207 2446 1273 2500; x_wconf 83' lang='lat' dir='ltr'><strong>Et</strong></span> <span class='ocrx_word' id='word_1_184' title='bbox 1318 2447 1569 2515; x_wconf 88' lang='lat' dir='ltr'><strong>quoniam</strong></span> <span class='ocrx_word' id='word_1_185' title='bbox 1610 2462 1701 2500; x_wconf 86' lang='lat' dir='ltr'><strong>ars</strong></span> <span class='ocrx_word' id='word_1_186' title='bbox 1746 2445 1998 2515; x_wconf 54' lang='lat' dir='ltr'><strong>quaelibet</strong></span> 
     </span>
    </p>
   </div>
   <div class='ocr_carea' id='block_1_26' title="bbox 436 2538 1995 2611">
    <p class='ocr_par' dir='ltr' id='par_1_26' title="bbox 436 2538 1995 2611">
     <span class='ocr_line' id='line_1_26' title="bbox 436 2538 1995 2611; baseline -0.002 -17"><span class='ocrx_word' id='word_1_187' title='bbox 436 2543 575 2611; x_wconf 88' lang='lat' dir='ltr'><strong>apud</strong></span> <span class='ocrx_word' id='word_1_188' title='bbox 600 2556 698 2595; x_wconf 92' lang='lat' dir='ltr'><strong>nos</strong></span> <span class='ocrx_word' id='word_1_189' title='bbox 719 2542 863 2595; x_wconf 88' lang='lat' dir='ltr'><strong>circa</strong></span> <span class='ocrx_word' id='word_1_190' title='bbox 895 2540 1129 2609; x_wconf 86' lang='lat' dir='ltr'><strong>aliquam</strong></span> <span class='ocrx_word' id='word_1_191' title='bbox 1162 2538 1442 2593; x_wconf 87' lang='lat' dir='ltr'><strong>materiam</strong></span> <span class='ocrx_word' id='word_1_192' title='bbox 1484 2538 1777 2608; x_wconf 88' lang='lat' dir='ltr'><strong>separatim</strong></span> <span class='ocrx_word' id='word_1_193' title='bbox 1809 2553 1995 2593; x_wconf 87' lang='lat' dir='ltr'><strong>versa—</strong></span> 
     </span>
    </p>
   </div>
   <div class='ocr_carea' id='block_1_27' title="bbox 438 2629 1996 2699">
    <p class='ocr_par' dir='ltr' id='par_1_27' title="bbox 438 2629 1996 2699">
     <span class='ocr_line' id='line_1_27' title="bbox 438 2629 1996 2699; baseline -0.001 -14"><span class='ocrx_word' id='word_1_194' title='bbox 438 2640 546 2697; x_wconf 90' lang='lat' dir='ltr'><strong>tur,</strong></span> <span class='ocrx_word' id='word_1_195' title='bbox 575 2630 722 2685; x_wconf 89' lang='lat' dir='ltr'><strong>velut</strong></span> <span class='ocrx_word' id='word_1_196' title='bbox 756 2645 848 2683; x_wconf 90' lang='lat' dir='ltr'><strong>ars</strong></span> <span class='ocrx_word' id='word_1_197' title='bbox 884 2629 1108 2683; x_wconf 87' lang='lat' dir='ltr'><strong>l&#39;erraria</strong></span> <span class='ocrx_word' id='word_1_198' title='bbox 1138 2630 1284 2682; x_wconf 88' lang='lat' dir='ltr'><strong>circa</strong></span> <span class='ocrx_word' id='word_1_199' title='bbox 1310 2629 1508 2689; x_wconf 80' lang='lat' dir='ltr'><strong>ferrum</strong></span> <span class='ocrx_word' id='word_1_200' title='bbox 1530 2669 1546 2693; x_wconf 92' lang='lat'><strong>,</strong></span> <span class='ocrx_word' id='word_1_201' title='bbox 1591 2629 1815 2699; x_wconf 87' lang='lat' dir='ltr'><strong>liguaria</strong></span> <span class='ocrx_word' id='word_1_202' title='bbox 1866 2645 1996 2684; x_wconf 84' lang='lat' dir='ltr'><strong>vero</strong></span> 
     </span>
    </p>
   </div>
   <div class='ocr_carea' id='block_1_28' title="bbox 435 2717 1994 2788">
    <p class='ocr_par' dir='ltr' id='par_1_28' title="bbox 435 2717 1994 2788">
     <span class='ocr_line' id='line_1_28' title="bbox 435 2717 1994 2788; baseline -0.003 -13"><span class='ocrx_word' id='word_1_203' title='bbox 435 2722 580 2777; x_wconf 87' lang='lat' dir='ltr'><strong>circa</strong></span> <span class='ocrx_word' id='word_1_204' title='bbox 613 2721 751 2788; x_wconf 77' lang='lat' dir='ltr'><strong>ligna</strong></span> <span class='ocrx_word' id='word_1_205' title='bbox 786 2738 800 2786; x_wconf 92' lang='lat'><strong>;</strong></span> <span class='ocrx_word' id='word_1_206' title='bbox 841 2730 999 2788; x_wconf 87' lang='lat' dir='ltr'><strong>atque</strong></span> <span class='ocrx_word' id='word_1_207' title='bbox 1028 2720 1078 2772; x_wconf 91' lang='lat' dir='ltr'><strong>in</strong></span> <span class='ocrx_word' id='word_1_208' title='bbox 1107 2720 1192 2773; x_wconf 90' lang='lat' dir='ltr'><strong>Itis</strong></span> <span class='ocrx_word' id='word_1_209' title='bbox 1219 2718 1362 2771; x_wconf 91' lang='lat' dir='ltr'><strong>aliud</strong></span> <span class='ocrx_word' id='word_1_210' title='bbox 1389 2725 1471 2770; x_wconf 85' lang='lat' dir='ltr'><strong>est</strong></span> <span class='ocrx_word' id='word_1_211' title='bbox 1496 2717 1824 2786; x_wconf 85' lang='lat' dir='ltr'><strong>subjectum,</strong></span> <span class='ocrx_word' id='word_1_212' title='bbox 1852 2719 1994 2771; x_wconf 79' lang='lat' dir='ltr'><strong>aliud</strong></span> 
     </span>
    </p>
   </div>
   <div class='ocr_carea' id='block_1_29' title="bbox 436 2809 1993 2880">
    <p class='ocr_par' dir='ltr' id='par_1_29' title="bbox 436 2809 1993 2880">
     <span class='ocr_line' id='line_1_29' title="bbox 436 2809 1993 2880; baseline -0.002 -14"><span class='ocrx_word' id='word_1_213' title='bbox 436 2812 628 2872; x_wconf 79' lang='lat' dir='ltr'><strong>forma.</strong></span> <span class='ocrx_word' id='word_1_214' title='bbox 654 2812 797 2865; x_wconf 88' lang='lat' dir='ltr'><strong>aliud</strong></span> <span class='ocrx_word' id='word_1_215' title='bbox 832 2812 881 2863; x_wconf 90' lang='lat' dir='ltr'><strong>id</strong></span> <span class='ocrx_word' id='word_1_216' title='bbox 912 2811 1140 2880; x_wconf 82' lang='lat' dir='ltr'><strong>quodex</strong></span> <span class='ocrx_word' id='word_1_217' title='bbox 1190 2809 1356 2863; x_wconf 82' lang='lat' dir='ltr'><strong>forma</strong></span> <span class='ocrx_word' id='word_1_218' title='bbox 1388 2809 1671 2863; x_wconf 78' lang='lat' dir='ltr'><strong>coniicitur</strong></span> <span class='ocrx_word' id='word_1_219' title='bbox 1713 2826 1728 2863; x_wconf 88' lang='lat'><strong>:</strong></span> <span class='ocrx_word' id='word_1_220' title='bbox 1765 2819 1819 2863; x_wconf 88' lang='lat' dir='ltr'><strong>et</strong></span> <span class='ocrx_word' id='word_1_221' title='bbox 1870 2813 1993 2879; x_wconf 85' lang='lat' dir='ltr'><strong>quia</strong></span> 
     </span>
    </p>
   </div>
   <div class='ocr_carea' id='block_1_30' title="bbox 436 2900 1997 2969">
    <p class='ocr_par' dir='ltr' id='par_1_30' title="bbox 436 2900 1997 2969">
     <span class='ocr_line' id='line_1_30' title="bbox 436 2900 1997 2969; baseline -0.001 -13"><span class='ocrx_word' id='word_1_222' title='bbox 436 2902 660 2956; x_wconf 88' lang='lat' dir='ltr'><strong>materia</strong></span> <span class='ocrx_word' id='word_1_223' title='bbox 694 2901 906 2969; x_wconf 89' lang='lat' dir='ltr'><strong>quidem</strong></span> <span class='ocrx_word' id='word_1_224' title='bbox 961 2900 1261 2956; x_wconf 81' lang='lat' dir='ltr'><strong>forinseCtts</strong></span> <span class='ocrx_word' id='word_1_225' title='bbox 1291 2902 1603 2965; x_wconf 73' lang='lat' dir='ltr'><strong>assumitur,</strong></span> <span class='ocrx_word' id='word_1_226' title='bbox 1634 2902 1702 2953; x_wconf 90' lang='lat' dir='ltr'><strong>ab</strong></span> <span class='ocrx_word' id='word_1_227' title='bbox 1724 2912 1842 2953; x_wconf 85' lang='lat' dir='ltr'><strong>arte</strong></span> <span class='ocrx_word' id='word_1_228' title='bbox 1869 2916 1997 2954; x_wconf 84' lang='lat' dir='ltr'><strong>vero</strong></span> 
     </span>
    </p>
   </div>
   <div class='ocr_carea' id='block_1_31' title="bbox 436 2989 1995 3061">
    <p class='ocr_par' dir='ltr' id='par_1_31' title="bbox 436 2989 1995 3061">
     <span class='ocr_line' id='line_1_31' title="bbox 436 2989 1995 3061; baseline -0.003 -15"><span class='ocrx_word' id='word_1_229' title='bbox 436 3003 656 3061; x_wconf 88' lang='lat' dir='ltr'><strong>aptatur</strong></span> <span class='ocrx_word' id='word_1_230' title='bbox 687 2992 884 3052; x_wconf 80' lang='lat' dir='ltr'><strong>forma,</strong></span> <span class='ocrx_word' id='word_1_231' title='bbox 919 2990 1140 3044; x_wconf 69' lang='lat' dir='ltr'><strong>effectus</strong></span> <span class='ocrx_word' id='word_1_232' title='bbox 1174 3002 1351 3043; x_wconf 89' lang='lat' dir='ltr'><strong>autem</strong></span> <span class='ocrx_word' id='word_1_233' title='bbox 1398 3006 1463 3043; x_wconf 81' lang='lat' dir='ltr'><strong>ex</strong></span> <span class='ocrx_word' id='word_1_234' title='bbox 1494 2989 1754 3058; x_wconf 74' lang='lat' dir='ltr'><strong>Utrisque,</strong></span> <span class='ocrx_word' id='word_1_235' title='bbox 1780 3006 1843 3044; x_wconf 82' lang='lat' dir='ltr'><strong>ex</strong></span> <span class='ocrx_word' id='word_1_236' title='bbox 1877 3008 1995 3044; x_wconf 83' lang='lat' dir='ltr'><strong>tita-</strong></span> 
     </span>
    </p>
   </div>
   <div class='ocr_carea' id='block_1_32' title="bbox 2094 520 3651 600">
    <p class='ocr_par' dir='ltr' id='par_1_32' title="bbox 2094 520 3651 600">
     <span class='ocr_line' id='line_1_32' title="bbox 2094 520 3651 600; baseline -0.006 -17"><span class='ocrx_word' id='word_1_237' title='bbox 2094 528 2491 600; x_wconf 80' lang='grc' dir='ltr'><strong>κεχωρισμένη,</strong></span> <span class='ocrx_word' id='word_1_238' title='bbox 2540 528 2605 598; x_wconf 78' lang='grc' dir='ltr'>ῆν</span> <span class='ocrx_word' id='word_1_239' title='bbox 2641 522 2967 595; x_wconf 87' lang='grc' dir='ltr'>παραλαϐὼν</span> <span class='ocrx_word' id='word_1_240' title='bbox 3003 525 3032 575; x_wconf 85' lang='grc' dir='ltr'>ὁ</span> <span class='ocrx_word' id='word_1_241' title='bbox 3067 522 3312 593; x_wconf 78' lang='grc' dir='ltr'><strong>τεχνίτης</strong></span> <span class='ocrx_word' id='word_1_242' title='bbox 3347 524 3413 591; x_wconf 81' lang='grc' dir='ltr'>τῇ</span> <span class='ocrx_word' id='word_1_243' title='bbox 3460 520 3651 575; x_wconf 76' lang='grc' dir='ltr'>ἑαυτοῦ</span> 
     </span>
    </p>
   </div>
   <div class='ocr_carea' id='block_1_33' title="bbox 2097 610 3650 689">
    <p class='ocr_par' dir='ltr' id='par_1_33' title="bbox 2097 610 3650 689">
     <span class='ocr_line' id='line_1_33' title="bbox 2097 610 3650 689; baseline -0.005 -18"><span class='ocrx_word' id='word_1_244' title='bbox 2097 618 2256 689; x_wconf 71' lang='grc' dir='ltr'>σοφίᾳ</span> <span class='ocrx_word' id='word_1_245' title='bbox 2292 617 2598 688; x_wconf 77' lang='grc' dir='ltr'>ἐμόρφωσε,</span> <span class='ocrx_word' id='word_1_246' title='bbox 2627 618 2721 669; x_wconf 76' lang='grc' dir='ltr'><strong>καὶ</strong></span> <span class='ocrx_word' id='word_1_247' title='bbox 2761 616 2839 677; x_wconf 82' lang='grc' dir='ltr'><strong>είς</strong></span> <span class='ocrx_word' id='word_1_248' title='bbox 2869 614 3020 679; x_wconf 79' lang='grc' dir='ltr'>τάξιν</span> <span class='ocrx_word' id='word_1_249' title='bbox 3060 614 3255 683; x_wconf 68' lang='grc' dir='ltr'>ἤγαγε,</span> <span class='ocrx_word' id='word_1_250' title='bbox 3291 612 3381 664; x_wconf 76' lang='grc' dir='ltr'><strong>καὶ</strong></span> <span class='ocrx_word' id='word_1_251' title='bbox 3416 610 3558 664; x_wconf 73' lang='grc' dir='ltr'>οὕτω</span> <span class='ocrx_word' id='word_1_252' title='bbox 3586 612 3650 664; x_wconf 79' lang='grc' dir='ltr'>δι’</span> 
     </span>
    </p>
   </div>
   <div class='ocr_carea' id='block_1_34' title="bbox 2101 698 3652 777">
    <p class='ocr_par' dir='ltr' id='par_1_34' title="bbox 2101 698 3652 777">
     <span class='ocr_line' id='line_1_34' title="bbox 2101 698 3652 777; baseline -0.005 -17"><span class='ocrx_word' id='word_1_253' title='bbox 2101 708 2270 777; x_wconf 74' lang='grc' dir='ltr'>αὑτῆς</span> <span class='ocrx_word' id='word_1_254' title='bbox 2301 707 2527 760; x_wconf 85' lang='grc' dir='ltr'>οὑσίωσε</span> <span class='ocrx_word' id='word_1_255' title='bbox 2567 705 2635 758; x_wconf 74' lang='grc' dir='ltr'>τὰ</span> <span class='ocrx_word' id='word_1_256' title='bbox 2675 704 2945 776; x_wconf 79' lang='grc' dir='ltr'><strong>ὁρώμενα.</strong></span> <span class='ocrx_word' id='word_1_257' title='bbox 2978 706 3039 757; x_wconf 80' lang='lat' dir='ltr'><strong>El</strong></span> <span class='ocrx_word' id='word_1_258' title='bbox 3092 704 3189 773; x_wconf 76' lang='grc' dir='ltr'><strong>μὲν</strong></span> <span class='ocrx_word' id='word_1_259' title='bbox 3228 698 3318 757; x_wconf 82' lang='grc' dir='ltr'><strong>οῦν</strong></span> <span class='ocrx_word' id='word_1_260' title='bbox 3364 702 3652 771; x_wconf 83' lang='grc' dir='ltr'>ἁγέννητος</span> 
     </span>
    </p>
   </div>
   <div class='ocr_carea' id='block_1_35' title="bbox 2093 794 3655 869">
    <p class='ocr_par' dir='ltr' id='par_1_35' title="bbox 2093 794 3655 869">
     <span class='ocr_line' id='line_1_35' title="bbox 2093 794 3655 869; baseline -0.004 -18"><span class='ocrx_word' id='word_1_261' title='bbox 2093 798 2251 868; x_wconf 81' lang='grc' dir='ltr'>αὑτη,</span> <span class='ocrx_word' id='word_1_262' title='bbox 2301 798 2513 869; x_wconf 84' lang='grc' dir='ltr'>πρῶτον</span> <span class='ocrx_word' id='word_1_263' title='bbox 2555 798 2653 869; x_wconf 80' lang='grc' dir='ltr'><strong>μὲν</strong></span> <span class='ocrx_word' id='word_1_264' title='bbox 2700 798 2957 867; x_wconf 74' lang='grc' dir='ltr'><strong>ὁμότιμος</strong></span> <span class='ocrx_word' id='word_1_265' title='bbox 3003 794 3077 865; x_wconf 86' lang='grc' dir='ltr'>τῷ</span> <span class='ocrx_word' id='word_1_266' title='bbox 3132 794 3269 865; x_wconf 83' lang='grc' dir='ltr'>Θεῷ,</span> <span class='ocrx_word' id='word_1_267' title='bbox 3320 794 3426 847; x_wconf 81' lang='grc' dir='ltr'><strong>τῶν</strong></span> <span class='ocrx_word' id='word_1_268' title='bbox 3477 794 3655 846; x_wconf 70' lang='grc' dir='ltr'>αὑτῶν</span> 
     </span>
    </p>
   </div>
   <div class='ocr_carea' id='block_1_36' title="bbox 2095 882 3656 959">
    <p class='ocr_par' dir='ltr' id='par_1_36' title="bbox 2095 882 3656 959">
     <span class='ocr_line' id='line_1_36' title="bbox 2095 882 3656 959; baseline -0.003 -18"><span class='ocrx_word' id='word_1_269' title='bbox 2095 888 2395 959; x_wconf 86' lang='grc' dir='ltr'>πρεσϐείων</span> <span class='ocrx_word' id='word_1_270' title='bbox 2438 888 2548 958; x_wconf 84' lang='lat'><strong>(95)</strong></span> <span class='ocrx_word' id='word_1_271' title='bbox 2594 887 2907 958; x_wconf 85' lang='grc' dir='ltr'>ἀξιουμένη.</span> <span class='ocrx_word' id='word_1_272' title='bbox 2954 882 3027 940; x_wconf 76' lang='grc' dir='ltr'>Οὑ</span> <span class='ocrx_word' id='word_1_273' title='bbox 3072 886 3122 937; x_wconf 88' lang='grc' dir='ltr'><strong>τί</strong></span> <span class='ocrx_word' id='word_1_274' title='bbox 3164 885 3228 939; x_wconf 84' lang='grc' dir='ltr'><strong>ἂν</strong></span> <span class='ocrx_word' id='word_1_275' title='bbox 3282 887 3487 955; x_wconf 88' lang='grc' dir='ltr'>γένοιτο</span> <span class='ocrx_word' id='word_1_276' title='bbox 3527 888 3656 939; x_wconf 80' lang='grc' dir='ltr'>ασε-</span> 
     </span>
    </p>
   </div>
   <div class='ocr_carea' id='block_1_37' title="bbox 2095 976 3657 1049">
    <p class='ocr_par' dir='ltr' id='par_1_37' title="bbox 2095 976 3657 1049">
     <span class='ocr_line' id='line_1_37' title="bbox 2095 976 3657 1049; baseline -0.001 -19"><span class='ocrx_word' id='word_1_277' title='bbox 2095 978 2375 1049; x_wconf 85' lang='grc' dir='ltr'>ϐέστερον,</span> <span class='ocrx_word' id='word_1_278' title='bbox 2422 979 2522 1048; x_wconf 78' lang='grc' dir='ltr'>τὴν</span> <span class='ocrx_word' id='word_1_279' title='bbox 2574 979 2782 1040; x_wconf 82' lang='grc' dir='ltr'>ἄποιον,</span> <span class='ocrx_word' id='word_1_280' title='bbox 2832 978 2928 1048; x_wconf 88' lang='grc' dir='ltr'>τὴν</span> <span class='ocrx_word' id='word_1_281' title='bbox 2974 977 3225 1041; x_wconf 85' lang='grc' dir='ltr'>ἀνείδεον,</span> <span class='ocrx_word' id='word_1_282' title='bbox 3268 976 3366 1047; x_wconf 78' lang='grc' dir='ltr'>τὴν</span> <span class='ocrx_word' id='word_1_283' title='bbox 3423 977 3657 1047; x_wconf 78' lang='grc' dir='ltr'>ἐσχάτην</span> 
     </span>
    </p>
   </div>
   <div class='ocr_carea' id='block_1_38' title="bbox 2094 1063 3656 1139">
    <p class='ocr_par' dir='ltr' id='par_1_38' title="bbox 2094 1063 3656 1139">
     <span class='ocr_line' id='line_1_38' title="bbox 2094 1063 3656 1139; baseline -0.002 -18"><span class='ocrx_word' id='word_1_284' title='bbox 2094 1069 2388 1139; x_wconf 81' lang='grc' dir='ltr'>ἀμορφίαν,</span> <span class='ocrx_word' id='word_1_285' title='bbox 2422 1070 2482 1122; x_wconf 78' lang='grc' dir='ltr'>τὸ</span> <span class='ocrx_word' id='word_1_286' title='bbox 2526 1068 2889 1123; x_wconf 78' lang='grc' dir='ltr'>ἀδιατύπωτον</span> <span class='ocrx_word' id='word_1_287' title='bbox 2941 1063 3125 1137; x_wconf 74' lang='grc' dir='ltr'>αἶσχος</span> <span class='ocrx_word' id='word_1_288' title='bbox 3167 1070 3305 1129; x_wconf 82' lang='grc' dir='ltr'>(τοῖς</span> <span class='ocrx_word' id='word_1_289' title='bbox 3345 1068 3451 1138; x_wconf 80' lang='grc' dir='ltr'><strong>γὰρ</strong></span> <span class='ocrx_word' id='word_1_290' title='bbox 3480 1066 3656 1121; x_wconf 81' lang='grc' dir='ltr'>αὑτῶν</span> 
     </span>
    </p>
   </div>
   <div class='ocr_carea' id='block_1_39' title="bbox 2096 1160 3654 1232">
    <p class='ocr_par' dir='ltr' id='par_1_39' title="bbox 2096 1160 3654 1232">
     <span class='ocr_line' id='line_1_39' title="bbox 2096 1160 3654 1232; baseline 0.001 -20"><span class='ocrx_word' id='word_1_291' title='bbox 2096 1161 2315 1213; x_wconf 78' lang='grc' dir='ltr'>ἐκείνων</span> <span class='ocrx_word' id='word_1_292' title='bbox 2372 1160 2483 1228; x_wconf 88' lang='grc'><strong>(96)</strong></span> <span class='ocrx_word' id='word_1_293' title='bbox 2540 1161 2888 1231; x_wconf 81' lang='grc' dir='ltr'>προσρήμασι</span> <span class='ocrx_word' id='word_1_294' title='bbox 2958 1160 3267 1231; x_wconf 76' lang='grc' dir='ltr'>κέχρημαι)</span> <span class='ocrx_word' id='word_1_295' title='bbox 3320 1161 3417 1232; x_wconf 79' lang='grc' dir='ltr'>τῆς</span> <span class='ocrx_word' id='word_1_296' title='bbox 3481 1160 3654 1231; x_wconf 77' lang='grc' dir='ltr'>αὑτῆς</span> 
     </span>
    </p>
   </div>
   <div class='ocr_carea' id='block_1_40' title="bbox 2096 1252 3658 1324">
    <p class='ocr_par' dir='ltr' id='par_1_40' title="bbox 2096 1252 3658 1324">
     <span class='ocr_line' id='line_1_40' title="bbox 2096 1252 3658 1324; baseline 0.002 -20"><span class='ocrx_word' id='word_1_297' title='bbox 2096 1253 2380 1324; x_wconf 81' lang='grc' dir='ltr'>προεδρίας</span> <span class='ocrx_word' id='word_1_298' title='bbox 2448 1252 2725 1318; x_wconf 76' lang='grc' dir='ltr'>ἀξιοῦσθαι</span> <span class='ocrx_word' id='word_1_299' title='bbox 2788 1252 2864 1323; x_wconf 82' lang='grc' dir='ltr'>τῷ</span> <span class='ocrx_word' id='word_1_300' title='bbox 2930 1253 3077 1323; x_wconf 84' lang='grc' dir='ltr'>σοφῷ</span> <span class='ocrx_word' id='word_1_301' title='bbox 3134 1255 3226 1306; x_wconf 76' lang='grc' dir='ltr'><strong>καὶ</strong></span> <span class='ocrx_word' id='word_1_302' title='bbox 3286 1253 3497 1323; x_wconf 84' lang='grc' dir='ltr'>δυνατῷ</span> <span class='ocrx_word' id='word_1_303' title='bbox 3565 1255 3658 1307; x_wconf 80' lang='grc' dir='ltr'>καὶ</span> 
     </span>
    </p>
   </div>
   <div class='ocr_carea' id='block_1_41' title="bbox 2097 1344 3657 1417">
    <p class='ocr_par' dir='ltr' id='par_1_41' title="bbox 2097 1344 3657 1417">
     <span class='ocr_line' id='line_1_41' title="bbox 2097 1344 3657 1417; baseline 0.001 -20"><span class='ocrx_word' id='word_1_304' title='bbox 2097 1346 2359 1416; x_wconf 80' lang='grc' dir='ltr'>παγκάλῳ</span> <span class='ocrx_word' id='word_1_305' title='bbox 2386 1345 2694 1417; x_wconf 74' lang='grc' dir='ltr'>δημιουργῷ</span> <span class='ocrx_word' id='word_1_306' title='bbox 2725 1346 2818 1398; x_wconf 77' lang='grc' dir='ltr'>καὶ</span> <span class='ocrx_word' id='word_1_307' title='bbox 2850 1345 3040 1417; x_wconf 77' lang='grc' dir='ltr'>κτίστῃ</span> <span class='ocrx_word' id='word_1_308' title='bbox 3068 1345 3172 1397; x_wconf 80' lang='grc' dir='ltr'>τῶν</span> <span class='ocrx_word' id='word_1_309' title='bbox 3212 1344 3384 1409; x_wconf 73' lang='grc' dir='ltr'>ὅλωνς</span> <span class='ocrx_word' id='word_1_310' title='bbox 3426 1346 3657 1398; x_wconf 85' lang='grc' dir='ltr'>Ἔπειτα</span> 
     </span>
    </p>
   </div>
   <div class='ocr_carea' id='block_1_42' title="bbox 2096 1435 3656 1508">
    <p class='ocr_par' dir='ltr' id='par_1_42' title="bbox 2096 1435 3656 1508">
     <span class='ocr_line' id='line_1_42' title="bbox 2096 1435 3656 1508; baseline -0.001 -19"><span class='ocrx_word' id='word_1_311' title='bbox 2096 1439 2143 1489; x_wconf 82' lang='grc' dir='ltr'>εἰ</span> <span class='ocrx_word' id='word_1_312' title='bbox 2180 1439 2277 1508; x_wconf 81' lang='grc' dir='ltr'><strong>μὲν</strong></span> <span class='ocrx_word' id='word_1_313' title='bbox 2318 1437 2550 1507; x_wconf 79' lang='grc' dir='ltr'>τοσαύτη</span> <span class='ocrx_word' id='word_1_314' title='bbox 2598 1437 2924 1505; x_wconf 45' lang='lat' dir='ltr'><strong>koch/(97),</strong></span> <span class='ocrx_word' id='word_1_315' title='bbox 2964 1435 3104 1488; x_wconf 77' lang='grc' dir='ltr'>ὥστε</span> <span class='ocrx_word' id='word_1_316' title='bbox 3146 1436 3273 1505; x_wconf 84' lang='grc' dir='ltr'>ὃλην</span> <span class='ocrx_word' id='word_1_317' title='bbox 3307 1435 3656 1505; x_wconf 83' lang='grc' dir='ltr'>ὑποδέχεσθαι</span> 
     </span>
    </p>
   </div>
   <div class='ocr_carea' id='block_1_43' title="bbox 2095 1527 3655 1602">
    <p class='ocr_par' dir='ltr' id='par_1_43' title="bbox 2095 1527 3655 1602">
     <span class='ocr_line' id='line_1_43' title="bbox 2095 1527 3655 1602; baseline -0.002 -20"><span class='ocrx_word' id='word_1_318' title='bbox 2095 1532 2187 1584; x_wconf 80' lang='grc' dir='ltr'><strong>τοῦ</strong></span> <span class='ocrx_word' id='word_1_319' title='bbox 2217 1530 2348 1583; x_wconf 86' lang='grc' dir='ltr'>Θεοῦ</span> <span class='ocrx_word' id='word_1_320' title='bbox 2379 1531 2474 1602; x_wconf 84' lang='grc' dir='ltr'>τὴν</span> <span class='ocrx_word' id='word_1_321' title='bbox 2504 1532 2809 1602; x_wconf 80' lang='grc' dir='ltr'>ἐπιστήμην</span> <span class='ocrx_word' id='word_1_322' title='bbox 2828 1548 2841 1561; x_wconf 71' lang='grc'><strong><em>⁸</em></strong></span> <span class='ocrx_word' id='word_1_323' title='bbox 2874 1531 2966 1582; x_wconf 82' lang='grc' dir='ltr'><strong>καὶ</strong></span> <span class='ocrx_word' id='word_1_324' title='bbox 2993 1529 3153 1589; x_wconf 82' lang='grc' dir='ltr'>οὑτω,</span> <span class='ocrx_word' id='word_1_325' title='bbox 3184 1529 3382 1599; x_wconf 82' lang='grc' dir='ltr'>τρόπον</span> <span class='ocrx_word' id='word_1_326' title='bbox 3417 1527 3559 1591; x_wconf 82' lang='grc' dir='ltr'>τινὰ,</span> <span class='ocrx_word' id='word_1_327' title='bbox 3589 1531 3655 1598; x_wconf 77' lang='grc' dir='ltr'>τῇ</span> 
     </span>
    </p>
   </div>
   <div class='ocr_carea' id='block_1_44' title="bbox 2097 1616 3657 1691">
    <p class='ocr_par' dir='ltr' id='par_1_44' title="bbox 2097 1616 3657 1691">
     <span class='ocr_line' id='line_1_44' title="bbox 2097 1616 3657 1691; baseline -0.004 -16"><span class='ocrx_word' id='word_1_328' title='bbox 2097 1620 2480 1691; x_wconf 80' lang='grc' dir='ltr'>ἀνεξιχνιάστῳ</span> <span class='ocrx_word' id='word_1_329' title='bbox 2533 1620 2625 1672; x_wconf 86' lang='grc' dir='ltr'><strong>τοῦ</strong></span> <span class='ocrx_word' id='word_1_330' title='bbox 2675 1620 2807 1673; x_wconf 82' lang='grc' dir='ltr'>Θεοῦ</span> <span class='ocrx_word' id='word_1_331' title='bbox 2869 1618 3092 1688; x_wconf 75' lang='grc' dir='ltr'>δυνάμει</span> <span class='ocrx_word' id='word_1_332' title='bbox 3140 1616 3657 1688; x_wconf 79' lang='grc' dir='ltr'>ἀντιπαρεξάγουσιν</span> 
     </span>
    </p>
   </div>
   <div class='ocr_carea' id='block_1_45' title="bbox 2097 1707 3656 1784">
    <p class='ocr_par' dir='ltr' id='par_1_45' title="bbox 2097 1707 3656 1784">
     <span class='ocr_line' id='line_1_45' title="bbox 2097 1707 3656 1784; baseline -0.003 -18"><span class='ocrx_word' id='word_1_333' title='bbox 2097 1714 2265 1784; x_wconf 73' lang='grc' dir='ltr'>αὐτῆς</span> <span class='ocrx_word' id='word_1_334' title='bbox 2306 1713 2402 1783; x_wconf 80' lang='grc' dir='ltr'>τὴν</span> <span class='ocrx_word' id='word_1_335' title='bbox 2439 1712 2749 1775; x_wconf 82' lang='grc' dir='ltr'>ὑπόστασιν,</span> <span class='ocrx_word' id='word_1_336' title='bbox 2795 1712 2950 1782; x_wconf 83' lang='grc' dir='ltr'>εἴπερ</span> <span class='ocrx_word' id='word_1_337' title='bbox 2987 1710 3204 1782; x_wconf 80' lang='grc' dir='ltr'>ἔξαρκεῖ</span> <span class='ocrx_word' id='word_1_338' title='bbox 3237 1709 3363 1779; x_wconf 79' lang='grc' dir='ltr'>ὃλην</span> <span class='ocrx_word' id='word_1_339' title='bbox 3395 1708 3486 1762; x_wconf 88' lang='grc' dir='ltr'><strong>τοῦ</strong></span> <span class='ocrx_word' id='word_1_340' title='bbox 3524 1707 3656 1761; x_wconf 88' lang='grc' dir='ltr'>Θεοῦ</span> 
     </span>
    </p>
   </div>
   <div class='ocr_carea' id='block_1_46' title="bbox 2096 1800 3655 1875">
    <p class='ocr_par' dir='ltr' id='par_1_46' title="bbox 2096 1800 3655 1875">
     <span class='ocr_line' id='line_1_46' title="bbox 2096 1800 3655 1875; baseline -0.002 -17"><span class='ocrx_word' id='word_1_341' title='bbox 2096 1806 2192 1875; x_wconf 86' lang='grc' dir='ltr'>τὴν</span> <span class='ocrx_word' id='word_1_342' title='bbox 2223 1806 2434 1858; x_wconf 81' lang='grc' dir='ltr'>σύνεσιν</span> <span class='ocrx_word' id='word_1_343' title='bbox 2464 1804 2528 1856; x_wconf 82' lang='grc' dir='ltr'>δι’</span> <span class='ocrx_word' id='word_1_344' title='bbox 2554 1803 2750 1872; x_wconf 73' lang='grc' dir='ltr'>ἑαυτῆς</span> <span class='ocrx_word' id='word_1_345' title='bbox 2782 1805 3063 1873; x_wconf 73' lang='grc' dir='ltr'>ἐκμετρεῖν</span> <span class='ocrx_word' id='word_1_346' title='bbox 3082 1820 3095 1831; x_wconf 84' lang='grc'><strong>·</strong></span> <span class='ocrx_word' id='word_1_347' title='bbox 3124 1804 3171 1855; x_wconf 81' lang='grc' dir='ltr'><strong>εί</strong></span> <span class='ocrx_word' id='word_1_348' title='bbox 3206 1801 3261 1854; x_wconf 81' lang='grc' dir='ltr'><strong>δὲ</strong></span> <span class='ocrx_word' id='word_1_349' title='bbox 3288 1800 3521 1854; x_wconf 75' lang='grc' dir='ltr'>ἐλάττων</span> <span class='ocrx_word' id='word_1_350' title='bbox 3548 1800 3655 1869; x_wconf 83' lang='lat' dir='ltr'><strong>(98l</strong></span> 
     </span>
    </p>
   </div>
   <div class='ocr_carea' id='block_1_47' title="bbox 2096 1894 3661 1967">
    <p class='ocr_par' dir='ltr' id='par_1_47' title="bbox 2096 1894 3661 1967">
     <span class='ocr_line' id='line_1_47' title="bbox 2096 1894 3661 1967; baseline -0.003 -18"><span class='ocrx_word' id='word_1_351' title='bbox 2096 1898 2128 1967; x_wconf 83' lang='grc' dir='ltr'>ἠ</span> <span class='ocrx_word' id='word_1_352' title='bbox 2162 1896 2259 1967; x_wconf 79' lang='grc' dir='ltr'><strong>ὑλη</strong></span> <span class='ocrx_word' id='word_1_353' title='bbox 2299 1898 2395 1967; x_wconf 72' lang='grc' dir='ltr'><strong>τῆς</strong></span> <span class='ocrx_word' id='word_1_354' title='bbox 2423 1896 2514 1949; x_wconf 83' lang='grc' dir='ltr'><strong>τοῦ</strong></span> <span class='ocrx_word' id='word_1_355' title='bbox 2562 1895 2696 1949; x_wconf 83' lang='grc' dir='ltr'>Θεοῦ</span> <span class='ocrx_word' id='word_1_356' title='bbox 2741 1896 3049 1967; x_wconf 76' lang='grc' dir='ltr'>ἐνεργείας,</span> <span class='ocrx_word' id='word_1_357' title='bbox 3093 1896 3186 1948; x_wconf 69' lang='grc' dir='ltr'>καὶ</span> <span class='ocrx_word' id='word_1_358' title='bbox 3216 1894 3385 1958; x_wconf 84' lang='grc' dir='ltr'>οὑτως</span> <span class='ocrx_word' id='word_1_359' title='bbox 3423 1894 3500 1957; x_wconf 78' lang='grc' dir='ltr'>εἰς</span> <span class='ocrx_word' id='word_1_360' title='bbox 3544 1894 3661 1946; x_wconf 81' lang='grc' dir='ltr'><strong>ἀτο⁹</strong></span> 
     </span>
    </p>
   </div>
   <div class='ocr_carea' id='block_1_48' title="bbox 2097 1986 3659 2060">
    <p class='ocr_par' dir='ltr' id='par_1_48' title="bbox 2097 1986 3659 2060">
     <span class='ocr_line' id='line_1_48' title="bbox 2097 1986 3659 2060; baseline -0.003 -19"><span class='ocrx_word' id='word_1_361' title='bbox 2097 1989 2343 2059; x_wconf 85' lang='grc' dir='ltr'>πωτέραν</span> <span class='ocrx_word' id='word_1_362' title='bbox 2393 1990 2733 2060; x_wconf 81' lang='grc' dir='ltr'>βλασφημίαν</span> <span class='ocrx_word' id='word_1_363' title='bbox 2766 1990 2944 2052; x_wconf 86' lang='grc' dir='ltr'>αὑτοῖς</span> <span class='ocrx_word' id='word_1_364' title='bbox 2991 1992 3018 2041; x_wconf 85' lang='grc' dir='ltr'>ὁ</span> <span class='ocrx_word' id='word_1_365' title='bbox 3062 1988 3215 2057; x_wconf 91' lang='grc' dir='ltr'>λόγος</span> <span class='ocrx_word' id='word_1_366' title='bbox 3258 1986 3366 2057; x_wconf 88' lang='grc'><strong>(99)</strong></span> <span class='ocrx_word' id='word_1_367' title='bbox 3410 2003 3659 2058; x_wconf 89' lang='grc' dir='ltr'>περιτρα-</span> 
     </span>
    </p>
   </div>
   <div class='ocr_carea' id='block_1_49' title="bbox 2097 2076 3659 2149">
    <p class='ocr_par' dir='ltr' id='par_1_49' title="bbox 2097 2076 3659 2149">
     <span class='ocr_line' id='line_1_49' title="bbox 2097 2076 3659 2149; baseline -0.002 -19"><span class='ocrx_word' id='word_1_368' title='bbox 2097 2079 2349 2149; x_wconf 81' lang='grc' dir='ltr'>πησεται,</span> <span class='ocrx_word' id='word_1_369' title='bbox 2386 2079 2453 2131; x_wconf 78' lang='grc' dir='ltr'>δι’</span> <span class='ocrx_word' id='word_1_370' title='bbox 2477 2079 2681 2131; x_wconf 76' lang='grc' dir='ltr'>ἔνδειαν</span> <span class='ocrx_word' id='word_1_371' title='bbox 2709 2078 2839 2146; x_wconf 81' lang='grc' dir='ltr'>ὑλης</span> <span class='ocrx_word' id='word_1_372' title='bbox 2864 2080 3139 2149; x_wconf 79' lang='grc' dir='ltr'>ἄπρακτον</span> <span class='ocrx_word' id='word_1_373' title='bbox 3171 2077 3264 2131; x_wconf 71' lang='grc' dir='ltr'>καὶ</span> <span class='ocrx_word' id='word_1_374' title='bbox 3303 2076 3659 2149; x_wconf 85' lang='grc' dir='ltr'>άνενέργητον</span> 
     </span>
    </p>
   </div>
   <div class='ocr_carea' id='block_1_50' title="bbox 2094 2165 3661 2238">
    <p class='ocr_par' dir='ltr' id='par_1_50' title="bbox 2094 2165 3661 2238">
     <span class='ocr_line' id='line_1_50' title="bbox 2094 2165 3661 2238; baseline 0.001 -22"><span class='ocrx_word' id='word_1_375' title='bbox 2094 2165 2203 2217; x_wconf 81' lang='grc' dir='ltr'><strong>τῶν</strong></span> <span class='ocrx_word' id='word_1_376' title='bbox 2254 2166 2469 2218; x_wconf 77' lang='grc' dir='ltr'>οἰκείων</span> <span class='ocrx_word' id='word_1_377' title='bbox 2509 2166 2685 2238; x_wconf 89' lang='grc' dir='ltr'>ἔργων</span> <span class='ocrx_word' id='word_1_378' title='bbox 2719 2167 2807 2219; x_wconf 79' lang='grc' dir='ltr'>τὸν</span> <span class='ocrx_word' id='word_1_379' title='bbox 2838 2166 2968 2218; x_wconf 82' lang='grc' dir='ltr'>Θεὸν</span> <span class='ocrx_word' id='word_1_380' title='bbox 3022 2166 3371 2237; x_wconf 86' lang='grc' dir='ltr'>κατεχόντων.</span> <span class='ocrx_word' id='word_1_381' title='bbox 3416 2166 3552 2219; x_wconf 80' lang='grc' dir='ltr'>Ἀλλ’</span> <span class='ocrx_word' id='word_1_382' title='bbox 3578 2166 3661 2232; x_wconf 79' lang='grc' dir='ltr'><strong>ἐξ-</strong></span> 
     </span>
    </p>
   </div>
   <div class='ocr_carea' id='block_1_51' title="bbox 2096 2255 3656 2329">
    <p class='ocr_par' dir='ltr' id='par_1_51' title="bbox 2096 2255 3656 2329">
     <span class='ocr_line' id='line_1_51' title="bbox 2096 2255 3656 2329; baseline 0.001 -21"><span class='ocrx_word' id='word_1_383' title='bbox 2096 2255 2342 2327; x_wconf 84' lang='grc' dir='ltr'>ηπάτησε</span> <span class='ocrx_word' id='word_1_384' title='bbox 2366 2256 2473 2327; x_wconf 82' lang='grc' dir='ltr'><strong>γὰρ</strong></span> <span class='ocrx_word' id='word_1_385' title='bbox 2493 2258 2687 2319; x_wconf 75' lang='grc' dir='ltr'>αὐτοὺς</span> <span class='ocrx_word' id='word_1_386' title='bbox 2707 2257 2802 2328; x_wconf 78' lang='grc' dir='ltr'>τῆς</span> <span class='ocrx_word' id='word_1_387' title='bbox 2827 2257 3167 2329; x_wconf 85' lang='grc' dir='ltr'>ἀνθρωπίνης</span> <span class='ocrx_word' id='word_1_388' title='bbox 3191 2256 3400 2327; x_wconf 83' lang='grc' dir='ltr'>φύσεως</span> <span class='ocrx_word' id='word_1_389' title='bbox 3420 2259 3452 2329; x_wconf 81' lang='grc' dir='ltr'><strong>ἡ</strong></span> <span class='ocrx_word' id='word_1_390' title='bbox 3480 2258 3656 2310; x_wconf 81' lang='grc' dir='ltr'>πενία.</span> 
     </span>
    </p>
   </div>
   <div class='ocr_carea' id='block_1_52' title="bbox 2096 2348 3660 2421">
    <p class='ocr_par' dir='ltr' id='par_1_52' title="bbox 2096 2348 3660 2421">
     <span class='ocr_line' id='line_1_52' title="bbox 2096 2348 3660 2421; baseline 0.002 -20"><span class='ocrx_word' id='word_1_391' title='bbox 2096 2348 2204 2401; x_wconf 80' lang='grc' dir='ltr'>Καὶ</span> <span class='ocrx_word' id='word_1_392' title='bbox 2240 2348 2425 2419; x_wconf 76' lang='grc' dir='ltr'>ἐπειδὴ</span> <span class='ocrx_word' id='word_1_393' title='bbox 2460 2350 2589 2420; x_wconf 82' lang='grc' dir='ltr'>παρ’</span> <span class='ocrx_word' id='word_1_394' title='bbox 2617 2351 2749 2421; x_wconf 79' lang='grc' dir='ltr'>ἡμῖν</span> <span class='ocrx_word' id='word_1_395' title='bbox 2779 2350 2979 2420; x_wconf 77' lang='grc' dir='ltr'>ἑκάστη</span> <span class='ocrx_word' id='word_1_396' title='bbox 3017 2350 3175 2421; x_wconf 83' lang='grc' dir='ltr'>τέχνη</span> <span class='ocrx_word' id='word_1_397' title='bbox 3212 2349 3338 2421; x_wconf 85' lang='grc' dir='ltr'>περί</span> <span class='ocrx_word' id='word_1_398' title='bbox 3376 2366 3496 2402; x_wconf 91' lang='grc' dir='ltr'>τινα</span> <span class='ocrx_word' id='word_1_399' title='bbox 3531 2348 3660 2421; x_wconf 81' lang='grc' dir='ltr'>ὓλην</span> 
     </span>
    </p>
   </div>
   <div class='ocr_carea' id='block_1_53' title="bbox 2095 2437 3654 2516">
    <p class='ocr_par' dir='ltr' id='par_1_53' title="bbox 2095 2437 3654 2516">
     <span class='ocr_line' id='line_1_53' title="bbox 2095 2437 3654 2516; baseline 0.003 -24"><span class='ocrx_word' id='word_1_400' title='bbox 2095 2440 2487 2511; x_wconf 79' lang='grc' dir='ltr'>ἀφωρισμένως</span> <span class='ocrx_word' id='word_1_401' title='bbox 2530 2441 2842 2511; x_wconf 79' lang='grc' dir='ltr'>ἡσχόληται,</span> <span class='ocrx_word' id='word_1_402' title='bbox 2873 2437 2981 2495; x_wconf 72' lang='grc' dir='ltr'>οἷον</span> <span class='ocrx_word' id='word_1_403' title='bbox 3014 2440 3343 2513; x_wconf 85' lang='grc' dir='ltr'>χαλκευτικὴ</span> <span class='ocrx_word' id='word_1_404' title='bbox 3395 2443 3491 2514; x_wconf 84' lang='grc' dir='ltr'><strong>μὲν</strong></span> <span class='ocrx_word' id='word_1_405' title='bbox 3526 2445 3654 2516; x_wconf 80' lang='grc' dir='ltr'>περὶ</span> 
     </span>
    </p>
   </div>
   <div class='ocr_carea' id='block_1_54' title="bbox 2094 2532 3659 2606">
    <p class='ocr_par' dir='ltr' id='par_1_54' title="bbox 2094 2532 3659 2606">
     <span class='ocr_line' id='line_1_54' title="bbox 2094 2532 3659 2606; baseline 0.004 -22"><span class='ocrx_word' id='word_1_406' title='bbox 2094 2532 2184 2585; x_wconf 79' lang='grc' dir='ltr'>τὸν</span> <span class='ocrx_word' id='word_1_407' title='bbox 2235 2532 2471 2603; x_wconf 88' lang='grc' dir='ltr'>σίδηρον,</span> <span class='ocrx_word' id='word_1_408' title='bbox 2526 2533 2809 2604; x_wconf 84' lang='grc' dir='ltr'>τεκτονικὴ</span> <span class='ocrx_word' id='word_1_409' title='bbox 2861 2534 2918 2588; x_wconf 81' lang='grc' dir='ltr'><strong>δὲ</strong></span> <span class='ocrx_word' id='word_1_410' title='bbox 2961 2536 3086 2606; x_wconf 73' lang='grc' dir='ltr'>περὶ</span> <span class='ocrx_word' id='word_1_411' title='bbox 3122 2535 3189 2589; x_wconf 69' lang='grc' dir='ltr'>τὰ</span> <span class='ocrx_word' id='word_1_412' title='bbox 3241 2535 3404 2599; x_wconf 88' lang='grc' dir='ltr'>ξύλα·</span> <span class='ocrx_word' id='word_1_413' title='bbox 3456 2537 3549 2589; x_wconf 72' lang='grc' dir='ltr'><strong>καὶ</strong></span> <span class='ocrx_word' id='word_1_414' title='bbox 3602 2539 3659 2590; x_wconf 79' lang='grc' dir='ltr'>ἐν</span> 
     </span>
    </p>
   </div>
   <div class='ocr_carea' id='block_1_55' title="bbox 2094 2623 3661 2696">
    <p class='ocr_par' dir='ltr' id='par_1_55' title="bbox 2094 2623 3661 2696">
     <span class='ocr_line' id='line_1_55' title="bbox 2094 2623 3661 2696; baseline 0.003 -20"><span class='ocrx_word' id='word_1_415' title='bbox 2094 2623 2304 2687; x_wconf 86' lang='grc' dir='ltr'>τούτοις</span> <span class='ocrx_word' id='word_1_416' title='bbox 2336 2624 2461 2677; x_wconf 80' lang='grc' dir='ltr'>ἄλλο</span> <span class='ocrx_word' id='word_1_417' title='bbox 2497 2624 2594 2694; x_wconf 89' lang='grc' dir='ltr'><strong>μέν</strong></span> <span class='ocrx_word' id='word_1_418' title='bbox 2622 2624 2673 2676; x_wconf 90' lang='grc' dir='ltr'><strong>τί</strong></span> <span class='ocrx_word' id='word_1_419' title='bbox 2702 2626 2774 2693; x_wconf 81' lang='lat' dir='ltr'><strong>(l)</strong></span> <span class='ocrx_word' id='word_1_420' title='bbox 2801 2627 2913 2677; x_wconf 87' lang='grc' dir='ltr'>ὲστι</span> <span class='ocrx_word' id='word_1_421' title='bbox 2939 2624 2998 2677; x_wconf 85' lang='grc' dir='ltr'><strong>τὸ</strong></span> <span class='ocrx_word' id='word_1_422' title='bbox 3040 2626 3413 2696; x_wconf 79' lang='grc' dir='ltr'>ὑποκείμενον,</span> <span class='ocrx_word' id='word_1_423' title='bbox 3448 2626 3573 2681; x_wconf 77' lang='grc' dir='ltr'>ἄλλο</span> <span class='ocrx_word' id='word_1_424' title='bbox 3603 2628 3661 2680; x_wconf 76' lang='grc' dir='ltr'>δὲ</span> 
     </span>
    </p>
   </div>
   <div class='ocr_carea' id='block_1_56' title="bbox 2094 2714 3654 2791">
    <p class='ocr_par' dir='ltr' id='par_1_56' title="bbox 2094 2714 3654 2791">
     <span class='ocr_line' id='line_1_56' title="bbox 2094 2714 3654 2791; baseline 0.003 -23"><span class='ocrx_word' id='word_1_425' title='bbox 2094 2716 2154 2768; x_wconf 71' lang='grc' dir='ltr'>τὸ</span> <span class='ocrx_word' id='word_1_426' title='bbox 2194 2714 2361 2781; x_wconf 76' lang='grc' dir='ltr'>εἶδος,</span> <span class='ocrx_word' id='word_1_427' title='bbox 2407 2716 2532 2770; x_wconf 80' lang='grc' dir='ltr'>ἄλλο</span> <span class='ocrx_word' id='word_1_428' title='bbox 2558 2717 2613 2770; x_wconf 81' lang='grc' dir='ltr'><strong>δὲ</strong></span> <span class='ocrx_word' id='word_1_429' title='bbox 2644 2718 2703 2770; x_wconf 77' lang='grc' dir='ltr'>τὸ</span> <span class='ocrx_word' id='word_1_430' title='bbox 2749 2718 2813 2769; x_wconf 86' lang='grc' dir='ltr'><strong>ὲκ</strong></span> <span class='ocrx_word' id='word_1_431' title='bbox 2848 2717 2939 2769; x_wconf 82' lang='grc' dir='ltr'><strong>τοῦ</strong></span> <span class='ocrx_word' id='word_1_432' title='bbox 2975 2718 3148 2780; x_wconf 81' lang='grc' dir='ltr'>εἴδους</span> <span class='ocrx_word' id='word_1_433' title='bbox 3200 2718 3654 2791; x_wconf 74' lang='grc' dir='ltr'><strong>ἀποτελούμενον⁸</strong></span> 
     </span>
    </p>
   </div>
   <div class='ocr_carea' id='block_1_57' title="bbox 2097 2808 3660 2885">
    <p class='ocr_par' dir='ltr' id='par_1_57' title="bbox 2097 2808 3660 2885">
     <span class='ocr_line' id='line_1_57' title="bbox 2097 2808 3660 2885; baseline 0.004 -25"><span class='ocrx_word' id='word_1_434' title='bbox 2097 2808 2190 2860; x_wconf 80' lang='grc' dir='ltr'><strong>καὶ</strong></span> <span class='ocrx_word' id='word_1_435' title='bbox 2239 2808 2383 2861; x_wconf 88' lang='grc' dir='ltr'>ἔστιν</span> <span class='ocrx_word' id='word_1_436' title='bbox 2422 2812 2455 2879; x_wconf 81' lang='grc' dir='ltr'>ἠ</span> <span class='ocrx_word' id='word_1_437' title='bbox 2497 2810 2591 2880; x_wconf 80' lang='grc' dir='ltr'><strong>μὲν</strong></span> <span class='ocrx_word' id='word_1_438' title='bbox 2621 2809 2718 2881; x_wconf 85' lang='grc' dir='ltr'><strong>ὑλη</strong></span> <span class='ocrx_word' id='word_1_439' title='bbox 2754 2810 2950 2875; x_wconf 82' lang='grc' dir='ltr'>ἔξωθεν</span> <span class='ocrx_word' id='word_1_440' title='bbox 2997 2812 3554 2885; x_wconf 83' lang='grc' dir='ltr'>παραλαμϐανομένη,</span> <span class='ocrx_word' id='word_1_441' title='bbox 3600 2816 3660 2867; x_wconf 87' lang='grc' dir='ltr'><strong>τὸ</strong></span> 
     </span>
    </p>
   </div>
   <div class='ocr_carea' id='block_1_58' title="bbox 2094 2895 3660 2975">
    <p class='ocr_par' dir='ltr' id='par_1_58' title="bbox 2094 2895 3660 2975">
     <span class='ocr_line' id='line_1_58' title="bbox 2094 2895 3660 2975; baseline 0.004 -23"><span class='ocrx_word' id='word_1_442' title='bbox 2094 2895 2150 2952; x_wconf 84' lang='grc' dir='ltr'>δὲ</span> <span class='ocrx_word' id='word_1_443' title='bbox 2195 2896 2329 2963; x_wconf 81' lang='grc' dir='ltr'>εἶδος</span> <span class='ocrx_word' id='word_1_444' title='bbox 2381 2900 2529 2972; x_wconf 81' lang='grc' dir='ltr'>παρὰ</span> <span class='ocrx_word' id='word_1_445' title='bbox 2575 2902 2672 2971; x_wconf 84' lang='grc' dir='ltr'><strong>τῆς</strong></span> <span class='ocrx_word' id='word_1_446' title='bbox 2710 2903 2903 2972; x_wconf 87' lang='grc' dir='ltr'>τέχνης</span> <span class='ocrx_word' id='word_1_447' title='bbox 2952 2904 3413 2975; x_wconf 79' lang='grc' dir='ltr'>ὲφαρμοζόμενον,</span> <span class='ocrx_word' id='word_1_448' title='bbox 3464 2905 3660 2958; x_wconf 83' lang='grc' dir='ltr'>ἀποτέ-</span> 
     </span>
    </p>
   </div>
   <div class='ocr_carea' id='block_1_59' title="bbox 2097 2988 3663 3063">
    <p class='ocr_par' dir='ltr' id='par_1_59' title="bbox 2097 2988 3663 3063">
     <span class='ocr_line' id='line_1_59' title="bbox 2097 2988 3663 3063; baseline 0.005 -24"><span class='ocrx_word' id='word_1_449' title='bbox 2097 2988 2269 3058; x_wconf 88' lang='grc' dir='ltr'>λεσμα</span> <span class='ocrx_word' id='word_1_450' title='bbox 2302 2989 2357 3041; x_wconf 84' lang='grc' dir='ltr'><strong>δὲ</strong></span> <span class='ocrx_word' id='word_1_451' title='bbox 2388 2990 2446 3042; x_wconf 86' lang='grc' dir='ltr'>τὸ</span> <span class='ocrx_word' id='word_1_452' title='bbox 2486 2990 2543 3053; x_wconf 77' lang='grc' dir='ltr'>ἐξ</span> <span class='ocrx_word' id='word_1_453' title='bbox 2585 2992 2782 3061; x_wconf 81' lang='grc' dir='ltr'>ἀμφοῖν</span> <span class='ocrx_word' id='word_1_454' title='bbox 2827 2993 3206 3063; x_wconf 80' lang='grc' dir='ltr'>συντιθέμενον</span> <span class='ocrx_word' id='word_1_455' title='bbox 3240 2994 3303 3048; x_wconf 74' lang='grc' dir='ltr'><strong>ἔκ</strong></span> <span class='ocrx_word' id='word_1_456' title='bbox 3347 3011 3405 3047; x_wconf 86' lang='grc' dir='ltr'><strong>τε</strong></span> <span class='ocrx_word' id='word_1_457' title='bbox 3443 2994 3535 3048; x_wconf 85' lang='grc' dir='ltr'><strong>τοῦ</strong></span> <span class='ocrx_word' id='word_1_458' title='bbox 3581 2996 3663 3047; x_wconf 77' lang='grc' dir='ltr'><strong>εῖ-</strong></span> 
     </span>
    </p>
   </div>
   <div class='ocr_carea' id='block_1_60' title="bbox 435 3076 1994 3176">
    <p class='ocr_par' dir='ltr' id='par_1_60' title="bbox 435 3081 1994 3151">
     <span class='ocr_line' id='line_1_60' title="bbox 435 3081 1994 3151; baseline -0.003 -11"><span class='ocrx_word' id='word_1_459' title='bbox 435 3088 569 3141; x_wconf 90' lang='lat' dir='ltr'><strong>teria</strong></span> <span class='ocrx_word' id='word_1_460' title='bbox 597 3083 803 3138; x_wconf 90' lang='lat' dir='ltr'><strong>scilicet</strong></span> <span class='ocrx_word' id='word_1_461' title='bbox 821 3094 874 3137; x_wconf 89' lang='lat' dir='ltr'><strong>et</strong></span> <span class='ocrx_word' id='word_1_462' title='bbox 897 3098 959 3137; x_wconf 78' lang='lat' dir='ltr'><strong>ex</strong></span> <span class='ocrx_word' id='word_1_463' title='bbox 991 3081 1161 3137; x_wconf 81' lang='lat' dir='ltr'><strong>forma</strong></span> <span class='ocrx_word' id='word_1_464' title='bbox 1196 3083 1569 3151; x_wconf 89' lang='lat' dir='ltr'><strong>componitur;</strong></span> <span class='ocrx_word' id='word_1_465' title='bbox 1597 3082 1677 3138; x_wconf 90' lang='lat' dir='ltr'><strong>sic</strong></span> <span class='ocrx_word' id='word_1_466' title='bbox 1700 3084 1863 3137; x_wconf 89' lang='lat' dir='ltr'><strong>etiam</strong></span> <span class='ocrx_word' id='word_1_467' title='bbox 1888 3085 1994 3138; x_wconf 77' lang='lat' dir='ltr'><strong>exi-</strong></span> 
     </span>
    </p>
   </div>
   <div class='ocr_carea' id='block_1_61' title="bbox 2098 3076 3648 3176">
    <p class='ocr_par' dir='ltr' id='par_1_61' title="bbox 2098 3076 3648 3155">
     <span class='ocr_line' id='line_1_61' title="bbox 2098 3076 3648 3155; baseline 0.006 -25"><span class='ocrx_word' id='word_1_468' title='bbox 2098 3076 2217 3139; x_wconf 83' lang='grc' dir='ltr'>δους</span> <span class='ocrx_word' id='word_1_469' title='bbox 2247 3079 2338 3131; x_wconf 76' lang='grc' dir='ltr'><strong>καὶ</strong></span> <span class='ocrx_word' id='word_1_470' title='bbox 2364 3079 2463 3148; x_wconf 80' lang='grc' dir='ltr'>τῆς</span> <span class='ocrx_word' id='word_1_471' title='bbox 2492 3078 2649 3150; x_wconf 79' lang='grc' dir='ltr'>ὑλης’</span> <span class='ocrx_word' id='word_1_472' title='bbox 2681 3081 2853 3146; x_wconf 72' lang='grc' dir='ltr'>οὕτως</span> <span class='ocrx_word' id='word_1_473' title='bbox 2891 3082 3089 3137; x_wconf 75' lang='grc' dir='ltr'>οἴονται</span> <span class='ocrx_word' id='word_1_474' title='bbox 3121 3084 3214 3137; x_wconf 72' lang='grc' dir='ltr'>καὶ</span> <span class='ocrx_word' id='word_1_475' title='bbox 3246 3086 3338 3138; x_wconf 75' lang='grc' dir='ltr'>ἐπὶ</span> <span class='ocrx_word' id='word_1_476' title='bbox 3364 3085 3465 3155; x_wconf 80' lang='grc' dir='ltr'>τῆς</span> <span class='ocrx_word' id='word_1_477' title='bbox 3499 3086 3648 3152; x_wconf 88' lang='grc' dir='ltr'>θείας</span> 
     </span>
    </p>
   </div>
   <div class='ocr_carea' id='block_1_62' title="bbox 435 3175 1985 3244">
    <p class='ocr_par' dir='ltr' id='par_1_62' title="bbox 435 3175 1985 3244">
     <span class='ocr_line' id='line_1_62' title="bbox 435 3175 1985 3244; baseline -0.002 -11"><span class='ocrx_word' id='word_1_478' title='bbox 435 3179 660 3233; x_wconf 76' lang='lat' dir='ltr'><strong>stimant</strong></span> <span class='ocrx_word' id='word_1_479' title='bbox 687 3176 739 3229; x_wconf 89' lang='lat' dir='ltr'><strong>in</strong></span> <span class='ocrx_word' id='word_1_480' title='bbox 769 3175 951 3227; x_wconf 89' lang='lat' dir='ltr'><strong>divino</strong></span> <span class='ocrx_word' id='word_1_481' title='bbox 979 3175 1211 3241; x_wconf 90' lang='lat' dir='ltr'><strong>opiﬁcio,</strong></span> <span class='ocrx_word' id='word_1_482' title='bbox 1243 3175 1425 3228; x_wconf 90' lang='lat' dir='ltr'><strong>mttndi</strong></span> <span class='ocrx_word' id='word_1_483' title='bbox 1467 3176 1678 3243; x_wconf 88' lang='lat' dir='ltr'><strong>quidem</strong></span> <span class='ocrx_word' id='word_1_484' title='bbox 1706 3176 1927 3244; x_wconf 77' lang='lat' dir='ltr'><strong>ﬁguram</strong></span> <span class='ocrx_word' id='word_1_485' title='bbox 1957 3193 1985 3230; x_wconf 91' lang='lat' dir='ltr'><strong>a</strong></span> 
     </span>
    </p>
   </div>
   <div class='ocr_carea' id='block_1_63' title="bbox 436 3263 1995 3337">
    <p class='ocr_par' dir='ltr' id='par_1_63' title="bbox 436 3263 1995 3337">
     <span class='ocr_line' id='line_1_63' title="bbox 436 3263 1995 3337; baseline -0.004 -15"><span class='ocrx_word' id='word_1_486' title='bbox 436 3265 700 3337; x_wconf 68' lang='lat' dir='ltr'><strong>sapientia</strong></span> <span class='ocrx_word' id='word_1_487' title='bbox 752 3263 1050 3318; x_wconf 82' lang='lat' dir='ltr'><strong>conditoris</strong></span> <span class='ocrx_word' id='word_1_488' title='bbox 1100 3265 1475 3318; x_wconf 84' lang='lat' dir='ltr'><strong>universorum</strong></span> <span class='ocrx_word' id='word_1_489' title='bbox 1520 3277 1640 3317; x_wconf 88' lang='lat' dir='ltr'><strong>esse</strong></span> <span class='ocrx_word' id='word_1_490' title='bbox 1673 3264 1946 3318; x_wconf 87' lang='lat' dir='ltr'><strong>inductam</strong></span> <span class='ocrx_word' id='word_1_491' title='bbox 1980 3304 1995 3324; x_wconf 93' lang='lat'><strong>,</strong></span> 
     </span>
    </p>
   </div>
   <div class='ocr_carea' id='block_1_64' title="bbox 438 3351 1998 3409">
    <p class='ocr_par' dir='ltr' id='par_1_64' title="bbox 438 3351 1998 3409">
     <span class='ocr_line' id='line_1_64' title="bbox 438 3351 1998 3409; baseline -0.001 0"><span class='ocrx_word' id='word_1_492' title='bbox 438 3356 717 3409; x_wconf 85' lang='lat' dir='ltr'><strong>materiam</strong></span> <span class='ocrx_word' id='word_1_493' title='bbox 749 3362 930 3406; x_wconf 89' lang='lat' dir='ltr'><strong>autem</strong></span> <span class='ocrx_word' id='word_1_494' title='bbox 969 3354 1307 3408; x_wconf 68' lang='lat' dir='ltr'><strong>extrinsecus</strong></span> <span class='ocrx_word' id='word_1_495' title='bbox 1345 3351 1590 3407; x_wconf 86' lang='lat' dir='ltr'><strong>Creatori</strong></span> <span class='ocrx_word' id='word_1_496' title='bbox 1624 3353 1902 3407; x_wconf 83' lang='lat' dir='ltr'><strong>advectam</strong></span> <span class='ocrx_word' id='word_1_497' title='bbox 1935 3369 1998 3407; x_wconf 89' lang='lat' dir='ltr'><strong>ac</strong></span> 
     </span>
    </p>
   </div>
   <div class='ocr_carea' id='block_1_65' title="bbox 437 3445 1996 3518">
    <p class='ocr_par' dir='ltr' id='par_1_65' title="bbox 437 3445 1996 3518">
     <span class='ocr_line' id='line_1_65' title="bbox 437 3445 1996 3518; baseline -0.004 -14"><span class='ocrx_word' id='word_1_498' title='bbox 437 3448 733 3518; x_wconf 76' lang='lat' dir='ltr'><strong>aultjectam</strong></span> <span class='ocrx_word' id='word_1_499' title='bbox 778 3446 961 3510; x_wconf 80' lang='lat' dir='ltr'><strong>fuisse,</strong></span> <span class='ocrx_word' id='word_1_500' title='bbox 1008 3448 1369 3515; x_wconf 90' lang='lat' dir='ltr'><strong>mundumque</strong></span> <span class='ocrx_word' id='word_1_501' title='bbox 1418 3445 1771 3513; x_wconf 88' lang='lat' dir='ltr'><strong>compositum</strong></span> <span class='ocrx_word' id='word_1_502' title='bbox 1822 3447 1996 3499; x_wconf 82' lang='lat' dir='ltr'><strong>exsti-</strong></span> 
     </span>
    </p>
   </div>
   <div class='ocr_carea' id='block_1_66' title="bbox 439 3537 1999 3609">
    <p class='ocr_par' dir='ltr' id='par_1_66' title="bbox 439 3537 1999 3609">
     <span class='ocr_line' id='line_1_66' title="bbox 439 3537 1999 3609; baseline -0.002 -14"><span class='ocrx_word' id='word_1_503' title='bbox 439 3543 590 3608; x_wconf 87' lang='lat' dir='ltr'><strong>tisse,</strong></span> <span class='ocrx_word' id='word_1_504' title='bbox 642 3549 825 3609; x_wconf 89' lang='lat' dir='ltr'><strong>utpote</strong></span> <span class='ocrx_word' id='word_1_505' title='bbox 881 3539 969 3607; x_wconf 92' lang='lat' dir='ltr'><strong>qui</strong></span> <span class='ocrx_word' id='word_1_506' title='bbox 1011 3537 1309 3605; x_wconf 87' lang='lat' dir='ltr'><strong>subjectum</strong></span> <span class='ocrx_word' id='word_1_507' title='bbox 1351 3547 1407 3591; x_wconf 85' lang='lat' dir='ltr'><strong>et</strong></span> <span class='ocrx_word' id='word_1_508' title='bbox 1453 3537 1740 3591; x_wconf 79' lang='lat' dir='ltr'><strong>essentiam</strong></span> <span class='ocrx_word' id='word_1_509' title='bbox 1783 3537 1999 3592; x_wconf 91' lang='lat' dir='ltr'><strong>aliunde</strong></span> 
     </span>
    </p>
   </div>
   <div class='ocr_carea' id='block_1_67' title="bbox 438 3628 1994 3699">
    <p class='ocr_par' dir='ltr' id='par_1_67' title="bbox 438 3628 1994 3699">
     <span class='ocr_line' id='line_1_67' title="bbox 438 3628 1994 3699; baseline 0 -14"><span class='ocrx_word' id='word_1_510' title='bbox 438 3630 655 3693; x_wconf 81' lang='lat' dir='ltr'><strong>habeat,</strong></span> <span class='ocrx_word' id='word_1_511' title='bbox 688 3631 911 3699; x_wconf 79' lang='lat' dir='ltr'><strong>ﬁguram</strong></span> <span class='ocrx_word' id='word_1_512' title='bbox 950 3643 1074 3681; x_wconf 89' lang='lat' dir='ltr'><strong>vero</strong></span> <span class='ocrx_word' id='word_1_513' title='bbox 1097 3644 1159 3681; x_wconf 87' lang='lat' dir='ltr'><strong>ac</strong></span> <span class='ocrx_word' id='word_1_514' title='bbox 1187 3628 1412 3680; x_wconf 82' lang='lat' dir='ltr'><strong>formam</strong></span> <span class='ocrx_word' id='word_1_515' title='bbox 1464 3643 1492 3679; x_wconf 87' lang='lat' dir='ltr'><strong>a</strong></span> <span class='ocrx_word' id='word_1_516' title='bbox 1551 3628 1661 3682; x_wconf 88' lang='lat' dir='ltr'><strong>Deo</strong></span> <span class='ocrx_word' id='word_1_517' title='bbox 1701 3632 1994 3699; x_wconf 79' lang='lat' dir='ltr'><strong>acceperit.</strong></span> 
     </span>
    </p>
   </div>
   <div class='ocr_carea' id='block_1_68' title="bbox 438 3719 1995 3788">
    <p class='ocr_par' dir='ltr' id='par_1_68' title="bbox 438 3719 1995 3788">
     <span class='ocr_line' id='line_1_68' title="bbox 438 3719 1995 3788; baseline 0.001 -14"><span class='ocrx_word' id='word_1_518' title='bbox 438 3720 574 3775; x_wconf 88' lang='lat' dir='ltr'><strong>llinc</strong></span> <span class='ocrx_word' id='word_1_519' title='bbox 606 3732 782 3774; x_wconf 88' lang='lat' dir='ltr'><strong>autem</strong></span> <span class='ocrx_word' id='word_1_520' title='bbox 824 3719 903 3781; x_wconf 89' lang='lat' dir='ltr'><strong>ﬁt,</strong></span> <span class='ocrx_word' id='word_1_521' title='bbox 936 3730 991 3770; x_wconf 85' lang='grc' dir='ltr'><strong>ιιι</strong></span> <span class='ocrx_word' id='word_1_522' title='bbox 1025 3720 1189 3772; x_wconf 89' lang='lat' dir='ltr'><strong>Deum</strong></span> <span class='ocrx_word' id='word_1_523' title='bbox 1222 3734 1469 3788; x_wconf 86' lang='lat' dir='ltr'><strong>magnum</strong></span> <span class='ocrx_word' id='word_1_524' title='bbox 1506 3722 1874 3775; x_wconf 91' lang='lat' dir='ltr'><strong>constitutioni</strong></span> <span class='ocrx_word' id='word_1_525' title='bbox 1909 3737 1995 3775; x_wconf 89' lang='lat' dir='ltr'><strong>re-</strong></span> 
     </span>
    </p>
   </div>
   <div class='ocr_carea' id='block_1_69' title="bbox 438 3809 1997 3882">
    <p class='ocr_par' dir='ltr' id='par_1_69' title="bbox 438 3809 1997 3882">
     <span class='ocr_line' id='line_1_69' title="bbox 438 3809 1997 3882; baseline 0.001 -18"><span class='ocrx_word' id='word_1_526' title='bbox 438 3828 555 3866; x_wconf 90' lang='lat' dir='ltr'><strong>rmn</strong></span> <span class='ocrx_word' id='word_1_527' title='bbox 587 3811 862 3880; x_wconf 77' lang='lat' dir='ltr'><strong>pnet‘uissc</strong></span> <span class='ocrx_word' id='word_1_528' title='bbox 892 3809 1237 3881; x_wconf 56' lang='lat' dir='ltr'><strong>lanegcnt:</strong></span> <span class='ocrx_word' id='word_1_529' title='bbox 1287 3811 1379 3864; x_wconf 90' lang='lat' dir='ltr'><strong>sed</strong></span> <span class='ocrx_word' id='word_1_530' title='bbox 1409 3825 1529 3863; x_wconf 88' lang='lat' dir='ltr'><strong>eum</strong></span> <span class='ocrx_word' id='word_1_531' title='bbox 1566 3820 1815 3876; x_wconf 90' lang='lat' dir='ltr'><strong>tanquam</strong></span> <span class='ocrx_word' id='word_1_532' title='bbox 1846 3826 1997 3882; x_wconf 81' lang='lat' dir='ltr'><strong>sym-</strong></span> 
     </span>
    </p>
   </div>
   <div class='ocr_carea' id='block_1_70' title="bbox 436 3902 1997 3974">
    <p class='ocr_par' dir='ltr' id='par_1_70' title="bbox 436 3902 1997 3974">
     <span class='ocr_line' id='line_1_70' title="bbox 436 3902 1997 3974; baseline -0.003 -14"><span class='ocrx_word' id='word_1_533' title='bbox 436 3906 615 3961; x_wconf 84' lang='lat' dir='ltr'><strong>bolam</strong></span> <span class='ocrx_word' id='word_1_534' title='bbox 658 3905 943 3974; x_wconf 86' lang='lat' dir='ltr'><strong>quamdam</strong></span> <span class='ocrx_word' id='word_1_535' title='bbox 986 3902 1341 3971; x_wconf 86' lang='lat' dir='ltr'><strong>supplentem,</strong></span> <span class='ocrx_word' id='word_1_536' title='bbox 1382 3903 1644 3956; x_wconf 90' lang='lat' dir='ltr'><strong>modicam</strong></span> <span class='ocrx_word' id='word_1_537' title='bbox 1707 3905 1997 3973; x_wconf 88' lang='lat' dir='ltr'><strong>quamdam</strong></span> 
     </span>
    </p>
   </div>
   <div class='ocr_carea' id='block_1_71' title="bbox 437 3994 1998 4068">
    <p class='ocr_par' dir='ltr' id='par_1_71' title="bbox 437 3994 1998 4068">
     <span class='ocr_line' id='line_1_71' title="bbox 437 3994 1998 4068; baseline 0 -18"><span class='ocrx_word' id='word_1_538' title='bbox 437 3997 739 4068; x_wconf 87' lang='lat' dir='ltr'><strong>portionem</strong></span> <span class='ocrx_word' id='word_1_539' title='bbox 781 3997 847 4048; x_wconf 88' lang='lat' dir='ltr'><strong>ad</strong></span> <span class='ocrx_word' id='word_1_540' title='bbox 897 4011 1075 4049; x_wconf 90' lang='lat' dir='ltr'><strong>rerum</strong></span> <span class='ocrx_word' id='word_1_541' title='bbox 1121 3994 1522 4064; x_wconf 89' lang='lat' dir='ltr'><strong>generationem</strong></span> <span class='ocrx_word' id='word_1_542' title='bbox 1550 3995 1617 4049; x_wconf 86' lang='lat' dir='ltr'><strong>de</strong></span> <span class='ocrx_word' id='word_1_543' title='bbox 1662 3996 1842 4064; x_wconf 91' lang='lat' dir='ltr'><strong>seipso</strong></span> <span class='ocrx_word' id='word_1_544' title='bbox 1874 4011 1998 4050; x_wconf 90' lang='lat' dir='ltr'><strong>con-</strong></span> 
     </span>
    </p>
   </div>
   <div class='ocr_carea' id='block_1_72' title="bbox 439 4086 1997 4159">
    <p class='ocr_par' dir='ltr' id='par_1_72' title="bbox 439 4086 1997 4159">
     <span class='ocr_line' id='line_1_72' title="bbox 439 4086 1997 4159; baseline -0.001 -16"><span class='ocrx_word' id='word_1_545' title='bbox 439 4090 627 4144; x_wconf 85' lang='lat' dir='ltr'><strong>tulisse</strong></span> <span class='ocrx_word' id='word_1_546' title='bbox 658 4107 672 4143; x_wconf 91' lang='lat'>:</span> <span class='ocrx_word' id='word_1_547' title='bbox 700 4087 1130 4157; x_wconf 87' lang='lat' dir='ltr'><strong>quandoquidem</strong></span> <span class='ocrx_word' id='word_1_548' title='bbox 1176 4103 1284 4156; x_wconf 71' lang='lat' dir='ltr'><strong>pra:</strong></span> <span class='ocrx_word' id='word_1_549' title='bbox 1336 4086 1806 4143; x_wconf 86' lang='lat' dir='ltr'><strong>ratiocinationutn</strong></span> <span class='ocrx_word' id='word_1_550' title='bbox 1843 4090 1997 4159; x_wconf 84' lang='lat' dir='ltr'><strong>igno-</strong></span> 
     </span>
    </p>
   </div>
   <div class='ocr_carea' id='block_1_73' title="bbox 438 4179 1999 4251">
    <p class='ocr_par' dir='ltr' id='par_1_73' title="bbox 438 4179 1999 4251">
     <span class='ocr_line' id='line_1_73' title="bbox 438 4179 1999 4251; baseline -0.001 -16"><span class='ocrx_word' id='word_1_551' title='bbox 438 4182 666 4245; x_wconf 86' lang='lat' dir='ltr'><strong>bilitate,</strong></span> <span class='ocrx_word' id='word_1_552' title='bbox 695 4182 760 4233; x_wconf 90' lang='lat' dir='ltr'><strong>ad</strong></span> <span class='ocrx_word' id='word_1_553' title='bbox 790 4181 1033 4233; x_wconf 88' lang='lat' dir='ltr'><strong>veritatis</strong></span> <span class='ocrx_word' id='word_1_554' title='bbox 1063 4179 1449 4234; x_wconf 88' lang='lat' dir='ltr'><strong>sublimitatem</strong></span> <span class='ocrx_word' id='word_1_555' title='bbox 1485 4182 1753 4250; x_wconf 87' lang='lat' dir='ltr'><strong>respicere</strong></span> <span class='ocrx_word' id='word_1_556' title='bbox 1783 4196 1889 4235; x_wconf 93' lang='lat' dir='ltr'><strong>non</strong></span> <span class='ocrx_word' id='word_1_557' title='bbox 1912 4197 1999 4251; x_wconf 86' lang='lat' dir='ltr'><strong>po-</strong></span> 
     </span>
    </p>
   </div>
   <div class='ocr_carea' id='block_1_74' title="bbox 440 4271 1999 4341">
    <p class='ocr_par' dir='ltr' id='par_1_74' title="bbox 440 4271 1999 4341">
     <span class='ocr_line' id='line_1_74' title="bbox 440 4271 1999 4341; baseline 0 -15"><span class='ocrx_word' id='word_1_558' title='bbox 440 4284 621 4336; x_wconf 87' lang='lat' dir='ltr'><strong>tuere;</strong></span> <span class='ocrx_word' id='word_1_559' title='bbox 647 4272 770 4341; x_wconf 88' lang='lat' dir='ltr'><strong>quia</strong></span> <span class='ocrx_word' id='word_1_560' title='bbox 804 4282 948 4325; x_wconf 90' lang='lat' dir='ltr'><strong>artes</strong></span> <span class='ocrx_word' id='word_1_561' title='bbox 974 4271 1061 4325; x_wconf 86' lang='lat' dir='ltr'><strong>hic</strong></span> <span class='ocrx_word' id='word_1_562' title='bbox 1098 4272 1325 4325; x_wconf 86' lang='lat' dir='ltr'><strong>materia</strong></span> <span class='ocrx_word' id='word_1_563' title='bbox 1365 4282 1490 4325; x_wconf 91' lang='lat' dir='ltr'><strong>sunt</strong></span> <span class='ocrx_word' id='word_1_564' title='bbox 1519 4274 1869 4340; x_wconf 88' lang='lat' dir='ltr'><strong>posteriores,</strong></span> <span class='ocrx_word' id='word_1_565' title='bbox 1913 4284 1999 4326; x_wconf 87' lang='lat' dir='ltr'><strong>ut-</strong></span> 
     </span>
    </p>
   </div>
   <div class='ocr_carea' id='block_1_75' title="bbox 439 4362 1991 4432">
    <p class='ocr_par' dir='ltr' id='par_1_75' title="bbox 439 4362 1991 4432">
     <span class='ocr_line' id='line_1_75' title="bbox 439 4362 1991 4432; baseline 0 -15"><span class='ocrx_word' id='word_1_566' title='bbox 439 4374 563 4432; x_wconf 92' lang='lat' dir='ltr'><strong>pote</strong></span> <span class='ocrx_word' id='word_1_567' title='bbox 595 4362 663 4416; x_wconf 89' lang='lat' dir='ltr'><strong>ob</strong></span> <span class='ocrx_word' id='word_1_568' title='bbox 708 4377 835 4416; x_wconf 89' lang='lat' dir='ltr'><strong>usus</strong></span> <span class='ocrx_word' id='word_1_569' title='bbox 884 4362 1261 4416; x_wconf 86' lang='lat' dir='ltr'><strong>necessitatem</strong></span> <span class='ocrx_word' id='word_1_570' title='bbox 1322 4362 1372 4413; x_wconf 94' lang='lat' dir='ltr'><strong>in</strong></span> <span class='ocrx_word' id='word_1_571' title='bbox 1437 4362 1602 4415; x_wconf 87' lang='lat' dir='ltr'><strong>vitam</strong></span> <span class='ocrx_word' id='word_1_572' title='bbox 1649 4362 1991 4418; x_wconf 69' lang='lat' dir='ltr'><strong>introdttcue.</strong></span> 
     </span>
    </p>
   </div>
   <div class='ocr_carea' id='block_1_76' title="bbox 2102 3168 3662 3251">
    <p class='ocr_par' dir='ltr' id='par_1_76' title="bbox 2102 3168 3662 3251">
     <span class='ocr_line' id='line_1_76' title="bbox 2102 3168 3662 3251; baseline 0.008 -31"><span class='ocrx_word' id='word_1_573' title='bbox 2102 3168 2477 3239; x_wconf 85' lang='grc' dir='ltr'>δημιουργίας,</span> <span class='ocrx_word' id='word_1_574' title='bbox 2521 3172 2580 3223; x_wconf 86' lang='grc' dir='ltr'>τὸ</span> <span class='ocrx_word' id='word_1_575' title='bbox 2620 3173 2717 3240; x_wconf 84' lang='grc' dir='ltr'>μὲν</span> <span class='ocrx_word' id='word_1_576' title='bbox 2752 3174 2934 3244; x_wconf 84' lang='grc' dir='ltr'>σχῆμα</span> <span class='ocrx_word' id='word_1_577' title='bbox 2979 3175 3071 3228; x_wconf 85' lang='grc' dir='ltr'><strong>τοῦ</strong></span> <span class='ocrx_word' id='word_1_578' title='bbox 3107 3176 3310 3247; x_wconf 88' lang='grc' dir='ltr'>κόσμου</span> <span class='ocrx_word' id='word_1_579' title='bbox 3370 3176 3521 3251; x_wconf 78' lang='grc' dir='ltr'><strong>πᾶρὰ</strong></span> <span class='ocrx_word' id='word_1_580' title='bbox 3561 3179 3662 3248; x_wconf 75' lang='grc' dir='ltr'>τῆς</span> 
     </span>
    </p>
   </div>
   <div class='ocr_carea' id='block_1_77' title="bbox 2100 3259 3661 3342">
    <p class='ocr_par' dir='ltr' id='par_1_77' title="bbox 2100 3259 3661 3342">
     <span class='ocr_line' id='line_1_77' title="bbox 2100 3259 3661 3342; baseline 0.009 -32"><span class='ocrx_word' id='word_1_581' title='bbox 2100 3259 2291 3326; x_wconf 87' lang='grc' dir='ltr'>σοφίας</span> <span class='ocrx_word' id='word_1_582' title='bbox 2333 3260 2570 3329; x_wconf 80' lang='grc' dir='ltr'>ὲπῆχθαι</span> <span class='ocrx_word' id='word_1_583' title='bbox 2615 3263 2689 3331; x_wconf 74' lang='lat'><strong>(9.)</strong></span> <span class='ocrx_word' id='word_1_584' title='bbox 2736 3263 2828 3316; x_wconf 85' lang='grc' dir='ltr'><strong>τοῦ</strong></span> <span class='ocrx_word' id='word_1_585' title='bbox 2860 3265 3083 3334; x_wconf 86' lang='grc' dir='ltr'>ποιητοῦ</span> <span class='ocrx_word' id='word_1_586' title='bbox 3134 3269 3239 3320; x_wconf 84' lang='grc' dir='ltr'><strong>τῶν</strong></span> <span class='ocrx_word' id='word_1_587' title='bbox 3280 3268 3433 3333; x_wconf 84' lang='grc' dir='ltr'>ὅλων,</span> <span class='ocrx_word' id='word_1_588' title='bbox 3480 3269 3573 3342; x_wconf 74' lang='grc' dir='ltr'>τὴν</span> <span class='ocrx_word' id='word_1_589' title='bbox 3603 3270 3661 3325; x_wconf 73' lang='grc' dir='ltr'>δὲ</span> 
     </span>
    </p>
   </div>
   <div class='ocr_carea' id='block_1_78' title="bbox 2101 3349 3661 3431">
    <p class='ocr_par' dir='ltr' id='par_1_78' title="bbox 2101 3349 3661 3431">
     <span class='ocr_line' id='line_1_78' title="bbox 2101 3349 3661 3431; baseline 0.011 -32"><span class='ocrx_word' id='word_1_590' title='bbox 2101 3349 2229 3418; x_wconf 79' lang='grc' dir='ltr'>ὕλην</span> <span class='ocrx_word' id='word_1_591' title='bbox 2265 3349 2462 3413; x_wconf 81' lang='grc' dir='ltr'>ἔξωθεν</span> <span class='ocrx_word' id='word_1_592' title='bbox 2500 3352 2898 3424; x_wconf 82' lang='grc' dir='ltr'>ὑποϐεϐλῆσθαι</span> <span class='ocrx_word' id='word_1_593' title='bbox 2937 3356 3014 3427; x_wconf 84' lang='grc' dir='ltr'>τῷ</span> <span class='ocrx_word' id='word_1_594' title='bbox 3060 3358 3335 3426; x_wconf 87' lang='grc' dir='ltr'>κτίσαντι,</span> <span class='ocrx_word' id='word_1_595' title='bbox 3372 3362 3464 3414; x_wconf 75' lang='grc' dir='ltr'>καὶ</span> <span class='ocrx_word' id='word_1_596' title='bbox 3506 3379 3661 3431; x_wconf 87' lang='grc' dir='ltr'>γεγε-</span> 
     </span>
    </p>
   </div>
   <div class='ocr_carea' id='block_1_79' title="bbox 2100 3441 3661 3525">
    <p class='ocr_par' dir='ltr' id='par_1_79' title="bbox 2100 3441 3661 3525">
     <span class='ocr_line' id='line_1_79' title="bbox 2100 3441 3661 3525; baseline 0.011 -33"><span class='ocrx_word' id='word_1_597' title='bbox 2100 3441 2294 3511; x_wconf 80' lang='grc' dir='ltr'>νῆσθαι</span> <span class='ocrx_word' id='word_1_598' title='bbox 2344 3442 2438 3495; x_wconf 80' lang='grc' dir='ltr'><strong>τὸν</strong></span> <span class='ocrx_word' id='word_1_599' title='bbox 2485 3444 2684 3514; x_wconf 87' lang='grc' dir='ltr'>κόσμον</span> <span class='ocrx_word' id='word_1_600' title='bbox 2733 3448 3001 3513; x_wconf 87' lang='grc' dir='ltr'>σύνθετον,</span> <span class='ocrx_word' id='word_1_601' title='bbox 3045 3451 3103 3503; x_wconf 84' lang='grc' dir='ltr'><strong>τὸ</strong></span> <span class='ocrx_word' id='word_1_602' title='bbox 3162 3453 3258 3522; x_wconf 85' lang='grc' dir='ltr'><strong>μὲν</strong></span> <span class='ocrx_word' id='word_1_603' title='bbox 3312 3455 3661 3525; x_wconf 84' lang='grc' dir='ltr'>ὑποκείμενον</span> 
     </span>
    </p>
   </div>
   <div class='ocr_carea' id='block_1_80' title="bbox 2100 3532 3661 3612">
    <p class='ocr_par' dir='ltr' id='par_1_80' title="bbox 2100 3532 3661 3612">
     <span class='ocr_line' id='line_1_80' title="bbox 2100 3532 3661 3612; baseline 0.01 -31"><span class='ocrx_word' id='word_1_604' title='bbox 2100 3532 2192 3582; x_wconf 76' lang='grc' dir='ltr'><strong>καὶ</strong></span> <span class='ocrx_word' id='word_1_605' title='bbox 2229 3533 2325 3602; x_wconf 76' lang='grc' dir='ltr'><strong>τὴν</strong></span> <span class='ocrx_word' id='word_1_606' title='bbox 2354 3533 2537 3586; x_wconf 85' lang='grc' dir='ltr'>οὑσίαν</span> <span class='ocrx_word' id='word_1_607' title='bbox 2588 3535 2852 3606; x_wconf 76' lang='grc' dir='ltr'>ἑτέρωθεν</span> <span class='ocrx_word' id='word_1_608' title='bbox 2892 3537 3102 3607; x_wconf 78' lang='grc' dir='ltr'>ἔχοντα,</span> <span class='ocrx_word' id='word_1_609' title='bbox 3142 3541 3202 3592; x_wconf 84' lang='grc' dir='ltr'><strong>τὸ</strong></span> <span class='ocrx_word' id='word_1_610' title='bbox 3244 3540 3300 3593; x_wconf 83' lang='grc' dir='ltr'>δὲ</span> <span class='ocrx_word' id='word_1_611' title='bbox 3342 3542 3526 3612; x_wconf 82' lang='grc' dir='ltr'>σχῆμα</span> <span class='ocrx_word' id='word_1_612' title='bbox 3568 3543 3661 3596; x_wconf 73' lang='grc' dir='ltr'><strong>καὶ</strong></span> 
     </span>
    </p>
   </div>
   <div class='ocr_carea' id='block_1_81' title="bbox 2098 3623 3658 3699">
    <p class='ocr_par' dir='ltr' id='par_1_81' title="bbox 2098 3623 3658 3699">
     <span class='ocr_line' id='line_1_81' title="bbox 2098 3623 3658 3699; baseline 0.011 -27"><span class='ocrx_word' id='word_1_613' title='bbox 2098 3623 2194 3692; x_wconf 81' lang='grc' dir='ltr'>τὴν</span> <span class='ocrx_word' id='word_1_614' title='bbox 2234 3624 2444 3694; x_wconf 81' lang='grc' dir='ltr'>μορφὴν</span> <span class='ocrx_word' id='word_1_615' title='bbox 2471 3624 2622 3695; x_wconf 73' lang='grc' dir='ltr'>παρὰ</span> <span class='ocrx_word' id='word_1_616' title='bbox 2658 3626 2794 3678; x_wconf 87' lang='grc' dir='ltr'>Θεοῦ</span> <span class='ocrx_word' id='word_1_617' title='bbox 2839 3629 3228 3699; x_wconf 85' lang='grc' dir='ltr'>προσλαϐόντα.</span> <span class='ocrx_word' id='word_1_618' title='bbox 3264 3634 3356 3685; x_wconf 83' lang='grc' dir='ltr'>Ἐκ</span> <span class='ocrx_word' id='word_1_619' title='bbox 3381 3634 3435 3686; x_wconf 82' lang='grc' dir='ltr'>δὲ</span> <span class='ocrx_word' id='word_1_620' title='bbox 3475 3634 3658 3688; x_wconf 83' lang='grc' dir='ltr'>τούτου</span> 
     </span>
    </p>
   </div>
   <div class='ocr_carea' id='block_1_82' title="bbox 2100 3716 3659 3796">
    <p class='ocr_par' dir='ltr' id='par_1_82' title="bbox 2100 3716 3659 3796">
     <span class='ocr_line' id='line_1_82' title="bbox 2100 3716 3659 3796; baseline 0.009 -30"><span class='ocrx_word' id='word_1_621' title='bbox 2100 3716 2280 3777; x_wconf 81' lang='grc' dir='ltr'>αὑτοῖς</span> <span class='ocrx_word' id='word_1_622' title='bbox 2321 3716 2551 3786; x_wconf 81' lang='grc' dir='ltr'>ὑπάρχει</span> <span class='ocrx_word' id='word_1_623' title='bbox 2591 3717 2867 3787; x_wconf 85' lang='grc' dir='ltr'>ἀρνεῖσθαι</span> <span class='ocrx_word' id='word_1_624' title='bbox 2918 3721 3016 3790; x_wconf 81' lang='grc' dir='ltr'>μὲν</span> <span class='ocrx_word' id='word_1_625' title='bbox 3057 3723 3147 3775; x_wconf 80' lang='grc' dir='ltr'><strong>τὸν</strong></span> <span class='ocrx_word' id='word_1_626' title='bbox 3190 3724 3362 3794; x_wconf 84' lang='grc' dir='ltr'>μέγαν</span> <span class='ocrx_word' id='word_1_627' title='bbox 3391 3724 3520 3779; x_wconf 81' lang='grc' dir='ltr'>Θεὸν</span> <span class='ocrx_word' id='word_1_628' title='bbox 3561 3727 3659 3796; x_wconf 74' lang='grc' dir='ltr'><strong>τῆς</strong></span> 
     </span>
    </p>
   </div>
   <div class='ocr_carea' id='block_1_83' title="bbox 2102 3807 3657 3888">
    <p class='ocr_par' dir='ltr' id='par_1_83' title="bbox 2102 3807 3657 3888">
     <span class='ocr_line' id='line_1_83' title="bbox 2102 3807 3657 3888; baseline 0.009 -31"><span class='ocrx_word' id='word_1_629' title='bbox 2102 3807 2404 3870; x_wconf 77' lang='grc' dir='ltr'>συστάσεως</span> <span class='ocrx_word' id='word_1_630' title='bbox 2441 3807 2547 3859; x_wconf 85' lang='grc' dir='ltr'><strong>τῶν</strong></span> <span class='ocrx_word' id='word_1_631' title='bbox 2575 3808 2741 3860; x_wconf 77' lang='grc' dir='ltr'>ὄντων</span> <span class='ocrx_word' id='word_1_632' title='bbox 2774 3813 3193 3882; x_wconf 86' lang='grc' dir='ltr'>προεστηκέναι,</span> <span class='ocrx_word' id='word_1_633' title='bbox 3225 3810 3336 3867; x_wconf 76' lang='grc' dir='ltr'>οἷον</span> <span class='ocrx_word' id='word_1_634' title='bbox 3376 3816 3430 3868; x_wconf 86' lang='grc' dir='ltr'><strong>δὲ</strong></span> <span class='ocrx_word' id='word_1_635' title='bbox 3466 3818 3657 3888; x_wconf 79' lang='grc' dir='ltr'>ἐράνου</span> 
     </span>
    </p>
   </div>
   <div class='ocr_carea' id='block_1_84' title="bbox 2098 3896 3659 3978">
    <p class='ocr_par' dir='ltr' id='par_1_84' title="bbox 2098 3896 3659 3978">
     <span class='ocr_line' id='line_1_84' title="bbox 2098 3896 3659 3978; baseline 0.009 -32"><span class='ocrx_word' id='word_1_636' title='bbox 2098 3897 2241 3958; x_wconf 86' lang='grc' dir='ltr'>τινὸς</span> <span class='ocrx_word' id='word_1_637' title='bbox 2285 3896 2591 3967; x_wconf 82' lang='grc' dir='ltr'>πληρωτὴν,</span> <span class='ocrx_word' id='word_1_638' title='bbox 2633 3897 2818 3969; x_wconf 82' lang='grc' dir='ltr'>ὀλίγην</span> <span class='ocrx_word' id='word_1_639' title='bbox 2864 3902 2986 3955; x_wconf 80' lang='grc' dir='ltr'>τινὰ</span> <span class='ocrx_word' id='word_1_640' title='bbox 3035 3907 3228 3974; x_wconf 89' lang='grc' dir='ltr'>μοῖραν</span> <span class='ocrx_word' id='word_1_641' title='bbox 3278 3906 3356 3969; x_wconf 85' lang='grc' dir='ltr'><strong>είς</strong></span> <span class='ocrx_word' id='word_1_642' title='bbox 3408 3906 3502 3978; x_wconf 82' lang='grc' dir='ltr'>τὴν</span> <span class='ocrx_word' id='word_1_643' title='bbox 3550 3908 3659 3960; x_wconf 82' lang='grc' dir='ltr'>τῶν</span> 
     </span>
    </p>
   </div>
   <div class='ocr_carea' id='block_1_85' title="bbox 2099 3986 3661 4068">
    <p class='ocr_par' dir='ltr' id='par_1_85' title="bbox 2099 3986 3661 4068">
     <span class='ocr_line' id='line_1_85' title="bbox 2099 3986 3661 4068; baseline 0.009 -30"><span class='ocrx_word' id='word_1_644' title='bbox 2099 3986 2264 4041; x_wconf 71' lang='grc' dir='ltr'>ὄντων</span> <span class='ocrx_word' id='word_1_645' title='bbox 2304 3988 2514 4057; x_wconf 85' lang='grc' dir='ltr'>γένεσιν</span> <span class='ocrx_word' id='word_1_646' title='bbox 2550 3992 2679 4059; x_wconf 85' lang='grc' dir='ltr'>παρ’</span> <span class='ocrx_word' id='word_1_647' title='bbox 2714 3991 2905 4045; x_wconf 79' lang='grc' dir='ltr'>ἑαυτοῦ</span> <span class='ocrx_word' id='word_1_648' title='bbox 2940 3994 3375 4066; x_wconf 86' lang='grc' dir='ltr'>συμϐεϐλῆσθαι·</span> <span class='ocrx_word' id='word_1_649' title='bbox 3409 3999 3469 4050; x_wconf 89' lang='grc' dir='ltr'><strong>οὑ</strong></span> <span class='ocrx_word' id='word_1_650' title='bbox 3506 3999 3661 4068; x_wconf 86' lang='grc' dir='ltr'>δυνη-</span> 
     </span>
    </p>
   </div>
   <div class='ocr_carea' id='block_1_86' title="bbox 2101 4079 3657 4161">
    <p class='ocr_par' dir='ltr' id='par_1_86' title="bbox 2101 4079 3657 4161">
     <span class='ocr_line' id='line_1_86' title="bbox 2101 4079 3657 4161; baseline 0.008 -30"><span class='ocrx_word' id='word_1_651' title='bbox 2101 4079 2282 4143; x_wconf 86' lang='grc' dir='ltr'>θέντες</span> <span class='ocrx_word' id='word_1_652' title='bbox 2313 4080 2399 4133; x_wconf 81' lang='grc' dir='ltr'>διὰ</span> <span class='ocrx_word' id='word_1_653' title='bbox 2439 4081 2712 4153; x_wconf 84' lang='grc' dir='ltr'>λογισμῶν</span> <span class='ocrx_word' id='word_1_654' title='bbox 2740 4084 3104 4155; x_wconf 85' lang='grc' dir='ltr'>ταπεινότητα</span> <span class='ocrx_word' id='word_1_655' title='bbox 3134 4088 3269 4159; x_wconf 82' lang='grc' dir='ltr'>πρὸς</span> <span class='ocrx_word' id='word_1_656' title='bbox 3310 4088 3369 4141; x_wconf 85' lang='grc' dir='ltr'><strong>τὸ</strong></span> <span class='ocrx_word' id='word_1_657' title='bbox 3412 4088 3542 4159; x_wconf 55' lang='lat' dir='ltr'><strong>Wo;</strong></span> <span class='ocrx_word' id='word_1_658' title='bbox 3584 4091 3657 4161; x_wconf 81' lang='lat'><strong>(5)</strong></span> 
     </span>
    </p>
   </div>
   <div class='ocr_carea' id='block_1_87' title="bbox 2100 4174 3657 4251">
    <p class='ocr_par' dir='ltr' id='par_1_87' title="bbox 2100 4174 3657 4251">
     <span class='ocr_line' id='line_1_87' title="bbox 2100 4174 3657 4251; baseline 0.006 -26"><span class='ocrx_word' id='word_1_659' title='bbox 2100 4174 2308 4226; x_wconf 86' lang='grc' dir='ltr'>ἀπιδεῖν</span> <span class='ocrx_word' id='word_1_660' title='bbox 2356 4175 2451 4244; x_wconf 81' lang='grc' dir='ltr'><strong>τῆς</strong></span> <span class='ocrx_word' id='word_1_661' title='bbox 2505 4175 2789 4245; x_wconf 82' lang='grc' dir='ltr'>άληθείας’</span> <span class='ocrx_word' id='word_1_662' title='bbox 2833 4178 2914 4229; x_wconf 86' lang='grc' dir='ltr'>ὃτι</span> <span class='ocrx_word' id='word_1_663' title='bbox 2955 4178 3186 4231; x_wconf 80' lang='grc' dir='ltr'>ἐνταῦθα</span> <span class='ocrx_word' id='word_1_664' title='bbox 3231 4179 3329 4249; x_wconf 87' lang='grc' dir='ltr'>μὲν</span> <span class='ocrx_word' id='word_1_665' title='bbox 3376 4184 3429 4233; x_wconf 81' lang='grc' dir='ltr'><strong>αἱ</strong></span> <span class='ocrx_word' id='word_1_666' title='bbox 3478 4183 3657 4251; x_wconf 81' lang='grc' dir='ltr'>τέχναι</span> 
     </span>
    </p>
   </div>
   <div class='ocr_carea' id='block_1_88' title="bbox 2100 4266 3658 4343">
    <p class='ocr_par' dir='ltr' id='par_1_88' title="bbox 2100 4266 3658 4343">
     <span class='ocr_line' id='line_1_88' title="bbox 2100 4266 3658 4343; baseline 0.003 -24"><span class='ocrx_word' id='word_1_667' title='bbox 2100 4267 2207 4319; x_wconf 82' lang='grc' dir='ltr'>τῶν</span> <span class='ocrx_word' id='word_1_668' title='bbox 2260 4266 2399 4320; x_wconf 81' lang='grc' dir='ltr'>ὑλῶν</span> <span class='ocrx_word' id='word_1_669' title='bbox 2462 4267 2715 4339; x_wconf 80' lang='grc' dir='ltr'>ὓστεραι,</span> <span class='ocrx_word' id='word_1_670' title='bbox 2758 4268 2846 4321; x_wconf 76' lang='grc' dir='ltr'>διὰ</span> <span class='ocrx_word' id='word_1_671' title='bbox 2891 4269 2951 4321; x_wconf 82' lang='grc' dir='ltr'>τὸ</span> <span class='ocrx_word' id='word_1_672' title='bbox 2995 4270 3283 4338; x_wconf 81' lang='grc' dir='ltr'>ἀναγκαῖον</span> <span class='ocrx_word' id='word_1_673' title='bbox 3333 4272 3429 4342; x_wconf 81' lang='grc' dir='ltr'>τῆς</span> <span class='ocrx_word' id='word_1_674' title='bbox 3478 4271 3658 4343; x_wconf 85' lang='grc' dir='ltr'>χρείας</span> 
     </span>
    </p>
   </div>
   <div class='ocr_carea' id='block_1_89' title="bbox 2102 4358 3660 4436">
    <p class='ocr_par' dir='ltr' id='par_1_89' title="bbox 2102 4358 3660 4436">
     <span class='ocr_line' id='line_1_89' title="bbox 2102 4358 3660 4436; baseline 0.007 -27"><span class='ocrx_word' id='word_1_675' title='bbox 2102 4358 2546 4430; x_wconf 85' lang='grc' dir='ltr'>παρεισαχθεῖσαι</span> <span class='ocrx_word' id='word_1_676' title='bbox 2591 4360 2668 4430; x_wconf 80' lang='grc' dir='ltr'>τῷ</span> <span class='ocrx_word' id='word_1_677' title='bbox 2707 4361 2821 4432; x_wconf 83' lang='grc' dir='ltr'>βίῳ.</span> <span class='ocrx_word' id='word_1_678' title='bbox 2867 4362 2938 4415; x_wconf 81' lang='grc' dir='ltr'>Τὸ</span> <span class='ocrx_word' id='word_1_679' title='bbox 2987 4364 3084 4433; x_wconf 83' lang='grc' dir='ltr'><strong>μὲν</strong></span> <span class='ocrx_word' id='word_1_680' title='bbox 3117 4365 3223 4436; x_wconf 86' lang='grc' dir='ltr'><strong>γὰρ</strong></span> <span class='ocrx_word' id='word_1_681' title='bbox 3269 4364 3413 4435; x_wconf 87' lang='grc' dir='ltr'>ἔριον</span> <span class='ocrx_word' id='word_1_682' title='bbox 3460 4370 3660 4436; x_wconf 83' lang='grc' dir='ltr'>προῦπ-</span> 
     </span>
    </p>
   </div>
   <div class='ocr_carea' id='block_1_90' title="bbox 437 4449 1994 4528">
    <p class='ocr_par' dir='ltr' id='par_1_90' title="bbox 437 4453 1994 4523">
     <span class='ocr_line' id='line_1_90' title="bbox 437 4453 1994 4523; baseline 0.002 -15"><span class='ocrx_word' id='word_1_683' title='bbox 437 4455 585 4509; x_wconf 87' lang='lat' dir='ltr'><strong>Lana</strong></span> <span class='ocrx_word' id='word_1_684' title='bbox 608 4455 749 4508; x_wconf 90' lang='lat' dir='ltr'><strong>enim</strong></span> <span class='ocrx_word' id='word_1_685' title='bbox 790 4453 937 4523; x_wconf 82' lang='lat' dir='ltr'><strong>prius</strong></span> <span class='ocrx_word' id='word_1_686' title='bbox 971 4455 1175 4508; x_wconf 78' lang='lat' dir='ltr'><strong>exstitit</strong></span> <span class='ocrx_word' id='word_1_687' title='bbox 1208 4472 1222 4509; x_wconf 90' lang='lat'><strong>:</strong></span> <span class='ocrx_word' id='word_1_688' title='bbox 1249 4469 1337 4508; x_wconf 88' lang='lat' dir='ltr'><strong>ars</strong></span> <span class='ocrx_word' id='word_1_689' title='bbox 1378 4468 1506 4507; x_wconf 82' lang='lat' dir='ltr'><strong>vero</strong></span> <span class='ocrx_word' id='word_1_690' title='bbox 1538 4455 1763 4508; x_wconf 83' lang='lat' dir='ltr'><strong>textoria</strong></span> <span class='ocrx_word' id='word_1_691' title='bbox 1789 4471 1994 4511; x_wconf 85' lang='lat' dir='ltr'><strong>succes-</strong></span> 
     </span>
    </p>
   </div>
   <div class='ocr_carea' id='block_1_91' title="bbox 2098 4449 3660 4528">
    <p class='ocr_par' dir='ltr' id='par_1_91' title="bbox 2104 4450 3660 4528">
     <span class='ocr_line' id='line_1_91' title="bbox 2104 4450 3660 4528; baseline 0.005 -26"><span class='ocrx_word' id='word_1_692' title='bbox 2104 4450 2291 4521; x_wconf 75' lang='grc' dir='ltr'>ἦρχεν,</span> <span class='ocrx_word' id='word_1_693' title='bbox 2331 4453 2363 4521; x_wconf 78' lang='grc' dir='ltr'><strong>ἡ</strong></span> <span class='ocrx_word' id='word_1_694' title='bbox 2401 4452 2455 4505; x_wconf 79' lang='grc' dir='ltr'>δὲ</span> <span class='ocrx_word' id='word_1_695' title='bbox 2524 4453 2787 4524; x_wconf 80' lang='grc' dir='ltr'>ὑφαντικὴ</span> <span class='ocrx_word' id='word_1_696' title='bbox 2849 4454 3155 4522; x_wconf 77' lang='grc' dir='ltr'>ἐπεγένετο,</span> <span class='ocrx_word' id='word_1_697' title='bbox 3201 4456 3263 4509; x_wconf 84' lang='grc' dir='ltr'><strong>τὸ</strong></span> <span class='ocrx_word' id='word_1_698' title='bbox 3298 4458 3399 4528; x_wconf 81' lang='grc' dir='ltr'>τῆς</span> <span class='ocrx_word' id='word_1_699' title='bbox 3448 4458 3660 4527; x_wconf 85' lang='grc' dir='ltr'>φύσεως</span> 
     </span>
    </p>
   </div>
   <div class='ocr_carea' id='block_1_92' title="bbox 440 4545 1994 4614">
    <p class='ocr_par' dir='ltr' id='par_1_92' title="bbox 440 4545 1994 4614">
     <span class='ocr_line' id='line_1_92' title="bbox 440 4545 1994 4614; baseline -0.001 -13"><span class='ocrx_word' id='word_1_700' title='bbox 440 4546 531 4611; x_wconf 89' lang='lat' dir='ltr'><strong>sit,</strong></span> <span class='ocrx_word' id='word_1_701' title='bbox 554 4545 818 4601; x_wconf 80' lang='lat' dir='ltr'><strong>deiectum</strong></span> <span class='ocrx_word' id='word_1_702' title='bbox 872 4555 1080 4598; x_wconf 67' lang='lat' dir='ltr'><strong>naturae</strong></span> <span class='ocrx_word' id='word_1_703' title='bbox 1125 4561 1189 4598; x_wconf 80' lang='lat' dir='ltr'><strong>ex</strong></span> <span class='ocrx_word' id='word_1_704' title='bbox 1232 4559 1290 4598; x_wconf 89' lang='lat' dir='ltr'><strong>se</strong></span> <span class='ocrx_word' id='word_1_705' title='bbox 1324 4546 1630 4614; x_wconf 72' lang='lat' dir='ltr'><strong>expletura.</strong></span> <span class='ocrx_word' id='word_1_706' title='bbox 1668 4545 1760 4600; x_wconf 88' lang='lat' dir='ltr'><strong>Sic</strong></span> <span class='ocrx_word' id='word_1_707' title='bbox 1793 4546 1994 4614; x_wconf 82' lang='lat' dir='ltr'><strong>lignum</strong></span> 
     </span>
    </p>
   </div>
   <div class='ocr_carea' id='block_1_93' title="bbox 439 4636 1999 4710">
    <p class='ocr_par' dir='ltr' id='par_1_93' title="bbox 439 4636 1999 4710">
     <span class='ocr_line' id='line_1_93' title="bbox 439 4636 1999 4710; baseline -0.001 -18"><span class='ocrx_word' id='word_1_708' title='bbox 439 4639 653 4710; x_wconf 87' lang='lat' dir='ltr'><strong>quidem</strong></span> <span class='ocrx_word' id='word_1_709' title='bbox 683 4648 800 4692; x_wconf 90' lang='lat' dir='ltr'><strong>erat</strong></span> <span class='ocrx_word' id='word_1_710' title='bbox 829 4654 843 4690; x_wconf 87' lang='lat'><strong>:</strong></span> <span class='ocrx_word' id='word_1_711' title='bbox 872 4653 935 4691; x_wconf 85' lang='lat' dir='ltr'><strong>ac</strong></span> <span class='ocrx_word' id='word_1_712' title='bbox 967 4637 1261 4690; x_wconf 88' lang='lat' dir='ltr'><strong>succedens</strong></span> <span class='ocrx_word' id='word_1_713' title='bbox 1290 4653 1377 4690; x_wconf 89' lang='lat' dir='ltr'><strong>ars</strong></span> <span class='ocrx_word' id='word_1_714' title='bbox 1408 4636 1654 4705; x_wconf 83' lang='lat' dir='ltr'><strong>lignaria,</strong></span> <span class='ocrx_word' id='word_1_715' title='bbox 1686 4639 1910 4692; x_wconf 76' lang='lat' dir='ltr'><strong>materia</strong></span> <span class='ocrx_word' id='word_1_716' title='bbox 1935 4639 1999 4691; x_wconf 90' lang='lat' dir='ltr'><strong>ad</strong></span> 
     </span>
    </p>
   </div>
   <div class='ocr_carea' id='block_1_94' title="bbox 445 4725 1998 4797">
    <p class='ocr_par' dir='ltr' id='par_1_94' title="bbox 445 4725 1998 4797">
     <span class='ocr_line' id='line_1_94' title="bbox 445 4725 1998 4797; baseline -0.002 -14"><span class='ocrx_word' id='word_1_717' title='bbox 445 4744 575 4784; x_wconf 87' lang='lat' dir='ltr'><strong>usus</strong></span> <span class='ocrx_word' id='word_1_718' title='bbox 604 4728 845 4797; x_wconf 87' lang='lat' dir='ltr'><strong>quotidie</strong></span> <span class='ocrx_word' id='word_1_719' title='bbox 871 4728 1136 4796; x_wconf 80' lang='lat' dir='ltr'><strong>expetitos</strong></span> <span class='ocrx_word' id='word_1_720' title='bbox 1156 4725 1509 4792; x_wconf 81' lang='lat' dir='ltr'><strong>conformata,</strong></span> <span class='ocrx_word' id='word_1_721' title='bbox 1544 4726 1808 4796; x_wconf 80' lang='lat' dir='ltr'><strong>lignorum</strong></span> <span class='ocrx_word' id='word_1_722' title='bbox 1844 4728 1998 4782; x_wconf 88' lang='lat' dir='ltr'><strong>nobis</strong></span> 
     </span>
    </p>
   </div>
   <div class='ocr_carea' id='block_1_95' title="bbox 441 4820 1999 4887">
    <p class='ocr_par' dir='ltr' id='par_1_95' title="bbox 441 4820 1999 4887">
     <span class='ocr_line' id='line_1_95' title="bbox 441 4820 1999 4887; baseline -0.001 -11"><span class='ocrx_word' id='word_1_723' title='bbox 441 4822 677 4877; x_wconf 86' lang='lat' dir='ltr'><strong>ostendit</strong></span> <span class='ocrx_word' id='word_1_724' title='bbox 710 4822 1017 4884; x_wconf 83' lang='lat' dir='ltr'><strong>utilitatem,</strong></span> <span class='ocrx_word' id='word_1_725' title='bbox 1054 4820 1234 4874; x_wconf 91' lang='lat' dir='ltr'><strong>nautis</strong></span> <span class='ocrx_word' id='word_1_726' title='bbox 1267 4834 1498 4883; x_wconf 89' lang='lat' dir='ltr'><strong>remum,</strong></span> <span class='ocrx_word' id='word_1_727' title='bbox 1536 4820 1787 4887; x_wconf 90' lang='lat' dir='ltr'><strong>agricolis</strong></span> <span class='ocrx_word' id='word_1_728' title='bbox 1826 4822 1999 4874; x_wconf 86' lang='lat' dir='ltr'><strong>venti-</strong></span> 
     </span>
    </p>
   </div>
   <div class='ocr_carea' id='block_1_96' title="bbox 513 5047 1994 5122">
    <p class='ocr_par' dir='ltr' id='par_1_96' title="bbox 513 5047 1994 5122">
     <span class='ocr_line' id='line_1_96' title="bbox 513 5047 1994 5122; baseline 0 -19"><span class='ocrx_word' id='word_1_729' title='bbox 513 5048 623 5122; x_wconf 66' lang='grc'><strong>(93)</strong></span> <span class='ocrx_word' id='word_1_730' title='bbox 657 5047 863 5122; x_wconf 64' lang='grc' dir='ltr'><strong>ΔΕίίἰιίθΔ</strong></span> <span class='ocrx_word' id='word_1_731' title='bbox 904 5048 1389 5122; x_wconf 39' lang='grc' dir='ltr'>Ριιτίε.Αόμὰτιμος</span> <span class='ocrx_word' id='word_1_732' title='bbox 1451 5050 1601 5104; x_wconf 81' lang='grc' dir='ltr'>ἔσται</span> <span class='ocrx_word' id='word_1_733' title='bbox 1659 5051 1769 5104; x_wconf 86' lang='grc' dir='ltr'>τῶν</span> <span class='ocrx_word' id='word_1_734' title='bbox 1820 5051 1994 5105; x_wconf 83' lang='grc' dir='ltr'>αὐτῶν</span> 
     </span>
    </p>
   </div>
   <div class='ocr_carea' id='block_1_97' title="bbox 443 5118 1746 5190">
    <p class='ocr_par' dir='ltr' id='par_1_97' title="bbox 443 5118 1746 5190">
     <span class='ocr_line' id='line_1_97' title="bbox 443 5118 1746 5190; baseline 0.002 -17"><span class='ocrx_word' id='word_1_735' title='bbox 443 5118 764 5190; x_wconf 80' lang='grc' dir='ltr'>πρεσϐείων.</span> <span class='ocrx_word' id='word_1_736' title='bbox 788 5118 855 5172; x_wconf 83' lang='lat' dir='ltr'><strong>At</strong></span> <span class='ocrx_word' id='word_1_737' title='bbox 881 5121 1043 5175; x_wconf 79' lang='lat' dir='ltr'><strong>editio</strong></span> <span class='ocrx_word' id='word_1_738' title='bbox 1083 5118 1241 5175; x_wconf 81' lang='lat' dir='ltr'><strong>Basil.</strong></span> <span class='ocrx_word' id='word_1_739' title='bbox 1280 5118 1430 5173; x_wconf 77' lang='lat' dir='ltr'><strong>itaut</strong></span> <span class='ocrx_word' id='word_1_740' title='bbox 1464 5124 1746 5176; x_wconf 84' lang='lat' dir='ltr'><strong>edidimus.</strong></span> 
     </span>
    </p>
   </div>
   <div class='ocr_carea' id='block_1_98' title="bbox 445 5190 1997 5315">
    <p class='ocr_par' dir='ltr' id='par_1_98' title="bbox 445 5190 1997 5315">
     <span class='ocr_line' id='line_1_98' title="bbox 445 5190 1997 5315; baseline 0.001 -71"><span class='ocrx_word' id='word_1_741' title='bbox 445 5260 477 5315; x_wconf 77' lang='lat' dir='ltr'><strong>d</strong></span> <span class='ocrx_word' id='word_1_742' title='bbox 513 5190 623 5311; x_wconf 49' lang='lat'><strong>(9:5)</strong></span> <span class='ocrx_word' id='word_1_743' title='bbox 648 5191 738 5243; x_wconf 78' lang='lat' dir='ltr'><strong>Sic</strong></span> <span class='ocrx_word' id='word_1_744' title='bbox 767 5200 967 5258; x_wconf 86' lang='lat' dir='ltr'><strong>septem</strong></span> <span class='ocrx_word' id='word_1_745' title='bbox 1005 5207 1131 5246; x_wconf 90' lang='lat' dir='ltr'><strong>mss.</strong></span> <span class='ocrx_word' id='word_1_746' title='bbox 1177 5192 1287 5246; x_wconf 77' lang='lat' dir='ltr'><strong>Vox</strong></span> <span class='ocrx_word' id='word_1_747' title='bbox 1314 5191 1538 5244; x_wconf 78' lang='grc' dir='ltr'>ἐκείνων</span> <span class='ocrx_word' id='word_1_748' title='bbox 1580 5191 1632 5243; x_wconf 93' lang='lat' dir='ltr'><strong>iu</strong></span> <span class='ocrx_word' id='word_1_749' title='bbox 1668 5192 1828 5245; x_wconf 86' lang='lat' dir='ltr'><strong>editis</strong></span> <span class='ocrx_word' id='word_1_750' title='bbox 1855 5191 1997 5245; x_wconf 87' lang='lat' dir='ltr'><strong>desi-</strong></span> 
     </span>
     <span class='ocr_line' id='line_1_99' title="bbox 481 5275 678 5313; baseline 0 0"><span class='ocrx_word' id='word_1_751' title='bbox 481 5276 568 5313; x_wconf 82' lang='lat' dir='ltr'><strong>era</strong></span> <span class='ocrx_word' id='word_1_752' title='bbox 598 5275 678 5313; x_wconf 90' lang='lat' dir='ltr'><strong>ur.</strong></span> 
     </span>
    </p>
   </div>
   <div class='ocr_carea' id='block_1_99' title="bbox 481 5271 678 5313">
    <p class='ocr_par' dir='ltr' id='par_1_99' title="bbox 481 5271 678 5313">
     <span class='ocr_line' id='line_1_100' title="bbox 481 5271 678 5313; baseline 0 0"><span class='ocrx_word' id='word_1_753' title='bbox 481 5271 627 5313; x_wconf 82' lang='lat' dir='ltr'><strong>eratu</strong></span> <span class='ocrx_word' id='word_1_754' title='bbox 638 5275 678 5313; x_wconf 78' lang='grc' dir='ltr'><strong>Γ.</strong></span> 
     </span>
    </p>
   </div>
   <div class='ocr_carea' id='block_1_100' title="bbox 514 5329 1995 5399">
    <p class='ocr_par' dir='ltr' id='par_1_100' title="bbox 514 5329 1995 5399">
     <span class='ocr_line' id='line_1_101' title="bbox 514 5329 1995 5399; baseline -0.001 -16"><span class='ocrx_word' id='word_1_755' title='bbox 514 5331 626 5393; x_wconf 75' lang='lat'><strong>(97)</strong></span> <span class='ocrx_word' id='word_1_756' title='bbox 654 5329 727 5382; x_wconf 84' lang='lat' dir='ltr'><strong>lla</strong></span> <span class='ocrx_word' id='word_1_757' title='bbox 759 5330 924 5383; x_wconf 82' lang='lat' dir='ltr'><strong>codex</strong></span> <span class='ocrx_word' id='word_1_758' title='bbox 965 5330 1204 5386; x_wconf 79' lang='lat' dir='ltr'><strong>Combel&#39;.</strong></span> <span class='ocrx_word' id='word_1_759' title='bbox 1232 5343 1285 5386; x_wconf 86' lang='lat' dir='ltr'><strong>et</strong></span> <span class='ocrx_word' id='word_1_760' title='bbox 1313 5332 1400 5386; x_wconf 87' lang='lat' dir='ltr'><strong>alii</strong></span> <span class='ocrx_word' id='word_1_761' title='bbox 1433 5342 1656 5399; x_wconf 83' lang='lat' dir='ltr'><strong>septem.</strong></span> <span class='ocrx_word' id='word_1_762' title='bbox 1691 5330 1865 5383; x_wconf 85' lang='lat' dir='ltr'><strong>Editin</strong></span> <span class='ocrx_word' id='word_1_763' title='bbox 1898 5329 1995 5382; x_wconf 84' lang='lat' dir='ltr'><strong>Pa-</strong></span> 
     </span>
    </p>
   </div>
   <div class='ocr_carea' id='block_1_101' title="bbox 445 5399 2001 5471">
    <p class='ocr_par' dir='ltr' id='par_1_101' title="bbox 445 5399 2001 5471">
     <span class='ocr_line' id='line_1_102' title="bbox 445 5399 2001 5471; baseline -0.001 -17"><span class='ocrx_word' id='word_1_764' title='bbox 445 5400 540 5471; x_wconf 78' lang='lat' dir='ltr'><strong>ris.</strong></span> <span class='ocrx_word' id='word_1_765' title='bbox 578 5400 762 5453; x_wconf 79' lang='grc' dir='ltr'>ἔπειτα</span> <span class='ocrx_word' id='word_1_766' title='bbox 799 5400 855 5452; x_wconf 77' lang='grc' dir='ltr'>δὲ</span> <span class='ocrx_word' id='word_1_767' title='bbox 884 5402 1116 5471; x_wconf 83' lang='grc' dir='ltr'>τοσαύτη</span> <span class='ocrx_word' id='word_1_768' title='bbox 1156 5402 1327 5455; x_wconf 74' lang='grc' dir='ltr'>ἔσται.</span> <span class='ocrx_word' id='word_1_769' title='bbox 1382 5402 1555 5455; x_wconf 80' lang='lat' dir='ltr'><strong>Editto</strong></span> <span class='ocrx_word' id='word_1_770' title='bbox 1613 5400 1774 5471; x_wconf 81' lang='lat' dir='ltr'><strong>Basil.</strong></span> <span class='ocrx_word' id='word_1_771' title='bbox 1814 5399 2001 5452; x_wconf 80' lang='grc' dir='ltr'>ἔπειτα</span> 
     </span>
    </p>
   </div>
   <div class='ocr_carea' id='block_1_102' title="bbox 449 5469 1993 5541">
    <p class='ocr_par' dir='ltr' id='par_1_102' title="bbox 449 5469 1993 5541">
     <span class='ocr_line' id='line_1_103' title="bbox 449 5469 1993 5541; baseline 0.002 -22"><span class='ocrx_word' id='word_1_772' title='bbox 449 5470 544 5539; x_wconf 78' lang='grc' dir='ltr'><strong>μὲν</strong></span> <span class='ocrx_word' id='word_1_773' title='bbox 573 5471 804 5540; x_wconf 84' lang='grc' dir='ltr'>τοσαύτη</span> <span class='ocrx_word' id='word_1_774' title='bbox 844 5470 1009 5529; x_wconf 74' lang='grc' dir='ltr'>ἐστίν.</span> <span class='ocrx_word' id='word_1_775' title='bbox 1050 5469 1167 5526; x_wconf 73' lang='lat' dir='ltr'><strong>Mox</strong></span> <span class='ocrx_word' id='word_1_776' title='bbox 1193 5474 1342 5526; x_wconf 79' lang='lat' dir='ltr'><strong>Colb.</strong></span> <span class='ocrx_word' id='word_1_777' title='bbox 1368 5475 1570 5539; x_wconf 90' lang='lat' dir='ltr'><strong>pritnns</strong></span> <span class='ocrx_word' id='word_1_778' title='bbox 1595 5469 1819 5541; x_wconf 87' lang='grc' dir='ltr'>δυνάμει</span> <span class='ocrx_word' id='word_1_779' title='bbox 1872 5472 1993 5524; x_wconf 83' lang='grc' dir='ltr'>άντ-</span> 
     </span>
    </p>
   </div>
   <div class='ocr_carea' id='block_1_103' title="bbox 447 5540 817 5607">
    <p class='ocr_par' dir='ltr' id='par_1_103' title="bbox 447 5540 817 5607">
     <span class='ocr_line' id='line_1_104' title="bbox 447 5540 817 5607; baseline 0.003 -15"><span class='ocrx_word' id='word_1_780' title='bbox 447 5540 817 5607; x_wconf 78' lang='grc' dir='ltr'>επεξάγουσιν.</span> 
     </span>
    </p>
   </div>
   <div class='ocr_carea' id='block_1_104' title="bbox 523 5608 1996 5676">
    <p class='ocr_par' dir='ltr' id='par_1_104' title="bbox 523 5608 1996 5676">
     <span class='ocr_line' id='line_1_105' title="bbox 523 5608 1996 5676; baseline 0.002 -15"><span class='ocrx_word' id='word_1_781' title='bbox 523 5611 630 5675; x_wconf 69' lang='lat'><strong>(98)</strong></span> <span class='ocrx_word' id='word_1_782' title='bbox 661 5608 768 5671; x_wconf 86' lang='lat' dir='ltr'><strong>Illa,</strong></span> <span class='ocrx_word' id='word_1_783' title='bbox 806 5612 852 5663; x_wconf 86' lang='grc' dir='ltr'>εἰ</span> <span class='ocrx_word' id='word_1_784' title='bbox 881 5612 937 5665; x_wconf 77' lang='grc' dir='ltr'>δὲ</span> <span class='ocrx_word' id='word_1_785' title='bbox 964 5614 1219 5675; x_wconf 77' lang='grc' dir='ltr'>ἐλάττων,</span> <span class='ocrx_word' id='word_1_786' title='bbox 1262 5612 1333 5665; x_wconf 89' lang='lat' dir='ltr'><strong>ita</strong></span> <span class='ocrx_word' id='word_1_787' title='bbox 1380 5610 1445 5663; x_wconf 88' lang='lat' dir='ltr'><strong>ad</strong></span> <span class='ocrx_word' id='word_1_788' title='bbox 1477 5610 1695 5663; x_wconf 86' lang='lat' dir='ltr'><strong>verbum</strong></span> <span class='ocrx_word' id='word_1_789' title='bbox 1730 5610 1996 5676; x_wconf 77' lang='lat' dir='ltr'><strong>interpre~</strong></span> 
     </span>
    </p>
   </div>
   <div class='ocr_carea' id='block_1_105' title="bbox 2106 4540 3659 4618">
    <p class='ocr_par' dir='ltr' id='par_1_105' title="bbox 2106 4540 3659 4618">
     <span class='ocr_line' id='line_1_106' title="bbox 2106 4540 3659 4618; baseline 0.006 -27"><span class='ocrx_word' id='word_1_790' title='bbox 2106 4540 2284 4592; x_wconf 83' lang='grc' dir='ltr'>ἐνδέον</span> <span class='ocrx_word' id='word_1_791' title='bbox 2318 4546 2445 4613; x_wconf 74' lang='grc' dir='ltr'>παρ’</span> <span class='ocrx_word' id='word_1_792' title='bbox 2474 4543 2667 4613; x_wconf 68' lang='grc' dir='ltr'>ἑαυτῆς</span> <span class='ocrx_word' id='word_1_793' title='bbox 2714 4544 3077 4617; x_wconf 83' lang='grc' dir='ltr'>ἐκπληροῦσα.</span> <span class='ocrx_word' id='word_1_794' title='bbox 3124 4548 3232 4600; x_wconf 73' lang='grc' dir='ltr'>Καὶ</span> <span class='ocrx_word' id='word_1_795' title='bbox 3265 4548 3325 4600; x_wconf 85' lang='grc' dir='ltr'><strong>τὸ</strong></span> <span class='ocrx_word' id='word_1_796' title='bbox 3369 4549 3466 4618; x_wconf 85' lang='grc' dir='ltr'>μὲν</span> <span class='ocrx_word' id='word_1_797' title='bbox 3508 4546 3659 4614; x_wconf 84' lang='grc' dir='ltr'>ξύλον</span> 
     </span>
    </p>
   </div>
   <div class='ocr_carea' id='block_1_106' title="bbox 2105 4630 3661 4711">
    <p class='ocr_par' dir='ltr' id='par_1_106' title="bbox 2105 4630 3661 4711">
     <span class='ocr_line' id='line_1_107' title="bbox 2105 4630 3661 4711; baseline 0.007 -28"><span class='ocrx_word' id='word_1_798' title='bbox 2105 4630 2193 4703; x_wconf 82' lang='grc' dir='ltr'>ἦν,</span> <span class='ocrx_word' id='word_1_799' title='bbox 2223 4635 2499 4706; x_wconf 85' lang='grc' dir='ltr'>τεκτονικὴ</span> <span class='ocrx_word' id='word_1_800' title='bbox 2539 4636 2593 4689; x_wconf 82' lang='grc' dir='ltr'><strong>δὲ</strong></span> <span class='ocrx_word' id='word_1_801' title='bbox 2628 4638 3034 4710; x_wconf 87' lang='grc' dir='ltr'>παραλαϐοῦσα,</span> <span class='ocrx_word' id='word_1_802' title='bbox 3077 4639 3214 4711; x_wconf 75' lang='grc' dir='ltr'>πρὸς</span> <span class='ocrx_word' id='word_1_803' title='bbox 3242 4639 3317 4710; x_wconf 69' lang='grc'><strong>(4)</strong></span> <span class='ocrx_word' id='word_1_804' title='bbox 3348 4640 3443 4711; x_wconf 85' lang='grc' dir='ltr'>τὴν</span> <span class='ocrx_word' id='word_1_805' title='bbox 3472 4639 3661 4709; x_wconf 74' lang='grc' dir='ltr'>ἐπιζη-</span> 
     </span>
    </p>
   </div>
   <div class='ocr_carea' id='block_1_107' title="bbox 2104 4726 3657 4802">
    <p class='ocr_par' dir='ltr' id='par_1_107' title="bbox 2104 4726 3657 4802">
     <span class='ocr_line' id='line_1_108' title="bbox 2104 4726 3657 4802; baseline 0.003 -24"><span class='ocrx_word' id='word_1_806' title='bbox 2104 4726 2371 4796; x_wconf 81' lang='grc' dir='ltr'>τουμένην</span> <span class='ocrx_word' id='word_1_807' title='bbox 2421 4728 2678 4781; x_wconf 80' lang='grc' dir='ltr'>ἑκάστοτε</span> <span class='ocrx_word' id='word_1_808' title='bbox 2716 4730 2900 4800; x_wconf 88' lang='grc' dir='ltr'>χρείαν</span> <span class='ocrx_word' id='word_1_809' title='bbox 2950 4729 3319 4801; x_wconf 87' lang='grc' dir='ltr'>διαμορφοῦσα</span> <span class='ocrx_word' id='word_1_810' title='bbox 3364 4731 3460 4802; x_wconf 79' lang='grc' dir='ltr'>τὴν</span> <span class='ocrx_word' id='word_1_811' title='bbox 3505 4731 3657 4801; x_wconf 80' lang='grc' dir='ltr'>ὓλην,</span> 
     </span>
    </p>
   </div>
   <div class='ocr_carea' id='block_1_108' title="bbox 2105 4820 3660 4896">
    <p class='ocr_par' dir='ltr' id='par_1_108' title="bbox 2105 4820 3660 4896">
     <span class='ocr_line' id='line_1_109' title="bbox 2105 4820 3660 4896; baseline 0.004 -23"><span class='ocrx_word' id='word_1_812' title='bbox 2105 4820 2202 4891; x_wconf 84' lang='grc' dir='ltr'>τὴν</span> <span class='ocrx_word' id='word_1_813' title='bbox 2258 4821 2583 4892; x_wconf 73' lang='grc' dir='ltr'>εὐχρηστίαν</span> <span class='ocrx_word' id='word_1_814' title='bbox 2616 4824 2745 4893; x_wconf 76' lang='grc' dir='ltr'>ἡμῖν</span> <span class='ocrx_word' id='word_1_815' title='bbox 2788 4823 2895 4875; x_wconf 82' lang='grc' dir='ltr'><strong>τῶν</strong></span> <span class='ocrx_word' id='word_1_816' title='bbox 2947 4822 3116 4887; x_wconf 83' lang='grc' dir='ltr'>ξύλων</span> <span class='ocrx_word' id='word_1_817' title='bbox 3157 4824 3429 4891; x_wconf 82' lang='grc' dir='ltr'>ὑπέδειξε,</span> <span class='ocrx_word' id='word_1_818' title='bbox 3469 4823 3660 4896; x_wconf 83' lang='grc' dir='ltr'>κώπην</span> 
     </span>
    </p>
   </div>
   <div class='ocr_carea' id='block_1_109' title="bbox 2100 5052 3379 5121">
    <p class='ocr_par' dir='ltr' id='par_1_109' title="bbox 2100 5052 3379 5121">
     <span class='ocr_line' id='line_1_110' title="bbox 2100 5052 3379 5121; baseline 0.003 -18"><span class='ocrx_word' id='word_1_819' title='bbox 2100 5069 2255 5120; x_wconf 77' lang='lat' dir='ltr'><strong>quam</strong></span> <span class='ocrx_word' id='word_1_820' title='bbox 2293 5062 2346 5105; x_wconf 84' lang='lat' dir='ltr'><strong>ut</strong></span> <span class='ocrx_word' id='word_1_821' title='bbox 2385 5052 2475 5105; x_wconf 80' lang='lat' dir='ltr'><strong>Dei</strong></span> <span class='ocrx_word' id='word_1_822' title='bbox 2500 5054 2729 5121; x_wconf 73' lang='lat' dir='ltr'><strong>operatio</strong></span> <span class='ocrx_word' id='word_1_823' title='bbox 2754 5053 2821 5104; x_wconf 82' lang='lat' dir='ltr'><strong>nd</strong></span> <span class='ocrx_word' id='word_1_824' title='bbox 2844 5070 2956 5106; x_wconf 84' lang='lat' dir='ltr'><strong>eam</strong></span> <span class='ocrx_word' id='word_1_825' title='bbox 2984 5069 3093 5107; x_wconf 83' lang='lat' dir='ltr'><strong>sese</strong></span> <span class='ocrx_word' id='word_1_826' title='bbox 3118 5058 3379 5107; x_wconf 66' lang='lat' dir='ltr'><strong>extendat.</strong></span> 
     </span>
    </p>
   </div>
   <div class='ocr_carea' id='block_1_110' title="bbox 2173 5120 3655 5192">
    <p class='ocr_par' dir='ltr' id='par_1_110' title="bbox 2173 5120 3655 5192">
     <span class='ocr_line' id='line_1_111' title="bbox 2173 5120 3655 5192; baseline 0.002 -17"><span class='ocrx_word' id='word_1_827' title='bbox 2173 5120 2281 5192; x_wconf 90' lang='lat'><strong>(99)</strong></span> <span class='ocrx_word' id='word_1_828' title='bbox 2328 5124 2500 5175; x_wconf 86' lang='lat' dir='ltr'><strong>Editio</strong></span> <span class='ocrx_word' id='word_1_829' title='bbox 2553 5123 2713 5176; x_wconf 82' lang='lat' dir='ltr'><strong>Basil.</strong></span> <span class='ocrx_word' id='word_1_830' title='bbox 2757 5136 2814 5192; x_wconf 77' lang='lat' dir='ltr'><strong>et</strong></span> <span class='ocrx_word' id='word_1_831' title='bbox 2847 5126 3049 5189; x_wconf 83' lang='lat' dir='ltr'><strong>antiqui</strong></span> <span class='ocrx_word' id='word_1_832' title='bbox 3090 5140 3182 5177; x_wconf 82' lang='lat' dir='ltr'><strong>sex</strong></span> <span class='ocrx_word' id='word_1_833' title='bbox 3230 5125 3351 5177; x_wconf 89' lang='lat' dir='ltr'><strong>libri</strong></span> <span class='ocrx_word' id='word_1_834' title='bbox 3400 5124 3579 5188; x_wconf 77' lang='grc' dir='ltr'>αὐτοῖς</span> <span class='ocrx_word' id='word_1_835' title='bbox 3631 5124 3655 5178; x_wconf 69' lang='lat'><strong>5</strong></span> 
     </span>
    </p>
   </div>
   <div class='ocr_carea' id='block_1_111' title="bbox 2102 5191 3131 5260">
    <p class='ocr_par' dir='ltr' id='par_1_111' title="bbox 2102 5191 3131 5260">
     <span class='ocr_line' id='line_1_112' title="bbox 2102 5191 3131 5260; baseline 0.002 -17"><span class='ocrx_word' id='word_1_836' title='bbox 2102 5191 2275 5260; x_wconf 67' lang='grc' dir='ltr'>λόγοςζ</span> <span class='ocrx_word' id='word_1_837' title='bbox 2307 5193 2478 5245; x_wconf 85' lang='lat' dir='ltr'><strong>Editio</strong></span> <span class='ocrx_word' id='word_1_838' title='bbox 2508 5192 2678 5246; x_wconf 87' lang='lat' dir='ltr'><strong>Paris.</strong></span> <span class='ocrx_word' id='word_1_839' title='bbox 2708 5191 2883 5245; x_wconf 80' lang='grc' dir='ltr'>αὑτῶν</span> <span class='ocrx_word' id='word_1_840' title='bbox 2906 5195 2932 5244; x_wconf 88' lang='grc' dir='ltr'>ὁ</span> <span class='ocrx_word' id='word_1_841' title='bbox 2956 5193 3131 5260; x_wconf 83' lang='grc' dir='ltr'>λόγος.</span> 
     </span>
    </p>
   </div>
   <div class='ocr_carea' id='block_1_112' title="bbox 2175 5262 3483 5332">
    <p class='ocr_par' dir='ltr' id='par_1_112' title="bbox 2175 5262 3483 5332">
     <span class='ocr_line' id='line_1_113' title="bbox 2175 5262 3483 5332; baseline 0.002 -19"><span class='ocrx_word' id='word_1_842' title='bbox 2175 5263 2249 5332; x_wconf 79' lang='grc'><strong>(1)</strong></span> <span class='ocrx_word' id='word_1_843' title='bbox 2292 5262 2363 5314; x_wconf 88' lang='lat' dir='ltr'><strong>Ita</strong></span> <span class='ocrx_word' id='word_1_844' title='bbox 2397 5262 2606 5315; x_wconf 84' lang='lat' dir='ltr'><strong>codices</strong></span> <span class='ocrx_word' id='word_1_845' title='bbox 2629 5272 2854 5332; x_wconf 83' lang='lat' dir='ltr'><strong>septem.</strong></span> <span class='ocrx_word' id='word_1_846' title='bbox 2890 5264 3045 5315; x_wconf 75' lang='lat' dir='ltr'><strong>Dcest</strong></span> <span class='ocrx_word' id='word_1_847' title='bbox 3072 5280 3123 5315; x_wconf 92' lang='grc' dir='ltr'><strong>τι</strong></span> <span class='ocrx_word' id='word_1_848' title='bbox 3154 5264 3203 5315; x_wconf 91' lang='lat' dir='ltr'><strong>in</strong></span> <span class='ocrx_word' id='word_1_849' title='bbox 3235 5262 3483 5332; x_wconf 75' lang='lat' dir='ltr'><strong>vulgatis.</strong></span> 
     </span>
    </p>
   </div>
   <div class='ocr_carea' id='block_1_113' title="bbox 2106 5331 3660 5453">
    <p class='ocr_par' dir='ltr' id='par_1_113' title="bbox 2106 5331 3660 5453">
     <span class='ocr_line' id='line_1_114' title="bbox 2106 5331 3660 5453; baseline 0.004 -70"><span class='ocrx_word' id='word_1_850' title='bbox 2106 5332 2429 5453; x_wconf 51' lang='grc' dir='ltr'>ϐλωθροιι).</span> <span class='ocrx_word' id='word_1_851' title='bbox 2460 5333 2664 5400; x_wconf 87' lang='lat' dir='ltr'><strong>primus</strong></span> <span class='ocrx_word' id='word_1_852' title='bbox 2688 5331 2948 5401; x_wconf 78' lang='grc' dir='ltr'>ὑπῆχθαι.</span> <span class='ocrx_word' id='word_1_853' title='bbox 2981 5332 3098 5387; x_wconf 80' lang='lat' dir='ltr'><strong>Mox</strong></span> <span class='ocrx_word' id='word_1_854' title='bbox 3150 5336 3287 5388; x_wconf 83' lang='lat' dir='ltr'><strong>idem</strong></span> <span class='ocrx_word' id='word_1_855' title='bbox 3331 5331 3509 5389; x_wconf 76' lang='lat' dir='ltr'><strong>codex</strong></span> <span class='ocrx_word' id='word_1_856' title='bbox 3568 5332 3660 5405; x_wconf 80' lang='grc' dir='ltr'><strong>βε-</strong></span> 
     </span>
     <span class='ocr_line' id='line_1_115' title="bbox 2172 5419 2354 5453; baseline 0 0"><span class='ocrx_word' id='word_1_857' title='bbox 2172 5419 2242 5453; x_wconf 79' lang='grc' dir='ltr'><strong>ησ</strong></span> <span class='ocrx_word' id='word_1_858' title='bbox 2278 5420 2354 5453; x_wconf 90' lang='grc' dir='ltr'><strong>αι.</strong></span> 
     </span>
    </p>
   </div>
   <div class='ocr_carea' id='block_1_114' title="bbox 2213 5419 2354 5454">
    <p class='ocr_par' dir='ltr' id='par_1_114' title="bbox 2213 5419 2354 5454">
     <span class='ocr_line' id='line_1_116' title="bbox 2213 5419 2354 5454; baseline 0 -1"><span class='ocrx_word' id='word_1_859' title='bbox 2213 5419 2354 5454; x_wconf 69' lang='grc' dir='ltr'>σθαι.</span> 
     </span>
    </p>
   </div>
   <div class='ocr_carea' id='block_1_115' title="bbox 2170 5420 3656 5543">
    <p class='ocr_par' dir='ltr' id='par_1_115' title="bbox 2170 5420 3656 5543">
     <span class='ocr_line' id='line_1_117' title="bbox 2170 5420 3656 5543; baseline 0.006 -23"><span class='ocrx_word' id='word_1_860' title='bbox 2170 5420 2415 5535; x_wconf 47' lang='grc' dir='ltr'><strong>ἓῗυὲἓλί).</strong></span> <span class='ocrx_word' id='word_1_861' title='bbox 2456 5472 2686 5543; x_wconf 68' lang='lat' dir='ltr'><strong>primus</strong></span> <span class='ocrx_word' id='word_1_862' title='bbox 2711 5472 2792 5533; x_wconf 85' lang='grc' dir='ltr'><strong>είς</strong></span> <span class='ocrx_word' id='word_1_863' title='bbox 2828 5472 2887 5524; x_wconf 84' lang='grc' dir='ltr'><strong>τὸ</strong></span> <span class='ocrx_word' id='word_1_864' title='bbox 2932 5471 3086 5543; x_wconf 72' lang='grc' dir='ltr'>ὖψος.</span> <span class='ocrx_word' id='word_1_865' title='bbox 3124 5472 3288 5527; x_wconf 85' lang='lat' dir='ltr'><strong>Paulo</strong></span> <span class='ocrx_word' id='word_1_866' title='bbox 3343 5484 3462 5542; x_wconf 84' lang='lat' dir='ltr'><strong>post</strong></span> <span class='ocrx_word' id='word_1_867' title='bbox 3503 5472 3656 5529; x_wconf 85' lang='lat' dir='ltr'><strong>Colb.</strong></span> 
     </span>
    </p>
   </div>
   <div class='ocr_carea' id='block_1_116' title="bbox 2101 5541 2860 5612">
    <p class='ocr_par' dir='ltr' id='par_1_116' title="bbox 2101 5541 2860 5612">
     <span class='ocr_line' id='line_1_118' title="bbox 2101 5541 2860 5612; baseline -0.001 -18"><span class='ocrx_word' id='word_1_868' title='bbox 2101 5543 2362 5612; x_wconf 70' lang='lat' dir='ltr'><strong>Secundus</strong></span> <span class='ocrx_word' id='word_1_869' title='bbox 2394 5541 2860 5612; x_wconf 79' lang='grc' dir='ltr'>παρεισήχθησαν.</span> 
     </span>
    </p>
   </div>
   <div class='ocr_carea' id='block_1_117' title="bbox 2172 5611 3662 5691">
    <p class='ocr_par' dir='ltr' id='par_1_117' title="bbox 2172 5611 3662 5691">
     <span class='ocr_line' id='line_1_119' title="bbox 2172 5611 3662 5691; baseline 0.003 -30"><span class='ocrx_word' id='word_1_870' title='bbox 2172 5612 2261 5691; x_wconf 31' lang='grc' dir='ltr'>(ιι).</span> <span class='ocrx_word' id='word_1_871' title='bbox 2283 5611 2463 5691; x_wconf 61' lang='grc' dir='ltr'><strong>ΕιΙὶιξο⁸</strong></span> <span class='ocrx_word' id='word_1_872' title='bbox 2486 5612 2652 5691; x_wconf 67' lang='lat' dir='ltr'><strong>Paris.</strong></span> <span class='ocrx_word' id='word_1_873' title='bbox 2676 5613 3075 5691; x_wconf 36' lang='grc' dir='ltr'>,παραλαϐοῦσα</span> <span class='ocrx_word' id='word_1_874' title='bbox 3104 5614 3193 5667; x_wconf 69' lang='grc' dir='ltr'>καὶ</span> <span class='ocrx_word' id='word_1_875' title='bbox 3219 5612 3374 5691; x_wconf 69' lang='grc' dir='ltr'>πρός.</span> <span class='ocrx_word' id='word_1_876' title='bbox 3408 5612 3510 5666; x_wconf 86' lang='lat' dir='ltr'><strong>Sed</strong></span> <span class='ocrx_word' id='word_1_877' title='bbox 3532 5626 3662 5691; x_wconf 60' lang='lat' dir='ltr'><strong>coa-</strong></span> 
     </span>
    </p>
   </div>
   <div class='ocr_carea' id='block_1_118' title="bbox 454 5678 3659 5756">
    <p class='ocr_par' dir='ltr' id='par_1_118' title="bbox 454 5678 3659 5756">
     <span class='ocr_line' id='line_1_120' title="bbox 454 5678 3659 5756; baseline 0.002 -26"><span class='ocrx_word' id='word_1_878' title='bbox 454 5679 547 5730; x_wconf 85' lang='lat' dir='ltr'><strong>tati</strong></span> <span class='ocrx_word' id='word_1_879' title='bbox 574 5696 752 5756; x_wconf 58' lang='lat' dir='ltr'><strong>sumus</strong></span> <span class='ocrx_word' id='word_1_880' title='bbox 786 5698 797 5732; x_wconf 92' lang='lat'><strong>:</strong></span> <span class='ocrx_word' id='word_1_881' title='bbox 828 5682 871 5756; x_wconf 78' lang='lat' dir='ltr'><strong>si</strong></span> <span class='ocrx_word' id='word_1_882' title='bbox 897 5700 1011 5735; x_wconf 81' lang='lat' dir='ltr'><strong>vero</strong></span> <span class='ocrx_word' id='word_1_883' title='bbox 1044 5683 1261 5756; x_wconf 80' lang='lat' dir='ltr'><strong>materia</strong></span> <span class='ocrx_word' id='word_1_884' title='bbox 1295 5680 1606 5756; x_wconf 70' lang='lat' dir='ltr'><strong>operatione</strong></span> <span class='ocrx_word' id='word_1_885' title='bbox 1646 5678 1738 5732; x_wconf 82' lang='lat' dir='ltr'><strong>Dei</strong></span> <span class='ocrx_word' id='word_1_886' title='bbox 1772 5681 1996 5756; x_wconf 74' lang='lat' dir='ltr'><strong>inferior</strong></span> <span class='ocrx_word' id='word_1_887' title='bbox 2095 5681 2301 5756; x_wconf 66' lang='lat' dir='ltr'><strong>junctio</strong></span> <span class='ocrx_word' id='word_1_888' title='bbox 2332 5681 2421 5756; x_wconf 59' lang='grc' dir='ltr'><strong>καί</strong></span> <span class='ocrx_word' id='word_1_889' title='bbox 2454 5683 2502 5756; x_wconf 80' lang='lat' dir='ltr'><strong>in</strong></span> <span class='ocrx_word' id='word_1_890' title='bbox 2537 5683 2718 5756; x_wconf 79' lang='lat' dir='ltr'><strong>multis</strong></span> <span class='ocrx_word' id='word_1_891' title='bbox 2767 5678 2898 5739; x_wconf 83' lang='lat' dir='ltr'><strong>inss.</strong></span> <span class='ocrx_word' id='word_1_892' title='bbox 2925 5702 3027 5739; x_wconf 88' lang='lat' dir='ltr'><strong>nou</strong></span> <span class='ocrx_word' id='word_1_893' title='bbox 3061 5678 3347 5756; x_wconf 75' lang='lat' dir='ltr'><strong>reperitur,</strong></span> <span class='ocrx_word' id='word_1_894' title='bbox 3375 5696 3547 5751; x_wconf 80' lang='lat' dir='ltr'><strong>neque</strong></span> <span class='ocrx_word' id='word_1_895' title='bbox 3600 5681 3659 5738; x_wconf 83' lang='lat' dir='ltr'><strong>in</strong></span> 
     </span>
    </p>
   </div>
   <div class='ocr_carea' id='block_1_119' title="bbox 449 5748 1993 5815">
    <p class='ocr_par' dir='ltr' id='par_1_119' title="bbox 449 5748 1993 5815">
     <span class='ocr_line' id='line_1_121' title="bbox 449 5748 1993 5815; baseline 0 -12"><span class='ocrx_word' id='word_1_896' title='bbox 449 5758 545 5806; x_wconf 80' lang='lat' dir='ltr'><strong>ut.</strong></span> <span class='ocrx_word' id='word_1_897' title='bbox 578 5748 675 5803; x_wconf 87' lang='lat' dir='ltr'><strong>ltoc</strong></span> <span class='ocrx_word' id='word_1_898' title='bbox 691 5761 792 5815; x_wconf 88' lang='lat' dir='ltr'><strong>est,</strong></span> <span class='ocrx_word' id='word_1_899' title='bbox 824 5754 870 5803; x_wconf 90' lang='lat' dir='ltr'><strong>si</strong></span> <span class='ocrx_word' id='word_1_900' title='bbox 898 5769 1010 5806; x_wconf 75' lang='lat' dir='ltr'><strong>vero</strong></span> <span class='ocrx_word' id='word_1_901' title='bbox 1034 5753 1252 5806; x_wconf 79' lang='lat' dir='ltr'><strong>materia</strong></span> <span class='ocrx_word' id='word_1_902' title='bbox 1272 5760 1344 5805; x_wconf 85' lang='lat' dir='ltr'><strong>est</strong></span> <span class='ocrx_word' id='word_1_903' title='bbox 1367 5750 1633 5804; x_wconf 73' lang='lat' dir='ltr'><strong>deterioris</strong></span> <span class='ocrx_word' id='word_1_904' title='bbox 1661 5751 1993 5815; x_wconf 84' lang='lat' dir='ltr'><strong>conditionis,</strong></span> 
     </span>
    </p>
   </div>
   <div class='ocr_carea' id='block_1_120' title="bbox 2101 5749 2675 5807">
    <p class='ocr_par' dir='ltr' id='par_1_120' title="bbox 2101 5749 2675 5807">
     <span class='ocr_line' id='line_1_122' title="bbox 2101 5749 2675 5807; baseline -0.003 -2"><span class='ocrx_word' id='word_1_905' title='bbox 2101 5749 2333 5805; x_wconf 79' lang='lat' dir='ltr'><strong>editione</strong></span> <span class='ocrx_word' id='word_1_906' title='bbox 2365 5749 2675 5807; x_wconf 83' lang='lat' dir='ltr'><strong>Basileeusi.</strong></span> 
     </span>
    </p>
   </div>
  </div>
