4082 6398
413 397 486 454 35
1537 390 1826 446 HOMILIA
1863 389 1910 443 ll
1949 389 1996 444 ID

2111 386 2557 444 EXAEMERON.
3592 384 3662 440 δι

377 547 382 558 ι
413 514 516 584 μὶν
558 509 820 573 ναύταις,
853 509 1117 579 γεωργοῖς
1159 507 1215 561 δὲ
1249 507 1436 571 πτύον,
1485 507 1732 570 ὁπλίταις
1766 506 1821 558 δὲ
1861 505 1989 576 δόρυ

2101 503 2334 567 labrum,
2365 510 2419 559 et
2446 502 2675 558 armatis
2701 501 3194 558 militibushastam
3223 501 3666 562 subministrans.

414 599 784 674 παρεχομένη.
821 599 880 652 ’0
918 598 975 651 δὲ
1007 599 1160 662 Θεὸς,
1191 597 1320 670 πρίν
1356 614 1408 650 τι
1442 597 1550 650 τῶν
1593 596 1688 649 νῦν
1725 594 1800 665 (5)
1847 597 1989 664 ὁρω-

415 699 590 770 μένων
639 691 924 764 γενέσθαι,
973 694 1053 756 είς
1086 690 1208 746 νοῦν
1261 690 1557 761 βαλόμενος
1605 689 1700 742 καὶ
1742 687 1990 758 ὁρμήσας

410 791 640 858 ἀγαγεῖν
674 789 755 850 είς
802 785 1013 854 γένεσιν
1058 783 1126 838 τά
1178 783 1252 856 μὴ
1298 783 1462 848 ὅντα,
1506 781 1642 854 ὁμοῦ
1681 800 1740 836 τε
1772 782 1990 852 ἐνόησεν

406 881 591 934 ὁποῖόν
615 896 736 932 τινα
762 877 869 950 χρὴ
894 877 986 930 τὸν
1013 877 1217 948 κόσμον
1248 871 1412 939 εἶναι,
1437 876 1531 930 καὶ
1554 875 1634 945 τῷ
1664 874 1796 929 εἴδει
1824 874 1989 928 αὐτοῦ

409 976 510 1045 τὴν
543 971 890 1043 ἁρμόζουσαν
937 968 1070 1040 ὓλην
1114 969 1570 1039 συναπεγέννησε.
1618 967 1728 1020 Καὶ
1777 965 1992 1039 οὐρανῷ

413 1065 512 1135 μὲν
547 1063 795 1136 ἀφώρισε
840 1062 938 1134 τὴν
969 1061 1181 1134 οὐρανῷ
1223 1061 1544 1134 πρέπουσαν
1572 1060 1767 1131 φύσιν·
1814 1059 1892 1131 τῷ
1934 1059 1991 1113 δὲ

410 1154 511 1223 τῆς
552 1155 656 1224 γῆς
687 1155 930 1225 σχήματι
958 1152 1056 1223 τὴν
1089 1152 1296 1206 οἰκείαν
1325 1153 1461 1224 αὐτῇ
1497 1153 1590 1206 καὶ
1633 1151 1992 1221 ὀφειλομένην

408 1241 597 1296 οὐσίαν
625 1241 887 1296 ὑπέϐαλε.
916 1239 1037 1313 Πῦρ
1063 1241 1119 1294 δὲ
1146 1241 1240 1294 καὶ
1283 1240 1426 1313 ὕδωρ
1459 1243 1552 1294 καὶ
1597 1242 1734 1313 ἀέρα
1773 1242 1992 1310 διεσχη-

414 1335 608 1405 μάτισέ
647 1352 707 1387 τε
731 1335 807 1398 ὡς
829 1333 904 1403 (6)
932 1332 1202 1398 ἐϐούλετο,
1232 1334 1325 1387 καὶ
1354 1334 1434 1397 είς
1462 1334 1649 1386 οὐσίαν
1678 1334 1884 1404 ἢγαγεν
1915 1333 1992 1397 ὡς

408 1429 438 1480 ὁ
484 1427 713 1480 ἑκάστου
765 1425 922 1494 λόγος
963 1426 1072 1478 τῶν
1121 1425 1422 1496 γινομένων
1470 1425 1688 1496 ἀπῄτει.
1734 1425 1894 1478 Ὅλον
1935 1425 1993 1478 δὲ

410 1520 500 1572 τὸν
551 1519 752 1587 κόσμον
801 1519 1166 1590 ἀνομοιομερῆ
1202 1517 1535 1588 τυγχάνοντα
1581 1518 1842 1588 ἀρρήκτῳ
1887 1517 1993 1569 τινὶ

414 1612 593 1681 φιλίας
621 1610 804 1682 δεσμῷ
856 1611 933 1681 (7)
977 1612 1056 1674 εἰς
1098 1610 1226 1680 μίαν
1272 1610 1557 1666 κοινωνίαν
1588 1611 1681 1663 καὶ
1725 1609 1994 1680 ἁρμονίαν

416 1702 734 1772 συνέδησεν·
767 1702 907 1755 ὥστε
949 1701 1042 1756 κα).
1075 1702 1144 1754 τὰ
1174 1702 1422 1756 πλεῖστον
1465 1703 1708 1774 ἀλλήλων
1733 1707 1800 1774 τῇ
1848 1703 1993 1756 θέσει

409 1795 736 1866 διεστηκότα
770 1795 1009 1866 ἡνῶσθαι
1032 1795 1207 1848 δοκεῖν
1225 1795 1310 1848 διά
1337 1795 1434 1866 τῆς
1465 1794 1826 1866 συμπαθείας.
1857 1795 1995 1848 Παυ-

2095 597 2165 649 Αι
2184 609 2312 651 vero
2337 597 2500 660 Deus,
2523 595 2836 665 priusquam
2856 594 3127 665 quidpiam
3148 609 3333 650 eorum
3368 610 3488 665 qua:
3527 613 3670 653 nunc

2096 689 2350 743 videntur
2382 688 2722 754 exstitisset,
2765 703 2888 743 cum
2937 687 2992 741 in
3026 687 3265 742 animum
3327 690 3668 755 induxisset,

2096 780 2486 848 statuissetque
2510 796 2575 836 ea
2604 796 2726 852 qua:
2756 795 2860 836 non
2889 790 3046 836 erant
3071 784 3121 834 in
3151 780 3325 834 lucem
3353 784 3514 838 edere
3547 805 3558 837 :
3597 785 3674 837 si-

2100 873 2208 928 mul
2231 883 2395 943 atque
2417 873 2671 943 cogitavit
2691 874 3042 944 qualemuam
3075 875 3334 939 mundum
3368 889 3490 930 esse
3519 891 3679 946 opor.

2099 972 2259 1029 teret,
2320 965 2601 1019 materiam
2659 965 2850 1020 formae
2904 965 3072 1034 ipsius
3101 967 3512 1020 convenientem
3549 981 3677 1034 pro-

2102 1057 2275 1113 duxit.
2312 1059 2376 1113 Et
2412 1059 2553 1115 cmlo
2601 1059 2818 1129 quidem
2876 1069 3120 1112 naturam
3160 1059 3475 1128 assignavit,
3532 1060 3674 1113 caelo

2103 1148 2513 1202 convenientem
2548 1166 2562 1202 :
2607 1149 2795 1218 ﬁgura:
2835 1164 2963 1202 vero
2993 1157 3150 1203 terra:
3183 1164 3482 1215 congruam
3525 1150 3675 1204 debi-

2103 1249 2319 1307 tamque
2348 1239 2707 1294 substantiam
2740 1241 2989 1310 subjecit.
3015 1240 3195 1310 Ignem
3223 1253 3427 1307 autem,
3458 1257 3678 1310 aquam-

2101 1346 2205 1399 que
2234 1338 2286 1384 et
2307 1344 2510 1396 aerem,
2550 1333 2624 1385 uti
2664 1333 2864 1398 voluit,
2907 1333 3265 1388 cont‘ormavit
3295 1375 3309 1400 ,
3361 1344 3416 1390 et
3451 1337 3516 1388 ad
3544 1337 3674 1391 sub-

2101 1421 2355 1474 stantiam
2395 1423 2596 1486 evexit,
2639 1433 2795 1490 prout
2825 1425 3152 1493 singularum
3205 1442 3384 1479 rerum
3421 1442 3542 1495 qua:
3574 1426 3673 1482 tie-

2102 1515 2251 1578 bant,
2278 1514 2414 1569 ratio
2439 1514 2764 1584 postulabat.
2790 1516 3056 1570 Caeterum
3085 1519 3342 1572 tnnndum
3381 1529 3550 1575 totum
3588 1521 3674 1576 di-

2101 1607 2275 1662 versis
2324 1606 2571 1676 partibus
2617 1617 2958 1662 constantem
3025 1610 3382 1664 indissolubili
3433 1613 3671 1681 quodam

2101 1699 2352 1753 amicitia:
2377 1699 2595 1754 vinculo
2624 1699 2675 1752 in
2709 1715 2866 1753 unam
2900 1701 3213 1755 societatem
3245 1713 3299 1755 et
3326 1705 3671 1758 harmoniam

2102 1788 2374 1859 colligavit
2402 1806 2416 1842 :
2453 1791 2584 1844 adeo
2617 1801 2674 1843 ut
2699 1806 2760 1845 ea
2787 1794 2948 1846 etiam
2979 1807 3096 1862 qua:
3129 1793 3414 1862 plurimum
3440 1797 3581 1849 inter
3607 1810 3665 1850 se

417 1887 704 1941 σάσθωσαν
743 1883 837 1940 οῦν
871 1887 1111 1958 μυθικῶν
1152 1887 1508 1959 πλασμάτων,
1551 1891 1609 1942 ὲν
1647 1891 1712 1959 τῇ
1743 1887 1996 1958 ἀσθενείᾳ

2101 1881 2202 1934 situ
2229 1882 2451 1946 distant,
2472 1881 2720 1952 coniungi
2749 1897 2845 1952 per
2875 1894 3191 1940 concentum
3213 1886 3512 1942 vidcantur.
3540 1889 3676 1944 Ces-

420 1979 527 2033 τῶν
563 1979 779 2034 οἰκείων
807 1979 1081 2050 λογισμῶν
1111 1980 1210 2050 τὴν
1239 1979 1622 2050 ἀκατάληπτον
1656 1980 1894 2042 διανοίας
1922 1978 1997 2048 (8)

419 2072 514 2126 καὶ
552 2073 756 2141 ἄφατον
799 2072 1077 2135 παντελῶς
1121 2071 1434 2144 ἀνθρωπίνῃ
1470 2075 1620 2144 φωνῇ
1653 2071 1881 2142 δύναμιν
1911 2073 2001 2124 ὲκ-

418 2164 763 2235 μετροῦντες.

487 2340 540 2394 '5.
594 2340 916 2406 Ἐποίησεν
968 2343 1000 2392 ό
1055 2340 1200 2406 Θεὸς
1251 2341 1355 2394 τὸν
1412 2338 1672 2408 οὐρα-νόν
1730 2338 1829 2392 καὶ
1885 2338 2000 2406 τὴν

415 2430 563 2498 τῆν’
602 2433 700 2483 οὐκ
739 2429 797 2494 ἐξ
839 2430 1089 2501 ἡμισείας
1136 2433 1413 2503 ἑκάτερον,
1459 2431 1571 2484 ἀλλ’
1608 2429 1727 2483 ὂλον
1774 2429 2000 2501 οὐρανὸν

422 2526 515 2574 καὶ
551 2521 677 2592 όλην
707 2523 832 2591 γῆν,
876 2521 1042 2593 αὐτὴν
1081 2523 1179 2592 τὴν
1218 2522 1401 2576 οὐσίαν
1427 2522 1504 2591 τῷ
1545 2521 1676 2575 εῖδει
1715 2521 2002 2591 συνειλημ-

423 2613 612 2683 μένην.
665 2613 799 2682 Οὐχὶ
859 2611 968 2683 γὰρ
1019 2612 1316 2682 σχημάτων
1371 2612 1517 2663 ἐστὶν
1579 2611 1836 2682 εὐρέτης,
1883 2609 1999 2663 ἀλλ’

423 2708 592 2778 αὐτῆς
623 2709 721 2778 τῆς
745 2707 960 2777 φύσεως
983 2707 1090 2760 τῶν
1112 2708 1279 2759 ὅντων
1304 2705 1652 2777 δημιουργός.
1687 2703 1838 2757 Ἐπεὶ
1863 2707 2000 2758 ἀπο-

419 2789 788 2871 κρινέσθωσαν
817 2799 891 2870 (9)
917 2801 1070 2869 ἡμῖν,
1108 2799 1224 2858 πῶς
1263 2797 1513 2868 ἀλλήλοις
1549 2798 1836 2867 συνέτυχον
1869 2797 1903 2866 ἦ
1938 2813 1997 2848 τε

417 2893 678 2963 δραστικὴ
714 2891 807 2944 τοῦ
853 2891 987 2944 Θεοῦ
1032 2891 1259 2962 δύναμις
1301 2894 1394 2944 καὶ
1435 2894 1466 2961 ἡ
1517 2889 1790 2961 παθητικὴ
1837 2889 1999 2958 φύσις

420 2985 520 3055 τῆς
551 2985 710 3054 ῦληςο
741 2987 772 3054 ὴ
814 2985 909 3055 μὲν
938 2984 999 3037 τὸ
1031 2984 1387 3054 ὑποκείμενον
1431 2983 1781 3054 παρεχομένη
1831 2984 1998 3053 χωρὶς

418 3077 656 3148 μορφῆς,
697 3079 724 3128 ὀ
767 3077 824 3129 δὲ
855 3075 962 3129 τῶν
996 3075 1290 3146 σχημάτων
1349 3075 1446 3146 τὴν
1499 3076 1810 3146 ἐπιστήμην
1861 3073 2000 3143 έχων

421 3170 549 3222 ἄνευ
575 3171 673 3240 τῆς
705 3169 857 3242 ὕλης,
894 3170 959 3222 ἵν’
986 3170 1228 3242 ἑκατέρῳ
1252 3170 1314 3222 τὸ
1359 3170 1534 3223 ἐνδέον
1576 3171 1726 3240 παρὰ
1770 3169 1997 3242 θατέρου

421 3261 646 3332 γένηται
670 3277 684 3292 ⁸
713 3261 790 3331 τῷ
827 3262 924 3332 μὲν
966 3262 1284 3334 δημιουργῷ
1317 3262 1378 3314 τὸ
1409 3262 1554 3331 ἔχειν
1588 3263 1721 3315 ὅπου
1771 3263 1868 3334 τὴν
1907 3263 1997 3314 τέ-

422 3371 555 3425 χνην
584 3353 976 3425 ἐνεπιδείξηται
1005 3355 1139 3423 (10),
1172 3357 1235 3425 τῇ
1269 3353 1323 3406 δὲ
1354 3353 1453 3425 ῦλῃ
1482 3353 1542 3406 τὸ
1572 3354 1867 3408 ἀποθέσθαι
1899 3357 1995 3426 τὴν

419 3445 698 3515 ἀμορφίαν
746 3445 839 3498 καὶ
883 3445 976 3498 τοῦ
1014 3445 1186 3508 εἴδους
1219 3445 1314 3516 τὴν
1349 3446 1623 3517 στέρησιν.
1666 3447 1824 3500 Ἀλλά
1868 3449 1996 3518 περὶ

426 3539 524 3609 μὲν
584 3539 786 3591 τούτων
819 3539 910 3590 ἐπὶ
971 3538 1254 3590 τοσοῦτον⁹
1307 3538 1442 3608 πρὸς
1481 3538 1536 3590 δὲ
1596 3540 1655 3592 τὸ
1704 3537 1762 3604 ἐξ
1821 3540 1994 3610 ἀρχῆς

425 3630 752 3700 ἐπανίωμεν.
792 3630 859 3684 Ἢ
885 3630 952 3682 δὲ
976 3630 1050 3700 γῆ
1081 3627 1158 3699 ἦν
1180 3631 1430 3699 ἀόρατος
1454 3631 1549 3683 καὶ
1586 3632 2001 3685 ἀκατασκεύω-

424 3739 571 3787 στος
623 3722 755 3791 (ll).
799 3721 1016 3784 Εἰπὼν,
1075 3723 1176 3774 Ἐν
1225 3721 1382 3790 ἀρχῇ
1435 3723 1722 3789 ἐποίησεν
1764 3726 1795 3775 o'
1854 3723 1999 3787 Θεὸς

425 3813 531 3864 τὸν
576 3813 836 3878 οὐρανὸν
876 3815 972 3866 καὶ
1018 3814 1130 3879 τὴν
1178 3811 1325 3882 γῆν,
1377 3813 1543 3866 πολλὰ
1589 3812 1996 3882 ἀπεσιστιπησεν,

425 3905 589 3976 ὕδωρ,
615 3905 772 3976 ἀέρα,
803 3905 934 3976 πῦρ,
960 3905 1025 3958 τά
1053 3907 1113 3957 ἐκ
1139 3906 1340 3958 τούτων
1371 3905 1790 3976 ἀπογεννώμενα
1818 3907 1963 3976 πάθη
1981 3923 1996 3936 ο

422 3996 459 4050 ὃ.
494 3996 669 4049 πάντα
720 3997 819 4064 μὲν
867 3997 942 4059 ὼς
992 3997 1423 4067 συμπληρωτικὰ
1474 3997 1569 4049 τοῦ
1619 3999 1822 4068 κόσμου
1873 4015 2000 4050 συν-

424 4090 632 4159 υπέστη
665 4089 744 4159 τῷ
776 4091 938 4142 παντὶ
970 4090 1211 4160 δηλονότι
1242 4089 1350 4157 (12)
1374 4108 1387 4121 ·
1416 4090 1684 4161 παρέλιπε
1710 4091 1820 4161 δὲή
1860 4093 2000 4144 ἱστο-

426 4179 539 4249 ρία,
568 4179 657 4232 τόν
688 4180 950 4251 ἡμέτερον
977 4179 1098 4232 νοῦν
1124 4181 1471 4250 γυμνάζουσα
1503 4181 1637 4251 πρὸς
1662 4181 1996 4252 έντρὲχειαν,

423 4271 483 4335 ἐξ
526 4271 722 4340 ὀλίγων
767 4271 1028 4342 ἀφορμῶν
1091 4271 1431 4343 παρεχομένη
1485 4271 1885 4339 ἐπιλογίζεσθαι
1934 4274 2002 4327 τὰ

425 4363 737 4432 λειπόμενα.
781 4365 931 4417 Ἐπεὶ
959 4359 1050 4416 οὖν
1092 4365 1190 4416 οὐκ
1227 4363 1439 4435 εἴρηται
1486 4365 1612 4434 περὶ
1650 4363 1743 4417 τοῦ
1789 4363 1997 4426 ὓδατος,

423 4458 506 4509 ὅτι
551 4457 803 4523 ἐποίησεν
840 4459 867 4510 ὁ
902 4455 1053 4519 Θεὸς,
1087 4456 1295 4526 εἴρηται
1337 4455 1411 4517 δὲ,
1459 4457 1540 4509 ὃτι
1584 4456 1812 4527 ἀόρατος
1852 4453 1920 4528 ἦν
1967 4460 2000 4528 ή

423 4548 530 4619 γῆ·
576 4548 766 4601 σκόπει
817 4549 880 4601 σὺ
921 4547 1063 4600 κατά
1111 4546 1332 4601 σεαυτὸν
1377 4545 1481 4598 τίνι
1532 4548 1998 4617 παραπετάσματι

503 4770 580 4860 (5)
611 4771 787 4860 Codex
832 4773 1100 4860 ‘Comhcf.’
1125 4782 1174 4825 et
1201 4773 1339 4860 ralii.
1377 4785 1476 4852 sex.
1504 4769 1608 4824 τῶν
1636 4770 1747 4860 νῦνξ
1788 4771 1989 4860 yocula
2025 4777 2067 4831 Β

429 4841 526 4896 νυν
550 4841 602 4895 i'n
633 4843 790 4897 editis
816 4845 1020 4897 deerat.
1053 4843 1173 4896 Mox
1199 4842 1361 4896 Cnisl.
1395 4841 1602 4910 prinms
1635 4853 1688 4894 et
1709 4842 1859 4895 Coll).
1905 4843 1991 4896 iti-

429 4918 548 4968 dem
589 4915 958 4982 primuscum
1012 4914 1191 4982 Regiis
1254 4921 1487 4982 quatuor
1529 4910 1854 4982 βαλόμενος,
1897 4923 1994 4966 aut

427 4983 784 5054 βαλλόμενος.
805 4981 942 5037 Editi
983 4994 1036 5038 et
1057 4981 1177 5054 dqu
1194 4997 1322 5038 mss.
1360 4981 1671 5054 λαϐόμενος.

497 5055 574 5125 (6)
596 5052 816 5125 Antiqui
862 5069 957 5109 sex
1015 5053 1133 5108 libri
1159 5052 1576 5122 διεσχημάτισέν
1606 5070 1665 5105 τε
1695 5053 1788 5116 ὡς.
1848 5052 1989 5108 Editi

424 5124 884 5193 κατεσχημάτισε.

499 5192 750 5266 (7)(ἷοίίι.
773 5265 780 5266 7
805 5196 1011 5266 primus
1035 5205 1094 5248 et
1130 5192 1605 5266 Coisl‘._secundus
1648 5193 1820 5266 etalii
1852 5207 1988 5266 qua-

427 5261 563 5320 ιιιόιί
578 5264 728 5334 Regii
759 5265 1018 5335 ἀρρήκτῳ
1053 5265 1160 5317 τινὶ
1203 5262 1384 5335 φιλίας
1430 5261 1614 5333 θεσμῷ
1637 5303 1652 5327 ,
1699 5263 1992 5335 invincibiti

425 5333 932 5408 quadagmcmict'tire
963 5336 1092 5408 lege.
1123 5335 1303 5408 Editio
1329 5333 1642 5408 Basil._euut
1675 5335 1840 5408 (ἐφίει.
1879 5334 1986 5408 pri-

423 5404 514 5461 I'no
546 5405 896 5476 dtppﬁttpjtv’t
917 5404 1097 5476 φιλίας
1129 5404 1332 5475 θεσμῷ,
1357 5404 1560 5476 occulta
1589 5404 1988 5476 quadam‘nnri-

417 5477 566 5545 'citice
585 5473 948 5554 weeping
1002 5475 1175 5554 Pa_ris_.
1217 5473 1366 5554 cuitu
1406 5474 1535 5554 Reg.
1581 5483 1774 5554 quarto
1816 5473 1989 5554 ἀρρή-

424 5564 539 5617 κτῳ
574 5546 678 5598 τινὶ
710 5544 892 5614 φιλίας
918 5545 1120 5616 δεσμῷ,
1147 5544 1500 5599 indissolubili
1544 5546 1769 5617 quodam
1801 5544 1987 5596 amici-

423 5615 746 5670 tim-vinculo
773 5632 792 5668 :
819 5631 979 5682 quam
1019 5615 1341 5684 scripturam
1386 5617 1508 5668 ideo
1564 5615 1731 5668 secuti
1772 5628 1986 5678 sumus,

423 5694 568 5754 quod
596 5688 666 5739 ita
698 5686 885 5756 legerit
930 5697 1084 5740 vetus
1128 5689 1402 5756 interpres
1451 5685 1790 5756 Eustathius,
1831 5685 1989 5752 cujus

425 5753 539 5838 haec
569 5766 694 5881 sunt
727 5753 910 5821 verba,
951 5753 1338 5810 inviolabitibus
1371 5755 1651 5824 cujusdam
1693 5757 1989 5810 concordia:

425 5843 572 5881 men
597 5844 660 5881 ιε.

419 5843 660 5882 mcum.

739 5922 1008 5981 l’nnut.
1046 5920 1163 5980 Gn.
1227 5918 1459 5978 XXIX.

2102 1985 2222 2029 sent
2254 1975 2416 2044 igitur
2446 1990 2475 2030 a
2506 1975 2766 2030 fabulosis
2787 1979 3105 2033 commentis
3137 1978 3196 2040 ii,
3231 1979 3322 2048 qui
3351 1989 3673 2048 potestatem

2103 2067 2267 2122 menti
2320 2069 2944 2138 incomprehensibilem,
2997 2079 3049 2123 ct
3096 2085 3258 2139 quam
3307 2070 3542 2126 humana
3571 2085 3675 2126 vox

2101 2160 2405 2227 exprimere
2435 2159 2582 2213 nullo
2608 2161 2766 2215 modo
2802 2163 2990 2228 possit,
3031 2162 3421 2232 cogitationum
3452 2177 3674 2218 suarum

2104 2247 2472 2305 imbecillitate
2495 2251 2882 2306 admetiuntur.

2171 2342 2222 2396 5.
2259 2341 2408 2396 Fecit
2444 2343 2582 2398 Deus
2613 2343 2793 2398 calum
2817 2356 2862 2398 et
2891 2353 3122 2409 terram;
3166 2355 3452 2415 utrumque
3479 2364 3582 2402 non
3607 2363 3674 2403 ex

2103 2435 2320 2488 dimidia
2346 2448 2521 2504 parte,
2551 2437 2643 2490 sed
2674 2444 2844 2490 totum
2885 2437 3105 2503 caelum,
3148 2449 3425 2508 totamque
3451 2453 3672 2505 terram,

2103 2527 2274 2594 ipsam
2328 2529 2690 2583 substantiam
2729 2545 2850 2583 cum
2907 2531 3082 2584 forma
3135 2531 3503 2599 conjunctam.
3554 2531 3674 2588 Non

2102 2619 2246 2672 enim
2306 2620 2560 2674 inventor
2597 2633 2678 2674 εει
2729 2621 3045 2690 ﬁgurarum,
3101 2624 3193 2677 sed
3244 2624 3414 2693 ipsius
3471 2634 3677 2679 natura:

2104 2725 2282 2764 rerum
2306 2710 2509 2780 Opifex.
2534 2711 2748 2780 Alioqui
2784 2713 3144 2780 respondeant
3193 2713 3346 2767 nobis
3372 2754 3385 2776 ,
3439 2728 3674 2782 quonan’.

2103 2811 2260 2871 pacto
2298 2803 2438 2856 inter
2459 2815 2519 2856 se
2554 2813 2662 2854 tum
2695 2801 2935 2856 ell‘cctrix
2980 2803 3070 2857 Dei
3105 2804 3366 2873 potentia,
3402 2814 3513 2859 tum
3545 2822 3675 2875 pas-

2103 2893 2217 2947 siva
2250 2895 2494 2947 materiei
2533 2905 2721 2947 natura
2749 2896 3123 2960 convenerint,
3151 2897 3262 2950 haec
3295 2899 3512 2964 quidem
3549 2901 3675 2955 abs-

2103 2999 2208 3054 que
2231 2982 2400 3038 forma
2430 2983 2732 3051 subjectum
2767 2988 3048 3050 exhibens,
3084 2987 3170 3040 ille
3207 3003 3332 3065 vero
3359 2991 3476 3044 sine
3506 3002 3675 3047 male-

2105 3079 2182 3130 ria
2218 3077 2500 3131 scientiam
2527 3077 2728 3132 habens
2761 3077 3078 3148 ﬁgurarum,
3114 3089 3171 3133 ut
3219 3081 3270 3135 id
3318 3085 3459 3151 quod
3492 3085 3678 3140 defue-

2102 3169 2371 3233 ritalteri,
2399 3170 2466 3223 ab
2496 3171 2667 3224 altero
2696 3171 2979 3237 tribuatur,
3013 3174 3192 3242 epitlci
3219 3175 3458 3244 quidem,
3492 3187 3550 3230 ut
3579 3178 3677 3230 ha-

2103 3264 2229 3316 beat
2275 3264 2416 3317 unde
2446 3263 2718 3334 specimen
2766 3266 2856 3318 det
2887 3281 2997 3320 suae
3025 3268 3160 3321 artis
3191 3287 3205 3321 :
3246 3269 3491 3323 matcriei
3524 3284 3672 3334 vero,

2104 3356 2243 3409 unde
2269 3355 2668 3409 deformitatem
2707 3365 2761 3408 et
2802 3357 2987 3411 fortine
3021 3358 3384 3426 privationem
3415 3361 3670 3430 deponat.

2102 3445 2208 3501 Sed
2239 3447 2409 3502 dehis
2437 3448 2718 3502 hactenus.
2744 3447 2860 3502 Jam
2892 3449 2958 3503 ad
2999 3455 3336 3520 propositum
3367 3456 3672 3512 redeamus.

2103 3535 2237 3590 Erat
2287 3551 2462 3590 autem
2519 3549 2658 3591 terra
2706 3540 2980 3593 invisibilis
3021 3558 3082 3593 ac
3126 3545 3488 3611 incomposita.
3541 3547 3675 3605 Cum

2102 3630 2272 3683 dixit:
2306 3629 2375 3683 In
2400 3631 2656 3700 principio
2682 3631 2803 3698 fecit
2825 3632 2962 3686 Deus
2979 3634 3165 3688 cclum
3181 3644 3231 3689 et
3257 3646 3474 3702 terram,
3506 3639 3674 3694 multa

2106 3719 2293 3785 tacuit,
2327 3735 2546 3789 aquam,
2583 3738 2788 3787 aerem,
2850 3724 3051 3794 ignem,
3102 3737 3440 3798 emergentes
3477 3744 3538 3783 ex
3591 3730 3674 3784 his

2102 3810 2453 3868 allectiones:
2493 3828 2612 3882 qua:
2651 3829 2783 3871 sane
2825 3818 3026 3882 omnia,
3073 3828 3330 3889 tanquam
3367 3836 3485 3890 quae
3515 3837 3676 3876 mun-

2103 3902 2229 3956 dutu
2275 3905 2598 3975 compleant,
2634 3909 2816 3976 procul
2845 3911 3007 3964 dubio
3030 3927 3135 3966 una
3167 3927 3288 3966 cum
3318 3913 3678 3970 universitate

2103 4011 2281 4049 rerum
2337 3997 2730 4066 substiterunt;
2767 4003 2968 4058 omissa
3002 4013 3127 4060 sunt
3177 4015 3356 4060 autem
3389 4006 3575 4063 istltrec
3605 4010 3676 4063 ab

2105 4089 2351 4154 historia,
2384 4102 2442 4144 ut
2466 4093 2590 4146 dum
2627 4093 2833 4163 reliqua
2863 4111 2928 4150 ex
2956 4099 3146 4164 paucis
3197 4099 3532 4168 argumentis
3562 4110 3674 4153 tra-

2104 4184 2179 4235 dit
2205 4183 2540 4252 azstimanda,
2571 4196 2803 4240 mentem
2832 4197 3072 4243 nostram
3125 4191 3190 4244 ad
3232 4191 3554 4246 industriam
3595 4193 3677 4246 di-

2105 4272 2488 4342 ligentiamque
2534 4285 2805 4330 exerceat.
2857 4277 3045 4346 Itaque
3069 4293 3194 4334 cum
3237 4281 3441 4335 dictum
3469 4296 3572 4336 non
3605 4283 3675 4336 sit

2104 4363 2272 4419 Deum
2305 4379 2497 4434 aquam
2535 4364 2767 4421 fecisse:
2819 4365 3146 4423 sed‘dictum
3198 4371 3301 4440 15
3348 4373 3418 4426 sit
3471 4383 3672 4427 terram

2104 4452 2273 4508 fuisse
2303 4453 2666 4520 invisibilem;
2704 4463 2816 4510 tute
2847 4464 3022 4510 tecum
3048 4467 3235 4524 reputa
3272 4473 3378 4528 quo
3409 4457 3678 4513 velamine

2103 4555 2291 4614 operta
2327 4559 2432 4599 non
2482 4557 2784 4602 appareret.
2836 4544 3024 4615 Neque
3067 4547 3229 4618 igitur
3281 4547 3424 4618 ignis
3457 4549 3677 4618 operire

2169 4773 2244 4842 (8)
2281 4772 2456 4827 Editio
2489 4771 2650 4824 Basil.
2683 4782 2736 4826 et
2764 4771 2917 4826 Bodl.
2963 4781 3011 4826 et
3058 4773 3149 4826 alii
3181 4774 3350 4828 nostri
3388 4789 3522 4829 mss.
3557 4773 3675 4826 6w.-

2099 4843 2285 4914 νοίαις.
2328 4843 2649 4914 Editiovero
2681 4843 2850 4896 Paris.
2878 4842 3108 4914 διανοίᾳ.
3133 4842 3252 4897 Mox
3283 4843 3434 4898 Colb.
3467 4843 3674 4912 primus

2099 4913 2413 4984 ἀνθρωπίνῃ
2449 4912 2629 4982 φύσει,
2665 4921 2714 4964 et
2742 4929 2898 4982 quant
2937 4912 3169 4966 humana
3199 4925 3393 4968 natura
3455 4930 3674 4968 narrare

2099 4987 2242 5036 nullo
2274 4990 2424 5036 modo
2446 4985 2629 5049 possit.

2169 5053 2245 5122 (9)
2279 5053 2508 5125 Veteres
2532 5053 2737 5120 aliquot
2767 5053 2888 5107 libri
2922 5053 3439 5125 ἀποκρινάσθωσαν.
3490 5054 3674 5110 Codex

2098 5125 2230 5176 alius
2267 5122 2456 5176 ἔπειτα
2487 5124 2685 5192 ἀποκρ.

2169 5194 2278 5265 (10)
2313 5193 2403 5265 Sic
2435 5193 2588 5265 Regii
2618 5195 2822 5265 primus
2849 5205 2904 5248 et
2957 5195 3196 5263 quintus.
3256 5195 3386 5265 Reg.
3448 5208 3674 5265 quartus

2099 5262 2503 5327 ἐνεπιδείξεται.
2541 5263 2680 5317 Editi
2728 5281 2848 5317 cum
2909 5262 3065 5319 Colb.
3123 5262 3360 5318 secundi}
3406 5262 3674 5330 ἐπιδείξε-

2095 5351 2204 5387 ται.
2234 5335 2384 5405 Coll).
2421 5335 2624 5405 primus
2654 5348 2794 5405 cum_
2817 5335 2955 5403 Reg.
3009 5336 3170 5389 tertio
3203 5334 3565 5405 ἐπιδείξηται.

2167 5400 2433 5477 (Hlllla,
2484 5405 2518 5474 ὴ
2552 5402 2622 5477 δὲ)
2651 5404 2720 5474 γῆ
2765 5400 2832 5476 ἦν
2883 5400 3114 5477 ἀόρατος
3156 5407 3248 5458 καὶ
3291 5400 3676 5459 ἀκατασκεύα-

2096 5491 2240 5539 στος,
2276 5476 2470 5530 desunt
2495 5475 2713 5543 quidem
2744 5475 2796 5529 in
2839 5475 2997 5532 editis
3029 5492 3041 5528 :
3089 5478 3181 5530 sed
3214 5477 3267 5528 in
3297 5488 3501 5546 septem
3543 5491 3672 5531 mss.

2097 5545 2460 5613 reperiuntur.

2167 5615 2278 5686 (l2)
2307 5615 2491 5686 Codex
2539 5613 2694 5686 Bodl.
2734 5627 2789 5670 et
2842 5625 3075 5685 quatuor
3103 5616 3190 5668 alii
3254 5630 3376 5671 cum
3439 5617 3678 5671 editione

2097 5683 2268 5772 llas“.
2304 5683 2566 5739 δηλονότι.
2614 5685 2793 5741 Editio
2843 5683 3016 5741 Paris.
3069 5697 3123 5741 et
3171 5687 3276 5741 duo
3331 5704 3458 5743 mss.
3517 5688 3676 5760 δῆλον

2099 5773 2198 5809 οτι.

3247 5919 3287 5980 2
