4082 6398
399 334 470 395 37
1503 337 1789 392 llOMlLlA
1827 337 1872 392 ll
1911 337 1980 393 1N

2089 335 2515 394 ΞΧΑΕΜΕΒΟΝ.
3575 343 3648 400 38

403 456 602 512 πεδόνα
625 472 708 518 τις
730 453 837 507 τῶν
881 450 1216 524 Ἐκκλησιῶν
1245 448 1554 522 προσειπὼν
1593 451 1690 521 οὑχ
1727 451 1978 522 ἁμαρτή-

2089 454 2308 517 siarum,
2353 469 2384 509 a
2419 454 2617 508 decoro
2667 466 2772 507 non
2829 450 3135 509 aberrabit?
3185 456 3324 522 Quid
3378 458 3566 526 procul
3618 475 3647 510 ιι

405 567 553 604 σεται
585 547 698 618 (20)
730 545 822 600 τοῦ
860 546 1263 617 προσήκοντος;
1295 542 1360 595 Τί
1401 542 1619 613 μακράν
1659 542 1982 614 ἀποτρέχεις

404 641 500 710 τῆς
525 637 805 709 ἀληθείας,
849 634 1124 705 ἄνθρωπε,
1165 632 1421 704 ἀφορμὰς
1470 631 1679 703 σεαυτῷ
1725 635 1825 703 τῆς
1872 633 1981 685 ἀπ-

401 727 599 790 ωλείας
623 724 884 790 ὲπινοῶνς
911 717 1142 786 Ἂπλοῦς
1157 725 1184 775 6
1201 721 1376 790 λόγος,
1392 720 1484 774 καὶ
1505 722 1669 773 πᾶσιν
1693 721 1976 792 εὖληπτος.

416 820 688 886 Ἀόρατος
714 813 792 886 ἦν
821 817 860 882 ἡ
889 813 986 884 γῆ,
1013 812 1164 884 φησί.
1194 812 1289 876 Τίς
1319 814 1351 882 ἡ
1375 811 1521 866 αἰτία
1545 828 1558 876 ;
1589 811 1806 882 Ἐπειδὴ
1819 813 1982 867 ἄϐυσ-

405 927 496 961 σον
541 903 686 974 εἶχεν
726 904 1160 969 ἐπιπολάζουσαν
1190 906 1374 976 ἑαυτῇ.
1421 903 1681 958 Ἀϐὑσσου
1722 904 1777 958 δὲ
1807 904 1982 957 ἔννοια

401 1001 519 1066 τίς;
551 1000 735 1072 ’Ύδωρ
778 999 912 1053 πολὺ
946 997 1266 1068 δυσέφικτον
1304 997 1424 1068 έχον
1474 996 1666 1050 ἑαυτοῦ
1711 997 1768 1050 τὺ
1805 997 1980 1068 πέρας

404 1097 498 1149 ἐπὶ
523 1097 582 1150 τὸ
615 1097 782 1150 κάτω.
835 1094 972 1147 Ἀλλ’
996 1093 1239 1163 ἔγνωμεν
1269 1092 1436 1146 πολλά
1465 1092 1571 1144 τῶν
1597 1092 1859 1162 σωμάτων
1887 1091 1981 1144 καὶ

402 1189 468 1242 δι’
495 1188 685 1252 ὓδατος
718 1187 1040 1258 λεπτοτέρου
1079 1189 1170 1241 καὶ
1202 1184 1455 1255 διαυγοῦς
1485 1184 1743 1245 πολλάκις
1768 1184 1982 1251 διαφαι-

404 1283 623 1352 νόμενα.
671 1280 796 1343 Πῶς
825 1275 916 1333 οὖν
948 1279 1096 1332 οὐδὲν
1135 1279 1297 1350 μέρος
1337 1279 1436 1348 τῆς
1459 1278 1564 1348 γῆς
1597 1276 1685 1329 διὰ
1715 1276 1822 1328 τῶν
1859 1275 1982 1328 ὑδά-

404 1390 512 1426 των
555 1371 861 1434 ἐδείκνυτος
890 1371 1012 1423 Ὅτι
1051 1369 1306 1440 ἀλαμπὴς
1345 1370 1422 1422 ἔτι
1465 1369 1558 1422 καὶ
1599 1367 1981 1437 ὲσκοτισμένος

406 1464 519 1535 (21)
547 1459 614 1534 ἦν
640 1463 668 1514 ό
694 1462 829 1531 ὑπὲρ
853 1459 1018 1514 αὑτοῦ
1049 1461 1344 1531 κεχυμένος
1374 1461 1502 1530 ἀήρ.
1545 1459 1724 1523 Ἀκτὶς
1755 1458 1852 1528 μὲν
1874 1456 1982 1526 γὰρ

403 1555 577 1626 ἡλίου,
607 1553 672 1606 δι’
709 1553 913 1605 ὑδάτων
939 1551 1307 1622 διικνουμένη,
1333 1548 1572 1604 δείκνυσι
1603 1550 1858 1613 πολλάκις
1885 1553 1983 1616 τὰς

405 1650 463 1702 ἐν
492 1645 569 1717 τῷ
600 1645 750 1717 βάθει
774 1644 1009 1715 ψηφῖδας
1035 1661 1047 1674 ο
1083 1646 1140 1696 έν
1169 1644 1324 1696 νυκτὶ
1369 1642 1425 1696 δέ
1459 1660 1541 1706 τις
1577 1641 1768 1714 βαθείᾳ
1809 1643 1983 1698 οὐδενὶ

405 1739 470 1794 ἂν
501 1740 686 1810 τρόπῳ
717 1738 784 1791 τὰ
811 1737 914 1790 ὑπὸ
939 1737 999 1788 τὸ
1041 1735 1183 1808 ὕδωρ
1218 1735 1440 1788 κατίδοι.
1471 1737 1633 1788 Ὥστε
1676 1735 1769 1788 τοῦ
1813 1736 1979 1807 ἀόρα-

405 1851 497 1887 τον
530 1828 667 1885 εἶναι
700 1830 797 1901 τὴν
839 1833 942 1900 γῆν
978 1827 1477 1882 κατασκευαστικὸν
1523 1829 1636 1880 ἐστι
1676 1829 1736 1880 τὸ
1779 1831 1980 1896 ἑπαγό-

411 1943 591 1997 μενον,
633 1926 712 1977 ὃτι
735 1924 828 1977 καὶ
859 1921 1093 1984 ἄϐυσσος
1117 1917 1237 1992 ἦνή
1267 1921 1536 1990 ἐπέχουσα
1568 1920 1699 1991 (22),
1732 1921 1824 1975 καὶ
1844 1920 1982 1993 αῦτη

407 2015 784 2087 ἐσκοτισμένη.
833 2012 968 2067 Οῦτε
1029 2009 1121 2066 οῦν
1159 2012 1391 2077 ἄϐυσσος
1450 2012 1730 2083 δυνάμεων
1779 2013 1981 2083 πλῆθος

409 2107 820 2178 ἀντικειμένων,
848 2105 923 2168 ῶς
963 2123 1107 2168 τινες
1156 2105 1588 2176 ὲιίιαντάσθησαν,
1639 2105 1760 2158 οὕτε
1796 2107 1981 2168 σκότος

410 2201 611 2273 ἀρχική
663 2217 747 2262 τις
779 2199 873 2252 καὶ
929 2199 1140 2270 πονηρά
1189 2199 1418 2266 δύναμις
1462 2198 1862 2270 ἀντεξαγομένη
1904 2197 1982 2269 τῷ

409 2292 616 2364 ἀγαθῷ.
653 2291 756 2345 Δύο
787 2290 895 2361 γὰρ
929 2289 1242 2355 ἐξισάζοντα
1286 2289 1534 2361 ἀλλήλοις
1575 2293 1694 2344 κατ’
1725 2290 1981 2343 ἐναντίω-

413 2404 496 2440 σιν
522 2385 793 2457 φθαρτικὰ
819 2384 970 2437 ἔσται
1000 2385 1214 2447 πάντως
1243 2385 1339 2455 τῆς
1362 2383 1606 2452 ἀλλήλων
1638 2384 1947 2447 συστάσεως
1967 2400 1980 2413 ·

411 2475 841 2546 καιπράγματα
884 2473 994 2538 ἕξει
1025 2473 1284 2546 διηνεκῶς
1319 2475 1410 2526 καὶ
1439 2471 1661 2544 παρέξει
1694 2472 1987 2536 ἀπαύστως

411 2569 549 2641 πρὸς
573 2567 776 2640 ἄλληλα
805 2566 1136 2636 συνεχόμενα
1160 2565 1238 2636 τῷ
1260 2565 1497 2636 πολέμῳ.
1536 2565 1651 2618 Κᾶν
1674 2564 1986 2638 ὑπερϐάλλῃ

410 2660 636 2730 δυνάμει
677 2658 784 2712 τῶν
813 2658 1204 2728 ἀντικειμένων
1231 2656 1340 2727 (25)
1365 2655 1424 2707 τὸ
1456 2656 1664 2726 ἕτερον,
1692 2656 1988 2726 δαπανητι-

413 2752 507 2805 κδν
540 2751 598 2815 ἐξ
622 2751 860 2813 ἅπαντος
885 2749 976 2802 τοῦ
1001 2748 1363 2820 κρατηθέντος
1389 2747 1779 2815 γίνεται.”Ωστε
1808 2751 1854 2802 εί
1889 2748 1986 2819 μὲν

413 2844 700 2916 ἰσόρροπον
747 2841 961 2911 λέγουσι
997 2840 1092 2894 τοῦ
1137 2841 1308 2894 κακοῦ
1361 2841 1457 2912 τὴν
1498 2840 1633 2911 πρὸς
1683 2839 1742 2892 τὸ
1785 2838 1987 2908 ἀγαθὸν

412 2937 746 2999 ἐναντίωσιν,
773 2934 1048 2988 ἄπαυστον
1078 2934 1356 3001 εἰσάγουσι
1381 2931 1613 3002 πόλεμον
1639 2934 1738 2994 ,καὶ
1766 2931 1984 3001 διηνεκῆ

411 3031 508 3100 τὴν
541 3029 766 3100 φθορὰν,
795 3027 1135 3100 κρατούντων
1162 3028 1220 3078 ὲν
1257 3027 1408 3097 μέρει
1448 3026 1540 3078 καὶ
1571 3022 1982 3094 κρατουμένων·

411 3124 460 3175 εἰ
489 3123 545 3175 δὲ
585 3121 840 3192 ὑπερέχει
887 3120 1112 3190 δυνάμει
1157 3119 1215 3170 τὸ
1245 3117 1466 3187 ἀγαθον,
1515 3117 1598 3179 τίς
1638 3119 1670 3187 ἡ
1709 3116 1854 3169 αἰτία
1892 3115 1986 3168 τοῦ

409 3215 510 3287 τὴν
550 3213 711 3285 φύσιν
755 3213 848 3266 τοῦ
886 3215 1055 3266 κακοῦ
1107 3211 1180 3282 μὴ
1221 3209 1498 3272 παντελῶς
1535 3207 1874 3282 ἀνῃρῆσθαι;
1921 3209 1984 3260 El

410 3307 490 3372 δὲ,
523 3307 551 3359 ὃ
585 3307 658 3376 μὴ
694 3305 804 3376 (9.4)
836 3303 996 3374 θέμις
1034 3305 1227 3362 εἰπεῖν,
1272 3301 1534 3371 θαυμάζω
1563 3301 1679 3362 πῶς
1706 3301 1825 3370 οὑχι
1859 3299 1987 3368 φεύ-

412 3413 598 3466 γουσιν
625 3396 777 3448 αὑτοὶ
806 3396 1029 3456 ἑαυτοὺς
1057 3393 1190 3463 πρὸς
1217 3392 1390 3455 οὕτως
1423 3391 1716 3462 ἀθεμίτους
1746 3391 1987 3462 βλασφη-

416 3489 545 3560 μίας
579 3487 991 3558 ὑποφερόμενοι.
1037 3485 1111 3537 Οὑ
1169 3483 1273 3554 μὴν
1305 3483 1422 3535 οὑδὲ
1455 3482 1605 3554 παρὰ
1643 3481 1776 3534 Θεοῦ
1799 3482 1858 3534 τὸ
1891 3498 1989 3534 κα-

413 3583 506 3634 κδν
537 3582 632 3652 τὴν
666 3564 876 3648 γένεσιν
903 3578 1045 3648 ἔχειν
1075 3576 1296 3638 εὐσεϐές
1319 3576 1433 3628 ἐστι
1467 3575 1665 3643 λέγειν,
1694 3574 1780 3627 διὰ
1802 3574 1862 3626 τὸ
1897 3591 1991 3644 μηο

410 3674 498 3726 δέν
533 3672 638 3725 τῶν
679 3670 937 3724 ἐναντίων
970 3669 1122 3739 παρὰ
1151 3666 1245 3719 τοῦ
1282 3667 1525 3720 ἐναντίου
1553 3665 1817 3734 γίνεσθαι.
1851 3662 1989 3716 υῦτε

411 3764 521 3835 γὰρ
555 3765 587 3834 ἡ
611 3762 723 3833 ζωὴ
749 3762 977 3816 θάνατον
1001 3761 1184 3830 γεννᾷ,
1215 3758 1336 3812 οὔτε
1359 3757 1418 3812 τὸ
1449 3757 1636 3820 σκότος
1653 3756 1829 3825 φωτός
1845 3757 1989 3807 ἐστιν

413 3855 576 3927 ἀρχὴ,
609 3854 733 3907 οὗτε
771 3855 803 3924 ἡ
843 3852 995 3915 νόσος
1032 3851 1244 3920 ὑγιείας
1275 3848 1627 3921 δημιουργὸς,
1660 3847 1773 3901 ἀλλ’
1800 3848 1857 3898 ὲν
1893 3847 1991 3917 μὲν

412 3952 531 4012 ταῖς
565 3946 884 4018 μεταϐολαῖς
913 3945 1018 3998 τῶν
1047 3943 1339 3997 διαθέσεων
1358 3945 1423 3996 ἐκ
1448 3943 1553 3995 τῶν
1581 3941 1833 3994 ἐναντίων
1857 3939 1992 4011 πρὸς

413 4040 478 4092 τά
513 4037 728 4092 ἐναντία
758 4039 813 4090 αἱ
849 4037 1206 4108 μεταστάσεις
1229 4053 1241 4064 ⁸
1278 4037 1334 4088 ὲν
1362 4035 1417 4104 δὲ
1447 4037 1564 4097 ταῖς
1587 4033 1864 4100 γενέσεσιν
1892 4031 1992 4084 οὑκ

411 4137 476 4186 ἐκ
501 4133 608 4186 τῶν
638 4132 920 4194 ἐναντίων,
956 4129 1068 4182 ἀλλ’
1095 4131 1159 4181 ὲκ
1188 4128 1294 4181 τῶν
1327 4126 1601 4197 ὁμογενῶν
1631 4125 1856 4178 ’ἑκαστον
1884 4122 1991 4175 τῶν

412 4225 713 4296 γινομένων
771 4222 1118 4294 προέρχεται.
1166 4221 1227 4272 Εἰ
1270 4219 1472 4282 τοίνυν,
1507 4219 1639 4288 φησι
1671 4217 1805 4286 (‘25),
1854 4217 1992 4287 μήτε

413 4320 727 4387 ἀγέννητον,
777 4315 930 4388 παρὰ
959 4314 1095 4368 Θεοῦ
1136 4313 1379 4382 γεγονὸς,
1425 4313 1587 4366 πόθεν
1618 4311 1729 4382 ἔχει
1768 4310 1864 4382 τὴν
1893 4310 1993 4379 φῦ-

416 4429 498 4464 σιν
525 4429 538 4476 ;
564 4411 638 4462 Τὸ
667 4409 774 4480 γὰρ
797 4405 934 4461 εἶναι
967 4407 1037 4460 τά
1072 4405 1217 4460 κακά
1242 4405 1414 4467 οὐδεὶς
1446 4405 1664 4474 ἀντερεῖ
1685 4401 1793 4456 τῶν
1829 4419 1992 4473 μετεο

2084 546 2316 600 veritate
2357 547 2589 610 recedis,
2619 560 2655 600 ο
2679 545 2860 609 homo,
2886 546 2981 600 libi
3018 546 3117 617 ipsi
3143 546 3294 601 exitii
3325 561 3517 604 causas
3555 565 3652 604 ex-

2084 633 2370 704 cogitans?
2400 634 2638 704 Simplex
2681 644 2764 690 est
2800 635 2988 702 dictio,
3017 644 3070 690 et
3105 636 3173 691 ab
3213 638 3464 693 omnibus
3501 654 3650 694 com-

2083 726 2343 794 prehendi
2375 725 2533 782 facile
2555 737 2753 794 potest.
2785 726 2939 793 Erat,
2973 729 3164 797 inquit,
3191 729 3466 784 invisibilis
3492 739 3654 786 terra.

2085 815 2344 883 Quanam
2391 826 2475 872 est
2524 817 2729 871 causa?
2763 817 2898 884 Quia
2941 817 3326 873 circumfusam
3359 820 3460 874 sibi
3494 825 3654 892 abys-

2084 922 2204 962 sum
2259 907 2510 964 ltabebat.
2557 908 2693 977 Quid
2729 912 3182 982 autem‘abyssus
3220 913 3522 982 signiﬁcat?
3547 915 3656 970 Co-

2083 1002 2291 1071 piosam
2343 1017 2583 1071 aquam,
2636 1002 2792 1072 cujus
2845 1002 3042 1059 fundus
3092 1005 3182 1060 vix
3237 1015 3413 1076 potest
3464 1007 3656 1078 attingi

2083 1095 2338 1150 deorsum
2373 1110 2581 1150 versus.
2625 1097 2696 1150 At
2738 1096 3011 1164 complura
3053 1113 3274 1168 corpora
3306 1114 3404 1168 per
3441 1108 3653 1154 tenuem

2084 1194 2139 1240 et
2183 1185 2606 1240 translucentem
2667 1201 2862 1256 aquam
2913 1189 3115 1243 scimus
3159 1203 3264 1243 non
3304 1205 3427 1244 raro
3463 1187 3684 1247 videri.‘

2089 1277 2193 1348 16
2225 1275 2506 1342 Quomodo
2540 1276 2705 1346 igitur
2729 1278 2872 1332 nulla
2906 1288 3065 1334 terra;
3087 1295 3216 1349 pars
3240 1281 3339 1335 sub
3379 1291 3654 1350 aspectum

2083 1370 2312 1423 cadebat
2362 1385 2456 1439 per
2508 1371 2714 1440 aquas?
2744 1371 2877 1438 Quia
2923 1371 3125 1427 effusus
3172 1387 3335 1443 super
3377 1384 3498 1428 eam
3537 1388 3653 1440 aer,

2083 1461 2346 1514 obscurus
2388 1461 2567 1516 adhuc
2619 1473 2760 1527 erat,
2793 1473 2847 1518 et
2899 1465 3134 1520 tenebris
3184 1466 3468 1522 obductus.
3519 1467 3656 1523 Nam

2085 1550 2213 1605 solis
2252 1552 2434 1606 radius
2475 1567 2598 1607 cum
2647 1569 2744 1624 per
2791 1569 2961 1624 aquas
2995 1566 3260 1626 penetrat,
3290 1573 3430 1627 saape
3463 1558 3516 1612 in
3548 1559 3658 1613 imo

2086 1644 2298 1713 gurgite
2329 1643 2565 1701 calculos
2590 1647 2860 1713 ostendit;
2895 1657 2950 1702 at
2975 1664 3101 1703 vero
3132 1651 3182 1704 in
3213 1650 3473 1720 profunda
3500 1661 3658 1707 nocte

2089 1749 2246 1788 nemo
2293 1749 2355 1787 ca
2397 1749 2517 1804 quae
2555 1737 2654 1790 sub
2699 1753 2836 1807 aqua
2864 1748 3009 1803 sunt,
3036 1739 3142 1793 ullo
3166 1751 3322 1808 pacm
3350 1743 3533 1797 videre
3563 1758 3659 1812 po-

2087 1837 2213 1882 test.
2251 1827 2436 1896 Itaque
2467 1829 2518 1883 id
2548 1831 2692 1898 quod
2729 1831 3096 1904 subjungitur,
3127 1833 3354 1904 abyssus
3381 1834 3660 1891 incumbe-

2086 1920 2192 1980 b'at,
2231 1929 2284 1974 et
2313 1936 2374 1973 ea
2418 1931 2535 1975 erat
2585 1923 2825 1978 tenebris
2873 1924 3125 1990 obducta,
3165 1925 3216 1978 in
3259 1941 3420 1981 causa
3455 1936 3538 1982 est
3563 1943 3660 1982 cur

2089 2019 2230 2064 terra
2266 2010 2429 2066 fuerit
2460 2012 2765 2068 invisibilis.
2799 2013 2983 2084 Neque
3012 2017 3176 2086 igitur
3205 2017 3433 2088 abyssus
3466 2017 3660 2072 adver-

2087 2104 2354 2158 sariarum
2384 2114 2713 2174 potestatum
2740 2117 2824 2162 est
2854 2109 3158 2174 multitudo,
3185 2119 3242 2165 ut
3272 2111 3492 2181 quidam
3523 2112 3661 2166 ima-

2089 2196 2256 2265 ginati
2298 2206 2424 2251 sunt
2458 2215 2471 2250 :
2508 2212 2684 2268 neque
2736 2199 2970 2256 tenebra:
3011 2212 3136 2256 sunt
3167 2203 3480 2274 principalis
3511 2219 3661 2275 quae-

2090 2291 2211 2343 dam
2257 2305 2320 2344 ac
2366 2289 2507 2344 mala
2556 2294 2820 2361 potentia,
2861 2294 3002 2349 bono
3043 2296 3308 2364 opposita.
3351 2295 3466 2350 Duo
3513 2297 3658 2350 enim

2097 2384 2238 2437 inter
2283 2399 2342 2439 se
2391 2385 2775 2441 contrarietate
2813 2387 2964 2455 paria
3009 2395 3193 2441 mutuo
3226 2402 3377 2442 suam
3411 2397 3658 2442 naturam

2087 2477 2402 2542 destruent;
2451 2491 2514 2531 ac
2556 2475 2926 2532 indesinenter
2953 2479 3190 2548 capient,
3220 2479 3659 2550 exbibebuntque

2089 2565 2382 2631 molestias,
2413 2567 2528 2637 jugi
2575 2568 2719 2644 iiiter
2747 2583 2807 2622 se
2862 2567 3005 2624 bello
3058 2569 3354 2638 implicata.
3407 2569 3562 2636 Quod
3613 2573 3657 2625 si

2089 2657 2490 2712 adversantium
2517 2659 2749 2714 alterum
2775 2660 2933 2716 alteri
2958 2661 3164 2716 viribus
3193 2671 3436 2731 praestet,
3457 2663 3658 2718 victum

2088 2749 2307 2802 omnino
2339 2749 2594 2805 absumit.
2625 2750 2808 2819 Quare
2836 2753 2879 2806 si
2908 2754 3035 2806 mali
3070 2755 3506 2810 contrarietatem
3535 2771 3656 2810 cum

2090 2838 2230 2892 bono
2270 2839 2601 2908 aequilibrem
2661 2856 2784 2896 esse
2831 2843 3045 2907 dicant,
3100 2845 3414 2898 continuum
3463 2844 3657 2898 bellum

2090 2939 2514 3001 perpetuamque
2547 2933 2950 3003 corruptionem
2995 2935 3284 3001 inducunt;
3320 2938 3656 3007 quandoqui-

2089 3021 2209 3075 dem
2263 3024 2459 3091 partim
2509 3024 2770 3088 vincunt,
2829 3026 3023 3093 partim
3073 3026 3382 3082 vincuntur.
3444 3027 3561 3083 Jam
3612 3029 3659 3083 si

2093 3114 2295 3170 viribus
2323 3115 2599 3185 praepollet
2625 3116 2860 3182 bonum;
2894 3119 3022 3188 quid
3053 3119 3152 3173 fuit
3183 3135 3380 3185 causrc,
3410 3135 3509 3176 cur
3535 3123 3660 3175 mali

2094 3216 2282 3260 natura
2323 3223 2428 3261 non
2478 3207 2715 3263 funditus
2747 3209 2958 3265 sublata
3006 3211 3117 3265 sit?
3160 3212 3254 3266 Sin
3304 3213 3482 3277 aliter,
3517 3217 3662 3284 quod

2093 3317 2196 3354 non
2231 3301 2354 3355 licet
2381 3302 2581 3365 dicere,
2611 3304 2780 3357 miror
2814 3305 3084 3374 quoinodo
3120 3321 3177 3358 se
3202 3305 3300 3374 ipsi
3325 3321 3429 3360 non
3466 3307 3664 3363 abhor-

2094 3403 2266 3454 reaut,
2300 3395 2364 3446 ad
2405 3405 2509 3448 tam
2549 3393 2777 3450 nefanda
2807 3396 3088 3452 maledicta
3121 3397 3339 3467 delapsi.
3380 3401 3448 3454 At
3490 3417 3664 3470 neque

2093 3487 2290 3537 malum
2327 3501 2356 3538 a
2393 3484 2500 3540 Deo
2536 3497 2851 3556 generatum
2887 3504 3029 3552 esse,
3063 3490 3240 3545 dicere
3273 3490 3353 3546 fas
3391 3503 3497 3557 est,
3537 3509 3662 3562 pro-

2091 3585 2274 3645 pterea
2323 3579 2462 3646 quod
2506 3579 2707 3632 nullum
2748 3580 3077 3634 contrarium
3113 3599 3142 3635 a
3179 3583 3448 3637 contrario
3476 3583 3664 3653 gigna-

2093 3678 2198 3723 tur.
2230 3669 2416 3739 Neque
2449 3671 2593 3725 cnim
2631 3672 2737 3724 vita
2769 3682 2997 3727 mortem
3028 3685 3267 3740 generat,
3306 3688 3481 3742 neque
3515 3683 3665 3728 tene-

2093 3760 2201 3815 btae
2248 3761 2382 3816 lucis
2429 3763 2753 3833 principium
2805 3773 2952 3828 sunt,
2999 3779 3172 3833 neque
3219 3765 3438 3820 morbus
3483 3768 3666 3834 opifex

2092 3864 2172 3907 est
2209 3855 2460 3910 sanitatis
2495 3875 2506 3910 :
2542 3855 2634 3910 sed
2680 3857 2730 3909 in
2764 3854 3107 3910 affectionum
3136 3857 3666 3928 commutationibus,

2091 3961 2120 4000 e
2148 3947 2437 4001 contrariis
2466 3950 2531 4001 ad
2569 3949 2838 4002 contraria
2885 3948 3018 4002 ﬁunt
3068 3947 3414 4004 transitiones
3447 3971 3459 4004 :
3494 3949 3546 4004 in
3581 3965 3669 4021 ge-

2092 4039 2466 4093 nerationibus
2513 4054 2662 4106 vero,
2706 4055 2793 4094 res
2838 4041 3062 4110 singula:
3103 4054 3222 4110 qua:
3256 4040 3411 4106 ﬁunt,
3443 4057 3547 4096 non
3596 4057 3666 4096 ex

2091 4130 2402 4192 contrariis,
2427 4129 2520 4184 sed
2565 4146 2630 4184 ex
2675 4132 3066 4201 congeneribus
3105 4133 3492 4200 producuntur.
3528 4127 3668 4189 Pro-

2093 4221 2238 4285 inde,
2269 4222 2538 4291 inquiunt,
2563 4223 2608 4278 si
2641 4239 2814 4294 neque
2857 4225 3157 4294 ingenitum
3196 4237 3278 4280 est
3317 4226 3540 4289 malum,
3572 4243 3666 4280 ne-

2094 4329 2197 4382 que
2241 4320 2271 4368 a
2319 4315 2431 4370 Deo
2480 4316 2745 4386 genitum,
2795 4315 2935 4371 unde
2985 4325 3234 4370 naturam
3290 4316 3494 4370 habet?
3526 4315 3663 4370 Nam

2104 4406 2242 4460 mala
2274 4421 2394 4462 esse
2425 4423 2584 4462 nemo
2612 4407 2734 4462 vitae
2768 4409 3036 4478 particeps
3068 4407 3361 4479 negaverit.
3394 4406 3531 4474 Quid
3564 4408 3666 4478 igi-

414 4507 616 4576 χόντων
648 4501 744 4556 τοῦ
777 4501 916 4571 βίου.
947 4500 1012 4552 Τί
1031 4495 1122 4552 οὖν
1145 4515 1324 4568 φαμεν
1349 4514 1364 4563 ;
1393 4497 1515 4549 Ὂτι
1549 4497 1610 4549 τὸ
1647 4495 1814 4548 κακόν
1846 4496 1984 4576 ἐστιν

2097 4508 2185 4551 tur
2213 4498 2485 4553 dicimus?
2518 4499 2714 4574 Malum
2760 4499 2972 4555 scilicet
3015 4515 3120 4554 non
3155 4499 3513 4554 substantiam
3545 4515 3667 4554 esse

413 4573 536 4668 οὑχὶ
565 4595 720 4648 οὐσία
755 4591 906 4658 ζῶσα
936 4591 1030 4645 καλ⁵
1073 4588 1334 4661 ἔμψυχος,
1365 4585 1501 4640 ἀλλὰ
1525 4585 1763 4650 διάθεσις
1794 4587 1850 4638 ὲν
1889 4573 1989 4654 ἐξαυ-

415 4694 483 4762 χῇ
525 4686 780 4749 ἐναντίως
807 4685 1003 4754 ἔχουσα
1053 4683 1188 4755 πρὸς
1241 4681 1460 4753 ἀρετὴν,
1489 4679 1574 4732 διά
1603 4679 1700 4750 τὴν
1749 4678 1856 4730 ἀπὸ
1891 4677 1984 4729 τοῦ

416 4781 581 4836 καλοῦ
614 4779 926 4832 ἀπόπτωσιν
954 4779 1066 4838 τοῖς
1097 4773 1359 4845 ῥᾳθύμοις
1387 4770 1731 4840 ἐγγινομένη.

485 4874 538 4928 5.
568 4872 658 4940 Μὴ
687 4869 863 4922 τοίνυν
896 4866 1091 4932 ἔξωθεν
1135 4864 1196 4916 τὸ
1249 4864 1416 4916 κακὸν
1458 4861 1802 4933 περισκόπει,
1855 4859 1987 4930 μηδὲ

485 5074 600 5146 (‘20)
627 5074 848 5150 A_nt_iqtti
897 5083 1006 5150 tres
1030 5072 1150 5150 libri
1183 5073 1581 5150 ἁμαρτήσεται.
1605 5070 1757 5150 μίξόίιί
1801 5072 1980 5150 ἀμαρ-

412 5139 591 5217 mea;
641 5139 794 5217 Colb;
845 5145 1052 5217 primus
1097 5139 1404 5217 ἀμαρτῆσεί
1432 5139 1572 5217 μτοῦ-
1601 5139 1982 5217 δέοντος.’Μὸι

411 5209 564 5269 (lolii.
585 5209 875 5277 secundus,
906 5209 1163 5285 ἀφορμὰς
1188 5209 1370 5283 σαυτῷ
1396 5213 1495 5284 τῆς
1549 5209 1823 5275 ἀσεϐείας,
1884 5217 1986 5264 im-

411 5287 620 5349 pietatis
655 5286 972 5338 occasiones.

485 5355 598 5426 (2i)
623 5355 870 5426 _Veteres
934 5355 1037 5409 duo
1100 5353 1224 5410 libri
1283 5353 1742 5426 διεσκοτισμένος.
1783 5348 1984 5406 Ibidem

413 5424 584 5480 editio
621 5424 786 5480 Basil.
820 5433 875 5479 et
908 5435 1138 5492 quatuor
1195 5439 1326 5479 mss.
1376 5424 1527 5493 Regii
1565 5441 1687 5477 cum
1750 5432 1980 5489 utroque

413 5496 563 5550 (Iolb.
593 5498 622 5550 6
656 5496 794 5564 ὑπὲρ
833 5494 997 5548 αὑτοῦ
1023 5511 1036 5524 ·
1085 5511 1204 5564 quae
1234 5511 1336 5549 vox
1380 5494 1542 5546 αὑτοῦ
1586 5494 1772 5548 referri
1805 5502 1980 5564 potest

413 5566 485 5638 ad
513 5582 695 5638 vocem
719 5561 884 5638 ὕδωρ,
915 5581 1034 5638 qua:
1059 5561 1218 5638 paulo
1249 5577 1374 5620 ante
1403 5567 1617 5638 legitur.
1658 5565 1830 5619 Editio
1877 5561 1982 5638 Pa-

415 5637 509 5690 ris.
537 5637 566 5688 6
592 5638 731 5708 ὑπὲρ
759 5634 947 5706 αὐτῆς.
971 5635 1322 5708 Arbitrantur
1365 5644 1547 5708 autem
1607 5635 1679 5688 ita
1723 5634 1981 5689 emenda-

414 5713 527 5760 tum
558 5709 626 5760 ab
656 5704 855 5776 aliquo,
886 5704 980 5776 qui
1014 5706 1114 5776 sibi
1139 5704 1275 5758 falso
1307 5706 1668 5774 persuasisset
1725 5719 1978 5758 necessa-

415 5778 498 5831 rio
521 5777 622 5848 legi
651 5775 915 5846 oportere
935 5775 1127 5845 αὐτῆς,
1154 5785 1212 5829 ιιι
1239 5776 1340 5830 hoc
1375 5791 1668 5843 pronomen
1707 5776 1772 5829 ad
1792 5789 1976 5828 vocem

2096 4589 2388 4655 viventem,
2419 4600 2514 4645 aut
2560 4591 2854 4646 animatam
2893 4593 3036 4648 :scd
3086 4593 3282 4646 animae
3325 4589 3664 4647 affectionem

2093 4677 2281 4731 virtuti
2313 4679 2668 4743 contrariam,
2697 4681 2984 4736 desidiosis
3022 4696 3084 4734 ac
3109 4681 3389 4746 inertibus,
3419 4691 3667 4752 propter-

2093 4785 2154 4823 ea
2181 4773 2324 4838 quod
2355 4786 2384 4822 a
2419 4771 2560 4826 bono
2589 4773 2925 4838 deciderunt,
2960 4775 3203 4828 inditam.

2165 4861 2219 4914 5.
2262 4860 2454 4915 Malunt
2514 4863 2691 4932 itaque
2750 4865 3049 4920 forinsecus
3107 4881 3173 4920 ne
3233 4868 3664 4937 circumspicias,

2087 5074 2158 5144 γῆ
2190 5074 2499 5130 referretur.
2535 5073 2700 5130 Paulo
2734 5073 2874 5128 infra
2906 5077 3146 5143 quinque
3174 5090 3303 5130 mss.
3338 5077 3496 5148 ἡλίου
3547 5077 3666 5130 ὑδάο

2096 5162 2272 5300 ἶωᾶὶ)
2329 5215 2466 5271 Ειιίιί
2528 5212 2597 5288 ἦν
2667 5214 2958 5286 ἐπέχουσα.
3022 5213 3091 5266 At
3151 5231 3278 5268 mss.
3339 5232 3430 5271 sex
3487 5218 3520 5286 ὴ
3569 5217 3669 5269 ἑπ-

2091 5302 2480 5430 ἷχῖΞΞῗΟΕάὶιίο
2534 5357 2708 5430 Paris.
2739 5358 2833 5430 τοῦ
2885 5359 3285 5430 ἀντικειμένου.
3316 5355 3504 5430 Editiq
3541 5371 3670 5430 vero

2097 5423 2263 5481 Basil.
2283 5440 2337 5482 et
2371 5429 2542 5482 codex
2591 5428 2835 5482 Combcf.
2877 5445 2998 5482 cum
3037 5423 3158 5483 aliis
3191 5439 3397 5498 septem
3439 5425 3548 5479 τῶν
3575 5429 3669 5479 άν-

2093 5499 2437 5569 τικειμένων.
2475 5499 2628 5556 Colb.
2661 5499 2865 5568 primus
2896 5499 2974 5569 τῷ
3003 5499 3385 5569 ἀντικειμένῳ.

2161 5568 2273 5640 (ἓξ)
2308 5571 2367 5640 lu
2400 5585 2528 5623 mss.
2563 5587 2665 5623 non
2701 5571 2886 5638 paucis
2917 5568 3110 5640 legitur
3131 5569 3159 5620 6
3188 5568 3346 5640 μηδέ.

2164 5638 2276 5722 (εδ)
2314 5638 2389 5695 lta
2422 5657 2552 5695 mss.
2610 5637 2733 5696 cum
2779 5641 3017 5695 editione
3051 5637 3220 5695 Basil.
3253 5637 3462 5694 'Editio
3492 5637 3666 5693 Paris.

2088 5725 2241 5776 φασι.
