4082 6398
463 332 534 390 39
1813 336 1869 393 S.
1914 338 2152 393 BASILII
2193 339 2406 394 MAGNI
3654 350 3723 405 4.0

468 469 606 508 neve
648 454 1028 525 primigeniam
1067 456 1354 525 quamdam
1398 456 1746 530 malignitatis
1791 468 2038 514 naturam

2146 461 2436 532 ἀρχέγονόν
2471 477 2590 513 τινα
2623 459 2784 527 φύσιν
2824 461 3085 533 πονηρίας
3120 461 3231 531 (26)
3257 461 3526 531 φαντάξου
3550 479 3562 491 ο
3594 465 3726 519 ἀλλὰ

471 546 888 599 comminiscarc
922 563 936 599 :
979 547 1072 600 sed
1112 561 1222 600 suae
1261 549 1492 618 quisque
1525 549 1744 603 malitia:
1774 564 1832 604 se
1868 550 2038 620 ipsum

469 646 730 706 agnoscat
764 647 1058 692 auctorem.
1094 639 1228 692 Nam
1265 655 1478 710 semper
1515 656 1701 696 eorum
1737 657 1855 710 qua:
1886 643 2039 708 fiunt,

473 725 578 782 alia
603 726 818 797 quidem
855 742 884 781 a
916 737 1104 782 natura
1140 729 1294 784 nobis
1329 731 1673 802 contingunt,
1701 741 1759 785 ut
1794 743 2043 787 senectus

461 829 529 875 et
581 818 922 874 infirmitates
958 839 972 876 :
1008 820 1110 874 alia
1162 836 1292 876 vero
1339 837 1368 874 a
1409 837 1559 888 casu,
1603 831 1728 892 puta
1781 823 2041 894 inopinati

474 913 829 980 quarumdam
861 927 1042 967 rerum
1073 925 1216 984 saepe
1249 913 1512 979 tristium,
1541 921 1639 969 aut
1683 916 1844 970 etiam
1895 916 2042 971 laeta-

472 1017 592 1059 rum
643 1010 890 1068 eventus,
930 1019 996 1058 ex
1047 1002 1238 1058 alienis
1295 1005 1580 1075 principiis
1640 1007 2040 1064 adnascentes:

471 1097 617 1150 velut
665 1105 884 1166 puteum
945 1095 1194 1162 fodienti,
1241 1097 1481 1153 thesauri
1537 1098 1794 1164 inventio,
1835 1109 1930 1156 aut
1976 1101 2044 1156 ad

474 1187 647 1242 forum
711 1187 1115 1258 progredienti,
1179 1188 1351 1244 rabidi
1401 1191 1553 1246 canis
1603 1206 1891 1258 occursus;
1941 1192 2042 1248 alia

473 1281 686 1336 tandem
730 1281 783 1335 in
832 1287 1016 1336 nostra
1051 1291 1319 1352 potestate
1345 1291 1398 1338 et
1427 1283 1656 1339 arbitrio
1683 1294 1809 1340 sunt
1845 1288 2041 1356 posita,

471 1385 527 1429 ut
579 1376 902 1445 cupiditates
955 1391 1238 1447 superare,
1275 1386 1370 1432 aut
1418 1377 1784 1448 voluptatibus
1824 1382 2042 1437 modum

470 1481 573 1520 non
609 1482 810 1535 ponere
850 1488 862 1523 :
895 1467 1043 1522 velut
1078 1469 1217 1523 iram
1260 1467 1562 1534 continere,
1595 1469 1677 1524 vel
1706 1469 1763 1524 in
1798 1486 1917 1526 eum
1953 1474 2041 1542 qui

469 1559 665 1630 injuria
717 1559 1034 1626 lacessivit,
1086 1575 1306 1615 manum
1358 1562 1631 1633 injicere:
1670 1565 1797 1619 item
1855 1579 2044 1620 verum

452 1651 647 1705 dicere
687 1661 780 1705 aut
830 1653 1048 1707 mentiri
1089 1664 1479 1710 :mansuetum
1530 1657 1772 1712 moribus
1826 1671 1946 1712 esse
1989 1666 2047 1712 et

470 1744 837 1810 moderatum,
871 1757 965 1798 aut
995 1744 1260 1800 tumidum
1290 1755 1344 1801 et
1370 1747 1624 1818 superbia
1655 1748 1876 1804 elatum.
1909 1747 2046 1817 Quo-

470 1849 590 1886 rum
639 1835 822 1902 itaque
875 1843 929 1886 tu
979 1834 1094 1904 ipse
1137 1835 1388 1892 dominus
1421 1851 1501 1902 es,
1537 1851 1669 1892 cave
1701 1853 1910 1907 quaeras
1948 1839 2046 1894 bo-
2077 1820 2120 1876 Β

471 1935 591 1975 rum
638 1922 902 1994 principia
947 1925 1050 1995 17
1105 1925 1322 1982 aliunde
1363 1941 1378 1980 :
1419 1927 1515 1982 sed
1570 1929 1769 1982 malum
1831 1930 2046 2000 proprie

469 2015 676 2068 dictum
727 2015 944 2071 noveris
1001 2032 1032 2071 a
1083 2017 1400 2074 voluntariis
1454 2019 1696 2090 lapsibus
1753 2021 2042 2090 incepisse.

469 2107 605 2163 Nam
633 2108 678 2163 si
709 2109 905 2164 malum
936 2125 1040 2165 non
1071 2121 1214 2166 esset
1238 2112 1625 2179 voluntarium,
1650 2129 1752 2170 nec
1781 2115 1833 2169 in
1863 2125 2046 2171 nostra

468 2208 740 2270 potestate
768 2202 955 2266 situm,
989 2201 1239 2272 iniuriam
1284 2203 1640 2260 inferentibus
1682 2221 1787 2260 non
1839 2206 2047 2276 impen-

468 2295 621 2349 deret
671 2301 854 2348 tantus
904 2295 1067 2349 timor
1119 2311 1147 2348 a
1206 2295 1435 2367 legibus,
1487 2297 1674 2367 sicque
1716 2297 2045 2367 iudiciorum

468 2401 642 2456 ptenzr
667 2401 786 2457 qua:
818 2387 1064 2442 meritam
1095 2387 1355 2444 maleficis
1386 2393 1686 2460 rependunt
1712 2393 2038 2460 mercedem,

469 2479 644 2534 forent
692 2480 1052 2535 inevitabiles.
1107 2479 1268 2550 Atqui
1323 2481 1436 2536 haec
1493 2483 1621 2536 mihi
1672 2483 1738 2538 de
1787 2499 1851 2539 eo
1899 2485 2043 2554 quod

467 2572 686 2643 proprie
727 2573 926 2627 malum
969 2583 1077 2637 est,
1109 2571 1250 2628 dicta
1283 2574 1411 2628 sint.
1444 2573 1688 2628 Morbum
1716 2577 1883 2641 enim,
1909 2591 2044 2646 pau-

473 2667 760 2730 pertatem,
796 2660 1171 2730 ignominiam,
1211 2675 1462 2729 mortem,
1497 2674 1550 2718 et
1577 2665 1756 2718 omnia
1785 2681 2043 2735 quiscun-

468 2765 573 2822 que
620 2753 933 2808 hominibus
977 2753 1206 2808 molesta
1246 2762 1374 2809 sunt
1417 2756 1470 2809 in
1514 2756 1778 2811 malorum
1819 2772 2044 2812 numero

469 2859 568 2912 par
602 2859 707 2899 non
746 2853 829 2899 est
861 2859 1145 2901 recensere
1186 2865 1198 2900 :
1238 2861 1302 2901 eo
1335 2848 1476 2916 quod
1511 2862 1684 2918 neque
1716 2863 1778 2903 ea
1812 2865 1931 2920 quae
1961 2850 2046 2905 his

469 2949 836 3005 opponuntur,
887 2937 1030 2990 inter
1092 2937 1326 2990 maxima
1372 2938 1511 2993 bona
1559 2955 1980 2998 annumeramus
2025 2959 2041 2998 :

470 3044 698 3098 quorum
733 3028 912 3097 aliqua
964 3029 1150 3083 insunt
1207 3037 1396 3084 natura
1433 3049 1446 3084 :
1485 3031 1662 3101 aliqua
1701 3048 1831 3088 vero
1878 3036 2042 3089 etiam

469 3121 673 3175 utiliter
703 3121 885 3174 multis
933 3122 1198 3176 accidisse
1234 3133 1462 3178 constat.
1508 3121 1733 3180 Omnem
1769 3126 1931 3197 igitur
1960 3128 2042 3181 in-

470 3215 933 3282 terpretationem,
977 3214 1145 3283 tropis
1181 3223 1236 3268 et
1269 3214 1541 3285 allegoriis
1586 3225 1952 3284 constantem,
1989 3219 2040 3274 in

470 3305 758 3373 prmscntia
805 3305 1313 3376 przetermittentes,
1366 3306 1710 3363 tenebrarum
1765 3309 2041 3367 notionem

468 3397 789 3466 simpliciter
818 3410 872 3453 et
899 3397 1036 3453 citra
1064 3399 1458 3467 curiositatem,
1496 3415 1714 3456 sensum
1750 3403 2043 3474 Scriptura:

468 3487 664 3552 secuti,
701 3488 1048 3557 accipiamus.
1100 3488 1330 3560 lnquirit
1361 3500 1540 3547 autem
1589 3493 1748 3560 ratio,
1782 3508 1847 3547 an
1882 3494 2042 3549 simul

467 3593 589 3632 cum
626 3581 827 3634 mundo
857 3579 1012 3635 facta:
1036 3581 1142 3635 sint
1178 3582 1432 3647 tenebrae,
1467 3593 1522 3638 et
1556 3592 1735 3639 utrum
1766 3586 2040 3657 antiquio-

469 3687 555 3728 res
585 3673 694 3727 sint
726 3672 868 3738 luce,
894 3681 946 3727 et
979 3687 1076 3727 cur
1113 3673 1162 3727 id
1203 3674 1345 3743 quod
1376 3675 1611 3730 deterius
1638 3686 1720 3731 est
1752 3678 1901 3748 prius
1940 3693 2040 3734 ex-

465 3765 707 3820 stiterit?
747 3765 983 3820 Dicimus
1017 3766 1181 3836 igitur
1216 3766 1378 3821 hasce
1414 3768 1665 3824 tenebras
1701 3785 1806 3826 non
1840 3787 2039 3826 secun-

465 3857 593 3911 dum
649 3857 1006 3912 substantiam
1055 3859 1410 3914 substitisse:
1449 3861 1543 3916 sed
1597 3859 1762 3917 fuisse
1812 3863 1864 3917 in
1916 3878 2042 3919 aere

467 3949 830 4016 affectionem,
873 3965 939 4004 ex
985 3950 1205 4004 luminis
1256 3952 1559 4021 privatione
1606 3955 2035 4025 provenientem.

465 4036 531 4089 Et
559 4053 688 4091 vero
728 4039 909 4093 mundi
946 4039 1094 4094 locus
1136 4041 1414 4109 cujusnam
1444 4043 1582 4098 lucis
1613 4045 1756 4100 illico
1787 4047 2040 4103 inventus

463 4139 547 4183 est
577 4145 788 4196 exsors,
819 4133 951 4186 adeo
998 4143 1056 4186 ut
1103 4135 1338 4189 tenebras
1387 4150 1549 4206 super
1583 4151 1775 4206 aquam
1817 4141 2041 4194 essent?

467 4223 611 4278 Sane
657 4225 700 4278 si
747 4226 873 4293 quid
906 4234 1029 4280 ante
1057 4237 1194 4292 erat,
1226 4243 1387 4297 quam
1423 4230 1512 4284 hic
1544 4231 1780 4288 mundus
1817 4234 2038 4288 sensibi-

465 4316 533 4372 lis
558 4328 719 4386 atque
758 4321 1089 4388 cori-optioni
1123 4320 1392 4376 obnoxius
1433 4324 1879 4392 constitueretur,
1911 4341 2039 4395 pro-

463 4408 606 4464 fecto
642 4412 689 4463 id
731 4411 1059 4466 arbitramur
1101 4414 1152 4465 in
1201 4414 1404 4469 lumine
1445 4415 1634 4472 fuisse.
1667 4415 1852 4488 Neque
1890 4422 2032 4476 enim

463 4504 776 4572 angelorum
808 4505 1114 4572 dignitates,
1141 4521 1314 4575 neque
1342 4507 1594 4564 cmlestes
1619 4520 1884 4581 quotquot
1911 4524 2039 4570 sunt

2141 551 2242 621 τῆς
2272 555 2329 605 ἐν
2362 551 2540 622 ἑαυτῷ
2586 552 2780 614 κακίας
2813 553 3039 616 ἕκαστος
3077 553 3269 605 ἑαυτὸν
3313 554 3556 624 ἀρχηγὸν
3590 571 3727 623 γνω-

2145 643 2374 714 pigere);
2414 643 2524 696 Ἀεὶ
2549 643 2657 714 γὰρ
2697 643 2805 696 τῶν
2836 647 3138 716 γινομένων
3169 646 3238 699 τὰ
3283 647 3378 718 μὲν
3413 649 3477 700 ἐκ
3511 648 3727 716 φύσεως

2144 737 2274 806 ἡμῖν
2303 735 2624 803 ἐπιγίνεται,
2661 733 2773 794 οἷον
2816 741 2994 813 γῆρας
3042 743 3136 795 καὶ
3178 743 3453 797 ἀσθένειαι
3491 744 3627 815 (27),
3661 745 3729 798 τά

2144 826 2199 880 δὲ
2222 827 2329 880 ἀπὸ
2355 833 2716 901 ταυτομάτου,
2747 828 2857 887 οἷον
2887 836 2943 887 αἱ
2975 834 3156 904 ἄλογοι
3184 837 3550 909 περιπτώσεις
3577 837 3730 890 ἀλλο-

2144 923 2322 996 τρίαις
2366 926 2562 1000 ἀρχαῖς
2619 931 3128 1000 ἐπισυμϐαίνουσαι,
3193 933 3532 1005 σκυθρωπῶν
3569 949 3732 989 τινων

2145 1016 2476 1089 πολλάκιςῆ
2527 1020 2621 1072 καὶ
2665 1019 2774 1074 τῶν
2828 1023 3237 1094 φαιδροτέρων’
3287 1024 3363 1088 ὼς
3415 1023 3492 1096 τῷ
3548 1025 3728 1098 φρέαρ

2145 1108 2428 1182 ὀρύσσοντι
2463 1112 2494 1182 ἡ
2540 1111 2632 1164 τοῦ
2671 1112 2946 1185 θησαυροῦ
2998 1115 3234 1189 εὕρεσις,
3271 1118 3303 1190 ἢ
3347 1117 3425 1189 τῷ
3459 1119 3596 1191 πρὸς
3634 1119 3732 1192 τὴν

2145 1204 2350 1274 ἀγορὰν
2385 1206 2699 1278 ὡρμημένῳ
2733 1209 2765 1279 ή
2791 1209 2884 1262 τοῦ
2911 1209 3216 1276 λυσσῶντος
3262 1213 3420 1276 κυνὸς
3451 1213 3688 1279 ἔντευξις
3715 1233 3727 1246 ·
3795 1235 3805 1242 ί

2147 1299 2213 1351 τά
2245 1297 2300 1351 δὲ
2336 1299 2419 1368 ἐφ’
2459 1301 2590 1370 ἡμῖν
2626 1302 2906 1370 τυγχάνει,
2947 1304 3021 1368 ὡς
3060 1305 3121 1357 τὸ
3169 1307 3441 1378 κρατῆσαι
3482 1306 3592 1360 τῶν
3619 1310 3734 1362 em-

2147 1388 2378 1461 θυμιῶν,
2412 1391 2444 1463 ἢ
2489 1392 2563 1463 μὴ
2609 1393 2836 1448 κολάσαι
2860 1394 2957 1457 τὰς
2989 1395 3209 1468 ήδονάςο
3242 1399 3317 1462 ὼς
3344 1400 3406 1452 τὸ
3440 1401 3732 1471 κατασχεῖν

2146 1481 2403 1554 ὁργῆς,ἢ
2454 1486 2642 1554 χεῖρας
2700 1485 2990 1554 ἐπαφεῖναι
3031 1486 3110 1558 τῷ
3149 1489 3547 1559 παροξύναντι·
3601 1489 3734 1560 ἀλη-

2148 1571 2345 1638 θεύειν,
2388 1571 2420 1642 ἢ
2453 1572 2775 1643 ψεύδεσθαι·
2815 1576 3033 1646 ἐπιεικῆ
3067 1578 3129 1631 τὸ
3161 1573 3292 1649 ἦθος
3323 1573 3462 1633 εἶναι
3508 1580 3600 1634 καὶ
3631 1581 3732 1652 μέ-

2145 1682 2314 1736 τριον,
2346 1665 2378 1735 ἢ
2417 1665 2726 1737 ὑπέρογκον
2758 1669 2853 1721 καὶ
2899 1666 3238 1733 ἀλαζονείαις
3277 1669 3727 1743 ὑπεραιρόμενον.

2148 1751 2248 1811 Ὧν
2274 1757 2451 1811 τοίνυν
2474 1760 2636 1824 αὐτὸς
2666 1755 2718 1814 εἴ
2739 1761 2946 1833 κύριος,
2979 1761 3184 1816 τούτων
3211 1763 3308 1828 τὰς
3337 1764 3510 1837 ἀρχὰς
3537 1765 3609 1838 μὴ
3632 1765 3732 1838 ζη-

2147 1851 2321 1923 τήσῃς
2350 1849 2460 1921 (28)
2497 1850 2779 1922 ἑτέρωθεν,
2806 1853 2942 1906 ἀλλά
2971 1853 3204 1925 γνώριξε
3237 1855 3297 1908 τὺ
3334 1858 3538 1928 κυρίως
3566 1858 3734 1911 κακὸν

2148 1942 2213 1993 ὲκ
2246 1941 2355 1994 τῶν
2385 1945 2785 2015 προαιρετικῶν
2815 1946 3231 2018 ἀποπτωμάτων
3257 1947 3354 2020 τὴν
3382 1949 3557 2021 ἀρχὴν
3590 1950 3733 2019 είλη-

2149 2033 2265 2102 φός.
2307 2034 2381 2086 Οὑ
2413 2034 2519 2106 γὰρ
2552 2035 2640 2101 ἂν,
2674 2037 2831 2110 εἴπερ
2860 2038 3112 2093 ἀκούσιον
3141 2034 3208 2110 ἦν
3241 2039 3377 2112 (29),
3418 2043 3511 2095 καὶ
3543 2041 3618 2114 μὴ
3648 2044 3733 2112 ἐφ’

2149 2127 2300 2196 ἡμῖν,
2337 2125 2590 2191 τοσοῦτος
2625 2128 2723 2200 μὲν
2761 2131 2824 2184 ἐκ
2854 2130 2962 2197 τῶν
2991 2132 3171 2203 νόμων
3202 2135 3231 2186 ὁ
3275 2133 3438 2203 φόϐος
3472 2138 3584 2199 τοῖς
3619 2135 3733 2189 ἀδι-

2150 2216 2336 2270 κοῦσιν
2367 2215 2664 2292 ἐπήρτητο,
2702 2219 2844 2275 οὑτω
2870 2221 2925 2275 δὲ
2956 2222 3321 2296 ἀπαραίτητοι
3354 2225 3734 2296 τῶν-δικαστη-

2153 2310 2282 2379 ρίων
2329 2314 2384 2366 αἱ
2437 2311 2705 2378 κολάσεις,
2754 2313 2816 2366 τὸ
2863 2313 2999 2386 πρὸς
3058 2314 3216 2382 ἀξίαν
3244 2319 3356 2382 τοῖς
3409 2318 3734 2389 κακούργοις

2149 2405 2591 2478 ἀντιμετροῦσαι.
2629 2406 2815 2461 Ταῦτα
2857 2408 2914 2461 δέ
2946 2427 3035 2480 μοι
3073 2408 3314 2482 εἰρήσθω
3357 2411 3484 2483 περὶ
3513 2410 3606 2463 τοῦ
3634 2428 3731 2463 κυ-

2152 2499 2283 2570 ρίως
2316 2499 2510 2556 κακοῦ.
2545 2501 2719 2554 Νόσον
2758 2501 2870 2572 γὰρ
2916 2503 3008 2554 καὶ
3043 2503 3232 2556 πενίαν
3267 2504 3361 2559 καὶ
3390 2504 3608 2570 ἀδοξίαν
3639 2504 3734 2558 καὶ

2150 2590 2401 2659 θάνατον,
2435 2591 2532 2646 καὶ
2571 2593 2672 2644 ὅσα
2701 2592 2845 2664 λυπή
2857 2592 2926 2665 ρά
2955 2597 3068 2658 τοῖς
3104 2595 3435 2667 ἀνθρώποις,
3462 2594 3616 2649 οὔπω
3639 2596 3734 2649 καὶ

2148 2685 2205 2738 ὲν
2227 2687 2291 2756 τῇ
2333 2686 2498 2757 μοίρᾳ
2519 2684 2628 2738 τῶν
2656 2685 2844 2740 κακῶν
2873 2687 3325 2757 καταλογίζεσθαι
3348 2690 3518 2756 ἄξιον,
3557 2688 3645 2742 διά
3674 2688 3735 2740 τδ

2151 2776 2286 2848 μηδὲ
2319 2775 2390 2831 τά
2408 2779 2760 2850 ἀντικείμενα
2793 2779 3002 2845 τούτοις
3037 2783 3094 2833 ὲν
3125 2784 3237 2845 τοῖς
3278 2781 3558 2852 μεγίστοις
3586 2782 3734 2851 ἡμᾶς

2146 2870 2254 2923 τῶν
2289 2869 2510 2938 ἀγαθῶν
2542 2871 2829 2940 ἀριθμεῖν·
2890 2865 2964 2926 ὧν
2994 2872 3061 2926 τά
3099 2874 3198 2944 μὲν
3228 2875 3292 2927 ἐκ
3341 2873 3558 2943 φύσεώς
3593 2876 3733 2937 ἐστι,

2146 2960 2214 3014 τά
2245 2960 2302 3014 δὲ
2329 2963 2424 3014 καὶ
2461 2963 2847 3034 συμφερόντως
2891 2965 3104 3029 πολλοῖς
3131 2967 3518 3038 ἀπαντήσαντα
3546 2967 3734 3037 φαίνε-

2146 3071 2256 3106 ται.
2298 3055 2486 3107 Πᾶσαν
2519 3051 2611 3109 οὖν
2647 3058 2914 3128 τροπικὴν
2949 3061 3043 3112 καὶ
3080 3059 3146 3112 δι’
3178 3060 3435 3125 ὑπονοίας
3476 3060 3734 3132 ἐξήγησιν

2147 3143 2205 3198 ἓν
2235 3163 2298 3213 γε
2326 3145 2403 3217 τῷ
2449 3147 2678 3217 παρόντι
2725 3151 3206 3220 κατασιγάσαντες,
3237 3151 3332 3205 τοῦ
3376 3154 3600 3218 σκότους
3636 3152 3733 3225 τὴν

2151 3235 2359 3290 ἔννοιαν
2383 3239 2570 3304 ἀπλῶς
2600 3241 2694 3295 καὶ
2724 3241 3174 3315 ἀπεριεργάστως
3204 3245 3338 3316 (50),
3374 3246 3632 3317 ἑπόμενοι
3656 3245 3735 3315 τῷ

2153 3327 2452 3400 βουλήματι
2477 3331 2579 3402 τῆς
2609 3331 2856 3403 Γραφῆς,
2898 3335 3262 3408 ὲκδεξώμεθα.
3304 3338 3582 3410 Ἐπιζήτεί
3621 3337 3676 3390 δὲ
3705 3340 3734 3390 ό

2151 3421 2329 3492 λόγος,
2362 3426 2410 3477 εί
2440 3426 2958 3499 συγκατεσκευάσθη
2980 3428 3059 3500 τῷ
3096 3430 3286 3502 κόσμῳ
3311 3431 3371 3484 τὸ
3402 3431 3615 3496 σκότος,
3639 3430 3732 3484 καὶ

2150 3517 2198 3568 εί
2225 3517 2575 3590 ἀρχαιότερον
2600 3517 2694 3571 τοῦ
2740 3520 2936 3589 φωτὸς,
2969 3521 3062 3573 καὶ
3107 3521 3192 3576 διά
3214 3524 3268 3576 τί
3296 3523 3356 3576 τὸ
3383 3526 3564 3594 χεῖρον
3607 3539 3733 3590 πρε-

2151 3607 2432 3682 σϐύτερον.
2477 3610 2725 3682 Λέγομεν
2760 3613 2938 3667 τοίνυν
2980 3615 3072 3667 καὶ⁸
3111 3613 3270 3668 τοῦτο
3311 3616 3369 3668 τὸ
3401 3615 3591 3677 σκότος
3647 3614 3721 3685 μὴ

2150 3701 2269 3754 κατ’
2290 3701 2476 3756 οὐσίαν
2509 3704 2893 3775 ὑφεστηκέναι,
2928 3706 3064 3760 ἀλλά
3101 3706 3272 3770 πάθος
3305 3702 3444 3760 εἶναι
3484 3707 3613 3777 περὶ
3637 3708 3729 3760 τὸν

2149 3790 2288 3862 ἀέρα
2319 3793 2572 3864 στερήσει
2596 3796 2772 3864 φωτὸς
2802 3797 3202 3868 ἐπιγινόμενον.
3227 3798 3387 3852 Ποίου
3410 3798 3588 3851 τοίνυν
3618 3816 3730 3867 φω-

2149 3881 2239 3945 τὸς
2273 3882 2500 3956 ἄμοιρος
2544 3888 2826 3956 αἰφνιδίως
2850 3891 2878 3943 ό
2909 3892 2965 3943 ὲν
2991 3890 3068 3961 τῷ
3099 3891 3290 3962 κόσμῳ
3315 3891 3475 3954 τόπος
3505 3892 3726 3964 εὑρέθη,

2149 3973 2288 4028 ὥστε
2314 3976 2376 4028 τὸ
2407 3977 2595 4043 σκότος
2625 3981 2809 4035 ἐπάνω
2837 3980 2974 4036 εἶναι
3011 3983 3104 4037 τοῦ
3134 3983 3359 4049 ὑδατος;
3389 3985 3727 4056 Λογιζόμεθα

2146 4065 2326 4119 τοίνυν
2351 4068 2454 4132 ὅτι,
2503 4069 2660 4144 εἴπερ
2689 4091 2741 4126 τι
2768 4069 2836 4145 ἦν
2869 4075 2982 4144 (5-1)
3029 4075 3136 4147 πρὸ
3185 4076 3284 4147 τῆς
3322 4075 3414 4129 τοῦ
3466 4075 3726 4148 αἰσθητοῦ

2147 4159 2334 4212 τούτου
2363 4163 2457 4215 καὶ
2504 4163 2742 4236 φθαρτοῦ
2773 4167 2979 4238 κόσμου
3029 4167 3358 4234 συστάσεως,
3412 4173 3469 4223 ἐν
3498 4172 3634 4240 φωτὶ
3661 4170 3726 4223 ἂν

2145 4245 2212 4320 ἦν
2239 4251 2498 4322 δηλονότι.
2539 4256 2673 4309 Οὑτε
2703 4257 2810 4330 γάρ
2860 4259 2914 4313 αἱ
2949 4259 3058 4312 τῶν
3102 4260 3347 4329 ἀγγέλων
3390 4261 3556 4328 ἀξίαι,
3605 4260 3726 4315 οὗτε

2147 4343 2317 4396 πᾶσαι
2344 4348 2398 4398 ai
2433 4348 2743 4419 ἐπουράνιοι
2787 4354 3059 4424 στρατιαὶ,
3090 4353 3213 4406 οὗτε
3245 4353 3382 4418 ὅλως
3423 4356 3476 4408 εί
3498 4355 3550 4407 τί
3579 4357 3725 4408 ἐστιν

2145 4432 2532 4507 ὠνομασμένον
2558 4440 2589 4508 ἢ
2619 4442 3060 4512 ἀκατονόμαστον
3083 4444 3190 4498 τῶν
3219 4445 3451 4513 λογικῶν
3487 4447 3722 4516 φύσεων,

2145 4525 2240 4578 καὶ
2271 4527 2379 4582 τῶν
2416 4529 2806 4603 λειτουργικῶν
2845 4537 3172 4606 πνευμάτων
3211 4540 3268 4591 ὲν
3313 4538 3488 4609 σκότῳ
3515 4539 3720 4610 διῆγεν.

456 4786 460 4790 ’
683 4787 836 4841 Colb.
888 4789 1722 4876 secundus_cpdc§uhpovnpdt‘v.n
1760 4797 2040 4876 Aliquanto

2157 4803 2348 4872 picari,
2387 4807 2532 4876 ipsas
2567 4810 2875 4866 retinendas
2919 4827 3038 4868 esse
3063 4814 3131 4867 ob
3170 4815 3310 4870 hanc
3351 4815 3614 4872 Eustatbii
3649 4819 3722 4873 in-

461 4867 584 4926 post
613 4867 723 4911 tres
754 4873 879 4912 mss.
911 4861 959 4912 εἰ
992 4859 1101 4932 γὰρ
1131 4861 1260 4918 τῶν.
1291 4863 1436 4920 Editi
1461 4859 1582 4921 cum
1610 4864 1763 4920 Colb.
1800 4859 2039 4924 secundo

461 4927 547 4980 ἀεὶ
576 4927 683 4980 γάο
715 4926 844 4980 τῶν.

459 4943 547 4981 atat
576 4943 683 4994 γαρ
715 4944 844 4983 των.

533 4945 824 5066 egigni:
831 4969 1015 5053 sextus
1039 5008 1092 5053 et
1121 5000 1272 5056 Colb.
1306 5005 1576 5062 secundus
1627 5007 1721 5060 καὶ
1754 5007 2032 5063 ἀσθένεια.

461 5066 580 5120 Mox
617 5082 756 5120 unus
783 5071 951 5123 codex
989 5069 1056 5122 τὰ
1083 5070 1138 5123 δὲ
1165 5073 1243 5137 ἐξ.

673 5137 824 5215 geli).
865 5144 1132 5215 secundus
1169 5143 1242 5214 μὴ
1271 5144 1459 5215 ζήτει.’

532 5207 643 5290 (⁸29)
679 5208 1056 5291 ςέο(1εξξι.Βοι]Ι2
1083 5222 1146 5291 _et
1170 5207 1274 5268 ’δέχ
1463 5217 1716 5291 ἀκούσιον
1748 5214 1853 5291 ἦν.
1915 5221 2032 5277 Vox

461 5278 648 5332 ultima
689 5280 740 5332 in
760 5280 919 5334 editis
943 5280 1300 5337 desideratur.
1328 5283 1525 5340 Ibidem
1548 5290 1714 5344 editio
1742 5278 1918 5347 Paris.
1940 5293 2034 5346 xui.

505 5349 653 5420 ὴέφ’
682 5351 812 5427 suis?
845 5350 904 5403 τὸ
963 5351 1149 5427 κακόν.
1195 5352 1554 5427 Monlacutius
1607 5369 1786 5414 autem
1817 5403 1831 5427 ,
1897 5372 2032 5419 teste

464 5366 539 5472 ﬁt]
569 5366 651 5420 εφ·
682 5366 812 5421 ήμιν
845 5366 904 5403 το
963 5366 1149 5403 κακον.
1197 5366 1554 5412 Monlacutius
1607 5369 1786 5414 autem
1817 5403 1831 5427 ,
1897 5372 2028 5419 teste

512 5434 676 5497 nemo,
714 5423 1122 5497 a_lii_rittatjllud,
1161 5423 1219 5475 τὸ
1251 5426 1440 5487 κακόν,
1474 5443 1538 5481 ex
1568 5427 1838 5497 aliquibus
1896 5449 2028 5488 mss.

462 5491 700 5572 additum
715 5493 917 5572 “fuisse.
950 5493 1054 5548 Sed
1105 5503 1278 5572 tamen
1304 5498 1392 5572 Iste
1429 5498 1544 5572 dua;
1575 5491 1734 5572 voces
1766 5517 1940 5572 neque
1974 5509 2026 5559 in

461 5561 697 5642 editione
713 5562 896 5627 Basil.,
937 5579 1112 5642 neque
1141 5566 1190 5642 in
1219 5567 1392 5620 Ducaei
1427 5569 1727 5642 codicibus,
1757 5561 1932 5642 neq-uc
1970 5576 2024 5630 in

460 5627 726 5709 Combcf.,
766 5649 936 5709 neque
971 5627 1030 5689 in'
1054 5635 1228 5700 Bodl.,
1257 5653 1428 5709 neque
1465 5639 1517 5692 in
1547 5627 1748 5709 septem
1789 5627 2025 5700 aliisre-v

463 5702 952 5784 periuntur._b:i_nlc
979 5721 1074 5784 eas
1109 5702 1446 5784 totﬁcodiéum
1480 5702 1798 5766 auctoritate
1813 5729 2020 5784 expun-

464 5785 589 5839 gere
623 5788 724 5826 non
757 5775 1140 5830 dubitavimus.
1174 5777 1345 5834 Possit
1381 5791 1557 5835 autem
1591 5784 1858 5854 quiSpiam
1883 5775 2019 5842 ἐυε-

2158 4879 2621 4948 terprelationem,
2658 4880 2840 4948 Neque
2866 4886 3002 4936 enim
3035 4884 3080 4936 si
3106 4886 3304 4938 malum
3325 4903 3389 4939 ex
3415 4890 3718 4942 necessitate

2145 4947 2503 5023 descenderet,
2532 4961 2707 5003 tantus
2735 4947 3068 5016 peccantibus
3102 4955 3271 5023 legum
3307 4967 3471 5010 melus
3516 4960 3721 5012 incum-

2146 5015 2280 5067 beret
2313 5018 2408 5097 :__i_d
2454 5027 2631 5097 tamen
2667 5015 2771 5075 non
2803 5028 3058 5097 continuo
3097 5015 3284 5097 Solligi
3338 5027 3537 5084 debere
3569 5039 3718 5097 puta-

2146 5099 2284 5139 mus.
2321 5087 2454 5144 Hinc
2491 5092 2635 5144 enim
2678 5107 2782 5144 non
2820 5093 3051 5148 edicitur
3097 5087 3438 5151 Eustatliimn
3470 5087 3631 5154 voc-es
3654 5099 3717 5153 τὸ

2143 5158 2313 5237 κακόν
2362 5160 2636 5237 invenisse
2677 5163 2729 5214 in
2777 5163 2957 5234 aliquo
2983 5167 3302 5234 exemplari,
3349 5169 3439 5221 sed
3474 5173 3717 5237 sequitur

2145 5227 2552 5302 duntaxateum
2584 5235 2680 5284 has
2710 5227 2892 5298 voces,
2940 5251 3058 5302 qua:
3101 5227 3206 5291 non
3246 5227 3475 5293 obscure
3533 5227 3717 5294 subii:-

2147 5297 2545 5376 telligebautuir,
2583 5303 2658 5376 de
2712 5318 2811 5376 suo
2863 5297 2892 5376 e
2942 5297 3312 5376 superioribus
3367 5309 3710 5376 supplevisse.

2134 5367 2330 5448 §tzttitn
2364 5372 2452 5448 ibi
2474 5369 2702 5448 Basilius
2733 5375 2968 5448 loquitur
2987 5367 3054 5430 de
3082 5393 3146 5432 eo
3185 5379 3324 5446 quod
3356 5367 3569 5448 proprie
3602 5398 3716 5434 ma-

2132 5436 2238 5511 lum
2264 5449 2366 5511 est,
2405 5443 2490 5494 ubi
2528 5442 2745 5511 intelligi
2781 5436 3059 5510 peccatum
3087 5436 3246 5502 neuio
3272 5436 3377 5501 non
3409 5436 3575 5503 vi'det.

2201 5509 2311 5591 (50)
2353 5511 2488 5580 lleg.
2525 5509 2721 5566 sextus
2755 5509 2960 5569 ἔννοιαν
3010 5516 3229 5572 ἃπασαν
3265 5519 3715 5591 ἀπεριεργάστως

2125 5578 2403 5647 ἑπόμενοι.

2195 5649 2305 5718 (51)
2338 5650 2511 5732 Είπερ
2538 5669 2585 5704 τι
2728 5663 2857 5721 clc.,
2879 5655 3021 5732 Sqne
3043 5659 3087 5712 si
3115 5659 3240 5727 quid
3260 5668 3381 5732 ante
3408 5671 3521 5714 erat
3554 5678 3712 5732 quam

2117 5717 2198 5803 {iis
2235 5717 3018 5803 iiiitiztlits,"et_e._'Legas'velim
3062 5717 3242 5786 no'tam
3275 5731 3324 5798 ὁ,
3351 5746 3475 5803 pag.
3513 5717 3702 5801 δ’(ιιοι.

2117 5790 2203 5856 3i,
2236 5806 2392 5860 supra
2419 5795 2517 5849 col.
2556 5793 2661 5862 l2).
