4082 6398
383 414 446 470 ιι
1522 414 1807 476 IIOMILIA
1850 419 1895 475 ll
1936 422 1957 474 l

2059 420 2230 477 [ΙΕΧΑ
2239 422 2333 477 ΕΜ
2342 422 2545 478 EllON.
3570 439 3651 496 43‘

382 535 497 592 ἀλλ’
522 534 583 587 ἐν
616 532 753 603 φωτὶ
794 533 888 587 καὶ
935 534 1085 607 πάσῃ
1128 533 1437 608 εὐφροσύνῃ
1479 541 1822 609 πνευματικῇ
1870 539 1957 611 τὴν

2070 542 2365 609 exercitus,
2392 560 2564 615 neque
2599 546 2810 604 tandem
2839 549 2884 605 si
2911 564 3031 619 quae
3058 552 3177 607 alia:
3200 566 3325 609 sunt
3350 557 3638 615 rationales

380 627 699 700 πρέπουσαν
726 627 937 690 ἑαυτοῖς
965 626 1298 681 κατάστασιν
1321 622 1456 697 εἶχε.
1498 628 1609 682 Καὶ
1637 629 1847 695 τούτοις
1869 633 1961 685 οὑ·-

379 722 491 783 δεὶς
524 721 760 792 ἀντερεῖ,
802 719 997 773 οὔκουν
1023 721 1170 784 ὅστις
1210 739 1273 790 γε
1314 721 1425 789 ('52)
1474 722 1533 775 τὸ
1574 722 1963 796 ὑπερουράνιον

381 814 497 885 φῶς
518 815 575 867 ἐν
604 816 723 879 ταῖς
746 813 855 867 τῶν
878 813 1094 883 ἀγαθῶν
1124 813 1476 883 ἐπαγγελίαις
1505 816 1805 887 ἐκδέχεται,
1836 818 1965 890 περὶ

380 900 440 961 οὗ
471 905 723 978 Σολομὼν
748 924 881 978 φησι
903 923 917 937 ·
962 907 1091 972 Φῶς
1116 907 1368 975 δικαίοις
1396 909 1495 964 διὰ
1522 914 1747 977 παντός
1765 930 1777 942 ·
1817 914 1909 966 καὶ
1934 914 1963 967 ὁ

391 998 765 1065 Ἀτοόστολοςί
791 1000 1313 1070 Εὑχαριστοῦντες
1344 999 1423 1067 τῷ
1473 1001 1594 1068 Θεῷ
1638 1004 1735 1058 καὶ
1779 1005 1963 1073 Πατρὶ

381 1098 490 1168 (55)
524 1094 601 1161 τῷ
632 1094 992 1149 ἱκανώσαντι
1039 1093 1198 1165 ἡμᾶς
1232 1096 1301 1149 ἐν
1331 1094 1404 1164 τῇ
1428 1096 1625 1165 μερίδι
1676 1097 1781 1152 τοῦ
1816 1096 1963 1165 κλή-

372 1208 488 1259 ρου
519 1187 637 1243 τῶν
666 1189 850 1259 ἁγίων
886 1190 956 1243 ἐν
983 1188 1063 1254 τῷ
1096 1189 1265 1259 φωτί.
1293 1190 1356 1242 Ei
1378 1190 1486 1260 γὰρ
1514 1190 1564 1242 οἱ
1598 1190 1959 1256 καταδικαζό-

384 1300 533 1354 μενοι
556 1283 865 1352 πέμπονται
900 1283 979 1345 εἰς
1000 1281 1060 1333 τὸ
1091 1282 1282 1345 σκότος
1310 1282 1373 1335 τὸ
1404 1280 1691 1354 ἐξώτερον,
1717 1282 1960 1354 δηλονότι

381 1379 429 1429 οί
460 1376 528 1429 τά
546 1377 645 1447 τῆς
670 1375 937 1445 ἀποδοχῆς
964 1374 1090 1440 ἀξια
1112 1375 1487 1447 εἰργασμένοι,
1523 1378 1580 1429 ἐν
1609 1374 1689 1445 τῷ
1721 1375 1957 1446 ὑπερκο-

382 1468 524 1540 σμίῳ
554 1468 693 1538 φωτὶ
738 1470 838 1538 τὴν
869 1467 1174 1521 ἀνάπαυσιν
1219 1467 1433 1537 ἔχουσιν
1472 1466 1608 1537 (54).
1678 1468 1828 1520 Ἐπεὶ
1866 1461 1959 1520 οἶν

380 1562 596 1629 ἐγένετο
629 1563 658 1614 ὁ
687 1560 912 1631 οὐρανὸς
947 1560 1334 1631 προστάγματι
1379 1558 1513 1611 Θεοῦ
1562 1557 1772 1630 ἀθρόως
1805 1575 1961 1629 περι-

378 1647 561 1716 τάθεὶς
595 1655 709 1715 τοῖς
742 1652 892 1715 ἐντὸς
919 1652 1023 1706 ὑπὸ
1054 1653 1153 1723 τῆς
1183 1652 1387 1716 οἰκείας
1414 1651 1577 1705 αὑτοῦ
1610 1649 1959 1723 περιφερείας

380 1745 831 1816 ἀπειλημμένοις,
870 1744 1026 1815 σῶμα
1058 1745 1193 1816 ἔχων
1228 1744 1467 1815 συνεχὲς,
1508 1743 1691 1797 ἰκανὸν
1718 1742 1825 1796 τῶν
1854 1740 1959 1808 ἔξω

375 1839 664 1908 διαστῆσαι
699 1836 768 1890 τὰ
807 1836 954 1889 ἔνδον
996 1836 1130 1907 (55),
1184 1836 1497 1904 ἀναγκαίως
1538 1835 1629 1888 τὸν
1675 1834 1954 1890 ἐναπολει-

2072 643 2305 703 natura},
2332 646 2427 690 aut
2449 638 2493 692 si
2523 638 2617 707 qui
2649 639 2739 694 alii
2770 650 2894 697 sunt
2922 642 3228 699 administri
3259 647 3501 715 spiritus,
3528 652 3639 706 sive

2069 729 2305 784 habeant
2338 746 2553 800 nomen,
2584 734 2698 790 sive
2748 752 2878 801 non,
2911 738 3175 809 degebant
3238 740 3291 795 in
3348 743 3587 798 tenebris
3622 760 3637 799 :

2067 822 2161 875 sed
2194 820 2247 876 in
2278 820 2397 877 luce
2425 831 2477 877 et
2511 823 2562 878 in
2598 826 2745 881 omni
2780 827 2962 883 laatitia
3005 829 3270 899 spirituali
3300 841 3499 888 statum
3536 834 3637 889 sibi

2069 914 2481 970 convenientem
2514 916 2805 974 habebant.
2837 920 3013 991 Atque
3048 923 3133 977 his
3170 928 3505 981 contradieet
3543 945 3637 981 nc-

2067 1016 2179 1068 mo,
2210 1018 2317 1057 non
2371 1005 2416 1059 is
2466 1016 2637 1073 certe,
2665 1009 2754 1078 qui
2803 1009 2855 1065 in
2906 1012 3167 1068 bonorum
3211 1018 3491 1085 promissis
3527 1032 3639 1071 coe-

2067 1091 2258 1149 lestem
2292 1094 2467 1151 lucem
2495 1109 2796 1167 exspectat,
2827 1102 2893 1155 de
2920 1117 3024 1172 qua
3061 1102 3316 1159 Salomon
3361 1108 3436 1159 ait
3471 1127 3486 1161 :
3521 1105 3639 1160 Lux

2057 1183 2220 1252 justis
2261 1188 2545 1255 semper“;
2579 1200 2632 1243 et
2652 1188 2941 1260 Apostolus
2984 1210 2999 1248 :
3031 1193 3247 1250 Gratius
3290 1208 3496 1266 agentes
3533 1199 3638 1251 Deo

2066 1284 2113 1330 et
2159 1275 2309 1331 Patri
2338 1280 2426 1347 qui
2458 1276 2641 1349 dignos
2683 1297 2775 1335 nos
2820 1283 2942 1353 fecit
2977 1287 3031 1338 in
3062 1297 3211 1354 parte
3242 1290 3398 1341 sortis
3431 1298 3639 1341 sancto-

2066 1383 2182 1420 rum
2219 1368 2272 1421 in
2307 1368 2504 1424 lumine
2544 1372 2611 1425 9'.
2647 1373 2861 1428 Etenim
2914 1378 2960 1431 si
2999 1377 3236 1432 damnati
3274 1380 3555 1435 mittuntur
3585 1382 3635 1434 in

2067 1459 2321 1515 tenebras
2364 1464 2664 1519 exteriores
2695 1466 2741 1498 ³³
2777 1485 2791 1521 :
2826 1468 3013 1539 utique
3048 1472 3138 1540 qui
3191 1486 3353 1541 opera
3389 1473 3545 1528 laude
3576 1488 3640 1527 ac

2064 1555 2533 1611 commendatione
2564 1557 2724 1628 digna
2752 1573 3094 1631 peregerunt,
3128 1563 3182 1618 in
3205 1565 3410 1619 etelesti
3438 1564 3638 1620 lumine

2066 1648 2308 1715 requiem
2369 1650 2666 1719 possident.
2705 1652 2971 1719 Quoniam
3026 1656 3187 1727 igitur
3222 1657 3313 1712 Dei
3354 1658 3513 1725 jussu
3556 1665 3638 1713 est

2066 1739 2261 1794 etelum
2292 1740 2516 1810 factum,
2550 1746 2631 1798 sic
2669 1754 2727 1798 ut
2778 1747 2940 1802 rebus
2980 1748 3120 1802 intra
3153 1764 3303 1804 suam
3336 1750 3502 1820 ipsius
3532 1750 3637 1805 cir-

2040 1830 2480 1896 chmferentiam
2523 1837 2794 1891 contentis
2842 1839 3134 1908 derepente
3177 1842 3638 1897 circumfundere-

378 1932 585 2000 φθέντα
647 1929 797 1999 αὑτῷ
847 1929 1012 1981 τόπον
1049 1928 1161 1999 (56)
1212 1928 1430 1997 ἀφεγγῆ
1483 1926 1806 1998 κατέστησε,
1866 1926 1957 1999 τὴν

2069 1932 2193 1992 tur;
2248 1926 2582 1998 traheretque
2612 1944 2808 2000 corpus
2848 1933 3156 1986 continuum
3187 1934 3327 2002 quod
3360 1935 3423 1988 ab
3452 1944 3636 1987 exter-

378 2022 579 2091 ἕξωθεν
625 2021 802 2091 αὑγὴν
869 2018 1151 2089 διακόψας.
1184 2018 1323 2090 Τρία
1362 2018 1470 2088 γὰρ
1513 2017 1594 2070 δεῖ
1634 2018 1961 2091 συνδραμεῖν

379 2115 471 2168 ἐπὶ
494 2115 594 2183 τῆς
623 2115 801 2176 σκιᾶς,
838 2112 897 2165 τὸ
922 2112 1059 2181 φῶς,
1089 2111 1150 2164 τὸ
1184 2111 1365 2182 σῶμα,
1409 2112 1499 2165 τὸν
1525 2111 1751 2182 ἀλαμπῆ
1775 2111 1957 2164 τόπον.

378 2208 452 2261 Τὸ
491 2206 672 2260 τοίνυν
719 2204 1011 2275 ἐγκόσμιον
1064 2206 1253 2267 σκότος
1286 2205 1352 2271 τῇ
1403 2204 1530 2273 σκιᾷ
1561 2202 1657 2257 τοῦ
1706 2204 1959 2274 οὐρανίου

381 2298 633 2369 σώματος
677 2296 1026 2368 παρυπέστη.
1076 2296 1288 2364 Νόησον
1322 2294 1377 2346 δέ
1430 2311 1519 2365 μοι
1565 2294 1672 2349 ἀπὸ
1703 2295 1963 2367 παραδεί-

378 2408 587 2462 γματος
627 2388 891 2458 ἐναργοῦς
924 2388 983 2442 τὸ
1012 2387 1322 2458 λεγόμενον,
1362 2388 1419 2438 ἐν
1454 2387 1697 2459 erat)an
1734 2387 1842 2457 (57)
1872 2405 1962 2458 με-

381 2484 628 2556 σημόρίᾳ
666 2483 871 2553 σκηνήν
911 2497 1032 2534 τινα
1065 2483 1127 2534 ἐκ
1160 2480 1369 2549 πυκνῆς
1410 2481 1502 2533 καὶ
1542 2480 1805 2548 στεγανῆς
1830 2479 1960 2551 ὕλης

380 2576 558 2648 ἑαυτῷ
580 2576 1004 2647 περιστήσαντα,
1033 2573 1127 2626 καὶ
1162 2574 1218 2626 ἐν
1265 2571 1441 2641 σκότῳ
1476 2571 1804 2643 αὐτοσχεδίῳ
1835 2574 1961 2625 ἐαυ-

378 2670 469 2724 τὺν
508 2669 925 2741 καθειργνὺντα.
963 2667 1216 2720 Τοιοῦτον
1263 2662 1357 2719 οὖν
1404 2666 1626 2720 κάκεῖνο
1666 2667 1727 2720 τὸ
1769 2666 1961 2730 σκότος

380 2762 600 2827 ὑπόθου,
628 2763 688 2815 οὑ
717 2759 1142 2833 προηγουμένως
1173 2758 1498 2829 ὑφεστηκὸς,
1525 2757 1639 2811 ἀλλ’
1668 2759 1963 2812 ἐπακολου-

379 2853 555 2925 θῆσαν
599 2854 823 2926 ἑτέροις.
877 2851 1046 2905 Τοῦτο
1081 2851 1146 2923 δὴ
1204 2851 1264 2904 τὸ
1304 2848 1501 2913 δκότος
1532 2850 1625 2905 καὶ
1664 2850 1963 2905 ἐπιϐαίνειν

377 2947 595 3016 λέγεται
637 2948 707 3017 τῇ
750 2943 992 3015 ἀϐύσσῳ,
1022 2942 1209 3014 ἐπειδὴ
1234 2942 1299 2997 τά
1332 2943 1537 3013 ἔσχατα
1557 2941 1651 2996 τοῦ
1675 2943 1837 3015 ἀέρος
1866 2943 1963 2996 πέ-

379 3058 517 3111 φυκε
558 3041 680 3102 ταῖς
713 3036 1055 3108 ἐπιφανείαις
1100 3036 1208 3089 τῶν
1250 3036 1519 3107 σωμάτων
1572 3035 1959 3092 συνάπτεσθαι.

377 3134 511 3186 Τότε
566 3132 623 3185 δὲ
675 3130 820 3202 ὕδωρ
865 3124 932 3201 ἦν
978 3132 1091 3192 τοῖς
1135 3130 1300 3182 πᾶσιν
1353 3125 1698 3191 ἐπιπολάζον.
1762 3127 1962 3200 Διόπερ

377 3225 694 3293 ἀναγκαίως
734 3222 794 3276 τὸ
852 3222 1039 3286 σκότος
1083 3223 1267 3277 ἐπάνω
1301 3221 1566 3293 ὑπάρχειν
1616 3221 1830 3292 εἴρηται
1862 3224 1963 3293 τῆς

377 3320 640 3375 ἀϐύσσου.

2062 2018 2147 2074 nis
2199 2017 2411 2073 interna
2458 2019 2743 2091 seiungere
2770 2034 2954 2092 posset
2986 2024 3093 2098 18
3124 2028 3432 2080 necessario
3460 2028 3635 2081 locum

2060 2124 2091 2163 a
2121 2123 2179 2166 se
2204 2110 2525 2167 derelictum
2563 2127 2627 2168 ac
2660 2124 2968 2184 separatum
2999 2118 3351 2183 obnubilavit,
3383 2120 3637 2174 interciso

2061 2202 2269 2259 scilicet
2303 2214 2529 2260 externo
2563 2206 2871 2276 splendore.
2913 2209 3040 2265 Tria
3087 2212 3229 2266 enim
3277 2213 3341 2266 ad
3390 2213 3633 2268 umbram

2062 2308 2391 2351 concurrere
2438 2308 2675 2368 oportet,
2722 2300 2921 2367 lucem,
2959 2317 3177 2372 corpus,
3214 2304 3503 2359 obscurum
3556 2305 3637 2358 lo-

2063 2402 2207 2443 cum.
2244 2388 2431 2461 Itaque
2476 2405 2573 2461 per
2622 2393 2863 2451 caelestis
2913 2397 3157 2465 corporis
3199 2398 3445 2455 umbram
3479 2412 3636 2452 muno

2061 2481 2203 2536 datas
2230 2483 2595 2541 constiterunt
2625 2488 2883 2543 tenebrae.
2913 2487 3066 2556 Quod
3098 2498 3273 2544 autem
3303 2490 3553 2555 dicimus,
3580 2489 3635 2546 id

2060 2572 2394 2631 intellexeris
2427 2576 2664 2633 evidenti
2694 2579 2963 2650 exemplo,
2994 2581 3038 2636 si
3076 2580 3129 2634 in
3167 2580 3396 2636 meridie
3421 2579 3637 2637 ferven-

2063 2663 2267 2718 tissima
2304 2661 2713 2727 tabernaculum
2748 2670 2968 2742 aliquod
3002 2687 3068 2727 ex
3100 2673 3265 2727 densa
3308 2681 3363 2728 et
3394 2672 3636 2741 impene-

2061 2757 2242 2813 trabili
2291 2760 2519 2815 materia
2570 2761 2666 2819 tibi
2713 2763 2828 2835 ipse
2860 2764 3336 2834 eireumposueris,
3373 2774 3535 2835 atque
3581 2765 3634 2819 in

2063 2847 2302 2905 tenebris
2331 2853 2799 2923 extemporalibus
2842 2856 3072 2925 teipsum
3122 2855 3428 2913 incluseris.
3466 2856 3633 2911 Velim

2061 2940 2224 3010 igitur
2261 2958 2430 3011 ponas
2476 2953 2531 3000 et
2578 2946 2678 3001 has
2717 2948 2970 3011 tenebras
3012 2948 3148 3003 tales
3191 2948 3380 3013 fuisse,
3408 2962 3509 3003 nec
3540 2963 3636 3017 per

2060 3049 2119 3091 se
2150 3036 2484 3101 substitisse,
2513 3038 2609 3096 sed
2654 3038 2788 3095 alias
2834 3039 3153 3096 subsecutae
3195 3052 3334 3096 esse.
3374 3038 3467 3095 Hae
3502 3054 3634 3094 sane

2062 3127 2297 3183 tenebrae
2326 3128 2491 3183 etiam
2530 3131 2731 3201 abysso
2776 3131 3017 3186 insidere
3058 3132 3335 3194 dicuntur,
3363 3130 3505 3200 quod
3540 3144 3635 3184 ex—

2063 3229 2247 3274 trema:
2275 3221 2418 3275 aeris
2449 3230 2629 3291 partes
2659 3238 2780 3278 eum
2812 3238 3101 3294 corporum
3135 3224 3427 3295 superlicie
3461 3222 3636 3278 solent

1986 3297 2030 3357 Ο
2063 3315 2336 3386 conjungi.
2371 3315 2523 3372 Tunc
2567 3326 2746 3373 autem
2796 3333 2935 3388 aqua
2979 3320 3232 3375 omnibus
3269 3316 3631 3388 superstabat.

377 3417 714 3487 Quapropter
774 3412 1083 3468 necessario
1150 3413 1404 3465 tenebras
1472 3424 1637 3478 super
1696 3410 1951 3479 abyssum
1990 3411 2265 3465 exstitisse
2293 3411 2492 3466 dictum
2522 3422 2626 3467 est.

448 3510 503 3565 6.
525 3510 634 3565 Kal
669 3508 907 3578 πνεῦμα
946 3506 1113 3570 Θεοῦ,
1166 3506 1350 3575 φησιν,
1400 3505 1720 3573 ἐπεφέρετο
1756 3504 1958 3559 ἐπάνω

437 3668 479 3699 ¹¹
515 3666 675 3722 Prov.
706 3681 825 3731 xm,
850 3664 900 3721 9.

453 3855 565 3927 (32)
599 3853 740 3927 Editi
764 3856 981 3927 ἀντερεῖ
1003 3854 1154 3927 ὅστις
1179 3871 1263 3922 γε.
1295 3857 1364 3909 At
1391 3854 1554 3911 Coisl.
1602 3855 1875 3927 secundus
1902 3864 1957 3927 et

380 3924 624 3980 Coinbef.
651 3926 889 3995 ἀντερεῖ,
910 3924 1104 3977 οὔκουν
1132 3925 1278 3989 ὅστις
1319 3943 1413 3994 γε’
1446 3927 1534 3980 ubi
1584 3924 1778 3979 οὔκουν
1816 3926 1956 3981 male

382 3997 436 4050 in
470 3995 736 4061 aliquibus
766 3996 1042 4050 codicibus
1075 3995 1335 4049 scribitur
1385 4012 1505 4050 cum
1559 4006 1785 4051 accentu
1840 3997 1952 4051 cir-

383 4065 646 4120 cumilexo
674 4064 888 4119 οὑκοῦν.
953 4065 1150 4119 Ibidem
1205 4067 1335 4120 editi
1394 4069 1451 4119 ἐν
1486 4069 1606 4129 ταῖς
1640 4065 1746 4119 τῶν
1782 4067 1953 4134 ἁγίων

383 4135 832 4205 ἐπαγγελίαις,ἱη
863 4147 1163 4205 sanctorum
1196 4139 1488 4204 promissis.
1524 4138 1702 4191 Nostri
1746 4148 1951 4204 septem

384 4223 515 4261 mss.
543 4204 673 4259 cum
707 4208 890 4260 codice
929 4204 1173 4260 Combef.
1205 4215 1259 4258 et
1296 4223 1416 4261 cum
1449 4217 1679 4274 utroque
1728 4207 1858 4261 Duc.
1891 4210 1949 4261 ἐν

381 4279 501 4339 ταῖς
523 4276 629 4331 τῶν
656 4276 876 4345 ἀγαθῶν
916 4279 1142 4345 ἐπαγγ.,
1164 4277 1227 4339 in
1250 4275 1501 4330 bonorum
1537 4277 1826 4345 promissis,
1857 4295 1949 4331 seu

383 4347 440 4400 in
464 4350 610 4400 bonis
643 4348 912 4415 promissis
949 4360 1110 4413 :quae
1142 4347 1318 4410 lectio,
1351 4347 1424 4398 uti
1470 4356 1651 4401 monet
1702 4349 1946 4413 Ducaans,

382 4419 579 4487 legitur
600 4422 739 4484 apud
764 4416 1180 4471 Theodoretum.
1202 4417 1421 4471 Accedit
1460 4418 1643 4477 etiam,
1675 4419 1815 4483 quod
1850 4434 1948 4470 au-

384 4489 639 4542 ctoritate
664 4488 928 4541 EuSIatltii
961 4487 1273 4541 conlirmari
1307 4488 1496 4554 possit,
1531 4487 1618 4555 qui
1660 4488 1738 4540 sic
1789 4488 1953 4542 inter-

382 4568 628 4627 pretatur
656 4576 669 4611 :
694 4559 748 4611 in
777 4557 1028 4611 bonorum
1056 4557 1485 4625 promissionibus
1522 4556 1771 4627 operitur.

2135 3505 2189 3560 6.
2232 3506 2299 3559 Et
2333 3509 2548 3575 spiritus
2580 3507 2695 3572 Dei,
2726 3509 2919 3578 inquit,
2950 3509 3212 3578 ferebatur
3262 3525 3418 3579 super
3443 3523 3633 3579 aquas.

982 3666 1026 3696 ”
1052 3662 1258 3720 Coloss.
1289 3679 1327 3727 ι,
1357 3663 1442 3717 12.
1519 3664 1563 3694 ³⁸
1591 3662 1778 3719 Matth.
1809 3680 1942 3731 χχιι,
1978 3665 2064 3719 15.

2061 3853 2215 3910 Colb.
2247 3854 2514 3913 secundus
2542 3868 2663 3908 cum
2695 3852 2901 3909 duobus
2940 3853 3124 3921 Regiis
3156 3850 3630 3919 ὲναπολειφθέντα,

2063 3927 2300 3979 relictum
2342 3942 2375 3977 a
2406 3934 2461 3978 se
2490 3923 2682 3978 locum.
2714 3924 2893 3979 Editio
2914 3924 3085 3978 Paris.
3123 3934 3176 3977 et
3222 3922 3373 3992 Regii
3406 3925 3510 3977 duo
3549 3925 3634 3976 ἐν·

2062 3995 2466 4067 ἀποληφθέντα,
2502 3995 2924 4067 compreltensunt
2962 4011 2992 4046 a
3023 4011 3076 4048 se
3105 3992 3630 4067 tasumsLectionem

2061 4063 2289 4136 primam
2318 4075 2534 4119 secutus
2555 4075 2640 4119 est
2665 4065 3000 4125 Eustathius,
3031 4064 3121 4134 qui
3173 4063 3251 4117 sic
3303 4064 3634 4136 interpretao

2062 4134 2149 4189 iur
2180 4152 2193 4188 :
2221 4135 2298 4189 0b
2349 4136 2447 4188 hoc
2493 4136 2785 4188 necessario
2824 4147 2937 4203 post
2973 4152 3025 4187 se
3066 4136 3327 4202 regionem
3370 4134 3629 4195 relictam,

2058 4215 2321 4261 carentem
2347 4207 2461 4260 luce
2491 4205 2784 4267 constituit,
2812 4215 2989 4272 utpote
3032 4206 3238 4273 fulgore
3270 4205 3357 4274 qui
3410 4204 3633 4271 desuper

2056 4277 2321 4338 radiabat,
2348 4276 2577 4328 excluso.
2606 4275 2672 4328 Et
2697 4276 2768 4326 ita
2808 4275 3089 4338 legendum
3121 4289 3239 4327 esse
3297 4283 3447 4342 puto,
3507 4289 3628 4326 cum

2056 4362 2151 4415 per
2172 4346 2341 4399 lucem
2371 4356 2673 4416 externam,
2704 4344 2802 4416 τὴν
2828 4344 3046 4409 ἔξωθεν,
3078 4359 3136 4396 ea
3167 4345 3359 4416 debeat
3383 4343 3628 4416 intelligi!

2056 4412 2176 4486 quae
2218 4417 2445 4481 desuper
2471 4415 2731 4469 radiabat.
2759 4412 2840 4457 ’-
2885 4413 3438 4486 Ἑφίιπολειφθέντα-
3468 4412 3630 4477 αὐτῷ

2056 4484 2262 4549 τόπον,
2291 4486 2460 4538 locum
2488 4502 2522 4538 a
2554 4501 2606 4538 se
2636 4486 2958 4539 derelictum.
2998 4485 3303 4555 Legendurn
3333 4484 3541 4555 potius,
3574 4494 3630 4538 nt

2060 4558 2109 4609 in
2133 4558 2264 4609 edit.
2291 4555 2465 4609 Paris.
2506 4564 2560 4609 et
2586 4556 2793 4610 duobus
2820 4556 3001 4624 Regiis
3031 4553 3328 4625 codicibus,
3364 4554 3631 4625 ἐναπολη-

456 4628 568 4699 (55)
599 4628 774 4683 Codex
804 4624 1061 4684 Combel‘.’
1082 4643 1201 4699 cum
1232 4627 1363 4699 Reg.
1391 4637 1583 4696 quarto
1611 4624 1687 4699 τῷ
1708 4627 1826 4699 Θεῷ
1858 4629 1953 4682 καὶ

2059 4627 2281 4699 φθέντα,
2329 4626 2502 4699 locum
2555 4642 2586 4678 a
2625 4642 2679 4679 se
2728 4628 3173 4699 comprehensum.
3232 4624 3431 4699 Ibidem
3486 4625 3626 4699 enim

456 4630 568 4750 (352
599 4630 774 4683 Codex
804 4630 1046 4708 Gunther.
1082 4643 1201 4708 cum
1232 4630 1363 4693 Reg.
1391 4637 1583 4696 quarto
1611 4630 1687 4678 τῶ
1708 4630 1826 4711 Θεῴ
1858 4630 1953 4682 καὶ

384 4700 535 4770 Πατρ
566 4741 579 4761 ,
612 4714 731 4768 qute
764 4699 921 4752 lectio
941 4706 1241 4770 notaturrn
1270 4695 1616 4770 Testamento
1643 4678 1955 4754 Oxontensi.

384 4766 517 4823 Nec
560 4766 718 4823 aliter
768 4770 890 4839 legit
940 4766 1275 4831 Eustathius,
1327 4769 1417 4836 Qui
1479 4769 1640 4822 vertit
1690 4785 1701 4817 :
1755 4770 1957 4839 gratias

384 4850 590 4910 agentes
617 4840 722 4893 Deo
758 4852 804 4892 et
830 4840 1003 4893 Patri.

457 4911 569 4981 (3’s)
604 4910 782 4965 Codex
817 4925 956 4962 unus
980 4908 1077 4981 τὴν
1110 4909 1407 4981 ἀπόλαυσιν
1437 4908 1670 4979 ἔχουσιν.
1722 4907 1959 4981 Μοιρο-

387 4979 532 5036 dices
582 4982 687 5036 duo
740 4983 769 5034 ὁ
816 4979 1063 5050 οὐρανός.
1127 4980 1287 5035 Deest
1337 4981 1597 5036 articulus
1656 4981 1707 5034 in
1778 4979 1960 5049 vulga-

387 5053 473 5106 tis.

456 5121 784 5194 (A55)_Due:ci
818 5122 869 5194 in
907 5121 1050 5194 hunc
1078 5121 1253 5194 locum
1300 5120 1464 5194 verba
1496 5135 1602 5194 non
1639 5119 1839 5189 pigebit
1870 5135 1957 5194 re-

384 5190 560 5248 ferre.
584 5192 814 5254 Rursus,
848 5192 1040 5260 inquit,
1072 5191 1213 5259 quod
1239 5193 1742 5260 sequitur,inverso
1770 5190 1957 5243 ordine

383 5264 601 5317 exhibet
622 5259 1013 5325 Theodoret’ns,
1053 5261 1233 5314 ἱκανὸν
1258 5260 1367 5313 τῶν
1394 5260 1540 5314 ἔνδον
1572 5259 1859 5329 διαστῆσαι
1890 5260 1957 5313 τὰ

385 5334 508 5399 ἔξω.
538 5335 675 5401 quod
697 5334 857 5401 possit
891 5348 951 5385 ea
979 5349 1094 5398 quw
1116 5333 1246 5399 [oris
1290 5333 1391 5385 sila
1440 5342 1587 5394 sunt,
1613 5347 1857 5397 separare
1889 5330 1953 5382 ab

382 5407 468 5465 iis,
499 5400 616 5473 qua:
669 5405 809 5456 intra
852 5419 904 5456 se
930 5404 1339 5467 comprehendit.
1390 5402 1454 5455 Et
1489 5404 1640 5473 hanc
1684 5403 1849 5454 fuisse
1881 5400 1954 5473 lef

386 5471 620 5528 ctionem
674 5473 858 5527 Basilii
924 5488 987 5525 ex
1050 5473 1327 5525 Enstatlrio
1379 5472 1572 5539 conjici
1623 5481 1819 5535 potest,
1862 5471 1951 5539 qui

382 5547 542 5597 vertit
574 5563 586 5597 :
631 5543 703 5597 Ut
754 5545 913 5608 possit
945 5559 1005 5595 en
1037 5559 1153 5610 qum
1191 5546 1509 5596 extrinsecus
1547 5542 1841 5604 habentur,
1888 5542 1952 5593 ab

381 5613 726 5667 interioribus
786 5628 1050 5679 separare.
1105 5610 1415 5678 ﬂuensque
1449 5616 1529 5665 vir
1581 5612 1948 5667 doctissimus.

384 5683 454 5739 Ut
484 5694 542 5737 ut
570 5687 682 5739 lucc
713 5695 859 5748 sunt,
904 5699 1091 5736 omnes
1123 5684 1286 5736 nostri
1322 5682 1440 5736 libri
1478 5694 1585 5736 tum
1627 5683 1835 5735 calamo
1864 5697 1954 5733 no-

383 5757 501 5816 tati,
540 5765 648 5807 tum
680 5756 821 5822 typis
846 5753 1027 5807 excusi
1054 5752 1253 5808 habent
1286 5764 1603 5808 constanter
1639 5752 1823 5805 ἰκανὸν
1844 5752 1951 5804 τῶν

381 5824 485 5888 ἔξω
517 5825 798 5895 διαστῆσαι
823 5824 889 5877 τά
918 5822 1084 5875 ἔνδον.

453 5896 568 5968 (36)
597 5892 990 5959 Théodoretus,
1021 5893 1186 5951 editio
1232 5892 1421 5961 Basil.,
1450 5903 1674 5964 uterque
1730 5894 1867 5950 Duc.
1894 5904 1946 5949 et

2060 4694 2304 4751 similiter
2328 4696 2542 4766 legitur,
2576 4699 2690 4759 τοῖς
2721 4698 2940 4760 ἐντὸς...
2968 4694 3438 4766 ἀπειλημμένοις-ρ
3475 4696 3626 4766 rebus

2061 4770 2200 4821 intra
2222 4762 2881 4835 ipsius‘circumferentiam
2898 4762 3189 4821 contentis.
3212 4762 3379 4834 Negat
3401 4762 3630 4819 Basilius

2063 4841 2312 4891 tenebras
2337 4847 2584 4890 naturam
2621 4853 2739 4892 esse
2767 4852 2795 4890 a
2824 4837 2932 4891 ΠΕΟ
2966 4847 3207 4890 creatam
3248 4853 3262 4889 2
3299 4836 3393 4890 5εά
3439 4851 3625 4889 earum

2058 4907 2325 4977 originem
2348 4908 2428 4960 sic
2467 4908 2675 4975 repetit.
2704 4908 2760 4962 Si
2786 4908 2911 4976 quid
2945 4918 3069 4961 ante
3108 4908 3361 4960 mundum
3392 4907 3628 4960 sensibi-

2061 4976 2164 5031 leui
2202 4989 2252 5031 et
2308 4979 2709 5045 corruptibilem
2770 4979 2995 5042 exstitit,
3054 4979 3105 5031 id
3148 4979 3198 5029 in
3254 4977 3454 5031 lumine
3500 4976 3624 5039 fuit,

2060 5063 2234 5116 neque
2266 5048 2408 5101 enim
2441 5048 2613 5115 angeli
2644 5049 2692 5100 in
2718 5049 2955 5103 tenebris
2978 5048 3261 5115 degebant,
3286 5047 3377 5102 sed
3406 5046 3458 5100 in
3484 5045 3621 5100 luce.

2059 5118 2168 5173 Sed
2219 5120 2333 5172 inec
2356 5117 2441 5172 lux
2467 5120 2711 5185 corporis
2748 5119 2900 5185 opaci
2944 5116 3225 5187 interiectu
3257 5116 3502 5172 intercidi
3528 5118 3621 5169 de-

2058 5190 2193 5245 buit.
2219 5189 2396 5256 Quare
2447 5204 2567 5242 cum
2602 5189 2818 5252 ctrlutn,
2850 5190 2988 5255 quod
3015 5200 3097 5241 est
3138 5204 3338 5257 corpus
3372 5201 3620 5257 opacum,

2058 5255 2297 5313 creatum
2325 5270 2430 5322 est,
2483 5273 2816 5327 quaecunque
2856 5261 2995 5313 intra
3044 5258 3186 5312 illius
3236 5255 3616 5313 circumferen-

2059 5331 2185 5383 tiam
2216 5328 2601 5397 comprehensa
2642 5328 2877 5391 fuerunt,
2914 5329 3030 5382 luce
3053 5328 3163 5391 illa,
3190 5343 3307 5396 quae
3350 5335 3434 5381 est
3470 5338 3622 5397 extra

2057 5401 2313 5454 nntudum
2340 5395 2661 5453 sensibilem
2696 5409 2751 5452 et
2776 5395 3469 5466 corruptibilem,caruere.
3495 5395 3622 5450 Cte-

2056 5470 2163 5524 lum
2184 5486 2311 5541 ergo
2342 5485 2447 5524 non
2472 5471 2645 5541 locum
2667 5487 2699 5522 a
2738 5486 2791 5522 se
2825 5471 3125 5541 derelictum
3153 5467 3510 5534 obnubilavit,
3532 5467 3621 5519 sed

2055 5540 2227 5594 locum
2253 5539 2288 5592 a
2318 5556 2371 5595 se
2395 5539 2837 5608 comprehensum.
2872 5539 3087 5593 Manus.

2126 5612 2237 5681 (37)
2271 5610 2403 5681 Reg.
2468 5605 2655 5665 sextus
2698 5609 2899 5663 ὑπόθου
2954 5626 3060 5681 μοι,
3097 5610 3155 5661 ἐν
3214 5606 3478 5679 σταθηρᾷ.
3516 5605 3621 5681 sed

2054 5680 2473 5753 illud,_brrr500o
2536 5698 2644 5753 μοι,
2688 5696 2859 5749 neque
2911 5682 2963 5733 in
3016 5680 3135 5732 aliis
3165 5680 3618 5753 rnss.,neque_in

2052 5752 2212 5806 editis
2246 5751 2457 5819 legitur.
2516 5747 2687 5807 Voces
2734 5747 3231 5822 περιστήσαντα...
3266 5747 3631 5821 καθειργνύν-

2050 5823 2394 5948 {invidentur
2416 5823 2666 5879 adhibita:
2706 5822 2871 5878 fuisse
2921 5824 2971 5876 in
3015 5822 3231 5877 modum
3264 5836 3425 5875 casus
3462 5823 3625 5876 abso-

2111 5906 2167 5948 ιι.

2111 5906 2167 5948 ιι.
