4082 6398
473 409 548 467 ιδ
1561 438 1567 444 ι
1809 411 1867 467 S.
1908 407 2068 463 BASIJ‘

2188 409 2400 466 MAGNI
3645 407 3718 464 44

477 537 605 592 Sive
647 529 894 604 spiritum
935 530 1080 586 hunc
1132 530 1278 587 dicat
1327 529 1671 586 dimisionem
1713 544 1834 584 esse
1883 528 2045 590 aeris,

2170 528 2256 582 τοῦ
2290 529 2525 595 ὕδατος.
2564 529 2685 581 Εἴτε
2727 526 2836 597 (58)
2881 525 3034 580 τοῦτο
3076 524 3222 592 λέγει
3265 523 3324 577 τδ
3362 523 3599 595 πνεῦμα,
3620 523 3716 579 τοῦ

475 636 659 700 partes
736 623 917 680 mundi
983 624 1076 678 tibi
1146 639 1174 678 a
1247 625 1512 693 scriptore
1583 622 1891 677 enumerari
1967 619 2048 672 in-

481 719 693 790 telligas
747 737 759 772 :
814 721 1016 786 quippe
1088 714 1215 769 fecit
1283 714 1425 769 Deus
1497 714 1732 776 emtum,
1805 719 2047 772 terram,

476 824 697 880 aquam,
731 823 936 873 aerem,
964 821 1197 876 eumque
1247 804 1495 859 diffusum
1542 804 1653 873 jam
1708 811 1762 854 et
1804 801 2048 856 ditIlnen-

479 912 610 956 tem.
643 900 792 962 Sive,
833 899 974 970 quod
1005 910 1060 953 et
1090 899 1267 952 verius
1299 907 1400 960 est,
1431 905 1484 950 et
1517 895 1811 964 majoribus
1846 893 2050 948 nostris

478 993 914 1062 comprobatum,
953 989 1191 1059 Spiritus
1209 989 1324 1054 Dei,
1355 989 1589 1042 Sanctus
1623 989 1710 1042 ille
1731 988 1907 1041 dictus
1942 988 2047 1040 sit:

478 1100 545 1139 eo
569 1086 711 1155 quod
759 1084 1104 1138 observatum
1146 1093 1229 1138 est
1258 1082 1596 1151 Scripturam
1633 1096 1756 1135 eum
1789 1079 2048 1148 ejusmodi

484 1175 842 1244 appellatione
884 1175 1230 1244 peculiariter
1274 1190 1338 1226 ac
1399 1175 1674 1244 prmeipue
1721 1175 1951 1241 dignari,
1989 1189 2054 1229 ac

487 1269 689 1324 nullum
745 1270 911 1322 alium
945 1267 1207 1336 Spiritmn
1243 1268 1334 1321 Dei
1385 1267 1691 1332 nominare,
1736 1283 1896 1337 quam
1923 1283 2052 1320 sau-

485 1371 630 1417 ctum
651 1363 822 1424 illum,
855 1362 944 1430 qui
971 1361 1205 1415 divinam
1234 1370 1287 1414 et
1320 1363 1532 1414 beatam
1560 1359 1877 1414 Trinitatem
1908 1376 2056 1415 com-

484 1453 614 1523 plet.
658 1451 807 1506 llanc
844 1464 1056 1520 quoque
1081 1452 1404 1506 sententiam
1435 1451 1477 1502 si
1505 1449 1811 1515 admiseris,
1844 1449 1962 1519 plus
1991 1466 2055 1503 ex

485 1560 550 1600 ea
573 1553 927 1615 percepturus
955 1557 1014 1597 es
1037 1542 1406 1599 emolumenti.
1459 1541 1740 1606 Quomodo
1776 1541 1938 1611 igitur
1977 1541 2057 1596 fe—

489 1639 713 1693 rebatur
757 1651 918 1705 super
955 1635 1162 1705 aquas?
1208 1635 1389 1690 Dicam
1437 1636 1531 1690 tibi
1571 1650 1677 1690 non
1726 1649 1924 1700 meam,
1964 1639 2058 1690 sed

492 1733 590 1785 viri
623 1729 744 1801 Syri
769 1730 1116 1793 sententiam,
1149 1728 1240 1798 qui
1268 1737 1477 1782 tantum
1516 1743 1546 1782 a
1589 1728 1770 1782 mundi
1827 1729 2061 1783 distabat

491 1821 781 1892 sapientia,
829 1828 1087 1886 quantum
1129 1820 1193 1872 ad
1245 1835 1427 1873 rerum
1485 1834 1741 1873 verarum
1775 1820 2055 1875 scientiam

493 1913 987 1982 appropinquabat.
1029 1910 1220 1964 Aiebat
1271 1912 1435 1981 igitur
1475 1927 1659 1966 vocent
1698 1911 1956 1983 Syrorum
2008 1923 2062 1967 et

492 2003 976 2073 signiﬁcantiorem
1003 2011 1211 2066 esse,et
1232 2002 1300 2056 ob
1330 2018 1480 2056 suam
1509 2017 1630 2056 cum
1665 2001 1930 2058 Hebraica
1959 2003 2063 2058 lin-

494 2111 596 2163 gua
629 2096 1025 2164 cognationem,
1073 2095 1497 2162 quodammodo
1543 2095 1612 2148 ad
1657 2095 2060 2164 Scripturarum

495 2202 712 2242 sensum
742 2187 961 2256 propius
992 2185 1274 2241 accedere.
1302 2185 1488 2255 Itaque
1512 2185 1672 2240 talem
1703 2185 1917 2242 dicebat
1944 2201 2065 2243 esse

498 2280 656 2344 hujus
685 2278 815 2333 dicti
857 2279 1203 2334 sententiam.
1237 2278 1393 2342 Illud,
1423 2277 1718 2347 inquiebat,
1741 2279 1960 2334 verbum
1987 2279 2063 2348 fe-

498 2371 732 2438 rebatur,
775 2371 1195 2442 interpretantes
1222 2379 1441 2424 sumunt
1478 2385 1577 2434 pro
1607 2371 1794 2432 verbo,
1826 2371 2066 2440 confove-

497 2463 606 2527 θαι,
643 2469 696 2516 et
721 2462 791 2517 ita
815 2470 1021 2517 naturae
1042 2475 1305 2530 aquarum
1327 2461 1435 2515 vim
1456 2459 1724 2514 tribuebat
1753 2459 2064 2527 fetilicandi,

496 2556 668 2609 instar
719 2553 1026 2610 incubantis
1074 2553 1190 2609 avis
1211 2593 1226 2617 ,
1258 2562 1311 2608 et
1339 2552 1557 2608 vitalem
1587 2552 1874 2622 quamdam
1904 2551 2070 2607 facul-

499 2652 666 2698 tatem
694 2643 760 2698 iis
792 2659 912 2713 qua:
942 2644 1200 2700 foventur
1225 2643 1610 2711 impartientis.
1671 2641 1855 2697 Talem
1900 2658 2071 2712 quan-

499 2738 624 2789 dam
663 2735 1073 2805 intelligentiam
1118 2734 1271 2788 aiunt
1308 2734 1411 2789 hac
1437 2747 1570 2788 voce
1617 2732 1864 2787 indicari.
1900 2733 2072 2787 Nimi-

500 2841 620 2878 rum
669 2824 936 2893 ferebatur
964 2824 1184 2894 spiritus
1220 2839 1376 2893 super
1401 2839 1591 2892 aquas,
1633 2825 1737 2879 hoc
1766 2832 1849 2878 est
1872 2863 1887 2890 ,
1917 2832 2071 2878 natu-

503 2929 620 2968 ram
663 2929 817 2984 aqua:
863 2913 929 2968 ad
978 2913 1208 2969 feturam
1264 2917 1626 2983 praeparabat.
1650 2912 1828 2980 Quare
1864 2916 2005 2984 quod
2039 2931 2071 2968 a

503 3002 825 3070 quibusdam
855 3003 1140 3072 quaeritur,
1171 3002 1303 3056 satis
1328 3016 1395 3056 ex
1423 3002 1527 3057 hoc
1561 3001 1752 3072 liquet,
1782 3017 1973 3072 nempe
2003 3003 2070 3058 ab

503 3101 626 3150 actu
658 3093 876 3149 creandi
909 3093 1166 3164 Spiritum
1198 3101 1444 3149 sanctum
1475 3108 1581 3150 non
1605 3093 1860 3150 abfuisse.

575 3276 632 3330 7.
668 3273 738 3328 Et
763 3275 898 3329 dixit
927 3274 1086 3339 Deus,
1127 3274 1364 3330 Fiatlux
1396 3276 1462 3329 “.
1507 3275 1686 3330 Prima
1717 3275 1812 3331 Dei
1851 3290 1952 3331 vox
1988 3275 2069 3330 lu-

505 3367 584 3422 cis
632 3374 881 3420 naturam
919 3365 1164 3430 creavit,
1219 3365 1496 3437 dissipavit
1548 3365 1820 3430 tenebras,
1853 3365 2072 3435 dispulit

505 3459 846 3524 mmstitiam,
897 3459 1153 3513 mundum
1196 3458 1505 3526 illustravit,
1541 3466 1596 3514 et
1620 3459 1912 3513 acervatim
1942 3473 2072 3528 gra-

505 3558 623 3604 tum
673 3563 741 3604 ac
789 3550 1083 3620 jucundum
1123 3560 1397 3620 aspectum
1447 3550 1713 3606 universis
1752 3551 2069 3621 impertivit.

506 3639 640 3695 Nam
670 3651 727 3696 et
768 3641 965 3696 caelum
1012 3641 1286 3710 apparuit,
1331 3651 1490 3697 antea
1524 3642 1578 3696 in
1605 3642 1844 3697 tenebris
1885 3642 2071 3696 delite-

506 3748 703 3798 scens;
735 3733 849 3789 visa
886 3742 970 3788 est
1000 3743 1055 3788 et
1089 3734 1258 3803 ipsius
1296 3732 1659 3803 pulchritudo,
1708 3747 1877 3801 eaque
1925 3741 2070 3791 tanta

506 3835 767 3895 quantum
821 3825 986 3882 etiam
1022 3841 1164 3881 nunc
1211 3825 1349 3881 oculi
1393 3835 1677 3882 testantur.
1715 3824 2076 3895 l9lllustra-

507 3918 670 3974 batur
718 3926 898 3974 autem
949 3933 1086 3985 aer;
1134 3918 1242 3973 imo
1283 3917 1595 3988 permistam
1633 3917 1735 3972 sibi
1781 3917 1955 3973 lucem
1990 3918 2080 3972 ha-

579 4083 626 4114 “
653 4080 790 4138 Gen.
823 4098 864 4148 ι,
893 4083 948 4138 '5.

581 4229 693 4305 (58)
753 4231 975 4305 Qodices
1034 4247 1136 4286 non
1201 4231 1358 4305 pauci
1414 4231 1546 4305 εἴτε.
1607 4229 1907 4300 Ειιίιὶεἵγε.
1955 4231 2078 4287 Mox

510 4300 964 4356 Colesec'undus
1006 4300 1572 4372 συγκαταριθμοῦντα.

581 4319 664 4355 ιιι).
697 4319 964 4356 secundus
1006 4319 1572 4424 συγκαταριυέουντα.

581 4372 695 4442 (59)
727 4371 817 4426 Sic
880 4387 1010 4426 mss.
1064 4382 1308 4442 septem.
1363 4372 1481 4425 ‘diti
1531 4386 1660 4426 vero
1712 4374 1807 4425 καὶ
1846 4371 2078 4442 μάλιστα

510 4441 895 4512 ἀληθέστερον.
968 4441 1170 4497 Ibidem
1230 4441 1360 4512 editi
1426 4457 1547 4495 cum
1609 4441 1876 4510 aliquibus
1945 4458 2076 4498 mss.

511 4509 790 4583 ἐγκριθέν.
806 4512 909 4583 Alii
943 4527 1073 4567 mss.
1093 4509 1380 4583 ἐκκριθέν.

585 4580 880 4655 (iQ)_Colb.
903 4582 1169 4655 secundus
1210 4580 1483 4655 μακαρίας
1510 4582 1603 4635 καὶ
1629 4582 1790 4651 ἁγίας
1820 4583 1942 4655 Τρι.
1972 4581 2078 4638 lbi-

514 4651 636 4723 dettl
671 4652 812 4723 idem
836 4653 1007 4723 codex
1043 4651 1265 4723 μείζονά
1297 4651 1418 4704 τινα
1449 4652 1546 4723 ἀπ.

586 4720 697 4788 (ll)
731 4721 823 4775 Sic
864 4722 1014 4776 multi
1045 4720 1185 4776 'mss.
1245 4722 1405 4775 Deest
1447 4721 1604 4776 τοῦτο
1653 4723 1705 4776 in
1745 4723 1921 4777 editis.
1956 4723 2075 4777 Mox

515 4791 652 4848 ἀλλὰ
674 4791 845 4863 Σύρου
877 4791 1087 4863 ἀνδρός.
1131 4793 1220 4846 sed
1243 4792 1344 4863 viij
1375 4791 1519 4861 Syri,
1555 4801 1659 4847 etc.
1711 4793 1888 4846 Mouet
1917 4794 2080 4847 Tille-

519 4860 761 4934 motitius'
776 4863 863 4917 hic
881 4860 1100 4934 intelligi
1125 4876 1281 4932 posse
1300 4860 1587 4934 Eusebium
1617 4863 2076 4928 Samosntensem;

515 4933 609 4987 sed
665 4934 921 4988 convenit
975 4933 1088 4988 fere
1130 4937 1269 4986 inter
1303 4933 1532 4995 doctos,
1589 4934 1860 5000 designari
1905 4937 2080 5000 potius

517 5004 752 5069 Ephrem
788 5003 1072 5057 diaconum
1118 5004 1335 5072 Syrum.
1369 5001 1520 5067 Quod
1555 5013 1733 5056 autem
1785 5005 1978 5057 attinet
2015 5003 2081 5055 ad

519 5073 616 5125 viri
654 5073 796 5143 illius
824 5074 946 5143 Syri
971 5072 1428 5143 explanationem,
1473 5088 1591 5125 eam
1629 5073 1852 5143 mmiiuo
1883 5074 2081 5125 contir-

521 5153 628 5194 mat
662 5141 1044 5212 Ilieronymus,
1085 5153 1212 5194 tom.
1251 5141 1325 5201 Il,
1365 5144 1566 5208 Quwst.
1612 5142 1793 5195 Helm.
1830 5143 2080 5196 columna

519 5211 643 5265 508.
674 5231 693 5262 ι
731 5210 936 5274 Proeo,
961 5212 1314 5280 inquit,quod
1347 5213 1397 5264 in
1429 5214 1626 5266 nostris
1643 5213 1915 5266 codicibus
1945 5214 2082 5266 scri-

523 5296 672 5348 ptum
708 5293 824 5344 est,
855 5282 1123 5348 ferebatur
1149 5321 1162 5342 ,
1213 5282 1265 5334 in
1305 5282 1528 5335 llcbraw
1573 5282 1771 5349 habet,
1812 5282 2080 5351 merefeth,

521 5353 779 5418 quodnos
805 5352 1076 5421 appellare
1113 5367 1399 5420 possumus
1430 5353 1730 5412 incubabat,
1768 5354 1880 5408 sive
1911 5355 2084 5419 confo-

522 5424 690 5485 vebat,
718 5424 770 5476 in
795 5422 1202 5476 similitudinem
1232 5422 1488 5479 volucris.
1511 5437 1610 5474 ova
1640 5423 1818 5476 calore.
1840 5422 2085 5476 animau-

524 5494 612 5545 tis.
648 5513 666 5544 ι
698 5491 1128 5547 Montfaucouius
1154 5502 1356 5556 noster,
1388 5493 1475 5558 qui
1509 5494 1728 5544 verbum
1763 5491 2084 5546 l‘lebraicum

521 5565 604 5632 sic
634 5565 892 5617 exscribit
925 5563 1118 5617 litteris
1143 5561 2087 5632 Grrecispapaspéf),interpretatur

525 5631 698 5685 locum
748 5634 908 5686 istum
946 5635 1048 5689 hoc
1080 5637 1238 5686 modo
1270 5650 1284 5686 :
1336 5631 1400 5685 Et
1431 5631 1650 5700 spiritus
1685 5632 1778 5685 Dei
1811 5633 2086 5684 motitabat

523 5719 680 5766 super
699 5703 860 5770 facies
892 5720 1166 5771 aquarum.
1215 5703 1357 5758 LXX
1389 5713 1700 5757 verterunt.
1751 5703 2048 5774 ἐπεφέρετο
2070 5740 2085 5764 ,

526 5776 972 5840 superferebatur.
1004 5774 1109 5828 Alii
1145 5786 1254 5827 tres
1292 5776 1633 5839 interpretes.
1672 5774 1858 5835 Aquila
1881 5813 1895 5834 ,
1927 5775 2086 5842 Sym-

526 5844 749 5897 machus
783 5853 838 5898 et
874 5843 1190 5910 Theodotio,
1244 5844 1656 5915 ἐπιφερόμενον.
1707 5842 1855 5900 llunc
1901 5842 2082 5898 Basilii

2150 620 2309 690 ἀέρος
2337 621 2434 690 τὴν
2473 620 2649 690 χύσιν,
2675 620 2821 684 δέξαι
2846 620 2914 674 τὰ
2955 619 3094 690 μέρη
3130 617 3222 670 τοῦ
3266 617 3470 688 κόσμου
3494 635 3718 689 καταρι-

2153 710 2392 781 Θμοῦντά
2426 729 2506 765 σοι
2543 713 2631 766 τὸν
2660 712 2994 782 συγγραφέα,
3025 713 3105 765 ὃτι
3133 711 3383 782 ἐποίησεν
3416 712 3444 763 ό
3474 710 3604 774 Θεὸς
3627 713 3719 764 ού-

2157 804 2336 874 ρανὸν,
2387 804 2512 873 γῆν,
2550 803 2713 876 ὕδωρ,
2749 805 2910 875 ἀέρα,
2960 804 3054 857 καὶ⁹
3096 803 3283 856 τοῦτον
3322 802 3576 872 χεόμενον
3619 802 3719 874 ήδη

2152 895 2246 949 καὶ
2271 897 2460 968 ῥέοντα
2479 913 2492 925 ·
2522 897 2650 959 εἴτε,
2674 896 2702 948 ὃ
2736 895 2828 948 καὶ
2857 895 3052 965 μᾶλλον
3092 893 3446 964 ἀληθέστερόν
3478 892 3584 961 (59)
3611 893 3724 945 ἐστι

2154 989 2248 1041 καὶ
2271 991 2383 1050 τοῖς
2418 988 2520 1058 πρὸ
2549 987 2705 1058 ἡμῶν
2733 987 3003 1058 ἐγκριθὲν,
3035 985 3256 1056 Πνεῦμα
3290 982 3450 1046 Θεοῦ,
3483 982 3542 1035 τὸ
3571 982 3725 1051 ἆγιον

2156 1078 2403 1148 εἴρηταιο
2439 1079 2526 1130 διὰ
2577 1079 2638 1130 τὸ
2678 1076 3008 1147 τετηρῆσθαι
3063 1075 3218 1128 τοῦτο
3274 1074 3582 1138 ἰδιαζόντως
3631 1073 3726 1126 καὶ

2155 1168 2447 1239 ἐξαιρέτως
2491 1169 2589 1238 τῆς
2643 1168 2898 1240 τοιαύτης
2935 1168 3152 1239 μνήμης
3199 1166 3303 1220 ὑπὸ
3349 1165 3450 1235 τῆς
3505 1165 3727 1235 Γραφῆς

2156 1261 2455 1326 ἀξιοῦσθαι,
2483 1262 2575 1315 καὶ
2613 1262 2776 1332 μηδὲν
2809 1261 2936 1315 ἄλλο
2966 1260 3184 1331 Πνεῦμα
3221 1258 3378 1324 Θεοῦ,
3421 1259 3454 1331 ἢ
3487 1257 3549 1310 τὸ
3572 1258 3729 1326 ἆγιον

2155 1356 2216 1407 τὸ
2244 1355 2344 1425 τῆς
2377 1355 2524 1417 θείας
2561 1356 2652 1407 καὶ
2694 1355 2966 1425 μακαρίας
2993 1353 3219 1425 Τριάδος
3242 1353 3351 1422 (40)
3401 1351 3730 1423 συμπληρω-

2157 1445 2306 1499 τικὸν
2352 1445 2729 1516 ὀνομάζεσθαι.
2775 1445 2884 1497 Καὶ
2918 1445 3121 1514 ταύτην
3151 1442 3582 1516 προσδεξάμενος
3632 1441 3730 1513 τὴν

2157 1538 2414 1602 διάνοιαν,
2454 1537 2673 1608 μείζονα
2696 1537 2813 1608 ,τὴν
2847 1537 2938 1590 ἀπ’
2963 1537 3129 1606 αὐτῆς
3162 1535 3429 1604 ὠφέλειαν
3458 1535 3730 1606 εὑρήσεις.

2159 1629 2284 1692 Πῶς
2319 1625 2412 1682 οὖν
2455 1629 2752 1699 ἐπεφέρετο
2790 1626 2946 1680 τοῦτο
2991 1625 3107 1697 (4-1)
3155 1626 3337 1678 ἐπάνω
3370 1624 3464 1677 τοῦ
3506 1623 3728 1686 ὓδατος;

2174 1721 2310 1794 Ἐρῶ
2346 1738 2428 1774 σοι
2457 1724 2556 1775 οὐκ
2577 1719 2814 1790 ἐμαυτοῦ
2843 1701 3019 1787 λόγον,
3053 1718 3186 1771 ἀλλὰ
3215 1719 3384 1790 Σύρου
3424 1717 3614 1788 ἀνδρὸς
3646 1733 3733 1769 σο-

2163 1814 2288 1884 φίας
2315 1813 2582 1884 κοσμικῆς
2610 1813 2860 1866 τοσοῦτον
2893 1811 3281 1882 ἀφεστηκότος,
3313 1812 3434 1864 ὅσον
3471 1811 3635 1879 ἐγγὺς
3666 1804 3733 1879 ἦν

2162 1909 2260 1978 τῆς
2288 1907 2396 1960 τῶν
2418 1905 2683 1977 ἀληθινῶν
2715 1906 3041 1975 ἐπιστήμης.
3077 1904 3268 1972 Ἔλεγε
3301 1904 3478 1955 τοίνυν
3506 1904 3602 1973 τὴν
3629 1902 3734 1955 τῶν

2164 2004 2350 2075 Σύρων
2384 2002 2563 2073 φωνὴν
2607 2001 3061 2073 ἐμφατικωτέραν
3106 2019 3166 2054 τε
3209 1997 3367 2065 εἶναι,
3400 2003 3492 2055 καὶ
3515 2000 3602 2054 διὰ
3637 2003 3736 2070 τὴν

2163 2095 2300 2167 πρὸς
2327 2094 2425 2166 τὴν
2472 2094 2723 2166 Ἐὃραῖδα
2765 2094 3060 2162 γειτνίασιν
3104 2093 3300 2164 μᾶλλόν
3339 2111 3453 2157 πως
3473 2097 3536 2165 τῇ
3563 2095 3740 2166 ἐννοίᾳ

2163 2186 2270 2239 τῶν
2299 2185 2530 2256 Γραφῶν
2589 2185 2990 2256 προσεγγίζειν.
3031 2183 3186 2239 Εἶναι
3235 2181 3326 2238 οὖν
3353 2186 3450 2257 τὴν
3503 2187 3738 2240 διάνοιαν

2166 2279 2257 2332 τοῦ
2306 2279 2470 2350 ῥητοῦ
2527 2278 2804 2350 τοιαύτην.
2855 2280 2949 2340 Τὸ,
2991 2279 3370 2349 Ἐπεφέρετω
3418 2279 3603 2350 φησιν,
3655 2277 3740 2341 ἐξο

2167 2370 2424 2443 ηγοῦνται
2461 2371 2582 2424 ἀντὶ
2627 2370 2742 2436 τοῦ,
2790 2370 3156 2428 συνέθαλπε.
3201 2373 3294 2425 καὶ
3337 2370 3616 2439 ἐζωογόνει
3645 2368 3741 2439 τὴν

2167 2463 2274 2516 τῶν
2303 2462 2508 2516 ὑδάτων
2540 2461 2719 2531 φύσιν,
2750 2461 2890 2514 κατὰ
2913 2461 3013 2531 τὴν
3058 2461 3240 2514 εἰκόνα
3265 2462 3365 2532 τῆς
3388 2459 3740 2528 ἐπωαξούσης

2166 2554 2404 2626 ὄρνιθος,
2452 2554 2548 2607 καὶ
2607 2553 2840 2625 ζωτικὴν
2894 2571 3015 2606 τινα
3069 2551 3297 2623 δύναμιν
3350 2553 3582 2622 ἐνιείσης
3632 2554 3743 2614 τοῖς

2169 2646 2653 2716 ὑποθαλπομένοις.
2703 2644 2953 2698 Τοιοῦτόν
2994 2646 3115 2698 τινά
3156 2662 3316 2714 φασιν
3344 2643 3454 2714 (42)
3498 2641 3604 2694 ὑπὸ
3645 2641 3742 2710 τῆς

2171 2739 2352 2810 φωνῆς
2377 2737 2580 2807 ταύτης
2615 2737 3050 2825 παραδηλοῦσθαι
3079 2738 3168 2791 τὸν
3196 2736 3339 2800 νοῦν,
3387 2735 3462 2798 ὼς
3484 2735 3744 2802 ἐπιφερο-

2166 2829 2353 2900 μένου
2402 2828 2506 2882 τοῦ
2535 2822 2905 2896 πνεύματος·
2948 2827 3218 2889 τουτέστι,
3275 2826 3413 2896 πρὸς
3454 2822 3746 2892 ζωογονίαν

2172 2922 2269 2994 τὴν
2300 2922 2394 2974 τοῦ
2431 2919 2624 2982 ὓδατος
2664 2920 2822 2988 φύσιν
2862 2916 3368 2991 παρασκευάζοντος
3391 2934 3404 2946 ·
3451 2915 3588 2968 ὥστε
3629 2916 3746 2967 ἱκα-

2173 3015 2280 3080 νῶς
2311 3018 2375 3069 ἐκ
2402 3012 2591 3067 τούτου
2626 3011 2686 3064 τὸ
2715 3012 2865 3081 παρά
2893 3028 3054 3064 τινων
3090 3009 3512 3079 ἐπιζητούμενον
3533 3007 3744 3060 δείκνυ-

2178 3107 2321 3170 σθαι,
2355 3107 2435 3159 ὅτι
2470 3103 2590 3158 οὐδὲ
2619 3103 2718 3174 τῆς
2743 3102 3140 3174 δημιουργικῆς
3174 3100 3449 3173 ἐνεργείας
3491 3099 3552 3152 τὸ
3582 3097 3746 3153 Πνεῦ-

2097 3211 2140 3269 c
2178 3217 2252 3272 μα
2284 3199 2342 3252 τὸ
2380 3197 2533 3265 ἅγιον
2559 3195 2907 3249 ἀπολείπεται
2944 3195 3078 3264 (45).

2245 3286 2296 3340 7.
2321 3283 2429 3339 Καὶ
2463 3278 2633 3336 εἶπεν
2661 3285 2694 3336 ό
2719 3281 2883 3346 Θεὸς,
2902 3279 3219 3348 Γενηθήτω
3243 3277 3385 3348 φῶς.
3407 3276 3602 3348 Πρώτη
3638 3292 3748 3343 φω-

2175 3376 2239 3447 νὴ
2272 3373 2406 3427 Θεοῦ
2449 3373 2627 3443 φωτὸς
2656 3372 2817 3442 φύσιν
2840 3371 3262 3442 ἐδημιούργησε,
3291 3370 3351 3423 τὸ
3381 3369 3572 3433 σκότος
3604 3369 3746 3438 ἠφάν-

2179 3483 2313 3529 νισε,
2347 3464 2441 3536 τὴν
2474 3465 2771 3536 κατήφειαν
2804 3463 3032 3526 διέλυσε,
3091 3463 3181 3517 τὸν
3212 3463 3412 3533 κόσμον
3439 3462 3747 3533 ἐφαίδρυνε,

2177 3561 2342 3613 πᾶσιν
2379 3558 2590 3631 ἁθρόως
2622 3557 2916 3629 χαρίεσσαν
2960 3558 3080 3628 ὄψιν
3112 3557 3207 3610 καὶ
3235 3556 3418 3628 ἡδεῖαν
3446 3557 3745 3624 ἐπήγαγεν.

2177 3650 2416 3722 Οὐρανός
2447 3667 2508 3703 τε
2538 3650 2646 3722 γὰρ
2663 3649 2894 3721 ἐξεφάνη
2925 3649 3336 3720 κεκαλυμμένος
3367 3647 3502 3710 τέως
3526 3645 3602 3716 τῷ
3626 3644 3751 3699 σκό-

2180 3761 2278 3811 τῳ,
2325 3743 2421 3796 καὶ
2453 3742 2642 3812 τδμι)
2673 3742 2767 3796 ἀπ’
2797 3741 2960 3795 αὐτοῦ
2996 3741 3190 3804 κάλλος
3221 3738 3488 3802 τοσοῦτον,
3519 3739 3639 3791 ὅσον
3666 3736 3749 3790 ἔτι

2181 3834 2275 3886 καὶ
2299 3831 2394 3887 νῦν
2428 3832 2694 3904 ὀφθαλμοὶ
2723 3832 3074 3905 μαρτυροῦσι.
3104 3831 3509 3904 Περιελάμπετο
3536 3830 3592 3884 δὲ
3617 3829 3745 3902 ἀὴρ.

2186 3925 2384 3996 μᾶλλον
2422 3927 2479 3980 δὲ
2527 3927 2930 3999 ἐγκεκραμένον
2963 3925 3139 3997 ἐαυτῷ
3171 3925 3288 3980 ὅλον
3317 3923 3488 3979 διόλου
3517 3917 3628 3993 εἶχε
3687 3919 3748 3974 τὸ

2184 4233 2360 4288 locum
2425 4227 2742 4284 Ambrosius
2788 4224 2854 4298 de
2913 4238 3061 4298 more
3107 4223 3357 4298 insuum
3388 4217 3746 4298 Iloesaeme'rlou

2189 4283 2490 4356 transtulit.
2523 4299 2762 4364 Denique
2802 4283 2994 4367 Syrus,
3033 4293 3224 4367 inquit,
3265 4291 3365 4367 qui
3396 4287 3608 4367 vicinus
3643 4283 3748 4336 lle-

2185 4375 2330 4426 braao
2363 4380 2466 4434 est,
2499 4377 2549 4424 et
2576 4361 3123 4434 sermone'consonat
3154 4363 3206 4434 in
3235 4361 3504 4434 plerisque
3537 4363 3592 4409 et
3618 4367 3749 4434 con-

2184 4444 2349 4512 gruit,
2375 4431 2666 4512 sic'habet:
2694 4437 2761 4489 Et
2788 4435 3022 4512 Spiritus
3044 4431 3368 4512 Deiioue‘bat
3401 4443 3586 4512 aquas,
3616 4432 3746 4512 alges,

2187 4493 2349 4567 iith
2373 4493 2660 4571 Hexaenu,
2688 4521 2808 4575 cap.
2833 4493 2910 4564 ’8.
2943 4521 3090 4557 num.
3128 4493 3221 4558 29.
3253 4501 3388 4575 Quin
3421 4493 3585 4575 etiam
3623 4493 3750 4575 Dio-

2109 4555 2154 4610 ι)
2541 4555 2698 4631 aliter
2750 4555 3011 4629 irntcllexit
3056 4588 3244 4627 vocem
3263 4555 3750 4636 wllebraicam,_at-

2181 4633 2408 4720 insin
2445 4650 2533 4703 ille
2566 4647 2758 4720 Syrus,
2788 4646 3176 4720 ut‘videreest
3204 4639 3430 4720 inmotis
3477 4645 3586 4720 tum

2193 4709 2312 4785 cici,
2352 4730 2463 4774 tum
2486 4709 2656 4771 nosfri
2692 4709 3288 4785 Montfauconiial-laud
3333 4709 3609 4785 immerito
3629 4709 3750 4757 exi-

2182 4781 2366 4846 stimat
2399 4789 2780 4844 Tillemontins
2803 4800 2926 4839 esse
2973 4782 3286 4842 verisimile,
3319 4781 3674 4846 Augustinum
3717 4786 3748 4825 e

2183 4844 2362 4915 Basilii
2393 4873 2556 4928 opere
2588 4857 2929 4929 excerpsisse
2956 4868 3207 4929 ea,-qu_:n“
3227 4844 3472 4919 leguntur
3497 4847 3562 4929 de
3588 4844 3747 4929 docto

2181 4912 2412 4997 idalium
2430 4912 2576 4994 Syro
2602 4927 2694 4981 lib.
2730 4912 2851 4979 ι’οε
2874 4912 3060 4979 Genesi
3083 4912 3150 4975 ad
3170 4912 3304 4986 litt;
3322 4936 3469 4974 num.
3497 4914 3585 4970 36.
3608 4912 3750 4982 Lege

2181 5001 2340 5056 Praef.
2367 5016 2512 5052 num.
2543 4997 2635 5054 22.

2253 5071 2368 5140 (42)
2391 5068 2460 5122 lta
2484 5083 2610 5140 mss.
2633 5076 2855 5140 septem.
2885 5063 3020 5140 Editi
3039 5074 3090 5116 et
3110 5061 3260 5140 Coll).
3276 5059 3545 5115 secundus
3564 5058 3748 5132 φησιν.

2186 5132 2382 5196 Ibidem
2417 5139 2565 5192 Colb.
2601 5132 2805 5206 primus
2829 5135 2926 5206 διαί
2947 5134 3048 5203 τῆς
3075 5132 3281 5206 φωνῆς.

2255 5211 2366 5283 (45)
2396 5210 2484 5283 Sic
2517 5197 2695 5283 plures
2743 5197 3030 5283 mss._E_diti
3062 5197 3441 5283 ἀπολείπηται.
3474 5197 3594 5283 ηοξ
3639 5199 3752 5283 hinc

2185 5269 2369 5343 verba,
2393 5280 2492 5351 τὴν
2520 5269 2834 5351 ’κατήφειαν
2863 5273 3126 5336 διέλυσεν,
3161 5269 3354 5351 desunt
3382 5273 3432 5351 in
3461 5271 3644 5332 editis,
3677 5269 3751 5321 le-

2186 5362 2384 5420 guntur
2418 5343 2546 5403 vero
2577 5350 2627 5400 in
2661 5343 2869 5414 septem
2901 5358 3242 5420 mss..__quam
3279 5343 3560 5420 lectionem
3587 5353 3752 5420 agno-

2185 5409 2263 5475 in
2294 5420 2631 5489 Eustathius,
2665 5409 2753 5489 qui
2777 5415 2954 5489 Avertit
2984 5431 2998 5467 :
3037 5409 3414 5489 Maeroremque
3440 5409 3705 5489 dissolpit.

2259 5491 2373 5561 (44)
2403 5489 2494 5543 Sic
2528 5487 2687 5561 Regii
2711 5485 2940 5561 primus,
2983 5485 3198 5561 tertius,
3239 5491 3464 5561 quartus
3487 5519 3506 5561 ,_
3532 5485 3753 5561 quintus

2187 5573 2239 5616 et
2263 5549 2446 5614 sextus
2491 5549 2634 5612 cum'
2650 5549 2800 5610 Golb.
2859 5555 3095 5607 secundo
3130 5563 3184 5607 et
3209 5549 3330 5608 cum
3363 5551 3529 5604 Coisl.
3569 5549 3753 5602 itidem

2187 5632 2442 5686 secundo.
2477 5630 2541 5681 At
2569 5627 2694 5681 editi
2731 5624 2866 5687 τέως
2893 5622 2972 5693 τῷ
2995 5623 3202 5694 κόσμῳ,
3236 5623 3328 5676 καὶ
3342 5621 3420 5675 τό.
3446 5621 3760 5694 ldem_men-

2190 5685 2313 5757 dum
2351 5703 2402 5752 in
2453 5699 2617 5752 libros
2657 5698 2828 5750 editos
2848 5685 3024 5761 paulo
3063 5685 3197 5750 ante
3237 5695 3552 5764 irrepserat.
3587 5685 3759 5743 Coisl.

2191 5771 2450 5828 vetustior
2479 5769 2614 5833 τέως
2648 5765 2724 5838 τῷ
2764 5765 2964 5819 σκότει.
