4082 6398
452 387 524 448 rt
599 373 609 383 '
1781 382 1859 446 is.
1900 384 2144 442 essu."
2186 385 2400 445 MAGNi
3648 391 3719 450 ts

453 509 664 560 tantum
695 499 826 556 uilnl
859 507 1024 571 queat
1052 501 1370 571 praedicare,
1401 507 1664 572 qantum
1707 515 1902 558 sensus
1936 517 2029 558 an-

2133 506 2294 560 καλὸν
2336 509 2396 561 ὲκ
2425 509 2523 580 τῆς
2573 507 2711 580 πρὸς
2744 507 2950 576 ἄλληλα
2991 503 3101 559 τῶν
3155 503 3470 578 pegma/(52)
3499 521 3716 579 συμμε-

452 604 728 652 tevertens
763 594 1027 650 declarat.
1064 594 1171 650 Sed
1200 595 1247 650 si
1283 595 1532 664 corporis
1573 594 1922 664 pulchritudo
1959 611 2025 651 ex

449 688 686 759 partiqu
716 687 860 742 inter
887 701 947 742 se
976 687 1316 758 symmetria,
1359 701 1428 742 ac
1475 694 1772 758 apparente
1829 689 2028 743 coloris

449 781 695 837 bonitate
735 782 933 846 oritur,
989 779 1260 849 quomodo
1295 779 1348 834 in
1376 777 1497 833 luce
1522 794 1643 848 quae
1668 790 1860 835 natura
1891 781 2026 835 sim-

449 873 577 943 plex
606 881 711 940 est,
743 872 1118 942 similibusque
1155 880 1368 927 constat
1410 872 1680 942 part-ibus,
1725 872 2028 942 pulchritu-

451 965 595 1021 dinis
625 966 766 1021 ratio
793 965 1188 1021 conservatur?
1229 963 1364 1018 Num
1397 973 1682 1035 propterea
1716 964 1856 1033 quod
1889 965 2027 1019 lueis

454 1059 775 1128 temperatio
812 1071 920 1113 non
971 1060 1024 1112 in
1063 1057 1298 1128 propriis
1345 1057 1514 1128 ipsius
1540 1059 1806 1128 partibus,
1844 1057 1937 1113 sed
1973 1058 2024 1112 in

452 1152 684 1221 quadam
727 1149 1007 1205 hilaritate
1049 1159 1105 1204 et
1149 1150 1368 1206 lenitate
1395 1151 1533 1205 visui
1561 1165 1619 1205 se
1649 1149 1910 1206 onerente
1943 1151 2027 1204 inc

451 1257 573 1298 esse
595 1239 949 1313 perhibetur?
976 1239 1067 1296 Sic
1103 1242 1248 1295 enim
1280 1241 1389 1311 20
1418 1240 1700 1310 pulchrum
1745 1249 1829 1297 est
1863 1241 2024 1296 etiam

450 1346 662 1393 aurum,
693 1332 964 1402 quodnon
984 1344 1051 1385 ex
1087 1331 1320 1400 partium
1343 1345 1682 1394 eommensu,
1705 1332 1799 1384 sed
1825 1344 1893 1384 ex
1912 1329 2024 1384 sola

449 1424 648 1480 coloris
680 1423 943 1489 bonitate,
979 1424 1227 1488 illicium,
1251 1429 1306 1478 et
1337 1421 1727 1492 iucunditatem
1760 1421 1825 1476 ad
1849 1423 2023 1476 visum

448 1513 865 1569 cxbilaraudum
909 1513 1138 1569 obtinet.
1198 1511 1472 1583 Hesperus
1505 1527 1717 1584 quoque
1744 1513 2023 1568 stellarum

449 1618 535 1661 est
570 1607 994 1676 pulcherrimus,
1018 1621 1126 1660 non
1159 1607 1302 1676 quod
1324 1607 1374 1661 in
1404 1607 1648 1676 partibus
1680 1606 1873 1676 quibus
1902 1621 2025 1661 con-

446 1708 574 1763 stat,
618 1699 744 1754 insit
778 1699 1052 1768 proportio
1081 1707 1137 1753 et
1158 1699 1495 1772 symmetria,
1533 1699 1625 1754 sed
1663 1699 1804 1768 quod
1830 1698 2024 1766 jucun-

447 1791 548 1842 dus
583 1789 803 1859 quidam
852 1799 908 1844 et
956 1790 1138 1845 suavis
1171 1790 1438 1859 splendor
1470 1803 1536 1844 ex
1590 1791 1705 1859 ipso
1731 1790 1798 1843 ad
1838 1789 2024 1844 oculos

2130 597 2306 670 τρίας,
2363 598 2599 670 καὶτῆς
2646 599 3076 670 ὲπιφαινομένης
3133 598 3407 668 εὐχροίας,
3466 597 3526 652 τὺ
3579 595 3718 654 εἶναι

2131 683 2264 754 ἔχει,
2284 684 2402 748 πῶς
2432 685 2524 737 ἐπὶ
2554 685 2648 739 τοῦ
2683 687 2861 755 φωτὸς
2894 685 3067 740 ἁπλοῦ
3107 685 3205 758 τὴν
3241 687 3402 757 φύσιν
3441 687 3593 752 ὄντος
3624 691 3718 744 καὶ

2133 775 2517 848 ὁμοιομεροῦς,
2549 778 2579 830 ὁ
2614 777 2708 830 τοῦ
2745 777 2910 832 καλοῦ
2939 777 3264 843 διασώζεται
3297 778 3487 847 λόγος;
3531 781 3603 833 Ἢ
3635 782 3718 836 ὅτι

2130 867 2208 938 τῷ
2231 869 2370 937 φωτὶ
2389 869 2448 922 τὸ
2480 869 2796 940 σύμμετρον
2819 870 2920 922 οὐκ
2950 871 3007 923 ἐν
3041 872 3154 933 τοῖς
3189 869 3336 934 ἰδίοις
3366 871 3528 924 αὐτοῦ
3558 873 3716 944 μέρε·

2132 978 2235 1024 σιν,
2289 962 2404 1014 ἀλλ’
2433 962 2492 1014 ἐν
2531 962 2608 1033 τῷ
2641 963 2779 1034 πρὸς
2821 963 2918 1034 τὴν
2955 962 3076 1032 δψιν
3113 963 3306 1034 ἀλύπῳ
3338 963 3434 1018 καὶ
3457 969 3718 1037 προσηνεῖ

2133 1057 2522 1126 μαρτυρεῖται;
2555 1054 2713 1108 Οὕτω
2745 1056 2852 1128 γὰρ
2898 1055 2992 1108 καὶ
3043 1055 3243 1126 χρυσὸς
3287 1056 3471 1120 καλὸς,
3503 1058 3599 1110 οὐκ
3648 1060 3714 1111 έκ

2127 1150 2228 1219 τῆς
2281 1146 2386 1201 τῶν
2419 1147 2600 1219 μερῶν
2660 1149 3025 1220 συμμετρίας,
3058 1147 3174 1201 ἀλλ’
3218 1149 3282 1200 ἐκ
3320 1149 3418 1219 τῆς
3459 1149 3714 1219 εὐχροὶας

2132 1239 2320 1311 μόνης,
2352 1240 2412 1292 τὸ
2439 1241 2730 1308 ἐπαγωγὸν
2777 1241 2912 1310 πρὸς
2954 1241 3050 1310 τὴν
3081 1239 3202 1310 ὄψιν
3253 1241 3346 1294 καὶ
3391 1241 3452 1293 τὸ
3482 1240 3714 1312 τερπνὸν

2128 1330 2482 1400 κεκτημένος.
2515 1330 2626 1382 Καὶ
2655 1330 2930 1404 Ἕσπερος
2951 1331 3196 1404 ἀστέρων
3226 1330 3528 1395 κάλλιστος,
3544 1333 3604 1384 οὺ
3625 1333 3713 1386 διὰ

2127 1422 2186 1476 τὸ
2211 1421 2575 1490 ἀναλογοῦντα
2605 1422 2750 1493 ἔχειν
2773 1424 2842 1476 τὰ
2878 1423 3016 1495 μέρη
3042 1423 3154 1493 (55)
3183 1423 3243 1488 ἐξ
3267 1417 3340 1476 ὧν
3365 1425 3710 1496 συνέστηκεν,

2129 1513 2264 1568 ἀλλὰ
2308 1514 2396 1568 διὰ
2424 1514 2486 1567 τὸ
2513 1514 2719 1569 ἄλυπόν
2758 1533 2875 1569 τινα
2907 1516 3000 1568 καὶ
3035 1515 3218 1588 ἡδεῖαν
3243 1517 3342 1588 τὴν
3393 1517 3488 1569 ἀπ’
3547 1517 3711 1570 αὑτοῦ

2127 1606 2302 1679 αὐγὴν
2353 1607 2651 1680 ἐμπίπτειν
2688 1611 2800 1671 τοῖς
2833 1608 3095 1679 ὄμμασιν.
3152 1609 3385 1662 Ἔπειτα
3412 1607 3506 1661 νῦν
3541 1610 3574 1679 ἡ
3617 1609 3709 1661 τοῦ

2126 1698 2263 1752 Θεοῦ
2314 1699 2497 1770 κρίσις
2526 1700 2656 1771 περὶ
2677 1698 2770 1751 τοῦ
2803 1699 2995 1761 καλοῦ,
3024 1701 3085 1753 οὗ
3126 1701 3344 1762 πάντως
3377 1700 3513 1769 πρὸς
3543 1699 3600 1752 τὸ
3652 1701 3711 1752 έν

2125 1787 2246 1857 ὄψει
2274 1787 2504 1861 τερπνὸν
2549 1789 2969 1854 ἀποϐλέποντος,
3011 1790 3147 1843 ἀλλὰ
3193 1793 3283 1844 καὶ
3319 1790 3456 1861 πρὸς
3497 1793 3593 1860 τὴν
3635 1792 3713 1854 είς

449 1884 694 1935 accedat.
746 1881 1016 1937 Praeterea
1049 1883 1153 1936 hoc
1198 1879 1287 1935 Dei
1331 1882 1397 1935 de
1446 1881 1848 1950 pulchritudine
1871 1879 2021 1948 judi-

2133 1877 2355 1950 ὓστερον
2389 1879 2483 1932 ἀπ’
2518 1879 2682 1933 αὐτοῦ
2701 1879 2966 1948 ὠφέλειαν
2995 1882 3376 1952 προορωμένου
3399 1882 3706 1952 γεγένηται.

450 1972 620 2036 cium,
649 1986 754 2026 non
777 1973 936 2027 modo
961 1976 1028 2027 ad
1053 1976 1202 2027 visus
1224 1972 1638 2028 delectationem
1662 1972 2020 2042 respicientis,

453 2063 547 2118 sed
583 2063 747 2118 etiam
785 2064 849 2118 ad
875 2063 1114 2118 ﬁtturam
1163 2063 1333 2130 ipsius
1367 2065 1649 2120 utilitatem
1687 2065 2022 2135 prospicien-

451 2154 549 2222 tis,
582 2153 783 2211 iactum
816 2164 917 2212 est.
949 2155 1197 2210 Nondum
1240 2158 1382 2210 enim
1426 2156 1840 2224 pulchritudinis
1889 2157 2024 2212 lucis

449 2248 659 2317 iudices
694 2257 852 2304 erant
880 2248 1046 2303 oculi.
1084 2247 1152 2302 Et
1180 2247 1361 2303 divisit
1397 2248 1531 2302 Deus
1555 2251 1695 2302 inter
1743 2248 1930 2312 lucem,
1977 2260 2024 2304 et

450 2342 592 2394 inter
620 2340 857 2394 tenebras
885 2339 952 2393 ".
975 2339 1086 2394 Hoc
1113 2351 1219 2406 est,
1248 2349 1598 2409 utrarumque
1644 2347 1892 2392 naturam
1924 2343 2026 2395 mi-

451 2443 618 2488 sturte
645 2432 1012 2503 cujuscunque
1049 2435 1382 2503 incapacem.
1406 2444 1461 2486 et
1510 2432 1733 2486 alteram
1770 2431 1926 2487 alteri
1959 2447 2025 2486 ex

454 2525 684 2579 adverso
713 2527 1018 2594 oppositam
1055 2525 1194 2580 Deus
1229 2525 1480 2579 reddidit.
1505 2523 1626 2578 llaec
1659 2525 1803 2578 enim
1832 2539 2029 2596 magno

451 2617 596 2674 inter
624 2632 684 2672 se
714 2617 996 2672 intervallo
1032 2617 1285 2672 discrevit
1318 2632 1380 2670 ac
1401 2616 1693 2686 separavit.

523 2709 578 2766 8.
616 2707 680 2763 Et
709 2713 907 2765 vocarit
944 2709 1084 2763 Deus
1115 2709 1304 2773 lucem,
1342 2709 1500 2773 diem,
1532 2719 1575 2760 et
1607 2709 1845 2761 tenebras
1874 2725 2026 2760 voca-

451 2803 526 2857 bit
577 2812 775 2856 noctem
823 2802 893 2856 ".
925 2801 1076 2856 Nunc
1123 2803 1336 2871 quidem
1383 2801 1448 2854 de
1490 2800 1696 2868 reliquo
1742 2810 1869 2866 post
1901 2800 2028 2854 solis

453 2893 861 2964 generationem
892 2891 1004 2946 dies
1035 2902 1119 2945 est
1147 2905 1238 2945 aer
1274 2893 1385 2959 ipse
1407 2931 1420 2952 ,
1453 2904 1482 2943 a
1519 2889 1631 2944 sole
1674 2889 2026 2954 illuminatns,

455 2985 581 3038 dum
613 2983 666 3037 in
695 2984 1075 3053 ltettiispiimrio
1101 2983 1243 3051 quod
1281 2999 1444 3050 super
1479 2991 1673 3036 terram
1712 2993 1814 3046 est,
1848 2985 2026 3036 lucet:

456 3092 558 3131 nox
593 3090 721 3130 vero
743 3087 846 3140 est,
880 3091 999 3144 qua:
1030 3076 1334 3130 occultante
1365 3090 1422 3129 se
1448 3075 1560 3128 sole
1611 3076 1901 3129 intervenit
1935 3077 2031 3129 tel-

457 3169 590 3223 luris
618 3167 948 3223 obscuratio.
978 3167 1129 3221 Tum:
1163 3176 1340 3220 atttem
1372 3181 1477 3220 non
1501 3169 1796 3222 secundum
1825 3178 2026 3222 motum

2139 1970 2432 2042 Ὀερθαλμοὶ
2458 1970 2566 2044 γὰρ
2600 1969 2754 2024 οὔπω
2785 1967 2925 2042 ἦσαν
2956 1974 3192 2042 κριτικοὶ
3212 1972 3322 2042 (54)
3351 1972 3444 2026 τοῦ
3475 1974 3534 2026 ὲν
3568 1973 3712 2043 φωτὶ

2127 2065 2372 2129 κάλλους.
2409 2065 2518 2120 Καὶ
2553 2064 2900 2134 διεχώρισεν
2945 2067 2976 2117 ό
3027 2063 3172 2130 Θεὸς
3205 2065 3324 2118 ἀνὰ
3358 2065 3557 2134 μέσον
3602 2065 3710 2118 τοῦ

2126 2157 2338 2226 φωτὸς,
2372 2157 2470 2211 καὶ
2501 2157 2618 2211 ἀνὰ
2658 2156 2855 2225 μέσον
2913 2154 3018 2209 τοῦ
3064 2156 3344 2222 σκότους.
3391 2155 3704 2216 Τουτέστιν,

2126 2250 2356 2319 ἄμικτον
2388 2249 2570 2301 αὐτῶν
2610 2248 2705 2319 τὴν
2740 2249 2902 2317 φύσιν
2930 2252 3026 2301 καὶ
3053 2248 3174 2301 κατ’
3209 2249 3522 2303 ἐναντίωσιν
3556 2251 3709 2304 ἀντι-

2128 2342 2387 2412 κειμένην
2439 2342 2466 2393 ὁ
2513 2340 2647 2404 Θεὸς
2704 2341 3097 2394 κατεσκεύασε.
3163 2342 3408 2413 Πλείστῳ
3455 2346 3564 2414 γὰρ
3631 2345 3711 2414 τῷ

2130 2433 2278 2504 μέσῳ
2327 2432 2605 2504 διέστηκεν
2660 2433 2770 2504 (55)
2831 2432 2925 2486 ἀπ’
2985 2433 3230 2503 ἀλλήλων
3298 2435 3436 2489 αὐτὰ
3496 2437 3590 2489 καὶ
3640 2437 3712 2489 δι-

2125 2541 2342 2594 ωρισεν.

2197 2705 2251 2760 8.
2282 2706 2390 2760 Καὶ
2415 2705 2711 2760 ἐκάλεσεν
2740 2707 2772 2759 ὀ
2801 2706 2942 2770 Θεὸς
2971 2704 3032 2757 τὸ
3068 2704 3193 2774 φῶς
3217 2706 3465 2775 ἡμέραν,
3493 2707 3610 2759 καί·
3643 2708 3709 2759 τὸ

2129 2799 2349 2863 σκότος
2380 2796 2636 2850 ἐκάλεσε
2665 2797 2876 2851 νύκτα.
2927 2795 3040 2848 Νῦν
3085 2798 3184 2867 μὲν
3220 2797 3403 2849 λοιπὸν
3447 2800 3584 2868 μετὰ
3614 2799 3710 2869 τὴν

2127 2888 2278 2960 ἡλίου
2307 2889 2518 2958 γένεσιν
2548 2889 2728 2961 ἡμέρα
2756 2889 2901 2940 ἐστὶν
2934 2890 2962 2941 ὁ
2996 2889 3100 2940 ὑπὸ
3123 2889 3273 2958 ἡλίου
3303 2888 3710 2960 πεφωτισμένος

2129 2984 2256 3053 ἀὴρ,
2279 2983 2334 3033 ἐν
2368 2979 2446 3050 τῷ
2476 2981 2616 3051 ὑπὲρ
2643 2980 2746 3050 γῆν
2766 2981 3105 3051 ἡμισφαιρίῳ
3133 2981 3462 3052 λάμποντος,
3489 2984 3581 3035 καὶ
3614 2985 3712 3049 νὺξ

2131 3075 2372 3143 σκίασμα
2405 3072 2531 3141 γῆς,
2563 3072 3047 3144 ἀποκρυπτομένου
3076 3073 3250 3143 ἡλίου,
3273 3074 3554 3145 γινόμενον
3576 3075 3708 3146 (56).

2131 3165 2261 3216 Τότε
2292 3163 2349 3216 δὲ
2377 3163 2437 3216 οὐ
2486 3162 2626 3216 κατὰ
2656 3163 2869 3233 κίνησιν
2905 3164 3164 3236 ἡλιακὴν,
3201 3165 3319 3218 ἀλλ’
3351 3166 3710 3236 ἁναχεομένου

456 3258 711 3323 solerem,
749 3259 842 3313 sed
873 3259 1190 3329 primigenia
1239 3259 1325 3311 illa
1377 3258 1496 3313 luce
1526 3258 1714 3324 effusa,
1757 3269 1810 3312 et
1843 3275 2030 3315 rursus

2133 3256 2222 3310 τοῦ
2251 3255 2593 3328 πρωτογόνου
2625 3255 2801 3324 φωτὸς
2832 3256 3062 3317 ἐκείνου.
3096 3258 3189 3309 καὶ
3229 3257 3394 3310 πάλιν
3427 3258 3710 3311 συστελλο-

457 3360 762 3414 contracta,
794 3350 1086 3404 secundum
1118 3349 1435 3418 przeiinitam
1479 3366 1509 3404 a
1545 3349 1655 3405 Deo
1699 3366 2028 3419 mensuram,

460 3442 622 3496 ﬁebat
655 3442 792 3508 dies,
821 3451 876 3496 et
903 3457 1007 3495 nox
1038 3440 1380 3496 succedebat.
1423 3439 1486 3495 Et
1516 3443 1660 3512 facta
1691 3453 1763 3496 est
1798 3459 2030 3510 vespera,

458 3544 507 3589 et
541 3535 746 3602 factum
769 3543 845 3588 est
873 3551 1048 3596 mane,
1075 3535 1185 3588 dies
1219 3551 1352 3588 unus
1371 3536 1437 3590 ’⁸.
1467 3535 1704 3605 Vespera
1734 3537 1900 3606 igitur
1923 3536 2031 3590 diei

458 3641 525 3680 ac
575 3626 750 3680 noctis
793 3635 875 3680 est
935 3626 1242 3679 communis
1301 3627 1613 3682 terminus:
1682 3636 1734 3682 et
1785 3628 2032 3681 similiter

459 3732 641 3783 mane,
668 3727 750 3772 est
773 3718 945 3772 noctis
980 3732 1099 3771 cum
1139 3718 1224 3772 die
1245 3719 1518 3773 vicinitas.
1564 3720 1747 3788 itaque
1789 3728 1847 3773 ut
1887 3719 2030 3788 prio-

460 3809 538 3864 ris
567 3810 933 3877 generationis
961 3811 1367 3880 prterogalivam
1398 3809 1504 3863 diei
1553 3812 1835 3874 tribueret,
1881 3811 2031 3878 prius

461 3901 907 3953 commemoravit
942 3901 1102 3954 tinem
1140 3899 1266 3960 diei.
1317 3900 1512 3954 deinde
1542 3901 1737 3964 noctis,
1772 3899 1915 3954 velut
1946 3901 2029 3952 in—

460 4002 721 4060 sequente
745 3993 885 4046 diem
918 4004 1094 4047 nocte.
1133 3992 1263 4047 Nam
1296 3993 1387 4062 qui
1419 4001 1590 4047 status
1621 3993 1673 4047 in
1708 3993 1908 4047 mundo
1936 3992 2033 4045 fuit

462 4093 588 4137 ante
619 4083 757 4137 lucis
779 4086 1206 4154 generationem,
1244 4086 1288 4140 is
1312 4102 1416 4140 non
1458 4093 1574 4140 erat
1615 4101 1740 4150 nox,
1766 4087 1857 4140 sed
1887 4095 2038 4140 terte-

461 4176 572 4230 ϋηο
606 4195 619 4230 :
653 4177 794 4247 quod
825 4187 1004 4232 autem
1037 4194 1065 4232 a
1108 4179 1193 4233 die
1225 4179 1683 4250 distinguebatur,
1725 4178 1883 4248 eique
1934 4193 2034 4248 op-

461 4267 787 4337 ponebatur,
830 4269 882 4323 id
921 4284 1024 4324 nor
1069 4269 1392 4339 appellatum
1433 4279 1552 4336 est;
1587 4269 1728 4338 quod
1773 4269 1912 4322 idem
1945 4285 2032 4323 rc-

461 4359 758 4415 centioreut
802 4361 966 4416 etiam
1009 4360 1425 4431 appellationem
1457 4370 1579 4431 post
1605 4360 1744 4415 diem
1781 4360 2031 4414 obtinuit.

463 4449 634 4505 Facta
665 4461 742 4506 est
773 4453 937 4522 igitur
974 4468 1205 4521 vespera,
1261 4465 1309 4507 et
1368 4453 1563 4507 factum
1611 4462 1687 4506 est
1713 4467 1885 4508 mane.
1918 4450 2032 4508 Diei

537 4655 583 4687 "
609 4655 746 4711 Gen.
777 4673 816 4719 ι,
845 4658 897 4711 4.
975 4657 1018 4688 ’⁷
1064 4657 1194 4714 ibid.
1362 4658 1407 4689 "
1440 4657 1568 4712 ibid.

537 4856 651 4929 (52)
685 4859 758 4912 Ita
815 4859 946 4928 Reg.
994 4860 1237 4926 quintus,
1274 4858 1440 4915 Coisl.
1494 4860 1718 4928 primus.
1769 4861 1920 4915 Colb.
1952 4876 2030 4914 se-
2063 4863 2106 4918 D

468 4931 678 4982 cundus
708 4940 762 4982 et
792 4932 942 4984 editi.
985 4930 1134 4998 Regii
1173 4947 1299 4984 vero
1333 4932 1540 4992 tertius,
1569 4940 1793 4998 quartus
1823 4943 1874 4984 et
1913 4945 2031 4985 sex-

469 5009 555 5070 tus
589 5013 710 5052 cum
740 4999 904 5053 Coisl.
925 5000 1158 5053 secundo
1179 5000 1285 5052 τῶν
1310 4999 1507 5070 μελῶν,
1535 5001 1902 5070 membrorum.
1931 5001 2036 5057 Nec

468 5067 540 5121 ita
575 5070 741 5122 multo
775 5081 893 5137 post
929 5071 1057 5138 Reg.
1091 5067 1365 5138 qttiutus'o'
1387 5069 1478 5122 τοῦ
1508 5069 1750 5133 κάλλους.

542 5138 656 5208 (53)
689 5141 778 5194 Sic
809 5140 960 5211 Regii
992 5149 1218 5211 quartus
1263 5151 1316 5192 et
1357 5152 1632 5211 sextttsict
1667 5141 1818 5196 Colb.
1850 5156 2032 5192 secun-

470 5211 570 5264 dus
607 5225 729 5280 cum
765 5210 994 5280 utroque
1026 5210 1190 5264 Coisl.
1230 5211 1368 5264 ΕιΙὶιί
1399 5226 1521 5263 cum
1549 5210 1729 5279 Regiis
1772 5211 1930 5264 tertio
1981 5222 2034 5263 et

471 5282 658 5352 quinto
690 5279 832 5350 ἔχειν
860 5279 930 5334 τὰ
967 5281 1124 5352 μέλη.
1159 5280 1287 5346 Qum
1337 5281 1492 5352 lectio
1531 5283 1888 5352 vetustissima
1931 5291 2036 5352 cst,

470 5368 592 5404 cum
626 5349 937 5405 Ettstathius
970 5349 1355 5420 interpretatus
1383 5351 1481 5404 sit:
1535 5350 1657 5403 Non
1693 5362 1901 5420 propter
1931 5351 2039 5404 exi-

470 5423 627 5475 miam
643 5426 1142 5490 compaginationem
1158 5425 1524 5474 membrorum.
1543 5422 1792 5474 Attamen
1812 5437 1932 5475 cum
1954 5423 2040 5475 hic

473 5502 664 5561 agatur
695 5492 760 5545 de
790 5507 1017 5562 corpore
1057 5493 1352 5561 generatim
1383 5502 1621 5562 sumpto
1648 5491 1840 5562 ,μέρη
1873 5492 2040 5561 magis

472 5563 694 5684 κει-ἱροὶ
730 5561 900 5648 qitam
929 5562 1086 5634 μέλη.
1135 5562 1250 5618 Non
1288 5561 1454 5616 multo
1502 5561 1621 5632 pust
1678 5561 2039 5634 Reg.’sestus

472 5646 574 5684 αυγ
602 5650 641 5684 ,ν
704 5650 1004 5684 πιπιπτειν.

471 5646 641 5701 αυγὴν
671 5646 1004 5690 επιπιπτειν.

543 5702 654 5767 (54)
686 5703 756 5754 Ita
793 5706 920 5758 «ξιιὶιὶ
947 5721 1064 5757 cum
1086 5713 1318 5774 quatuor
1348 5718 1478 5758 mss.
1508 5702 1609 5756 Alii
1638 5711 1746 5757 tres
1778 5719 1906 5758 mss.
1929 5702 2042 5756 δια-

473 5774 726 5894 ἒιιριτικοέ.
760 5774 875 5829 Mox
904 5775 1032 5845 lieg.
1068 5776 1284 5844 quintus
1313 5774 1610 5844 ἀνάμικτον
1648 5774 1848 5841 αὐτῶν,
1887 5791 2039 5829 mcu-

509 5861 615 5894 0M}.

509 5861 566 5893 Ob
574 5861 615 5894 υ.

2135 3350 2296 3420 μένου
2323 3348 2464 3402 κατὰ
2491 3349 2550 3402 τὸ
2571 3349 2784 3421 ὁρισθὲν
2819 3351 2929 3420 (57)
2958 3350 3154 3422 μέτρον
3179 3351 3328 3423 παρὰ
3355 3352 3511 3413 Θεοῦ,
3530 3353 3710 3426 ἡμέρα

2132 3442 2367 3510 ἐγένετο,
2397 3442 2488 3494 καὶ
2513 3441 2608 3506 νὺξ
2632 3441 2909 3512 ἀντεπῄει.
2944 3443 3053 3496 Καὶ
3082 3443 3320 3512 ἐγένετο
3348 3443 3709 3513 ἐσπέρα,καὶ

2131 3533 2363 3602 ἐγένετο
2393 3534 2559 3602 πρωὶ,
2625 3532 2815 3602 ἡμέρα
2861 3535 2989 3603 μία.
3032 3535 3271 3606 Ἐσπέρα
3323 3536 3419 3606 μὲν
3461 3531 3553 3588 οὖν
3595 3536 3710 3588 ἐστι

2133 3627 2310 3690 κοινὸς
2341 3627 2464 3698 ὅρος
2491 3626 2704 3698 ἡμέρας
2729 3626 2824 3680 καὶ
2853 3627 3066 3690 νυκτός·
3103 3629 3195 3681 καὶ
3228 3627 3408 3700 πρωία
3441 3628 3640 3698 ὀμοίως
3677 3629 3710 3696 ἡ

2133 3719 2368 3786 ⁴ινειτονία
2395 3719 2586 3782 νυκτὸς
2613 3718 2749 3789 πρὸς
2775 3719 3010 3790 ἡμέραν.
3029 3720 3143 3772 Ἵνα
3158 3719 3334 3774 τοίνυν
3360 3719 3426 3772 τὰ
3451 3717 3711 3790 πρεσϐεῖα

2133 3811 2231 3880 τῆς
2268 3811 2532 3878 γενέσεως
2581 3809 2765 3882 ἁποδῴ
2812 3813 2878 3881 τῇ
2920 3811 3136 3883 ἡμέρα,
3186 3811 3447 3883 πρότερον
3485 3804 3604 3862 είπε
3651 3809 3714 3862 τὸ

2136 3903 2308 3974 πέρας
2340 3903 2438 3974 τῆς
2469 3902 2701 3974 ἡμέρας,
2740 3898 2857 3959 εἶτα
2901 3903 2963 3955 τὸ
2994 3903 3094 3973 τῆς
3148 3904 3359 3968 νυκτὸς,
3405 3903 3481 3969 ὼς
3514 3905 3712 3972 ἐφεπο-

2141 3994 2307 4065 μένης
2340 3994 2438 4064 τῆς
2473 4000 2666 4058 νυκτὸς
2695 4001 2760 4066 τῇ
2791 3995 2994 4066 ἡμέρᾳ.
3040 3997 3104 4048 Ἦ
3147 3996 3255 4068 γὰρ
3290 3997 3526 4068 πρὸ-τῆς
3558 3997 3710 4066 γενέ-

2140 4103 2276 4150 σεως
2311 4086 2402 4138 τοῦ
2457 4086 2634 4156 φωτὸς
2665 4089 2722 4139 ἐν
2767 4088 2844 4158 τῷ
2871 4088 3060 4160 κόσμῳ
3089 4090 3423 4154 κατάστασις
3467 4091 3588 4160 οὐχὶ
3619 4089 3714 4152 νὺξ

2136 4175 2224 4250 ἦν,
2256 4179 2389 4233 ἀλλὰ
2424 4181 2634 4244 σκότος’
2686 4180 2745 4233 τὸ
2781 4181 2963 4252 μέντοι
3003 4183 3406 4237 ἀντιδιασταλὲν
3441 4185 3576 4256 πρὸς
3616 4184 3712 4252 τὴν

2137 4272 2372 4343 ἡμέραν,
2402 4272 2562 4324 τοῦτο
2589 4273 2683 4339 νὺξ
2705 4273 3020 4344 ὠνομάσθη·
3043 4275 3180 4346 ὅπερ
3196 4276 3467 4348 νεωτέρας
3498 4276 3590 4330 καὶ
3614 4279 3714 4346 τῆς

2139 4358 2506 4429 προσηγορίας
2540 4359 2677 4429 μετὰ
2706 4361 2803 4431 τὴν
2831 4363 3040 4433 ἡμέραν
3089 4363 3404 4435 τετύχηκεν.
3448 4364 3712 4434 Ἐγένετο

2138 4444 2251 4504 οὖν
2274 4449 2518 4519 ἑσπέρα,
2550 4453 2647 4506 καὶ
2669 4453 2904 4523 ἐγένετο
2921 4457 3088 4523 πρωί.
3108 4458 3180 4509 Τὸ
3196 4458 3228 4527 ἡ
3236 4458 3500 4528 μερονύκτ
3509 4476 3582 4510 ιον
3601 4457 3710 4528 (58)

2209 4859 2482 4936 (ᾗβληφο
2514 4864 2698 4936 verba,
2735 4860 2969 4936 πλείστῳ
3003 4860 3108 4933 γὰρ
3137 4861 3214 4936 τῷ
3255 4863 3403 4936 μέσῳ
3431 4863 3714 4936 διέστηκεν

2148 4932 2241 5003 ἀπ’
2267 4929 2509 5003 ἀλλήλων
2538 4933 2678 4986 αὐτὰ
2705 4933 2799 4985 καὶ
2828 4929 3099 5003 διώρισεν,
3128 4929 3319 4986 desunt
3345 4929 3395 4985 in
3416 4929 3712 4996 etlilis,'se:l

2147 5001 2396 5072 leguntur
2431 5001 2482 5054 iu
2519 5004 2771 5058 omnibus
2819 5001 3015 5056 nostris
3059 5017 3188 5057 mss.
3227 5003 3491 5057 Praeterea
3527 5007 3714 5060 eadem

2143 5069 2302 5125 vertit
2340 5069 2667 5126 Eustathius.

2218 5140 2329 5207 (56)
2367 5141 2497 5214 Reg.
2548 5155 2731 5197 sextus
2775 5141 2874 5206 νὺξ
2920 5142 3275 5213 ἀποσκίασμα
3309 5144 3409 5214 γῆς
3433 5144 3539 5196 ὑπὸ
3563 5144 3715 5214 ἡλίου

2146 5211 2519 5284 κρυπτομένου
2549 5215 2850 5284 γινόμενον.

2216 5281 2328 5354 (Si?)
2357 5281 2485 5354 Reg.
2513 5281 2700 5354 sertas
2727 5285 2790 5354 το
2820 5283 3143 5354 ὡρισμένον.
3175 5282 3366 5336 Statim
3393 5282 3528 5353 Reg.
3559 5285 3706 5351 quin-

2146 5362 2231 5404 tus
2275 5351 2458 5473 ἡμέρα
2507 5352 2735 5419 ἐγίνετο.
2775 5351 2918 5407 lttfra
2965 5351 3104 5425 Reg.
3157 5355 3376 5423 quintus
3419 5351 3714 5424 ἡ⁷γειτνία

2146 5439 2273 5473 νυκτ
2308 5438 2352 5473 ς.

2144 5438 2352 5482 νυκτος.

2221 5492 2334 5565 (58)
2368 5491 2544 5565 Editio
2563 5491 2985 5565 Basi_l._eutu_sex
3012 5509 3139 5547 mss.
3163 5505 3357 5565 prauer
3386 5493 3535 5546 Bodl.
3571 5495 3714 5565 πρωὶ

2145 5562 2204 5615 τὸ
2230 5561 2642 5632 ἡμερονύκτιον.
2673 5562 2848 5617 Editio
2869 5561 3041 5617 Paris.
3086 5561 3206 5617 cum
3239 5564 3400 5618 Coisl.
3432 5561 3712 5632 primo'i'tt-

2149 5633 2261 5704 sius
2288 5632 2431 5704 πριιή
2463 5632 2643 5704 ἡμέρα
2685 5632 2782 5703 μία
2810 5633 2888 5688 τό.
2913 5633 3028 5687 Mox
3062 5637 3212 5688 multi
3250 5651 3377 5688 mss.
3397 5635 3491 5687 καὶ
3505 5635 3712 5688 οὐκέτι.

2151 5701 2354 5790 Ibidem
2367 5701 2497 5790 Reg.
2510 5701 2703 5790 sextus
2722 5705 3159 5790 upoaqy'éps'ussv
3177 5705 3388 5790 ἡμέραν
3419 5707 3510 5759 καὶ
3528 5704 3713 5760 νύκτα.

2151 5773 2217 5827 At
2253 5771 2381 5827 editi
2404 5771 2523 5828 cum
2555 5776 2736 5831 multis
2766 5771 2899 5831 inss'.
2932 5771 3113 5845 ἡμέρα
3147 5771 3236 5827 καὶ
3261 5771 3375 5840 viii.
