4082 6398
378 295 451 351 49
1514 300 1802 358 HOMILIA
1841 301 1885 357 ll
1929 302 1994 358 IN
2038 304 2533 363 HEXAEMERON.
3565 317 3633 372 ΞΟ

376 417 549 489 λέγει.
574 416 686 472 Καὶ
732 416 914 472 οὐκέτι
946 416 1409 489 προσηγόρευσεν,
1437 417 1627 489 ἡμέρα
1669 422 1767 475 καὶ
1823 422 1949 487 νὺξ,

2064 433 2120 478 ει
2166 425 2340 479 ηοειίε
2369 426 2500 481 dicit
2544 426 2799 497 spatium.
2849 425 2960 482 Nec
2989 427 3221 498 amplius
3260 442 3388 485 usus
3436 442 3519 487 est
3546 432 3632 486 his

377 513 514 567 αλλὰ
545 512 624 584 τῷ
657 510 1040 583 ὲπικρατοῦντι
1067 510 1166 582 τὴν
1214 510 1396 563 πᾶσαν
1445 514 1815 583 προσηγορίαν
1849 514 1957 567 ἀπ-

377 611 582 678 ένειμε.
612 606 828 676 Ταύτην
857 605 924 659 ἂν
964 605 1060 659 καὶ
1096 608 1155 659 ὲν
1196 606 1344 679 πάσῃ
1371 608 1437 678 τῇ
1472 607 1661 679 Γραφῇ
1703 607 1801 680 τὴν
1834 627 1957 663 συν-

377 701 568 771 ἡθειαν
602 698 799 769 εὕροις,
835 698 894 750 ὲν
940 699 1005 768 τῇ
1054 696 1147 750 τοῦ
1196 698 1387 768 χρόνον
1438 700 1695 771 μετρήσει
1749 700 1957 773 ἡμέρας

376 791 808 865 ἀριθμουμένας,
834 790 953 861 οὐχὶ
981 790 1037 843 δὲ
1056 790 1150 843 καὶ
1177 790 1377 855 νύκτας
1397 792 1535 861 μετὰ
1566 792 1676 846 τῶν
1710 794 1953 864 ἡμερῶν.

376 886 447 938 Αἰ
480 884 693 953 ἡμέραι
720 881 839 935 τῶν
872 880 1019 935 ἐτῶν
1047 882 1235 952 ἡμῶν,
1269 886 1298 937 ὁ
1326 884 1629 954 Ψαλμῳδός
1662 902 1793 956 φησι
1822 885 1952 955 (59).

377 976 487 1028 Καὶ
513 974 676 1028 πάλιν
699 976 727 1027 ό
765 972 979 1027 Ἰακώϐσ
1001 977 1067 1027 Al
1091 974 1300 1044 ἡμέραι
1319 975 1430 1044 τῆς
1449 973 1597 1044 ζωῆς
1609 994 1727 1046 μου
1751 978 1953 1047 μικραί

379 1066 477 1119 καὶ
511 1064 790 1134 πονηραί.
840 1064 948 1117 Καὶ
977 1064 1157 1118 πάλιν·
1206 1065 1415 1132 Πάσας
1456 1064 1562 1132 τὰς
1592 1067 1811 1136 ἡμέρας
1850 1066 1956 1135 τῆς

377 1154 678 1225 ζωῆςμου.
712 1156 873 1207 Ὥστε
914 1154 984 1207 τά
1032 1154 1127 1207 νῦν
1162 1158 1219 1209 ὲν
1258 1156 1503 1226 ἱστορίας
1552 1157 1681 1210 είδει
1720 1158 1956 1230 παραδο-

376 1244 541 1297 θέντα
589 1242 879 1314 νομοθεσία
915 1245 1030 1296 ὲστι
1080 1244 1216 1317 πρὸς
1256 1244 1327 1297 τὰ
1376 1242 1521 1316 ἑξῆς.
1566 1246 1675 1299 Καὶ
1720 1246 1955 1317 ἐγένετο

376 1337 624 1404 ἑσπέρα,
661 1336 760 1389 καὶ
795 1335 1032 1405 ἐγένετο
1066 1336 1235 1405 πρωί,
1283 1336 1473 1407 ἡμέρα
1491 1338 1615 1407 μία.
1660 1338 1815 1401 Τίνος
1836 1340 1953 1392 ’ἐνε-

376 1444 472 1483 κεν
503 1430 604 1483 οὐκ
627 1424 749 1482 εἷπε
771 1427 1017 1499 πρώτην,
1047 1428 1184 1483 ἀλλὰ
1208 1429 1369 1500 μίαν;
1398 1430 1640 1499 καίτοιγε
1668 1431 1954 1485 ἀκολουθό-

372 1537 532 1592 τερον
560 1517 627 1591 ἦν
656 1520 745 1573 τὸν
775 1520 1036 1591 μέλλοντα
1055 1518 1282 1588 ἐπάγειν
1306 1521 1582 1592 δευτέραν,
1615 1522 1708 1575 καὶ
1738 1522 1950 1593 τρίτην,

374 1613 467 1666 καὶ
496 1613 765 1683 τετάρτην
809 1612 1047 1683 ἡμέραν,
1073 1610 1172 1683 τὴν
1211 1612 1585 1684 κατάρχουσαν
1624 1613 1732 1666 τῶν
1755 1613 1954 1684 ἐφεξῆς

374 1705 599 1777 πρώτην
642 1704 1108 1776 προσαγορεῦσαι.
1166 1704 1327 1758 Ἀλλὰ
1369 1705 1495 1775 μίαν
1540 1702 1710 1769 εἶπεν,
1741 1706 1857 1776 ἡτοι
1891 1706 1952 1758 τὸ

2066 517 2397 583 nominibus,
2437 519 2548 573 dies
2592 530 2641 573 et
2679 521 2841 587 [nam
2893 519 2988 575 sed
3040 521 3404 591 praastantiori
3466 531 3631 578 totam

2071 606 2259 661 tribuit
2284 610 2715 679 appellationem.
2773 610 2921 665 lianc
2962 612 3149 684 utique
3190 616 3630 670 consuetudinem

2068 698 2315 756 invenies
2343 702 2395 756 in
2425 712 2535 757 tota
2572 702 2850 772 Scriptura
2878 705 3222 760 observatam
3254 723 3268 762 :
3298 706 3553 762 nimirum
3578 708 3629 762 in

2068 791 2341 846 metiendo
2384 802 2623 862 tempore
2650 795 2764 849 dies
2789 797 3132 862 enumerari,
3171 784 3276 851 non
3308 806 3492 852 noctes
3522 814 3626 851 una

2066 897 2189 936 cum
2224 885 2433 940 diebus.
2467 884 2588 939 Dies
2617 904 2873 941 annorum
2902 904 3155 954 meorum,
3186 889 3263 943 ait
3294 889 3628 944 Psalmorum

2065 984 2257 1028 cautor
2286 976 2351 1029 ¹⁹.
2385 977 2450 1029 Ει
2476 977 2669 1031 iterum
2698 976 2861 1033 Jacob
2895 996 2907 1033 :
2945 978 3066 1033 Dies
3098 981 3216 1034 vita:
3246 997 3374 1034 mea:
3407 984 3629 1051 parvist

2071 1066 2200 1119 mali
2235 1066 2303 1120 ³⁰.
2336 1067 2469 1122 ltem
2506 1085 2735 1125 rursus:
2765 1070 3021 1124 Omnibus
3049 1072 3226 1126 diebus
3266 1075 3383 1128 vita:
3408 1090 3535 1128 mea:
3562 1075 3629 1131 ³¹.

2063 1155 2238 1222 Quare
2274 1172 2393 1227 quae
2414 1174 2555 1214 nunc
2579 1160 2630 1213 in
2682 1161 2922 1216 historiae
2956 1164 3189 1231 speciem
3236 1164 3434 1219 tradita
3460 1175 3628 1233 sunt,

2060 1250 2127 1303 ad
2156 1264 2218 1304 ea
2260 1264 2380 1319 qua:
2406 1260 2705 1320 sequuntur
2731 1254 2928 1324 regula:
2967 1263 3092 1308 sunt
3145 1265 3309 1326 atque
3334 1256 3631 1328 legislatio-

2062 1356 2179 1395 nes.
2216 1339 2286 1393 Et
2310 1342 2459 1409 facta
2486 1352 2561 1396 est
2587 1360 2819 1411 vespera,
2850 1356 2898 1398 et
2927 1344 3127 1413 factum
3172 1356 3248 1400 est
3301 1363 3474 1412 mane,
3520 1349 3629 1402 dies

2062 1448 2218 1485 unus.
2246 1432 2417 1498 Quam
2440 1432 2509 1488 ob
2528 1449 2746 1488 causam
2769 1450 2873 1490 non
2905 1436 3307 1505 dixitprimum,
3342 1440 3435 1493 sed
3465 1454 3626 1492 unum

2060 1523 2226 1590 diem,
2252 1539 2560 1594 quanquam
2610 1535 2729 1579 erat
2761 1528 3193 1594 convenientius,
3225 1537 3283 1581 ut
3315 1528 3359 1583 is
3403 1531 3493 1599 qui
3543 1545 3629 1585 se-

2058 1617 2312 1681 cundam,
2341 1617 2577 1683 tertiam,
2604 1626 2657 1670 et
2673 1629 2922 1688 quartam
2950 1620 3087 1674 diem
3112 1620 3338 1675 subinde
3363 1636 3627 1677 memora-

2060 1716 2211 1763 turus
2239 1717 2376 1773 erat,
2406 1723 2525 1763 eam
2550 1709 2711 1775 diem,
2740 1726 2858 1779 qua:
2885 1712 3325 1779 subsequentium
3349 1712 3627 1767 exordium

377 1798 804 1872 μέτρονήμέρας
832 1800 926 1852 καὶ
958 1799 1149 1861 νυκτὸς
1179 1797 1525 1870 περιορίζων,
1561 1798 1655 1849 καὶ
1676 1798 1949 1850 συνάπτωι.

2063 1799 2183 1864 fuit,
2215 1800 2443 1869 primam
2467 1801 2842 1869 nuncuparet?
2867 1802 2974 1856 Sed
3012 1817 3173 1855 unam
3211 1803 3377 1865 dixit,
3412 1803 3502 1871 qui
3531 1804 3631 1858 sci-

371 1891 466 1945 τοῦ
487 1890 884 1962 ἡμερονυκτίου
908 1890 1001 1942 τὸν
1033 1891 1241 1959 χρόνον,
1274 1891 1348 1954 ὼς
1373 1890 1480 1943 τῶν
1504 1890 1957 1960 εἰκοσιτεσσάρων

372 1983 532 2055 ὡρῶν
567 1985 697 2055 μιᾶς
728 1983 939 2054 ἡμέρας
978 1982 1366 2053 ἐκπληρουσῶν
1414 1982 1707 2052 διάστημα,
1760 1999 1956 2034 συνυπ-

371 2076 714 2149 ακουομένης
763 2076 1006 2146 δηλονότι
1051 2076 1117 2145 τῇ
1149 2075 1337 2146 ἡμέρᾳ
1367 2076 1459 2128 καὶ
1486 2074 1595 2143 (60)
1621 2077 1718 2145 τῆς
1741 2074 1952 2138 νυκτὸς,

370 2168 512 2224 ὥστε
570 2169 673 2223 κᾶν
726 2170 784 2223 ὲν
848 2173 968 2233 ταῖς
1028 2172 1259 2241 τροπαῖς
1321 2168 1416 2221 τοῦ
1478 2167 1629 2237 ἡλίου
1684 2168 1955 2240 συμϐαίνῃ

369 2260 471 2332 τὴν
523 2258 715 2331 ἑτέραν
778 2259 957 2312 αὐτῶν
990 2259 1372 2331 ὑπερϐάλλειν,
1435 2259 1570 2312 ἀλλὰ
1608 2258 1687 2329 τῷ
1733 2276 1797 2327 γε
1856 2260 1956 2327 ἀφ-

368 2352 662 2421 ωρισμένῳ
707 2350 883 2421 χρόνῳ
933 2348 1444 2421 ἐμπεριγράῳεσθαι
1503 2350 1719 2414 πάντως
1775 2350 1953 2420 ἀμφο-

368 2441 542 2511 τέρων
569 2440 639 2494 τὰ
660 2441 1006 2512 διαστήματα
1024 2458 1038 2471 ο
1089 2441 1290 2493 ὠσανεί
1325 2441 1501 2511 ἔλεγε,
1531 2441 1592 2495 τὸ
1624 2441 1730 2495 τῶν
1760 2442 1953 2495 τεσσάο

370 2546 481 2600 ρων
507 2530 604 2584 καὶ
653 2528 856 2585 εἴκοσιν
889 2530 1049 2603 ὡρῶν
1115 2530 1311 2601 μέτρον
1366 2534 1494 2602 μιᾶς
1550 2533 1694 2586 ἐστιν
1740 2531 1954 2603 ἡμέρας

367 2621 661 2694 διάστημα⁸
711 2623 767 2694 ἡ,
816 2626 851 2695 ἡ
900 2623 995 2677 τοῦ
1050 2623 1281 2695 οὐρανοῦ
1333 2623 1445 2694 (61)
1490 2625 1600 2677 άπὸ
1644 2625 1737 2677 τοῦ
1785 2624 1951 2678 αὑτοῦ

370 2714 600 2786 σημείου
643 2716 734 2768 ἐπὶ
778 2715 841 2768 τὸ
882 2716 1014 2769 αὐτὸ
1057 2716 1220 2770 πάλιν
1251 2716 1692 2780 ἀποκατάστασις
1736 2718 1795 2768 ἐν
1853 2718 1953 2787 μιᾷ

365 2806 553 2878 ἡμέρᾳ
586 2807 826 2875 γίνεταιο
878 2808 1018 2863 ὥστε
1052 2811 1243 2872 ὁσάκις
1290 2808 1359 2863 ἂν
1399 2809 1607 2881 ἑσπέρα
1643 2809 1736 2861 καὶ
1769 2810 1951 2880 πρωία

365 2897 509 2952 κατὰ
535 2899 635 2970 τὴν
674 2899 770 2953 τοῦ
801 2900 953 2971 ἡλίου
988 2901 1290 2972 περιφοράν
1340 2899 1685 2972 ἐπιλαμϐάνῃ
1727 2900 1817 2953 τὸν
1857 2901 1949 2954 κό-

364 3008 525 3062 σμον,
569 2990 644 3063 μὴ
694 2994 752 3045 ὲν
800 2993 1005 3047 πλείονι
1055 2994 1250 3064 χρόνῳ,
1286 2993 1398 3047 ἀλλ’
1457 2995 1515 3048 ἐν
1559 2995 1689 3065 μιᾶς
1734 2992 1950 3065 ἡμέρας

362 3084 692 3154 διαστήματι
717 3084 819 3157 τὴν
844 3086 1091 3156 περίοδον
1122 3085 1546 3159 ὲκπληροῦσθαι.
1582 3088 1652 3139 Ἢ
1683 3086 1947 3157 κυριώτε-

369 3194 461 3248 ρος
493 3179 520 3230 ό
563 3177 622 3230 ὲν
662 3178 997 3250 ἀπορρήτοις
1030 3180 1459 3251 παραδιδόμενος
1496 3180 1651 3249 λόγος
1686 3178 1829 3250 (62),
1873 3179 1949 3243 ὡς

366 3269 473 3340 ἄρα
505 3272 533 3323 ὁ
563 3269 663 3340 τὴν
690 3270 783 3323 τοῦ
818 3272 1011 3342 χρόνου
1047 3272 1207 3341 φύσιν
1229 3274 1647 3337 κατασκευάσας
1667 3273 1823 3339 Θεὸς,
1856 3274 1950 3343 μέ-

365 3380 473 3435 τρα
513 3362 661 3434 αὐτῷ
692 3365 788 3418 καὶ
828 3368 1029 3435 σημεῖα
1063 3364 1133 3418 τὰ
1164 3366 1275 3418 τῶν
1316 3367 1539 3438 ἡμερῶν
1575 3367 1805 3420 ἐπέϐαλε
1836 3367 1949 3419 δια-

368 3454 786 3527 στήματαπκαί
833 3456 1085 3526 ὲϐδομάδι
1145 3457 1306 3510 αὐτὸν
1365 3458 1667 3529 ἐκμετρῶν,
1723 3458 1810 3511 ἀεὶ
1851 3457 1949 3529 τὴν

367 3545 636 3616 ἑϐδομάδα
663 3549 743 3611 είς
772 3548 970 3619 ἑαυτὴν
1013 3548 1447 3602 ἀνακυκλοῦσθαι
1498 3549 1729 3613 κελεύει,
1766 3548 1949 3620 ἐξαρι-

367 3637 609 3707 θμοῦσαν
652 3638 744 3692 τοῦ
773 3639 963 3711 χρόνου
1004 3641 1099 3712 τὴν
1148 3642 1360 3710 κίνησιν
1385 3659 1398 3672 ’
1441 3640 1538 3711 τὴν
1571 3641 1844 3711 ἑϐδομάδα
1890 3641 1948 3694 δὲ

365 3731 530 3786 πάλιν
561 3731 868 3805 ἐκπληροῦν
894 3732 1003 3803 ,τὴν
1036 3734 1251 3805 ἡμέραν
1288 3734 1416 3803 μίαν
1438 3773 1452 3796 ,
1504 3733 1732 3796 ἑπτάκις
1779 3732 1946 3803 αὐτὴν

365 3825 447 3888 εἰς
474 3825 673 3896 ἑαυτὴν
686 3825 1150 3895 ἀναστρέφουσαν.
1182 3825 1352 3878 Τοῦτο
1374 3825 1430 3878 δὲ
1460 3825 1715 3879 κυκλικόν
1746 3827 1861 3881 ἐστι
1887 3826 1948 3879 τὸ

368 3916 572 3987 σχῆμα,
606 3917 710 3985 ἀφ’.
737 3916 932 3971 ἑαυτοῦ
982 3916 1279 3988 ἄρχεσθαι,
1315 3917 1409 3970 καὶ
1452 3919 1531 3981 εἰς
1574 3919 1733 3971 ἑαυτὸ
1775 3936 1945 3973 κατα-

365 4007 571 4079 λήγειν.
625 4010 689 4061 Ὀ
718 4007 781 4079 δὴ
815 4009 909 4061 καὶ
936 4007 1030 4060 τοῦ
1062 4008 1257 4069 αἰῶνος
1288 4007 1437 4072 ἴδιον,
1470 4010 1549 4067 εἰς
1592 4009 1784 4063 ἑαυτὸν
1811 4010 1946 4063 άναη

368 4101 641 4173 στρέφειν,
677 4102 772 4154 καὶ
809 4100 1060 4172 μηδαμοῦ
1100 4098 1491 4173 περατοῦσθαι.
1529 4099 1627 4152 Διὰ
1658 4099 1816 4152 τοῦτο
1848 4102 1946 4173 τὴν

289 4235 293 4238 μ
366 4193 606 4264 κεφαλὴν
627 4192 720 4246 τοῦ
750 4193 943 4264 χρόνου
971 4193 1091 4263 οὐχ).
1117 4191 1339 4263 πρώτην
1368 4191 1580 4261 ἡμέραν
1601 4230 1617 4255 ,
1643 4190 1777 4244 ἀλλὰ
1815 4192 1946 4261 μίαν

364 4285 675 4356 ὼνόμασεν’
710 4286 796 4338 ἵνα
825 4285 921 4338 καὶ
954 4286 1019 4337 ὲκ
1046 4283 1146 4353 τῆς
1183 4281 1553 4353 προσηγορίας
1594 4281 1655 4334 τὸ
1691 4282 1946 4351 συγγενὲς

364 4378 465 4450 ἔχῃ
510 4379 648 4450 πρὸς
681 4379 771 4431 τὸν
814 4378 1007 4433 αἰῶνα.
1045 4375 1165 4429 Τοῦ.
1184 4375 1293 4447 γὰρ
1327 4373 1557 4445 μοναχοῦ
1586 4374 1680 4426 καὶ
1716 4374 1943 4429 ἀκοινω-

2059 1892 2185 1946 ιὶεει
2216 1892 2321 1946 diei
2342 1902 2395 1945 et
2415 1893 2589 1947 noctis
2607 1894 2878 1949 deﬁnierit
2897 1909 3226 1959 mensuram,
3249 1904 3301 1949 ct
3326 1896 3429 1949 diei
3454 1911 3515 1949 ac
3532 1912 3628 1951 no-

2058 1985 2160 2039 ctis
2180 1995 2390 2054 tempus
2412 1985 2568 2039 simul
2603 1986 2977 2052 coniunxerit:
3009 1986 3439 2055 quandoquidem
3471 1988 3628 2040 unius

2062 2077 2164 2130 diei
2186 2078 2415 2141 spatium
2437 2078 2703 2145 complent
2730 2076 2917 2143 viginti
2941 2078 3353 2145 quatuorhorte,
3377 2078 3419 2131 si
3436 2077 3627 2132 videli-

2055 2178 2142 2222 cet
2156 2169 2273 2222 dics
2290 2177 2345 2223 et
2363 2183 2467 2222 nox
2487 2170 2645 2224 simul
2666 2168 3049 2237 intelligantur.
3072 2169 3429 2235 Quamobrem
3443 2170 3629 2224 etiam-

2056 2260 2099 2315 si
2120 2259 2172 2313 in
2190 2260 2291 2328 21
2320 2259 2569 2313 solstitiis
2586 2259 2814 2314 alteram
2839 2260 2908 2314 ab
2936 2260 3103 2314 altera
3124 2261 3335 2314 accidat
3358 2262 3623 2329 superari,

2057 2362 2237 2406 tamen
2268 2351 2487 2405 deﬁnito
2537 2360 2777 2419 tempore
2832 2352 3066 2420 spatium
3098 2352 3378 2421 utriusque
3407 2351 3627 2406 omnino

2053 2442 2557 2507 circumscribitur;
2597 2450 2848 2511 tanquam
2872 2442 2917 2496 si
2948 2443 3212 2498 dixisset:
3256 2442 3445 2512 viginti
3484 2458 3623 2512 qua-

2054 2543 2175 2588 tuor
2222 2533 2478 2587 horarum
2530 2546 2800 2599 mensura,
2848 2533 3007 2588 unius
3052 2534 3156 2587 diei
3210 2543 3291 2589 est
3337 2533 3568 2604 spatium
3610 2552 3621 2565 ’

2053 2626 2163 2690 vel,
2197 2624 2320 2679 coeli
2349 2627 2417 2679 ab
2450 2623 2642 2679 eodem
2675 2626 2830 2694 signo
2863 2626 2930 2679 ad
2959 2625 3103 2679 idem
3139 2626 3362 2692 reditus,
3397 2641 3503 2681 uno
3537 2625 3624 2681 die

2052 2719 2352 2787 peragitur.
2402 2716 2589 2788 Itaque
2640 2719 2850 2787 quoties
2891 2733 3113 2787 vespera
3166 2727 3221 2773 et
3263 2734 3421 2774 mane
3471 2734 3625 2779 mut:-

2054 2808 2180 2863 dum
2220 2818 2487 2878 occupant
2527 2822 2625 2878 per
2671 2809 2801 2864 solis
2845 2810 3292 2872 conversionem,
3344 2824 3448 2864 non
3494 2824 3622 2878 pro-

2052 2896 2243 2954 lixiore
2288 2906 2547 2968 tempore,
2584 2900 2676 2954 sed
2722 2900 2776 2953 in
2827 2899 2988 2954 unius
3023 2899 3127 2953 diei
3168 2899 3345 2969 spatio
3379 2898 3625 2969 expletur

2050 2990 2321 3046 circuitio.
2353 2990 2435 3045 An
2466 3005 2529 3046 ea
2561 2994 2701 3045 ratio
2741 2992 2793 3046 in
2832 2994 3050 3047 arcanis
3084 2994 3304 3058 tradita,
3339 2994 3515 3064 potior
3544 3002 3626 3048 est

2053 3098 2119 3138 ac
2150 3083 2399 3151 validior,
2434 3084 2578 3155 quod
2622 3083 2765 3139 Deus
2798 3084 2888 3154 qui
2922 3084 3178 3153 temporis
3213 3085 3490 3139 constituit
3524 3101 3622 3138 na-

2054 3186 2264 3243 turam,
2300 3190 2580 3231 mensuras
2632 3177 2683 3232 ei
2749 3192 2813 3231 ac
2868 3177 3058 3246 signa,
3113 3177 3366 3231 nimirum
3415 3177 3620 3232 dierqu

2051 3269 2222 3337 spatia
2260 3268 2573 3336 impertivit,
2614 3284 2678 3325 ac
2712 3269 3049 3325 hebdomade
3090 3270 3265 3338 ipsum
3314 3269 3620 3333 dimetiens,

2049 3359 2435 3415 hebdomadem
2460 3377 2563 3430 qua
2594 3361 2853 3432 temporis
2878 3370 3055 3416 motus
3086 3371 3457 3426 enumeratur,
3481 3376 3621 3415 sem-

2048 3467 2145 3523 pcr
2172 3452 2226 3506 in
2259 3466 2318 3506 se
2346 3452 2516 3521 ipsam
2542 3452 2694 3519 jubet
2723 3452 2946 3519 revolvi,
2971 3467 3264 3520 rursusque
3288 3467 3452 3505 unum
3480 3453 3617 3505 diem

2049 3545 2138 3599 ubi
2171 3545 2221 3598 in
2254 3560 2313 3598 se
2343 3546 2518 3614 ipsum
2553 3545 2755 3614 septies
2780 3546 3023 3610 redierit,
3054 3545 3441 3600 hebdomadem
3476 3558 3622 3598 con-

2051 3634 2248 3691 ﬁcere?
2278 3635 2404 3691 llazc
2446 3644 2530 3691 est
2570 3645 2747 3690 autem
2778 3636 3078 3690 orbiculata
3114 3637 3304 3705 ﬁgura,
3338 3650 3456 3703 qua:
3496 3650 3525 3687 a
3562 3650 3622 3688 se

2050 3727 2162 3796 ipsa
2201 3727 2405 3797 incipit,
2437 3736 2491 3781 et
2521 3727 2574 3781 in
2606 3742 2664 3781 se
2709 3728 2879 3797 ipsam
2924 3727 3143 3780 desinit.
3176 3727 3327 3794 Quod
3358 3742 3490 3781 sane
3517 3727 3618 3780 hu-

2044 3817 2131 3887 jus
2157 3819 2319 3873 etiam
2350 3821 2529 3875 saeculi
2562 3823 2839 3893 preprium
2868 3832 2972 3886 est,
3008 3825 3205 3877 reverti
3243 3823 3293 3875 in
3328 3837 3388 3877 se
3421 3823 3614 3892 ipsum,

2051 3925 2152 3966 nec
2192 3927 2421 3982 usquam
2474 3916 2777 3971 terminari.
2826 3916 2977 3971 Hauc
3011 3916 3081 3970 ob
3114 3930 3330 3970 causam
3367 3917 3619 3985 temporis

2048 4012 2232 4071 caput,
2263 4018 2369 4057 non
2400 4005 2629 4075 primam
2666 4006 2826 4071 diem,
2856 4008 2947 4061 sed
2992 4021 3153 4061 unam
3185 4007 3429 4071 vocavit;
3467 4019 3525 4059 ut
3553 4021 3615 4059 ex

2049 4094 2163 4164 ipsa
2193 4097 2358 4151 etiam
2400 4097 2760 4166 appellatione
2804 4101 3179 4169 cognationem
3219 4114 3339 4154 cum
3377 4115 3490 4154 aevo
3526 4100 3620 4152 lia-

2047 4188 2194 4243 beat.
2228 4190 2351 4245 Dies
2384 4192 2555 4257 enim,
2587 4191 2679 4260 qui
2723 4192 2973 4260 principii
3012 4193 3154 4246 unici
3196 4202 3249 4247 et
3287 4193 3437 4247 altcri
3473 4193 3619 4247 inso-

2047 4282 2263 4337 ciabilis
2308 4282 2531 4337 exhibet
2577 4284 2973 4347 characterem,
3013 4284 3228 4351 proprie
3274 4294 3327 4338 et
3374 4282 3617 4353 apposite

2047 4390 2187 4429 unus
2232 4384 2570 4444 nuncupatus
2623 4386 2726 4429 est.
2770 4374 2966 4441 Quodsi
3017 4375 3167 4444 plura
3213 4375 3409 4428 saecula
3456 4373 3615 4428 nobis

364 4472 526 4537 νήτου
562 4472 696 4544 πρὸς
727 4472 913 4543 ἕτερον
941 4473 973 4541 ἡ
1006 4470 1099 4523 τὸν
1132 4469 1454 4541 χαρακτῆρα
1484 4467 1803 4521 δεικνύουσα
1832 4466 1941 4537 (65)

2055 4469 2117 4522 ob
2158 4467 2346 4522 oculos
2386 4468 2539 4536 ponit
2570 4467 2871 4535 Scriptura,
2903 4468 3027 4520 dum
3058 4467 3241 4522 multis
3279 4467 3332 4519 in
3366 4466 3496 4521 locis
3527 4466 3614 4521 di-

364 4563 577 4626 οἰκείως
605 4564 699 4617 καὶ
730 4561 1023 4635 προσφυῶς
1052 4560 1465 4633 προσηγορεύθη
1498 4560 1615 4630 μία.
1647 4560 1711 4612 El
1736 4559 1791 4612 δὲ
1819 4560 1945 4612 πολ-

362 4656 488 4719 λοὺς
550 4657 684 4728 ἡμῖν
749 4655 953 4719 αἰῶνας
1015 4656 1344 4726 παρίστησιν
1400 4655 1434 4725 ἡ
1488 4651 1712 4723 Γραφὴ,
1763 4650 1947 4705 αἰῶνα

365 4744 598 4811 αἰῶνος,
626 4747 724 4800 καὶ
753 4745 973 4813 αἰῶνας
997 4744 1226 4799 αἰώνων
1252 4743 1517 4815 πολλαχοῦ
1547 4744 1798 4812 λέγουσα,
1832 4742 1945 4796 ἀλλ’

365 4834 456 4893 οὖν
493 4840 654 4893 κάκεῖ
683 4840 804 4911 οὐχ).
838 4838 1074 4911 πρῶτος,
1118 4838 1239 4892 οὐδὲ
1270 4837 1555 4907 δεύτερος,
1598 4835 1719 4889 οὐδὲ
1765 4836 1947 4906 τρίτος

2051 4560 2125 4614 cit
2160 4576 2174 4613 :
2217 4557 2481 4613 Sa'culum
2539 4560 2741 4625 saeculi,
2774 4570 2820 4614 et
2870 4560 3063 4615 swcula
3106 4560 3453 4626 swculorum;
3508 4559 3616 4614 illic

2054 4661 2236 4707 tamen
2269 4667 2443 4722 neque
2469 4655 2727 4722 primum,
2760 4668 2935 4724 neque
2966 4654 3283 4721 secundum,
3308 4667 3481 4721 neque
3510 4661 3616 4706 ter-

2054 4743 2185 4796 tium
2224 4744 2476 4798 saeculum
2533 4744 2687 4799 nobis
2728 4754 3100 4799 enumeratum
3134 4756 3241 4799 est.
3281 4742 3617 4814 Quapropter

2054 4834 2210 4890 nobis
2241 4836 2418 4905 potius
2448 4845 2711 4901 statuum,
2745 4837 3121 4907 variarumque
3157 4851 3335 4891 rerum
3365 4835 3617 4892 diil‘eren-

457 5046 503 5079 ²⁹
534 5044 678 5101 Psal.
714 5059 939 5111 LXXXIX,
970 5044 1052 5099 10.
1131 5043 1174 5075 ³ο
1218 5042 1352 5099 Gen.
1382 5059 1548 5112 XLVII,
1595 5044 1649 5099 9.
1727 5046 1768 5076 ³⁸
1800 5044 1940 5099 Psal.
1971 5058 2107 5107 xx",
2140 5040 2191 5094 6.

434 5248 549 5321 (59)
578 5251 760 5323 Deest
789 5251 954 5323 φησίν
990 5251 1043 5305 in
1068 5251 1308 5306 editione
1343 5252 1506 5307 Basil.
1541 5262 1595 5308 et
1636 5253 1688 5306 in
1712 5262 1944 5322 quatuor

362 5336 519 5387 mss.,
572 5322 765 5391 legitur
825 5322 955 5377 vero
1016 5323 1068 5375 in
1130 5323 1365 5377 editione
1415 5323 1589 5377 Paris.
1632 5332 1685 5376 et
1716 5325 1768 5377 in
1808 5324 1940 5392 llcg.

364 5401 579 5464 quarto.
613 5393 1072 5464 Aliquanto_post
1105 5392 1266 5461 aliqui
1300 5408 1428 5447 mss.
1466 5394 1600 5464 πρὸς
1627 5394 1706 5447 τό.

440 5461 552 5533 (60)
585 5464 677 5517 Sic
703 5464 869 5518 editio
914 5462 1080 5516 Basil.
1122 5478 1241 5516 cum
1288 5461 1522 5531 utroque
1554 5467 1682 5518 Duc.
1722 5474 1773 5519 et
1819 5479 1939 5517 cum

363 5532 576 5601 Anglic.
613 5549 717 5586 uno
746 5543 801 5586 et
828 5549 949 5587 cum
982 5532 1101 5586 aliis
1134 5548 1229 5587 sex
1261 5550 1390 5589 mss.
1412 5535 1589 5589 Editio
1617 5550 1746 5588 vero
1767 5534 1937 5588 Paris.

361 5605 427 5673 τῇ
459 5603 641 5675 ἡμέρᾳ
678 5602 804 5673 μιᾶς
826 5603 948 5669 καί,
982 5603 1143 5658 male.
1195 5603 1327 5673 Reg.
1361 5614 1543 5659 sextus
1586 5604 1939 5672 συνεξακουο·

410 5676 552 5735 ἐνης.
1216 5730 1219 5733 .

366 5692 651 5818 Ita
698 5744 1053 5813 editiollasil.
1090 5730 1219 5799 cum'
1268 5760 1359 5801 sex
1397 5761 1553 5813 mss.,
1605 5757 1656 5802 et
1707 5749 1776 5801 ita
1807 5746 1932 5817 legit

2048 5252 2387 5307 Tilmaunus.
2419 5251 2594 5305 Editio
2623 5250 2794 5304 Paris.
2834 5252 2867 5322 ἡ
2912 5250 3005 5303 τοῦ
3039 5250 3210 5322 ἡλίου.
3249 5249 3444 5302 Ibidem
3476 5247 3609 5314 Reg.

2045 5333 2231 5378 sextus
2264 5321 2395 5374 αὐτὸ
2428 5321 2590 5374 πάλιν
2616 5324 2858 5393 σημεῖον.

2118 5393 2230 5459 (62)
2259 5392 2355 5445 llic
2378 5403 2459 5446 est
2490 5395 2623 5446 ordo
2645 5388 2929 5444 iiiultorum
2961 5408 3090 5444 mss.
3124 5391 3263 5443 Editi
3282 5388 3614 5459 κυριώτερος

2044 5464 2102 5517 ὲν
2124 5455 2149 5515 ’.
2183 5455 2213 5517 .“
2240 5502 2252 5515 .
2289 5500 2303 5515 .
2336 5465 2363 5515 ὁ
2390 5462 2562 5531 λόγος.
2590 5460 2787 5514 ΙΙιὶιΙειιι
2819 5461 2982 5514 Coisl.
3014 5462 3219 5528 primus
3260 5455 3609 5531 «summa

2048 5551 2187 5603 σμου
2225 5533 2404 5602 φύσιν.
2437 5529 2726 5601 Aliquanto
2765 5542 2884 5599 post
2921 5534 3048 5601 ltcg.
3082 5530 3436 5603 sextusaﬁjby
3483 5529 3619 5603 ἀνα-

2047 5599 2279 5674 μετρῶν.
2331 5599 2811 5674 διειὶιηίψιειυοτ
2867 5599 3019 5655 ιιιεεξ
3048 5599 3504 5654 ἁνακυκλοῠσθαι.
3538 5601 3615 5657 Δί

2043 5672 2166 5727 editi
2208 5672 2648 5727 ἀνακυκλεῖσθαι.

2116 5745 2227 5815 (65)
2265 5745 2475 5815 Aliquot
2506 5761 2635 5799 mss.
2676 5740 2947 5794 δεικνῦσα.
