4082 6398
526 334 578 392 51
1863 335 1918 390 S.
1963 333 2210 390 BASlLll
2250 334 2466 392 MAGNI
3704 339 3779 394 52

521 453 626 513 tiae.
649 465 755 506 non
782 460 964 506 autem
988 451 1521 522 circumscriptiones
1549 452 1794 521 finesque
1815 461 1868 506 et
1889 468 2093 510 succes-

2197 455 2331 525 ἡμῖν
2381 451 2515 507 αἰὼν
2562 453 2941 527 ἀπηρίθμηται
2987 453 3134 526 (61)’
3177 452 3318 508 ὥστε
3365 450 3563 524 μᾶλλον
3609 469 3778 506 κατα-
3853 416 3859 420 1

522 546 702 600 siones
739 543 1064 599 saeculorum
1087 559 1152 600 ex
1176 547 1276 600 hoc
1306 545 1768 599 demonstrantur.
1796 543 1919 598 Dies
1955 545 2092 599 enim

523 635 755 698 Domini,
798 635 993 706 inquit,
1018 653 1207 706 magna
1233 646 1309 690 est
1336 647 1383 689 et
1417 636 1640 690 illustris
1668 636 1732 688 ”.
1756 636 1820 689 Et
1851 637 2047 692 iterum
2076 655 2090 693 :

520 726 591 780 Ut
619 726 746 797 quid
776 728 1134 798 vasgquwrilis
1171 726 1306 781 diem
1337 727 1593 780 Domini?
1633 725 1698 778 Et
1739 743 1799 779 ea
1844 737 1918 780 est
1957 737 2096 781 tene-

520 795 652 883 brae,
686 826 737 872 et
787 795 1016 872 noit'lux
1045 818 1112 871 ³³.
1149 816 1284 871 Nam
1324 818 1508 886 utique
1541 818 1605 872 iis
1637 818 1726 887 qui
1773 819 1920 888 digni
1966 829 2094 873 sunt

524 909 790 974 tenebris,
819 913 1057 964 tenebrze
1081 919 1226 964 sunt.
1254 909 1544 964 Enimvero
1569 910 1710 962 illam
1742 911 1881 964 diem
1907 925 2096 980 vespe-

523 1019 584 1056 ra
645 1011 962 1067 carentem,
1021 1003 1494 1064 successionisque
1544 1009 1600 1054 et
1651 1001 1772 1056 linis
1820 1014 2092 1071 expertem

523 1089 808 1161 Scriptura
846 1091 998 1144 novit
1034 1113 1045 1146 :
1081 1105 1241 1159 quam
1295 1091 1457 1143 etiam
1502 1089 1832 1145 Psalmorum
1883 1104 2092 1161 cantor,

525 1195 812 1253 propterea
846 1187 988 1252 quod
1019 1194 1172 1238 extra
1206 1183 1307 1237 hoc
1348 1193 1558 1253 tempus
1592 1189 1955 1251 septenarium
1991 1187 2094 1241 sita

523 1276 614 1338 sit,
646 1286 891 1330 octavam
924 1276 1134 1329 vocavit
1162 1275 1228 1331 ³⁵.
1275 1274 1458 1341 Quare
1495 1276 1612 1329 sive
1641 1277 1803 1338 diem.
1839 1278 1952 1332 sive
1997 1294 2096 1333 sm-

524 1364 706 1420 culum
736 1367 962 1432 dixeris,
997 1368 1238 1420 eamdem
1273 1367 1422 1421 dices
1454 1370 1798 1422 sententiam.
1833 1368 1957 1423 Sive
1992 1370 2093 1439 igi-

524 1469 612 1513 tur
637 1460 774 1522 dics,
801 1469 976 1513 status
1008 1459 1097 1512 ille
1125 1460 1369 1523 dicatur;
1403 1475 1506 1512 una
1535 1470 1636 1526 est,
1665 1471 1716 1515 et
1743 1478 1846 1515 non
1875 1463 2090 1516 multae:

519 1552 637 1607 sive
667 1551 970 1621 appelletur
1007 1551 1291 1616 saeculum,
1328 1551 1544 1604 unicum
1591 1552 1774 1620 utique
1821 1550 2008 1615 fuerit,
2040 1561 2095 1606 et

523 1660 631 1699 non
664 1643 970 1712 multiplex.
1008 1643 1190 1710 Quare
1230 1651 1287 1695 ut
1319 1642 1385 1696 ad
1429 1642 1662 1698 futuram
1695 1644 1857 1698 vitam
1884 1646 2093 1715 cogita-

522 1735 724 1789 tionem
764 1741 1007 1786 nostram
1044 1729 1384 1794 transferret,
1420 1746 1539 1784 eam
1569 1732 1712 1785 diem
1742 1747 1902 1785 unam
1933 1731 2090 1796 dixit,

2198 548 2438 602 στάσεων
2482 548 2614 618 ἡμῖν
2660 549 2754 602 καὶ
2809 547 3149 621 πραγμάτων
3182 545 3441 599 ποικίλων
3489 543 3772 616 διαφορὰς,

2194 638 2312 692 ἀλλ’
2338 639 2458 709 οὐχ).
2486 640 2836 712 περιγραφάς
2864 640 2959 693 καὶ
2990 638 3202 710 πέρατα
3231 639 3324 692 καὶ
3353 636 3604 708 διαδοχὰς
3643 637 3777 691 αἰώ-

2194 747 2299 784 νων
2326 732 2389 784 ὲκ
2410 731 2600 784 τούτου
2623 730 2956 786 δείκνυσθαι.
2996 729 3202 800 Ἡμέρα
3220 731 3331 799 γὰρ
3350 731 3592 798 Κυρίου,
3617 729 3772 800 φησὶ,

2188 819 2422 890 μεγάλη
2450 821 2546 875 καί
2568 821 2897 891 ἐπιφανήςο
2926 821 3022 874 καὶ
3050 821 3212 874 πάλιν
3231 839 3244 852 ’
3275 821 3404 875 Ἵνα
3432 820 3490 872 τί
3511 819 3655 890 ὑμῖν
3680 819 3777 887 (u-

2193 911 2318 966 τεῒν
2339 913 2454 980 τὴν
2482 911 2711 981 ἡμέραν
2734 912 2840 966 τοῦ
2869 911 3092 980 Κυρίου
3120 910 3264 982 (65);
3297 911 3405 965 Καὶ
3448 911 3599 978 αὕτη
3643 911 3775 964 ἐστί

2195 1004 2435 1068 σκότος,
2461 1003 2559 1056 καὶ
2589 1004 2661 1055 οὐ
2704 1001 2849 1071 φῶς.
2887 1002 3086 1064 Σκότος
3111 1001 3168 1054 δὲ
3201 1001 3334 1073 (66),
3374 1000 3615 1072 δηλονότι
3663 1002 3774 1064 τοῖς

2196 1094 2369 1161 ἀξίοις
2400 1095 2494 1148 τοῦ
2544 1095 2787 1160 σκότους.
2834 1096 2987 1149 Ἐπεὶ
3025 1095 3324 1167 ἀνέσπερον
3359 1096 3454 1150 καὶ
3497 1095 3775 1165 ἀδιάδοχον

2195 1186 2291 1239 καὶ
2318 1185 2672 1257 ἀτελεύτητον
2710 1187 2807 1259 τὴν
2837 1185 3050 1261 ἡμέραν
3096 1187 3311 1257 ἐκείνην
3349 1182 3490 1241 οἶδεν
3531 1188 3560 1239 6
3595 1186 3770 1254 λόγος,

2194 1277 2262 1349 ἢν
2294 1276 2386 1330 καὶ
2413 1276 2606 1348 ὀγδόην
2631 1280 2658 1331 6
2685 1278 2990 1350 Ψαλμῳδὸς
3020 1277 3449 1349 προσηγόρευσε,
3474 1275 3566 1330 διά
3585 1276 3647 1330 τὸ
3671 1276 3775 1340 ἔξω

2195 1368 2408 1423 κεῖσθαι
2442 1369 2534 1423 τοῦ
2583 1369 2936 1441 ἑϐδομαδικοῦ
2965 1370 3153 1423 τούτου
3202 1364 3417 1441 χρόνου.
3459 1370 3620 1422 Ὥστε
3669 1368 3772 1422 κᾶν

2195 1461 2407 1533 ἡμέραν
2442 1463 2621 1537 εἴπῃς,
2663 1463 2766 1516 κᾶν
2795 1462 2966 1516 αἰῶνα
2985 1502 3000 1527 ,
3029 1463 3127 1534 τὴν
3162 1461 3332 1533 αὐτὴν
3361 1463 3504 1534 ἐρεῖς
3541 1460 3768 1514 ἔννοιαν.

2196 1553 2321 1605 Εἴτε
2363 1547 2456 1606 οὖν
2493 1553 2677 1624 ἡμέρα
2723 1555 2756 1624 ἡ
2804 1552 3136 1616 κατάστασις
3171 1552 3351 1622 ἐκείνη
3396 1551 3636 1620 λέγοιτο,
3672 1549 3773 1620 μία

2196 1642 2333 1708 ἐστὶ,
2371 1643 2466 1696 καὶ
2495 1644 2555 1697 ού
2592 1643 2783 1697 πολλαί
2806 1658 2817 1672 ⁶
2852 1643 2961 1696 εἴτε
2996 1643 3130 1696 αἰὼν
3159 1641 3639 1714 προσαγορεύοιτο,
3672 1657 3770 1711 μοι·

2195 1735 2355 1805 ναχὸς
2388 1735 2454 1789 ἂν
2483 1735 2566 1808 εἴη
2614 1737 2708 1790 καὶ
2753 1737 2813 1789 ού
2847 1735 3156 1800 πολλοστός.
3208 1736 3328 1789 Ἵνα
3366 1729 3459 1788 οὖν
3501 1733 3638 1806 πρὸς
3673 1732 3771 1803 τὴν

522 1839 646 1892 quae
671 1821 856 1878 saeculi
886 1829 968 1875 est
992 1821 1190 1890 imago,
1217 1818 1472 1887 primitia:
1501 1818 1730 1884 dierum,
1756 1817 1858 1872 luci
1890 1832 2090 1881 cozeva,

2198 1826 2499 1896 μέλλουσαν
2538 1827 2681 1900 ζωὴν
2734 1829 2832 1900 τὴν
2884 1828 3089 1882 ἔννοιαν
3139 1826 3402 1898 ἀπαγάγῃ
3448 1826 3582 1898 (67),
3643 1825 3770 1896 μίαν

522 1923 710 1970 sancta
756 1913 1061 1979 Dominica,
1108 1911 1319 1967 Domini
1361 1914 1755 1966 resurrectione
1804 1912 2089 1964 honorata.

523 2005 698 2061 Facta
726 2016 803 2060 est
834 2008 996 2077 igitur
1026 2023 1258 2075 vespera,
1289 2007 1485 2076 inquit,
1515 2014 1562 2058 et
1588 2003 1785 2072 factum
1814 2013 1888 2057 est
1918 2018 2087 2066 mane,

525 2099 635 2153 dies
670 2117 794 2154 una.
824 2100 893 2153 At
921 2104 1065 2153 enim
1094 2099 1147 2154 hi
1179 2114 1456 2166 sermones
1486 2112 1621 2166 quos
1647 2097 1712 2150 de
1742 2096 1829 2150 illa
1864 2110 2088 2163 vespera

523 2191 880 2252 instituimus,
945 2192 1070 2245 dum
1106 2205 1134 2244 a
1176 2191 1430 2258 praesenti
1467 2203 1688 2258 vespera
1729 2188 2088 2256 attinguntur,

525 2283 613 2336 hic
653 2283 884 2336 orationi
929 2290 1130 2336 nostra:
1173 2281 1334 2336 ﬁnem
1385 2282 1683 2351 imponunt.
1724 2279 1884 2333 Pater
1913 2287 2090 2332 autem

521 2390 667 2431 vera:
711 2376 867 2436 lucis.
898 2377 988 2444 qui
1020 2375 1161 2430 diem
1192 2375 1400 2430 caelesti
1437 2374 1637 2428 lumine
1678 2371 1974 2434 decoravit,
2001 2373 2090 2440 qui

524 2467 665 2538 ignis
719 2465 1094 2536 splendoribus
1145 2465 1435 2520 illuStravit
1489 2471 1738 2529 noctem,
1787 2463 1877 2532 qui
1927 2462 2091 2517 futuri

521 2559 703 2614 saaculi
755 2559 998 2629 requiem
1050 2558 1320 2628 spirituali
1375 2557 1593 2627 jugique
1640 2557 1760 2611 luce
1816 2555 2088 2620 instruxit,

523 2649 795 2704 illuminet
844 2651 897 2703 in
949 2650 1224 2719 agnitione
1255 2649 1502 2704 veritatis
1554 2648 1716 2702 corda
1761 2656 1967 2708 vestra,
2000 2663 2094 2700 ve-

524 2752 805 2810 stramque
837 2742 1005 2795 vitam
1039 2749 1323 2795 conservet
1363 2738 1700 2803 inoffensam,
1731 2737 1966 2808 largiens
1997 2753 2093 2792 vo-

522 2832 629 2896 bis,
661 2840 718 2886 ut
764 2832 817 2886 in
867 2832 953 2887 die
997 2833 1222 2886 honeste
1275 2829 1606 2884 ambuletis:
1648 2839 1706 2882 ut
1749 2825 2004 2882 elttceatis
2041 2825 2092 2879 in

525 2923 814 2991 splendore
870 2934 1180 2977 sanctorum
1231 2922 1392 2975 veluti
1447 2920 1549 2984 sol,
1584 2921 1650 2975 ad
1705 2933 1881 2973 meam
1929 2917 2094 2986 ipsius

525 3014 972 3079 exsultationem,
1007 3015 1060 3068 in
1100 3014 1185 3068 die
1225 3013 1449 3078 Christi,
1482 3011 1568 3066 cui
1613 3010 1783 3082 gloria
1828 3019 1884 3065 et
1928 3009 2095 3080 impe-

519 3109 662 3162 rium
694 3107 746 3160 in
781 3106 974 3161 saacula
1010 3104 1350 3160 saeculorum.
1391 3104 1581 3160 Amen.

2195 1917 2444 1988 ώνόμασε
2474 1919 2568 1973 τοῦ
2609 1919 2803 1983 αἰῶνος
2831 1919 2928 1991 τὴν
2975 1919 3181 1982 εἰκόνα,
3222 1919 3321 1990 τὴν
3364 1918 3618 1989 ἀπαρχὴν
3663 1916 3770 1971 τῶν

2191 2006 2435 2078 ἡμερῶν,
2458 2009 2556 2080 τὴν
2577 2010 2812 2081 ὁμήλικα
2833 2009 2928 2062 τοῦ
2953 2009 3151 2080 φωτὸς,
3167 2009 3266 2081 τὴν
3288 2008 3445 2077 ἁγίαν
3464 2007 3768 2080 Κυριακὴν,

2190 2101 2290 2171 τὴν
2311 2103 2375 2172 τῇ
2409 2101 2700 2155 ἀναστάσει
2722 2102 2814 2156 τοῦ
2837 2103 3043 2174 Κυρίου
3067 2119 3260 2173 τετιμη
3269 2101 3458 2172 μένην.
3499 2099 3772 2170 Ἐγένετο

2191 2187 2283 2244 οὖν
2313 2189 2556 2260 ἑσπέρα,
2602 2194 2738 2262 φησί
2757 2237 2772 2259 ,
2821 2194 2917 2247 καί
2948 2194 3185 2263 ἐγένετο
3215 2193 3383 2262 πρωὶ,
3410 2192 3604 2262 ἡμέρα
3635 2192 3766 2262 μία.

2207 2282 2368 2336 Ἀλλά
2393 2284 2501 2355 γὰρ
2520 2286 2613 2338 καὶ
2637 2287 2686 2338 οἰ
2711 2286 2959 2357 περὶτῆς
2987 2287 3224 2357 ἑσπέρας
3245 2285 3459 2356 ἐκείνης
3483 2284 3630 2353 λόγοι
3654 2283 3766 2356 (68)

2195 2371 2300 2426 ὑπὸ
2331 2373 2432 2443 τῆς
2468 2374 2744 2446 παρούσης
2791 2375 3030 2447 ἑσπέρας
3069 2375 3506 2446 καταληφθέντες
3538 2374 3770 2429 ἐνταῦθα

2194 2465 2324 2536 ἡμῖν
2347 2464 2436 2517 τὸν
2469 2465 2627 2535 λόγον
2657 2466 2946 2538 ὁρίζουσιν.
3003 2467 3060 2532 'Q
3086 2467 3142 2520 δὲ
3174 2466 3364 2538 Πατὴρ
3394 2464 3488 2519 τοῦ
3516 2464 3767 2536 ἀληθινοῦ

2196 2556 2394 2625 φωτὸς,
2430 2558 2458 2608 6
2487 2556 2586 2628 τὴν
2620 2557 2832 2629 ἡμέραν
2861 2559 3146 2630 κοσμήσας
3176 2557 3255 2628 τῷ
3283 2557 3518 2629 οὐρανίῳ
3555 2557 3711 2626 φωτὶ,
3742 2557 3768 2608 6

2193 2647 2293 2716 τὴν
2336 2646 2506 2700 νύκτα
2553 2649 2849 2720 φαιδρύνας
2883 2653 3001 2713 ταῖς
3035 2650 3229 2718 αὐγαῖς
3254 2647 3350 2702 τοῦ
3379 2647 3568 2719 πυρὸς,
3602 2648 3630 2699 6
3673 2645 3766 2698 1:05

2200 2736 2480 2807 μέλλοντος
2504 2739 2698 2803 αἰῶνος
2724 2739 2820 2810 τὴν
2842 2741 3144 2794 ἀνάπαυσιν
3166 2737 3491 2810 εὐτρεπίσας
3509 2737 3586 2808 τῷ
3599 2734 3767 2808 νοερῷ

2195 2827 2290 2878 καὶ
2323 2827 2586 2899 ἀπαύστῳ
2615 2831 2775 2899 φωτὶ,
2805 2831 3091 2898 φωτίσειεν
3114 2829 3224 2902 (69)
3249 2829 3401 2900 ὑμῶν
3421 2830 3520 2893 τὰς
3543 2827 3769 2900 καρδίας

2195 2918 2254 2968 ὲν
2287 2918 2576 2988 ἐπιγνώσει
2620 2921 2721 2991 τῆς
2761 2921 3038 2994 ἀληθείας,
3088 2922 3183 2974 καί¹
3233 2921 3578 2994 ἀπρόσκοπον
3615 2918 3772 2989 ὑμῶν

2193 3011 2542 3085 διατηρήσειε
2591 3014 2689 3086 τὴν
2736 3014 2901 3087 ζωὴν,
2959 3016 3329 3087 παρεχόμενος
3376 3016 3524 3086 ὑμῖν,
3581 3014 3656 3078 ὡς
3708 3013 3767 3065 ἐν

2195 3104 2379 3177 ἡμέρα
2406 3107 2756 3179 εὐσχημόνως
2785 3111 3123 3180 περιπατεῖν,
3157 3111 3243 3162 ἵνα
3270 3107 3606 3178 ὲκλάμψητε,
3635 3105 3711 3171 ὡς
3735 3105 3770 3159 6

518 3197 670 3267 ἣλιος
713 3199 771 3251 ἐν
817 3201 882 3270 τῇ
927 3197 1273 3268 λαμπρότητι
1316 3195 1423 3249 τῶν
1466 3195 1655 3263 ἁγίων,
1707 3197 1786 3258 εἰς
1837 3194 2095 3266 καύχημα
2133 3195 2276 3266 ἐμοὶ,
2312 3201 2391 3263 εἰς
2451 3201 2662 3272 ἡμέραν
2723 3201 2960 3274 Χριστοῦ
2992 3202 3122 3274 (70),
3149 3196 3194 3270 ᾧ
3220 3204 3253 3273 ή
3277 3201 3402 3268 δόξα
3433 3202 3524 3255 καὶ
3549 3201 3608 3253 τὸ
3637 3201 3782 3272 κράρ

518 3309 612 3358 tu;
649 3295 726 3357 εἰς
748 3295 874 3357 τοὺς
916 3293 1118 3357 αἰῶνας
1144 3293 1251 3346 τῶν
1283 3291 1511 3346 αἰώνων.
1559 3292 1746 3361 Ἀμήν.

1106 3552 1387 3608 llOMlLlA
1427 3553 1511 3608 Ill.

1068 3667 1144 3722 De
1197 3668 1547 3736 firmamento.

591 3784 697 3853 22
739 3783 792 3837 1.
835 3781 1048 3846 Prima},
1081 3796 1172 3835 seu
1223 3781 1402 3850 potius
1447 3782 1604 3836 unius
1647 3781 1751 3835 diei
1797 3790 2091 3835 memorata

521 3883 648 3929 sunt
675 3886 858 3941 opera.
910 3869 1064 3923 Absit
1097 3869 1240 3923 enim
1279 3878 1336 3922 ut
1364 3870 1410 3923 ei
1440 3883 1559 3923 eam
1594 3868 1895 3921 adimamus
1921 3867 2094 3936 digni-

525 3975 715 4028 tatem,
752 3977 912 4032 quam
946 3961 997 4014 in
1033 3969 1224 4013 natura
1259 3959 1488 4022 obtinet,
1525 3967 1709 4026 utpote
1746 3974 1775 4012 a
1816 3959 2094 4013 conditore

524 4069 770 4111 seorsum
805 4053 971 4116 edita,
1003 4065 1107 4106 nec
1139 4051 1190 4104 in
1223 4050 1414 4105 ordine
1455 4049 1678 4103 aliarum
1717 4061 2088 4104 annumerata.

523 4149 772 4203 Attamen
820 4152 1104 4215 postquam
1151 4156 1213 4196 ea
1261 4157 1383 4210 quae
1427 4141 1478 4196 in
1522 4142 1636 4211 ipsa
1675 4141 1813 4194 facta
1848 4151 1970 4196 sunt
2007 4157 2093 4196 re-

523 4238 732 4295 censuit
760 4239 1011 4292 hesterna
1043 4237 1248 4301 oratio;
1283 4244 1339 4289 et
1368 4245 1652 4302 postquam
1684 4235 1852 4289 divisa
1883 4236 2094 4289 audito-

524 4333 670 4385 ribus
711 4330 1078 4393 enarratione,
1111 4337 1171 4380 ut
1204 4326 1522 4380 matutinam
1556 4326 1856 4380 animarum
1902 4327 2092 4381 alimo-

593 4509 635 4539 ³²
666 4505 778 4560 .locl
811 4523 870 4570 .Il,
904 4506 985 4558 11.
1064 4506 1108 4537 ³³
1138 4508 1302 4562 Amos
1329 4521 1381 4570 v,
1417 4505 1503 4559 13.
1581 4507 1626 4537 ³⁸
1652 4505 1791 4561 Psal.
1823 4521 1896 4569 vt,
1927 4505 1951 4557 1
1980 4521 1995 4568 ;
2071 4519 2148 4567 χι,

2803 3551 3046 3605 ΟΜΙΛΙΑ
3084 3551 3155 3603 ῐ“’.

2550 3661 2694 3731 Περὶ
2721 3661 2827 3717 τοῦ
2855 3661 3257 3731 στερεώματος
3287 3662 3418 3732 (71).

2270 3775 2320 3829 1.
2362 3774 2441 3827 Τά
2470 3775 2569 3844 τῆς
2599 3772 2821 3845 πρώτης
2850 3773 3063 3845 ἡμέρας
3085 3772 3241 3844 ἔργα,
3268 3773 3462 3844 μᾶλλον
3486 3773 3544 3827 δὲ
3573 3771 3639 3826 τά
3667 3772 3770 3844 τῆς

2204 3867 2330 3937 μιᾶς
2350 3883 2363 3896 ·
2399 3866 2473 3937 μὴ
2501 3865 2608 3936 γάρ
2635 3860 2728 3918 οὖν
2757 3863 3085 3935 ἀφελώμεθα
3112 3866 3281 3936 αὐτῆς
3305 3863 3363 3917 τὸ
3392 3863 3625 3935 ἀξίωμα,
3652 3863 3681 3917 ὃ
3708 3865 3767 3918 ἐν

2198 3961 2262 4029 τῇ
2291 3957 2449 4027 φύσει
2491 3956 2623 4027 ἔχει,
2647 3957 2797 4028 παρά
2818 3955 2912 4010 τοῦ
2942 3957 3220 4022 κτίσαντος
3251 3957 3368 4011 καθ’
3397 3957 3594 4028 ἑαυτὴν
3617 3957 3766 4011 ἐκδο-

2202 4050 2373 4114 θεῖσα,
2403 4050 2500 4102 ούκ
2533 4050 2592 4102 ὲν
2617 4051 2681 4120 τῇ
2730 4049 2866 4120 πρὸς
2907 4048 3005 4113 τὰς
3047 4049 3210 4112 ἄλλας
3244 4045 3490 4112 συντάξει
3531 4047 3766 4118 ἀριθμη-

2202 4143 2354 4196 θεῖσα
2375 4158 2389 4173 ο
2418 4140 2556 4212 πλὴν
2578 4141 2691 4194 ἀλλ’
2718 4141 2798 4194 ὃτι
2821 4140 2888 4195 τὰ
2915 4142 2970 4193 ὲν
3001 4141 3135 4212 αύτῇ
3166 4141 3430 4211 γενόμενα
3459 4139 3586 4210 χθὲς
3611 4137 3764 4191 ἐπελ-

2202 4234 2309 4287 θὼν
2329 4237 2357 4287 6
2378 4234 2532 4302 λόγος
2562 4234 2655 4287 καὶ
2682 4231 2869 4286 διελὼν
2895 4231 2991 4303 τὴν
3020 4231 3129 4303 (72)
3148 4231 3403 4302 ἐξήγησιν
3425 4234 3537 4294 τοῖς
3565 4232 3764 4301 ἀκροω-

2207 4323 2406 4395 μένοις,
2452 4324 2548 4395 τὴν
2598 4324 2694 4395 μὲν
2735 4323 2961 4395 ἑωθινὴν
2992 4323 3195 4395 τροφὴν
3224 4323 3331 4375 τῶν
3353 4321 3558 4391 ψυχῶν,
3588 4319 3683 4390 τὴν
3707 4317 3766 4370 δὲ

2179 4504 2229 4556 1.

596 4672 706 4748 (lii)
743 4673 874 4748 Reg.
911 4681 1098 4727 sextus
1128 4686 1249 4725 cum
1286 4671 1437 4748 Colit.
1469 4671 1643 4740 primo
1675 4666 2100 4748 ἀπαριθμςῖται.
2133 4667 2178 4721 ι)
2209 4665 2362 4748 Hunc
2388 4666 2615 4748 titulum,
2651 4679 2809 4748 quem
2833 4662 3090 4748 exhibent
3124 4676 3354 4748 egoque
3400 4663 3616 4748 codiees
3656 4678 3764 4748 non

597 4736 709 4810 (65)
741 4736 1085 4801 Αόέοιιειιιιι.
1122 4752 1179 4794 ιιι
1217 4752 1362 4795 notat
1401 4736 1640 4800 Ιὶιίιτιιδιιε,
1679 4736 2098 4810 respexithasi-f

523 4806 645 4876 lius,
683 4829 785 4865 non
817 4815 879 4865 ad
933 4812 1116 4866 verba.
1150 4813 1240 4865 Sic
1284 4814 1446 4865 vertit
1496 4809 1855 4864 Ambrosius:
1903 4806 2097 4877 Ulquid

524 4884 663 4936 vobis
713 4899 944 4947 qutcrere
995 4882 1130 4935 diem
1170 4881 1429 4936 Domini?
1489 4883 1632 4934 lib.t
1690 4879 1744 4932 in
1813 4877 2094 4941 Ilexaem.,

524 4971 644 5021 cap.
696 4953 782 5006 10.

596 5023 704 5092 (66)
736 5023 828 5076 Sic
849 5021 1000 5075 multi
1028 5037 1158 5076 mss.
1187 5022 1533 5076 Desideratur
1566 5020 1622 5074 δέ
1656 5020 1706 5092 in
1737 5019 1913 5092 editis.

599 5090 708 5163 (67)
742 5093 874 5160 Reg.
912 5102 1095 5163 sextus
1125 5093 1402 5163 ἐπαγάγῃ.
1443 5093 1591 5145 Coll).
1625 5090 2056 5163 ρι’ἱηιιιεάγάγῃ.

598 5159 707 5234 (68)
738 5165 807 5215 Ita
831 5159 977 5234 mss.
1001 5159 1268 5234 “Gotnbel.
1315 5159 1434 5216 cum
1462 5232 1470 5234 _
1487 5173 1714 5234 iitroque
1750 5159 1914 5234 Coisl.
1935 5159 2095 5234 alin.-

529 5231 630 5304 qne
674 5232 964 5286 nonnullis.
1001 5231 1175 5304 Editio
1226 5232 1399 5304 Paris.
1451 5231 1714 5304 duasut
1745 5232 1792 5304 οἱ
1829 5232 1956 5304 περὶ
1980 5231 2096 5304 -τῆς

529 5300 764 5376 ἑσπέρας
793 5305 986 5376 ἐκεῖνοι
1021 5301 1186 5376 λόγοι.
1227 5303 1338 5355 1)ιιο
1359 5317 1506 5376 _mss.
1533 5300 1665 5376 ἀλλά
1698 5300 1948 5376 γὰρ-καί.
1979 5300 2092 5354 Mox

529 5371 678 5431 υυιιιζ
713 5375 918 5443 primus
950 5372 1189 5442 ἑσπέρας
1220 5371 1879 5443 καταλειφθέντεςηιιιιύο.

601 5442 720 5514 (61))
746 5445 901 5497 Coll).
946 5446 1150 5512 primus
1189 5443 1430 5510 φωτίσει.
1465 5444 1656 5514 Statim
1683 5442 1845 5514 Coisl.
1873 5451 2096 5509 nlerqne

529 5531 582 5569 et
611 5512 699 5568 alii
736 5532 837 5586 non
886 5515 1040 5586 pauci
1098 5514 1464 5586 ἀπρόσκοπον.
1508 5513 1647 5566 Editi
1694 5512 2092 5586 dapégxomom

533 5587 688 5640 male.
729 5585 845 5637 Mox
882 5582 1031 5638 Coll).
1083 5582 1286 5653 primus
1347 5584 1499 5654 ὑμῶν
1539 5584 1968 5654 χειραγωγὴσειε
1998 5582 2097 5653 τὴν

533 5655 699 5726 ζωήν.
735 5658 900 5718 Quasi
933 5673 1088 5709 manu
1115 5657 1267 5708 ducat
1308 5657 1464 5709 vitam
1500 5665 1738 5726 vestrmn.

606 5724 717 5792 (70)
752 5726 837 5777 Sic
870 5738 1073 5792 septem
1105 5743 1231 5780 mss.
1268 5726 1401 5779 Editi
1439 5724 1650 5794 ἡμέραν
1686 5725 1914 5794 Κυρίου.

609 5795 718 5856 (71)
745 5795 915 5850 Blitio
947 5797 1118 5850 i'arii.
1145 5797 1267 5867 περὶ
1290 5796 1394 5850 τῶν
1433 5793 1660 5866 πρώτων
1682 5793 1784 5866 τῆς
1804 5793 2088 5864 γενέσεως.

2204 4738 2385 4803 pauci,
2421 4731 2815 4791 emendandum
2841 4748 2961 4788 esse
2991 4731 3418 4800 putat’Duczeus,
3452 4736 3669 4800 vultque
3703 4734 3768 4786 li-

2205 4807 2414 4862 brarios
2439 4823 2504 4862 ex
2536 4805 2818 4861 oscitantis
2844 4804 3128 4875 scripsisse
3151 4803 3383 4875 πρώτων
3405 4817 3501 4875 pro
3525 4803 3762 4874 τρόπων,

2205 4879 2268 4930 de
2301 4879 2467 4931 modi:
2502 4875 2876 4946 generationis.
2919 4871 3293 4946 Vernmhillius
3309 4871 3630 4946 _co_njectu'ra
3671 4888 3764 4946 eo-

2206 4947 2341 5002 dicis
2369 4942 2566 5001 nnllins
2613 4945 2931 5000 auctoritate
2982 4944 3268 4997 stabilitur.
3297 4943 3461 4998 Coisl.
3497 4942 3766 4998 secundus

2204 5019 2286 5088 εἰς
2319 5012 2388 5071 adi
2408 5017 2599 5088 πρῶτα
2633 5019 2748 5088 τῆςΔ
2776 5013 3069 5088 γενέσεως,
3103 5015 3157 5066 in
3191 5014 3359 5088 print?
3389 5013 3762 5088 ggneratiogis,

2197 5087 2407 5144 Alicnlii
2454 5081 2572 5141 loco
2634 5081 2796 5140 tituli
2823 5086 3072 5152 leguntur
3116 5081 3276 5136 verba
3313 5081 3627 5152 Scriptum,
3655 5081 3766 5135 Καὶ

2199 5154 2350 5210 εἶπεν
2377 5159 2406 5211 6
2424 5158 2572 5221 Θεός·
2593 5155 2881 5227 Γενηθήτω
2915 5153 3216 5223 στερέωμα.
3234 5152 3383 5207 Colb.
3407 5153 3614 5227 primus
3641 5153 3764 5222 περὶ

2199 5228 2292 5282 τοῦ
2329 5223 2728 5299 στερεώματος,
2755 5223 2818 5299 de
2839 5225 3168 5299 ﬁrmamento
3201 5237 3218 5275 :
3245 5238 3402 5299 quem
3442 5223 3766 5299 titulum_ap-

2200 5293 2477 5365 posuimus
2510 5293 2583 5352 u'ti
2619 5296 3004 5365 simpliciorem
3024 5305 3077 5348 et
3097 5294 3162 5346 ad
3181 5293 3512 5365 propositum
3533 5293 3763 5365 maxime

2204 5362 2512 5424 facientem.
2548 5362 2812 5422 Caeterum
2847 5379 2950 5418 non
2995 5374 3079 5418 est
3130 5362 3294 5432 quod
3330 5362 3557 5418 multum
3592 5364 3762 5432 simus
3807 5367 3828 5388 ’

2203 5440 2414 5494 solliciti
2448 5440 2513 5493 de
2541 5438 2705 5492 titulis
2744 5438 2934 5490 harum
2979 5431 3304 5496 orationum,
3346 5448 3465 5488 cum
3503 5433 3592 5486 alii
3630 5431 3763 5487 alios

2202 5526 2300 5564 suo
2331 5504 2568 5576 ipsorum
2602 5508 2867 5561 arbitratu
2903 5506 3229 5576 conﬁnxisse
3257 5504 3564 5576 videantur.

2272 5567 2382 5649 (72')
2414 5579 2565 5633 Colb.
2619 5578 2828 5649 primus
2853 5591 2975 5649 cum
3014 5573 3387 5649 Reg.__quinto
3422 5567 3766 5649 καὶ-διελθών

2198 5641 2318 5720 τήν.
2366 5641 2513 5702 Editi
2570 5641 2689 5705 cum
2722 5646 3042 5717 quibusdam
3097 5641 3233 5702 aliis
3274 5659 3403 5701 mss.
3447 5645 3542 5699 καὶ
3575 5641 3770 5698 διελὼν

2197 5722 2316 5791 τήν,
2354 5731 2514 5775 rcclc.
