4082 6398
407 353 476 406 55
1542 352 1825 412 HOMILIA
1866 353 1929 406 Ill
1968 351 2032 406 IN
2075 351 2570 410 HESAEMERON.
2885 323 2892 330 ’
3575 359 3644 414 5t
3725 313 3734 321 ’

406 471 698 544 ἑσπερινὴν
731 471 1068 545 εὐφροσύνην
1113 473 1496 544 ποιησάμενος,
1528 471 1625 526 νῦν
1654 473 1744 525 ἐπὶ
1775 472 1844 526 τά
1876 473 1954 543 τῆς

2079 474 2250 540 niam,
2281 475 2352 529 ita
2383 473 2744 544 vespertinam
2779 471 3016 527 laetitiam
3059 471 3263 536 effecit,
3293 488 3430 527 nunc
3464 475 3531 530 ad
3559 491 3644 530 se-

402 563 662 636 δευτέρας
696 565 948 635 θαύματα
1003 565 1334 636 μεταϐαίνει.
1382 564 1540 632 Λέγω
1587 564 1642 617 δὲ
1677 565 1834 618 τοῦτο
1876 565 1974 618 οὐκ

405 655 499 708 ἐπὶ
549 655 649 726 τὴν
697 654 790 708 τοῦ
836 655 1197 725 ἐξηγουμένου
1238 654 1466 724 δύναμιν
1513 654 1818 725 ἀναφέρων,
1857 654 1972 708 ἀλλ’

404 745 496 797 ἐπὶ
522 745 618 816 τὴν
647 745 806 816 χάριν
832 747 938 798 τῶν
965 747 1075 816 (75)
1104 743 1521 816 γεγραμμένων,
1551 745 1793 813 φυσικῶς
1821 743 1975 814 ἔχους-

404 853 506 890 σαν
535 837 596 890 τὸ
627 837 1048 908 εὐπαράδεκτον,
1082 837 1177 890 καὶ
1216 837 1365 906 πάσῃ
1397 835 1592 907 καρδίᾳ
1621 834 1886 906 προσηνές
1914 853 1973 890 τε

402 928 498 980 καὶ
528 928 698 997 φίλον,
725 928 832 980 τῶν
858 929 918 980 τὸ
947 927 1142 999 ἀληθὲς
1181 927 1277 981 τοῦ
1306 927 1530 983 πιθανοῦ
1561 927 1970 998 προτιμώντων.

403 1011 556 1064 Καθὸ
589 1013 681 1064 καὶ
705 1014 732 1064 6
765 1011 1070 1083 Ψαλμῳδὺς
1095 1011 1204 1080 (74)
1239 1009 1663 1081 ἐμφατικώτατα
1684 1009 1745 1061 τὸ
1783 1011 1846 1061 ὲκ
1872 1008 1973 1079 τῆς

398 1104 660 1174 ἀληθείας
689 1105 787 1175 ἡδὺ
825 1103 1123 1176 παριστῶν,
1169 1106 1264 1170 Ὠς
1292 1101 1538 1174 γλυκέα,
1569 1099 1722 1171 φησὶ,
1753 1099 1832 1166 τῷ
1861 1099 1972 1154 λά-

394 1196 574 1264 ρυτγί
595 1214 714 1264 μου
747 1194 820 1248 τὰ
855 1193 1031 1264 λόγια
1067 1210 1204 1259 σου,
1234 1193 1386 1260 ὑπὲρ
1418 1190 1557 1260 μέλι
1595 1189 1674 1255 τῷ
1721 1191 1974 1258 στόματί

394 1306 535 1358 μου.
563 1287 706 1351 Χθὲς
745 1287 944 1351 τοίνυν,
981 1286 1208 1340 καθόσον
1239 1281 1307 1357 ἦν
1339 1285 1561 1339 δυνατὸν
1586 1283 1722 1352 (75),
1747 1286 1814 1354 τῇ
1843 1283 1971 1353 περὶ

396 1383 469 1435 τὰ
495 1382 650 1449 λόγια
676 1381 769 1435 τοῦ
798 1380 932 1434 Θεοῦ
962 1380 1209 1452 διατριϐῇ
1247 1379 1346 1443 τὰς
1373 1377 1552 1449 ψυχὰς
1583 1377 1736 1448 ὑμῶν
1765 1376 1969 1446 εὐφρά-

397 1490 608 1536 ναντες,
640 1472 799 1526 πάλιν
825 1474 1214 1543 ἀπηντήσαμεν
1245 1469 1353 1542 (76)
1394 1471 1630 1541 σήμερον
1663 1469 1720 1520 ὲν
1743 1467 1969 1537 δευτέρᾳ

396 1564 602 1634 ἡμέρα,
632 1561 740 1616 τῶν
775 1561 874 1631 τῆς
901 1561 1157 1633 δευτέρας
1181 1561 1390 1631 ἡμέρας
1416 1558 1590 1628 ἔργων
1615 1557 1683 1610 τὰ
1717 1555 1969 1627 θαύματα

398 1655 776 1726 κατοψόμενοι.
839 1653 998 1706 Ἀλλά
1050 1654 1159 1725 γὰρ
1197 1654 1256 1706 οὐ
1302 1652 1494 1723 λέληθέ
1545 1669 1631 1722 με,
1667 1652 1748 1704 ὅτι
1784 1649 1967 1703 πολλοὶ

2081 567 2272 622 cunde
2300 567 2402 621 diei
2438 565 2700 620 miracula
2745 565 2959 619 transit.
3005 563 3118 618 Hoc
3159 573 3334 618 autem
3372 566 3512 632 dico,
3543 580 3644 622 nec

2079 669 2258 713 tamen
2296 657 2471 713 refero
2509 670 2575 712 ao
2622 657 2930 711 enarrantis
2959 656 3294 721 facultatem,
3330 659 3423 711 sed
3457 658 3520 711 ad
3551 673 3644 713 eo-

2077 766 2194 804 rum
2240 765 2359 819 quze
2410 749 2609 819 scripta
2661 757 2788 803 sunt
2838 749 3092 816 gratiam,
3122 763 3241 816 quae
3282 763 3310 800 a
3364 757 3550 802 natura
3589 749 3640 804 id

2078 838 2242 894 habet
2291 847 2348 892 ut
2400 837 2556 894 facile
2600 839 2920 908 excipiatur,
2951 840 3209 906 omnique
3258 837 3408 892 cordi
3453 854 3640 893 eorum

2076 931 2165 998 qui
2203 930 2487 984 veritatem
2542 929 2802 998 probabili
2850 939 3206 997 anteponunt,
3244 929 3433 983 blanda
3475 929 3545 984 sit
3588 941 3641 985 et

2075 1031 2247 1091 grata.
2275 1020 2435 1075 Juxta
2461 1022 2600 1091 quod
2629 1030 2682 1075 et
2706 1020 2909 1074 Psaltes
2936 1019 3427 1091 significantissime
3459 1022 3641 1074 suavi-

2075 1120 2242 1164 tatem
2290 1111 2550 1164 exhibens
2593 1111 2858 1176 veritatis,
2891 1110 2965 1163 ait
3001 1128 3012 1162 :
3049 1109 3218 1175 Quam
3252 1111 3426 1166 dulcia
3463 1113 3637 1181 fauci—

2075 1202 2168 1255 bus
2216 1202 2342 1255 meis
2390 1201 2595 1271 eloquia
2631 1213 2742 1267 tua,
2783 1219 2938 1270 super
2973 1203 3073 1258 mel
3118 1206 3196 1257 ori
3237 1220 3348 1257 meo
3371 1204 3436 1258 ³⁸.
3481 1203 3636 1260 Post-

2072 1308 2232 1362 quam
2283 1295 2464 1362 itaque
2513 1295 2764 1348 hesterna
2797 1295 2861 1349 de
2898 1293 2990 1349 Dei
3032 1295 3261 1364 eloquiis
3297 1297 3635 1363 tractatione,

2072 1391 2332 1453 quantum
2359 1383 2410 1436 in
2438 1382 2595 1437 nobis
2622 1383 2785 1437 situm
2811 1381 2930 1447 fuit,
2959 1383 3168 1438 animas
3190 1396 3399 1439 vestras
3426 1385 3635 1439 exhila-

2056 1474 2316 1528 -ravimus
2353 1492 2366 1528 :
2402 1474 2595 1527 iterum
2641 1473 2799 1527 hodie
2846 1477 3081 1529 secunda
3131 1476 3216 1530 die
3262 1479 3634 1543 convenimus,
3737 1515 3742 1522 -

2071 1565 2331 1619 miracula
2360 1579 2583 1632 operum
2617 1565 2866 1618 secunda:
2897 1566 3003 1620 diei
3032 1567 3348 1634 spectaturi.
3379 1568 3448 1622 At
3491 1569 3633 1623 enim

2070 1672 2175 1711 non
2203 1671 2286 1711 me
2313 1657 2464 1720 latet,
2491 1655 2689 1710 multos
2721 1657 2918 1711 artium
2949 1659 3383 1713 mechanicarum
3410 1660 3636 1729 opifices

394 1750 632 1817 τεχνῖται
681 1745 793 1799 τῶν
837 1744 1118 1815 βαναύσων
1151 1744 1392 1816 τεχνῶν,
1425 1742 1723 1814 ἀγαπητῶς
1760 1744 1824 1795 ὲκ
1864 1741 1954 1812 τῆς

2071 1749 2421 1802 circumstare
2465 1762 2584 1811 nos,
2617 1747 2709 1816 qui
2757 1747 2859 1802 sibi
2892 1762 2958 1802 ex
2999 1749 3186 1802 diurna
3231 1764 3392 1819 opera
3422 1752 3510 1805 vix
3540 1767 3636 1822 pa-

395 1837 479 1904 ἐφ’
512 1836 724 1907 ἡμέραν
746 1835 1003 1905 ἐργασίας
1027 1833 1122 1904 τὴν
1155 1832 1358 1905 τροφὴν
1385 1835 1595 1896 ἑαυτοῖς
1625 1832 1734 1901 (77)
1759 1849 1954 1901 συμπο-

2071 1851 2255 1896 rantes
2283 1842 2507 1906 victum,
2538 1856 2636 1896 nos
2667 1855 2970 1895 sermonem
3015 1841 3319 1897 discindere
3349 1859 3410 1898 ac
3439 1845 3634 1900 decur«

398 1926 669 2000 ρίζοντες,
708 1928 1130 1998 περιεστήκασιν
1190 1927 1357 1996 ἡμᾶς,
1409 1924 1458 1978 οἳ
1507 1925 1596 1978 τὸν
1646 1923 1802 1991 λόγον
1835 1926 1965 1994 ἡμῖν

394 2019 800 2087 συντέμνουσιν,
839 2019 928 2070 ἵνα
969 2016 1042 2088 μὴ
1085 2017 1179 2070 ἐπὶ
1221 2015 1354 2070 πολὺ
1383 2016 1484 2086 τῆς
1513 2015 1774 2086 ἐργασίας
1803 2013 1966 2083 ἀφέλ-

393 2127 614 2165 κωνται.
662 2108 805 2180 Πρὸς
853 2107 946 2172 οὒς
977 2108 1028 2160 τί
1079 2125 1252 2178 φημι;
1309 2109 1428 2160 Ὅτι
1465 2107 1524 2160 τὸ
1567 2105 1839 2159 δανεισθὲν
1886 2104 1964 2175 τῷ

391 2201 511 2272 Θεῷ
538 2199 634 2254 τοῦ
663 2201 853 2272 χρόνου
892 2201 1055 2273 μέρος
1084 2201 1184 2253 οὐκ
1209 2197 1546 2268 ἀφανίζεται,
1571 2197 1705 2251 ἀλλά
1734 2198 1828 2251 σὺν
1869 2213 1964 2267 με-

389 2293 529 2364 γάλῃ
570 2291 876 2345 ἀποδίδοται
905 2292 1033 2362 παρ’
1065 2291 1229 2344 αὑτοῦ
1272 2293 1338 2361 τῇ
1380 2290 1684 2362 προσθήκῃ.
1717 2289 1826 2342 Κιι)⁸
1854 2287 1962 2358 γὰρ

385 2385 509 2440 ὅσαι
541 2384 890 2456 περιστάσεις
919 2383 1172 2454 ἀσχολίας
1215 2384 1516 2453 ποιητικαὶ,
1551 2380 1748 2444 ταύτας
1775 2382 1802 2433 6
1846 2380 1960 2451 Κύέ

392 2493 505 2548 ριος
532 2473 889 2546 παραπέμψει
909 2490 922 2502 ’
957 2474 1050 2527 καὶ
1074 2473 1283 2544 σώματι
1308 2473 1480 2536 τόνον,
1517 2472 1609 2524 καὶ
1636 2471 1780 2541 ψυχῇ
1823 2486 1960 2540 προ-

389 2567 609 2636 θυμίαν,
636 2563 1094 2635 συναλλαγμάτων
1110 2562 1429 2634 εὐμάρειαν,
1457 2561 1552 2613 καὶ
1571 2559 1668 2630 τὴν
1684 2561 1764 2622 είς
1784 2559 1960 2612 πάντα

385 2658 478 2710 τὸν
527 2657 638 2727 βίον
688 2655 895 2709 εὐοδίαν
937 2657 1048 2718 τοῖς
1095 2654 1163 2708 τά
1202 2652 1543 2724 πνευματικά
1594 2651 1958 2722 προτιμότερα

387 2749 728 2820 ποιουμένοις
771 2747 966 2811 διδούς.
1000 2746 1116 2800 Κᾶν
1148 2749 1207 2800 ὲν
1254 2745 1330 2816 τῷ
1361 2745 1588 2817 παρόντι
1625 2745 1682 2797 δὲ
1718 2743 1790 2814 μὴ
1837 2744 1957 2796 κατ’

385 2843 607 2905 ἐλπίδας
630 2844 760 2912 ἡμῖν
799 2841 910 2910 (78)
941 2841 1074 2911 ἐκϐῇ
1101 2839 1169 2892 τά
1200 2838 1627 2908 σπουδαζόμενα,
1657 2835 1792 2889 ἀλλὰ
1822 2836 1957 2906 πρός

384 2953 448 3004 γε
490 2935 582 2987 τὸν
615 2932 811 3005 ἐφεξῆς
840 2933 1010 2986 αἰῶνα
1044 2931 1244 3000 ἀγαθὸς
1276 2929 1544 3001 θησαυρὸς
1579 2931 1610 2999 ἡ
1642 2927 1956 2982 διδασκαλία

383 3027 480 3080 τοῦ
526 3026 862 3097 Πνεύματος.
913 3025 1100 3078 ’Λνελε
1141 3025 1319 3078 τοίνυν
1369 3022 1469 3091 τῆς
1506 3020 1733 3090 καρδίας
1775 3021 1953 3072 πᾶσαν

2070 1946 2184 1988 tare
2224 1941 2444 1999 cogunt,
2475 1942 2533 1986 ut
2581 1947 2648 1986 ne
2696 1933 2901 1986 diutius
2931 1934 3000 1987 ab
3029 1948 3195 2001 opera
3238 1935 3628 1991 distrahantur.

2066 2017 2191 2072 lstis
2224 2018 2350 2086 quid
2388 2020 2560 2073 dicam
2582 2020 2605 2073 ?
2631 2019 2894 2074 Nimirum
2926 2020 3079 2075 istam
3113 2023 3370 2092 temporis
3400 2034 3629 2093 partem,

2066 2110 2176 2164 Deo
2228 2109 2421 2163 [ωηοτί
2475 2111 2679 2177 datam,
2721 2127 3058 2180 nequaquam
3105 2114 3276 2182 perdi,
3312 2114 3404 2169 sed
3436 2131 3634 2188 magno

2065 2217 2186 2257 cum
2237 2202 2571 2256 incremento
2601 2202 2668 2254 ah
2709 2203 2823 2272 ipso
2870 2205 3110 2273 rependi.
3155 2205 3365 2259 Etenim
3405 2208 3633 2277 quicun-

2063 2309 2169 2363 que
2212 2309 2372 2347 casus
2415 2293 2859 2362 impedimentum
2905 2295 3158 2360 afferunt,
3182 2313 3275 2352 eos
3303 2298 3440 2354 Deus
3471 2316 3631 2354 aver-

2066 2393 2171 2449 tet;
2207 2400 2270 2439 ac
2316 2387 2534 2455 corpori
2580 2387 2761 2451 robur,
2798 2391 2978 2444 animo
3014 2390 3375 2457 alacritatem,
3404 2394 3632 2448 facilita-

2066 2488 2172 2533 tem
2218 2480 2531 2534 commercii
2567 2490 2622 2534 et
2658 2487 3072 2552 prosperitatem
3116 2501 3212 2554 per
3259 2495 3426 2542 totam
3462 2488 3629 2542 vitam

2063 2570 2129 2625 iis
2181 2573 2269 2640 qui
2319 2573 2620 2640 spiritttalia
2672 2574 3020 2642 prmtulerint,
3053 2577 3343 2646 largiturus
3374 2587 3475 2634 est.
3514 2580 3628 2634 Etsi

2062 2675 2241 2717 autem
2292 2664 2344 2718 in
2389 2665 2639 2734 praesenti
2675 2680 2780 2719 non
2813 2668 3106 2721 secundum
3143 2685 3288 2738 spem
3331 2672 3629 2726 succedunt

2061 2763 2245 2809 nostra
2285 2756 2484 2820 studia,
2513 2765 2568 2809 at
2597 2765 2745 2811 certe
2773 2757 3009 2828 Spiritus
3035 2761 3278 2814 doctrina
3315 2775 3410 2829 pro
3445 2760 3628 2818 futuro

2061 2847 2257 2901 saeculo
2301 2849 2588 2902 thesaurus
2631 2847 2802 2904 bonus
2846 2861 2948 2905 est.
2983 2849 3130 2906 Tolle
3171 2853 3332 2919 igitur
3365 2867 3430 2907 ex
3463 2855 3629 2909 corde

2058 2953 2275 2992 onlnem
2304 2941 2477 2994 victus
2499 2939 2938 3007 sollicitudinem,
2960 2951 3235 3011 totumque
3271 2953 3321 2998 te
3349 2944 3462 3013 ipse
3493 2944 3626 2999 mihi

2059 3029 2267 3098 collige.
2312 3029 2419 3084 Nec
2444 3030 2589 3083 enim
2623 3031 2916 3099 quidquam
2949 3047 3014 3086 ex
3045 3035 3289 3102 corporis
3339 3035 3623 3104 przesentia

381 3117 476 3172 τοῦ
505 3117 618 3187 βίου
646 3117 932 3189 μέριμναν,
957 3117 1050 3169 καὶ
1070 3116 1187 3169 ὅλον
1211 3132 1298 3186 μοι
1327 3113 1550 3167 σεαυτὸν
1576 3111 1809 3166 ἐνταῦθα
1831 3129 1954 3165 συν-

2062 3121 2356 3190 percipitur
2391 3121 2759 3188 emolumenti,
2793 3125 2837 3179 si
2871 3136 3018 3179 tuum
3051 3139 3142 3179 cor
3172 3129 3224 3179 in
3256 3135 3472 3181 terreno
3501 3127 3623 3183 the-

383 3211 576 3280 άγαγε.
619 3211 693 3262 Οὐ
730 3209 838 3279 γὰρ
872 3207 1061 3277 ὄφελός
1094 3225 1145 3260 τι
1184 3206 1284 3277 τῆς
1329 3206 1422 3259 τοῦ
1466 3203 1716 3274 σώματος
1743 3223 1951 3276 παρου-

384 3303 523 3366 σίας,
560 3302 659 3372 τῆς
683 3299 910 3372 καρδίας
939 3315 1030 3351 σου
1058 3298 1187 3368 περὶ
1219 3297 1309 3351 τὸν
1333 3299 1519 3370 γήῖνον
1551 3296 1821 3368 θησαυρὸν
1858 3315 1956 3351 πο-

379 3413 471 3450 νου
479 3395 666 3466 μένης.

449 3489 504 3541 2.
546 3487 652 3541 Kal
688 3481 856 3540 εἶπεν
891 3487 923 3538 ό
961 3485 1134 3550 Θεός’
1185 3482 1502 3550 Γενηθήτω
1553 3481 1853 3551 στερέωμα
1883 3481 1956 3534 ἐν

373 3577 543 3648 μέσῳ
593 3575 699 3630 τοῦ
748 3574 983 3639 ὕδατος,
1021 3573 1120 3626 καὶ
1150 3573 1306 3627 ἔστω
1338 3572 1680 3642 διαχωρίζον
1707 3571 1822 3626 ἀνὰ
1844 3569 1950 3640 μέ-

377 3689 494 3726 σον
528 3671 742 3736 ῠδατος
778 3670 876 3723 καὶ
905 3667 1141 3733 ὕδατος.
1177 3667 1313 3738 Ἤδη
1345 3669 1439 3720 καὶ
1484 3666 1610 3737 χθὲς
1638 3665 1951 3735 ἠκούσαμεν

376 3765 514 3819 Θεοῦ
559 3764 816 3835 ῥημάτων
836 3781 848 3792 ·
883 3761 1201 3828 Γενηθήτω
1231 3759 1382 3829 ςρςῶς⁸
1428 3761 1518 3812 καὶ
1545 3759 1810 3830 σήμερονο
1843 3760 1950 3811 Γε-

373 3857 609 3926 νηθήτω
636 3854 954 3923 στερέωμα.
991 3853 1155 3906 Πλέον
1189 3852 1244 3904 δέ
1269 3870 1321 3904 τι
1349 3851 1492 3921 ἔχειν
1519 3851 1666 3905 δοκεῖ
1698 3851 1768 3903 τά
1810 3868 1949 3918 παρ-

374 3951 534 4012 όντα,
569 3950 650 4002 ὅτι
693 3948 794 4001 οὐκ
836 3947 1127 4016 άπέμεινεν
1179 3944 1288 4014 (79)
1327 3946 1355 3996 6
1395 3944 1552 4010 λόγος
1599 3944 1655 3994 ὲν
1692 3941 1830 4012 ψιλῷ
1869 3941 1947 4011 τῷ

375 4041 772 4112 προστάγματι,
801 4037 935 4091 άλλά
958 4039 1050 4089 καὶ
1070 4037 1168 4108 τὴν
1189 4037 1364 4089 αἰτίαν
1393 4034 1508 4088 καθ’
1529 4037 1593 4105 ἣν
1614 4035 1944 4105 ἐπιζητεῖται

373 4135 466 4188 τοῦ
503 4131 874 4206 στερεώματος
922 4133 954 4201 ἡ
1003 4128 1311 4199 κατασκευὴ
1354 4127 1778 4199 προσδιώρισενο
1821 4127 1945 4179 Ἵνα

371 4224 707 4296 διαχωρίζῃ,
747 4223 930 4292 φησὶν,
965 4221 1078 4275 ἀνὰ
1100 4220 1292 4289 μέσον
1331 4219 1546 4285 ὕδατος
1576 4218 1673 4272 καὶ
1706 4217 1940 4283 ὕδατος.

371 4320 592 4391 Πρῶτον
625 4318 721 4388 μὲν
758 4313 849 4369 οὖν
882 4315 1237 4378 ἀναλαϐόντες
1283 4312 1554 4384 ζητῶμεν,
1592 4314 1709 4377 πῶς
1737 4314 1765 4365 6
1810 4312 1942 4376 Θεὸς

367 4412 695 4478 διαλέγεται.
733 4403 878 4478 τΑρα
912 4407 1002 4460 τὸν
1029 4407 1294 4478 ἡμέτερον
1339 4406 1449 4476 (80)
1482 4406 1711 4476 τρόπον,
1747 4405 1941 4476 πρότε-

2058 3224 2222 3264 sauro
2247 3210 2610 3281 comparando
2637 3222 2954 3282 occupatur.

2121 3485 2176 3539 2.
2225 3485 2289 3539 Et
2340 3485 2473 3539 dixit
2510 3484 2649 3540 Deus
2685 3499 2704 3536 :
2748 3483 2879 3539 Fiat
2930 3486 3313 3554 ﬁrmamentum
3355 3488 3408 3541 in
3449 3489 3618 3543 medie
3678 3496 3683 3506 '

2053 3593 2222 3646 aqua’,
2258 3587 2303 3630 et
2349 3579 2415 3630 sit
2464 3576 2761 3630 discernens
2811 3578 2947 3630 inter
2994 3595 3185 3647 aquam
3233 3589 3280 3632 et
3330 3595 3519 3644 aquam
3551 3579 3615 3634 ³⁸.

2051 3666 2166 3721 Jam
2197 3667 2502 3721 audivimus
2529 3667 2643 3721 heri
2675 3667 2766 3721 Dei
2794 3668 2954 3721 verba
2986 3687 2999 3720 ε
3035 3667 3156 3721 Fiat
3185 3669 3296 3722 lux.
3327 3669 3392 3724 Et
3420 3671 3615 3727 hodie:

2053 3756 2176 3810 Fiat
2204 3758 2616 3826 ﬁrmamentum.
2647 3758 2891 3826 Amplius
2920 3770 3097 3812 autem
3126 3761 3377 3829 quiddam
3419 3763 3618 3817 habere

2051 3850 2300 3904 ridentur
2325 3852 2607 3919 prasentia
2649 3868 2662 3904 :
2704 3852 3132 3919 quandoquidem
3179 3869 3356 3907 sermo
3403 3869 3506 3908 non
3561 3856 3615 3908 in

2049 3943 2192 3994 nudo
2242 3951 2512 4010 praecepto
2563 3942 2881 4011 permansit,
2913 3943 3008 3996 sed
3053 3959 3268 3996 causam
3314 3945 3476 3998 etiam
3517 3961 3616 4000 cur

2051 4032 2371 4086 firmamenti
2426 4043 2698 4087 structura
2748 4034 3077 4102 requiratur,
3121 4034 3432 4097 declaravit,
3487 4037 3610 4088 dum

2047 4125 2123 4178 ait
2161 4142 2176 4178 :
2221 4122 2288 4176 Ut
2323 4125 2391 4177 sit
2422 4126 2717 4178 discernens
2765 4127 2900 4179 inter
2930 4125 3034 4196 23
3079 4144 3267 4197 aquam
3308 4138 3352 4180 et
3396 4143 3608 4194 aquam.

2045 4216 2282 4271 Primum
2344 4217 2560 4292 quidem
2608 4219 2747 4287 quod
2799 4229 3105 4286 susceptum
3146 4227 3249 4283 est,
3286 4219 3334 4273 id
3371 4221 3609 4288 inquira-

2047 4324 2188 4375 mus,
2227 4309 2498 4378 quomodo
2537 4309 2678 4365 Deus
2721 4311 2990 4380 loquatur.
3041 4309 3177 4363 Num
3211 4325 3358 4364 more
3402 4318 3606 4374 ttoslt'o,

2046 4405 2196 4476 prius
2259 4420 2439 4459 rerum
2506 4407 2717 4476 species
2777 4405 3103 4473 imprimitur
3165 4407 3217 4460 in
3281 4407 3606 4461 intellectu:

371 4521 464 4575 ρον
505 4503 604 4574 μὲν
644 4505 672 4555 6
703 4501 812 4554 ἀπὸ
841 4500 949 4553 τῶν
997 4500 1338 4570 πραγμάτων
1379 4500 1543 4563 τύπος
1577 4500 1849 4568 ἐγγίνεται
1878 4501 1946 4570 τῇ

2060 4496 2241 4550 Jeinde
2286 4505 2406 4565 post
2456 4508 2768 4567 conceptam
2820 4500 3000 4553 animo
3035 4497 3319 4567 imaginem
3366 4499 3609 4570 proprias

438 4710 484 4743 ⁸⁵
519 4710 660 4766 Psal.
698 4726 888 4777 cxvttt,
932 4707 1050 4762 l05.
1128 4708 1171 4738 ³⁸
1197 4706 1326 4762 Gen.
1359 4723 1394 4770 ι,
1431 4707 1481 4763 7.

433 4881 544 4949 (75)
575 4877 726 4933 Colh.
761 4877 964 4947 primus
994 4878 1085 4929 ἐπὶ
1104 4877 1206 4949 τῆς
1235 4874 1456 4949 χάριτος
1486 4875 1610 4949 τῶν.

437 4944 547 5022 (74)
583 4949 723 5022 Editi
751 4944 875 5022 cum
897 4944 1171 5000 uolutullis
1196 4944 1323 5001 uiSsL
1358 4946 1722 5022 6tlaalp6qLet
1757 4944 1934 5022 ita‘le-

364 5015 456 5092 git‘
482 5015 812 5092 Eustathius.
834 5020 922 5092 _At
963 5031 1099 5092 vero
1125 5032 1250 5092 mss.
1283 5015 1532 5092 quinque
1553 5018 1581 5067 6
1608 5015 1929 5092 ‘f'alptpb‘o'g.

438 5091 551 5157 (75)
583 5089 732 5140 Coll).
767 5089 970 5154 primus
1004 5086 1233 5140 καθόσον
1264 5088 1431 5138 πᾶσιν
1459 5086 1682 5139 δυνατόν
1703 5128 1717 5146 .
1771 5098 1930 5154 prout

401 5163 580 5226 uisque
601 5167 820 5223 poterat.
865 5158 1012 5210 llaud
1039 5157 1206 5210 multo
1251 5167 1362 5222 post
1399 5159 1560 5211 editio
1601 5157 1774 5209 Paris.
1807 5173 1925 5208 cum

363 5179 548 5281 xeniis
583 5229 740 5281 tertio
767 5237 818 5280 ct
847 5239 1040 5281 quarto
1065 5227 1240 5281 ψυγὰς
1270 5226 1442 5281 ὑμῶν.
1478 5238 1530 5280 et
1561 5227 1637 5280 sic
1665 5228 1790 5281 leait
1823 5227 1925 5279 Eu—

364 5227 548 5299 Regiis
583 5229 740 5282 tertio
767 5237 818 5280 ct
847 5239 1040 5293 quarto
1065 5227 1240 5297 ψυχὰς
1270 5227 1442 5297 ὑμῶν,
1478 5238 1530 5280 et
1561 5227 1637 5280 sic
1665 5228 1790 5295 legit
1823 5227 1926 5279 Eu—

363 5301 613 5381 stat_hius.
647 5296 756 5353 Sed
786 5298 950 5352 editio
986 5296 1148 5351 Basil.
1175 5313 1295 5352 cum
1323 5299 1559 5367 quinque
1591 5313 1718 5351 mss.
1747 5297 1925 5367 ψυχὰς

445 5389 542 5422 ων.

576 5437 730 5494 Coll).
786 5437 991 5505 primus
1032 5438 1453 5508 άπαντήσωμεν.
1479 5437 1686 5508 Ibidem
1701 5437 1838 5508 editi
1867 5437 1926 5488 ἐν

359 5512 426 5581 τῇ
449 5507 698 5581 δευτέρᾳ.
729 5508 834 5562 Sed
861 5509 1008 5562 deest
1028 5509 1496 5581 _:trtieulus_iu_sex
1529 5523 1655 5581 mss.
1674 5507 1924 5581 lloeipso

360 5577 424 5633 in'
456 5580 574 5634 loco
602 5577 834 5646 {mutuor
862 5595 990 5633 mss.
1022 5578 1278 5648 δευτέρας
1297 5577 1510 5647 ἡμέρας
1534 5577 1730 5648 ἔργων.
1769 5577 1924 5648 Deest

363 5649 574 5721 ἡμέρας
609 5648 848 5721 in_editi_<
881 5649 1001 5701 etin
1030 5646 1296 5701 nonnullis
1319 5646 1448 5703 mss.
1477 5646 1629 5701 Coll).
1656 5646 1925 5703 secundus

564 5718 633 5791 τά
667 5717 957 5789 θαυμάσια.

430 5787 541 5861 (77)
577 5789 726 5845 Colh.
760 5787 966 5859 primu-1;
984 5788 1194 5861 τρυφὴν
1218 5788 1445 5843 ἑαυτῶν.
1473 5787 1543 5842 Ea
1562 5789 1773 5844 videtur
1805 5803 1920 5843 esse

2042 4873 2123 4927 vis
2163 4872 2310 4927 vocis
2326 4871 2624 4941 ἀγαπητῶς
2641 4889 2654 4902 '
2681 4872 2784 4937 Qui
2804 4881 3042 4942 putantes
3058 4888 3229 4925 secum
3259 4872 3383 4925 bene
3405 4882 3600 4940 actum,

2041 4944 2088 4996 si
2129 4945 2324 4996 victum
2360 4960 2426 4996 ea:
2451 4944 2645 4995 diurna
2677 4941 2831 5008 Opera
2855 4941 2954 4995 sibi
2993 4953 3309 5007 comparent.
3363 4942 3472 4996 lloc
3497 4958 3599 5009 εει,

2039 5015 2230 5066 victum
2257 5014 2342 5064 vix
2376 5021 2645 5078 parantes,
2678 5020 2730 5064 et
2765 5027 2978 5076 parasse
3009 5014 3139 5065 satis
3172 5011 3448 5066 habentes.
3478 5014 3596 5068 Mox

2036 5098 2165 5136 mss.
2195 5093 2398 5152 septem
2421 5081 2579 5152 λόγον
2611 5083 2740 5152 ἡμῖν
2770 5099 2915 5134 συντ.
2951 5081 3090 5135 Editi
3121 5081 3277 5148 λόγον
3305 5082 3480 5151 ήμῶν.
3517 5085 3597 5136 ln-

2034 5152 2113 5206 ira
2142 5152 2202 5206 τὸ
2225 5151 2522 5204 δανεισθέν.
2560 5151 2911 5220 [λθεογηοιειιιι
2943 5153 3134 5214 Μητρὶ,
3161 5167 3264 5220 qua
3307 5157 3410 5204 vim
3445 5155 3592 5206 verhi

2030 5220 2368 5285 δανείζεσθαι
2403 5221 2652 5288 explicat.
2703 5219 2791 5274 Sic
2825 5223 2982 5275 vertit
3020 5222 3100 5274 vir
3155 5227 3340 5275 doctus
3372 5239 3384 5272 :
3423 5223 3592 5286 Quam

2035 5289 2380 5364 [portionem]
2418 5292 2818 5364 commodariut.

2103 5362 2213 5430 (78)
2253 5359 2324 5413 lta
2362 5359 2510 5413 'mss.
2542 5360 2783 5414 Comhef.
2843 5375 2964 5415 cum
3014 5360 3136 5414 aliis
3175 5361 3411 5429 quinque
3458 5373 3589 5414 mss.

2027 5431 2167 5485 Editi
2208 5447 2328 5484 cum
2363 5430 2530 5501 Regio
2561 5431 2901 5501 te_rtio_6p.iv.

2097 5500 2206 5573 (79)
2249 5503 2338 5573 Sic
2385 5497 2548 5554 editio
2606 5497 2942 5555 Basil.'cum
2991 5509 3192 5569 septem
3247 5515 3377 5556 mss.
3413 5497 3590 5555 Editio

2023 5569 2195 5624 Paris.
2227 5569 2530 5639 ἐπέμεινεν.

2095 5641 2205 5709 (80)
2237 5641 2378 5692 Editi
2419 5640 2561 5693 κατὰ
2585 5639 2675 5693 τὸν
2701 5639 2989 5711 ἡμέτερον.
3017 5639 3170 5711 Deest
3209 5639 3350 5694 κατά
3379 5643 3429 5696 in
3454 5656 3586 5698 mss.

2022 5711 2312 5779 Aliquanto
2343 5721 2462 5774 post
2506 5721 2615 5767 trcs
2661 5728 2789 5766 mss.
2834 5710 3296 5782 φαντασιωθῆναι,
3345 5731 3445 5768 nou
3477 5713 3590 5770 dis-

2023 5783 2180 5837 simili
2207 5796 2390 5836 sensu.
