4082 6398
508 318 579 376 53
1851 328 1907 384 S.
1952 327 2080 381 BAS

2187 329 2195 382 Ι
2236 326 2448 384 MAGNI
3696 330 3769 386 56

505 443 563 493 et
606 434 895 505 unicuique
940 437 1190 507 subjecto
1235 444 1620 499 accommodas
1662 441 2085 510 significationes

2189 445 2404 514 νοήσει,
2432 444 2623 498 ἔπειτα
2660 445 2796 515 μετὰ
2821 445 2882 499 τὸ
2923 443 3316 515 φαντασθῆναι,
3356 442 3465 496 ἀπὸ
3494 442 3603 497 τῶν
3634 444 3769 497 ὑπο-

505 529 764 599 seligens,
805 531 1099 585 enuntiat?
1132 548 1258 587 num
1294 534 1526 603 denique
1561 534 1826 590 vocalium
1856 551 2085 605 organo-

502 634 624 675 rum
678 622 986 677 ministerio
1034 624 1269 693 cogitata
1324 629 1700 693 committens,
1750 629 1823 683 ita
1868 628 2085 683 demunt

502 728 603 782 per
632 714 776 768 aeris
810 715 1250 784 impressionem,
1284 720 1351 772 ad
1382 722 1531 775 vocis
1562 732 1766 775 motum
1801 721 2087 775 articulate

504 802 830 858 distinctum
878 809 1368 873 accommodatam,
1403 812 1783 879 cogitationem
1819 812 2082 866 iuternam

506 895 854 950 manifestat?
898 896 964 951 Et
989 900 1259 967 quomodo
1291 915 1396 954 non
1432 901 1734 957 fabulosum
1766 913 1872 966 est,
1901 905 2086 959 dicere

507 986 674 1041 Deum
710 990 775 1043 ad
806 1004 933 1044 suas
966 991 1323 1059 cogitationes
1364 993 1716 1050 declarandas
1762 998 2085 1053 circuitione

508 1080 598 1133 tali
665 1082 935 1151 indigere?
1007 1082 1196 1140 Nonne
1256 1087 1426 1156 magis
1489 1090 1636 1156 pium
1703 1098 1785 1142 est
1854 1090 2081 1154 dicere,

504 1172 831 1227 voluntatem
898 1174 1173 1240 divinam,
1243 1177 1585 1247 primumque
1672 1181 1922 1233 motionis
2007 1183 2087 1234 in-

507 1263 795 1332 telligentis
868 1266 1157 1333 impetum,
1217 1267 1451 1324 Verbum
1534 1285 1655 1325 esse
1719 1271 1855 1325 Dei?
1914 1271 2085 1325 Porro

505 1360 789 1413 verborum
862 1362 1063 1416 ambitu
1136 1364 1308 1431 ipsum
1375 1367 1660 1419 adumbrat
1739 1368 2083 1437 delineatque

506 1449 826 1519 Scriptura,
894 1463 951 1506 ut
1034 1455 1363 1512 demonstret
1449 1459 1591 1527 quod
1672 1474 1775 1511 non
1860 1459 2087 1514 voluerit

505 1542 678 1596 solum
745 1544 860 1597 fieri
933 1557 1274 1613 creaturam,
1335 1550 1428 1603 sed
1485 1565 1604 1602 eam
1663 1551 1824 1603 etiam
1890 1552 1942 1606 in
2003 1554 2085 1607 lu-

505 1646 621 1687 cem
655 1634 741 1688 edi
792 1649 884 1704 per
922 1638 1227 1705 quempiam
1267 1640 1450 1709 Operis
1497 1641 1578 1693 sui
1622 1642 1825 1695 socium
1861 1657 1924 1696 ac
1960 1657 2085 1697 con-

505 1733 729 1780 sortem.
771 1726 986 1782 Poterat
1024 1730 1188 1792 enim,
1223 1732 1298 1784 uti
1342 1732 1495 1785 initio
1534 1732 1744 1787 locutus
1786 1733 1983 1798 fuerat.
2018 1737 2083 1789 de

2186 536 2457 606 κειμένων
2482 536 2580 601 τάς
2607 538 2815 603 οἰκείας
2852 539 2947 593 καὶ
2986 539 3285 609 προσφυεῖς
3330 536 3558 591 ἑκάστου
3596 553 3747 607 σημα

2188 626 2307 689 σίας
2334 627 2690 697 ἐκλεγόμενος
2723 629 3075 699 ἐξαγγέλλεις
3110 624 3226 681 εἶτα
3267 628 3333 696 τῇ
3362 626 3637 698 ὑπηρεσίᾳ
3661 627 3770 680 τῶν

2186 718 2509 787 φωνητικῶν
2550 720 2797 791 ὀργάνων
2854 720 3128 792 παραδοὺς
3177 718 3247 771 τὰ
3296 717 3576 787 νοηθέντα,
3627 718 3770 771 οὑτω

2185 809 2273 862 διὰ
2302 810 2402 879 τῆς
2428 811 2519 865 τοῦ
2557 812 2717 882 ἀέρος
2740 813 3055 877 τυπώσεως,
3083 811 3226 866 κατὰ
3254 811 3350 881 τὴν
3374 810 3634 882 ἔναρθρον
3671 810 3770 881 τῆς

2188 903 2372 973 φωνῆς
2403 904 2634 974 κίνησιν,
2662 908 2719 959 ἐν
2748 907 2823 977 τῷ
2853 906 3081 979 κρυπτῷ
3110 907 3289 976 νόημα
3315 904 3594 975 σαφηνίζει
3620 903 3726 973 (81)
3751 919 3769 968 ;

2188 995 2299 1047 Καὶ
2342 996 2458 1061 πῶς
2488 997 2548 1049 οὑ
2596 998 2840 1066 μυθῶδες
2875 1000 2972 1069 τῆς
3014 998 3268 1069 τοιαύτης
3308 997 3554 1068 περιόδου
3588 996 3769 1063 λέγειν

2186 1086 2275 1137 τὸν
2304 1086 2436 1139 Θεὸν
2467 1088 2688 1159 χρῄζειν
2732 1089 2868 1160 πρὸς
2898 1091 2996 1160 τὴν
3030 1092 3138 1142 τῶν
3172 1089 3470 1159 νοηθέντων
3501 1088 3766 1159 δήλωσιν;

2187 1177 2257 1228 Ἦ
2281 1176 2664 1249 εὐσεϐέστερον
2697 1179 2892 1247 λέγειν,
2920 1181 3000 1233 ὅτι
3030 1181 3089 1233 τὸ
3106 1180 3248 1232 θεῖον
3274 1180 3383 1250 (82)
3403 1178 3648 1248 βούλημα
3672 1179 3767 1230 καὶ

2186 1269 2218 1337 ἡ
2239 1267 2428 1339 πρώτη
2447 1269 2589 1340 ὁρμὴ
2611 1270 2705 1322 τοῦ
2733 1271 2918 1343 νοεροῦ
2937 1272 3252 1342 κινήματος,
3270 1270 3427 1323 τοῦτο
3454 1271 3623 1337 Λόγος
3648 1269 3765 1321 ἐστὶ

2184 1360 2277 1412 τοῦ
2316 1360 2483 1425 Θεοῦς
2512 1362 2842 1432 Σχηματίζει
2874 1363 2931 1417 δε
2962 1362 3123 1416 αὑτὸν
3161 1362 3522 1431 διεξοδικῶςή
3552 1361 3761 1432 Γραφὴ,

2186 1452 2273 1504 ἴνα
2302 1452 2473 1524 δείξῃ,
2505 1455 2585 1507 ὃτι
2616 1455 2737 1525 οὐχὶ
2766 1456 3015 1524 γενέσθαι
3045 1456 3203 1526 μόνον
3232 1455 3494 1525 ἐϐουλήθη
3529 1455 3627 1523 τὴν
3656 1455 3766 1507 κτί-

2187 1560 2291 1605 σιν,
2329 1544 2464 1597 ene
2494 1546 2587 1599 καὶ
2613 1545 2702 1599 διά
2728 1564 2871 1610 τινος
2900 1546 3163 1619 συνεργοῦ
3189 1546 3528 1619 παραχθῆναι
3562 1545 3762 1615 ταύτην

2185 1636 2264 1697 εἰς
2290 1637 2558 1707 γέννησιν.
2605 1637 2855 1692 Ἐδὺνατο
2894 1638 3021 1710 γὰρ,
3060 1638 3134 1701 ὡς
3173 1637 3233 1702 ἐξ
3258 1638 3431 1708 ἀρχῆς
3462 1634 3600 1699 εἷπε,
3635 1639 3762 1707 περὶ

2185 1726 2401 1779 πάντων
2418 1728 2744 1792 ἐπεξελθεῖν·
2766 1729 2859 1780 Ἐν
2869 1727 3024 1796 ἀρχῇ
3039 1728 3367 1794 ἐποίησενό
3384 1727 3527 1792 Θεὸς
3541 1727 3647 1780 τὸν
3661 1730 3763 1781 οὺ-

506 1817 733 1887 singulis
764 1819 988 1874 dicere:
1022 1820 1089 1873 1η
1145 1822 1404 1891 principio
1457 1824 1579 1889 fecit
1614 1824 1755 1878 Deus
1802 1826 1987 1880 caelum
2035 1836 2083 1880 et

2187 1818 2370 1884 ραν-ὸν
2398 1818 2496 1871 καὶ
2517 1818 2629 1887 τὴν
2644 1819 2788 1889 γῆνο
2810 1816 2961 1873 εἶταο
3002 1819 3279 1884 Ἐποίησε
3311 1817 3589 1887 ςρῶς(85)’
3620 1813 3757 1871 εἷται

506 1918 738 1974 ιειναηι;
789 1911 982 1965 deinde
1021 1935 1032 1967 :
1067 1910 1217 1966 Fecit
1260 1915 1463 1977 lucem;
1512 1926 1621 1969 tum
1665 1915 1858 1971 :Fecit
1902 1918 2085 1989 ﬁrma-

505 2017 581 2055 mt
607 2013 757 2059 unm.
791 2003 943 2059 Nunc
985 2014 1163 2059 autem
1203 2006 1367 2060 Deum
1423 2010 1778 2077 imperantem
1821 2020 1876 2065 et
1920 2012 2085 2066 collo-

504 2102 763 2163 quentem
802 2096 1064 2151 inducens
1109 2096 1413 2166 Scriptura,
1442 2100 1587 2153 illum
1621 2102 1705 2155 cui
1740 2103 1993 2171 imperat,
2030 2116 2085 2158 et

505 2198 738 2255 quocum
793 2184 1054 2255 loquitur,
1114 2187 1279 2243 tacite
1342 2190 1667 2255 subindicat,
1710 2192 1907 2261 quippe
1965 2208 2084 2261 quae

504 2272 663 2328 nobis
691 2289 796 2327 non
826 2273 1065 2329 invideat
1105 2277 1494 2346 cognitionem.
1530 2281 1622 2333 sed
1657 2282 1723 2334 ad
1756 2281 2081 2337 desiderium

506 2378 607 2418 nos
667 2365 963 2429 accendat;
1016 2365 1140 2419 dum
1198 2368 1382 2420 arcani
1445 2370 1668 2437 vestigia
1725 2374 1970 2439 quaadam
2020 2387 2085 2427 ac

506 2455 706 2510 iudicia
761 2467 1174 2513 commonstrat.
1226 2459 1376 2526 Quod
1428 2462 1574 2515 enim
1629 2462 1818 2518 labore
1864 2474 2081 2533 parturn

508 2556 612 2611 est,
643 2562 765 2601 cum
815 2550 1013 2616 gaudio
1054 2551 1366 2619 suscipitur,
1397 2561 1450 2606 et
1477 2553 1766 2624 diligenter
1792 2570 2084 2611 conserva-

509 2646 632 2692 tur:
667 2648 877 2705 contra,
911 2656 1030 2709 quae
1074 2639 1231 2696 facile
1268 2654 1672 2710 comparantur,
1704 2661 1767 2700 ea
1800 2662 1921 2700 cum
1953 2662 2084 2703 cnn-

509 2736 711 2799 temptu
746 2731 1111 2800 possidentur.
1146 2731 1491 2802 Quapropter
1524 2735 1606 2787 via
1649 2737 1882 2804 quadam
1912 2746 1967 2791 et
1990 2752 2082 2792 or-

509 2818 632 2871 dine
663 2834 761 2872 nos
800 2821 864 2873 ad
912 2820 1186 2890 Unigeniti
1233 2822 1483 2875 notitiam
1530 2825 1798 2892 perducit.
1840 2825 1905 2879 Et
1937 2836 2086 2882 certe

507 2912 682 2965 vocali
712 2927 962 2967 sermone
995 2928 1098 2967 non
1130 2923 1244 2967 erat
1289 2929 1424 2983 opus
1473 2915 1805 2984 incorporeas
1831 2927 2039 2973 natura:
2064 2938 2104 2977 γ

512 3005 947 3071 quandoquidem
995 3020 1114 3074 quae
1165 3003 1379 3059 fuerant
1428 3007 1686 3074 cogitata,
1734 3008 1921 3064 istliaec
1960 3026 2082 3065 cum

510 3108 576 3148 eo
605 3094 696 3162 qui
732 3096 912 3163 operis
939 3096 1118 3149 socius
1146 3110 1208 3150 ac
1236 3112 1459 3151 consors
1485 3108 1620 3163 erat,
1651 3109 1903 3168 poterant
1929 3117 2079 3156 com-

511 3187 803 3241 municari.
854 3187 1213 3253 Quamobrem
1245 3205 1489 3258 quzenam
1532 3200 1652 3245 erat
1684 3193 1953 3248 sermonis
1990 3210 2084 3249 ue-

512 3280 743 3335 cessitas
775 3280 862 3343 iis,
892 3280 983 3349 qui
1012 3281 1125 3349 ipsa
1160 3282 1486 3350 cogitatione
1514 3297 1572 3337 se
1602 3283 1831 3338 invicem
1864 3300 2083 3340 suorum

511 3374 859 3430 consiliorum
912 3384 1161 3442 poterant
1206 3374 1384 3429 facere
1426 3374 1758 3444 participes?
1804 3376 1939 3431 Nam
1984 3394 2083 3433 vox

513 3476 732 3537 propter
774 3466 1034 3529 auditum,
1086 3474 1138 3520 et
1171 3467 1385 3520 auditus
1418 3476 1633 3538 pr0pter
1668 3483 1877 3523 vocem.
1915 3468 2085 3525 Porro

513 3557 603 3613 ubi
640 3574 743 3613 non
775 3568 857 3613 est
891 3572 1003 3625 aer,
1032 3574 1130 3613 nec
1165 3558 1366 3628 lingua,
1398 3575 1496 3615 nec
1529 3560 1697 3625 auris,
1733 3576 1830 3618 nec
1876 3573 2083 3619 meatus

515 3653 748 3707 intortus
781 3666 944 3706 sonos
972 3652 1035 3706 ad
1067 3666 1283 3706 sensum
1321 3652 1373 3705 in
1415 3653 1589 3722 capite
1619 3654 1914 3719 repositum
1945 3657 2087 3709 refe-

513 3760 638 3799 rens
671 3762 683 3797 :
719 3744 791 3799 ibi
842 3758 1015 3815 neque
1045 3745 1327 3797 verborum
1382 3760 1511 3797 usus
1552 3753 1638 3798 est
1669 3763 1681 3797 :
1714 3744 1805 3799 sed
1838 3761 1904 3799 ex
1944 3746 2084 3815 ipsa,

514 3846 573 3889 ut
601 3837 674 3890 ita
706 3836 905 3899 dicam,
941 3834 1107 3889 animi
1146 3834 1473 3908 cogitatiqpe
1514 3834 1572 3887 fit
1612 3835 1909 3890 voluntatis
1939 3851 2087 3907 com-

513 3926 831 3980 municatio.
879 3928 1077 3992 Quare,
1124 3924 1264 3994 quod
1309 3923 1541 3990 aiebam,
1568 3934 1627 3980 ut
1668 3926 1734 3979 ad
1779 3927 2083 3997 inquisitio-

516 4036 636 4073 nem
667 4033 911 4087 persona:
947 4018 1012 4072 ad
1047 4033 1206 4087 quam
1245 4017 1336 4071 hic
1370 4032 1549 4072 sermo
1576 4017 1847 4089 dirigitur,
1876 4020 2085 4075 excita-

514 4122 663 4165 retur
696 4126 848 4165 mens
894 4120 1100 4173 nostra,
1134 4109 1412 4179 sapienter
1458 4120 1622 4180 atque
1672 4111 1806 4167 scite
1857 4111 1945 4166 illa
2001 4113 2084 4169 lo-

512 4204 709 4273 quendi
741 4201 912 4257 forma
942 4212 1201 4271 usurpata
1234 4211 1336 4257 εει.

582 4295 636 4350 '5.
678 4294 1096 4364 Disquirendum
1131 4302 1213 4347 est
1249 4295 1484 4349 secundo
1531 4294 1671 4363 loco,
1713 4313 1780 4351 an
1835 4297 1942 4355 hoc
1991 4300 2087 4355 fir-

513 4400 845 4445 mamentum
878 4388 948 4440 sit
978 4388 1121 4441 aliud
1151 4388 1275 4456 quid
1305 4388 1373 4441 ab
1400 4403 1463 4441 eo
1491 4389 1652 4455 ccelo,
1681 4389 1823 4459 quod
1851 4391 1904 4444 in
1931 4391 2082 4461 prin-

2198 1912 2481 1979 Ἐποίησε
2512 1911 2577 1965 τὸ
2622 1910 2947 1981 στερέωμα.
2995 1910 3108 1963 Νῦν
3142 1910 3197 1963 δὲ
3223 1910 3313 1963 τὸν
3341 1910 3471 1962 Θεὸν
3493 1910 3761 1979 προστάτ-

2183 2020 2343 2055 τοντα
2369 2004 2462 2056 καὶ
2490 2003 2869 2074 διαλεγόμενον
2902 2003 3214 2070 εἰσάγουσα,
3247 2000 3336 2055 τὸν
3359 1996 3402 2069 ᾧ
3431 2002 3759 2073 προστάσσει

2185 2092 2280 2145 καὶ
2305 2085 2348 2158 ᾧ
2370 2091 2677 2160 διαλέγεται
2719 2093 2859 2146 κατὰ
2883 2093 2943 2145 τὸ
2970 2090 3317 2162 σιωπώμενον
3357 2091 3664 2161 ὑποφαίνει,
3696 2094 3756 2145 οὐ

2187 2181 2554 2252 βασκαίνουσα
2614 2184 2745 2253 ἡμῖν
2810 2183 2909 2254 τῆς
2961 2181 3230 2251 γνώσεως,
3294 2181 3408 2235 ἀλλ’
3465 2182 3760 2236 ἐκκαίουσα

2186 2268 2332 2338 ἡμᾶς
2361 2268 2495 2339 πρὸς
2518 2269 2607 2323 τὸν
2638 2269 2821 2334 πόθον,
2860 2270 2927 2323 δι’
2958 2263 3033 2323 ὧν
3062 2270 3183 2341 ἴχνη
3220 2270 3337 2323 τινὰ
3373 2271 3467 2324 καὶ
3492 2272 3759 2341 ἐμφάσεις

2185 2357 2476 2412 ὑποϐάλλει
2505 2359 2600 2413 τοῦ
2636 2361 2972 2432 ἀπορρήτου.
3003 2362 3077 2413 Τὸ
3108 2361 3215 2432 γὰρ
3250 2363 3395 2433 πόνῳ
3435 2362 3633 2433 κτηθέν
3666 2381 3759 2416 πε-

2187 2452 2427 2525 ριχαρῶς
2465 2453 2733 2523 ὑπεδέχθη
2790 2454 2882 2507 καὶ
2934 2452 3236 2522 φιλοπόνως
3274 2453 3633 2526 διεφυλάχθηο
3684 2449 3758 2508 ὧν

2188 2544 2369 2614 μέντοι
2410 2545 2698 2617 πρόχειρος
2730 2546 2758 2598 ό
2794 2545 3082 2617 πορισμὸς,
3126 2546 3330 2600 τούτων
3366 2550 3399 2617 ἡ
3440 2548 3630 2619 κτῆσις
3671 2548 3760 2601 εὑ·-

2183 2635 2614 2707 καταφρόνητος.
2649 2634 2747 2688 Διὰ
2769 2634 2926 2688 τοῦτο
2955 2634 3058 2705 ὁδῷ
3088 2652 3192 2688 τινι
3218 2638 3311 2690 καὶ
3337 2636 3484 2703 τάξει
3509 2640 3655 2708 ἡμᾶς
3678 2641 3759 2701 εἰς

2182 2730 2281 2799 τὴν
2311 2728 2559 2800 περὶτοῦ
2599 2729 2939 2797 Μονογενοῦς
2976 2728 3182 2784 ἔννοιαν
3222 2728 3579 2802 προσϐιϐάζει
3622 2731 3754 2801 (84).

2186 2822 2444 2889 Καίτοιγε
2485 2820 2579 2874 τοῦ
2617 2824 2673 2875 ἐν
2714 2824 2865 2893 φωνῇ
2896 2822 3053 2890 λόγου
3084 2824 3203 2876 οὑδὲ
3225 2822 3395 2887 οὑτως
3414 2819 3479 2894 ἦν
3509 2824 3667 2895 χρεία
3689 2826 3756 2895 τῇ

2184 2912 2458 2983 ἀσωμάτῳ
2492 2912 2686 2983 φύσει,
2713 2913 2891 2967 αὑτῶν
2917 2914 3025 2967 τῶν
3056 2915 3354 2987 νοηθέντων
3387 2916 3757 2986 μεταδίδοσθαι

2183 3003 2497 3074 δυναμένων
2536 3003 2615 3072 τῷ
2658 3004 3028 3076 συνεργοῦντι.
3073 3006 3233 3059 Ὥστε
3271 3007 3354 3069 τίς
3396 3007 3553 3078 χρεία
3599 3007 3757 3077 λόγου

2183 3098 2295 3159 τοῖς
2321 3096 2638 3167 δυναμένοις
2666 3097 2724 3162 ἐξ
2749 3096 2915 3150 αὑτοῦ
2941 3098 3034 3151 τοῦ
3070 3099 3337 3169 νοήματος
3366 3103 3642 3154 κοινωνεῖν
3668 3099 3761 3154 ἀλ-

2186 3190 2366 3262 λήλοις
2392 3190 2498 3243 τῶν
2544 3189 2961 3261 βουλευμάτων;
2991 3191 3145 3261 Φωνὴ
3191 3192 3288 3262 μὲν
3327 3191 3433 3261 γὰρ
3464 3192 3530 3244 δι’
3566 3194 3756 3264 ἀκοὴν,

2189 3283 2281 3336 καὶ
2333 3280 2469 3353 ἀκοὴ
2518 3281 2702 3350 φωνῆς
2754 3282 2972 3335 ἕνεκεν·
3018 3284 3154 3336 ὅπου
3216 3282 3272 3335 δὲ
3320 3283 3419 3336 οὑκ
3460 3285 3588 3355 ἀὴρ,
3638 3284 3759 3356 οὐχ).

2186 3375 2424 3444 γλῶσσα,
2462 3374 2580 3443 οὑχ).
2624 3370 2737 3437 οὖς,
2774 3376 2832 3427 οὑ
2887 3376 3054 3446 πόρος
3086 3375 3297 3439 σκολιὸς
3333 3377 3425 3428 ἐπὶ
3452 3376 3551 3448 τὴν
3595 3378 3651 3431 ἐν
3692 3380 3756 3448 τῇ

2187 3465 2395 3535 κεφαλῇ
2427 3463 2774 3535 συναίσθησιν
2800 3465 3088 3537 ἀναφέρων
3107 3467 3231 3529 τοὺς
3252 3466 3477 3535 ψόφους,
3504 3469 3620 3521 ἐκεῖ
3640 3468 3758 3521 οὑδὲ

2189 3557 2447 3629 ῥημάτων
2487 3556 2664 3626 χρεία,
2695 3556 2805 3610 ἀλλ’
2840 3556 2897 3624 ἐξ
2926 3558 3125 3618 αὑτῶν,
3163 3558 3237 3621 ὡς
3262 3560 3327 3611 ἂν
3349 3560 3488 3612 εἴποι
3517 3559 3625 3630 (85)
3650 3577 3755 3623 τις,

2186 3650 2293 3703 τῶν
2317 3652 2373 3701 ἐν
2402 3648 2599 3720 καρδίᾳ
2632 3650 2918 3719 νοημάτων
2948 3650 3042 3704 τοῦ
3067 3650 3367 3721 θελήματος
3392 3653 3423 3720 ἡ
3455 3652 3754 3721 μετάδοσις.

2190 3744 2367 3815 Ὅπερ
2402 3738 2494 3797 οὖν
2538 3742 2694 3813 ἔφην,
2738 3742 2879 3796 ὥστε
2920 3743 3269 3813 διαναστῆναι
3301 3744 3389 3796 τὸν
3437 3744 3559 3797 νοῦν
3600 3743 3756 3815 ἡμῶν

2190 3838 2326 3907 πρὸς
2347 3836 2445 3907 τὴν
2474 3836 2700 3907 ἔρευναν
2722 3834 2816 3887 τοῦ
2845 3834 3137 3906 προσώπου
3168 3835 3299 3906 πρὸς
3325 3835 3382 3887 ὂν
3412 3836 3460 3889 oi
3486 3835 3652 3904 λόγοι,
3678 3854 3759 3891 σο⁶

2190 3928 2304 3997 φῶς
2329 3930 2422 3981 καὶ
2448 3926 2707 3995 ἐντέχνως
2729 3926 2789 3979 τὸ
2815 3928 2997 3999 σχῆμα
3020 3928 3176 3981 τοῦτο
3190 3925 3286 3997 τῆς
3308 3926 3587 3981 διαλέκτου
3616 3946 3758 4000 παρ·

2189 4020 2464 4092 είληπται.

2262 4294 2314 4348 5.
2354 4292 2615 4365 Δεὺτερόν
2669 4295 2816 4349 ἐστιν
2858 4294 3129 4360 ἐξετάσαι,
3171 4296 3218 4348 εί
3258 4295 3441 4368 ἕτερον
3477 4296 3623 4367 παρὰ
3668 4294 3755 4349 τὸν

2190 4385 2248 4437 ἐν
2276 4386 2418 4456 ἀρχῇ
2457 4386 2821 4455 πεποιημένον
2847 4386 3076 4456 οὑρανὸν
3108 4386 3168 4440 τὸ
3210 4389 3495 4459 στερέωμα
3527 4385 3702 4449 τοῦτο,
3730 4386 3756 4438 ὃ

514 4483 654 4550 cipio
679 4480 879 4535 factum
914 4479 1090 4533 fuerat
1116 4497 1128 4531 :
1157 4479 1300 4547 quod
1329 4479 1502 4546 ipsum
1533 4478 1717 4533 itidem
1753 4481 2079 4550 appellatum

2189 4477 2280 4529 καὶ
2308 4476 2438 4529 αὐτὸ
2469 4476 2741 4547 ἐπεκλήθη
2776 4477 3024 4547 οὐρανὸς,
3058 4480 3153 4531 καὶ
3177 4481 3223 4532 εί
3246 4480 3377 4542 ὅλως
3399 4479 3614 4549 οὐρανοὶ
3634 4477 3753 4531 δύο⁹

512 4574 583 4628 sit
613 4572 828 4638 caelum,
846 4571 952 4636 vel,
983 4579 1160 4624 utrum
1178 4569 1286 4623 duo
1304 4569 1522 4624 omnino
1546 4568 1652 4623 sint
1684 4571 1830 4624 cteli.
1860 4570 1967 4627 Sed
1993 4571 2084 4640 qui

514 4665 582 4718 de
613 4662 751 4718 ctelo
783 4662 1087 4717 disseruere
1110 4660 1434 4730 philosophi,
1458 4661 1711 4714 amittere
1729 4659 1940 4730 linguas
1958 4676 2085 4717 suas

515 4752 724 4817 malint,
749 4768 908 4822 quam
943 4752 996 4806 id
1030 4765 1127 4807 ceu
1152 4766 1337 4806 verum
1370 4750 1673 4805 admittere.
1698 4748 1912 4805 Ponunt
1936 4751 2083 4806 enim

514 4843 709 4898 calum
732 4859 895 4898 unum
910 4857 1049 4911 esse,
1066 4858 1164 4898 nec
1179 4842 1294 4912 ejus
1307 4856 1428 4898 esse
1445 4850 1670 4908 naturas,
1689 4850 1747 4896 ut
1767 4843 2082 4911 secundum,

514 4942 606 4988 aut
627 4933 865 4998 .ertium,
888 4944 978 4988 aut
995 4933 1270 5004 multiplex
1287 4934 1335 4989 ei
1356 4932 1597 4997 accedat,
1617 4948 1761 4998 cum,
1790 4942 1846 4987 ut
1867 4944 2079 5004 putant,

518 5033 628 5087 tota
655 5025 895 5081 cmlestis
922 5026 1165 5095 corporis
1193 5024 1492 5081 substantia
1529 5026 1593 5079 ad
1623 5024 1839 5080 unicum
1874 5026 2081 5083 consti-

590 5255 702 5327 (81)
730 5256 879 5312 Colb.
912 5256 1119 5325 primus
1146 5252 1523 5327 σαφηνίζεται.

588 5322 701 5399 (82)
730 5328 803 5381 lta
845 5322 1082 5396 quinque
1130 5322 1442 5381 mssJEditi
1472 5339 1594 5379 cum
1645 5339 1753 5377 uno
1791 5332 1883 5377 aut
1914 5322 2086 5377 altero

519 5415 621 5454 ms.
659 5400 722 5452 τὸ
742 5400 906 5454 ὅσιον.

591 5470 705 5540 (83)
747 5470 820 5522 Ita
850 5468 1326 5540 codicesﬂseptem.
1361 5464 1520 5540 Illud,
1545 5460 1665 5540 εἶτα
1702 5464 2089 5540 ἐποίησεφῶς,

520 5535 860 5595 desideratur
906 5540 961 5593 in
1012 5538 1189 5592 editis.
1225 5535 1356 5589 Mox-
1395 5536 1561 5590 editio
1599 5535 1758 5588 Basil.
1789 5551 1908 5588 cum
1941 5535 2097 5589 Bodl.

521 5618 579 5663 et
621 5627 742 5663 cum
789 5611 1034 5673 pluribus
1084 5608 1208 5660 aliis
1259 5622 1390 5661 mss.
1448 5602 1973 5677 atpoezdtaaat._Nee
2024 5605 2099 5677 ita

525 5681 695 5749 multo
720 5691 840 5748 post
871 5696 999 5733 voce
1032 5678 1372 5749 ἀπορρήτου,
1414 5674 1617 5749 arcani,
1665 5675 1921 5749 intelligit
1947 5674 2102 5749 Basi-

528 5749 630 5802 lius
660 5747 915 5811 Verlmm.
947 5751 1096 5818 quasi
1131 5747 1274 5802 Deus
1322 5764 1443 5802 cum
1498 5747 1671 5802 Verbo
1724 5747 1775 5801 iu
1825 5747 2106 5801 condendo

530 5820 726 5875 mundo
761 5822 946 5876 fuisset
973 5820 1285 5875 collocutus.

2186 4567 2322 4637 ὅπερ
2355 4566 2403 4617 οί
2432 4564 2501 4618 τὰ
2536 4565 2664 4636 περὶ
2683 4566 2913 4637 οὐρανοῦ
2947 4567 3401 4641 φιλοσοφήσαντες
3429 4568 3538 4639 (86)
3570 4569 3756 4623 ἓλοιντ’

2188 4655 2255 4709 ἂν
2289 4654 2488 4726 μᾶλλον
2516 4655 2615 4718 τὰς
2638 4655 2889 4724 γλώσσας
2910 4657 3190 4729 προέσθαι,
3218 4659 3250 4729 ἢ
3273 4659 3348 4722 ὡς
3369 4658 3564 4730 ἀληθὲς
3590 4678 3761 4731 παρα-

2192 4748 2461 4813 δέξασθαι.
2508 4750 2643 4802 ’Ένα
2688 4749 2797 4821 γὰρ
2842 4751 3186 4806 ὑποτίθενται
3233 4752 3486 4825 οὑρανὺν,
3533 4756 3626 4808 καὶ
3662 4758 3759 4809 οὑκ

2192 4836 2334 4908 ἔχειν
2364 4838 2511 4909 αὐτῷ
2541 4839 2700 4907 φύσιν
2720 4878 2734 4901 ,
2765 4839 3046 4912 δεύτερον,
3074 4842 3107 4912 ἢ
3154 4842 3334 4914 τρίτον
3354 4885 3367 4909 ,
3404 4845 3435 4901 ἢ
3475 4845 3759 4899 πολλοστὸν

2190 4928 2605 5000 προσγενέσθαι,
2634 4929 2814 5001 πάσης
2842 4931 2945 5001 τῆς
2964 4932 3149 4996 οὑσίας
3178 4932 3272 4986 τοῦ
3293 4934 3543 5005 οὐρανίου
3578 4935 3752 5005 σώμαι

2190 5039 2280 5086 τος
2301 5025 2378 5086 είς
2428 5024 2527 5095 τὴν
2572 5022 2666 5077 τοῦ
2710 5024 2827 5089 ἐνὸς
2878 5024 3134 5078 σύστασιν
3171 5026 3638 5099 άπαναλωθείσης,
3687 5030 3758 5091 ὡς

2266 5248 2379 5322 (δέ)
2407 5248 2540 5322 Reg.
2582 5266 2791 5317 prtinus
2836 5266 2955 5304 cum
2988 5250 3140 5322 guilt.
3177 5252 3352 5322 primo
3386 5249 3726 5322 προϐιϐἀζει.

2266 5319 2378 5394 (85)
2410 5320 2499 5394 Sic
2548 5332 2762 5394 septem
2821 5336 2947 5374 mss.
3002 5320 3144 5375 Editi
3174 5322 3249 5384 ὡς
3287 5321 3351 5375 ἂν
3375 5319 3523 5394 εἴπῃ.
3566 5324 3759 5394 Ibidem

2196 5388 2348 5464 ἓξεεὶμί
2382 5388 2621 5464 primus,
2643 5391 2853 5464 tertius,
2880 5401 3105 5464 quartus
3130 5402 3182 5464 et
3204 5394 3426 5464 quintus
3454 5388 3510 5464 ἐν
3542 5391 3758 5464 καρδία.

2197 5459 2336 5515 Editi
2357 5474 2488 5535 _cur_u
2521 5459 2807 5535 aliquibus
2827 5474 2957 5535 mss.
2979 5461 3095 5535 τῶν
3126 5459 3449 5535 ἐγκάρδίων.
3481 5459 3757 5532 Ιὶείιςᾙεειι-

2201 5540 2285 5584 tus
2306 5528 2422 5601 τῷν
2447 5528 2747 5601 ἐγκαρδίων
2785 5528 2912 5601 θελη
2922 5532 3125 5601 μάτων.

2274 5599 2384 5670 (86)
2414 5597 2597 5671 _Colb.
2644 5602 2857 5671 primus
2886 5597 3319 5671 φιλοσοφοῦντες.
3376 5600 3568 5657 Statim
3610 5600 3760 5655 Bodl.

2207 5684 2327 5744 cum
2367 5668 2498 5744 aliis
2531 5669 2738 5744 duobus
2779 5668 2909 5728 mss.
2959 5672 3034 5736 ὡς
3087 5668 3323 5744 άληθῶς.
3365 5674 3567 5730 Ibidem
3609 5670 3759 5729 Colb.

2210 5740 2414 5797 primus
2445 5738 2821 5800 ὑποδέξασθαι.
