4082 6398
319 376 388 430 57
1449 373 1738 430 HOMILIA
1779 373 1845 428 ιιι
1885 373 1952 427 IN
1994 371 2491 428 HEXAEMEBON.
3506 375 3579 434 58

313 497 536 550 οῐονται.
579 495 675 548 Ἓν
704 494 812 567 γάρ
856 513 987 566 φασι
1031 495 1143 566 (87)
1174 495 1232 548 τὸ
1274 495 1668 568 κυκλοφορικὸν
1715 495 1896 567 σῶμα,

2007 491 2262 546 tuendum
2293 491 2455 545 fuerit
2496 499 2835 560 consumpta.
2861 490 3070 546 Etenim
3093 506 3287 564 corpus
3308 495 3360 550 in
3386 495 3573 552 orbem

313 589 410 642 καὶ
453 586 614 640 τοῦτο
654 590 1070 661 πεπερασμένον
1090 607 1102 619 ·
1133 589 1272 659 ὅπερ
1299 590 1346 640 εἰ
1367 589 1799 660 συναπήρτισται
1822 588 1899 660 τῷ

313 681 518 754 πρώτῳ
555 681 801 752 οὐρανῷ,
835 681 999 752 μηδὲν
1037 680 1425 735 ὑπολείπεσθαι
1471 681 1608 752 πρὸς
1643 681 1898 753 δευτέρου

313 771 346 843 ἢ
392 772 578 843 τρίτου
621 772 855 840 γένεσιν.
897 772 1082 828 Ταῦτα
1122 773 1218 844 μὲν
1241 768 1334 826 οῦν
1362 773 1412 826 οἱ
1448 772 1580 845 ὓλην
1608 773 1901 846 ἀγέννητον

313 864 697 932 ἐπεισάγοντες
747 863 824 937 τῷ
869 865 1184 937 δημιουργῷ
1241 865 1636 935 φαντάζονται,
1690 868 1754 919 ὲκ
1805 867 1902 938 τῆς

312 955 540 1027 πρώτης
587 956 910 1027 μυθοποιίας
946 957 1082 1031 πρὸς
1125 958 1187 1011 τὸ
1229 957 1519 1012 ἀκόλουθον
1543 958 1739 1029 ψεῦδος
1767 958 1901 1012 ὕπο-

313 1049 610 1118 φερόμενοι
638 1047 787 1120 (88)·
822 1052 984 1120 ἡμεῖς
1016 1051 1073 1104 δὲ
1115 1050 1372 1122 ἀξιοῦμεν
1402 1052 1528 1114 τοὺς
1563 1049 1672 1104 τῶν
1713 1048 1902 1122 Ἐλλή-

316 1155 418 1189 νων
447 1139 647 1206 σοφοὺς
693 1139 768 1209 μὴ
813 1140 1076 1212 πρότερον
1114 1142 1264 1211 ἡμᾶς
1301 1139 1726 1211 καταχλευάζειν
1774 1141 1903 1211 πρὶν

314 1229 381 1282 τά
417 1229 552 1300 πρὸς
589 1230 853 1300 ἀλλήλους
898 1231 1207 1286 διάθωνται.
1250 1233 1371 1286 Εἰσὶ
1401 1233 1510 1305 γὰρ
1541 1235 1597 1287 ἐν
1639 1234 1822 1298 αὐτοῖς
1853 1232 1903 1287 οἳ

317 1321 574 1394 ἀπείρους
602 1323 864 1394 οὐρανοὺς
886 1325 979 1376 καὶ
1012 1325 1252 1394 κόσμους
1287 1321 1424 1378 εἶναι
1451 1343 1636 1395 φασιν,
1667 1343 1742 1380 ων
1775 1327 1904 1380 ὅταν

316 1413 690 1481 ἀπελέγξωσιν
713 1413 773 1467 τό
801 1414 1063 1468 ἀπίθανον
1088 1418 1136 1468 οἰ
1162 1415 1613 1489 ὲμϐριθεστέραις
1632 1421 1755 1480 ταῖς
1770 1419 1905 1470 ἀπο-

316 1505 510 1568 δείξεσι
543 1505 848 1576 χρώμενοι,
887 1508 982 1560 καὶ
1026 1511 1146 1572 ταῖς
1198 1512 1601 1580 γεωμετρικαῖς
1637 1510 1905 1578 ἀνάγκαις

317 1597 625 1667 συστήσωσι
672 1597 746 1668 μὴ
785 1597 928 1668 ἔχειν
962 1598 1122 1667 φύσιν
1168 1599 1325 1654 ἄλλον
1367 1601 1595 1671 οὐρανὸν
1628 1600 1901 1669 γενέσθαι,

317 1688 466 1759 παρά
493 1687 582 1741 τὸν
611 1688 730 1751 ἕνα,
756 1689 877 1742 τότε
922 1690 1015 1742 καὶ
1039 1690 1149 1761 (89)
1184 1691 1385 1762 μᾶλλον
1421 1690 1904 1762 καταγελασόμεθα

320 1781 414 1850 τῆς
446 1782 774 1852 γραμμικῆς
812 1783 906 1836 καὶ
926 1784 1176 1854 ἐντέχνου
1206 1785 1384 1837 αὐτῶν
1430 1784 1716 1857 φλυαρίας,
1745 1787 1902 1859 εἴπερ

317 1871 551 1944 ὁρῶντες
585 1871 941 1941 πομφόλυγας
983 1871 1071 1924 διὰ
1112 1872 1211 1942 τῆς
1243 1873 1436 1943 ὁμοίας
1471 1873 1652 1935 αἰτίας
1691 1872 1904 1940 γινομέ·

320 1981 411 2026 νας
441 1964 570 2033 μίαν
592 1980 652 2016 τε
689 1964 779 2016 καὶ
809 1963 1031 2026 πολλὰς,
1063 1962 1182 2018 εἶτα
1219 1964 1624 2035 ἀμφιϐάλλουσι
1652 1964 1781 2035 περὶ
1809 1965 1902 2016 οὐ-

318 2053 496 2124 ρανῶν
535 2052 833 2119 πλειόνων,
864 2056 912 2107 εἰ
954 2053 1176 2126 ἐξαρκεῖ
1223 2056 1419 2118 αὐτοὺς
1463 2057 1496 2126 ἡ
1539 2053 1903 2126 δημιουργικὴ

316 2144 546 2214 δύναμις
576 2147 920 2214 παραγαγεῖν
964 2147 1043 2208 εἰς
1080 2145 1140 2198 τὸ
1174 2140 1333 2200 εἶναι.
1367 2139 1467 2197 Ἦν
1499 2145 1590 2217 τὴν
1619 2147 1769 2216 ἰσχὺν
1811 2144 1904 2198 καὶ

316 2238 374 2288 τὸ
402 2237 630 2306 μέγεθος
664 2238 815 2291 οὐδὲν
839 2237 1121 2308 ἡγούμεθα
1146 2238 1422 2310 διαφέρειν
1450 2239 1551 2309 τῆς
1590 2239 1778 2309 κοίλης
1821 2256 1905 2291 νο-

317 2329 457 2390 τίδος
480 2330 578 2399 τῆς
603 2331 816 2402 ὑπερφυ
827 2331 1074 2401 σωμένης
1100 2335 1156 2384 ἐν
1181 2335 1293 2395 τοῖς
1321 2335 1587 2404 κρουνοῖς,
1615 2333 1742 2385 ὅταν
1771 2331 1905 2402 πρὸς

316 2423 412 2493 τὴν
451 2423 724 2494 ὑπεροχὴν
755 2424 854 2494 τῆς
882 2423 978 2475 τοῦ
1005 2423 1139 2476 Θεοῦ
1164 2424 1448 2494 δυνάμεως
1483 2424 1900 2494 ἀποϐλέψωμεν.

317 2513 481 2564 Ὥστε
514 2513 918 2582 καταγέλαστος
951 2515 1134 2576 αὐτοῖς
1169 2515 1279 2584 (90)
1314 2517 1340 2567 ὁ
1373 2515 1468 2567 τοῦ
1517 2514 1780 2567 ἀδυνάτου
1819 2513 1906 2564 λό-

317 2619 430 2669 γος.
479 2604 668 2674 Ἡμεῖς
698 2604 754 2656 δὲ
798 2605 1050 2658 τοσοῦτον
1089 2605 1364 2674 ἀπέχομεν
1395 2605 1472 2675 τῷ
1516 2605 1751 2676 δευτέρῳ
1775 2608 1904 2658 ἀπι-

317 2700 482 2758 στεῖν,
517 2697 656 2749 ὥστε
688 2697 780 2750 καὶ
810 2699 898 2750 τὸν
925 2699 1107 2770 τρίτον
1137 2700 1525 2770 ἐπιζητοῦμεν,
1553 2692 1615 2752 οὗ
1648 2699 1748 2768 τῆς
1777 2697 1905 2762 θέας

315 2793 340 2842 ὁ
372 2789 640 2861 μακάριος
671 2790 882 2854 Παῦλος
913 2790 1023 2861 (9i)
1055 2791 1283 2861 ἠξιώθη.
1329 2793 1387 2845 '0
1427 2792 1482 2844 δὲ
1510 2791 1755 2860 ψαλμὸς,
1789 2792 1906 2842 ὀνο-

317 2882 506 2952 μάζων
531 2883 793 2952 οὐρανοὺς
819 2884 1082 2955 οὐρανῶν.
1118 2884 1211 2937 καὶ
1243 2884 1502 2938 πλειόνων
1539 2886 1668 2953 ἡμῖν
1697 2882 1904 2934 ἔννοιαν

315 2974 653 3045 ἐνεποίησεν.
691 2976 766 3027 Οὐ
807 2965 976 3046 δήπου
1031 2975 1086 3028 δὲ
1131 2975 1303 3028 ταῦτα
1353 2975 1760 3047 παραδοξότερα
1796 2972 1904 3026 τῶν

316 3065 456 3120 ἑπτὰ
478 3066 710 3121 κύκλων.
742 3067 862 3120 καθ’
890 3060 964 3120 ὧν
994 3069 1042 3120 οἱ
1076 3069 1218 3120 ἐτετά
1252 3069 1480 3137 ἀστέρες
1521 3066 1706 3137 σχεδὸν
1753 3066 1906 3136 παρὰ

316 3158 533 3211 πάντων
579 3157 884 3229 συμφώνως
923 3159 1310 3229 ὁμολογοῦνται
1365 3159 1648 3230 φέρεσθαι.
1691 3157 1782 3221 οὒς
1809 3167 1904 3218 καὶ

315 3253 648 3323 ἐνηρμόσθαι
682 3253 843 3322 φασὶν
867 3255 1039 3325 ἑτέρῳ
1065 3255 1156 3306 τὸν
1183 3255 1390 3324 ἕτερον,
1428 3253 1570 3307 κατὰ
1596 3253 1693 3324 τὴν
1720 3254 1903 3306 εἰκόνα

315 3349 422 3399 τῶν
461 3345 636 3398 κάδων
675 3345 782 3398 τῶν
810 3347 888 3408 είς
922 3345 1184 3416 ἀλλήλους
1223 3345 1630 3416 ὲμϐεϐηκότων.
1666 3344 1902 3410 Τούτους

315 3435 370 3490 δὲ
390 3438 490 3506 τὴν
514 3437 763 3490 ἐναντίαν
802 3437 880 3506 τῷ
907 3439 1068 3490 παντὶ
1111 3438 1445 3508 φερομένους
1475 3438 1587 3508 (9‘2)
1606 3480 1620 3503 ,
1655 3455 1902 3510 περισχι-

315 3528 544 3598 ζομένου
581 3529 676 3582 τοῦ
709 3528 925 3600 αἰθέρος
948 3530 1151 3592 αὐτοῖς,
1175 3529 1369 3600 εὖηχόν
1396 3547 1517 3583 τινα
1548 3532 1641 3584 καὶ
1673 3533 1904 3602 ἐναρμό-

315 3638 425 3673 νιον
464 3621 770 3674 ἀποδιδόναι
807 3621 1078 3690 φθόγγον,
1131 3620 1270 3674 ὥστε
1302 3624 1482 3675 πᾶσαν
1518 3623 1617 3694 τὴν
1665 3625 1723 3678 ὲν
1776 3624 1904 3694 μελ-

315 3714 502 3784 ῳδίαις
537 3714 728 3786 ἡδονὴν
755 3715 1135 3786 ὑπερϐάλλειν.
1161 3711 1294 3767 Εἶτα
1321 3714 1540 3768 ἐπειδὰν
1560 3716 1657 3787 τὴν
1688 3716 1775 3771 διὰ
1801 3717 1903 3787 τῆς

315 3803 622 3875 αἰσθήσεως
665 3806 848 3859 πίστιν
878 3808 928 3859 οἱ
976 3806 1150 3859 ταῦτα
1177 3807 1426 3874 λέγοντες
1463 3808 1822 3875 ἀπαιτῶνται,
1848 3809 1901 3862 τί

314 3915 511 3969 (pact-tv;
542 3899 664 3952 ’Ὁτι
685 3899 770 3954 διὰ
796 3899 894 3971 τὴν
911 3901 971 3964 ἐξ
992 3901 1168 3970 ἀρχῆς
1193 3901 1481 3970 συνήθειαν
1525 3902 1664 3974 πρὸς
1688 3903 1780 3956 τὸν
1805 3903 1902 3973 ψό-

316 4008 418 4060 φον
471 3993 536 4044 ἐκ
581 3990 808 4063 πρώτης
854 3993 1122 4061 γενέσεως
1157 3992 1562 4058 συνεθισθέντες
1606 3995 1790 4065 αὐτῷ,
1837 3997 1902 4048 ὲκ

314 4084 517 4155 πολλῆς
562 4085 662 4154 τῆς
712 4085 840 4158 περὶ
885 4085 944 4139 τὺ
982 4085 1201 4139 ἀκούειν
1247 4086 1480 4157 μελέτης
1521 4086 1617 4157 τὴν
1651 4088 1900 4159 αἴσθησιν

313 4177 682 4252 ἀφῃρήμεθα·
719 4177 910 4249 ὥσπερ
948 4180 998 4231 οἱ
1030 4182 1087 4232 ἐν
1125 4183 1238 4243 τοῖς
1261 4179 1532 4249 χαλκείοις
1571 4181 1807 4251 συνεχῶς
1832 4180 1902 4234 τά

313 4265 430 4324 ὦτα
456 4270 940 4341 κατακρουόμενοι.
961 4266 1060 4325 Ὧν
1086 4273 1145 4326 τὸ
1172 4274 1560 4343 σεσοφισμένον
1584 4272 1678 4326 καὶ
1703 4272 1900 4344 σαθρὸν

311 4363 629 4434 διελέγχειν,
677 4361 849 4428 οὕτως
894 4365 1134 4434 ἐναργῶς
1192 4367 1258 4418 ὲκ
1292 4365 1515 4435 πρώτης
1553 4366 1722 4438 ἀκοῆς
1765 4368 1900 4419 πᾶσι

315 4458 797 4528 καταφαινόμενον,
830 4460 929 4512 οὐκ
974 4458 1120 4510 ἔστιν
1155 4457 1347 4529 ἀνδρὸς
1375 4456 1497 4510 οὗτε
1536 4458 1728 4530 χρόνου
1767 4459 1900 4512 εἰδό-

2003 581 2112 654 24
2139 583 2550 648 circumactum,
2579 598 2740 636 unum
2766 596 2886 638 esse
2907 584 3078 651 aiunt,
3105 583 3342 658 illudque
3363 587 3572 643 ﬁnitum

2005 690 2127 730 esse
2159 690 2171 726 :
2213 676 2356 746 quod
2391 690 2520 729 sane
2555 676 2600 729 si
2635 673 2856 729 omnino
2887 673 3220 746 insumptum
3256 687 3338 734 est
3375 680 3441 733 ad
3471 680 3578 750 pri-

2007 788 2153 829 mum
2201 773 2400 827 coelum
2446 769 2878 838 conﬁciendum,
2928 786 3266 844 consequens
3313 771 3476 828 fuerit
3519 783 3579 828 ut

2008 865 2140 920 nihil
2169 862 2280 933 jam
2305 866 2370 918 ad
2406 864 2628 919 secundi
2664 863 2747 917 vel
2784 864 2929 918 tertii
2954 867 3363 935 generationem
3390 881 3581 936 super-

2005 957 2098 1012 sit.
2129 954 2254 1012 Haac
2274 955 2492 1025 quidem
2527 953 2757 1025 ﬁngunt,
2794 952 2885 1024 qui
2916 953 3094 1024 opiﬁci
3128 957 3424 1028 ingenitam
3459 972 3580 1011 ma-

2007 1048 2195 1102 teriam
2230 1049 2670 1112 subministrant,
2706 1063 2772 1102 ex
2803 1046 2908 1102 hoc
2951 1048 3127 1117 primo
3159 1061 3466 1106 commento
3499 1049 3581 1104 l‘a-

2006 1138 2196 1194 buloso
2218 1139 2284 1194 ad
2312 1140 2654 1210 subsequens
2677 1140 3017 1195 mendacium
3049 1139 3252 1210 delapsi
3279 1160 3293 1196 :
3322 1157 3422 1196 nos
3449 1155 3582 1198 vero

2005 1231 2317 1286 Graecorum
2346 1232 2621 1300 sapientes
2645 1248 2924 1301 rogamus,
2958 1241 3016 1287 ut
3047 1249 3115 1287 ne
3145 1234 3298 1302 prius
3326 1249 3425 1289 nos
3457 1235 3582 1289 irri-

2005 1324 2186 1390 deant,
2221 1339 2380 1394 quam
2420 1325 2562 1379 inter
2591 1340 2652 1379 se
2689 1327 3062 1382 convenerint.
3097 1325 3234 1380 Sunt
3264 1327 3406 1382 enim
3439 1329 3584 1383 inter

2007 1419 2174 1488 ipsos,
2218 1417 2309 1487 qui
2355 1417 2522 1472 caelos
2554 1427 2608 1473 et
2651 1418 2882 1472 mundos
2924 1419 3078 1472 aiunt
3124 1432 3245 1473 esse
3276 1417 3520 1474 inﬁnitos
3564 1435 3581 1474 :

2007 1528 2234 1580 quorum
2289 1527 2411 1566 cum
2464 1512 2695 1580 ineptias
2730 1511 3115 1580 redarguerint.
3164 1512 3223 1578 ii,
3274 1513 3364 1582 qui
3423 1529 3585 1584 argu-

2007 1604 2202 1658 mentis
2236 1613 2463 1657 utuntur
2499 1603 2864 1672 gravioribus,
2903 1613 3066 1674 atque
3100 1607 3446 1676 geometricis
3491 1608 3586 1662 deo

2012 1693 2495 1748 monstrationibus
2529 1693 2880 1760 probaverim
2919 1696 2970 1748 id
3010 1705 3219 1750 natura:
3252 1712 3579 1766 repugnare,

2009 1796 2068 1840 ut
2093 1785 2289 1840 caelum
2336 1785 2478 1838 aliud
2517 1795 2714 1854 pra’ter
2748 1801 2909 1840 unum
2962 1786 3089 1850 ﬁat;
3135 1796 3260 1842 tunc
3296 1803 3483 1842 eorum
3521 1788 3585 1844 li-

2006 1893 2200 1934 neares
2237 1876 2659 1947 artiﬁcialesque
2691 1895 2868 1950 nugas
2903 1881 3066 1934 etiam
3105 1882 3276 1951 magis
3315 1881 3585 1937 deridebi-

2006 1986 2145 2025 tnus.
2184 1969 2460 2039 Siquidem
2493 1972 2594 2024 etsi
2628 1971 2697 2025 ob
2726 1971 2958 2026 similem
2993 1988 3212 2027 causam
3250 1973 3365 2027 ﬁeri
3405 1977 3585 2031 vident

2004 2063 2122 2117 sive
2147 2078 2332 2128 unam,
2361 2063 2476 2117 sive
2503 2063 2701 2116 multas
2734 2063 2927 2127 bullas,
2972 2065 3328 2120 nihilominus
3363 2067 3431 2120 de
3471 2081 3585 2120 coe-

2005 2156 2176 2209 lorum
2219 2154 2566 2209 multitudine
2617 2156 2885 2219 dubitant,
2931 2173 2998 2209 an
3047 2167 3290 2225 potestas
3336 2155 3585 2213 effectrix

2007 2264 2101 2304 eos
2139 2249 2192 2303 iu
2224 2249 2395 2302 lucem
2421 2249 2584 2303 edere
2621 2250 2878 2318 potuerit.
2911 2247 3153 2314 Quorum
3189 2252 3354 2305 robur
3382 2266 3444 2304 ac
3471 2268 3586 2305 mae

2003 2342 2367 2411 gnltudinetn,
2406 2355 2530 2395 cum
2575 2339 2643 2393 ad
2681 2340 2877 2394 divina:
2917 2341 3173 2410 potentia:
3211 2347 3584 2412 prmstantiam

2009 2435 2351 2502 respicimus.
2391 2438 2458 2490 ab
2488 2451 2553 2490 eo
2588 2436 2816 2489 humore
2854 2447 3098 2488 concavo
3131 2435 3223 2502 qui
3255 2437 3311 2488 in
3340 2435 3588 2490 fontibus

2007 2524 2332 2584 salientibus
2353 2527 2691 2592 intumescit,
2713 2525 2847 2580 nihil
2869 2524 3086 2580 diﬁerre
3108 2536 3383 2596 putamus.
3409 2527 3588 2594 Quare

2007 2621 2060 2676 id
2092 2623 2207 2678 ﬁeri
2232 2638 2336 2676 non
2362 2635 2521 2691 posse
2545 2620 2776 2675 ridicule
2795 2619 3003 2674 dicunt.
3037 2619 3145 2676 Sed
3175 2630 3382 2674 tantum
3408 2623 3586 2686 abest,

2005 2725 2063 2768 ut
2101 2731 2200 2770 nos
2229 2716 2298 2771 de
2337 2715 2510 2770 altero
2536 2714 2676 2769 coelo
2711 2714 3041 2782 dubitemus,
3070 2723 3130 2769 ut
3165 2716 3329 2770 etiam
3364 2718 3584 2770 tertium

2004 2808 2157 2878 cujus
2181 2818 2403 2878 aSpectu
2428 2809 2618 2864 beatus
2649 2807 2846 2863 Paulus
2877 2807 3127 2877 dignatus
3166 2817 3271 2882 est,
3314 2807 3356 2840 ³⁷
3408 2808 3588 2878 inqui-

2005 2914 2209 2952 ramus.
2247 2898 2494 2954 Psalmus
2535 2907 2718 2953 autem
2751 2900 2879 2953 dum
2920 2897 3166 2953 nominat
3211 2899 3380 2954 caelos
3419 2901 3584 2953 caelo-

2006 2999 2124 3044 rum
2158 2990 2224 3055 ³⁸,
2259 2991 2494 3060 plurium
2541 2992 2705 3046 etiam
2749 2990 2941 3045 tribuit
2973 2989 3131 3046 nobis
3172 2992 3440 3046 notitiam.
3478 2992 3581 3046 Ne-

2011 3098 2119 3153 que
2151 3097 2280 3137 vero
2317 3084 2431 3138 haec
2469 3085 2736 3154 stupenda
2771 3093 2900 3139 sunt
2929 3082 3133 3153 magis,
3176 3097 3340 3152 quam
3377 3094 3584 3154 septem

1932 3201 1974 3258 ο
2010 3173 2197 3228 circuli
2235 3191 2250 3227 :
2282 3173 2336 3228 in
2379 3175 2576 3243 quibus
2605 3174 2792 3231 stellas
2827 3183 3038 3245 septem
3073 3173 3201 3229 ferri
3233 3189 3423 3230 omnes
3472 3191 3584 3230 uno

2009 3264 2124 3319 fere
2164 3277 2433 3318 consensu
2473 3266 2800 3320 conﬁtentur
2835 3283 2850 3321 :
2889 3279 3026 3334 quos
3051 3266 3214 3320 etiam
3249 3265 3476 3321 alterum
3504 3267 3585 3320 al-

2009 3357 2132 3420 teri,
2169 3355 2346 3408 instar
2364 3358 2630 3410 cadorum
2661 3356 2715 3410 in
2745 3370 2804 3410 se
2839 3365 3027 3410 mutuo
3054 3356 3403 3424 insertorum,
3433 3365 3585 3426 apta-

2005 3459 2090 3503 tos
2121 3463 2242 3504 esse
2275 3459 2548 3504 astruunt.
2596 3449 2736 3516 Quin
2778 3449 2941 3504 etiam
2982 3449 3146 3505 hosce
3180 3449 3414 3505 circulos
3444 3464 3580 3506 cou-

2007 3543 2174 3597 trario
2222 3542 2464 3598 universi
2511 3543 2677 3598 motui
2731 3552 2893 3597 cursu
2945 3541 3225 3612 abreptos,
3264 3540 3468 3597 difﬁsso
3515 3545 3584 3599 ab

2006 3636 2137 3704 ipsis
2171 3635 2398 3703 aethere,
2435 3646 2648 3706 gratum
2698 3635 2989 3706 quemdam
3035 3649 3099 3691 ac
3131 3635 3460 3690 concinnum
3488 3651 3582 3692 so-

2004 3743 2132 3782 num
2161 3727 2496 3782 contendunt
2519 3727 2767 3792 reddere,
2803 3727 2939 3782 adeo
2971 3737 3031 3781 ut
3066 3727 3314 3782 melodia:
3341 3729 3583 3782 suavita-

2007 3824 2112 3869 tem
2163 3830 2380 3871 omnem
2418 3825 2727 3885 exsuperet.
2760 3817 2965 3872 Deinde
2988 3832 3110 3872 cum
3145 3818 3182 3871 ii
3210 3817 3302 3888 qui
3337 3817 3463 3871 talia
3501 3819 3583 3872 di-

2003 3917 2152 3974 cunt,
2175 3923 2432 3964 sensuum
2461 3909 2619 3965 ﬁdem
2644 3923 2709 3965 ac
2734 3910 3103 3966 testimonium
3130 3923 3414 3982 rogantur,
3443 3911 3575 3982 quid

2003 4001 2372 4071 respondent?
2418 4001 2528 4058 Nos
2575 4002 2647 4060 ob
2692 4016 2811 4057 eam
2852 4018 3014 4072 quam
3054 4003 3211 4059 initio
3258 4018 3382 4059 cum
3438 4019 3576 4059 sono

2003 4091 2267 4148 habemus
2297 4093 2745 4149 consuetudinem
2770 4132 2786 4159 ,
2815 4093 2943 4148 huic
2969 4094 3145 4148 eidem
3182 4108 3314 4149 sono
3344 4111 3372 4147 a
3402 4094 3581 4164 primo

1992 4191 2124 4237 ortu
2169 4195 2435 4251 assuetos,
2477 4200 2639 4240 sensu
2690 4186 2795 4240 isto
2836 4201 2948 4256 prae
2997 4185 3271 4256 frequenti
3325 4186 3579 4241 audiendi

2003 4277 2394 4334 exercitatione
2421 4278 2659 4349 privari;
2689 4278 2914 4348 perinde
2938 4287 3102 4346 atque
3130 4278 3183 4332 hi
3217 4291 3450 4346 quorum
3478 4294 3578 4330 au-

2003 4382 2090 4421 res
2125 4368 2178 4422 in
2215 4367 2444 4426 ollicinis
2486 4371 2697 4425 aerariis
2736 4370 2955 4425 assidue
2987 4369 3381 4424 obtunduntur.
3429 4367 3579 4436 Quo-

2003 4471 2122 4510 rum
2183 4459 2466 4516 confutare
2519 4460 2923 4516 cavillationem
2987 4475 3050 4514 ac
3109 4459 3448 4524 lutilitatem,
3505 4460 3580 4513 ita

313 4565 405 4612 τος
454 4550 759 4617 φείδεσθαι,
805 4550 929 4604 οὔτε
967 4554 1064 4622 τῆς
1115 4550 1382 4614 συνέσεως
1428 4551 1536 4603 τῶν
1594 4553 1898 4606 ἀκουόντων

2002 4561 2192 4622 aperte
2219 4554 2473 4610 omnibus
2500 4570 2566 4609 ex
2601 4555 2776 4624 primo
2801 4555 2985 4608 auditu
3020 4569 3079 4609 se
3105 4555 3446 4625 prodentem,
3473 4552 3577 4606 viri

316 4639 734 4712 στοχαζομένου.
767 4643 929 4696 Ἀλλά
953 4643 1019 4697 τὰ
1049 4643 1156 4696 τῶν
1183 4642 1380 4707 ἔξωθεν
1403 4646 1516 4706 τοῖς
1547 4643 1651 4710 ἔξω
1675 4644 1898 4698 καταλι-

317 4733 779 4805 πόντεςήμείςὲπὶ
793 4736 882 4788 τὸν
894 4736 1343 4806 ἐκκλησιαστικὸν
1357 4735 1665 4806 ὑποστρέφο
1673 4753 1770 4807 μεν
1785 4738 1894 4808 (95)

315 4824 490 4892 λόγον.
546 4825 774 4897 Εἴρηται
846 4829 944 4898 μὲν
995 4823 1087 4881 οῦν
1117 4845 1228 4881 τισι
1284 4827 1392 4880 τῶν
1435 4826 1541 4898 πρὸ
1580 4827 1767 4898 ἡμῶν,
1827 4831 1902 4902 μὴ

386 4965 430 4994 ³⁷
472 4964 514 5018 ll
539 4961 665 5020 Cor.
714 4983 812 5030 xu,
846 4967 903 5022 2.
982 4967 1024 4998 ³⁸
1059 4966 1203 5022 Psal.
1257 4984 1485 5032 CXLVIII,
1517 4970 1572 5023 4.

387 5137 500 5212 (Si)
522 5138 772 5212 Nonnulli
801 5154 932 5212 mss.
965 5140 1098 5212 φησί

387 5208 502 5285 (88)
533 5208 999 5285 Golb.__s_e-ctindus
1028 5208 1458 5285 ⁷ἐπιφερόμενοι.
1510 5213 1710 5267 lhidem
1751 5213 1883 5285 Reg.

313 5279 522 5351 primus
541 5279 658 5351 Δτῶν
691 5281 958 5350 Ἑλλήνων
986 5279 1198 5347 παῖδας,
1219 5279 1545 5336 ’ϐιοιυεοηιηι
1574 5302 1788 5351 pueros.

385 5348 499 5419 (89)
527 5349 616 5403 Sic.
649 5367 778 5406 mss.
815 5348 989 5404 multi.
1017 5355 1169 5405 Deest
1192 5355 1286 5407 καί
1322 5357 1374 5407 in
1413 5348 1596 5409 editis.
1637 5357 1886 5412 Subinde

313 5421 527 5492 codices
557 5423 658 5492 duo
682 5423 781 5491 τῆς
810 5425 1205 5492 γραμματικῆς
1231 5424 1344 5476 καί.

385 5489 499 5565 (90)
553 5491 704 5545 Coll).
742 5489 1214 5565 ριἰιιιιιείαὺτῶν.
1272 5495 1410 5547 Etliti
1469 5510 1592 5550 cunt
1654 5508 1883 5565 utroque

313 5559 480 5637 Co_is_l.
510 5572 559 5637 et
591 5577 711 5637 cum
745 5559 866 5616 aliis
897 5563 1076 5637 multis
1125 5566 1350 5637 admig.
1379 5565 1528 5618 llaud
1565 5569 1735 5620 multo
1769 5559 1889 5637 post

313 5629 484 5701 editio
517 5629 677 5684 Basil.
729 5647 852 5686 cum
908 5636 1094 5686 decem
1148 5653 1277 5688 mss.
1333 5636 1609 5701 ἀπιστεῖν,
1654 5639 1738 5690 ὅτι
1769 5629 1888 5694 ’καὶ

311 5700 422 5754 τόν.
459 5701 634 5754 Editio
659 5701 829 5756 Paris.
856 5701 994 5755 ὥστε
1026 5704 1120 5756 καὶ
1142 5706 1252 5758 τόν.

389 5772 500 5852 (9.1)
529 5771 756 5852 Codices
787 5783 896 5827 tres
922 5775 969 5852 _6
1025 5775 1296 5852 μακάριος
1324 5776 1620 5852 ἀπόστολος
1655 5778 1885 5852 Παῦλος.

316 5840 796 5901 Εείἰιὶἐυιιιιέοιι).
852 5840 1086 5914 ρτὶιιιοὸ
1132 5840 1403 5917 μακάριος
1451 5849 1680 5912 Παῦλος.
1741 5840 1886 5922 Lege

2010 4659 2118 4698 non
2168 4655 2273 4713 est,
2305 4648 2395 4716 qui
2425 4657 2513 4702 aut
2547 4663 2769 4717 parcere
2789 4649 2928 4702 sciat
2955 4648 3206 4717 tempori,
3238 4655 3332 4699 aut
3358 4646 3582 4700 audien-

2007 4735 2141 4790 tium
2174 4739 2584 4811 intelligentiam
2607 4739 2892 4808 conjeclet.
2922 4739 3117 4795 Verum
3145 4748 3372 4793 externa
3404 4747 3581 4793 exter-

2012 4832 2096 4889 nis
2123 4835 2510 4907 relinquentes,
2544 4852 2641 4892 nos
2675 4838 2741 4893 ad
2772 4837 3199 4893 ecclesiasticum
3254 4836 3580 4892 revertimur

2004 5147 2276 5210 Ducaaum,
2309 5146 2377 5201 de
2409 5147 2669 5202 malorum
2707 5161 2950 5200 numero.
2978 5147 3176 5201 Ibidem
3194 5147 3345 5205 Coll).
3375 5163 3573 5204 secun-

1995 5220 2093 5272 dus
2123 5220 2161 5290 ό
2177 5217 2232 5270 δὲ
2267 5218 2593 5290 Ψαλμῳδός.
2624 5217 3061 5290 Aliquantoposl
3095 5235 3188 5272 sex
3221 5234 3348 5273 mss.
3368 5221 3442 5271 Οὐ
3473 5219 3572 5290 δή-

1993 5305 2102 5358 που
2122 5287 2178 5339 δὲ
2203 5287 2563 5343 ταῦτα.Ε‹,Ιίιὶ
2595 5288 2654 5340 οὐ
2684 5288 2882 5358 δήποτε
2914 5289 2990 5342 δέ.

2062 5357 2174 5430 (θῖ)
2196 5359 2346 5413 Colb.
2381 5361 2589 5427 primus
2614 5357 2886 5430 cumlieg.
2909 5370 3062 5413 sexto
3085 5360 3569 5430 περιφερομένους.

1990 5426 2186 5483 Statim
2230 5445 2358 5484 mss.
2399 5431 2567 5484 nostri
2619 5426 2862 5496 plerique
2899 5444 3087 5483 omnes
3123 5426 3244 5482 cum
3289 5426 3442 5484 Bodl.
3481 5429 3574 5484 εὗ-

1988 5499 2130 5572 ηχόν
2157 5517 2298 5572 τινα.
2336 5500 2513 5554 Etlitio
2543 5500 2718 5572 Paris.
2745 5499 2937 5572 ἐνηχόν
2969 5517 3114 5572 τινα,
3156 5516 3260 5552 non
3287 5500 3365 5572 ita
3400 5511 3570 5557 recte.

2061 5571 2174 5638 (95)
2208 5570 2299 5624 Sic
2355 5573 2524 5625 codex
2573 5570 2977 5625 Combei'.'cum
3031 5571 3156 5624 aliis
3211 5570 3385 5624 tribus
3434 5586 3570 5627 mss.

1988 5640 2130 5694 Etliti
2166 5641 2394 5712 etColh.
2444 5643 2648 5709 primus
2683 5641 3138 5712 ὑποστρέψωμεν.
3168 5640 3301 5710 Reg.
3349 5643 3574 5701 quintus

1987 5710 2404 5783 ὑποστέφωμεν.
2437 5712 2728 5777 Aliquanto
2759 5710 2877 5780 post
2905 5714 3058 5783 (loli).
3081 5711 3301 5783 primus
3338 5712 3578 5783 παραδί-

1986 5781 2189 5836 δοσθαι.
2215 5781 2408 5838 Statim
2442 5783 2611 5840 codex
2639 5783 2776 5839 idem
2815 5781 3046 5836 ἐνταῦθα
3074 5782 3129 5836 δὲ
3160 5781 3574 5855 ἐπεργαστικώ-

1987 5869 2166 5923 τερον.
