4082 6398
545 433 611 487 59
1874 432 1932 487 s.
1975 427 2212 484 easuu
2253 425 2467 483 MAGNI
3724 417 3794 470 eo
3855 396 3874 410 “

544 563 870 606 sermonem.
901 547 1113 602 Dictum
1145 555 1226 602 est
1256 545 1417 616 igitur
1442 561 1471 600 a
1499 544 1846 616 quibusdam,
1893 545 1988 615 qui
2019 560 2107 601 nos

2222 542 2476 614 δευτέρου
2507 535 2736 610 οὐρανοῦ
2767 535 2978 605 γένεσιν
3013 528 3151 588 εἶναι
3190 532 3392 604 ταύτην
3415 573 3430 596 ,
3475 531 3588 586 ἀλλ’
3638 533 3796 599 ἐπεξ-

543 656 892 713 praeeessere,
934 656 1039 696 non
1085 640 1307 694 secundi
1355 637 1476 694 εαξΙί
1523 637 1929 708 generationem
1976 637 2118 693 hanc

544 752 665 791 esse
687 775 700 797 ,
745 736 839 789 sed
885 733 1201 802 ampliorem
1235 731 1430 800 prioris
1461 730 1894 798 esplanationem
1928 749 1941 784 :
1975 745 2101 799 pro-

543 841 730 898 pterea
770 829 915 899 quod
951 828 1058 880 illic
1089 827 1207 881 cceli
1257 836 1312 880 et
1353 834 1510 879 terra:
1557 825 1764 879 creatio
1815 825 1866 877 in
1907 839 2113 878 summa

551 923 804 986 traditur,
855 921 942 976 hic
990 919 1117 974 vero
1167 917 1447 986 Scriptura
1484 916 1698 969 modum
1747 930 1854 984 quo
1899 915 2111 985 singula

546 1016 688 1070 facta
717 1023 871 1077 sunt,
904 1012 1209 1068 accuratius
1251 1009 1407 1064 nobis
1448 1017 1502 1062 et
1535 1006 1828 1077 perfectius
1866 1007 2107 1076 exponit.

547 1104 656 1160 Nos
682 1114 884 1168 autem,
919 1117 1042 1156 cum
1076 1109 1128 1156 et
1169 1113 1361 1154 nomen
1406 1097 1548 1151 aliud
1579 1107 1630 1149 et
1663 1112 1855 1150 munus
1890 1095 2111 1150 secundi

551 1195 674 1251 ειειί
707 1194 983 1263 proprium
1015 1191 1268 1245 traditum
1298 1189 1388 1252 sit,
1421 1187 1650 1242 dicimus
1684 1187 1786 1240 hoc
1813 1185 2004 1240 caelum
2041 1185 2108 1238 ab

543 1300 610 1340 eo
641 1287 780 1354 quod
821 1287 872 1339 in
915 1282 1178 1352 principio
1203 1280 1472 1334 conditum
1503 1278 1620 1339 fuit,
1659 1277 1801 1330 aliud
1831 1291 1950 1330 esse
1993 1294 2004 1329 :
2039 1276 2116 1329 si-

2224 639 2419 708 ήγησιν
2447 633 2540 687 τοῦ
2571 631 2856 704 προτέρου,
2897 628 2986 682 διὰ
3036 629 3097 680 τὸ
3138 629 3254 680 ἐκεῖ
3287 629 3383 698 μὲν
3409 628 3466 680 ἐν
3516 627 3796 698 κεφαλαίῳ

2225 725 2615 798 παραδεδόσθαι
2663 721 2892 796 οὐρανοῦ
2921 723 3014 774 κα)⁵
3047 721 3149 792 γῆς
3189 720 3404 791 ποίησιν
3426 761 3440 783 ,
3485 718 3713 772 ἐνταῦθα
3740 719 3796 773 δὲ

2223 816 2820 890 ὲπεξεργαστικώτερον
2855 815 2944 867 τὸν
2975 815 3173 885 τρόπον
3205 813 3325 866 καθ’
3354 813 3412 865 ὃν
3445 813 3672 864 ἕκαστον
3704 809 3797 880 γέ-

2225 929 2348 981 γονε
2378 911 2474 981 τὴν
2505 909 2724 981 Γραφὴν
2744 911 2875 980 ἡμῖν
2900 906 3266 980 παραδιδόναι.
3304 905 3492 975 Ἡμεῖς
3523 904 3580 957 δέ
3621 920 3796 973 φαμεν

2221 1004 2300 1056 ὅτι
2326 1001 2537 1073 ἐπειδὴ,
2569 1002 2662 1056 κα)⁸
2683 1000 2791 1068 (94)
2817 998 2985 1070 δνομα
3011 999 3192 1070 ἕτερον
3223 997 3316 1049 καὶ
3337 996 3494 1067 χρεία
3525 995 3798 1058 ίδιέιζουσα

2220 1094 2312 1148 τοῦ
2338 1094 2588 1164 δευτέρου
2617 1091 2846 1162 οὖρανοῦ
2881 1091 3254 1162 παραδέδοται,
3281 1090 3467 1161 ἕτερός
3501 1091 3616 1141 ἐστι
3646 1089 3794 1159 παρὰ

2221 1187 2311 1239 τὸν
2341 1188 2396 1238 ὲν
2419 1186 2557 1256 ἀρχῇ
2584 1184 2946 1254 πεποιημένον
2972 1178 3144 1245 οὗτος,
3170 1181 3538 1252 στερεωτέρας
3559 1181 3794 1249 φύσεως,

2224 1277 2317 1329 καὶ
2345 1275 2533 1346 χρείαν
2572 1275 2845 1345 ἐξαίρετον
2877 1273 2953 1343 τῷ
2983 1273 3142 1326 παντὶ
3172 1271 3557 1343 παρεχόμενος.

543 1380 760 1452 quidem
801 1373 1075 1429 solidioris
1116 1381 1199 1425 est
1242 1380 1468 1434 natura,
1514 1384 1577 1422 ac
1624 1369 1955 1437 praecipuam
1991 1369 2243 1423 universo
2278 1368 2427 1422 afl‘erl
2463 1370 2928 1423 commoditatem.

615 1474 670 1528 4.
717 1470 780 1524 Et
821 1471 953 1523 dixit
1001 1467 1136 1520 Deus
1183 1479 1203 1517 :
1255 1462 1378 1516 Fiat
1417 1462 1802 1528 ﬁrmamentum
1848 1461 1902 1514 in
1937 1461 2109 1513 medio

543 1585 715 1638 aqme.
760 1574 806 1617 et
852 1563 917 1616 sit
958 1561 1252 1613 discernens
1283 1557 1417 1608 inter
1460 1570 1649 1623 aquam
1683 1561 1733 1605 et
1764 1551 1869 1621 25
1897 1569 2107 1620 aquam.

2288 1461 2341 1514 4.
2363 1461 2469 1514 Kal
2500 1457 2668 1513 εἶπεν
2689 1463 2720 1513 o'
2743 1461 2906 1524 Θεός’
2926 1456 3237 1524 Γενηθήτω
3260 1455 3370 1524 (95)
3397 1457 3698 1525 στερέωμα
3723 1457 3794 1510 ἐν

2212 1552 2379 1620 μέσῳ
2406 1552 2511 1604 τοῦ
2533 1551 2768 1615 ὕδατος,
2794 1555 2884 1603 καὶ
2913 1551 3066 1603 ἔστω
3090 1547 3430 1616 ὃιαχωρίζον
3455 1547 3570 1601 ἀνὰ
3598 1547 3792 1616 μέσον

545 1624 612 1714 Et
654 1624 774 1726 fecit
812 1655 948 1708 Deus
976 1651 1415 1719 ﬁrmamentum:
1463 1655 1510 1698 et
1559 1643 1736 1697 divisit
1786 1643 1925 1697 Deus
1978 1646 2107 1697 inter

2219 1643 2435 1706 ὕδατος
2458 1644 2556 1695 καὶ
2597 1642 2830 1707 ὕδατος.
2869 1643 2971 1696 Kal
3000 1642 3288 1708 ἐποίησεν
3321 1645 3352 1694 ό
3377 1641 3521 1706 Θεὸς
3553 1642 3619 1694 τὸ
3652 1658 3788 1697 στε-

545 1766 736 1821 aquam
771 1763 886 1816 qum
907 1753 1017 1798 erat
1046 1741 1137 1796 sub
1163 1740 1516 1802 ﬁrmamento,
1544 1748 1587 1790 et
1615 1737 1751 1790 inter
1776 1752 1966 1807 aquam
1999 1752 2114 1800 qum:

540 1853 654 1897 erat
685 1855 839 1908 super
881 1835 1265 1904 ﬁrmamentum
1295 1830 1361 1883 ".
1411 1829 1516 1882 Sed
1564 1837 1721 1881 antea
1769 1843 1932 1896 quam
1967 1827 2115 1880 Scri-

544 1945 716 2004 ptura:
750 1925 1070 1982 sententiam
1103 1923 1449 1989 attingamus,
1482 1918 1532 1971 id
1559 1917 1702 1987 quod
1739 1917 1806 1970 ab
1835 1916 1955 1970 aliis
1983 1915 2114 1985 obji-

544 2024 706 2085 citur,
743 2015 1041 2071 dissolvere
1069 2013 1356 2066 enitamur.
1387 2005 1786 2061 Percontantur
1817 2004 1960 2060 enim
1989 2020 2110 2082 nos,

545 2116 589 2170 si
621 2109 882 2183 splimrale
910 2117 993 2163 est
1025 2102 1349 2158 firmamenti
1381 2115 1601 2168 corpus,
1632 2109 1688 2152 ut
1716 2099 1814 2166 ipsi
1843 2106 2114 2151 testantur

543 2207 711 2271 oculi,
745 2205 789 2260 si
832 2201 1016 2257 itidem
1060 2212 1198 2266 aqua
1245 2193 1493 2249 difﬂuere
1538 2201 1592 2246 et
1631 2205 1662 2245 e
1702 2190 1950 2260 supernis
1977 2203 2112 2257 qua-

543 2309 867 2368 quaversum
898 2289 1061 2344 dilabi
1087 2287 1279 2352 soleat,
1305 2283 1576 2354 quomodo
1609 2282 1838 2351 poluerit
1873 2281 1923 2334 in
1956 2279 2112 2348 gibba

543 2383 869 2444 ﬁrmamenti
916 2377 1357 2436 circumferentia
1402 2376 1664 2430 retineri?
1713 2374 1981 2441 Quidnam
2045 2371 2112 2426 ad

543 2481 647 2536 hoc
672 2469 1151 2546 respondebimus?
1174 2468 1229 2522 ln
1253 2467 1444 2538 primis
1464 2467 1702 2546 quidem,
1729 2465 1871 2536 quod
1897 2463 2111 2517 etiamsi

541 2569 814 2640 quidpiam
853 2580 883 2619 a
919 2563 1076 2618 nobis
1103 2560 1390 2616 rotundum
1421 2558 1786 2627 conspiciatur
1811 2553 2111 2609 secundum

541 2664 812 2718 internam
839 2653 1259 2716 convexitatem,
1292 2663 1630 2718 nequaquam
1664 2662 1886 2707 necesse
1915 2647 1988 2702 sit
2017 2660 2111 2699 ex-

540 2767 698 2812 terna
737 2751 901 2807 etiam
955 2744 1245 2816 superficie
1282 2743 1350 2798 ad
1392 2743 1614 2812 sphaera:
1663 2740 1878 2795 modum
1926 2735 2110 2792 confe-

539 2860 684 2906 ctum
716 2847 903 2910 fuisse,
949 2851 1042 2896 aut
1081 2848 1252 2894 totum
1298 2850 1419 2892 esse
1461 2832 1697 2904 perfecte
1738 2832 2004 2895 tornatile,
2049 2844 2114 2884 ac

538 2943 700 3015 plane
730 2948 784 2994 et
805 2934 1140 3006 aequabiliter
1169 2929 1597 2987 circumductum
1617 2944 1639 3024 ἰ
1675 2924 2106 3024 quandoquidem
2135 2966 2177 3024 ϐ

540 3032 748 3101 lapidea
773 3028 1087 3084 balneorum
1118 3031 1279 3088 tecta,
1318 3030 1372 3075 et
1394 3021 1588 3074 aedium
1616 3018 1669 3072 in
1699 3017 1841 3072 antri
1872 3017 2106 3086 speciem

541 3122 926 3178 acdificatarum
964 3125 1266 3173 structuras
1299 3113 1583 3176 videmus;
1626 3125 1744 3178 qua:
1773 3109 1901 3163 licet
1936 3108 1990 3162 in
2023 3122 2110 3162 se-

540 3193 804 3272 micirculi
831 3212 1060 3266 formam
1090 3224 1155 3262 ex
1188 3215 1340 3278 parte
1371 3203 1566 3258 interni
1596 3209 1845 3272 aspectus
1876 3200 2110 3254 circum-

540 3311 827 3370 ducantur,
851 3318 992 3372 saepe
1019 3311 1196 3354 tamen
1225 3300 1277 3352 in
1310 3295 1680 3366 superioribus
1711 3293 1834 3348 tecti
1863 3291 2108 3361 partibus

541 3401 712 3456 levem
746 3413 810 3452 ac
855 3395 1064 3466 planam
1100 3393 1294 3447 habent
1328 3388 1690 3460 superficiem.
1729 3385 1914 3455 Neque
1943 3385 2108 3455 igitur

539 3493 700 3562 hujus
741 3491 814 3544 rei
847 3487 1018 3559 gratia
1051 3487 1323 3540 lacessant
1358 3482 1568 3553 negotia
1599 3482 1699 3536 sibi
1743 3480 1894 3548 ipsis,
1931 3493 2106 3547 neque

539 3584 696 3638 nobis
726 3581 1040 3644 exhibeant,
1070 3579 1222 3646 quasi
1255 3591 1448 3644 aquam
1492 3575 1544 3627 in
1579 3573 1832 3642 supernis
1857 3572 2103 3641 partibus

536 3675 780 3730 detinere
822 3687 925 3725 non
971 3671 1266 3724 valeamus.
1309 3669 1658 3736 Consequens
1706 3674 1884 3719 autem
1944 3663 2106 3716 fuerit

535 3767 735 3828 dicere,
762 3779 880 3834 qua:
908 3763 977 3815 sit
1006 3772 1196 3815 natura
1237 3761 1583 3821 firmamenti,
1611 3767 1665 3810 et
1694 3759 1761 3810 ob
1787 3772 1947 3825 quam
1974 3770 2104 3808 cau-

536 3872 650 3908 sam
677 3854 824 3921 jussa
849 3853 917 3905 sit
946 3852 1174 3904 medium
1205 3849 1489 3917 quemdam
1521 3848 1664 3899 inter
1697 3860 1892 3914 aquam
1928 3843 2102 3897 locum

536 3947 800 4002 obtinere.
839 3944 985 3996 Solet
1023 3943 1306 4006 Scriptura
1343 3940 1394 3993 in
1445 3939 1512 3990 iis
1559 3938 1716 3990 rebus
1749 3951 1868 4005 quae
1913 3937 2104 3988 robore

535 4053 600 4089 ac
634 4037 837 4088 viribus
864 4033 1195 4102 prmpollent,
1230 4045 1422 4084 nomen
1451 4029 1772 4083 firmamenti
1800 4040 2059 4094 usurpare
2084 4040 2098 4077 :

535 4127 680 4181 velut
721 4142 838 4179 cum
876 4126 1006 4178 dicit
1039 4145 1049 4180 :
1091 4123 1342 4176 Dominus
1380 4121 1766 4190 ﬁrmamentum
1824 4135 2014 4179 meum,
2053 4125 2103 4170 et

535 4219 796 4289 refugiunt
842 4234 1012 4271 meum
1055 4217 1133 4281 ⁶⁰;
1184 4225 1237 4269 et
1269 4233 1280 4267 :
1310 4213 1418 4283 Ego
1465 4214 1772 4282 conﬁrmavi
1827 4212 2098 4264 columnas

2209 1735 2433 1804 ρέωμα·
2478 1733 2572 1786 καὶ
2614 1733 2964 1801 διεχώρισεν
2997 1737 3029 1788 ὁ
3089 1734 3233 1798 Θεὸς
3283 1734 3398 1786 ἀνὰ
3436 1734 3631 1802 μέσον
3683 1736 3789 1790 τοῦ

2216 1825 2434 1890 ὓδατος
2466 1825 2496 1877 ὃ
2529 1822 2607 1893 ἦν
2639 1825 2914 1878 ὑποκάτω
2941 1825 3045 1878 τοῦ
3092 1824 3515 1894 στερεώματος,
3548 1827 3644 1879 καὶ
3673 1829 3790 1880 ἀνὰ

2209 1917 2404 1985 μέσον
2434 1917 2539 1969 τοῦ
2573 1917 2788 1982 ὓδατος
2831 1917 2935 1969 τοῦ
2980 1917 3178 1969 ἐπάνω
3211 1918 3316 1970 τοῦ
3362 1917 3785 1986 στερεώματος.

2215 2010 2324 2061 Καὶ
2357 2010 2460 2081 πρό
2487 2026 2546 2076 γε
2584 2009 2674 2062 τοῦ
2719 2007 2954 2077 ἅψασθαι
2995 2008 3094 2077 τῆς
3134 2008 3370 2072 διανοίας
3404 2009 3511 2062 τῶν
3544 2027 3789 2079 γεγραμ-

2219 2100 2413 2170 μένων,
2450 2099 2798 2172 πειραθῶμεν
2828 2100 2886 2152 τὸ
2920 2099 3068 2170 παρὰ
3094 2099 3200 2151 τῶν
3225 2099 3397 2152 ἄλλων
3422 2103 3789 2172 ἀντεπαγόμε-

2215 2209 2302 2246 νον
2331 2191 2596 2244 διαλῦσαι.
2642 2190 2914 2260 Ἐρωτῶσι
2961 2190 3069 2262 γὰρ
3097 2192 3241 2260 ἡμᾶς
3261 2229 3273 2252 ,
3305 2192 3350 2242 εί
3377 2193 3664 2262 σφαιρικὸν
3691 2194 3789 2263 μὲν

2213 2283 2274 2335 τὸ
2316 2282 2474 2352 σῶμα
2499 2281 2592 2334 τοῦ
2636 2281 3044 2353 στερεώματος,
3081 2283 3157 2345 ὡς
3201 2283 3233 2352 ἡ
3266 2283 3385 2352 ὄψις
3426 2283 3594 2354 δηλοῖ,
3629 2285 3790 2355 ῥυτὸν

2188 2375 2271 2434 ,δὲ
2287 2375 2348 2428 τὸ
2375 2375 2517 2445 ὕδωρ
2546 2376 2639 2428 καὶ
2669 2392 2734 2427 πε
2742 2375 3096 2445 ριολισθαῖνον
3128 2379 3238 2438 τοῖς
3281 2377 3501 2446 ὑψηλοῖς
3519 2418 3533 2440 ,
3576 2377 3694 2440 πῶς
3723 2377 3789 2430 ἂν

2214 2467 2439 2538 ἐδυνήθη
2459 2467 2566 2536 (96)
2584 2468 2674 2520 έπί
2684 2469 2780 2538 τῆς
2793 2468 2992 2537 κυρτῆς
3009 2485 3071 2520 πε
3081 2468 3355 2538 ριφερείας
3369 2467 3461 2520 τοῦ
3479 2468 3790 2539 στερεώμα-

2213 2576 2303 2622 τος
2327 2559 2670 2630 ἱδρυνθῆναι;
2711 2559 2780 2610 Τί
2799 2559 2861 2629 δὴ
2892 2559 3025 2629 πρὸς
3054 2559 3210 2611 τοῦτο
3243 2559 3507 2630 ἐροῦμενς
3537 2561 3657 2611 ’Ὁτι
3694 2560 3787 2629 μά·

2213 2650 2371 2704 λιστα
2411 2651 2506 2721 μὲν
2539 2650 2658 2709 οὔκ,
2709 2651 2760 2702 εί
2783 2668 2834 2703 τι
2865 2650 3002 2719 πρὸς
3040 2652 3186 2720 ἡμᾶς
3231 2650 3554 2722 κυκλοτερὲς
3596 2654 3787 2722 ὁρᾶται

2215 2741 2353 2795 κατὰ
2400 2743 2499 2812 τὴν
2545 2742 2691 2794 ἔνδον
2726 2742 3043 2814 κοιλότητα,
3081 2741 3238 2794 τοῦτο
3290 2743 3500 2814 ἀνάγκη
3555 2744 3646 2796 καὶ
3687 2744 3785 2815 τὴν

2213 2834 2408 2899 ἔξωθεν
2421 2835 2738 2903 ἐπιφάνειαν
2757 2835 2867 2903 (97)
2883 2837 3182 2907 σφαιρικῶς
3196 2836 3543 2906 ἁπηρτίσθαι,
3558 2837 3654 2891 καὶ
3669 2837 3754 2890 ὀλο
3767 2866 3786 2890 ο

2213 2925 2455 2996 ἀκριϐῶς
2481 2925 2724 2996 ἕντορνον
2749 2922 2886 2979 εἶναι
2917 2927 3009 2980 καὶ
3037 2927 3196 2990 λείως
3221 2929 3614 2998 περιηγμένον·
3650 2933 3784 2984 ὅπου

2213 3034 2275 3086 γε
2302 3017 2515 3089 ὁρῶμεν
2544 3019 2652 3071 τῶν
2679 3036 2735 3070 τε
2763 3018 3000 3090 λουτρῶν
3027 3021 3152 3082 τοὺς
3184 3019 3415 3084 λιθίνους
3438 3022 3664 3093 ὀρόφους
3694 3024 3786 3075 καὶ

2211 3109 2308 3172 τὰς
2344 3111 2452 3162 τῶν
2489 3110 2773 3181 ἁντρωδῶν
2822 3111 3268 3181 οἰκοδομημάτων
3326 3115 3702 3177 κατασκευὰς,
3750 3114 3786 3168 ἃ

2211 3203 2350 3256 κατὰ
2381 3203 2477 3274 τὴν
2515 3203 2659 3256 ἔνδον
2711 3202 2831 3273 ὄψιν
2875 3205 2954 3266 είς
2993 3204 3314 3276 ἡμικύκλιον
3385 3205 3572 3276 σχῆμα
3635 3224 3786 3279 περι-

2211 3296 2444 3366 ηγμένα,
2465 3297 2522 3349 ὲν
2550 3299 2660 3359 τοῖς
2681 3295 2793 3348 ἄνω
2814 3295 2907 3349 τοῦ
2925 3296 3117 3364 τέγους
3151 3294 3258 3366 (98)
3281 3295 3490 3366 ὁμαλὴν
3518 3297 3630 3366 ἔχει
3667 3298 3787 3350 πολ·

2209 3389 2363 3453 λάκις
2397 3390 2495 3460 τὴν
2543 3390 2881 3459 ἐπιφάνειαν.
2915 3391 3076 3442 Ὥστε
3108 3389 3296 3442 τούτου
3348 3405 3412 3457 γε
3451 3389 3612 3443 ἕνεκα
3649 3393 3782 3461 μήτε

2209 3482 2361 3534 αὐτοὶ
2394 3483 2666 3552 ἐχέτωσαν
2702 3483 3020 3554 πράγματα,
3054 3483 3188 3553 μήτε
3217 3484 3348 3552 ἡμῖν
3371 3483 3780 3553 παρεχέτωσαν,

2207 3573 2282 3635 ὡς
2317 3571 2374 3623 οὐ
2417 3572 2734 3643 δυναμένοις
2777 3573 2838 3625 τὸ
2877 3571 3020 3643 ὕδωρ
3071 3576 3363 3642 κατασχεῖν
3403 3574 3461 3626 ὲν
3510 3575 3623 3635 τοῖς
3648 3573 3778 3627 ἄνω.

2219 3664 2370 3734 Ἑξῆς
2398 3665 2440 3717 δ’
2465 3665 2529 3718 ἂν
2554 3664 2638 3735 εἴη
2669 3665 2868 3732 λέγειν,
2900 3665 2982 3727 τίς
3007 3667 3038 3735 ἡ
3077 3664 3232 3733 φύσις
3261 3664 3353 3718 τοῦ
3383 3665 3778 3736 στερεώματοςν

2206 3759 2300 3810 καὶ
2321 3757 2406 3810 διὰ
2433 3759 2551 3810 τίνα
2584 3759 2763 3810 αἰτίαν
2798 3757 3100 3828 μεσιτεύειν
3129 3757 3330 3827 ἐτάχθη
3355 3757 3430 3826 τῷ
3457 3757 3608 3810 ὕδατι
3643 3758 3778 3827 (99).

2205 3851 2278 3902 Τὸ
2332 3848 2426 3902 τοῦ
2460 3849 2830 3920 στερεὼματος
2875 3849 3042 3918 ὄνομα
3089 3847 3312 3918 σύνηθες
3347 3850 3412 3918 τῇ
3464 3848 3651 3919 Γραφῇ
3684 3849 3778 3900 ἐπὶ

2203 3941 2310 3992 τῶν
2339 3943 2452 3994 κατ’
2492 3943 2641 4011 ἰσχὺν
2665 3939 3106 4012 ὑπερϐαλλόντων
3133 3941 3352 3994 τάσσειν
3377 3956 3390 3968 ·
3419 3938 3494 4002 ὼς
3528 3939 3655 3992 ὃταν
3686 3940 3774 3992 λέο

2203 4049 2305 4106 γη·
2337 4035 2548 4101 Κύριος
2589 4031 2890 4102 στερέωμά
2935 4051 3054 4102 μου
3115 4032 3213 4086 καὶ
3266 4031 3576 4102 καταφυγή
3619 4049 3770 4100 μουο

2203 4126 2316 4187 καὶ,
2359 4123 2500 4192 Ἐγὼ
2535 4123 2867 4192 ἐστερέωσα
2907 4123 3049 4189 τοὺς
3088 4124 3359 4188 στύλους
3409 4120 3596 4188 αὐτῆς
3623 4136 3636 4148 ·
3682 4123 3775 4174 καὶ

2201 4218 2281 4280 τὸ,
2307 4217 2532 4271 Αἰνεῖτε
2558 4217 2744 4271 αὑτὸν
2763 4219 2832 4271 ἐν
2857 4215 3208 4286 στερεὼματι
3237 4215 3545 4285 δυνάμεως
3567 4213 3768 4268 αὑτοῦ.

532 4311 646 4379 ejus
676 4311 716 4341 δ’
737 4329 751 4376 ;
771 4320 822 4364 et
851 4310 974 4362 illud
1002 4327 1015 4363 :
1049 4307 1284 4361 Laudute
1304 4325 1421 4362 eum
1451 4307 1504 4359 in
1535 4305 1866 4374 ﬁrmamento
1893 4303 2097 4357 virtutis

2207 4314 2265 4364 Οἱ
2294 4312 2390 4382 μὲν
2413 4311 2519 4382 γὰρ
2549 4309 2742 4374 ἔξωθεν
2773 4311 2991 4381 στερεὸν
3012 4310 3227 4378 λέγουσι
3255 4308 3414 4379 σῶμα
3446 4308 3506 4360 τὸ
3549 4302 3657 4361 οἷον
3685 4325 3774 4360 να-

532 4407 647 4474 ejus
683 4407 749 4462 “.
797 4405 860 4458 Et
905 4405 1118 4472 quidem
1157 4404 1458 4472 philosophi
1517 4403 1616 4456 hoc
1667 4416 1862 4468 corpus
1913 4401 2097 4453 dicunt

535 4503 768 4563 firmum,
806 4498 944 4567 quod
988 4501 1141 4568 quasi
1191 4497 1419 4550 Solidum
1459 4503 1544 4548 est
1573 4502 1627 4547 et
1665 4494 1903 4563 plenum,
1953 4493 2095 4561 quod

532 4589 602 4641 ita
637 4590 956 4657 appellatur,
1005 4597 1064 4641 ut
1102 4605 1129 4640 a
1174 4585 1553 4640 tuathcmatico
1584 4586 1963 4654 distinguatur.
2002 4583 2095 4637 Est

529 4690 706 4735 alitem
745 4681 1206 4745 mathematicum,
1247 4681 1390 4749 quod
1440 4679 1490 4732 in
1541 4678 1671 4733 solis
1717 4677 1964 4732 consistit
2012 4676 2093 4729 di-

621 4860 642 4890 ⁹
678 4857 811 4912 Gen.
842 4874 881 4923 ι,
904 4857 959 4922 6,
991 4858 1041 4912 7.
1086 4858 1129 4889 ⁸⁸
1155 4856 1296 4911 Psal.
1322 4873 1450 4921 xvu,
1477 4859 1530 4912 5.
1573 4857 1612 4888 “
1648 4856 1789 4911 Psal.
1827 4872 2005 4919 LXXIV,
2036 4859 2087 4911 4.

599 5020 708 5085 (94)
735 5019 813 5090 ita
851 5035 982 5074 mss.
1009 5021 1209 5090 plures.
1247 5021 1404 5076 Deest
1429 5018 1520 5073 καί
1556 5020 1607 5071 in
1632 5017 1809 5072 editis.

600 5091 712 5161 (95)
737 5089 825 5144 Sic
862 5107 989 5146 mss.
1047 5093 1289 5159 plerique
1317 5106 1506 5145 omnes
1557 5103 1677 5161 cum
1712 5102 1869 5161 sacro
1905 5097 2086 5161 texui.

530 5157 869 5232 Haeeverba,
902 5164 995 5214 καὶ
1041 5161 1180 5215 ἔστω
1205 5157 1528 5232 διαχωρίζον
1559 5157 1663 5232 ἀνά
1704 5157 1867 5228 μέσον
1902 5158 2092 5222 ὓδατος

529 5233 620 5286 καὶ
648 5231 862 5295 ὓδατος,
897 5233 1273 5285 desiderantur
1308 5249 1358 5284 Ill
1383 5231 1645 5297 vulgatis.

561 5303 720 5426 ἐξῆ),
737 5301 865 5372 Reg.
896 5304 1100 5370 primus
1125 5301 1240 5364 πῶς
1267 5301 1334 5355 ἂν
1354 5299 1628 5372 δυνηθείη.
1664 5299 1794 5370 Reg.
1819 5311 2005 5355 sextus
2026 5301 2092 5353 ἂν

590 5391 684 5426 wn
723 5389 778 5426 η.

590 5391 756 5425 υνηυη
767 5412 778 5423 .

535 5382 778 5445 ςδυνήυη.

598 5443 710 5514 (97)
739 5441 906 5514 Colb.
944 5442 1152 5514 primus
1185 5439 1383 5505 ἔξωθεν
1418 5439 1794 5512 περιφέρειαν,
1818 5450 2090 5495 externam

534 5513 1022 5582 :irCumferentiam.

593 5583 702 5653 (98)
726 5580 983 5637 Nonnulli
1020 5598 1151 5637 mss.
1180 5583 1272 5636 τοῦ
1302 5581 1552 5653 στέγους,
1578 5580 1698 5653 Mox
1734 5597 1863 5638 mss.
1897 5583 2088 5638 τούτου

534 5671 582 5723 τε
617 5651 821 5707 ἕνεκεν.
867 5655 1041 5709 Editio
1073 5654 1241 5709 Paris.
1282 5654 1465 5708 ἕνεκα.
1517 5651 1668 5707 Colb.
1727 5655 1932 5723 primus
1960 5654 2086 5706 τού-

533 5741 629 5777 των
652 5742 713 5792 γε
737 5725 937 5778 ἕνεκεν.

590 5798 701 5864 (99)
731 5797 880 5866 Coll).
916 5795 1121 5863 primus
1154 5797 1215 5849 τὸ
1249 5795 1411 5866 ὕδωρ.

592 5866 667 5934 (1)
709 5865 796 5920 Sic
831 5865 980 5936 Regii
1038 5869 1261 5936 primus,
1316 5865 1527 5932 tertius,
1582 5877 1831 5937 quartus,
1861 5868 2082 5935 quintus

2204 4403 2324 4456 στὸν
2355 4404 2446 4456 καὶ
2483 4403 2704 4473 πλῆρες,
2734 4403 2762 4456 ὃ
2797 4403 2930 4474 πρὸς
2965 4401 3369 4472 ἀντιδιαστολὴν
3397 4400 3490 4454 τοῦ
3522 4400 3775 4470 μαθημα-

2202 4495 2352 4548 τικοῦ
2388 4495 2622 4564 λέγεται.
2667 4494 2818 4546 Ἔστι.
2863 4495 2919 4547 δὲ
2971 4494 3031 4547 τὸ
3079 4493 3176 4565 μὲν
3210 4493 3589 4564 μαθηματικὸν
3629 4493 3690 4544 τὸ
3717 4493 3773 4544 ὲν

2205 4587 2389 4656 μόναις
2423 4591 2540 4651 ταῖς
2565 4588 2875 4641 διαστάσεσι
2911 4587 2970 4639 τὸ
3007 4581 3144 4639 εἶναι
3173 4586 3324 4656 ἔχον,
3367 4588 3424 4638 ὲν
3458 4585 3536 4656 τῷ
3559 4585 3768 4645 πλιίιτει⁹

2200 4678 2340 4746 λέγω
2361 4679 2452 4731 καὶ
2481 4679 2558 4749 τῷ
2585 4679 2756 4749 βάθει,
2795 4680 2888 4732 καὶ
2918 4677 2994 4749 τῷ
3033 4677 3155 4748 ὕψει
3179 4679 3253 4748 (1)
3274 4697 3286 4710 ·
3318 4679 3378 4731 τὸ
3415 4679 3472 4731 δὲ
3502 4678 3718 4748 στερεὸν
3744 4676 3773 4728 ὃ

2165 4858 2210 4890 δ’
2237 4856 2374 4914 Paul.
2400 4875 2484 4925 CL,
2524 4861 2576 4914 1.

2203 5031 2256 5074 et
2287 5031 2470 5074 sextus
2505 5038 2623 5074 cum
2658 5021 2808 5075 Colb.
2843 5019 3083 5075 secundo
3107 5031 3161 5073 et
3189 5036 3310 5076 cum
3347 5030 3576 5086 utroque
3599 5021 3766 5076 Coisl.

2195 5091 2562 5162 EditiorBasil.
2601 5092 2658 5144 έν
2697 5091 2775 5162 τῷ
2806 5090 2996 5145 πλάτει
3025 5089 3189 5160 λέγω,
3246 5091 3340 5144 καὶ
3387 5089 3465 5160 τῷ
3499 5089 3643 5159 ὕψει,
3678 5093 3773 5148 καὶ

2193 5161 2272 5232 τῷ
2303 5161 2456 5231 βάθει
2489 5177 2501 5212 :
2529 5165 2724 5229 quibus
2750 5161 2992 5215 vocibus
3033 5163 3375 5230 percelebres
3409 5171 3524 5232 tres
3553 5163 3766 5217 dimen-

2195 5231 2374 5286 siones
2408 5233 2799 5299 iutelliguutur,
2841 5233 3026 5294 latum,
3061 5233 3385 5298 profundum
3414 5240 3470 5284 et
3515 5231 3756 5300 longum.

2196 5300 2329 5356 Nam
2371 5301 2531 5372 βάθος
2568 5303 2656 5356 hic
2689 5302 2827 5354 sumi
2878 5302 3088 5355 videtur
3130 5316 3226 5372 pro
3264 5299 3472 5372 μῆκος..
3514 5299 3627 5356 hoc
3657 5313 3762 5366 est.

2196 5387 2295 5440 pro
2325 5369 2676 5442 longitudine.
2709 5373 2770 5425 Et
2805 5387 2930 5424 vero
2958 5374 3114 5425 docet
3155 5369 3399 5436 Budaeus,
3451 5369 3616 5494 ἱάθος
3644 5373 3766 5425 alti-

2200 5443 2439 5494 tudinem
2464 5444 2593 5494 diei.
2625 5457 2744 5494 ante
2785 5441 3012 5494 refertur
3039 5443 3104 5494 ad
3129 5442 3188 5494 τὸ
3227 5441 3419 5494 μῆκος.
3501 5458 3596 5494 eae
3630 5441 3766 5494 Tlte-

2200 5441 2593 5512 tudinemrdiei,
2625 5457 2744 5511 qua:
2785 5441 3012 5494 refertur
3039 5443 3104 5494 ad
3129 5442 3188 5494 τὸ
3226 5441 3419 5512 μῆκος.
3455 5441 3596 5512 Lege
3630 5441 3766 5495 Tlte-

2197 5529 2413 5582 saurum
2443 5511 2658 5566 Ilenrici
2714 5512 2970 5582 Stephani
3018 5514 3081 5565 ad
3133 5511 3317 5582 vocem
3361 5511 3555 5582 βάθοςξ
3584 5513 3764 5582 Editio

2191 5581 2364 5654 Paris.
2419 5582 2604 5654 ﬁeri?)
2659 5582 2850 5635 πλάτει
2895 5581 3062 5654 λέγω(
3090 5583 3182 5636 καὶ
3230 5581 3306 5652 τῷ
3363 5581 3531 5654 μήκει
3569 5581 3766 5654 καίτῷ

2193 5653 2366 5722 βάθει.
2392 5653 2601 5720 Optime
2630 5655 2844 5720 quidem
2903 5670 2916 5705 :
2974 5653 3067 5706 sed
3101 5655 3266 5706 codex
3303 5653 3478 5706 nullus
3523 5655 3646 5706 huic
3691 5653 3764 5707 le-

2190 5726 2351 5778 ctioui
2391 5723 2735 5792 suffragatur.
2787 5722 2940 5779 Unde
2969 5725 3280 5791 typographi
3319 5723 3645 5776 l‘arisicnses
3679 5727 3760 5778 sic

2189 5797 2470 5849 excudisse
2525 5796 2770 5848 videntur
2803 5809 2904 5845 non
2937 5808 2998 5845 ex
3057 5794 3158 5845 fide
3197 5796 3439 5845 codicum
3473 5811 3622 5849 mss.
3664 5797 3755 5844 sed

2190 5866 2253 5920 dc
2286 5881 2402 5920 suo.
2440 5863 2571 5920 Nolo
2607 5876 2781 5919 tamen
2807 5880 2896 5918 eos
2922 5863 3125 5917 fraudis
3157 5875 3436 5918 accusatos
3473 5875 3564 5917 aut
3603 5864 3758 5917 lalla-
