4082 6398
343 407 408 460 (il
1471 405 1757 460 llOIilllJA
1797 404 1864 458 lll
1906 403 1970 458 IN
2013 403 2515 488 l-lEXAEilERON.
3517 413 3587 469 62

347 520 486 592 πρὸς
510 521 620 582 τοῖς
642 518 972 590 διαστήμασι
997 535 1090 572 και
1115 519 1213 590 τὴν
1239 520 1556 574 ἀντιτυπίαν
1581 520 1713 591 ἔχει.
1749 521 1825 592 Τῇ
1867 521 1910 574 δέ

2029 523 2423 588 mensionibus,
2459 523 2511 576 in
2537 522 2839 589 latitudine,
2870 526 3110 595 inquam,
3139 542 3202 581 ac
3224 529 3586 596 proluuditate

346 612 534 685 Γραφῇ
570 609 796 680 σύνηθες
828 610 889 662 τὸ
924 610 1179 680 κραταιὸν
1215 611 1308 663 καὶ
1333 611 1606 664 άνένδοτον
1637 614 1917 686 στερέωμα

344 701 543 770 λέγειν,
568 699 643 762 ὡς
664 699 756 753 καὶ
787 699 878 752 ἐπὶ
915 699 1077 772 άέρος
1110 699 1369 764 πολλάκις
1401 703 1918 766 καταπυκνωθέντος

340 796 411 866 τῇ
447 794 596 862 φωνῇ
635 790 806 864 ταύτῃ
848 791 1144 862 κεχρῆσθαι
1167 807 1178 820 ⁸
1216 793 1291 856 ὡς
1323 794 1450 846 ὅταν
1477 793 1606 866 λέγῃ
1627 811 1641 824 ο
1688 795 1748 846 ὐ
1780 811 1917 847 στε-

337 883 497 953 ρεῶν
519 881 809 950 βροντήν.
843 880 951 951 Τὴν
982 880 1090 952 γὰρ
1125 882 1453 954 στερρότητα
1484 884 1576 936 καὶ
1601 883 1918 937 ἀντιτυπίαν

344 976 438 1031 τοῦ
483 974 788 1045 πνεύματος
825 974 918 1027 τοῦ
968 974 1540 1046 ὲναπολαμὸανομένου
1582 979 1699 1038 ταῖς
1747 975 1918 1028 κοιλό-

342 1086 468 1140 τησι
497 1068 605 1120 τῶν
632 1067 808 1136 νεφῶν
838 1069 937 1138 (2),
979 1069 1073 1120 καὶ
1110 1067 1196 1120 διὰ
1231 1069 1292 1122 τὸ
1328 1069 1517 1138 βιαίως
1555 1069 1917 1139 ὲκρήγνυσθαι

343 1161 470 1222 τοὺς
493 1158 636 1212 κατὰ
654 1159 752 1221 τὰς
777 1157 1003 1230 βροντὰς
1031 1159 1415 1222 ἀποτελοῦντος
1438 1159 1661 1229 ψόφους,
1691 1159 1919 1230 στερέω-

347 1269 430 1303 σιν
459 1250 688 1321 βροντῆς
719 1252 751 1320 ἡ
787 1249 974 1321 Γραφὴ
1011 1251 1437 1323 προσηγόρευσε.
1477 1253 1586 1304 Καὶ
1621 1251 1715 1305 νῦν
1745 1252 1917 1305 τοίνυν

341 1341 622 1412 ἡγούμεθα
674 1341 765 1392 ἐπί
814 1358 958 1405 τινος
1006 1343 1235 1412 στερρᾶς
1282 1342 1495 1412 φύσεως
1548 1343 1756 1411 στέγειν
1823 1342 1916 1396 τοῦ

344 1434 533 1496 ὓδατος
565 1432 625 1484 τὸ
660 1431 941 1502 ὀλισθηρὸν
987 1433 1080 1485 καὶ
1105 1433 1411 1486 εὐδιάλυτον
1447 1433 1519 1504 (5)
1560 1434 1914 1504 ἐξαρκούσης,

341 1526 438 1595 τὴν
468 1524 650 1594 φωνὴν
697 1523 898 1592 ταύτην
941 1522 1214 1593 τετάχθαι.
1267 1525 1376 1576 Καὶ
1395 1526 1456 1577 οὐ
1505 1525 1704 1593 δήπου,
1735 1527 1917 1596 ἐπειδὴ

341 1615 485 1670 κατὰ
512 1615 609 1686 τὴν
642 1613 825 1686 κοινὴν
855 1615 1079 1686 ἐκδοχὴν
1102 1616 1166 1668 ὲκ
1193 1615 1287 1668 τοῦ
1313 1615 1502 1679 ὓδατος
1522 1617 1666 1670 δοκεί
1697 1619 1795 1690 τὴν
1836 1619 1920 1686 γέ-

341 1726 487 1763 νεσιν
533 1708 842 1778 ἐσχηκέναι,
883 1707 915 1778 ἢ
965 1707 1116 1761 ὕδατι
1168 1708 1437 1779 πεπηγότι
1483 1710 1722 1780 ἐμφερὲς
1781 1707 1916 1763 εἶναι

341 1801 607 1872 προσήκει
653 1799 913 1869 νομίζειν,
961 1799 994 1869 ἤ
1030 1815 1142 1866 τινι
1174 1799 1398 1872 τοιαύτῃ
1441 1799 1544 1872 ὕλῃ
1588 1803 1651 1852 ὲκ
1695 1802 1791 1872 τῆς
1822 1802 1915 1854 τοῦ

2020 621 2073 668 et
2100 613 2455 678 longitudine.
2486 614 2726 670 Firmum
2752 627 2928 672 autem
2961 617 3089 672 illud
3115 627 3220 682 est,
3252 619 3303 673 in
3331 636 3437 688 quo
3459 637 3588 691 pra)-

2022 715 2103 760 ter
2152 707 2514 764 dimensiones
2566 708 2794 764 durities
2841 711 3004 764 etiam
3053 719 3108 765 et
3156 713 3374 766 renixus
3423 714 3584 768 inest.

2018 795 2186 851 Porro
2221 797 2525 868 Scriptura,
2575 800 2718 869 quod
2767 800 3002 855 validum
3037 813 3119 856 est
3167 814 3222 857 et
3253 803 3584 871 inﬂexibile,

2021 888 2415 944 ﬁrmamentum
2447 905 2644 946 vocare
2669 894 2968 957 consuevit,
3010 895 3082 949 ita
3119 904 3177 948 ut
3203 895 3365 950 etiam
3402 909 3583 949 aerem

2020 980 2172 1035 valde
2213 981 2496 1038 densatum
2551 985 2932 1055 designatura,
2967 1001 3108 1056 smpe
3154 989 3252 1040 hac
3289 987 3402 1054 ipsa
3453 1001 3588 1040 voce

2019 1083 2222 1139 utatur,
2249 1075 2392 1130 velut
2425 1090 2547 1129 cum
2578 1076 2710 1131 dicit
2738 1096 2750 1131 :
2787 1077 3040 1131 Firmans
3064 1080 3261 1132 tonitru
3289 1077 3355 1131 ⁸³.
3387 1078 3585 1132 Solidi-

2018 1175 2180 1219 tatem
2214 1167 2356 1220 enim
2383 1176 2436 1221 et
2466 1169 2712 1222 renixum
2739 1170 2986 1238 spiritus,
3012 1172 3101 1239 qui
3135 1171 3186 1225 in
3216 1171 3436 1225 nubium
3466 1171 3586 1224 lini-

2019 1258 2116 1311 bus
2159 1257 2416 1322 inclusus,
2463 1261 2532 1313 ob
2582 1261 2872 1314 violentam
2922 1263 3260 1330 eruptionem
3313 1263 3583 1333 fragorem

2021 1350 2312 1402 tonitruum
2340 1351 2472 1414 edit,
2501 1352 2722 1406 tonitrui
2756 1354 3064 1408 ﬁrmitatem
3095 1354 3375 1422 Scriptura
3400 1356 3583 1424 appel-

2019 1441 2169 1494 lavit.
2216 1441 2400 1509 Itaque
2426 1452 2476 1496 et
2513 1443 2600 1498 hic
2630 1445 2768 1499 hanc
2798 1461 2983 1499 vocem
3027 1461 3123 1514 pro
3155 1445 3308 1498 lirma
3352 1448 3585 1515 quadam

2019 1543 2207 1586 natura
2245 1549 2363 1603 qum
2406 1550 2602 1604 aquam
2633 1537 2740 1606 26
2769 1536 3030 1590 lubricam
3071 1553 3133 1592 ac
3167 1537 3324 1592 facile
3354 1537 3586 1593 dissolu-

2020 1625 2180 1678 bilem
2210 1627 2492 1680 continere
2522 1630 2713 1696 possit,
2749 1637 3057 1696 usurpatam
3084 1644 3204 1684 esse
3226 1630 3578 1684 arbitramur.

2019 1715 2129 1771 Nec
2172 1733 2317 1780 vero.
2354 1719 2608 1787 quoniam
2654 1719 3049 1774 ﬁrmamentum
3081 1736 3145 1774 ex
3176 1723 3445 1777 communi
3494 1739 3587 1777 ac-

2020 1811 2266 1876 ceptione
2289 1812 2356 1864 ab
2384 1826 2521 1880 aqua
2553 1822 2734 1866 ortum
2763 1815 2990 1866 traxisse
3027 1814 3259 1879 videtur,
3290 1815 3585 1884 putandum

342 1892 510 1963 ὑγροῦ
537 1891 836 1963 διηθήσεως
860 1891 957 1962 τὴν
987 1891 1159 1961 ἀρχὴν
1185 1871 1559 1964 λαμϐανούση,
1590 1871 1910 1946 δποίαέστὶν

2020 1911 2100 1954 est
2135 1900 2259 1953 illud
2305 1901 2480 1956 simile
2519 1917 2639 1956 esse
2671 1913 2764 1956 aut
2793 1918 2946 1972 aqua:
2977 1905 3301 1974 congelatas,
3356 1914 3448 1959 aut
3495 1907 3583 1960 tali

338 1986 374 2055 ἥ
408 2003 466 2039 τε
511 1983 604 2038 τοῦ
659 1984 992 2056 κρυστάλλου
1037 1983 1222 2048 λίθου,
1254 1984 1313 2037 ὃν
1363 1983 1428 2037 δι’
1476 1985 1916 2056 ὑπερϐάλλουσαν

338 2077 433 2130 τοῦ
468 2077 658 2140 ὓδατος
687 2075 849 2146 πῆξιν
886 2075 1294 2146 μεταποιεῖσθαί
1323 2092 1507 2144 φασιν,
1536 2076 1568 2146 ἢ
1598 2079 1629 2147 ἠ
1667 2076 1760 2129 τοῦ
1790 2078 1919 2132 σπέ-

337 2169 468 2224 κλου
493 2168 653 2237 φύσις
687 2167 760 2239 (4)
807 2169 864 2220 ἐν
916 2166 1197 2238 μετάλλοις
1225 2167 1609 2237 συνισταμένη.
1651 2167 1812 2231 Λίθος
1859 2169 1917 2221 δέ

335 2262 454 2316 ἔστι
480 2259 734 2331 διαυγὴς,
769 2259 1072 2324 ἰδιάζουσαν
1101 2260 1193 2312 καὶ
1234 2257 1630 2330 καθαρωτάτην
1670 2259 1768 2331 τὴν
1798 2260 1916 2313 δια-

336 2355 562 2424 φάνειαν
587 2351 942 2422 κεκτημένος,
973 2351 1050 2415 ὃς,
1078 2350 1172 2404 ἐὰν
1219 2351 1361 2404 κατὰ
1387 2350 1484 2422 τὴν
1520 2351 1714 2404 ἑαυτοῦ
1757 2352 1918 2422 φύσιν

334 2445 572 2516 ἀκριϐὴς
594 2444 812 2516 εὑρεθῇ,
852 2445 989 2515 μήτε
1022 2442 1478 2513 κατεδηδεσμένος
1508 2443 1760 2516 σηπεδὸνι
1789 2445 1914 2507 τινὶ,

341 2539 477 2610 μήτε
507 2537 568 2589 τὸ
591 2536 752 2607 βάθος
779 2534 1193 2605 ὑπερρηγμένος
1221 2537 1340 2598 ταῖς
1372 2534 1653 2604 διαφύσεσι
1677 2575 1691 2599 ,
1719 2535 1916 2606 μικροῦ

334 2629 415 2700 τῷ
444 2630 565 2700 ἀέρι
593 2627 690 2699 τὴν
716 2625 990 2695 διαύγειαν
1033 2625 1224 2679 ἔοικεν.
1255 2627 1442 2680 Οὐδεν).
1478 2624 1570 2681 οῦν
1608 2627 1809 2681 τούτων
1843 2631 1920 2682 εί-

337 2719 579 2791 κάζομεν
621 2719 683 2773 τὸ
731 2719 1037 2791 στερέωμα.
1079 2719 1341 2789 Παιδικῆς
1378 2718 1487 2789 γὰρ
1533 2719 1610 2790 τῷ
1664 2721 1774 2774 ὄντι
1825 2722 1917 2774 καὶ

338 2813 517 2884 ἁπλῆς
548 2812 785 2876 διανοίας
814 2811 1068 2875 τοιαύτας
1089 2811 1234 2882 ἔχειν
1255 2812 1512 2882 περὶτῶν
1541 2815 1806 2885 οὐρανίων
1838 2814 1914 2886 (5)

333 2906 435 2969 τὰς
461 2905 774 2976 ὑπολήψεις.
799 2904 872 2957 Οὐ
901 2904 1007 2974 μὴν
1035 2903 1156 2956 οὐδὲ
1186 2905 1234 2956 εἰ
1265 2905 1442 2958 πάντα
1467 2906 1522 2958 ὲν
1555 2905 1755 2959 ἅπασίν
1777 2908 1913 2966 ἐστι,

336 2998 449 3068 πῦρ
481 3000 577 3070 μὲν
598 3000 654 3052 ὲν
675 3002 766 3070 γῇ,
797 2998 903 3070 ἀὴρ
927 2999 983 3052 δὲ
1011 2999 1066 3051 ὲν
1093 2997 1261 3056 ὑδατι.
1287 3001 1381 3052 καὶ
1404 3000 1509 3053 τῶν
1539 3000 1714 3055 ἄλλων
1739 3001 1916 3055 ὡσαύ-

334 3108 442 3152 τως
464 3092 520 3143 ὲν
545 3091 715 3163 ἑτέρῳ
737 3091 798 3145 τὸ
821 3091 1006 3162 ἕτερον
1023 3107 1036 3122 ·
1065 3089 1159 3143 καὶ
1185 3091 1349 3161 μηδὲν
1380 3092 1486 3146 τῶν
1517 3093 1764 3165 αἰσθήσει
1794 3095 1918 3147 ὐπο-

2025 1992 2242 2046 cuidam
2281 1995 2540 2057 materiae,
2578 2011 2643 2048 ex
2681 1996 2906 2050 hmnore
2950 1997 3222 2066 percolato
3265 1999 3587 2067 principium

2028 2083 2338 2151 accipienti.
2387 2085 2572 2150 Qualis
2608 2094 2691 2139 est
2728 2096 2920 2140 natura
2959 2101 3050 2142 aut
3089 2088 3324 2158 crystalli
3361 2089 3587 2157 lapidis,

2022 2189 2180 2240 quem
2255 2175 2322 2228 ob
2375 2177 2880 2244 prmstantissimam
2950 2195 3102 2248 aquze
3157 2181 3587 2250 congelationem

2023 2265 2374 2318 transmutari
2408 2266 2559 2319 aiunt
2588 2284 2601 2320 :
2636 2276 2729 2320 aut
2761 2267 3057 2337 specularis
3083 2268 3295 2338 lapidis,
3326 2272 3418 2338 qui
3448 2271 3591 2324 inter

2022 2355 2232 2408 metalla
2277 2358 2593 2412 concrescit.
2631 2359 2725 2413 Est
2776 2368 2958 2414 autem
2985 2360 3072 2415 hic
3096 2361 3234 2430 lapis
3259 2363 3585 2431 pellucidus,

2019 2448 2275 2514 peculiari
2308 2464 2370 2503 ac
2399 2449 2687 2517 purissima
2733 2450 2980 2506 claritate
3009 2451 3260 2516 donatus,
3290 2454 3378 2522 qui
3407 2453 3452 2508 si
3495 2470 3591 2523 pro

2018 2553 2112 2594 sua
2151 2549 2340 2595 natura
2382 2542 2627 2597 sincerus
2670 2553 2724 2598 et
2764 2542 3041 2597 absolutus
3081 2553 3328 2612 repertus
3355 2553 3462 2609 est,
3497 2562 3592 2599 ne-

2019 2646 2123 2699 que
2161 2631 2268 2684 ulla
2305 2647 2498 2686 exesus
2551 2633 2857 2701 putredine,
2897 2647 3071 2702 neque
3123 2633 3485 2708 ﬁssurisisese
3522 2640 3589 2687 ad

2020 2724 2308 2778 interiores
2327 2739 2496 2791 usque
2518 2733 2698 2793 partes
2719 2725 3134 2779 extendentibus
3155 2725 3382 2790 divisus,
3411 2725 3587 2795 splen-

2021 2815 2150 2869 dore
2181 2815 2291 2866 aeri
2343 2814 2455 2868 fere
2503 2814 2694 2870 similis
2726 2816 2957 2870 exsistit.
3012 2814 3152 2870 Nulli
3193 2817 3354 2886 igitur
3393 2818 3589 2873 horum

2020 2920 2396 2974 comparamus
2428 2906 2852 2961 lirmamentum.
2881 2906 3112 2962 Puerilis
3138 2910 3280 2963 enim
3312 2925 3499 2965 revera
3533 2921 3589 2966 et

2021 2996 2286 3065 simplicis
2321 2996 2488 3050 animi
2519 3006 2620 3060 est,
2650 2997 2782 3052 tales
2811 2998 2876 3052 de
2902 2999 3212 3054 coelestibus
3240 2999 3439 3056 habere
3467 3004 3587 3072 opi-
3657 2995 3666 3006 ’

2019 3088 2231 3143 niones.
2265 3087 2448 3158 Neque
2471 3096 2652 3143 tamen
2676 3091 2928 3158 quoniam
2957 3100 3153 3146 cuncta
3180 3091 3233 3146 in
3263 3096 3474 3148 cunctis
3499 3097 3584 3148 in-

334 3186 642 3265 πιπτοντων
683 3184 960 3256 στοιχείων
1006 3183 1292 3254 εἰλικρινές
1342 3186 1458 3236 ἐστι
1504 3185 1598 3238 καὶ
1639 3187 1835 3257 ἀμιγὲς
1880 3187 1910 3257 ἢ

2019 3187 2164 3245 sunt,
2195 3179 2330 3248 ignis
2357 3179 2575 3248 quidem
2607 3181 2660 3235 in
2690 3189 2853 3245 terra,
2883 3196 2978 3236 aer
3007 3196 3138 3236 vero
3164 3182 3216 3238 in
3253 3199 3414 3252 aqua,
3446 3196 3500 3238 et
3525 3201 3590 3240 ex

333 3279 434 3349 τῆς
461 3263 597 3350 πρὸς
628 3278 688 3330 τὸ
725 3277 906 3348 μέσον,
940 3276 1094 3347 ἢτῆς
1121 3283 1256 3348 πρὸς
1290 3279 1351 3330 τὸ
1384 3279 1758 3349 ἀντικείμενον
1802 3297 1918 3333 κοι-

333 3372 563 3435 νωνίαςο
605 3370 793 3424 τούτου
827 3371 1010 3424 ἕνεκεν
1041 3372 1445 3442 καταδεχόμεθα
1477 3372 1540 3425 τὸ
1577 3373 1912 3445 στερέωμαῆ

335 3464 397 3529 ἐξ
445 3465 562 3527 ἐνὸς
599 3464 706 3517 τῶν
751 3463 955 3524 ἁπλῶν,
981 3463 1014 3534 ἢ
1044 3463 1102 3516 τὸ
1142 3464 1249 3517 ἀπὸ
1287 3464 1490 3518 τούτων
1530 3464 1706 3536 μίγμα
1746 3467 1913 3536 φῆσαι

332 3549 622 3619 ὑπάρχειν,
664 3549 1030 3618 δεδιδαγμένοι
1087 3548 1236 3620 παρὰ
1295 3549 1396 3619 τῆς
1441 3549 1689 3619 Γραφῆς,
1747 3551 1912 3621 μηδὲν

334 3641 650 3712 ἐπιτρέπειν
682 3641 836 3713 ἡμῶν
858 3641 935 3712 τῷ
967 3640 1043 3711 νῷ
1071 3640 1214 3712 πέρα
1256 3641 1363 3694 τῶν
1410 3643 1911 3713 συγκεχωρημένων

335 3732 777 3802 φαντασιοῦσθαι.
812 3734 904 3802 Μὴ
935 3734 1268 3806 παραδράμῃ
1310 3732 1366 3786 δὲ
1393 3735 1540 3804 ἡμᾶς
1572 3735 1706 3805 μηδὲ
1740 3737 1914 3788 έκεῖνο

332 3825 831 3898 ἁπαρασήμαντον,
885 3828 965 3880 ὃτι
1017 3825 1155 3897 μετὰ
1200 3826 1260 3878 τὸ
1290 3823 1588 3897 προστάξαι
1629 3825 1720 3880 τὸν
1760 3825 1911 3890 Θεὸν,

405 4008 452 4040 ⁸³
491 4009 654 4062 Amos
683 4023 736 4062 tv
788 4009 878 4062 15.

333 4165 456 4227 ciae,
486 4179 606 4217 cum
634 4179 733 4234 per
766 4163 1086 4218 asteriscum
1115 4176 1180 4217 eo
1226 4162 1329 4218 loci
1366 4163 1691 4233 appositum,
1728 4160 1898 4216 lecto-

334 4250 450 4289 rem
492 4249 710 4289 monere
739 4235 1037 4292 videantur.
1063 4247 1120 4287 se
1158 4249 1276 4298 sua,
1307 4247 1410 4287 non
1444 4234 1690 4288 codicum
1716 4243 1902 4286 aucto-

333 4306 496 4360 ritate
530 4304 602 4357 ita
630 4305 884 4359 edidisse.
916 4303 1048 4358 illud
1094 4314 1272 4358 autem
1316 4305 1567 4359 omittere
1596 4319 1699 4358 non
1735 4303 1898 4358 debe-

335 4391 480 4442 mus,
530 4376 770 4444 codicem
807 4375 1154 4444 Bodleianum
1221 4374 1420 4428 habere
1466 4375 1628 4444 μήκει
1672 4373 1765 4427 καὶ
1825 4372 1904 4444 τῷ

336 4445 480 4515 ὕψει.
523 4443 648 4506 Sed,
677 4445 774 4498 nisi
808 4460 892 4498 me
925 4460 1041 4499 mea
1079 4443 1434 4515 lallitgopinio,
1467 4443 1565 4498 vox
1595 4445 1766 4514 μῆκος
1795 4443 1905 4514 pri-

2025 3271 2146 3324 aliis
2172 3271 2420 3326 similiter
2446 3271 2675 3327 alterum
2707 3273 2762 3327 in
2797 3273 3002 3340 altero;
3040 3290 3138 3330 nec
3189 3284 3248 3330 ut
3299 3275 3463 3332 ullum
3507 3286 3590 3332 est

2024 3365 2408 3418 elementorum
2446 3364 2545 3420 sub
2579 3379 2770 3421 sensus
2812 3366 3119 3422 cadentium
3161 3384 3355 3438 purum
3385 3381 3440 3425 et
3478 3370 3590 3424 sin-

2023 3469 2230 3517 cerum,
2261 3468 2476 3508 omnem
2508 3454 2623 3510 sive
2650 3470 2771 3509 cum
2805 3457 3002 3521 medio,
3035 3457 3149 3512 sive
3180 3473 3302 3512 cum
3335 3459 3584 3528 opposito

2021 3548 2336 3603 societatem
2367 3548 2682 3615 excludens,
2708 3565 2814 3604 non
2847 3550 3053 3606 idcirco
3081 3553 3264 3607 dicere
3300 3555 3582 3621 audemus,

2022 3639 2417 3693 firmamentum
2442 3649 2535 3694 aut
2558 3657 2625 3696 ex
2655 3657 2762 3696 uno
2784 3642 3107 3712 simplicium
3131 3643 3378 3712 conﬂari,
3403 3653 3494 3697 aut
3518 3659 3588 3702 ex

2018 3731 2101 3786 liis
2144 3732 2548 3802 permistionem
2579 3733 2867 3804 quamdam
2925 3749 3047 3790 esse
3083 3754 3098 3791 :
3152 3737 3588 3806 quandoquidem

2021 3829 2195 3885 edocti
2247 3844 2433 3884 sumus
2460 3845 2490 3884 a
2526 3829 2827 3901 Scriptura.
2864 3840 2923 3886 ut
2967 3831 3100 3886 nihil
3143 3831 3311 3887 menti
3346 3840 3587 3896 noStrte,

2200 4161 2332 4242 Reg.
2358 4160 2877 4242 sextusmdittaerlpbv
2911 4163 3002 4216 xui.
3044 4161 3382 4242 εὐδιάχυτον.
3439 4163 3587 4220 Infra

2008 4231 2158 4305 Coll),
2191 4231 2670 4305 priinus_vop._£Cz-:tv
2694 4231 2788 4285 τοῦ
2815 4232 2975 4305 άέρος
3006 4232 3103 4304 τὴν
3132 4231 3307 4305 χύσιν.

2082 4303 2156 4373 (4)
2189 4303 2363 4357 Editio
2394 4302 2560 4373 Basili.
2589 4317 2710 4373 eum
2739 4302 3069 4373 quibusdam
3087 4302 3346 4373 Aiiglieis,
3376 4303 3576 4373 quibus

2013 4371 2333 4444 adiungendi
2361 4381 2487 4444 sunt
2518 4372 2623 4426 duo
2653 4372 2784 4428 Duc.
2825 4381 2880 4426 et
2908 4371 3584 4444 Regiiipri‘musrtﬂtius,

2013 4443 2266 4533 ξιιξθψξξ
2281 4459 2332 4533 ﬁ
2341 4443 2522 4533 ⁸ἷὲΨὲ
2538 4530 2553 4533 -
2564 4451 2848 4533 9‘3???”
2890 4452 2956 4533 ἓξ
2969 4443 3135 4533 ,βέδθξ
3149 4458 3316 4533 -899“.
3333 4453 3586 4533 ,ΨῬΨἛ

335 4512 482 4570 mum
537 4515 780 4603 apposita
831 4525 911 4569 est
949 4516 1013 4569 ad
1062 4513 1379 4603 titargipetn,
1433 4530 1498 4567 eo
1550 4512 1808 4576 censilio,
1850 4523 1907 4568 ut

2017 4512 2180 4603 Eoisl.
2214 4512 2308 4566 τοῦ
2359 4512 2592 4603 σπέκλου
2629 4513 2792 4582 φύσις
2825 4531 2837 4543 ·
2889 4513 3376 4603 quamdection'em
3432 4523 3586 4597 putat

335 4583 650 4639 moneretur
679 4585 848 4639 lector
873 4600 970 4650 per
1021 4599 1205 4638 vocem
1245 4583 1398 4652 ὕψος,
1446 4600 1550 4653 qua
1609 4599 1738 4637 usus
1787 4595 1904 4638 erat

333 4655 587 4716 Basilius,
630 4656 715 4709 hic
761 4653 984 4722 intelligi
1029 4655 1386 4723 profundum;
1418 4653 1612 4709 deinde
1660 4654 1774 4708 llaec
1812 4669 1903 4708 ea-

335 4730 459 4780 dem
485 4741 584 4781 vox
623 4724 777 4796 ὐψος,
809 4725 951 4795 quod
973 4739 1114 4795 saepe
1143 4724 1343 4778 factum
1374 4735 1477 4790 est,
1502 4726 1555 4778 in
1595 4733 1798 4778 textum
1835 4726 1908 4777 ir-

334 4797 526 4867 repsit.

407 4862 487 4948 (Ξ)
515 4866 662 4922 Multi
717 4880 847 4948 mss.
881 4862 1137 4948 νεφελῷν.
1182 4862 1518 4948 Μρχηθᾶίιίο
1557 4863 1740 4948 Paris.
1772 4865 1906 4948 ἀμπο-

333 4932 638 5000 τελοῦντος,
678 4945 836 5003 prout
870 4932 1253 4990 emendaverat
1299 4932 1661 4989 Montacutius
1690 4949 1758 4990 ex
1789 4937 1897 4989 An-

335 5010 491 5079 glicis
522 5023 651 5079 mss.
683 5006 858 5079 Editio
889 5004 1052 5079 Basil.
1087 5019 1208 5058 cum
1239 5004 1417 5073 Regiis
1435 5006 1620 5079 primo
1639 5014 1692 5060 et
1715 5006 1906 5074 quinto

335 5073 391 5133 Et
421 5094 541 5131 cum
580 5077 788 5130 duobus
814 5076 966 5131 Colb.
1027 5073 1265 5145 itemque
1305 5090 1426 5145 cum
1479 5075 1644 5130 Coisl.
1674 5073 1906 5145 utroque

335 5159 392 5203 et
422 5146 571 5201 Bodl.
614 5145 1028 5208 ἀποτελοῦντας.
1069 5143 1304 5216 Uterque
1341 5143 1654 5216 ,Ducteum
1719 5143 1904 5216 Regiis

337 5220 496 5271 tertio
525 5227 578 5271 et
607 5227 798 5286 quarto
827 5228 882 5271 et
909 5231 1030 5270 cum
1076 5214 1434 5286 aliis_duobus
1491 5214 1674 5286 Regiis
1702 5214 1904 5270 ἀποτε-

335 5284 652 5356 λουμένους.
693 5287 853 5340 Deest
890 5286 982 5340 καί
1029 5284 1289 5356 αηιοᾲδιά
1319 5285 1372 5337 in
1429 5284 1902 5356 mss—nonnullis.

333 5354 630 5411 Carnarius
661 5358 802 5409 hunc
841 5356 1016 5410 locum
1064 5357 1144 5428 sic
1174 5354 1606 5428 interpretatur:
1639 5355 1718 5410 Eo
1757 5356 1900 5428 quod

334 5428 587 5480 violenter
611 5435 886 5493 erumpant
918 5425 1167 5491 strepitus
1196 5427 1428 5478 tonitrua
1452 5426 1748 5495 efﬁcientes.
1769 5425 1898 5479 'Eu-

333 5498 568 5550 statltius
597 5511 748 5562 vero,
775 5512 877 5565 qua
909 5496 1120 5564 spiritus
1149 5503 1424 5562 conceptus
1451 5497 1503 5546 in
1531 5498 1772 5560 nubibus,
1797 5498 1905 5550 vio-

335 5567 598 5634 lenterque
641 5575 922 5636 proruptus
961 5565 1106 5626 efficit
1153 5581 1340 5618 sonum
1376 5565 1734 5621 tonitrualem.
1791 5568 1905 5618 An-

338 5638 472 5707 gliea
512 5639 669 5691 lcetie
702 5636 1092 5707 ἀποτελοῦντος
1116 5648 1366 5703 germana
1404 5644 1483 5689 est
1519 5650 1585 5691 ac
1629 5637 1856 5707 genuina
1885 5651 1901 5690 :

342 5705 534 5775 quippe
602 5724 698 5762 vox
765 5705 1152 5767 ἀποτελοῦντος
1203 5707 1269 5759 ad
1329 5720 1516 5760 vocem
1566 5705 1898 5776 superiorem

335 5777 644 5848 πνεύματος
678 5779 928 5845 relertur,
963 5777 1064 5832 nisi
1100 5777 1280 5832 dicere
1308 5777 1490 5847 .mavis
1521 5780 1902 5834 attractioncm

337 5864 476 5903 esse.

2017 4586 2242 4639 Dircaeus
2271 4585 2582 4639 mendosam
2618 4600 2736 4639 esse
2779 4593 2942 4652 atque
2984 4583 3256 4638 vitiosam.
3285 4582 3446 4647 Hinc,
3478 4585 3583 4638 nisi

2011 4654 2165 4708 valde
2191 4653 2369 4718 fallor,
2397 4653 2600 4708 factum
2625 4664 2727 4720 est,
2755 4663 2813 4708 ut
2844 4653 3009 4706 editio
3043 4652 3219 4708 Paris.
3251 4653 3444 4708 habeat
3487 4653 3584 4708 τοῦ

2013 4724 2340 4796 σπεκλαρίου
2386 4723 2569 4794 φύσις.
2626 4723 2822 4796 verum
2863 4738 2991 4796 non_
3027 4723 3187 4778 facile
3244 4724 3483 4796 adducar
3524 4735 3586 4778 ut

2011 4791 2236 4849 credam'
2257 4791 2409 4849 cum'
2434 4796 2631 4849 Ducam
2663 4793 2947 4849 lectionem
2980 4793 3118 4847 hanc
3169 4791 3405 4847 σπέκλου
3447 4795 3588 4848 inter

2015 4865 2208 4918 menda
2252 4865 2637 4936 recensendam
2677 4878 2818 4936 esse.
2872 4861 3154 4918 Libentius
3211 4873 3286 4918 tot
3336 4864 3584 4936 codicum

2014 4949 2210 5001 sequor
2241 4935 2646 4999 auctoritatem,
2699 4933 3045 5002 arbitrorque
3103 4949 3287 4989 vocem
3343 4933 3584 4987 σπέκλου

1967 5004 2412 5059 -ειιιιειτιιιιίνιιιιι
2474 5019 2614 5067 esse,
2661 5005 2804 5058 unde
2865 5019 2964 5058 vox
3027 5003 3293 5071 adjectiva
3347 5005 3588 5058 σπεκλά-

2015 5091 2129 5146 ριος
2163 5074 2557 5146 derivatur.Et
2579 5088 2838 5146 veroﬁvox
2869 5075 3178 5146 specularia,
3215 5090 3333 5146 quae
3359 5089 3552 5146 respon
3572 5102 3587 5110 -

2014 5143 2103 5198 det
2128 5144 2240 5198 voci
2270 5144 2627 5214 σπεκλάριος,
2649 5145 2910 5214 adjective
2939 5144 3170 5199 sumitur
3197 5143 3334 5212 apud
3353 5143 3583 5198 Plinium

2015 5215 2108 5269 lib.
2152 5230 2230 5278 ιιι,
2258 5230 2394 5284 cap.
2421 5213 2510 5278 51,
2543 5213 2632 5267 ubi
2662 5213 2774 5269 haec
2800 5215 3087 5284 leguntur:
3119 5214 3426 5269 Metallis...
3463 5223 3576 5284 tota

2012 5285 2175 5353 ferme
2219 5283 2478 5351 Hispania
2527 5293 2741 5340 scatet:
2779 5283 3008 5338 Citerior
3031 5296 3078 5338 et
3105 5285 3465 5352 specularibus
3503 5283 3586 5336 la-

2010 5356 2236 5423 pidibus.
2271 5355 2335 5408 Et
2363 5354 2454 5407 lib.
2483 5369 2598 5415 xxt,
2625 5369 2746 5423 cap.
2780 5354 2845 5408 l4
2881 5371 2894 5407 :
2933 5354 3105 5407 Multa
3139 5356 3371 5407 alvearia
3395 5369 3582 5418 specu-

2011 5426 2112 5477 lari
2127 5424 2299 5494 lapide
2321 5426 2502 5493 fecere.
2521 5424 2880 5490 Quamobrem
2904 5425 3189 5489 edidimus,
3207 5423 3281 5476 uti
3307 5425 3359 5494 in
3383 5424 3586 5494 codici-

2009 5495 2111 5549 bus
2141 5511 2268 5549 mss.
2303 5497 2574 5566 legitur,i‘1
2604 5495 2636 5564 ἡ
2671 5494 2765 5549 τοῦ
2796 5494 3031 5548 σπέκλου
3070 5493 3249 5566 φύσις,
3271 5493 3386 5566 Aut
3407 5493 3583 5552 qualis

2010 5574 2085 5618 est
2115 5566 2271 5628 specli
2302 5564 2516 5627 natura,
2548 5564 2645 5618 Iioe
2675 5575 2778 5628 est,
2803 5566 3090 5634 specu/aris
3135 5564 3349 5634 lapidis.

2083 5635 2156 5704 (5)
2189 5636 2324 5688 Εᾱίιὶ
2363 5651 2481 5688 cum
2515 5635 2782 5702 aliquibus
2831 5632 2964 5689 mss.
2990 5633 3098 5687 τῶν
3133 5633 3398 5705 οὐρανίων
3433 5651 3446 5664 ·
3487 5632 3581 5688 alii

2010 5706 2229 5775 quidam
2267 5721 2396 5760 mss.
2435 5705 2542 5756 τῶν
2570 5704 2832 5775 οὐρανῶν.
2868 5705 2986 5758 Mox
3045 5704 3212 5758 editio
3259 5705 3418 5757 Basil.
3453 5720 3579 5757 cum

2010 5791 2140 5829 mss.
2167 5775 2408 5842 plurimis
2440 5777 2576 5829 inter
2607 5792 2742 5843 quos
2779 5787 3131 5828 numerantur
3158 5775 3322 5831 Coisl.
3354 5785 3581 5845 uterque

2012 5855 2064 5902 et
2098 5845 2246 5902 Bodl.
2278 5845 2395 5898 οὐδὲ
2427 5847 2494 5900 εἰ.
2537 5848 2712 5904 Edilio
2747 5847 2917 5902 Paris.
2949 5845 3068 5899 οὐδὲ
3102 5846 3202 5900 ὅτι.
