4082 6398
400 323 471 378 65
1534 321 1816 376 IIOMILIA
1857 319 1924 374 111
1966 321 1975 373 1

2078 318 2568 376 HEXAEMERON.
3577 323 3648 377 66

404 438 553 491 Ἔδει
575 438 629 490 δὲ
659 437 796 508 μήτε
828 437 1014 490 στάσιν
1054 433 1191 490 εἶναι
1240 438 1374 507 πρὸς
1409 438 1632 509 ἄλληλα,
1671 440 1804 509 μήτε
1830 442 1885 492 ἐν
1911 441 1975 508 τῇ

2082 438 2525 506 corruptionem:
2573 438 2874 506 corrumpit
2931 439 3182 491 nimirum
3227 454 3422 507 aquam
3461 439 3601 509 ignis
3628 479 3646 506 ,

399 530 652 584 παντελεί
674 530 766 582 τοῦ
800 531 988 601 ἐτέρου
1018 531 1254 601 ἐκλείψει
1289 533 1539 606 ἀφορμὴν
1569 533 1978 602 παρασχεθῆναι

399 621 476 691 τῷ
509 622 674 673 παντὶ
717 621 853 692 πρὸς
890 621 1150 676 διάλυσιν.
1203 622 1482 694 Τοσαύτην
1515 624 1624 695 (15)
1675 624 1767 678 τοῦ
1813 625 1978 695 ὑγροῦ

398 711 498 780 τὴν
529 709 689 779 φύσιν
707 708 1004 780 οἰκονομῶν
1032 711 1092 764 τὸ
1139 713 1619 783 πᾶνπροαπέθετο,
1654 713 1795 766 ὥστε
1821 715 1980 784 μέχρι

397 801 507 854 τῶν
553 802 902 870 τεταγμένων
956 801 1095 872 ὅρων
1139 803 1238 872 τῆς
1272 803 1365 856 τοῦ
1419 804 1623 874 κόσμου
1670 805 1980 867 συστάσεως

397 889 541 942 κατὰ
590 890 785 960 μικρὸν
814 893 879 961 τῇ
915 890 1139 960 δυνάμει
1166 892 1260 945 τοῦ
1296 893 1465 964 πυρὸς
1501 893 1978 965 ἐξαναλισκόμενον

396 981 692 1051 ἀντισχεῖν.
741 982 798 1033 ὐ
828 981 1004 1034 τοίνυν
1047 984 1257 1037 ἅπαντα
1292 987 1513 1058 σταθμῷ
1541 989 1634 1038 καὶ
1663 987 1843 1058 μέτρῳ
1868 988 1979 1039 δια-

394 1072 696 1142 ταξάμενος
722 1072 1041 1146 (ἁριθμηταὶ
1070 1075 1178 1147 γὰρ
1197 1077 1363 1148 αὑτῷ,
1411 1078 1549 1132 κατά
1583 1079 1672 1132 τὸν
1719 1079 1857 1142 Ἰὼϐ,
1886 1079 1979 1130 καὶ

400 1167 659 1234 σταγόνες
701 1168 837 1220 εἰσὶν
889 1167 1066 1238 ὑετοῦ)
1098 1169 1212 1238 ᾔδει
1247 1171 1406 1223 πόσον
1439 1169 1518 1240 τῷ
1549 1172 1734 1241 κόσμῳ
1791 1171 1978 1241 χρόνον

396 1256 678 1328 ἀφώρισεν
730 1258 812 1322 είς
871 1258 1154 1330 διαμονὴν,
1212 1262 1306 1314 καὶ
1365 1262 1532 1332 πόσην
1574 1263 1680 1332 χρὴ
1724 1262 1800 1332 τῷ
1846 1264 1978 1334 πυρὶ

396 1348 802 1420 προαποθέσοαι
829 1350 1094 1422 δαπάνην.
1122 1347 1291 1417 Οὗτος
1323 1356 1351 1408 ό
1381 1354 1536 1423 λόγος
1554 1356 1652 1426 τῆς
1671 1360 1766 1409 τοῦ
1791 1355 1978 1418 ὓδατος

396 1447 714 1516 περιουσίας
740 1445 882 1500 κατὰ
915 1445 1012 1518 τὴν
1068 1447 1262 1499 κτίσιν.
1309 1445 1468 1498 Ἀλλά
1522 1446 1627 1516 μὴν
1676 1445 1735 1498 τό
1782 1463 1843 1513 γε
1885 1447 1976 1499 τοῦ

396 1541 566 1610 πυρὸς
600 1541 898 1609 ἀναγκαῖον
948 1540 1026 1611 τῷ
1069 1541 1280 1610 κόσμῳ,
1315 1540 1490 1602 οὐδεὶς
1523 1538 1696 1599 οὑτως
1735 1538 1838 1604 ἔξω
1883 1541 1975 1593 τοῦ

396 1628 512 1698 βίου
540 1630 905 1694 παντάπασιν,
939 1630 1080 1684 ὥστε
1107 1633 1207 1700 τῆς
1239 1633 1302 1684 ἐκ
1335 1630 1428 1683 τοῦ
1452 1630 1611 1698 λόγου
1632 1631 1978 1693 διδασκαλίας

395 1719 768 1790 προσδεῖσθαιο
805 1723 865 1774 οὑ
907 1722 1072 1791 μόνον
1103 1723 1182 1775 ὅτι
1223 1724 1279 1775 αἱ
1332 1725 1644 1776 συνεκτικαὶ
1681 1724 1780 1793 τῆς
1832 1721 1979 1793 ζωῆς

2082 546 2203 583 cum
2247 539 2467 598 praestat
2506 529 2760 582 viribus:
2819 529 3052 581 destruit
3090 544 3218 583 vero
3265 530 3442 599 ignem
3485 546 3647 600 aqua,

2082 637 2202 675 cum
2237 622 2388 690 c0pia
2434 621 2708 691 pra3valet.
2741 619 3036 688 Oportebat
3090 630 3269 674 autem
3311 635 3484 690 neque
3514 624 3652 678 sedi-

2087 713 2284 766 tionem
2317 711 2458 764 inter
2488 725 2545 766 se
2585 726 2726 774 esse,
2768 725 2940 778 neque
2983 710 3355 764 dissolutionis
3396 713 3510 765 dari
3555 728 3649 767 oe-

2081 805 2356 858 casionem
2389 805 2663 869 universo,
2702 805 2770 859 ob
2807 805 3069 873 integrum
3100 803 3324 858 alterius
3352 803 3646 858 defectum.

2082 891 2308 948 Tantam
2351 894 2595 948 humoris
2630 905 2876 947 naturam
2911 895 3198 963 priestituit
3252 894 3416 948 totius
3453 895 3649 964 guber-

2081 999 2262 1053 nator,
2290 999 2347 1042 ut
2387 1005 2558 1058 usque
2603 991 2668 1043 ad
2725 1000 2958 1044 statutos
3012 989 3415 1044 constitutionis
3461 988 3647 1044 mundi

2084 1082 2341 1136 terminos
2365 1121 2380 1146 ,
2425 1082 2551 1134 dum
2592 1081 2853 1150 paulatim
2888 1081 3029 1150 ignis
3072 1081 3120 1134 vi
3153 1081 3475 1147 absumitur,
3510 1081 3649 1136 resi-

2080 1183 2268 1229 steret.
2309 1175 2376 1228 Et
2397 1190 2523 1230 vero
2553 1175 2642 1243 qui
2677 1184 2865 1228 cuncta
2915 1175 3149 1242 pondere
3177 1183 3231 1227 et
3264 1187 3512 1227 mensura
3539 1174 3652 1228 dis-

2080 1267 2257 1333 posuit
2291 1267 2337 1298 “
2369 1268 2755 1336 (numerabiles
2784 1270 2926 1321 enim
2953 1278 3080 1322 sunt
3102 1267 3200 1336 ipsi
3222 1265 3517 1321 secundum
3549 1265 3648 1320 Joh

2079 1359 2161 1412 vel
2197 1359 2390 1427 pluviae
2426 1369 2591 1428 gutta:
2626 1360 2705 1430 “)
2731 1401 2746 1424 ,
2793 1370 3018 1415 noverat
3043 1359 3128 1413 ille
3153 1368 3360 1428 quanto
3409 1369 3651 1427 tempore

2080 1452 2375 1504 secundum
2404 1451 2777 1520 praescriptum
2805 1467 2960 1505 suum
2995 1452 3290 1505 duraturus
3318 1461 3464 1505 esset
3492 1467 3650 1505 mun-

2079 1543 2201 1610 dus,
2226 1555 2598 1614 quantutrque
2620 1545 2797 1614 pabuli
2819 1554 3094 1614 oporteret
3123 1544 3228 1614 igni
3267 1552 3647 1612 praeparatum.

2081 1633 2211 1689 Eam
2244 1638 2312 1689 ob
2346 1651 2566 1690 causam
2612 1652 2750 1705 aqua
2795 1637 2845 1689 in
2889 1637 3164 1691 creatione
3196 1635 3277 1690 sic
3328 1636 3644 1691 abundavit.

2079 1727 2242 1798 Atqui
2281 1727 2460 1782 nullus
2511 1742 2682 1797 usque
2734 1731 2870 1782 adeo
2918 1739 3072 1782 extra
3101 1728 3266 1782 vitam
3303 1730 3511 1796 positus
3541 1738 3646 1790 est,

394 1809 552 1880 ἡμῶν
570 1810 863 1882 τέχναιτῆς
891 1811 1139 1883 ἐμπύρου
1169 1813 1428 1883 ἐργασίας
1459 1813 1759 1866 ὲπιδέονται
1788 1815 1975 1877 πᾶσαι,

2081 1817 2129 1870 ei
2167 1827 2225 1870 ut
2277 1817 2347 1871 sit
2380 1831 2535 1886 opus,
2579 1826 2636 1871 ut
2677 1818 2854 1888 ignem
2898 1819 3096 1872 mundo
3131 1818 3491 1872 necessarium
3529 1833 3650 1870 esse

394 1903 685 1974 ὑφαντικὴ,
721 1905 883 1973 λέγω,
949 1906 1042 1960 καὶ
1073 1905 1456 1977 σκυτοτομικὴ,
1508 1906 1600 1959 καὶ
1642 1906 1974 1978 οἰκοδομικὴ,

394 1995 490 2046 καὶ
518 1995 783 2066 γεωργία,
821 1994 934 2048 ἀλλ’
973 1995 1056 2048 ὅτι
1095 1993 1218 2048 οὔτε
1265 1995 1495 2066 δένδρων
1521 1995 1814 2065 βλάστησις
1845 1996 1978 2066 (l6),

393 2084 454 2136 οὑ
511 2085 739 2156 καρπῶν
782 2084 964 2154 πέψις,
1016 2087 1077 2139 οὑ
1109 2085 1261 2150 ζώων
1298 2087 1526 2156 ἐγγείων
1558 2087 1714 2158 ἣτῶν
1748 2086 1981 2159 ἐνύδρων

395 2173 632 2240 γένεσις,
656 2177 754 2245 οὑχ
787 2178 840 2228 αἱ
875 2175 1078 2230 τούτων
1125 2179 1322 2249 τροφαὶ
1359 2179 1390 2249 ἢ
1428 2178 1487 2244 ἐξ
1533 2180 1707 2250 ἀρχῆς
1753 2179 1818 2233 ἂν
1859 2197 1982 2232 συν-

394 2266 650 2338 έστησαν,
686 2268 718 2339 ἢ
749 2269 884 2341 πρὸς
917 2269 1107 2342 χρόνον
1165 2271 1478 2342 διήρκεσαν,
1523 2271 1615 2325 τοῦ
1652 2272 1852 2344 θερμοῦ
1906 2273 1995 2348 μὴ,

398 2361 682 2432 παρόντος.
718 2362 926 2415 Οὑκοῦν
956 2364 1228 2431 ἀναγκαία
1257 2365 1354 2436 μὲν
1388 2363 1480 2418 τοῦ
1503 2365 1708 2438 θερμοῦ
1741 2369 1773 2437 ἡ
1807 2367 1981 2432 κτίσις

394 2449 485 2503 διὰ
540 2451 639 2523 τὴν
669 2451 776 2505 τῶν
802 2455 1141 2524 γιγνομένων
1177 2456 1433 2509 σύστασίν
1467 2475 1524 2510 τε
1570 2459 1664 2511 καὶ
1698 2457 1979 2530 διαμονήν·

396 2543 667 2611 ἀναγκαία
711 2544 766 2598 δὲ
798 2546 891 2598 τοῦ
928 2547 1096 2618 ὑγροῦ
1123 2549 1156 2618 ή
1187 2548 1456 2618 δαψίλεια,
1506 2549 1593 2603 διὰ
1631 2549 1693 2602 τὸ
1707 2551 1981 2604 ἄπαυστον

396 2631 536 2688 εἶναι
574 2639 665 2690 καὶ
685 2638 1064 2710 ἀπαραίτητον
1088 2641 1182 2694 τοῦ
1218 2642 1389 2713 πυρὸς
1421 2642 1518 2713 τὴν
1539 2642 1801 2714 δαπάνην.

2087 1908 2295 1962 ratione
2343 1910 2674 1963 cdoreatur:
2727 1925 2832 1962 non
2888 1909 3059 1963 solum
3103 1909 3242 1978 quod
3267 1919 3412 1964 artes
3449 1911 3650 1977 quibus

2085 2009 2268 2054 nostra
2306 2001 2414 2053 vita
2450 2010 2805 2055 conservatur
2829 2041 2844 2064 ,
2894 2001 3032 2071 ignis
3061 1999 3345 2054 eﬂicientia
3380 2001 3649 2071 indigeant

2083 2108 2292 2159 omnes,
2325 2093 2580 2159 textoria,
2612 2093 2852 2163 inquam,
2889 2093 3119 2157 sutoria,
3141 2093 3562 2147 architectonice
3596 2101 3649 2144 et

2084 2183 2436 2254 agricultura,
2471 2184 2566 2237 sed
2607 2183 2750 2252 quod
2790 2199 2964 2252 neque
3001 2183 3257 2237 arborum
3299 2184 3647 2252 germinatio,

2083 2291 2258 2345 neque
2288 2275 2570 2329 maturitas
2601 2275 2896 2339 fructuum,
2943 2290 3118 2343 neque
3169 2285 3262 2328 aut
3304 2279 3647 2329 terrestrium

2085 2377 2178 2422 aut
2230 2368 2541 2437 aquatilium
2602 2368 2912 2422 animalium
2954 2368 3272 2436 generatio,
3321 2381 3492 2436 neque
3559 2368 3649 2419 ho-

2086 2473 2202 2512 rum
2238 2459 2515 2524 alimenta,
2569 2469 2662 2513 aut
2707 2460 3076 2513 constitissent
3127 2458 3195 2512 ab
3241 2459 3414 2524 initio,
3449 2467 3538 2512 aut
3581 2458 3647 2510 ad

2087 2558 2295 2618 tempus
2330 2559 2804 2618 perseverassent,
2852 2549 3032 2604 calore
3065 2565 3171 2604 non
3214 2560 3498 2618 praesente.
3540 2547 3646 2601 Ne-

2085 2642 2320 2696 cessaria
2374 2641 2539 2710 igitur
2591 2655 2672 2696 est
2712 2643 2909 2698 caloris
2949 2643 3190 2707 creatio;
3227 2652 3283 2696 ut
3311 2656 3372 2697 ea
3408 2657 3528 2711 qua:
3563 2642 3645 2709 gi-

401 2738 657 2800 gnuntur,
692 2741 746 2786 et
769 2733 1136 2800 coagmentari
1162 2735 1367 2802 possint
1397 2743 1450 2788 et
1505 2749 1839 2803 permanere.
1903 2733 2111 2787 Rursus
2172 2746 2324 2800 aqua:
2387 2732 2714 2787 abundantia
2750 2744 2868 2788 erat
2911 2734 3339 2803 pernecessaria,
3379 2733 3521 2801 quod
3567 2733 3648 2788 vis

397 2821 539 2892 ignis
593 2837 917 2878 consumens
950 2824 1375 2893 interquiescere
1423 2842 1528 2881 non
1562 2837 1744 2896 queat,
1788 2842 1962 2897 neque
1997 2827 2177 2882 vitari.

468 2912 520 2966 6.
570 2914 903 2985 Περίϐλεψαι
943 2917 1124 2969 πᾶσαν
1184 2919 1284 2988 τὴν
1341 2918 1538 2981 κτίσιν,
1590 2919 1684 2972 καὶ
1717 2918 1836 2988 ὄψει
1884 2918 1975 2971 τοῦ

2151 2917 2200 2972 6.
2237 2916 2604 2987 Circumspice
2632 2929 2824 2972 omnes
2859 2933 2944 2971 res
2965 2926 3196 2979 creatas,
3219 2926 3270 2969 et
3301 2917 3501 2970 caloris
3535 2917 3642 2969 vim

398 3006 603 3076 θερμοῦ
627 3005 724 3078 τὴν
757 3007 984 3079 δύναμιν
1005 3013 1116 3074 τοῖς
1149 3013 1206 3064 ὲν
1240 3011 1450 3079 γενέσει
1481 3012 1574 3064 καὶ
1613 3011 1788 3082 φθορᾷ
1813 3013 1978 3064 πᾶσιν

397 3097 906 3152 ἐνδυναστεύουσαν.
939 3101 1036 3154 Διά
1064 3101 1222 3155 τοῦτο
1253 3101 1386 3155 πολὺ
1417 3100 1477 3155 τὸ
1507 3101 1648 3173 ὕδωρ
1688 3101 1830 3172 ὑπὲρ
1873 3101 1976 3171 γῆς

398 3188 719 3258 κεχυμένον,
737 3189 831 3242 καὶ
864 3190 1190 3261 ὑπερέκεινα
1219 3190 1324 3245 τῶν
1342 3190 1636 3262 ὁρωμένων
1657 3190 1974 3260 ἀπενεχθὲν,

397 3281 492 3332 καὶ
528 3281 751 3350 προσέτι
785 3283 946 3334 παντὶ
983 3281 1059 3352 τῷ
1084 3281 1236 3352 βάθει
1273 3282 1373 3351 τῆς
1412 3281 1517 3351 γῆς
1549 3282 1972 3352 ὲνεσπαρμένον.

403 3371 564 3424 Ὅθεν
594 3373 785 3442 πηγῶν
840 3374 1111 3442 ἀφθονίαι,
1139 3375 1233 3427 καὶ
1268 3373 1518 3445 φρεάτων
1566 3373 1836 3444 σύῤῥοιαι,
1886 3375 1978 3427 καὶ

401 3464 659 3534 ποταμῶν
683 3464 952 3535 ῥεύματα,
982 3467 1297 3538 χειμάρρων
1321 3483 1377 3518 τε
1413 3466 1505 3518 καὶ
1533 3466 1790 3530 άεννάων,
1839 3466 1976 3540 ὑπὲρ

398 3557 493 3620 τοῦ
525 3559 581 3610 ὲν
626 3557 835 3622 πολλοῖς
886 3560 980 3612 καὶ
1019 3561 1282 3623 ποικίλοις
1322 3559 1563 3630 ταμείοις
1605 3559 1976 3633 διατηρεῖσθαι

395 3649 496 3720 τὴν
532 3651 796 3722 ὑγρασίαν
834 3651 964 3722 (17).
1005 3652 1099 3704 Ἐκ
1131 3651 1230 3722 μέν
1265 3668 1328 3720 γε
1367 3652 1469 3723 τῆς
1497 3650 1572 3704 ἕω
1598 3648 1704 3704 ἀπὸ
1736 3652 1833 3721 μὲν
1860 3669 1973 3723 χειν

401 3743 634 3812 μερινῶν
654 3743 870 3814 τροπῶν
893 3746 920 3796 ὁ
957 3743 1114 3806 Ἰνδὸς
1148 3745 1232 3814 ῥεῖ
1261 3744 1523 3814 ποταμὸς,
1559 3744 1736 3815 ῥεῦμα
1761 3744 1975 3798 πάντων

401 3835 680 3906 ποταμίων
717 3836 922 3889 ὑδάτων
956 3837 1223 3902 πλεῖστον,
1259 3837 1334 3900 ὡς
1362 3839 1410 3890 οἱ
1442 3836 1537 3900 τὰς
1567 3837 1847 3908 περιόδους
1877 3836 1976 3906 τῆς

394 3928 497 3996 γῆς
528 3928 933 3998 ἀναγράφοντες
988 3930 1354 4000 ἱστορήκασινο
1391 3929 1497 3982 ἀπὸ
1538 3929 1596 3982 δὲ
1648 3929 1754 3981 τῶν
1797 3929 1974 4000 μέσων

393 4018 494 4088 τῆς
515 4019 779 4089 ἀνατολῆς
798 4020 826 4071 ὅ
851 4036 908 4071 τε
942 4020 1203 4090 Βάκτρος,
1224 4022 1316 4074 καὶ
1347 4023 1374 4074 ὁ
1403 4021 1681 4093 Χοάσπης,
1707 4022 1798 4073 καὶ
1818 4023 1845 4072 6
1864 4021 1973 4087 (18)

409 4109 664 4180 Ἀράξης,
693 4112 786 4178 ἀφ’
815 4103 875 4162 οὑ
903 4111 996 4164 καὶ
1027 4113 1054 4163 6
1083 4111 1282 4174 Τάναϊς
1317 4111 1742 4182 ἀποσχιζόμενος
1769 4113 1848 4174 είς
1878 4112 1973 4183 τὴν

394 4199 638 4252 Μαιῶτιν
663 4199 828 4264 ἔξεισι
856 4201 1069 4271 λίμνην⁹
1093 4202 1185 4253 καὶ
1213 4202 1346 4272 πρὸς
1369 4203 1576 4264 τούτοις
1600 4204 1627 4254 6
1649 4202 1834 4266 Φάσις,
1865 4203 1971 4254 τῶν

2083 3008 2134 3062 iu
2167 3007 2417 3062 omnibus
2465 3024 2583 3078 quae
2621 3020 2951 3077 generantur
2999 3023 3061 3062 ac
3101 3018 3543 3077 corrumpuntur,
3571 3009 3645 3060 vi-

2081 3099 2234 3153 debis
2273 3099 2559 3154 dominari.
2594 3099 2801 3154 Idcirco
2841 3099 3005 3153 multa
3055 3115 3196 3168 aqua
3234 3099 3398 3154 emisa
3429 3109 3509 3154 cst
3550 3116 3641 3154 su-

2080 3205 2178 3258 per
2209 3201 2435 3256 terram,
2484 3202 2646 3261 atque
2693 3193 2832 3246 ultra
2861 3208 2923 3246 ea
2968 3208 3085 3261 qua:
3114 3193 3214 3246 sub
3243 3204 3520 3260 aspectum
3553 3207 3646 3247 ve-

2080 3283 2257 3349 niunt,
2294 3294 2594 3340 transvecta
2619 3296 2724 3347 est,
2762 3295 2815 3339 et
2843 3289 3062 3353 insuper
3102 3286 3195 3339 toti
3231 3295 3386 3340 terra:
3423 3286 3647 3354 profun-

2079 3371 2234 3426 ditati
2263 3372 2360 3426 fuit
2395 3373 2655 3442 inspersa.
2691 3373 2842 3428 Unde
2874 3373 3102 3428 fontium
3127 3375 3305 3444 cupia,
3335 3377 3647 3443 congeries-

2079 3478 2182 3532 que
2218 3473 2522 3534 puteorum,
2550 3476 2604 3520 et
2635 3465 2831 3521 ﬂuenta
2856 3466 3166 3531 ﬂuviorum,
3196 3477 3302 3520 tam
3332 3483 3518 3522 eorum
3550 3470 3644 3538 qui

2081 3565 2350 3610 torrentes
2397 3568 2542 3621 sunt,
2587 3572 2748 3625 quant
2805 3574 2991 3612 eorum
3033 3560 3124 3627 qui
3172 3574 3467 3628 perennes,
3495 3569 3552 3614 ιιι
3587 3561 3643 3615 in

2079 3645 2261 3699 multis
2294 3655 2348 3700 et
2379 3647 2541 3701 variis
2593 3648 2976 3716 promptuariis
3011 3661 3421 3704 conservaretur
3468 3650 3646 3705 humi-

2077 3736 2238 3791 ditas.
2273 3737 2336 3793 Et
2373 3740 2589 3809 quidem
2613 3754 2680 3795 ex
2708 3740 2916 3796 oriente
2946 3743 3012 3794 ab
3045 3741 3270 3795 hiberno
3303 3741 3534 3796 solstitio
3559 3741 3646 3796 ln-

2078 3829 2178 3884 dus
2238 3829 2430 3886 ﬂuvius
2483 3843 2708 3899 manat,
2771 3833 2966 3888 ﬂumen
3028 3835 3274 3888 omnium
3345 3834 3642 3890 ﬂuvialium

2078 3935 2344 3990 aquarum
2389 3925 2718 3991 maximum,
2761 3926 2905 3979 velut
2947 3926 2998 3979 hi
3045 3927 3134 3994 qui
3166 3937 3322 3981 terra:
3352 3927 3641 3982 circuitum

2078 4015 2436 4084 descripsere,
2475 4017 2867 4085 prodiderunt:
2918 4031 2947 4070 a
2981 4018 3154 4072 medio
3189 4030 3366 4072 autem
3403 4017 3643 4075 Orientis

2088 4107 2332 4170 Bactrus,
2363 4121 2413 4163 et
2441 4109 2732 4176 Choaspes,
2779 4117 2832 4162 et
2865 4110 3094 4171 Araxes,
3134 4125 3162 4160 a
3200 4123 3309 4179 quo
3358 4119 3412 4162 et
3442 4109 3643 4164 Tanais

2077 4201 2306 4256 diﬂissus
2353 4201 2403 4254 in
2439 4199 2738 4254 Mazotidem
2792 4200 2902 4269 28
2957 4200 3204 4268 paludem
3265 4201 3541 4258 dilabitur.
3578 4204 3644 4257 Et.

394 4289 722 4342 Καυκασίων
769 4290 909 4361 ὀρῶν
941 4271 1268 4363 ἀπορρέων,
1301 4291 1394 4345 καὶ
1431 4291 1613 4362 μυρίοι
1633 4292 1810 4362 ἕτεροι
1867 4293 1972 4346 ἀπὸ

2078 4304 2270 4363 printer
2304 4293 2400 4347 hos
2433 4293 2624 4347 Phasis
2655 4308 2684 4345 a
2711 4291 2987 4348 Caucasiis
3021 4294 3295 4347 montibus
3327 4292 3646 4360 eﬂluens,et

392 4379 500 4433 τῶν
521 4381 782 4452 ἀρκτῴων
808 4383 990 4435 τόπων
1020 4382 1114 4436 ἐπὶ
1145 4382 1235 4435 τὸν
1261 4382 1509 4448 Εὔξεινον
1544 4383 1744 4436 Πόντον
1777 4385 1970 4456 φέρον-

391 4488 501 4524 ται’
528 4472 634 4525 ἀπὸ
677 4473 731 4525 δὲ
775 4473 883 4543 (19)
917 4473 1136 4544 δυσμῶν
1168 4474 1273 4526 τῶν
1311 4474 1537 4544 θερινῶν
1579 4474 1682 4529 ὑπὸ
1704 4475 1762 4528 τὸ
1789 4477 1972 4547 Πυρη-

391 4568 539 4618 ναῖον
571 4567 694 4638 ὅρος
731 4567 1014 4639 Ταρτησός
1053 4584 1111 4620 τε
1147 4568 1239 4620 καὶ
1285 4569 1516 4638 Ἴστρος·
1555 4562 1628 4621 ὧν
1673 4571 1700 4621 6
1750 4569 1846 4638 μὲν
1876 4569 1968 4621 ἐπὶ

390 4659 490 4728 τὴν
521 4657 626 4724 ἔξω
655 4657 869 4731 Στηλῶν
918 4659 1134 4728 ἀφίεται
1176 4659 1468 4724 θάλασσαν,
1499 4663 1526 4713 6
1552 4659 1858 4731 δὲ”1στρος,
1882 4661 1969 4714 διὰ

388 4753 487 4822 τῆς
521 4751 786 4823 Εὐρώπης
815 4751 976 4823 ῥέων,
1010 4751 1102 4804 ἐπὶ
1127 4751 1218 4804 τὸν
1248 4752 1448 4804 Πόντον
1483 4752 1748 4804 ἐκδίδωσι.
1770 4753 1877 4804 Καὶ
1916 4753 1969 4805 τί

390 4841 469 4895 δεῖ
487 4843 610 4907 τοὺς
639 4843 832 4907 ἄλλους
859 4843 1316 4916 άπαριθμεῖσθαι,
1348 4842 1442 4906 οὓς
1461 4843 1517 4895 αἱ
1551 4841 1736 4894 Ῥιπαὶ
1767 4841 1969 4910 γεννῶ-

464 5015 652 5088 “Sap.
679 5019 757 5080 xi,
777 5019 867 5076 21.
927 5019 974 5051 ⁸⁸
1001 5017 1104 5073 Job
1130 5033 1313 5082 xxxvr,
1339 5017 1430 5071 27.

463 5200 572 5271 (15)
611 5200 784 5254 Editio
842 5199 1016 5271 Paris.
1047 5197 1315 5269 τοσαύτην
1344 5193 1482 5271 οὑνη
1510 5198 1577 5250 At
1621 5197 1960 5271 desideratur

389 5267 483 5324 οὖν
533 5267 584 5324 in
612 5271 850 5326 editione
878 5269 1043 5325 Basil.
1080 5273 1241 5338 inque
1273 5267 1572 5324 codicibus
1631 5284 1759 5321 mss.
1805 5267 1958 5338 llaud

391 5342 548 5407 Iunge
581 5341 734 5394 Colb.
763 5342 1032 5394 secundus
1058 5350 1112 5394 et
1153 5337 1285 5408 Reg.
1319 5349 1540 5392 octavus
1576 5339 1611 5408 6
1633 5337 1956 5408 οἰκονομῶν.

389 5411 528 5464 lul‘ra
568 5412 704 5464 idem
752 5411 905 5464 Colb.
957 5407 1449 5464 secundusirra'wta
1492 5407 1737 5478 σταθμῷ.

460 5482 572 5551 (16)
601 5481 676 5534 Ita
728 5481 881 5551 multi
929 5496 1056 5534 mss.
1093 5479 1233 5534 Editi
1265 5496 1390 5534 cum
1433 5479 1565 5549 Reg.
1603 5476 1792 5533 octavo
1829 5476 1956 5547 βλα-

392 5550 672 5622 στήσεις...
703 5550 960 5620 πέψεις...
993 5551 1255 5622 γενέσεις.

462 5619 575 5692 (17)
599 5621 751 5676 Colb.
790 5623 997 5692 primus
1025 5632 1079 5675 et
1107 5621 1237 5689 Reg.
1272 5630 1499 5675 octavus
1523 5635 1643 5673 cum
1675 5634 1774 5671 ms.
1803 5619 1955 5675 Com-

388 5693 497 5748 bef.
529 5691 628 5764 τὴν
653 5693 824 5763 ὑγράν
855 5691 1064 5757 οὑσίαν,
1101 5692 1367 5764 humidam
1393 5692 1760 5764 substantiam.

461 5760 680 5836 (i8)'lta
705 5760 1039 5817 codicesnon
1061 5760 1424 5830 pauci.Abest
1457 5761 1712 5815 articulus
1739 5762 1802 5815 ab
1822 5761 1952 5815 edit.

709 5854 1002 5915 PATROL.‘
1030 5853 1150 5914 Gn.
1199 5853 1434 5915 XXIX.

2076 4385 2341 4440 innumeri
2360 4384 2448 4437 alii
2477 4399 2506 4436 a
2533 4382 3042 4452 septentrionalibus
3063 4383 3193 4436 locis
3214 4383 3263 4434 in
3279 4381 3505 4436 Pontum
3539 4383 3646 4438 Eu-

2079 4477 2265 4530 xinum
2305 4475 2570 4530 feruntur.
2611 4475 2830 4542 Contra,
2865 4475 2934 4530 ab
2968 4489 3171 4528 Occasu
3202 4474 3390 4527 aestivo
3411 4473 3510 4526 sub
3533 4473 3643 4542 Py-

2078 4582 2256 4622 renaeo
2290 4577 2472 4621 monte
2517 4577 2572 4622 et
2618 4566 2905 4622 Tartessus
2950 4577 3004 4621 et
3036 4565 3216 4620 Ister:
3275 4579 3504 4634 quorum
3558 4565 3646 4620 ille

2075 4661 2292 4728 quidem
2324 4661 2376 4714 in
2419 4675 2568 4714 mare
2598 4670 2753 4714 extra
2781 4659 3076 4714 Columnas
3109 4667 3478 4723 exoneratur;
3511 4655 3646 4711 Ister

2076 4766 2205 4807 vero
2236 4765 2334 4822 per
2358 4753 2623 4822 Europam
2657 4754 2847 4814 ﬂuens,
2879 4753 2930 4806 in
2967 4750 3196 4807 Pontum
3226 4749 3536 4805 eﬂ‘uuditur.
3582 4749 3647 4802 Et

2075 4843 2200 4912 quid
2228 4843 2423 4898 attinet
2478 4844 2612 4898 alios
2651 4858 2996 4908 enumerare,
3037 4857 3172 4914 quos
3211 4841 3378 4910 Ripmi
3409 4850 3642 4905 montes,

2133 5197 2245 5269 (19)
2301 5195 2442 5250 Editi
2498 5211 2620 5269 cum
2677 5195 2944 5269 aliquibus
3002 5208 3134 5249 mss.
3192 5193 3299 5269 ἀπὸ
3479 5190 3649 5269 Abest.

2059 5267 2117 5322 δέ
2143 5261 2362 5323 ὶιὺίιιίἱε
2387 5282 2518 5322 mss.
2547 5261 2808 5320 Monitum
2863 5265 3122 5320 lectorem
3167 5267 3307 5327 volo,
3340 5263 3425 5314 hie
3467 5261 3637 5313 multa

2061 5342 2163 5393 dici
2196 5357 2224 5392 a
2255 5338 2453 5392 Basilio
2486 5352 2551 5391 ex
2585 5336 2838 5404 Opinione
2875 5337 3012 5404 vulgi
3048 5352 3062 5389 :
3096 5349 3213 5404 qua;
3246 5334 3289 5386 si
3327 5331 3640 5404 diligentius

2060 5411 2456 5477 expendantur,
2492 5422 2522 5460 a
2550 5400 2676 5461 vero
2699 5406 2856 5474 longe
2902 5400 3095 5459 ab'esse
3113 5400 3419 5477 constabit.
3460 5400 3639 5477 Quare

2060 5480 2104 5531 si
2129 5471 2250 5548 quis
2281 5479 2392 5532 vult
2419 5477 2632 5531 edoceri
2688 5471 2888 5548 ortum,
2922 5489 3169 5548 cursum,
3205 5471 3635 5548 magnitudinem

2060 5543 2337 5602 ﬂui'uinum
2372 5563 2579 5612 eorum,
2605 5547 2671 5600 de
2695 5547 2892 5615 quibus
2921 5547 3004 5600 hic
3031 5545 3092 5615 ﬂt
3126 5546 3346 5615 mentio,
3370 5543 3417 5596 ei
3434 5550 3640 5615 auctor

2063 5635 2181 5672 sum
2215 5629 2268 5672 ut
2311 5617 2556 5672 consulat
2601 5612 2968 5679 l’tol'eutznum,
3020 5613 3364 5679 Strabonem,
3398 5612 3644 5682 aliosque

2065 5690 2403 5759 geographiae
2428 5689 2653 5758 peritos.

3257 5844 3293 5903 3
