4082 6398
427 358 495 417 6'9
1551 357 1837 413 HOMILIA
1870 358 1935 414 Ill
1970 358 2039 414 IN
2078 359 2579 416 HEXAEMERON.
3605 363 3671 417 70

420 472 613 548 πλῆθει
642 472 734 527 τὸῦ
764 473 952 535 ὓδατος
986 473 1252 537 ἀπιστεῖς,
1293 475 1427 544 πρὸς
1465 474 1521 526 δὲ
1568 472 1661 525 τοῦ
1702 473 1905 544 θερμοῦ
1945 476 1994 527 τὲ

2105 487 2473 532 conserta-tur.
2506 476 2584 529 Tu
2620 475 2730 544 29
2758 490 2884 529 vero
2908 476 3045 530 hanc
3075 491 3225 545 aquae
3255 478 3462 546 copiam
3500 494 3528 530 a
3566 478 3669 533 fide

424 568 625 639 πλῆθος
657 568 756 620 οὑκ
795 566 1141 629 ἀποϐλέπεις·
1175 567 1221 628 ὃ,
1250 565 1350 618 κᾶν
1374 565 1552 633 ὀλίγον
1648 565 1724 635 τῷ
1754 566 1992 636 μεγέθει,

420 659 623 727 πολλῆς
663 660 778 711 ἐστι
829 658 915 710 διὰ
940 656 1037 727 τὴν
1066 656 1291 725 δύναμιν
1348 653 1679 708 ἀναλῶτικὸν
1710 655 1992 725 ὑγρασίας.

435 754 753 822 Ἐφέλκεται
784 750 881 821 μὲν
914 750 1022 821 γὰρ
1051 749 1112 801 τὸ
1149 748 1550 819 παρακείμενον
1586 747 1773 818 ὑγρὸν,
1803 748 1877 809 ὡς
1904 748 1998 817 δη-

419 845 503 898 λοῖ
544 847 577 915 ἡ
628 844 813 897 σικύα’
862 841 1226 911 δαπανητικὸν
1267 840 1323 893 δέ
1362 842 1476 893 ὲστι
1527 839 1620 892 τοῦ
1648 839 1996 901 ἐλκυσθέντος

420 938 562 994 κατὰ
618 938 716 1007 τὴν
762 937 943 989 εἰκόνα
980 934 1073 988 τοῦ
1125 934 1403 1004 λυχνιαίου
1456 933 1647 1004 πυρὸς,
1687 934 1735 993 ὃ,
1774 932 1861 985 διὰ
1898 933 1996 1003 τῆς

421 1030 737 1102 θρυαλλίδος
778 1029 875 1099 τὴν
916 1027 1328 1098 παρακειμένην
1372 1026 1577 1096 τροφὴν
1618 1024 1995 1093 ἐπισπασάμε-

421 1141 531 1188 νον,
566 1123 777 1192 ταχέως
809 1120 897 1174 διά
934 1122 1030 1191 τῆς
1066 1119 1361 1190 μεταϐολῆς
1388 1118 1732 1189 ἀπῃθάλωσε.
1786 1118 1887 1168 Τὸν
1942 1116 1997 1168 δὲ

422 1215 615 1286 αἰθέρα
654 1215 736 1278 τίς
780 1212 1107 1283 ἀμφιϐάλλει
1159 1211 1232 1282 μὴ
1276 1212 1395 1281 οὑχ).
1450 1210 1673 1281 πυρώδη
1719 1206 1853 1261 εἶναι
1905 1209 1997 1261 καὶ

422 1306 652 1375 διακαῆς
681 1305 739 1368 ὃς
773 1307 819 1357 εἰ
849 1305 923 1375 μὴ
957 1304 1033 1374 τῷ
1066 1303 1347 1373 ἀναγκαίῳ
1377 1303 1468 1355 τοῦ
1496 1304 1815 1375 ποιήσαντος
1838 1302 1997 1354 αὑτὸν

421 1399 531 1469 ὅρῳ
560 1397 856 1467 κατείχετο,
904 1397 955 1449 τί
984 1396 1048 1449 ἂν
1078 1394 1349 1449 ἐκώλυσεν
1396 1395 1555 1448 αὑτὸν
1604 1394 1779 1446 πάντα
1811 1391 1997 1462 φλογί-

422 1492 583 1556 ζοντα
632 1492 742 1562 (27)
792 1492 883 1544 καὶ
933 1488 1408 1560 καταπιμπρῶντα
1452 1486 1519 1540 τά
1556 1488 1772 1557 συνεχῆ,
1818 1488 1996 1538 πᾶσαν

421 1584 556 1654 ὁμοῦ
590 1582 685 1653 τὴν
710 1585 766 1635 ὲν
819 1586 931 1646 τοῖς
963 1580 1111 1636 οὖσιν
1135 1580 1468 1645 ἐξαναλῶσαι
1495 1580 1711 1643 νοτίδα;
1749 1578 1846 1631 Διά
1869 1575 1999 1630 ταῦ-

419 1696 489 1732 τα
515 1677 658 1747 ὕδωρ
690 1678 870 1747 ἀέριον
904 1676 1037 1747 (28),
1069 1674 1399 1745 νεφουμένου
1437 1672 1530 1725 τοῦ
1592 1672 1703 1725 ἀνω
1734 1670 1899 1723 τόπου
1934 1671 1999 1722 ὲκ

419 1771 518 1840 τῆς
547 1770 824 1840 ἀναφορᾶς
860 1767 968 1821 τῶν
1000 1766 1211 1837 ἀτμῶν,
1246 1766 1340 1830 οὓς
1364 1765 1621 1835 ποταμοὶ,
1662 1763 1755 1815 καὶ
1776 1763 1994 1832 κρῆναι,

421 1862 515 1914 καὶ
548 1860 771 1930 τενάγη,
823 1862 917 1913 καὶ
954 1861 1163 1930 λίμναι,
1198 1860 1290 1913 καὶ
1332 1858 1542 1927 πελάγη
1577 1856 1752 1909 πάντα
1781 1855 1996 1926 προΐεν-

419 1971 528 2019 ται,
586 1953 661 2016 ὡς
711 1953 778 2005 ἂν
827 1952 901 2023 μὴ
950 1953 1124 2005 πάντα
1156 1950 1447 2021 πυρακτῶν
1476 1950 1503 2000 ὁ
1531 1947 1695 2019 αἰθὴρ
1730 1945 1996 1999 ἐπιλάϐοι·

419 2050 552 2101 ὅπου
612 2064 675 2115 γε
713 2048 807 2099 καὶ
859 2045 950 2098 τὸν
980 2045 1128 2116 ἥλιον
1157 2044 1348 2096 τοῦτον
1399 2042 1615 2114 ὁρῶμεν
1656 2040 1777 2111 ὥρα
1810 2038 1999 2109 θέρους

418 2138 701 2209 διάϐροχον
723 2136 977 2199 πολλάκις
1000 2137 1093 2188 καὶ
1109 2134 1383 2205 τεναγώδη
1401 2136 1583 2205 χώραν
1605 2136 1661 2186 ὲν
1686 2131 1997 2203 βραχυτάτῃ

418 2227 611 2296 χρόνου
663 2228 801 2296 ῥοπῇ
831 2226 1057 2294 ἅνικμον
1110 2224 1385 2286 παντελῶς
1414 2225 1508 2275 καὶ
1539 2222 1707 2294 ξηρὰν
1732 2220 1999 2291 καταλιμ-

419 2318 679 2371 πάνοντα.
714 2316 822 2369 Ποῦ
874 2318 1049 2369 τοίνυν
1087 2318 1262 2369 ἐκεῖνο
1306 2317 1365 2369 τὸ
1402 2316 1579 2386 ῦδωρ;
1622 2314 1997 2366 Δεικνὺτωσαν

420 2410 551 2480 ἡμῖν
579 2410 627 2462 οἱ
654 2408 721 2461 τά
749 2408 924 2461 πάντα
946 2408 1126 2461 δεινοί.
1144 2405 1266 2479 Ἀρ⁹
1283 2408 1405 2477 οὑχὶ
1437 2407 1599 2459 παντὶ
1626 2406 1804 2475 δῆλον,
1827 2406 1908 2456 ὅτι
1931 2406 1996 2473 τῇ

421 2500 717 2572 θερμότητι
762 2500 856 2553 τοῦ
887 2500 1033 2570 ἡλίου
1072 2499 1367 2569 διατμηθὲν
1408 2496 1690 2568 ammon;
1736 2496 1995 2562 Καίτοιγε

418 2595 541 2648 οὑδὲ
572 2593 771 2666 θερμὸν
786 2593 895 2663 (29)
914 2590 1155 2646 εἷναιτὸν
1170 2593 1319 2663 ἥλιον
1344 2595 1538 2645 ἐκεῖνοι
1565 2591 1800 2659 λέγουσι’
1817 2588 1998 2642 τοσοῦ-

419 2704 509 2740 τον
545 2687 723 2749 αὑτοῖς
755 2686 848 2739 τοῦ
884 2685 1059 2754 λέγειν
1088 2685 1350 2756 περίεστι.
1388 2686 1495 2737 Καὶ
1543 2678 1791 2737 σκοπεῖτε
1833 2700 1997 2736 ποτα-

422 2785 496 2851 πῇ
524 2781 792 2847 ἀποδείξει
828 2779 1224 2850 ὲπερειδόμενοι
1253 2778 1389 2849 πρὸς
1436 2778 1531 2848 τὴν
1566 2778 1851 2847 ἐνάργειαν
1883 2775 1993 2847 (50)

422 2874 837 2927 ἀντιϐαίνουσιν.
870 2872 1086 2944 Ἐπειδὴ
1106 2872 1292 2935 λευκός
1320 2873 1455 2932 ἔστι,
1486 2871 1637 2940 φασὶ,
1668 2871 1764 2941 τὴν
1786 2869 1995 2940 χροιάν,

421 2967 533 3020 ἀλλ’
567 2968 687 3037 οὑχὶ
724 2967 1045 3038 ὑπέρυθρος,
1102 2965 1223 3017 οὑδὲ
1291 2964 1499 3031 ξανθὸς,
1564 2962 1755 3015 τούτου
1813 2962 1995 3014 ἕνεκεν

421 3057 541 3110 οὑδὲ
586 3056 839 3127 πυρώδης
869 3058 965 3128 τὴν
1011 3058 1169 3127 φύσιν
1192 3074 1204 3085 ·
1251 3055 1387 3108 ἁλλά
1423 3056 1513 3109 καὶ
1553 3054 1740 3107 τούτου
1779 3053 1909 3121 φασὶ
1937 3052 1997 3104 τὸ

423 3150 623 3222 θερμὸν
656 3152 719 3203 ὲκ
746 3151 845 3219 τῆς
881 3152 1101 3221 ταχείας
1128 3145 1263 3202 εἶναι
1298 3148 1685 3219 περιστροφῆς.
1724 3146 1786 3197 Τί
1817 3143 1995 3197 ἐντεῦ-

423 3243 512 3297 θεν
535 3245 744 3307 ἑαυτοῖς
772 3243 1124 3313 διοικούμενοι
1150 3260 1163 3307 ;
1205 3244 1287 3303 Ὠς
1326 3241 1485 3312 μηδὲν
1518 3239 1663 3303 δόξαι
1689 3238 1795 3291 τῶν
1816 3235 1994 3308 ὑγρῶν

390 3316 811 3389 ⁸ἁπαναλίσκειν
848 3339 937 3389 τὸν
980 3337 1148 3406 ἥλιον.
1198 3333 1338 3402 Ἐγὼ
1369 3334 1447 3397 δὲ,
1485 3332 1590 3385 κᾶν
1616 3332 1691 3401 μὴ
1734 3329 1931 3399 ἀληθὲς

420 3428 482 3480 τὸ
509 3428 813 3497 λεγόμενον,
854 3428 966 3481 ἀλλ’
993 3428 1068 3491 ὡς
1103 3424 1610 3495 συγκατασκευάζον
1650 3424 1771 3492 ἐμοὶ
1796 3422 1883 3474 τὸν
1916 3421 1996 3473 λό-

422 3537 517 3588 γον
554 3522 651 3573 οὑκ
690 3519 1035 3590 ἀπωθοῦμαι.
1095 3520 1343 3587 Ἐλέγετο
1380 3517 1487 3587 γάρ
1538 3515 1624 3568 διὰ
1659 3515 1757 3585 τὴν
1801 3516 1864 3567 ὲκ
1902 3512 1993 3565 τοῦ

422 3611 625 3682 θερμοῦ
651 3614 895 3684 δαπάνην
921 3614 1215 3680 ἀναγκαῖον
1247 3605 1388 3664 εἶναι
1416 3608 1523 3662 τῶν
1546 3608 1753 3661 ὑδάτων
1781 3605 1840 3659 τὸ
1869 3604 1998 3674 πλῆ-

421 3703 533 3768 θος.
556 3706 811 3777 Διαφέρει
846 3706 903 3759 δὲ
926 3705 1078 3758 οὐδὲν
1106 3706 1169 3757 ἐκ
1196 3704 1409 3773 φύσεως
1442 3698 1579 3755 εἶναι
1618 3699 1839 3770 θερμὸν,
1867 3698 1898 3769 ἢ
1934 3701 1996 3750 ἐκ

421 3796 625 3860 πάθους
665 3799 806 3868 ἔχειν
834 3798 932 3869 τὴν
978 3796 1219 3868 πύρωσιν
1248 3795 1382 3864 πρός
1413 3810 1477 3861 γε
1515 3792 1574 3845 τὸ
1601 3792 1670 3843 τὰ
1692 3790 1828 3842 αὑτά
1865 3807 1997 3859 συμ-

421 3890 692 3961 πτώματα
731 3892 857 3961 περὶ
907 3889 1004 3951 τάς
1037 3887 1206 3951 αὑτάς
1242 3886 1371 3949 ὔλας
1404 3884 1726 3953 ἁπογεννᾷν.
1774 3881 1896 3934 Ἐάν
1936 3898 1995 3932 τε

421 3984 530 4054 γάρ
577 3982 871 4053 τριϐόμενα
925 3981 1055 4047 ξύλα
1100 3980 1237 4050 πρὸς
1282 3978 1483 4049 ἄλληλα
1536 3976 1647 4047 πῦρ
1682 3977 1775 4028 καὶ
1827 3974 1997 4043 φλόγα

422 4078 622 4148 ἀνάψῃ,
679 4077 774 4129 ὲάν
802 4092 859 4128 τε
896 4077 958 4127 ἐκ
1004 4073 1197 4143 φλογὸς
1228 4070 1606 4141 ἀναπτομένης
1655 4064 1991 4137 κατακαυθῇ,

426 4171 538 4224 ἴσον
585 4169 701 4223 ἐστὶ
740 4169 835 4221 καὶ
884 4167 1261 4239 παραπλήσιον
1288 4163 1345 4230 ἐξ
1387 4162 1708 4233 ἀμφοτέρων
1738 4159 1797 4211 τὸ
1821 4158 1989 4221 τέλος.

423 4262 680 4329 Καίτοιγε
708 4259 923 4332 ὁρῶμεν
957 4258 1054 4329 τὴν
1082 4256 1325 4327 μεγάλην
1354 4253 1447 4307 τοῦ
1476 4252 1543 4304 τὰ
1585 4252 1761 4305 πάντα
1800 4250 1997 4321 κυϐερ-

423 4354 621 4418 νῶντος
670 4353 881 4423 σοφίαν,
917 4349 1291 4422 μετατιθεῖσαν
1321 4346 1429 4417 (51)
1464 4346 1555 4397 τὸν
1594 4344 1744 4413 ἥλιον
1780 4342 1838 4408 ἐξ
1883 4342 1995 4393 ἐτέ-

426 4466 531 4521 ρων
564 4449 642 4511 είς
683 4446 864 4517 ἕτερα,
901 4444 987 4496 ἵνα
1037 4442 1131 4513 μὴ,
1171 4443 1281 4501 τοῖς
1308 4439 1491 4499 αὑτοῖς
1536 4436 1623 4489 dial.
1654 4433 1994 4506 προσδιατρὶο

2100 570 2391 625 abhorrere
2423 583 2615 623 censes
2646 587 2658 621 :
2688 569 2782 622 sed
2825 568 2889 621 ad
2923 569 3135 637 cepiam
3168 584 3273 621 non
3317 569 3544 639 respicis
3570 570 3668 625 'ca-

2098 660 2250 726 loris,
2280 661 2369 729 qui
2405 660 2617 715 tametsi
2649 661 2953 728 quantitate
2984 674 3203 727 parvus,
3228 660 3453 714 multum
3489 670 3667 717 tamen

2099 752 2343 807 humoris
2370 753 2420 805 vi
2449 767 2543 805 sua
2573 767 2894 806 consumere
2920 762 3116 821 potest.
3163 752 3404 808 Attrahit
3450 754 3668 823 quidem

2101 842 2434 911 adjacentem
2483 843 2790 907 humorem,
2843 842 2989 897 velut
3032 843 3236 896 indicat
3272 845 3613 899 cucurbitula
3652 864 3667 901 :

2098 936 2371 990 consumit
2403 950 2532 990 vero
2560 944 2878 999 attractum,
2912 937 3084 989 instar
3126 935 3386 991 videlicet
3413 938 3552 1006 ignis
3584 937 3670 991 lu-

2100 1043 2408 1091 cernarum,
2452 1028 2540 1096 qui
2580 1044 2675 1098 per
2730 1028 3061 1099 ellyclinium
3091 1029 3407 1084 alimentum
3432 1033 3669 1087 vicinum

2101 1118 2400 1180 attraltens,
2439 1120 2546 1172 cito
2586 1118 2713 1171 illud
2762 1120 2812 1171 in
2852 1118 3127 1189 fuliginem
3174 1129 3514 1176 transmutat.
3548 1120 3667 1176 Jam

2101 1227 2229 1265 vero
2256 1212 2455 1265 aethera
2483 1211 2604 1279 quis
2631 1211 2857 1280 ambigit
2887 1226 3008 1265 csse
3029 1212 3253 1281 ignitum
3286 1223 3338 1265 et
3368 1214 3670 1267 ardentem?

2099 1304 2190 1373 qui
2227 1302 2331 1356 nisi
2370 1301 2711 1356 ineluctabili
2738 1301 3051 1357 Conditoris
3086 1305 3403 1373 praescripto
3449 1322 3671 1360 coerce-

2101 1407 2271 1460 retur,
2310 1396 2567 1464 quidnam
2605 1411 2728 1448 eum
2771 1396 3157 1464 prohibuisset,
3210 1387 3480 1467 contiguis
3504 1400 3671 1452 omni-

2100 1489 2199 1543 bus
2230 1490 2392 1544 rebus
2416 1489 2760 1543 inﬂammatis
2796 1504 2858 1542 ac
2888 1489 3185 1568 combustis
3208 1530 3223 1554 ,
3254 1506 3469 1544 omnem
3511 1491 3670 1545 simul

2101 1596 2285 1637 earum
2344 1582 2721 1635 humiditatem
2765 1580 3097 1635 absumere?
3143 1581 3482 1652 Quapropter
3529 1598 3670 1651 aqua

2101 1672 2246 1727 aeria
2271 1672 2445 1725 oritur
2469 1680 2602 1733 tum,
2623 1686 2745 1725 cum
2771 1671 2919 1725 locus
2939 1687 3207 1740 supernus
3232 1675 3299 1728 ab
3320 1675 3522 1728 evectis
3547 1690 3669 1727 sur-

2101 1781 2216 1819 sum
2252 1764 2716 1832 vaporibus,quos
2738 1764 2905 1827 ﬂuvii,
2943 1764 3138 1830 fontes,
3172 1766 3331 1829 vada,
3357 1766 3578 1835 paludes
3608 1782 3671 1820 ac

2028 1834 2072 1893 B
2102 1856 2270 1910 maria
2292 1855 2473 1908 omnia
2508 1859 2784 1921 emitturit,
2808 1857 3180 1921 obnultilatur,
3228 1867 3285 1910 ut
3314 1874 3378 1911 ne
3398 1859 3669 1913 aetheriu-

2100 1950 2286 2011 vadat,
2308 1960 2723 2017 concremetque
2745 1950 3033 2002 universa:
3068 1965 3189 2003 cum
3222 1950 3365 2004 hunc
3391 1952 3553 2005 etiam
3574 1965 3668 2005 so-

2099 2039 2203 2094 lem
2225 2038 2573 2093 videamusin
2597 2039 2782 2093 aestiva
2828 2049 3143 2110 tempestate
3176 2042 3447 2095 madidam
3479 2052 3531 2096 et
3556 2057 3667 2097 cte-

2101 2148 2285 2187 nosam
2322 2133 2594 2202 regionem
2616 2132 2930 2201 plerumque
2956 2135 3196 2187 humoris
3220 2149 3439 2201 prorsus
3471 2150 3669 2205 exper-

2103 2236 2210 2279 tem
2242 2239 2306 2280 ac
2334 2226 2534 2279 siccam
2559 2224 2880 2279 brevissimo
2914 2225 3171 2294 temporis
3198 2235 3472 2280 momento
3506 2227 3670 2280 relin-

2101 2330 2291 2385 quere.
2315 2315 2433 2381 Quo
2451 2331 2633 2383 quaeso
2662 2316 2795 2369 abiit
2814 2331 2950 2384 aqua
2977 2317 3089 2371 illa?
3106 2314 3403 2372 Ostendant
3421 2318 3574 2372 nobis
3594 2320 3670 2373 illi

2102 2423 2282 2463 rerum
2301 2407 2539 2461 omnium
2557 2407 2780 2461 scientia
2800 2408 3028 2476 praediti.
3054 2410 3246 2462 Annon
3271 2409 3444 2463 cuivis
3476 2409 3667 2480 liquet,

2100 2517 2220 2556 eam
2250 2500 2432 2556 calore
2448 2499 2581 2554 solis
2602 2501 2653 2553 in
2684 2516 2939 2570 vaporem
2963 2504 3189 2557 solutam
3213 2516 3333 2556 esse
3353 2510 3514 2569 atque
3539 2519 3672 2557 con-

2099 2596 2393 2664 sumptam?
2424 2595 2779 2662 Quamobrem
2805 2610 2869 2650 ne
2886 2596 3114 2649 calidum
3130 2597 3343 2665 quidem
3364 2598 3528 2653 solem
3552 2610 3673 2650 esse

2099 2688 2173 2743 illi
2196 2689 2379 2743 dicunt
2400 2707 2413 2743 :
2434 2690 2567 2744 adeo
2596 2688 2737 2757 loqui
2762 2689 2894 2755 ipsis
2920 2698 3093 2742 vacat.
3117 2688 3312 2742 Verum
3333 2690 3671 2743 considerate

2100 2783 2243 2853 quali
2259 2782 2713 2838 demonstratione
2728 2782 2859 2848 nixi,
2873 2782 3151 2835 evidentiae
3171 2781 3672 2847 reluctantur.Quo-

2099 2876 2263 2939 niam,
2297 2874 2565 2944 inquiunt,
2601 2874 2785 2928 colore
2831 2874 2984 2927 albus
3017 2882 3121 2936 cst,
3168 2888 3273 2927 non
3321 2883 3499 2927 autem
3538 2874 3670 2927 sub-

2099 2965 2279 3029 ruber,
2315 2980 2414 3019 nec
2450 2964 2637 3028 ﬂavus,
2666 2965 2785 3017 ideo
2816 2980 2987 3033 neque
3018 2973 3202 3033 suapte
3242 2974 3429 3019 natura
3471 2966 3673 3034 ignitus

2097 3068 2180 3112 est
2206 3076 2219 3110 :
2248 3058 2339 3111 sed
2368 3067 2421 3111 ct
2442 3057 2558 3125 ejus
2588 3059 2821 3113 calorem
2863 3072 2927 3110 ex
2964 3057 3132 3112 veloci
3167 3058 3492 3111 circumactu
3526 3056 3672 3110 affir-

2099 3159 2247 3203 mant
2276 3149 2427 3203 oriri.
2460 3148 2597 3215 Quid
2627 3150 2727 3203 sibi
2775 3149 2899 3202 inde
2943 3148 3208 3202 commodi
3252 3151 3521 3203 asciscunt
3549 3150 3571 3202 ?
3602 3147 3673 3203 Ut

2098 3242 2230 3296 nihil
2256 3256 2571 3296 consumere
2600 3243 2880 3295 humorum
2908 3241 2986 3295 sol
3006 3242 3360 3295 existimetur.
3381 3241 3492 3312 Ego
3521 3257 3669 3310 vero,

2099 3336 2310 3389 tametsi
2352 3335 2403 3388 id
2445 3334 2583 3403 quod
2639 3334 2706 3387 ab
2755 3334 2885 3403 ipsis
2940 3334 3171 3397 dicitur,
3207 3349 3393 3387 verum
3426 3350 3528 3386 non
3565 3343 3669 3398 est,

2097 3432 2273 3478 tamen
2306 3424 2357 3478 id
2389 3426 2585 3493 ipsum,
2640 3432 2895 3493 tanquam
2946 3424 3086 3491 quod
3122 3439 3295 3478 meam
3351 3425 3671 3478 sententiain

2096 3520 2427 3587 comprobet,
2460 3533 2563 3572 non
2594 3531 2807 3585 reSpuo.
2836 3514 2966 3568 Nam
2994 3533 3251 3585 aquarum
3280 3520 3427 3586 copia
3455 3520 3523 3572 ob
3553 3534 3671 3572 cam

2096 3623 2268 3679 quea
2310 3611 2490 3664 calore
2548 3607 2778 3663 eﬂicitur
2832 3610 3317 3677 consumptionem,
3369 3612 3671 3664 necessaria

2097 3716 2215 3755 esse
2238 3702 2537 3767 dicebatur.
2570 3700 2688 3755 Jam
2719 3716 2849 3754 vero
2878 3702 2943 3753 ad
2984 3701 3199 3756 eosdem
3234 3702 3287 3755 in
3330 3703 3529 3755 eisdem
3559 3716 3671 3754 ma-

2099 3794 2247 3846 teriis
2276 3793 2650 3860 producendos
2686 3790 2910 3845 eﬂ‘ectns
2940 3790 3071 3844 nihil
3110 3791 3348 3854 interest,
3380 3801 3557 3843 utrum
3588 3790 3670 3845 sol

2098 3896 2289 3956 suapte
2320 3896 2506 3939 natura
2539 3886 2610 3938 sit
2640 3884 2868 3948 calidus,
2915 3900 2980 3937 an
3017 3897 3080 3936 ex
3122 3882 3403 3937 affectione
3435 3883 3594 3937 ardor
3615 3884 3667 3937 ei

2098 3978 2406 4033 accesserit.
2445 3978 2569 4031 Sive
2598 3978 2740 4031 enim
2774 3976 2916 4045 ligna
2968 3976 3109 4030 inter
3159 3991 3217 4031 se
3249 3985 3433 4030 mutuo
3458 3974 3666 4030 confri-

2097 4084 2205 4136 cta,
2231 4073 2405 4140 ignem
2440 4087 2502 4126 ac
2556 4070 2825 4125 ﬂammam
2876 4072 3225 4136 exsuscitent,
3276 4072 3389 4126 sive
3440 4086 3664 4125 accensa

2096 4162 2309 4217 ﬂamma
2342 4162 2619 4217 combusta
2651 4161 2875 4225 fuerint,
2922 4177 3017 4229 par
3045 4174 3097 4215 et
3128 4162 3421 4217 consimilis
3450 4161 3572 4214 finis
3599 4176 3667 4215 ex

2095 4263 2324 4322 utroque
2356 4251 2545 4307 resilit.
2596 4249 2861 4305 Caeterum
2915 4266 3165 4320 magnam
3212 4251 3327 4319 ejus
3359 4250 3449 4319 qui
3482 4249 3663 4303 omnia

2095 4344 2377 4415 gubernat,
2406 4343 2723 4413 sapientiam
2764 4344 3062 4412 cernimus,
3102 4344 3267 4399 solem
3310 4342 3524 4396 aliunde
3559 4341 3664 4393 alio

2096 4442 2577 4497 transmoventem,
2605 4440 2663 4485 ut
2698 4446 2767 4485 ne
2804 4433 2855 4485 in
2892 4433 3081 4486 iisdem
3111 4433 3241 4486 locis
3274 4447 3484 4500 semper
3511 4445 3660 4484 com-

422 4541 550 4603 ϐων,
584 4542 650 4610 τῇ
678 4537 956 4608 πλεονεξίᾳ
989 4535 1082 4589 τοῦ
1116 4531 1319 4604 θερμοῦ
1356 4529 1658 4599 λυμήνηται
1691 4527 1789 4598 τὴν
1813 4527 1992 4580 διακό-

2098 4541 2337 4592 morans,
2374 4540 2554 4580 rerum
2586 4524 2832 4577 ordinem
2876 4539 2970 4593 per
3012 4524 3206 4578 caloris
3253 4523 3659 4577 redundantiam

421 4781 511 4821 sex
546 4764 633 4818 alii
670 4761 883 4817 codices
906 4759 1265 4830 ἀφαιρέσεως.
1303 4753 1521 4830 _Sta_t_im_
1538 4751 1691 4830 βοάι.
1726 4766 1847 4830 cum
1872 4750 1991 4830 aliis

420 4846 542 4891 octo
576 4850 703 4887 mss.
737 4843 793 4886 et
838 4822 968 4884 cutn'
1012 4822 1250 4882 editione
1300 4824 1464 4878 Basil.
1499 4822 1688 4885 ὓδατος
1718 4822 1988 4884 ἀπιστεῖς,

420 4906 577 4959 bene.
609 4903 787 4957 Editio
829 4900 1001 4953 Paris.
1032 4898 1221 4960 ὓδατος
1244 4897 1344 4949 οὑκ
1374 4896 1643 4956 ἀπιστεῖς.
1681 4892 1789 4945 Nec
1835 4892 1990 4945 aliter

422 4976 616 5042 legisse
647 4974 858 5025 videtur
906 4970 1241 5042 Eustathius,
1282 4968 1373 5033 qui
1429 4966 1508 5042 sic
1553 4972 1767 5042 vertat":
1798 4960 1900 5042 Sed
1930 4971 1989 5013 tu

419 5032 629 5116 quidem
656 5043 873 5116 liquoris
898 5038 1231 5116 amplitudini
1270 5034 1683 5116 nonndt'scredis.
1712 5032 1863 5113 Unde
1892 5048 1986 5101 pa-

427 5103 503 5170 iet
540 5103 792 5167 mendum
821 5112 1025 5165 illnd'in
1060 5110 1265 5177 aliquot
1293 5107 1506 5177 codices
1541 5103 1845 5177 irrepsisse.

492 5186 602 5255 (ΞΠ)
642 5181 793 5237 Coll).
840 5181 1109 5255 secundus
1150 5172 1641 5255 καταφλογίζοντα.
1670 5172 1985 5255 dicit-mss.

418 5242 659 5322 ple‘riq'ne
694 5268 880 5306 omnes
926 5250 993 5303 τά
1045 5249 1261 5319 συνεχῆ.
1294 5242 1460 5300 AbeSt
1491 5242 1751 5298 articulus
1782 5242 1849 5295 ab
1883 5243 1991 5295 edi-

421 5326 562 5377 tione
593 5324 764 5377 Paris.

490 5394 601 5464 (28)
636 5394 807 5464 Editio
837 5392 1008 5464 Paris.
1034 5390 1214 5461 ἀέριον
1240 5389 1469 5457 γίνεται.
1508 5385 1667 5439 Deest
1694 5382 1907 5464 γίνεται
1928 5382 1988 5464 in

416 5452 654 5518 editione
692 5463 855 5516 Basil.
889 5473 942 5516 et
998 5462 1049 5514 in
1102 5452 1225 5513 octo
1252 5452 1415 5514 ’mss.
1466 5466 1660 5526 prteter
1692 5454 1842 5526 Bodl.
1869 5452 1989 5526 _Ali-

417 5546 622 5603 quianlo
648 5543 768 5602 post
803 5536 930 5600 lleg.
974 5533 1166 5586 tertius
1195 5524 1479 5603 ἐπιλάϐῃ(
1511 5526 1707 5580 Statitn
1753 5524 1883 5579 editi
1929 5524 1987 5574 ὲν

415 5602 757 5675 ὦρᾳᾼιωδιν
776 5604 831 5654 ὲν
871 5604 939 5656 ab
968 5612 1089 5675 octo
1117 5615 1244 5654 mss.

488 5666 597 5743 (ΞΩ)
648 5674 921 5741 Καίτοιγε
952 5671 1094 5726 οὐδὲ
1134 5670 1367 5740 θερμόν.
1414 5666 1684 5743 Yetusilla
1726 5679 1984 5743 quorum-

416 5734 541 5797 dain
581 5734 1039 5812 'pliiiosopl'torum
1096 5734 1301 5812 opinio,
1365 5740 1480 5812 qui,
1529 5734 1981 5812 solemucalidntn

415 5827 533 5869 esse
559 5804 1197 5883 negantes',aﬂirmabaht
1230 5804 1636 5866 illius—calorem
1673 5807 1803 5860 nihil
1839 5804 1981 5861 aliud

2093 4764 2213 4803 esse
2236 4748 2338 4802 nisi
2362 4745 2598 4801 velocem
2629 4746 2913 4815 quemdam
2938 4746 3325 4815 circumactum
3352 4753 3404 4797 et
3433 4752 3659 4807 motum,

2095 4819 2429 4886 temporibus
2461 4814 2664 4871 nostris
2693 4818 2835 4887 viget
2870 4817 3123 4878 maxime,
3180 4814 3462 4883 placetque
3497 4831 3659 4884 quam

2108 4888 2356 4942 )lurimis.

2093 4907 2397 5028 pnzglﬂnflgic
2450 4955 2599 5028 Regii
2633 4958 2838 5025 primus
2868 4965 2920 5010 et
2953 4964 3176 5010 octavus
3206 4968 3328 5007 cum
3372 4954 3547 5028 C_o|b._
3575 4970 3663 5028 se-

2096 5025 2268 5082 cundo
2293 5038 2348 5081 et
2381 5042 2502 5080 cum
2532 5027 2695 5081 Coisl.
2743 5028 2925 5081 itidem
2971 5028 3245 5087 seeiindo;
3306 5033 3358 5076 et
3411 5026 3481 5076 ita
3536 5025 3664 5091 legit

2094 5098 2425 5160 Eustathius,
2477 5097 2630 5163 cujus
2661 5099 2775 5151 haec
2826 5108 2996 5150 sunt:
3051 5095 3118 5147 Et
3178 5094 3507 5147 considerate
3561 5112 3662 5161 quo

2097 5170 2218 5237 freti
2262 5168 2590 5237 documento,
2647 5168 2797 5221 rebus
2846 5166 3247 5219 euidentissimis
3294 5170 3661 5237 adversantur.

2098 5233 2239 5291 Editi
2265 5253 2384 5292 cum
2415 5236 2595 5304 Regiis
2632 5239 2791 5292 tertio
2848 5246 2903 5289 et
2957 5237 3146 5304 quinto
3200 5249 3433 5301 cumque
3493 5233 3658 5304 Coisrl.

2098 5254 2492 5292 nonttcumne
2532 5254 2595 5289 ns
2632 5254 2791 5292 tertio
2848 5254 2903 5289 et
2957 5254 3146 5304 quinto
3200 5254 3433 5301 cumque
3493 5254 3658 5285 unm.

2096 5311 2272 5375 primo
2310 5306 2447 5378 πρὸς
2468 5254 2563 5376 civ
2623 5308 2923 5378 ἐνέργειαν.
2979 5307 3103 5361 Mox
3168 5306 3317 5378 multi
3358 5319 3500 5378 ‘lIISS.
3549 5301 3662 5354 ἀλλ’

2096 5379 2235 5449 οὑχί.
2263 5375 2448 5449 ΕιιῖιὶοΔ
2485 5375 2656 5449 Paris.
2684 5375 2818 5430 ἀλλά
2852 5378 2969 5448 οὑχ.
3015 5375 3254 5431 Subinde
3276 5376 3427 5429 Colb.
3463 5389 3661 5427 secun-

2096 5446 2193 5502 dus
2226 5446 2383 5501 τοῦτο
2405 5447 2466 5499 τὸ
2494 5447 2711 5518 θερμόν.

2165 5518 2410 5589 (διλὸἱο
2465 5532 2645 5572 nostra
2692 5519 2856 5574 editio
2900 5518 3064 5589 Basil.
3099 5531 3221 5589 cum
3276 5523 3479 5589 septem
3528 5529 3659 5567 mss.

2093 5585 2271 5643 Editio
2300 5588 2474 5641 Paris.
2506 5590 2853 5658 μεταθεῖσαν.
2881 5585 3476 5658 Morelluscitatnescio
3498 5600 3660 5652 quam

2089 5660 2377 5713 editionem
2414 5654 2579 5729 Basil.
2618 5662 2666 5712 in
2704 5675 2809 5729 qua
2858 5658 3052 5729 legitur
3082 5654 3662 5729 μετατιθέντος-μεριξ-

2090 5745 2193 5795 que
2213 5730 2392 5783 subdit
2420 5746 2433 5780 :
2468 5727 2664 5781 Ferent
2689 5723 2760 5782 ιόι
2798 5723 3046 5797 gignendi
3078 5723 3229 5778 rasus
3271 5740 3391 5779 mox
3418 5723 3660 5792 subjecti,

2104 5798 2382 5864 Ἀττικῶς.
2413 5798 2573 5869 Bene,
2607 5802 2699 5856 sed
2728 5800 3071 5867 refragantur
3100 5810 3230 5851 mss.
