4082 6398
457 331 520 387 7|
1753 333 1810 389 S.
1853 333 2096 389 BASlLll
2137 336 2351 392 MAGNI
3613 347 3684 404 72

455 443 713 497 devastet.
766 441 870 497 Sed
905 456 1046 496 nunc
1081 441 1293 509 quidem
1353 442 1419 494 ad
1473 443 1767 496 austrinani
1813 453 1985 512 partet

2089 464 2352 518 ,σμησινο
2408 450 2540 504 ἀλλὰ
2592 449 2687 503 νῦν
2719 451 2818 520 μὲν
2868 450 3028 504 αὑτὸν
3081 451 3170 504 ἐπὶ
3210 453 3269 505 τὸ
3314 454 3485 508 νότιον
3521 457 3685 529 μέρος

455 535 598 588 circa
658 535 880 588 hiberna
935 534 1162 588 solstitia
1213 534 1529 596 transvehit,
1579 550 1721 589 nune
1778 551 1905 590 vero
1947 538 2013 592 ad

453 624 852 693 aequinoctialia
891 623 1149 679 transfert
1192 626 1345 694 signa
1394 641 1406 676 :
1456 634 1512 679 et
1546 625 1668 681 inde
1703 629 1768 679 ad
1804 636 2015 696 septen-

456 715 704 771 trionalia
730 717 796 774 ,in
843 716 1044 771 aestivis
1090 717 1338 771 solstitiis
1385 718 1590 771 reducit
1629 736 1642 772 :
1679 719 1811 773 adeo
1841 729 1916 785 ut,
1949 735 2014 775 eo

454 819 802 872 transeunte,
842 809 893 862 in
919 807 1050 862 locis
1081 810 1309 862 terrenis
1333 811 1616 878 temperies
1643 823 2008 866 conservetur.

452 899 682 954 Videant
713 911 890 954 autem
921 915 988 954 an
1019 900 1116 968 ipsi
1157 915 1335 955 secum
1366 917 1470 954 non
1490 901 1598 972 30
1619 914 1890 974 pugnent,
1921 906 2009 974 qui

451 990 659 1044 scilicet
712 1005 860 1046 mare
908 992 1092 1046 dicant
1141 991 1448 1048 fluminibus
1476 1011 1578 1049 non
1607 996 1906 1052 redundare
1941 999 2010 1053 ob

450 1095 568 1133 eam
593 1097 712 1149 qua:
737 1098 764 1134 a
795 1081 908 1137 sole
937 1084 1005 1136 sit
1051 1084 1536 1150 consumptionem,
1569 1099 1630 1140 ac
1667 1087 1882 1154 insuper
1902 1087 2008 1142 sal-

448 1187 564 1224 sum
601 1183 652 1226 et
673 1187 914 1226 amarum
961 1172 1215 1242 relinqui,
1243 1190 1308 1228 eo
1348 1175 1574 1231 humore
1613 1177 1704 1246 qui
1735 1179 1908 1231 tenuis
1929 1189 2010 1234 est

448 1276 509 1314 ac
543 1262 688 1330 pomi
723 1272 898 1332 aptus,
931 1264 1237 1334 absumpto,
1265 1267 1407 1334 quod
1454 1266 1626 1335 ipsum
1663 1268 1856 1322 accidit
1893 1285 2007 1322 ma-

447 1353 587 1405 xime
616 1368 677 1406 ex
708 1367 768 1407 ea
797 1369 956 1422 quam
1007 1355 1084 1410 sol
1132 1357 1292 1410 habet
1341 1358 1676 1413 discernendi
1731 1359 2004 1426 facultate,

444 1458 546 1510 qua
571 1443 621 1498 id
645 1446 784 1512 quod
815 1446 930 1501 leve
976 1456 1080 1510 est,
1125 1449 1338 1517 abripit,
1374 1465 1615 1504 crassum
1665 1467 1791 1505 vero
1815 1461 1869 1505 et
1898 1462 2005 1506 terr

443 1543 613 1588 restre
661 1543 913 1604 tanquam
963 1536 1147 1592 limum
1196 1549 1250 1594 et
1289 1539 1474 1594 faecem
1541 1541 1792 1608 relinquit
1822 1560 1835 1595 :
1867 1544 2006 1598 unde

440 1627 762 1688 amaritudo.
794 1637 848 1681 et
871 1628 1102 1699 salsugo,
1126 1639 1180 1683 et
1218 1630 1453 1685 siccandi
1487 1631 1716 1687 facultas
1759 1633 1892 1686 mari
1923 1634 2003 1688 in-

437 1727 539 1772 est.
570 1718 737 1772 Porro
761 1721 850 1789 qui
889 1721 1012 1774 talia
1051 1723 1114 1774 de
1157 1723 1293 1776 mari
1342 1725 1610 1790 garriunt,
1645 1741 1830 1782 rursus
1887 1743 2000 1781 mu-

2117 542 2257 594 κατά
2297 542 2396 605 τὰς
2433 543 2747 613 χειμερινὰς
2779 543 2982 613 τροπὰς
3015 544 3292 612 ἀπάγοντα
3329 546 3460 615 (ὃῖ),
3505 549 3600 601 νῦν
3625 549 3682 603 δὲ

2115 632 2206 682 ἐπὶ
2246 632 2311 684 τὰ
2348 633 2634 704 ἰσημερινά
2665 637 2865 704 σημεῖα
2900 636 3273 704 μετατιθέντα,
3311 638 3560 691 κάκεῖθεν
3588 641 3681 694 ἐπὶ

2112 721 2180 773 τὰ
2213 724 2551 794 προσάρκτια
2581 726 2684 778 ὑπὸ
2704 726 2801 789 τὰς
2835 725 3050 797 θερινὰς
3072 727 3279 795 τροπὰς
3306 729 3643 798 ἐπανάγοντα
3661 750 3675 762 ο

2112 813 2251 866 ὥστε
2282 817 2347 885 τῇ
2381 816 2519 868 κατὰ
2553 818 2741 889 μικρὸν
2772 817 2933 870 αὐτοῦ
2965 819 3260 888 μεταϐάσει
3299 820 3376 890 τῷ
3424 823 3550 894 περὶ
3577 825 3679 894 γῆν

2112 905 2259 976 τόπῳ
2299 908 2398 977 τὴν
2432 909 2726 980 εὐκρασίαν
2777 910 3163 979 φυλάσσεσθαι.
3201 912 3580 966 Σκοπείτωσαν
3622 916 3680 968 δὲ

2111 1001 2158 1050 εί
2194 999 2268 1070 μὴ
2297 1001 2447 1053 αὐτοὶ
2474 1003 2684 1064 ἑαυτοῖς
2709 1004 3144 1072 περιπίπτουσιν,
3179 1004 3233 1056 οἵ
3255 1021 3315 1072 γε
3350 1006 3449 1076 τὴν
3479 1006 3678 1060 θάλασ-

2113 1109 2210 1145 σαν
2248 1093 2462 1160 λέγουσι
2495 1095 2629 1165 μήτε
2669 1094 3013 1165 πλημμυρεῖν
3048 1097 3156 1159 τοῖς
3187 1099 3447 1166 ποταμοῖς
3489 1097 3552 1149 ὲκ
3577 1097 3677 1166 τῆς

2109 1184 2202 1237 τοῦ
2237 1185 2383 1255 ἡλίου
2417 1186 2678 1257 δαπάνης,
2729 1188 2822 1239 καὶ⁴
2876 1186 3096 1256 προσέτι
3132 1187 3378 1257 ἁλμυρὰν
3433 1188 3527 1240 καὶ
3582 1204 3674 1239 πι-

2109 1277 2246 1348 κράν
2273 1279 2684 1344 ἀπολείπεσθαι,
2709 1279 2802 1333 τοῦ
2835 1280 3029 1332 λεπτοῦ
3067 1284 3160 1333 καὶ
3185 1281 3413 1349 ποτίμου
3442 1279 3546 1331 ὑπὸ
3577 1280 3674 1350 τῆς
3710 1298 3714 1302 '

2109 1367 2314 1440 θέρμης
2336 1370 2698 1433 ἀναλωθέντος
2716 1387 2728 1399 ’
2759 1371 2894 1439 ὅπερ
2934 1371 2997 1422 ἐκ
3019 1370 3117 1440 τῆς
3143 1368 3236 1422 τοῦ
3264 1369 3412 1438 ἡλίου
3441 1368 3674 1438 μάλιστα

2106 1465 2311 1532 γίνεται
2354 1463 2696 1534 διακρίσεως,
2743 1463 2801 1514 τὸ
2833 1463 2928 1532 μὲν
2967 1463 3166 1528 κοῦφον
3209 1462 3510 1528 ἀπάγοντος
3536 1460 3667 1528 (33),

2104 1555 2164 1607 τὸ
2188 1555 2243 1608 δὲ
2275 1556 2416 1624 παχὺ
2450 1555 2541 1606 καὶ
2583 1553 2782 1621 γεῶδες
2819 1546 2929 1605 οἷόν
2973 1569 3094 1605 τινα
3137 1553 3249 1604 ίλὺν
3293 1551 3386 1604 καὶ
3438 1551 3671 1604 ὑποστά-

2106 1645 2248 1717 θμην
2270 1647 2574 1715 ὲναφιέντος
2597 1664 2609 1675 ·
2661 1645 2718 1711 ἐξ
2764 1639 2824 1698 οὗ
2856 1645 2916 1697 τὸ
2942 1645 3133 1716 πικρὸν
3171 1645 3266 1697 καὶ
3300 1644 3537 1714 ἁλμυρὸν
3578 1643 3671 1696 καὶ

2106 1738 2422 1810 ξηραντικὸν
2464 1742 2528 1810 τῇ
2558 1738 2797 1808 θαλάσσῃ
2845 1741 3121 1808 προσεῖναι
3153 1737 3285 1807 (Μ).
3317 1738 3376 1790 Oi
3407 1735 3470 1806 δὴ
3500 1735 3671 1788 ταῦτα

439 1817 548 1862 tata
578 1812 839 1864 sententia
868 1813 1146 1868 humorem
1186 1829 1215 1867 a
1259 1814 1370 1868 sole
1402 1816 1532 1869 nihil
1571 1817 1816 1873 imminui
1857 1819 1985 1873 aflir-

2258 1799 2528 1903 θαλάσσης
2565 1799 2832 1898 λέγοντες,
2870 1799 3027 1882 πάλιν
3060 1799 3534 1899 μεταϐαλλόμενοι,
3570 1844 3669 1898 μη·
3705 1894 3708 1896 γ

437 1909 604 1956 luant.

506 2105 556 2160 8.
593 2105 654 2159 Et
689 2108 886 2161 vocavit
923 2107 1058 2162 Deus
1099 2108 1478 2176 ﬁrmamentum
1525 2110 1707 2166 caelum
1728 2111 1807 2178 M;
1839 2112 1909 2166 ita
1941 2124 2000 2168 ut

437 2199 648 2266 preprie
686 2199 896 2265 quidem
934 2201 1219 2254 conveniat
1265 2202 1416 2256 alteri
1465 2202 1649 2257 istliaac
1693 2204 1996 2272 appellatio,

434 2288 783 2342 similitudine
817 2304 944 2344 vero
968 2291 1360 2347 firmamentum
1388 2309 1600 2363 quoque
1638 2295 1797 2363 hujus
1823 2297 1999 2349 nomi-

433 2380 517 2434 nis
537 2381 607 2434 sit
638 2382 923 2449 particeps.
949 2382 1210 2438 Cauerum
1244 2385 1616 2454 aspectabilem
1647 2386 1789 2440 hunc
1817 2387 1995 2443 locum

433 2471 535 2523 dici
565 2471 760 2524 cadum
793 2487 932 2542 saepe
958 2473 1383 2538 observavimus,
1423 2475 1491 2529 ob
1513 2476 1832 2530 densitatem
1861 2492 1995 2532 con-

434 2562 846 2631 tinuitatemque
869 2566 1033 2630 aeris,
1057 2565 1329 2620 offerentis
1357 2581 1415 2621 se
1443 2567 1587 2621 clare
1627 2579 1814 2621 nostro
1842 2583 1996 2638 aspe-

431 2654 565 2716 ctui,
597 2663 652 2707 et
670 2668 737 2707 ex
759 2672 823 2708 eo
854 2643 993 2724 quod
1037 2657 1266 2723 videtur,
1300 2658 1419 2712 ραιΙί
1457 2672 1644 2712 nomen
1683 2661 1994 2728 obtinentia,

433 2744 519 2798 ubi
555 2745 800 2800 videlicet
829 2747 906 2800 ait
933 2746 1210 2815 Scriptura
1245 2765 1258 2802 :
1296 2747 1544 2801 Volucres
1567 2748 1762 2804 caeli“.
1792 2749 1857 2802 Et
1895 2751 1991 2804 ite-

431 2850 548 2888 rutn
583 2853 597 2888 :
645 2834 889 2891 Volantia
915 2841 1193 2891 secundum
1217 2839 1600 2905 ﬁrmamentum
1627 2839 1739 2893 caeli
1764 2839 1827 2893 ιθ.
1866 2841 1993 2895 Tale

430 2935 588 2982 estet
626 2927 751 2982 illud
779 2945 792 2982 :
828 2929 1123 2983 Ascendunt
1152 2947 1310 3000 usque
1335 2931 1401 2982 ad
1430 2931 1581 2982 caelos
1602 2930 1668 2983 ³ο.
1697 2931 1761 2984 Et
1786 2930 1992 3002 Moyses

428 3019 753 3073 benedicens
786 3021 942 3074 tribui
977 3019 1194 3091 Ioseph,
1230 3037 1258 3073 a
1290 3022 1547 3075 fructibus
1579 3021 1698 3075 caeli
1743 3032 1796 3076 et
1848 3037 1988 3084 rore,

2101 1923 2290 1993 δεμίαν
2342 1923 2432 1976 τοῦ
2487 1923 2652 1993 ὑγροῦ
2705 1920 2946 1989 γίνεσθαι
3001 1921 3226 1991 μείωσιν
3261 1922 3325 1974 ὲκ
3373 1919 3468 1972 τοῦ
3516 1920 3664 1986 ἡλίου

2102 2016 2254 2084 φασί

2170 2105 2220 2158 8.
2246 2105 2352 2157 Καὶ
2376 2105 2669 2158 ἐκάλεσεν
2697 2108 2729 2158 ό
2773 2105 2917 2170 Θεὸς
2946 2104 3012 2156 τὸ
3045 2102 3344 2170 στερέωμα
3375 2102 3660 2169 οὐρανόν·

2096 2195 2172 2258 ὡς
2207 2197 2408 2265 κυρίως
2451 2199 2545 2267 μὲν
2578 2197 2746 2268 ἑτέρῳ
2784 2198 2882 2266 τῆς
2919 2195 3283 2267 προσηγορίας
3327 2191 3665 2264 ὲφαρμοζού-

2099 2303 2218 2357 σης,
2255 2288 2372 2340 καθ’
2412 2289 2664 2359 ὁμοίωσιν
2702 2290 2756 2342 δὲ
2791 2291 2882 2342 καὶ
2923 2288 3111 2341 τούτου
3162 2285 3664 2356 μεταλαμϐάνοντος

2097 2379 2193 2448 τῆς
2239 2381 2480 2452 κλήσεως
2718 2382 3109 2451 Τετηρήκαμεν
3159 2380 3215 2432 δὲ
3257 2377 3518 2448 πολλαχοῦ
3573 2377 3664 2430 τὸν

2093 2471 2364 2542 ὁρώμενον
2397 2471 2557 2525 τόπον
2595 2471 2819 2540 οὐρανὸν
2869 2471 3157 2541 λεγόμενον
3203 2470 3310 2539 (36)
3339 2470 3443 2538 (διὰ
3481 2469 3539 2521 τὸ
3571 2486 3661 2520 να-

2098 2565 2218 2616 στὸν
2250 2564 2340 2616 καὶ
2377 2563 2597 2633 συνεχὲς
2616 2563 2709 2615 τοῦ
2734 2563 2891 2633 ἀέρος
2924 2561 3168 2634 ἐναργῶς
3200 2564 3231 2630 ἠ
3243 2561 3356 2632 μῶν
3387 2565 3502 2623 ταῖς
3532 2560 3656 2629 ὅψε-

2096 2671 2176 2706 σιν
2215 2655 2627 2717 ὑποπίπτοντος,
2659 2656 2750 2707 καὶ
2797 2654 2946 2723 παρὰ
2977 2653 3037 2705 τδ
3061 2653 3285 2722 ὁρᾶσθαι
3312 2653 3408 2722 τῆς
3439 2651 3531 2704 τοῦ
3570 2652 3657 2704 οὗ·

2097 2746 2256 2816 ρανοῦ
2286 2746 2395 2816 (57)
2439 2746 2805 2817 προσηγορίας
2839 2743 3154 2814 ἀξιουμένου
3189 2745 3244 2796 ὲν
3277 2737 3356 2806 οἷς
3387 2759 3545 2814 φησιο
3583 2744 3658 2796 Τὰ

2092 2837 2332 2889 πετεινὰ
2374 2838 2480 2889 τοῦ
2518 2835 2773 2905 οὐρανοῦ
2799 2852 2812 2866 ο
2859 2836 2952 2888 καὶ
3006 2834 3164 2888 πάλιν
3191 2852 3204 2864 ι
3247 2835 3321 2888 Τὰ
3365 2835 3657 2902 πετόμενα

2091 2927 2238 2981 κατὰ
2269 2928 2332 2980 τὸ
2366 2927 2664 2997 στεγέωμα
2698 2927 2801 2980 τοῦ
2829 2927 3103 2994 οὐρανοῦ.
3135 2925 3381 2979 Τοιοῦτόν
3424 2928 3542 2978 ὲστι
3563 2929 3657 2980 καὶ

2091 3020 2171 3072 τόο
2209 3020 2650 3073 Ἀναϐαίνουσιν
2672 3019 2780 3085 ἕως
2804 3019 2917 3072 τῶν
2944 3017 3230 3088 οὐρανῶν.
3265 3019 3371 3070 Καὶ
3395 3018 3650 3085 Μωῡσῆς,

427 3123 483 3166 et
530 3128 558 3164 a
589 3112 833 3167 solstitiis
873 3124 930 3167 et
967 3114 1292 3168 coitionibus
1325 3113 1595 3176 lunarum,
1640 3123 1695 3166 et
1726 3128 1757 3166 a
1791 3115 1985 3170 vertice

2092 3113 2323 3180 εὐλογῶν
2370 3112 2464 3183 τὴν
2495 3112 2663 3182 φυλὴν
2705 3111 2798 3164 τοῦ
2837 3113 3055 3181 Ἰωσὴφ,
3087 3111 3191 3165 ἀπὸ
3229 3096 3385 3182 ὡρῶν
3420 3111 3528 3180 (58)
3565 3111 3653 3162 οὑ-

430 3202 709 3266 montium,
736 3212 791 3256 et
828 3203 1043 3258 collium
1092 3215 1414 3259 retentorum
1445 3203 1839 3258 benedictiones
1880 3205 1981 3259 im-

426 3296 589 3364 pertit
608 3297 685 3350 “z
720 3297 915 3367 quippe
943 3298 1084 3366 quod
1107 3295 1491 3364 circumjacens
1517 3296 1689 3350 telluri
1720 3296 1867 3351 locus
1895 3312 1986 3367 per

2094 3206 2274 3278 ρανοῦ,
2303 3207 2396 3260 καὶ
2424 3206 2635 3276 δρόσου,
2672 3205 2764 3257 κοιλ⁸
2803 3206 2909 3258 ἀπὸ
2942 3205 3088 3275 ἡλίου
3123 3203 3356 3274 τροπῶν,
3398 3204 3491 3256 καὶ
3527 3221 3650 3255 συν-

2089 3297 2224 3350 όδων
2245 3297 2446 3368 μηνῶν,
2479 3298 2567 3349 καῖ
2597 3295 2702 3348 ἀπὸ
2717 3295 2958 3366 κορυφῆς
2983 3295 3152 3365 ὀρέων
3191 3295 3284 3348 καὶ
3311 3294 3508 3364 βουνῶν
3531 3295 3651 3346 ἀεν-

499 3454 542 3485 ⁸⁷
570 3454 703 3508 Gen.
733 3471 769 3520 ι,
796 3455 847 3506 8.
925 3453 968 3486 ’⁵⁸
995 3453 1135 3535 Psal.
1178 3469 1297 3535 vin,
1327 3453 1500 3533 9.)”
1536 3451 1670 3507 Gen.
1707 3469 1744 3519 ι,
1773 3453 1862 3507 ‘20.
1937 3454 1982 3485 ⁸ο

2093 3453 2161 3508 al.
2193 3469 2299 3511 cvi,
2324 3452 2412 3506 26.
2490 3453 2532 3484 ⁸¹
2565 3452 2717 3506 Deut.
2743 3469 2899 3516 xxiii,
2931 3453 3112 3506 lii-15.

497 3610 608 3680 (52)
626 3611 814 3683 ⁸Εζιιίιίο
840 3609 844 3614 ’
869 3610 1061 3683 Paris._
1090 3627 1322 3683 sporta;
1348 3610 1716 3683 απάγοντος...
1782 3613 1982 3683 σημεῖα

470 3680 866 3744 ετατιθέντος...
902 3680 1540 3752 τροπάς’ὲπανάγοντος.
1572 3681 1776 3752 _Nostra
1822 3682 1985 3752 editio

470 3699 866 3744 ετατιυεντος...
902 3699 1108 3752 τροπας
1160 3699 1540 3749 επαναγοντος.
1587 3699 1776 3734 nostra
1822 3699 1978 3735 euiuo

423 3699 586 3804 Basil.
611 3763 665 3804 et
695 3761 918 3820 uterque
944 3752 1110 3806 Coisl.
1141 3762 1196 3804 et
1227 3749 1525 3820 Bodl.cum
1571 3749 1750 3820 Regiis
1782 3751 1978 3817 primo,

424 3822 603 3885 tertio,
623 3821 810 3889 quinto
835 3818 901 3876 et
929 3831 1098 3887 sexto,
1129 3830 1324 3873 etcum
1351 3818 1504 3873 Colb.
1531 3819 1783 3889 secundo,
1823 3830 1981 3886 prout

421 3886 706 3944 edidimus.
734 3890 1000 3945 Caeterum
1035 3890 1383 3952 arbitramur,
1416 3889 1648 3942 editores
1673 3886 1838 3941 Marte
1865 3903 1982 3952 pro-

421 3961 539 4028 prio
565 3977 667 4012 non
699 3976 763 4012 ex
802 3962 903 4016 fide
940 3960 1182 4015 codicum
1232 3975 1366 4013 mss.
1392 3959 1620 4012 edidisse
1663 3957 1977 4028 μετατιθέν-

418 4047 576 4093 τος...
628 4029 956 4099 ἀπάγοντος,
1012 4041 1142 4090 etc.,
1177 4041 1234 4082 ut
1290 4045 1355 4084 ne
1414 4028 1686 4099 videretur
1746 4027 1978 4084 Basilius

418 4109 605 4154 contra
632 4097 841 4169 regulas
869 4101 1246 4168 grammatices
1275 4111 1544 4169 peccasse.
1573 4097 1636 4151 Et
1661 4112 1786 4169 vero
1823 4099 1865 4169 si
1893 4114 1980 4150 ra-

419 4171 492 4222 tio
527 4167 815 4222 haberetur
843 4167 1146 4239 régularum
1184 4168 1676 4237 grannnaticarum,
1707 4167 1980 4239 debuisset

415 4238 646 4292 Basilius
690 4236 927 4294 scribere
980 4236 1319 4306 ἀπάγουσαν,
1385 4252 1573 4304 nempe
1607 4236 1817 4305 σοφίαν.
1871 4236 1976 4291 Sed

417 4320 631 4363 constat
661 4309 920 4379 exemplis
978 4310 1159 4362 multis
1203 4309 1439 4378 insignes
1494 4322 1820 4376 magnosque
1852 4322 1977 4360 ora-

419 4389 560 4432 tores
590 4380 654 4431 ad
687 4389 948 4449 praecepta
1002 4379 1352 4448 grammatica
1402 4393 1511 4449 non
1558 4391 1770 4449 semper
1801 4386 1976 4430 atten-

415 4450 566 4509 dere,
598 4445 697 4502 sed
739 4463 799 4503 ea
863 4445 1246 4516 nonnunquam
1296 4447 1584 4516 negligere.
1631 4445 1816 4512 Itaque
1866 4463 1971 4500 non

409 4517 607 4588 jamrea
645 4519 924 4588 participia
951 4515 1253 4585 ἀπάγοντα,
1286 4515 1415 4588 etc},
1447 4515 1649 4588 referas
1683 4518 1748 4568 ad
1787 4530 1973 4588 vocem

416 4584 779 4654 σοφίαν,”εει1
841 4584 911 4643 ad
968 4584 1152 4642 vocem
1207 4587 1655 4649 subintelleetam,
1714 4584 1975 4656 κυϐερνή-

411 4671 531 4708 την.

447 4672 596 4792 ⁷Ἅῖἒξό)
628 4725 780 4783 Colb.
805 4727 1075 4782 secundus
1097 4725 1295 4794 κοῦφον
1322 4725 1634 4793 ἀνάγοντος.

483 4796 593 4867 (ὃ-ᾒ)
621 4797 751 4867 Reg.
789 4799 991 4865 primus
1021 4797 1321 4867 προσιέναι.

484 4865 596 4938 (55)
641 4863 798 4938 εφη).
840 4863 1106 4938 secundus
1145 4869 1411 4938 κλήσεως·
1439 4865 1611 4938 οὕτως
1634 4863 1707 4926 ὡς
1733 4864 1969 4938 εἴρηται.

410 4931 535 5004 Vult
563 4931 791 4989 Basilius
830 4931 1242 4991 firinameutum'
1270 4953 1373 4991 non
1409 4936 1622 5004 proprie
1650 4931 1850 4988 cwlu'ru'
1875 4952 1971 4988 tto-

411 5003 630 5068 minari,
665 5006 760 5058 sed
817 5007 1077 5059 duntaxat
1123 5007 1246 5060 curii
1301 5003 1522 5061 nomine
1579 5004 1826 5075 insigniri
1875 5021 1969 5072 per

410 5077 698 5140 quamdam
726 5075 1160 5130 similitudinem.

482 5144 593 5215 (56)
622 5144 773 5198 Colb.
823 5145 1089 5215 secundus
1116 5157 1169 5198 et
1213 5145 1344 5210 Reg.
1379 5155 1606 5199 octavus
1641 5159 1761 5215 cum
1794 5144 1965 5201 Coisl.

407 5213 646 5286 secundo
670 5215 759 5268 τὸν
801 5213 1075 5286 ὁρώμενον
1114 5216 1297 5286 τοῦτον
1323 5215 1461 5285 ἀέρα
1489 5213 1712 5283 οὐρανὸν
1739 5214 1966 5286 λεγόμε-

407 5303 519 5350 νον,
553 5283 807 5339 Craterum
834 5283 1219 5350 ’aspectabilem
1260 5283 1402 5336 huch
1433 5300 1603 5336 aerem
1635 5286 1741 5336 dici
1776 5284 1962 5337 caelum

408 5373 543 5424 ηερε
565 5357 965 5409 observavimus.
1002 5356 1136 5408 l‘liliti
1167 5365 1221 5407 et
1256 5355 1403 5424 Regii
1436 5355 1638 5424 primus
1659 5366 1713 5406 et
1743 5357 1962 5424 quintus

409 5423 526 5478 cum
571 5426 733 5480 Coisl.
772 5426 1060 5479 vetustiore
1099 5425 1189 5478 τὸν
1221 5423 1494 5494 ὁρώμενον
1524 5423 1685 5474 τόπον
1733 5423 1960 5494 οὐρανὸν

411 5495 714 5566 λεγόμενον,
742 5494 1138 5550 Observavimus
1169 5507 1340 5566 autem
1384 5511 1487 5566 non
1534 5509 1654 5545 raro
1706 5494 1956 5566 visibilem

403 5563 942 5620 hunc'locumcmlum
974 5566 1248 5633 appellari.
1281 5563 1538 5632 Equidem
1593 5578 1696 5616 non
1754 5564 1960 5617 inficias

404 5635 614 5698 iveritn,
642 5638 849 5690 admitti
886 5651 1042 5703 posse
1083 5636 1383 5703 lectionem
1429 5643 1714 5701 utramque
1758 5651 1794 5703 :7
1824 5635 1954 5687 ntilti

402 5712 577 5774 tamen
607 5707 786 5759 nescio
813 5702 1081 5774 queinodo
1115 5702 1457 5760 verisimilius
1490 5706 1577 5774 fit,
1601 5702 1951 5774 posteriorem

393 5772 558 5843 priori
581 5787 701 5828 esse
725 5772 1172 5845 anteponendam.
1212 5774 1468 5845 Suspicor
1495 5773 1639 5829 enim
1674 5772 1950 5829 librarium

2089 3609 2394 3677 quempiam
2426 3622 2456 3662 e
2487 3609 2700 3676 regione
2727 3611 2870 3664 vocis
2893 3611 3054 3663 τόπον
3087 3625 3182 3679 per
3215 3612 3426 3665 modum
3455 3613 3642 3669 seliolii

2091 3681 2156 3732 ad
2177 3682 2483 3753 marginem
2522 3680 2602 3732 sui
2655 3681 3212 3753 codicis‘apposuisse
3245 3680 3430 3753 τοῦτον
3483 3683 3642 3753 ἀέρα,

2090 3758 2143 3802 et
2177 3747 2302 3801 hinc
2341 3747 2537 3802 factum
2566 3763 2706 3809 esse,
2735 3759 2792 3802 ut
2827 3747 3028 3803 librarii
3063 3753 3150 3804 alii
3200 3751 3335 3804 hanc
3363 3747 3642 3807 lectionem

2087 3819 2412 3872 inseruerint
2452 3821 2642 3872 textui.
2675 3819 2780 3871 Nec
2808 3835 2993 3886 parum
3036 3821 3170 3875 hanc
3198 3831 3435 3874 nostram
3467 3825 3642 3888 c0nje-

2085 3899 2294 3940 ctnram
2332 3887 2572 3956 adjuvat,
2603 3890 2742 3956 quod
2778 3890 3113 3942 Eustatliittm
3145 3901 3350 3944 constet
3379 3892 3540 3944 τόπον
3567 3887 3642 3947 le-

2085 3959 2246 4026 gisse,
2287 3973 2407 4010 cum
2436 3958 2514 4011 sic
2543 3968 2717 4013 vertat
2749 3957 2988 4012 :Scimus
3022 3968 3194 4015 tamen
3221 3960 3500 4026 sepissime
3548 3979 3644 4017 ra:-

2085 4027 2191 4080 lum
2226 4028 2330 4080 dici
2373 4027 2544 4080 locum
2583 4031 2809 4095 spissum
2852 4030 3226 4098 deusatumque
3257 4031 3412 4083 aeris.
3443 4028 3639 4088 Vocem

2087 4106 2264 4149 autem
2293 4099 2451 4158 acris.
2487 4107 2545 4149 ut
2577 4099 2707 4152 alias
2745 4099 3054 4167 permultas.
3081 4102 3293 4154 videtur
3317 4101 3380 4154 de
3415 4115 3510 4155 suo
3541 4103 3638 4156 ad-

2084 4167 2282 4220 didisse
2313 4167 2648 4232 Eustathius,
2681 4169 3071 4236 explanationis
3109 4185 3296 4223 causa.

2154 4237 2264 4306 (-57)
2291 4236 2653 4308 llaecrquidem
2685 4247 2877 4292 sonant
2900 4241 3099 4306 Optime
3145 4240 3195 4292 in
3229 4239 3453 4302 Graecis,
3491 4242 3632 4308 quod

2083 4320 2184 4360 vox
2238 4307 2463 4379 ουρανός
2505 4319 2559 4362 et
2593 4309 2809 4379 verbum
2849 4309 3078 4379 ὁρὲισθαι
3127 4309 3361 4363 habeant
3415 4307 3554 4363 inter
3580 4327 3637 4365 se

2082 4377 2453 4449 cognationem
2484 4378 2810 4449 quamdam:
2849 4377 2900 4432 in
2935 4377 3139 4431 Latinis
3164 4394 3268 4431 non
3313 4381 3459 4441 item,
3496 4382 3636 4449 quod

2083 4446 2222 4568 intﬁr
2251 4461 2434 4526 vocent
2461 4447 2644 4500 uelum
2675 4457 2730 4500 et
2775 4451 2995 4502 verbum
3042 4451 3203 4502 videri
3256 4446 3633 4504 convenientia

2083 4531 2148 4568 nu
2195 4532 2222 4567 a
2249 4526 2337 4568 sit.

2082 4517 2222 4568 nulla
2249 4517 2337 4570 sit.

2153 4587 2263 4654 (38)
2311 4585 2442 4638 Ἀπὸ
2455 4585 2642 4654 ὡρῶν,
2668 4604 2698 4639 a
2731 4585 3002 4655 fructibus.
3022 4586 3190 4654 Quam
3221 4588 3500 4644 lectionem
3531 4604 3633 4642 non

2078 4656 2206 4709 editi
2235 4656 2404 4709 solum
2435 4657 2710 4718 exhibent,
2752 4658 2845 4710 sed
2872 4659 3032 4710 etiam
3066 4659 3204 4712 Sixt.
3231 4657 3423 4719 Biblia,
3464 4658 3632 4712 Coisl.

2077 4726 2368 4796 secundus,
2399 4726 2868 4796 Colbtsecundus,
2898 4727 3045 4796 Regii
3068 4727 3289 4796 quintus
3328 4739 3382 4783 et
3413 4739 3636 4782 octavus

2077 4810 2198 4849 cum
2240 4795 2513 4867 Medicago.
2550 4795 2905 4850 llenricianus
2936 4795 3062 4851 vero
3097 4813 3218 4851 cum
3248 4797 3428 4866 Regiis
3457 4799 3635 4867 primo

2074 4874 2129 4918 et
2165 4866 2323 4919 tertio
2353 4864 2514 4934 ὀρῶν,
2546 4883 2575 4918 a
2605 4867 2889 4929 utentibus,
2921 4882 3038 4934 quin
3065 4867 3248 4920 ttltima
3287 4864 3471 4931 lectio,
3497 4878 3636 4922 teste

2072 4934 2338 4987 Flaminio
2372 4936 2599 5000 Nobilio,
2631 4936 2896 5003 reperitur
2924 4939 2976 4989 in
3017 4935 3334 5005 quibusdam
3373 4938 3633 4990 Deutero-

2073 5005 2237 5074 nomii
2274 5005 2571 5059 codicibus.
2604 5008 2918 5060 Ambrosius
2965 5005 3149 5073 procul
3181 5007 3339 5060 dubio
3368 5006 3496 5074 legit
3525 5005 3635 5058 ἀπὸ

2070 5073 2230 5143 ὅρων,
2255 5090 2376 5127 cum
2411 5076 2500 5127 lib.
2535 5091 2571 5128 ιι
2602 5078 2654 5128 in
2685 5074 2964 5136 llea'aem.,
3000 5091 3118 5143 cap.
3152 5076 3205 5135 ι,
3249 5091 3396 5130 ιιιιιη.
3425 5073 3527 5139 16,
3554 5079 3633 5129 sic

2071 5143 2267 5197 habent
2304 5159 2318 5196 :
2350 5144 2582 5213 Denique
2607 5155 2653 5196 et
2692 5143 2898 5214 Moyses
2939 5146 3317 5198 benedictioues
3356 5146 3512 5197 tribui
3535 5144 3632 5198 Jo-

2069 5216 2188 5278 seplt
2221 5231 2251 5266 ιι
2281 5215 2470 5280 ﬁnibus
2502 5215 2636 5267 cwli.
2679 5215 2786 5268 Nec
2821 5216 2979 5268 aliter
3014 5214 3141 5283 legit
3167 5215 3505 5278 Eustathius,
3537 5215 3630 5282 qui

2070 5292 2240 5352 vertat
2273 5299 2287 5335 :
2316 5299 2378 5336 ea:
2407 5285 2597 5350 ﬁnibus
2622 5286 2759 5337 caeli.
2800 5283 3044 5352 Vulgata,
3071 5285 3132 5337 de
3152 5288 3314 5351 pontis
3344 5285 3479 5337 coeli.
3517 5286 3629 5339 Vox

2067 5349 2311 5415 Hebraea,
2338 5349 2510 5420 inquit
2540 5358 2780 5416 Dircaeus,
2808 5349 3032 5407 delicias
3060 5365 3114 5406 et
3141 5349 3397 5407 deliCatus
3423 5357 3627 5407 fructus

2064 5423 2348 5490 significat.
2379 5422 2528 5477 Unde
2558 5422 2830 5492 Pagninus
2874 5422 2938 5476 ad
2979 5425 3222 5483 verbum,
3275 5423 3337 5475 de
3388 5424 3628 5476 delicatis

2063 5492 2327 5544 caelorum.
2364 5494 2624 5545 Caeterum
2659 5495 2722 5545 ad
2760 5493 3062 5561 exemplum
3087 5493 3313 5545 aliorum
3348 5495 3625 5556 vertimus,

2061 5579 2091 5613 a
2113 5561 2410 5629 fructibus:
2447 5579 2750 5630 quanquam
2783 5561 2901 5632 ὥρα
2947 5579 3050 5615 ιιοιι
3085 5573 3192 5615 Iattt
3221 5564 3484 5632 signiticet
3515 5565 3628 5614 fru—

2060 5640 2225 5694 ctum,
2256 5647 2415 5702 quam
2449 5635 2639 5685 maturi
2681 5633 2890 5688 fructus
2908 5632 3168 5689 eximium
3193 5635 3427 5690 colorem
3461 5647 3620 5702 atque

2058 5703 2304 5770 gratiam.
2341 5700 2481 5763 Lege
2517 5703 2813 5775 Duc-amen,
