4082 6398
386 422 469 492 7:5
1525 434 1812 492 liOMlLIA
1854 435 1920 491 ιιι
1952 435 2021 491 IN
2055 432 2548 492 llEXAEMERON.
2981 509 2986 512 _
3575 427 3645 485 τι

389 550 668 608 νάωνιτας
694 547 939 616 εὑλογίας
975 547 1208 614 δίδωσιν,
1250 550 1324 613 ὡς
1371 551 1466 604 τοῦ
1500 552 1624 621 περὶ
1665 553 1767 622 γῆν
1810 553 1974 605 τόπου

2080 555 2266 607 horum
2295 553 2603 621 temperiem
2637 546 2972 603 fecundetur.
3003 544 3138 612 Quin
3172 555 3224 601 et
3259 545 3310 599 in
3339 545 3641 601 maledictis

388 641 477 694 διὰ
511 641 613 703 τῆς
641 641 697 690 ἐν
725 639 932 702 τούτοις
957 639 1206 705 εὐταξίας
1227 642 1642 713 εὑθηνουμένου.
1682 642 1840 696 Ἀλλά
1875 643 1966 696 καὶ

390 734 448 785 ἐν
486 731 610 786 ταῖς
641 731 904 801 κατάραις
933 731 1009 801 τῷ
1049 732 1258 803 Ἰσραὴλ
1299 734 1434 802 (59),
1468 733 1680 787 Ἔσται
1709 751 1830 798 σοι,
1860 751 1966 804 φη-

395 826 496 886 σὶν,
529 825 561 875 ὁ
610 819 756 890 ὑπὲρ
803 822 1073 891 κεφαὶῆς,
1103 823 1354 892 οὐρανὸς
1397 826 1681 894 χαλκοῦς.
1718 827 1782 878 Τί
1811 825 1968 880 τοῦτο

389 917 594 983 λέγων;
638 914 748 983 Τὴν
779 913 1016 984 παντελῆ
1046 915 1307 986 ξηρασίαν
1335 916 1427 969 καὶ
1462 917 1726 986 ἐπίλειψιν
1751 917 1857 971 τῶν
1879 919 1968 970 ἀε-

393 1008 524 1078 ρίων
564 1000 795 1068 ὑδάτων,
829 1005 893 1058 δι’
937 998 1011 1058 ὧν
1040 1009 1106 1076 τῇ
1148 1008 1215 1077 γῇ
1255 1007 1315 1059 τὸ
1351 1007 1570 1079 γόνιμον
1603 1008 1710 1060 τῶν
1738 1007 1968 1079 καρπῶν

393 1098 710 1168 ἐνυπάρχοι.
742 1098 910 1150 Ὅταν
938 1093 1028 1150 οὖν
1067 1099 1129 1150 ἐκ
1153 1099 1243 1151 τοῦ
1278 1099 1506 1171 οὐρανοῦ
1553 1098 1810 1170 φέρεσθαι
1834 1100 1966 1170 λέγῃ

392 1191 582 1262 δρόσον
612 1192 644 1260 ἦ
679 1189 855 1253 ὑετὸν,
905 1191 1031 1262 περ).
1077 1192 1280 1245 ὑδάτων
1328 1193 1552 1262 νοοῦμεν
1593 1194 1692 1245 ὅσα
1732 1191 1826 1262 τὴν
1849 1191 1967 1261 ,ἄνω

395 1283 646 1352 κατέχειν
683 1282 1027 1335 διατέτακται
1072 1282 1273 1354 χώραν.
1310 1283 1695 1354 Συναγομένων
1725 1283 1833 1354 γάρ
1861 1283 1968 1337 τῶν

396 1373 813 1445 ἀναθυμιάσεων
854 1376 981 1445 περὶ
1024 1375 1084 1427 τὸ
1133 1374 1283 1444 ὑψος,
1326 1377 1420 1428 καὶ
1462 1376 1830 1446 πυκνουμένου
1873 1377 1966 1431 τοῦ

397 1469 558 1538 ἀέρος
589 1471 710 1530 ταῖς
741 1470 803 1520 ἐκ
844 1467 950 1521 τῶν
989 1468 1313 1539 πνευμάτων
1366 1469 1666 1539 πιλήσεσιν,
1703 1471 1830 1522 ὅταν
1871 1469 1968 1540 μὲν

398 1561 455 1612 αἱ
493 1561 628 1622 τέως
663 1557 962 1626 ἀτμοειδῶς
988 1560 1079 1612 καὶ
1103 1558 1316 1623 λεπτῶς
1348 1560 1746 1630 ἐνεσπαρμέναι
1779 1559 1855 1629 τῷ
1879 1559 1968 1612 νέ-

399 1667 488 1719 φει
529 1649 727 1712 νοτίδες
774 1647 1026 1719 ἀλλήλαις
1070 1651 1520 1721 προσχωρήσωσι,
1575 1648 1830 1717 σταγόνες
1882 1649 1968 1712 γί-

400 1757 637 1809 γνονται,
665 1738 743 1809 τῷ
775 1738 929 1810 βάρει
952 1740 1058 1793 τῶν
1087 1739 1486 1810 συγκριθέντων
1509 1741 1806 1811 φερόμεναι
1836 1739 1968 1811 πρὸς

402 1834 462 1886 τὸ
495 1833 643 1884 κάτω
664 1847 677 1860 ·
710 1834 802 1884 καὶ
833 1832 969 1901 αὕτη
1002 1830 1157 1883 ὑετοῦ
1192 1831 1400 1898 γένεσις
1423 1847 1436 1862 ⁸
1467 1833 1594 1884 ὅταν
1634 1831 1690 1883 δὲ
1724 1830 1783 1883 τὸ
1807 1831 1969 1901 ὑγρὸν

2073 643 2274 706 lsraeli,
2308 640 2373 695 Et
2431 641 2547 706 erit,
2595 639 2786 708 inquit,
2830 637 2923 690 tibi
2969 635 3150 690 cretum
3190 636 3328 705 quod
3364 651 3517 703 super
3559 652 3643 688 ca-

2071 745 2160 804 put
2193 745 2268 790 est
2293 775 2308 799 ,
2338 749 2536 788 teneam
2570 734 2636 787 δ’.
2670 732 2806 798 Quid
2855 731 2938 785 his
2986 729 3160 783 verbis
3203 727 3442 782 indicare
3483 725 3642 779 vult?

2074 824 2449 882 Omnimodam
2495 822 2824 884 siccitatem,
2855 827 2910 872 et
2958 831 3218 887 aquarum
3251 815 3520 868 aeriarum
3551 813 3643 868 de-

2075 917 2321 980 fectum,
2363 916 2556 984 quibus
2622 913 2797 967 telluri
2864 910 3116 964 fertilitas
3181 907 3450 962 fructuum
3511 920 3643 960 con-

2074 1011 2264 1064 fertur.
2318 1008 2451 1062 Cum
2481 1008 2644 1076 igitur
2689 1005 2886 1060 deferri
2915 1003 2981 1056 de
3007 1001 3148 1056 caelo
3179 1014 3352 1054 rorem
3390 1008 3483 1051 aut
3526 997 3641 1066 plu-

2077 1101 2214 1154 viam
2239 1101 2388 1163 dicit,
2423 1110 2533 1153 tum
2560 1112 2730 1168 aquas
2759 1112 2852 1151 eas
2884 1110 3004 1165 qua;
3029 1107 3314 1162 supernam
3369 1091 3639 1160 regionem

2074 1208 2338 1261 occupare
2375 1192 2542 1260 jussae
2594 1200 2743 1254 sunt,
2796 1186 3160 1257 intelligimus.
3211 1183 3461 1237 Collectis
3492 1180 3638 1236 enim

2075 1287 2127 1340 in
2186 1285 2398 1340 sublimi
2437 1284 2741 1352 vaporibus,
2775 1293 2829 1337 et
2863 1294 2986 1336 aere
3033 1295 3128 1349 per
3165 1286 3442 1332 ventorum
3488 1289 3636 1329 com-

2075 1377 2407 1447 pressionem
2472 1377 2837 1438 condensato,
2898 1372 2987 1426 ubi
3056 1370 3435 1434 humiditates,
3492 1368 3640 1436 prius

2075 1468 2130 1522 in
2193 1467 2410 1520 modum
2475 1465 2689 1535 vaporis
2749 1464 3090 1531 tenuiterque
3154 1460 3279 1514 nubi
3351 1460 3640 1527 inspersa,

2075 1561 2215 1616 inter
2244 1575 2302 1615 se
2355 1568 2538 1613 mutuo
2569 1558 2922 1619 cohaeserunt,
2960 1565 3084 1608 tunc
3127 1553 3415 1621 gignuntur
3455 1560 3638 1620 guttae,

2075 1652 2141 1706 ad
2179 1652 2284 1704 ima
2310 1649 2992 1706 coneretornmbumorum
3021 1647 3258 1715 pondere
3290 1646 3600 1700 decidentes
3625 1660 3640 1707 ;

2076 1751 2235 1810 atque
2262 1741 2346 1795 hic
2381 1749 2464 1794 est
2491 1739 2680 1809 pluviae
2706 1747 2876 1792 ortus.
2901 1737 3030 1791 Cum
3063 1751 3188 1791 vero
3224 1737 3415 1791 humor
3442 1737 3492 1790 vi
3516 1751 3644 1790 vcn-

2078 1843 2252 1889 torum
2291 1833 2574 1898 dissectus,
2608 1832 2660 1884 in
2695 1843 2936 1897 spumam
2973 1828 3216 1883 redactus
3263 1838 3367 1892 est,
3415 1843 3644 1900 cumque

402 1922 720 1994 ἐξαφρισθῇ,
771 1926 890 1985 ταῖς
947 1921 1086 1991 βίαις
1117 1921 1223 1973 τῶν
1273 1921 1488 1990 ἀνέμων
1529 1923 1818 1984 ἀνακοπέν,
1863 1918 1975 1974 εἶτα

2083 1925 2333 1993 deinceps
2366 1936 2572 1978 summe
2617 1921 2990 1990 refrigescens,
3027 1927 3167 1971 totus
3194 1919 3412 1972 omnino
3451 1933 3645 1989 conge-

405 2017 481 2078 είς
511 2017 676 2086 ἀκρον
712 2013 1075 2084 καταψυχθὲν,
1117 2013 1234 2065 ὅλον
1273 2013 1443 2065 διόλου
1493 2016 1661 2083 παγῇ,
1709 2012 1976 2085 θραυομέ-

407 2126 500 2161 νου
529 2107 622 2160 τοῦ
653 2106 864 2176 νέφους,
896 2105 1084 2176 ήχιὼν
1106 2106 1486 2178 καταφέρεται.
1515 2107 1622 2157 Καὶ
1643 2104 1798 2167 ὅλως,
1835 2101 1977 2156 κατά

407 2201 498 2255 τὸν
532 2201 691 2256 αὑτὸν
731 2200 906 2268 λόγον,
947 2199 1121 2264 ἒξεστί
1163 2217 1242 2252 σοι
1292 2201 1422 2270 όρᾷν
1463 2200 1640 2251 πᾶσαν
1680 2197 1772 2250 τοῦ
1809 2198 1976 2267 ὑγροῦ

407 2293 504 2364 τὴν
534 2292 692 2362 φύσιν
721 2293 843 2363 περὶ
879 2293 966 2345 τὸν
1000 2292 1138 2360 ὑπὲρ
1189 2292 1424 2362 κεφαλῆς
1454 2291 1612 2361 ἡμῶν
1659 2290 1796 2360 ἀέρα
1850 2307 1974 2342 συν-

410 2385 723 2456 ισταμένην.
765 2384 873 2438 Καὶ
915 2384 1098 2455 μηδεὶς
1124 2387 1187 2454 τῇ
1213 2385 1497 2455 περιεργίᾳ
1529 2383 1634 2435 τῶν
1663 2385 1790 2454 περ).
1818 2382 1978 2453 οὑρα-

405 2476 496 2530 νοῦ
527 2477 996 2546 φιλοσοφησάντων
1034 2476 1092 2528 τὸ
1127 2475 1324 2528 ἁπλοῦν
1354 2477 1447 2529 κα).
1469 2475 1837 2528 ἀκατάσκευον
1869 2472 1976 2526 τῶν

408 2568 788 2638 πνευματικῶν
818 2567 990 2637 λόγων
1045 2567 1451 2638 παραϐαλλέτω.
1503 2568 1651 2636 Ὅσῳ
1679 2566 1786 2636 γάρ
1832 2565 1977 2617 τὸέν

405 2663 524 2723 ταῖς
557 2661 797 2732 σώφροσι
830 2660 937 2730 (40)
968 2662 1160 2724 κάλλος
1199 2661 1292 2714 τοῦ
1344 2657 1619 2731 ἑταιρικοῦ
1658 2656 1980 2728 προτιμότε-

412 2771 523 2825 ρον,
564 2753 814 2806 τοσοῦτον
847 2754 940 2806 καὶ
977 2754 1083 2805 τῶν
1130 2752 1412 2823 ἡμετέρων
1465 2751 1637 2818 λόγων
1680 2749 1813 2820 πρὸς
1852 2749 1975 2812 τοὺς

407 2842 604 2906 ἔξωθεν
636 2844 697 2895 τὸ
734 2843 1003 2914 διάφορον.
1053 2845 1113 2896 Οἱ
1166 2843 1262 2913 μὲν
1300 2841 1408 2912 γὰρ
1458 2838 1978 2911 κατηναγκασμένον

406 2938 468 2992 τὸ
491 2937 712 2990 πιθανὸν
751 2941 860 3001 τοῖς
892 2939 1068 3007 λόγοις
1103 2939 1396 3006 ἐπάγουσιν
1417 2954 1428 2965 '
1454 2935 1684 2988 ἐνταῦθα
1714 2935 1770 2988 δὲ
1796 2934 1978 3004 γυμνὴ

407 3031 794 3102 τεχνασμάτων
837 3033 869 3100 ἡ
901 3031 1124 3101 ἀλήθεια
1156 3030 1457 3101 πρόκειται.
1513 3029 1621 3081 Καὶ
1647 3028 1698 3078 τί
1729 3027 1808 3080 δεῖ
1839 3028 1980 3096 πρά-

407 3139 593 3193 γματα
628 3121 770 3192 ἔχειν
805 3123 948 3191 ἡμᾶς
972 3121 1030 3173 τὸ
1061 3120 1252 3189 ψευδὲς
1278 3119 1456 3172 αὑτῶν
1477 3117 1870 3186 διελέγχοντας,
1897 3111 1978 3180 οἷς

408 3213 629 3284 ἐξαρκεῖ
648 3213 744 3276 τὰς
765 3212 943 3266 αὐτῶν
979 3213 1199 3266 ἐκείνων
1231 3211 1440 3281 βίϐλους
1466 3210 1717 3280 ἀλλήλαις
1752 3211 1977 3264 ἀντιπα-

411 3306 671 3378 ραθέντας
707 3307 762 3357 ἐν
782 3304 978 3375 ἡσυχία
1006 3303 1168 3374 πολλῇ
1195 3302 1390 3366 θεατὰς
1417 3302 1595 3356 αὑτῶν
1616 3300 1707 3353 τοῦ
1740 3300 1976 3370 πολέμου

408 3395 679 3466 καθῆσθαι
711 3395 857 3464 (ll);
910 3393 1048 3447 υὺτε
1106 3394 1213 3466 γὰρ
1269 3393 1486 3465 ἀριθμῷ
1538 3394 1811 3456 ἐλάττους.
1853 3391 1977 3447 οὔτε

412 3488 680 3560 ἀξιώματι
721 3488 1016 3557 ὑφειμένοι,
1053 3485 1364 3559 πολυφωνίᾳ
1417 3487 1473 3540 δὲ
1513 3488 1607 3539 κα).
1641 3487 1792 3558 παρὰ
1843 3485 1976 3546 πολὺ

407 3581 751 3652 διαφέροντες
783 3579 920 3651 πρὸς
959 3580 1046 3632 τὸν
1092 3579 1326 3633 ἐναντίον
1371 3580 1549 3642 αὑτοῖς
1577 3579 1980 3632 ἀντικαθίσταν-

409 3688 498 3724 ται
526 3671 700 3739 λόγον,
729 3671 778 3722 οἱ
813 3670 872 3722 τὸ
904 3671 1008 3722 πᾶν
1040 3668 1405 3739 ἐκπυροῦσθαι
1428 3669 1695 3737 λέγοντες,
1727 3670 1821 3722 καὶ
1846 3669 1978 3722 ἀνα-

408 3760 732 3814 ϐιώσκεσθαι
761 3760 922 3814 πάλιν
974 3762 1037 3812 ἐκ
1068 3759 1176 3822 τῶν
1228 3759 1611 3830 σπερματικῶν
1644 3759 1815 3828 λόγων
1872 3759 1980 3813 τῶν

409 3851 847 3922 ἐναπομενόντων
869 3853 979 3915 τοῖς
1002 3844 1395 3921 ἐκπυρωθεῖσιν
1415 3867 1427 3879 ο
1461 3849 1580 3903 ὅθεν
1611 3851 1702 3902 καὶ
1725 3848 1980 3918 ἀπείρους

409 3945 614 4015 φθορὰς
643 3944 847 4013 κόσμου
876 3944 970 3995 καὶ
1012 3942 1428 4011 παλιγγενεσίας
1465 3943 1793 4009 εἰσάγουσιν.
1842 3939 1980 3992 Ἀλλ’

410 4037 606 4089 ἐκεῖνοι
631 4035 750 4105 μὲν,
782 4036 863 4106 ἐφ’
887 4034 1120 4104 ἐκάτερα
1137 4033 1236 4102 τῆς
1268 4033 1522 4103 ἀληθείας
1543 4034 1979 4104 ἀποσχιζόμενοι,

411 4128 562 4181 ἐνθεν
596 4129 688 4182 καὶ
728 4127 878 4180 ἐνθεν
909 4127 1007 4190 τὰς
1051 4128 1144 4180 ἐπ).
1168 4126 1264 4198 τὴν
1307 4126 1515 4197 πλάνην
1549 4129 1758 4190 ἑαυτοῖς
1789 4129 1981 4198 ἐκτρο-

413 4220 521 4284 πάς
550 4219 973 4292 ἐξευρίσκουσιν.

481 4312 534 4365 9.
573 4312 733 4380 Ἡμῖν
777 4309 886 4380 (42)
920 4309 977 4362 δὲ
1019 4309 1111 4362 καὶ
1145 4309 1278 4381 πρὸς
1306 4311 1430 4372 τοὺς
1475 4310 1582 4363 ἀπὸ
1620 4311 1717 4380 τῆς
1759 4311 1982 4381 Ἐκκλη-

415 4407 534 4470 aia;
558 4404 671 4458 ἐστί
710 4421 792 4467 τις
825 4402 978 4471 λόγος
1016 4403 1142 4474 περὶ
1173 4402 1281 4455 τῶν
1322 4401 1706 4473 διακριθέντων
1753 4402 1980 4466 ὑδάτων,

411 4499 461 4552 οἳ
505 4496 770 4568 προφάσει
815 4495 1129 4565 ἀναγωγῆς,
1175 4495 1268 4548 καὶ
1306 4495 1590 4566 νοημάτων
1616 4493 1978 4566 ὑψηλοτέρων,

2079 2018 2220 2073 latus
2244 2026 2344 2080 est,
2382 2026 2494 2069 tum
2524 2015 2692 2069 fracta
2715 2016 2856 2069 nube
2890 2015 2980 2068 nix
3003 2013 3285 2067 delabitur.
3317 2013 3462 2068 Etiu
3493 2028 3642 2068 sum-

2078 2123 2186 2172 ma,
2215 2108 2284 2164 ob
2310 2109 2551 2163 eamdem
2583 2109 2844 2161 rationem
2877 2105 3000 2159 licet
3029 2105 3122 2158 tibi
3161 2119 3371 2158 omnem
3404 2103 3646 2159 humoris

2079 2210 2324 2256 naturam
2350 2201 2553 2256 circum
2583 2215 2764 2254 aerem
2810 2198 2970 2267 capiti
3019 2208 3204 2253 nostro
3249 2207 3642 2266 superstantem

2077 2309 2318 2349 cernere.
2350 2292 2518 2347 Nemo
2546 2299 2722 2346 autem
2759 2290 3114 2360 spiritualium
3153 2305 3463 2344 sermonum
3510 2290 3642 2345 sim-

2077 2389 2366 2457 plicitatem
2398 2402 2463 2441 ac
2495 2386 2747 2440 incultum
2769 2401 2890 2440 cum
2918 2385 3227 2439 curiositate
3260 2400 3446 2439 eorum
3469 2385 3558 2454 qui
3581 2385 3646 2440 de

2078 2479 2212 2536 ccelo
2245 2479 2597 2550 philosophati
2628 2488 2774 2543 sunt,
2810 2486 3106 2546 comparet.
3139 2477 3348 2542 Quanto
3380 2475 3521 2531 enim
3553 2492 3647 2532 ea-

2079 2583 2282 2628 starum
2311 2571 2650 2641 pulchritudo
2669 2571 2972 2626 meretricia
3000 2571 3355 2640 praestabilior
3375 2581 3480 2636 est,
3497 2581 3645 2624 tanto

2079 2682 2356 2724 sermones
2386 2666 2551 2721 nostri
2586 2665 2822 2719 externis
2855 2673 3127 2734 praestant.
3159 2664 3222 2717 Hi
3265 2679 3495 2733 namque
3518 2678 3642 2733 pro-

2081 2759 2412 2814 babilitatem
2437 2763 2488 2812 vi
2521 2766 2787 2811 extortam
2832 2758 2944 2811 suis
2989 2756 3269 2810 sententiis
3310 2754 3597 2807 conciliant
3626 2772 3640 2808 :

2082 2851 2168 2905 hic
2191 2865 2317 2905 vero
2347 2851 2484 2903 nuda
2519 2849 2621 2918 3-1
2655 2858 2709 2902 et
2751 2849 2818 2903 ab
2866 2848 3110 2903 artiﬁciis
3138 2862 3301 2900 vacua
3330 2847 3647 2916 proponitur

2081 2940 2301 2994 veritas.
2344 2939 2450 2992 Sed
2487 2939 2611 3008 quid
2656 2953 2789 3004 opus
2821 2947 2904 2991 est
2938 2952 3034 2990 nos
3075 2936 3126 2988 in
3177 2935 3473 2990 mendaciis
3505 2936 3646 3003 ipso-

2082 3049 2197 3087 rum
2233 3031 2577 3087 coniutandis
2624 3021 2857 3101 fatigari,
2893 3029 3084 3098 quibus
3131 3028 3265 3082 satis
3299 3027 3476 3092 fuerit,
3506 3026 3551 3081 si
3582 3027 3647 3080 li-

2080 3123 2190 3178 bris
2227 3124 2461 3190 ipsorum
2491 3123 2631 3175 inter
2659 3136 2717 3176 se
2749 3119 2979 3182 collatis,
3011 3118 3134 3174 belli
3160 3119 3394 3187 ipsorum
3433 3127 3645 3187 specta-

2082 3224 2223 3268 tores
2247 3215 2299 3267 in
2335 3193 2544 3266 summo
2572 3212 2681 3267 otio
2721 3209 3188 3265 sedeamus?Nam
3227 3224 3397 3278 neque
3426 3223 3648 3262 numero

2083 3307 2358 3376 pauciores
2390 3319 2563 3374 neque
2597 3304 2854 3373 dignitate
2883 3301 3186 3364 inferiores,
3207 3303 3300 3356 sed
3325 3300 3648 3368 loquacitate

2080 3399 2240 3454 etiam
2277 3399 2430 3469 longe
2479 3406 2796 3468 praestantes
2828 3395 3113 3450 contraria:
3145 3395 3244 3448 sibi
3292 3393 3534 3462 opinioni
3563 3408 3648 3446 re-

2080 3491 2378 3560 fragantur,
2419 3489 2455 3543 ii
2489 3490 2578 3558 qui
2614 3488 2918 3542 universum
2964 3486 3114 3540 aiunt
3148 3485 3413 3548 comburi,
3446 3499 3506 3539 ac
3549 3485 3648 3538 ite-

2081 3599 2196 3637 rum
2237 3597 2303 3638 εκ
2346 3581 2694 3636 seminalibus
2735 3578 3052 3646 quibusdam
3095 3576 3392 3630 rationibus
3435 3592 3553 3645 qua:
3595 3576 3646 3629 in

2082 3671 2242 3726 rebus
2292 3670 2497 3725 exustis
2537 3676 2837 3731 remanent,
2887 3667 3228 3720 reviviscere.
3282 3663 3436 3720 Unde
3483 3667 3646 3719 etiam

2083 3763 2316 3817 inlinit-as
2343 3762 2534 3815 mundi
2579 3760 2950 3830 corruptiones
2999 3769 3054 3813 et
3096 3759 3525 3828 regenerationes
3569 3758 3649 3810 in-

2080 3857 2298 3910 ducunt.
2340 3853 2532 3908 Verum
2576 3853 2647 3907 illi
2689 3853 2902 3922 quidem
2949 3851 3198 3918 utrinque
3230 3866 3257 3903 a
3287 3852 3512 3904 veritate
3541 3851 3648 3903 dis-

2081 3947 2192 4011 siti,
2223 3949 2347 4002 hinc
2369 3955 2422 4001 et
2461 3947 2582 4000 inde
2627 3948 2691 4000 ad
2725 3960 2963 4002 errorem
3006 3944 3105 3999 sibi
3159 3943 3292 4014 ipsis
3329 3940 3648 3997 diverticula

2083 4041 2368 4094 inveniunt.

2153 4313 2205 4368 9.
2231 4312 2533 4379 Quinetiam
2572 4313 2765 4381 aliquis
2802 4312 2953 4367 nobis
2978 4312 3236 4367 adversus
3257 4311 3650 4367 ecclesiasticos

2083 4407 2342 4474 quosdam
2372 4405 2665 4474 scriptores
2705 4407 2772 4460 de
2793 4405 3046 4458 discretis
3083 4405 3236 4472 aquis
3266 4404 3543 4458 habendus
3568 4413 3651 4457 est

2083 4512 2261 4550 sermo
2296 4513 2309 4547 :
2348 4496 2438 4566 qui
2499 4512 2768 4567 anagoges
2803 4505 2857 4551 et
2897 4497 3228 4553 sublimioris
3287 4495 3652 4564 intelligentia:

413 4590 492 4648 είς
535 4584 862 4655 ἀλληγορίας
896 4584 1220 4655 κατέφυγον,
1263 4584 1516 4654 δυνάμεις
1543 4583 1788 4653 λέγοντες
1823 4603 1975 4638 πνευ-

2088 4588 2304 4644 nomine
2330 4588 2684 4660 confugerunt
2713 4590 2779 4644 ad
2806 4590 3110 4660 allegorias,
3133 4590 3267 4644 adeo
3298 4599 3354 4642 ut
3383 4588 3652 4657 spiritales

416 4677 648 4750 ματικάς
674 4678 765 4730 καὶ
805 4676 1124 4747 ἀσωμάτους
1147 4677 1422 4748 τροπικῶς
1443 4679 1506 4728 ἐκ
1529 4676 1636 4729 τῶν
1658 4676 1863 4733 ὑδάτων
1889 4695 1985 4748 ση-

417 4768 722 4840 μαίνεσθαι·
749 4767 968 4822 καὶάνω
987 4769 1084 4838 μὲν
1113 4769 1204 4821 ἐπὶ
1230 4767 1323 4820 τοῦ
1350 4766 1720 4838 στερεώματος
1749 4787 1986 4840 μεμενη-

413 4860 565 4913 κέναι
602 4858 700 4922 τάς
747 4859 1076 4930 κρείττονας,
1123 4859 1270 4912 κάτω
1310 4858 1366 4912 δὲ
1425 4862 1533 4922 τοῖς
1572 4862 1861 4932 περιγείοις
1893 4865 1985 4916 καὶ

416 4950 618 5012 ὑλικοῖς
643 4947 828 5011 τόποις
864 4952 1291 5021 προσαπομεῖναι
1319 4949 1428 5018 (ιδ)
1463 4950 1559 5012 τὰς
1589 4951 1848 5022 πονηράς.
1887 4951 1983 5004 Διά

413 5041 570 5094 τοῦτο
596 5040 679 5112 δὴ,
709 5041 861 5109 φασὶ,
921 5040 1013 5094 καὶ
1050 5039 1114 5093 τὰ
1153 5040 1336 5093 ἐπάνω
1378 5039 1486 5094 τῶν
1534 5041 1779 5112 οὐρανῶν
1810 5042 1979 5097 ὕδατα

411 5132 582 5185 αίνεῖν
631 5131 721 5182 τὸν
779 5129 941 5182 Θεόν·
994 5129 1256 5192 τουτέστι,
1312 5130 1410 5193 τὰς
1469 5130 1676 5199 ἀγαθὰς
1725 5133 1982 5204 δυνάμεις

425 5222 580 5288 ἀξίας
604 5223 766 5286 οὔσας
796 5222 882 5276 διὰ
908 5222 1251 5295 καθαρότητα
1279 5223 1369 5276 τοῦ
1394 5226 1714 5296 ἡγεμονικοῦ
1746 5227 1835 5279 τὸν
1860 5229 1987 5300 πρέ-

493 5363 536 5394 ⁸²
559 5363 709 5416 Deut.
736 5377 900 5426 xxvii,
937 5362 1024 5416 25.

491 5492 599 5565 (59)
629 5495 703 5547 Ita
730 5496 856 5548 editi
889 5513 1008 5550 cum
1037 5498 1167 5566 Reg.
1203 5499 1361 5552 tertio
1386 5507 1438 5552 et
1476 5515 1597 5552 cum
1627 5499 1789 5555 Coisl.
1843 5513 1989 5556 vetu-

416 5565 600 5620 stiore.
633 5566 762 5633 Reg.
796 5577 978 5641 sextus
1001 5568 1318 5641 :tf)_:lopai1).
1353 5571 1380 5622 ὁ
1421 5570 1622 5641 Ἱερεμ.
1647 5570 1822 5625 ἕσται.
1881 5574 1986 5628 Alii

418 5645 815 5711 quatuor‘mss.
850 5639 1328 5711 habent'lapspia
1365 5656 1460 5707 pro
1502 5639 1741 5711 Ἰσραήλ.

488 5705 601 5786 (ιο)
632 5705 770 5786 Ειιίιί
824 5719 877 5760 ει
931 5707 1093 5786 (loisl.
1148 5705 1409 5786 vetiisjioi'
1445 5711 1502 5761 ἐν
1553 5705 1686 5786 ταῖς
1718 5712 1981 5784 σώφροσι.

418 5773 520 5827 Alii
560 5773 768 5859 ,Séptein'
817 5795 944 5833 mss.
987 5780 1043 5830 ἐν
1087 5781 1198 5843 τοῖς
1249 5777 1505 5850 σώφροσι·
1562 5773 1679 5838 Μώί
1715 5773 1980 5840 dmi-"155'

417 5861 654 5915 τοσουτῳ
681 5862 789 5900 και.

2088 4691 2142 4735 ει
2187 4681 2530 4750 incorporeas
2567 4684 2793 4738 virtutes
2843 4695 3090 4738 asseram
3138 4698 3232 4752 per
3261 4698 3428 4751 aquas
3452 4683 3652 4750 tropice

2086 4769 2375 4840 significari
2405 4788 2420 4827 :
2451 4781 2505 4826 et
2551 4787 2764 4827 sursum
2799 4773 3015 4840 quidem
3047 4756 3205 4841 supra
3256 4771 3652 4825 ﬁrmamentum

2087 4864 2350 4918 mansisse
2380 4865 2816 4934 przestabiliores,
2848 4865 3099 4919 deorsum
3122 4879 3250 4918 vero
3296 4865 3347 4917 in
3391 4863 3652 4919 terrestri-

2088 4958 2185 5010 bus
2213 4957 2516 5023 crassisque
2546 4957 2678 5010 locis
2711 4955 2972 5026 malignas
3005 4956 3327 5010 subsedisse.
3363 4953 3651 5024 Propterea

2088 5048 2460 5104 dicunteteas
2489 5065 2652 5118 aquas
2681 5064 2799 5119 qua:
2850 5065 3012 5119 supra
3062 5049 3226 5103 caelos
3276 5049 3463 5104 locata:
3507 5056 3652 5110 sunt,

2091 5141 2255 5196 Deum
2285 5141 2518 5207 laudare,
2554 5146 2655 5198 hoc
2690 5153 2794 5208 est,
2824 5145 2990 5197 bonas
3017 5153 3329 5212 potestates,
3357 5143 3427 5197 ob
3461 5141 3652 5196 mentis

2091 5235 2404 5290 munditiam
2436 5236 2644 5305 dignas,
2676 5252 2793 5305 quae
2813 5237 3222 5290 convenientem
3246 5234 3520 5290 Conditori
3545 5232 3650 5285 lau-

2163 5505 2272 5575 (Η)
2303 5506 2434 5574 Reg.
2477 5517 2662 5559 sextus
2689 5504 2927 5574 πολέμου
2955 5502 3334 5557 καθίστασθαι.

2161 5571 2274 5646 (42)
2323 5571 2406 5630 111⁷
2431 5579 2682 5630 conl'esso
2719 5585 2804 5629 est
2827 5571 3211 5646 'apnd_omnes
3248 5583 3356 5646 tum
3406 5571 3652 5646 antiquos

2093 5640 2201 5699 tnui
2237 5640 2568 5754 recentiores
2600 5646 2687 5701 hic
2717 5640 2935 5713 coargui
2981 5644 3294 5713 Origenem.
3328 5640 3468 5713 Lege
3493 5640 3652 5696 Praef.

2093 5733 2217 5754 num
2266 5719 2335 5754 υῗι

2169 5733 2239 5768 m.
2266 5726 2352 5768 ‘25.

2090 5733 2239 5770 num.
2266 5733 2352 5768 κη.

2161 5787 2269 5859 (45)
2310 5787 2440 5858 Reg.
2473 5797 2659 5842 Sextus
2687 5787 3140 5856 κροσαναμεῖναι.
