4082 6398
459 395 530 452 15
1787 395 1842 449 S.
1887 395 2129 451 BASlLll
2171 397 2386 454 MAGNI
3625 403 3691 458 76

455 514 576 568 dem
603 513 882 568 exsolvant
911 529 924 565 :
967 527 1134 580 aquas
1161 525 1289 566 vero
1325 512 1464 566 infra
1496 512 1661 566 caelos
1687 515 2017 569 constitutas.

2137 533 2306 570 ποντα
2333 512 2479 569 αἶνον
2506 517 2615 587 (Μ)
2641 517 2942 571 ἀποδιδόναι
2971 518 3046 588 τῷ
3073 518 3312 572 κτίσαντι
3337 535 3350 549 ·
3385 518 3452 573 τά
3476 519 3532 572 δὲ
3565 521 3690 574 ὑπο·

455 605 722 676 spiritales
767 603 1123 674 malignitates
1171 619 1308 668 esse,
1339 621 1366 657 a
1417 605 1646 659 naturali
1697 607 2025 662 sublimitate

455 698 520 750 ad
558 697 720 748 imam
765 696 1056 765 nequitiam
1097 695 1342 764 delapsas
1376 715 1389 749 :
1421 712 1576 766 quas,
1609 705 1790 766 utpote
1840 698 2024 752 turbu-

455 784 626 838 lentas
691 784 1078 852 seditiosasque
1123 794 1176 839 et
1227 783 1512 839 affectuum
1569 786 1881 840 tumultibus
1928 803 2023 842 ex—

453 885 763 939 aestuantes,
798 879 989 929 docent
1020 877 1184 930 maris
1228 877 1444 930 nomine
1483 876 1648 931 fuisse
1681 887 1917 945 vocatas,
1952 881 2022 935 ob

453 976 693 1020 momum
727 981 757 1019 a
786 967 1070 1021 'voluntate
1117 966 1572 1037 proﬁciscentium
1618 970 2020 1025 instabilitatem

453 1064 615 1123 atque
668 1056 1108 1110 inconstantiam.
1153 1055 1278 1110 Tale
1341 1071 1500 1126 porro
1540 1071 1815 1111 sermones
1860 1057 2020 1112 veluti

454 1145 783 1199 somniorum
823 1145 1293 1214 interpretationes
1323 1156 1378 1200 et
1422 1147 1591 1202 aniles
1634 1145 1844 1201 fabulas
1891 1147 2020 1217 reji-

454 1237 677 1299 cientes,
711 1251 906 1305 aquam
939 1252 1130 1305 aquam
1178 1239 1557 1310 intelligamus,
1587 1248 1638 1294 et
1664 1239 2017 1295 secretionem

453 1343 482 1380 a
515 1327 851 1382 ﬁrmamento
898 1327 1096 1382 factam
1142 1329 1302 1396 juxta
1336 1330 1548 1384 allatam
1585 1332 1844 1386 rationem
1873 1332 2016 1385 acci-

453 1421 678 1489 piamus.
709 1419 903 1475 Verum
947 1424 1158 1477 etiamsi
1200 1437 1351 1490 aqum
1385 1422 1488 1477 illa:
1516 1437 1674 1492 Supra
1697 1424 1860 1478 caelos
1891 1439 2019 1478 con-

2128 609 2276 661 κάτω
2314 608 2419 660 τῶν
2453 609 2694 679 οὐρανῶν
2733 609 2895 662 ὕδατα
2936 610 3004 663 τά
3048 611 3387 680 πνευματικά
3421 607 3560 664 εἶναι
3592 614 3689 682 τῆς

2125 699 2408 769 πονηρίας,
2451 700 2559 752 ἀπὸ
2585 700 2676 752 τοῦ
2710 701 2848 754 κατὰ
2878 701 3035 769 φύσιν
3075 700 3238 770 ὕψους
3267 703 3346 763 εἰς
3372 702 3432 754 τὸ
3458 703 3558 773 τῆς
3588 721 3689 757 κα.-

2123 787 2245 850 κίας
2293 786 2449 856 βάθος
2494 791 2901 842 καταπεσόντα·
2937 790 3096 860 ἅπερ,
3139 791 3214 854 ὡς
3240 789 3521 862 ταραχώδη
3561 792 3689 845 ὄντα

2127 879 2221 931 καὶ
2249 880 2626 946 στασιαστικά,
2655 882 2880 944 καὶτοῖς
2898 880 3142 951 θορύϐοις
3157 881 3263 935 τῶν
3290 881 3474 934 παθῶν
3497 899 3689 953 κυμαι-

2122 969 2338 1038 νόμενα,
2377 968 2648 1024 θάλασσαν
2687 971 2999 1042 ὠνομάσθαι
3053 971 3142 1024 διὰ
3186 972 3245 1025 τὸ
3287 973 3684 1043 εὐμετάϐλητον

2122 1060 2214 1113 καὶ
2244 1061 2473 1114 ἄστατον
2513 1062 2620 1114 τῶν
2660 1065 2799 1117 κατά
2839 1063 3153 1134 προαίρεσιν
3181 1065 3514 1134 κινημάτων.
3543 1066 3682 1130 Τοὺς

2119 1151 2182 1221 δὴ
2229 1151 2498 1214 τοιούτους
2539 1152 2729 1221 λόγους
2779 1152 2854 1217 ὡς
2898 1153 3187 1225 ὀνειράτων
3240 1155 3552 1224 συγκρίσεις
3592 1157 3685 1209 καὶ

2119 1240 2382 1312 γραώδεις
2410 1242 2609 1311 μύθους
2638 1242 3112 1314 ἀποπεμψάμενοι,
3142 1243 3199 1296 τὸ
3221 1243 3361 1315 ὕδωρ
3391 1244 3530 1318 ὓδωρ
3559 1247 3683 1316 νοή-

2121 1319 2322 1402 σωμεν,
2361 1334 2453 1385 καὶ
2485 1333 2582 1404 τὴν
2611 1335 2876 1405 διάκρισιν
2906 1335 3003 1407 τὴν
3038 1336 3140 1388 ὑπὸ
3180 1335 3272 1389 τοῦ
3309 1337 3683 1408 στερεὼματος

2116 1424 2409 1495 γενομένην
2425 1425 2564 1478 κατά
2584 1426 2682 1496 τὴν
2697 1425 3049 1480 ἀποδοθεῖσαν
3068 1427 3241 1481 αἰτίαν
3255 1426 3528 1498 δεξώμεθα
3546 1429 3678 1500 (45).

451 1513 650 1566 stitutze
708 1528 1090 1583 nonnunquam
1141 1516 1208 1567 ad
1263 1514 1632 1570 universorum
1679 1528 2016 1568 communem

2120 1515 2224 1567 Καὶ
2279 1515 2480 1586 μέντοι,
2552 1515 2654 1570 κᾶν
2709 1519 2788 1581 είς
2837 1517 3142 1586 δοξολογίαν
3192 1519 3321 1573 ποτὲ
3356 1520 3450 1572 τοῦ
3501 1520 3681 1574 κοινοῦ

449 1603 732 1659 Dominum
766 1605 1087 1660 laudandum
1123 1606 1516 1671 adhibeantur;
1545 1621 1647 1658 non
1699 1605 1902 1660 idcirco
1925 1620 2016 1660 eas

2120 1605 2222 1659 τῶν
2248 1607 2382 1661 ὅλων
2411 1609 2678 1662 Δεσπότου
2707 1610 2774 1663 τὰ
2800 1610 3052 1681 ὑπεράνω
3093 1611 3198 1665 τῶν
3231 1612 3469 1684 οὐρανῶν
3499 1631 3680 1686 παρα-

448 1705 696 1750 naturam
727 1695 1040 1751 rationaleni
1069 1710 1188 1751 esse
1226 1704 1494 1765 putamus.
1512 1695 1695 1765 Neque
1725 1697 1868 1750 enim
1901 1697 2016 1750 ani-

2120 1695 2453 1768 λαμϐάνηται
2500 1697 2687 1760 ὕδατα,
2733 1699 2793 1751 ού
2849 1699 3070 1771 λογικὴν
3125 1700 3260 1753 αὕτά
3316 1699 3475 1768 φύσιν
3531 1701 3682 1773 παρά

448 1789 578 1840 luati
636 1797 759 1842 sunt
797 1787 941 1852 coeli,
977 1803 1041 1844 eo
1085 1789 1226 1856 quod
1274 1787 1369 1841 Dei
1403 1798 1650 1842 enarram
1689 1787 1911 1858 gloriam
1927 1789 2010 1840 ⁸³ι

2120 1787 2267 1840 τοῦτο
2290 1788 2566 1858 τιθέμεθα.
2596 1788 2730 1842 Οὔτε
2756 1790 2864 1862 γὰρ
2897 1792 2946 1843 οἱ
2979 1792 3198 1861 οὐρανοὶ
3246 1791 3496 1864 ἐμψυχοι,
3533 1795 3680 1848 ἐπει-

449 1895 622 1947 neque
661 1880 1060 1934 ﬁrmamentum
1097 1881 1296 1934 animal
1323 1891 1407 1935 est
1439 1897 1596 1936 sensu
1625 1883 1923 1950 praeditum,
1949 1896 2013 1936 eo

2120 1874 2174 1946 δὴ
2224 1877 2566 1944 Διητοῦνται
2615 1879 2804 1942 δόξαν
2865 1881 3042 1934 Θεοῦ*
3103 1882 3224 1934 οὔτε
3278 1862 3339 1935 τὸ
3394 1862 3678 1956 στερέωμα

448 1972 588 2038 quod
621 1971 764 2038 Opus
793 1989 1041 2026 manuum
1084 1975 1247 2041 ipsius
1291 1976 1568 2028 annuntiat
1586 1974 1652 2026 ".
1685 1974 1749 2028 Et
1791 1975 1836 2028 si
1876 1973 2016 2028 dicat

2120 1967 2250 2031 ζῶόν
2277 1973 2421 2021 ἐστιν
2453 1969 2786 2041 αἰσθητικὸν,
2818 1973 3000 2042 ἐπειδὴ
3039 1973 3404 2042 Ἀναγτέλλει
3434 1977 3680 2042 ποίησιν

448 2065 570 2135 quis
596 2065 764 2120 caelos
788 2065 1000 2134 quidem
1032 2079 1151 2121 esse
1178 2066 1618 2136 contemplativas
1645 2067 1887 2130 virtutes,
1921 2066 2012 2120 tir-

2120 2059 2230 2112 τῶν
2266 2059 2476 2129 χειρῶν
2510 2060 2714 2116 αὐτοῦ.
2751 2061 2870 2115 Κᾶν
2891 2061 3022 2135 λέγῃ
3053 2079 3135 2126 τις
3169 2063 3427 2134 οὐρανοὺς
3468 2064 3566 2136 μὲν
3599 2061 3678 2118 εἴ·

448 2168 773 2210 mamentum
803 2172 930 2211 γεω
974 2167 1266 2226 potestates
1304 2169 1570 2222 30100538,
1604 2167 1658 2213 et
1685 2173 1870 2213 eorum
1899 2173 2015 2228 quae

2120 2168 2197 2204 ναι
2218 2151 2314 2215 τὰς
2340 2152 2674 2224 θεωρητικὰς
2714 2153 2987 2224 δυνάμεις,
3021 2153 3305 2227 στερέωμα
3332 2155 3388 2209 δὲ
3412 2155 3510 2218 τὰς
3540 2173 3679 2228 πρα-

449 2251 638 2302 decent
672 2248 1018 2304 eil‘ectrices:
1065 2251 1207 2304 hunc
1269 2265 1572 2304 sermonem
1629 2252 1842 2319 quidem
1899 2262 2016 2305 tan-

448 2354 604 2408 quam
630 2339 856 2393 solerter
880 2340 1166 2394 conﬁctum
1199 2340 1542 2407 suscipimus,
1563 2341 1658 2394 sed
1682 2356 1866 2393 verum
1896 2355 2016 2395 esse

449 2444 548 2482 non
577 2431 796 2484 omnino
829 2430 1197 2484 concedamus.
1225 2430 1313 2484 Sic
1337 2414 1479 2484 e'nim
1507 2440 1562 2484 et
1585 2446 1694 2494 ros,
1719 2441 1772 2485 et
1802 2432 2010 2499 pruina,

449 2532 500 2575 et
533 2522 723 2590 frigus,
749 2530 802 2574 et
832 2531 1021 2584 (estus,
1051 2535 1331 2592 pr0pterea
1377 2523 1518 2592 quod
1551 2523 1688 2592 apud
1740 2523 2012 2577 Danielem

449 2615 666 2670 laudare
707 2615 1084 2669 universorum
1130 2615 1389 2684 Opiﬁcem
1425 2615 1577 2684 jussa
1629 2617 1825 2679 sint",
1856 2625 2014 2670 erunt

448 2707 736 2774 spiritua-lis
767 2708 1006 2776 qumdam
1065 2717 1119 2761 et
1171 2709 1453 2764 invisibilis
1499 2719 1708 2763 natura.
1756 2708 1859 2763 Sed
1900 2710 2015 2764 haec

448 2796 695 2864 loquendi
746 2799 903 2859 ratio,
936 2798 981 2850 si
1016 2797 1068 2851 in
1122 2797 1227 2850 illis
1276 2796 1407 2851 locis
1449 2812 1476 2850 a
1510 2798 1790 2866 sagacibus
1858 2797 2014 2850 modo

448 2889 676 2956 spiritali
711 2889 1029 2958 accipiatur,
1061 2888 1336 2943 Creatoris
1363 2889 1727 2942 laudationem
1763 2887 2010 2956 complet.

449 2980 655 3034 Etenim
688 2997 794 3035 non
817 2980 987 3036 solum
1016 2996 1152 3052 aqua
1184 2997 1341 3052 supra
1359 2981 1524 3035 caelos
1553 2982 1778 3050 reposita
1803 2980 1871 3046 ⁸⁸,
1895 2992 2015 3033 tan-

449 3089 606 3142 quam
637 3088 754 3141 quae
797 3061 1077 3144 praecipuis
1127 3075 1425 3129 honoribus
1457 3072 1928 3144 ob‘przestantiam
1959 3070 2016 3124 in

2111 2245 2300 2307 κτικὰς
2338 2244 2430 2297 καὶ
2472 2245 2757 2313 ποιητικὰς
2797 2246 2904 2298 τῶν
2949 2245 3317 2317 καθηκόντων,
3357 2247 3432 2310 ὡς
3479 2266 3679 2320 κεκομ-

2109 2334 2378 2406 ψευμένον
2410 2335 2508 2407 μὲν
2541 2338 2631 2389 τὸν
2657 2336 2810 2405 λόγον
2841 2338 3229 2409 ἀποδεχόμεθα,
3264 2339 3437 2410 ἀληθῆ
3459 2340 3514 2393 δὲ
3541 2336 3676 2395 εἶναι

2112 2429 2170 2479 οὐ
2226 2427 2367 2481 πάνυ
2415 2446 2468 2481 τι
2493 2429 2753 2498 δώσομεν.
2797 2428 2951 2482 Οὕτω
2979 2429 3086 2501 γὰρ
3125 2430 3190 2483 ἂν
3221 2431 3313 2483 καὶ
3339 2430 3545 2500 δρόσος,
3585 2433 3679 2485 καὶ

2113 2519 2311 2590 πάχνη,
2349 2520 2439 2573 καὶ
2472 2521 2662 2590 ψῦχος,
2700 2522 2792 2574 καὶ
2831 2521 3036 2592 καῦμα,
3075 2521 3259 2593 ἐπειδὴ
3293 2523 3481 2592 ὑμνεῖν
3525 2506 3676 2592 παρὰ

2111 2611 2187 2682 τῷ
2213 2613 2406 2684 Δανιὴλ
2432 2613 2541 2682 (46)
2573 2614 2663 2666 τὸν
2695 2614 2802 2666 τῶν
2841 2614 2977 2666 ὅλων
3005 2615 3342 2686 Δημιουργὺν
3382 2615 3672 2686 ἐπετάχθη,

2111 2704 2272 2772 νοερά
2307 2721 2389 2766 τις
2427 2704 2576 2756 ἔσται
2616 2705 2707 2757 καὶ
2751 2704 2977 2776 ἀόρατος
3016 2705 3194 2772 φύσις.
3245 2705 3382 2758 Ἀλλ’
3415 2707 3442 2758 ὁ
3471 2707 3526 2759 ἐν
3556 2705 3677 2758 τού-

2109 2809 2224 2855 τοις
2255 2791 2429 2861 λόγος,
2463 2793 2612 2864 παρὰ
2657 2793 2764 2846 τῶν
2803 2793 2924 2846 νοῦν
2975 2795 3205 2864 ἐχόντων
3255 2794 3676 2867 τεθεωρημένως

2111 2884 2598 2956 ὲκλαμϐανόμενος,
2629 2886 3080 2956 συμπληρωτικός
3119 2887 3232 2939 ἐστι
3261 2886 3371 2957 (47)
3403 2888 3499 2958 τῆς
3527 2887 3676 2951 δοξο-

2111 2973 2297 3042 λογίας
2325 2973 2419 3026 τοῦ
2468 2974 2768 3038 κτίσαντος.
2818 2975 2893 3027 Οὐ
2939 2973 3100 3044 μόνον
3126 2973 3234 3044 γὰρ
3263 2972 3326 3028 τὸ
3365 2976 3548 3028 ἐπάνω
3570 2974 3676 3027 τῶν
3742 3017 3749 3030 .

2112 3066 2352 3137 οὐρανῶν
2375 3066 2538 3141 ὕδωρ,
2576 3068 2653 3131 ὡς
2686 3069 3093 3139 προηγούμενον
3117 3071 3234 3131 ταῖς
3257 3070 3444 3138 τιμαῖς
3473 3066 3559 3120 διὰ
3579 3066 3676 3137 τὴν

449 3180 504 3220 se
530 3181 598 3219 ex
622 3167 820 3220 virtute
867 3166 1187 3222 insidentem
1221 3168 1625 3232 condecoretur,
1657 3167 1764 3220 Deo
1802 3161 2011 3220 laudem

2120 3156 2170 3225 ἐξ
2198 3159 2396 3232 ἀρετῆς
2420 3159 2724 3232 προσοῦσαν
2753 3161 2900 3232 αὐτῷ
2936 3161 3205 3232 ὑπεροχὴν
3235 3159 3312 3231 τῷ
3341 3159 3457 3230 Θεῷ
3482 3159 3571 3213 τὸν
3595 3155 3680 3211 αἶ-

450 3258 704 3326 persolvit
738 3275 753 3310 :
785 3259 876 3313 sed
919 3257 1103 3318 etiam,
1139 3257 1377 3312 Laudate
1419 3276 1555 3322 eum,
1592 3258 1781 3326 inquit,
1809 3266 1856 3311 et
1899 3272 2014 3326 qua:

2120 3267 2204 3303 νον
2233 3250 2558 3323 ἀποπληροῖ,
2586 3252 2719 3316 ἀλλ’,
2757 3254 2977 3306 Αἰνεῖτε
3007 3253 3114 3324 γὰρ
3144 3253 3347 3316 αὑτὸν,
3383 3252 3534 3323 φησὶ,
3576 3250 3675 3304 καὶ

451 3364 514 3401 ex
539 3358 677 3401 terra
707 3350 852 3415 estis,
878 3349 1130 3403 dracones
1162 3359 1209 3403 et
1245 3367 1420 3403 omnes
1453 3350 1626 3420 abyssi
1647 3350 1712 3401 ⁵⁷.
1754 3348 1929 3414 Quare
1960 3356 2015 3401 et

2120 3342 2189 3396 τὰ
2236 3342 2304 3395 ἐκ
2332 3341 2441 3410 τῆς
2475 3342 2604 3412 γῆς,
2657 3343 2976 3412 δράκοντες
3022 3343 3119 3397 καὶ
3160 3343 3347 3400 πᾶσαι
3399 3343 3674 3398 ἄϐυσσοι.

450 3438 674 3508 abyssus
696 3454 854 3508 quam
886 3441 936 3493 in
968 3441 1199 3509 peiorem
1217 3440 1323 3510 32
1347 3450 1549 3510 partem
1570 3442 1602 3494 ii
1626 3440 1715 3509 qui
1749 3439 2016 3510 allegoriis

451 3539 694 3593 utuntur,
731 3529 1046 3599 rejecerant,
1074 3545 1138 3583 ne
1165 3530 1280 3599 ipsa
1301 3531 1513 3600 quidem
1539 3531 1867 3585 Psalmorum
1895 3545 2018 3585 can-

452 3625 554 3678 tori
586 3624 698 3678 visa
724 3634 804 3678 est
830 3623 1178 3693 aspernabilis
1201 3634 1254 3678 et
1284 3623 1604 3693 rejectanea,
1635 3639 1754 3677 cum
1787 3623 1839 3676 in
1869 3637 2016 3676 com-

451 3731 665 3770 munem
712 3717 881 3771 ascita
920 3716 987 3770 sit
1024 3718 1244 3771 chorum
1277 3725 1646 3770 creaturarum
1676 3730 1691 3766 :
1719 3716 1826 3770 imo
1853 3715 2013 3770 etiam

453 3809 544 3862 illa
577 3824 673 3877 pro
701 3809 868 3862 indito
913 3809 1014 3864 sibi
1051 3809 1209 3863 modo
1240 3807 1502 3864 concinne
1533 3808 1851 3878 hymnorum
1885 3822 2014 3862 can-

453 3908 565 3952 tum
599 3901 833 3968 impertit
863 3900 1161 3957 Couditori.

524 3989 611 4044 10.
650 3990 716 4044 Et
746 3993 873 4045 vidit
897 3992 1053 4057 Deus,
1081 3993 1203 4063 quia
1232 3993 1508 4063 pulchrum
1527 4004 1600 4049 est
1618 3995 1682 4048 ⁵³.
1712 3992 1890 4050 Oculis
1925 3993 2015 4049 Dei

451 4081 840 4150 jncunditatem
882 4099 966 4138 res
1010 4086 1076 4138 ab
1121 4086 1236 4154 ipso
1289 4085 1446 4142 factae
1497 4102 1835 4156 nequaquam
1885 4088 2014 4143 aﬂ‘e-

457 4187 618 4230 runt:
649 4192 821 4247 neque
865 4179 985 4233 talis
1031 4188 1110 4234 est
1147 4180 1286 4250 apud
1335 4181 1507 4250 ipsum
1554 4197 1732 4236 rerum
1770 4182 2018 4250 pulchra-

457 4281 576 4320 rum
617 4268 1025 4332 eommcndatio,
1061 4268 1234 4337 qualis
1293 4268 1433 4338 apud
1477 4282 1572 4323 nos
1607 4284 1625 4320 τί
1666 4268 1758 4323 sed
1810 4268 1863 4322 id
1905 4269 2017 4336 pul-

455 4360 646 4413 chrum
681 4371 792 4422 est,
823 4361 963 4428 quod
1007 4360 1074 4414 ad
1116 4362 1257 4414 ‘artis
1313 4361 1574 4415 rationem
1615 4360 1911 4428 perfectum
1965 4371 2018 4414 et

457 4453 757 4505 absolutmu
817 4460 931 4517 est,
991 4461 1152 4522 atque
1203 4452 1269 4505 ad
1317 4454 1440 4507 ﬁnis
1485 4453 1770 4507 utilitatem
1825 4455 2014 4508 tendit.

2121 3434 2279 3486 Ὥστε
2325 3435 2418 3487 καὶ
2445 3437 2478 3504 ὴ
2531 3434 2782 3499 ἄϐυσσος,
2811 3437 2878 3504 ἣν
2926 3437 3007 3499 είς
3045 3436 3142 3508 τὴν
3166 3435 3381 3507 χείρονα
3408 3439 3598 3506 μοῖραν
3628 3435 3678 3488 oi

2120 3523 2538 3596 ἀλληγοροῦντες
2601 3526 2931 3598 ἀπέρριψαν,
2996 3527 3117 3582 οὐδὲ
3188 3527 3324 3598 αὑτὴ
3375 3527 3677 3599 ἀπόϐλητος

2118 3617 2306 3689 ἐκρίθη
2330 3617 2407 3688 τῷ
2443 3617 2713 3690 ψαλμῳδῷ
2739 3619 2871 3689 (48),
2891 3621 2968 3683 είς
2985 3620 3083 3690 τὴν
3110 3620 3296 3690 κοινὴν
3326 3619 3424 3690 τῆς
3449 3620 3678 3684 κτίσεως

2119 3709 2470 3780 χοροστασίαν
2525 3711 2966 3782 παραληφθεῖσα·
3026 3711 3162 3764 ἀλλά
3214 3711 3306 3764 καὶ
3359 3709 3492 3781 αὐτὴ
3538 3710 3679 3763 κατά

2119 3802 2242 3864 τοὺς
2281 3802 2680 3874 ἐνυπάρχοντας
2724 3803 2858 3872 αὐτῇ
2894 3802 3082 3870 λόγους
3119 3800 3388 3874 ἁρμονίως
3433 3800 3678 3872 συμπλη-

2122 3896 2205 3963 ροῖ
2234 3892 2329 3965 τὴν
2355 3893 2622 3963 ὑμνῳδίαν
2651 3893 2730 3964 τῷ
2765 3898 2979 3965 ποιητῇ.

2193 3984 2278 4038 1θ.
2304 3985 2414 4038 Kal
2444 3981 2604 4039 εἶδεν
2661 3988 2693 4038 ὀ
2723 3985 2886 4051 Θεὸς,
2917 3985 3005 4039 ὅτι
3051 3986 3261 4040 καλόν.
3309 3985 3442 4056 Οὐχὶ
3483 3983 3681 4055 ὀφθαλ-

2124 4077 2243 4145 μοῖς
2266 4075 2400 4128 Θεοῦ
2435 4075 2619 4147 τέρψιν
2659 4077 2888 4147 παρέχει
2923 4077 2990 4130 τὰ
3031 4080 3157 4149 παρ’
3206 4076 3370 4130 αὐτοῦ
3400 4076 3678 4148 γινόμενα,

2120 4167 2238 4221 οὐδὲ
2267 4168 2486 4237 τοιαύτη
2531 4170 2656 4239 παρ’
2690 4170 2897 4239 αὑτῷή
2941 4169 3171 4239 ἀποδοχὴ
3212 4168 3318 4222 τῶν
3361 4168 3560 4232 καλῶν,
3597 4169 3681 4222 οἷα

2121 4259 2217 4316 καὶ
2248 4259 2376 4330 παρ’
2405 4262 2537 4330 ἡμῖν
2557 4277 2569 4288 ·
2610 4259 2742 4312 ἀλλὰ
2790 4261 2950 4313 καλὸν
2992 4246 3053 4313 τδ
3084 4261 3162 4331 τῷ
3199 4260 3340 4331 λόγῳ
3365 4261 3460 4331 τῆς
3491 4261 3682 4330 τέχνης

2123 4352 2458 4417 ὲκτελεσθὲν,
2517 4355 2610 4407 καὶ
2647 4355 2783 4425 πρὸς
2833 4354 2930 4425 τὴν
2985 4353 3078 4406 τοῦ
3125 4352 3311 4417 τέλους
3361 4353 3682 4424 εὐχρηστίαν

2124 4452 2409 4502 συντεῖνον.
2475 4449 2532 4502 Ὀ
2584 4449 2759 4502 τοίνυν
2809 4447 3011 4518 ἐναργῆ
3047 4447 3156 4518 (49)
3201 4447 3292 4500 τὸν
3335 4447 3532 4499 σκοπὸν
3577 4445 3682 4498 τῶν

457 4540 557 4603 Qui
613 4541 770 4611 igitur
809 4543 1147 4598 manifestum
1181 4559 1367 4599 eorum
1406 4558 1524 4612 qua:
1559 4545 1691 4598 ﬁunt
1727 4545 1884 4600 linem
1919 4547 2017 4601 sibi

2123 4539 2416 4611 γινομένων
2447 4540 2795 4612 προθέμενος,
2841 4540 2908 4592 τὰ
2940 4540 3077 4593 κατά
3125 4540 3286 4611 μέρος
3324 4540 3578 4609 γινόμενα
3609 4539 3682 4601 ὠς

457 4634 756 4699 proposuit,
809 4649 893 4689 res
942 4635 1179 4706 singulas
1236 4636 1315 4689 uti
1372 4638 1530 4691 tinem
1586 4637 1912 4704 complentes
1958 4639 2024 4691 ad

461 4726 597 4779 artis
636 4739 746 4779 sua:
774 4729 1010 4782 rationes
1045 4743 1461 4800 recognoscens,
1493 4729 1883 4798 comprobavit.
1934 4729 2026 4782 Et-

2130 4634 2560 4704 συμπληρωτικά
2611 4635 2704 4688 τοῦ
2765 4635 2949 4696 τέλους
3007 4636 3119 4695 τοῖς
3180 4636 3444 4701 τεχνικοῖς
3495 4629 3684 4684 ἑαυτοῦ

2128 4726 2297 4796 λόγοις
2325 4728 2560 4780 ἐπελθὼν
2593 4729 2704 4799 (50)
2743 4728 3056 4793 ἀπεδέξατο.
3091 4729 3242 4781 Ἐπεὶ
3280 4729 3370 4781 καὶ
3417 4729 3535 4797 χεὶρ
3563 4726 3684 4779 καθ’

458 4816 603 4870 enim
639 4818 683 4870 si
736 4833 926 4874 manus
954 4835 1217 4890 seorsum,
1252 4830 1346 4878 aut
1389 4823 1578 4877 oculus
1605 4822 1874 4891 privatim,
1933 4829 2017 4877 aut

2130 4821 2346 4892 ἑαυτὴν,
2394 4823 2488 4875 καὶ
2539 4822 2814 4895 ὀφθαλμὸς
2864 4821 2986 4892 ἰδίᾳ,
3023 4821 3117 4874 καὶ
3171 4819 3397 4873 ἕκαστον
3447 4820 3554 4870 τῶν
3591 4817 3682 4871 τοῦ

547 4994 593 5025 ⁸³
624 4994 763 5050 Psal.
794 5011 946 5061 xvm,
978 4995 1032 5049 2.
1108 4997 1157 5027 "
1199 4997 1331 5051 ibid.
1409 4999 1456 5030 "
1486 4998 1619 5052 Dan.
1651 5013 1734 5063 ιιιι,
1761 4998 1849 5060 67,
1874 4998 1961 5052 68.

2120 5000 2255 5056 Psal.
2291 5016 2514 5069 chvm,
2540 5000 2593 5054 ι.
2668 5002 2713 5032 ⁸⁷
2746 5001 2874 5056 ibid.
2907 5000 2960 5055 7.
3036 5002 3080 5033 ⁸⁸
3119 5000 3253 5054 Gen.
3281 5015 3318 5065 t,
3344 4998 3424 5053 10.

675 5177 752 5262 l't‘a
792 5189 922 5230 mss.
957 5183 1098 5262 octo.
1134 5175 1583 5262 Edili'npémv'ra.
1609 5176 1816 5262 ὕμνονί

533 5247 644 5314 (45)
697 5247 831 5310 Reg.
885 5260 959 5299 se:

462 5318 642 5370 αἰτίαν
678 5315 959 5386 δεξόμεθα.

533 5385 812 5460 (militia.
857 5397 1041 5460 sestus
1071 5385 1222 5460 παρὰ
1249 5385 1342 5439 τοῦ
1371 5391 1496 5442 Δαν.
1525 5386 1716 5442 Statim
1753 5388 1884 5460 Reg.
1917 5389 2027 5460 pri-

465 5474 584 5511 mus
606 5458 713 5509 τῶν
747 5459 883 5510 ὅλων
910 5457 1042 5510 Θεὸν
1081 5459 1231 5510 ὲπετ.

536 5529 646 5600 (47)
665 5529 793 5600 JDuo
827 5543 956 5600 mss.
990 5544 1020 5581 e
1047 5527 1244 5600 nostris
1271 5543 1396 5600 cum
1423 5529 1667 5583 Comhel'.
1695 5529 1912 5600 συμπλη

467 5570 832 5658 τικὸςΙΞσται.
881 5596 986 5650 Nec
1046 5597 1115 5649 ita
1173 5599 1341 5652 multo
1391 5610 1511 5668 post
1543 5602 1670 5652 editi
1717 5570 1837 5653 curm
1890 5570 2019 5666 ἧκες.

466 5677 656 5718 octavo
698 5678 751 5719 et
793 5685 912 5720 cum
946 5669 1390 5741 utroqueHCpisl.
1444 5669 1869 5741 προηγούμενον.
1924 5673 2023 5725 Alii

472 5743 582 5786 tres
611 5751 734 5789 mss.
765 5736 1124 5808 προηγμένον.
1175 5739 1325 5794 Colb.
1371 5736 1641 5796 secundus
1683 5736 2025 5811 προηγουμέ-

470 5819 594 5865 νως.

697 5247 831 5318 Reg.
881 5255 1069 5318 sextus
1111 5247 1399 5317 γινομένην
1449 5247 1590 5300 κατὰ
1642 5247 1740 5318 τὴν
1782 5248 2026 5303 δοθεῖσαν

1923 5548 2025 5600 ρω-

2201 5180 2313 5249 (48)
2344 5179 2431 5234 Sic
2462 5179 2675 5234 codices
2711 5195 2828 5234 sex.
2865 5179 3005 5234 Editi
3049 5193 3172 5233 cum
3223 5177 3434 5233 duobus
3463 5184 3554 5229 aut
3580 5176 3680 5228 tri-

2130 5250 2548 5327 ὺυειῃεξπαρὰ
2573 5251 2649 5320 τῷ
2677 5249 2848 5327 ψειλμ·
3166 5316 3198 5327 -
3241 5316 3253 5327 .
3290 5317 3304 5327 _
3387 5315 3427 5327 ..
3504 5314 3537 5327 ..
3639 5313 3650 5325 .

2202 5319 2314 5388 (49)
2345 5319 2418 5372 lla
2444 5315 2666 5388 uterque
2691 5315 2868 5382 “Due,
2900 5327 3128 5386 uterque
3160 5316 3352 5378 CoisL,
3387 5315 3685 5388 Regii_pr_i-

2140 5383 2521 5464 mus,'l_erti_us,
2556 5383 2797 5464 quintus,
2825 5400 3011 5464 s_ext_us
3041 5383 3684 5464 et_octavus_,eum_ACol.b.

2135 5459 2394 5513 secundo.
2425 5457 2533 5512 Nec
2573 5453 2730 5512 aliter
2763 5459 2890 5527 legit
2920 5459 3249 5527 Eustathius.
3275 5455 3464 5527 (Editio
3511 5453 3683 5527 Paris.

2130 5529 2188 5581 ὲν
2235 5530 2398 5598 ἀρχῇ,
2457 5530 2514 5581 in
2562 5525 2838 5597 principio.
2896 5527 3076 5582 Editio
3141 5526 3305 5581 Basil.
3367 5540 3473 5580 uno
3524 5525 3686 5578 verbo

2131 5599 2486 5747 ὲνῗὲὄῖιῇεις...
2504 5678 2686 5723 sextus
2715 5665 3363 5747 inav‘smcbv.‘Aliquanto
3383 5673 3522 5747 .post
3558 5660 3684 5747 editi

2133 5754 2253 5792 cum
2299 5736 2576 5806 aliquibus
2645 5753 2773 5791 mss.
2838 5736 3202 5807 διῃρημένως.
3267 5736 3418 5806 Regii
3473 5736 3686 5796 tertius,

2134 5809 2351 5878 quintus
2376 5818 2428 5864 et
2459 5819 2644 5866 sextus
2667 5806 3088 5878 διερριμμένως,
3125 5808 3378 5879 fortuito.)
