4082 6398
410 372 480 424 77
1534 375 1824 430 llOMlLIA
1865 374 1932 427 1V
1973 373 2041 429 IN
2081 373 2574 430 HEXAEMERON.
3590 368 3622 422 τ

408 491 722 562 ἀνδριάντος
775 491 949 562 μελῶν
991 493 1334 564 διῃρημενως
1367 494 1616 563 κείμενα,
1648 497 1748 547 οὐκ
1777 494 1842 547 ἂν
1882 512 1972 561 φα-

2095 495 2723 564 unumqnodquestatua:
2759 492 3058 546 membrum
3107 487 3398 557 separatim
3425 485 3655 555 iaceret,

408 585 524 654 νείη
562 583 700 637 καλά
740 584 818 655 τῷ
871 585 1112 654 τυχόντι’
1153 587 1288 658 πρὸς
1341 586 1397 638 δὲ
1443 586 1540 657 τὴν
1583 587 1787 639 οἰκείαν
1829 587 1982 650 τάξιν

408 675 766 740 ἀποτεθέντα,
791 677 851 729 τὸ
881 678 945 730 ἐκ
972 679 1070 748 τῆς
1096 678 1409 745 ἀναλογίας,
1445 677 1686 748 ἐμφανὲς
1731 676 1840 747 (5-1)
1888 677 1983 747 μό-

405 767 490 830 λις
528 767 689 828 ποτὲ,
737 769 830 820 καὶ
875 768 953 838 τῷ
1000 769 1180 840 ἰδιώτῃ
1232 769 1531 839 παρέχεται
1560 769 1854 839 γνώριμον.
1921 769 1978 821 Ὀ

410 857 594 927 μέντοι
625 858 876 928 τεχνίτης
900 859 993 911 καὶ
1020 858 1126 929 πρὸ
1153 859 1252 929 τῆς
1283 859 1582 922 συνθέσεως
1617 855 1723 912 οἶδε
1763 858 1834 916 τὸ,
1855 858 1981 911 ἐκά-

408 966 550 1010 στου,
581 950 760 1016 καλὸν,
796 952 889 1003 καὶ
936 952 1146 1004 ἐπαινεῖ
1188 950 1255 1004 τὰ
1296 951 1414 1003 καθ’
1445 952 1692 1015 ἕκαστον,
1745 951 1880 1023 πρὸς
1919 951 1980 1003 τὸ

403 1043 558 1106 τέλος
590 1043 769 1095 αὐτῶν
821 1044 1183 1114 ἐπαναφέρων
1216 1043 1314 1114 τὴν
1343 1042 1857 1106 ἐννοιαν.,Τοιοῦτος
1887 1040 1980 1097 οὖν

405 1135 468 1206 δή
504 1153 586 1197 τις
620 1135 711 1188 καὶ
755 1134 850 1189 νῦν
896 1135 1142 1206 ἔντεχνος
1183 1135 1472 1206 ἐπαινέτης
1505 1135 1618 1188 τῶν
1643 1137 1786 1190 κατὰ
1817 1137 1979 1208 μέρος

406 1227 582 1298 ἔργων
627 1230 655 1280 ὁ
691 1227 822 1290 Θεὸς
862 1229 1306 1298 ἀναγέγραπται·
1344 1227 1530 1299 μέλλει
1575 1229 1631 1282 δὲ
1678 1229 1768 1283 τὸν
1813 1247 1979 1301 προσ-

406 1317 608 1387 ήκοντα
637 1316 747 1389 (52)
779 1317 996 1372 ἔπαινον
1021 1321 1112 1371 καὶ
1145 1321 1304 1373 παντὶ
1329 1319 1462 1390 ὁμοῦ
1487 1319 1562 1390 τῷ
1597 1320 1784 1390 κόσμῳ
1811 1322 1979 1394 ἀπαρο

402 1409 638 1462 τισθέντι
677 1409 936 1480 πληροῦν.
981 1409 1140 1462 Ἀλλά
1176 1409 1284 1480 γὰρ
1333 1409 1568 1464 ἐνταῦθα
1598 1411 1728 1479 ἡμῖν
1761 1411 1809 1462 οἱ
1850 1411 1978 1481 περὶ

402 1499 500 1568 τῆς
544 1499 800 1568 δευτέρας
841 1500 1053 1572 ἡμέρας
1104 1501 1562 1571 καταληξάτωσαν
1613 1481 1789 1570 λόγοι,
1837 1501 1976 1554 ῶστε

402 1592 517 1652 τοῖς
542 1590 638 1660 μὲν
664 1590 971 1658 φιλοπόνοις
1004 1593 1299 1663 ἀκροαταῖς
1330 1593 1516 1664 καιρὸν
1549 1596 1848 1664 παρασχεῖν
1876 1595 1976 1662 τῆς

399 1672 477 1733 ὧν
505 1681 743 1750 ἤκουσαν
789 1680 1119 1745 ἐξετάσεως,
1151 1682 1288 1734 ὥστε
1333 1682 1463 1735 εἴτι
1497 1684 1763 1754 χρήσιμον
1789 1684 1846 1736 ἐν
1879 1684 1976 1737 αὑ-

400 1773 530 1832 τοῖς,
563 1771 719 1823 τοῦτο
738 1774 803 1842 τῇ
839 1773 1025 1843 μνήμῃ
1059 1776 1276 1844 συσχεῖν
1308 1774 1440 1842 (55),
1473 1775 1565 1827 καὶ
1589 1774 1676 1827 διὰ
1696 1777 1792 1845 τῆς
1822 1776 1972 1844 φιλο-

2091 589 2204 642 haec
2249 587 2434 654 utique
2472 599 2578 639 non
2606 583 2776 639 cuivis
2817 581 3041 650 pulchra
3072 578 3418 633 viderentur:
3452 576 3497 631 si
3529 592 3659 631 vero

2090 682 2144 738 in
2198 682 2467 751 proprium
2517 680 2688 735 locum
2753 693 2817 732 ac
2855 675 3095 729 ordinem
3148 681 3494 741 reponantur,
3544 679 3658 724 tum

2088 772 2430 842 pulchritudo
2461 784 2527 825 ex
2558 769 2901 839 proportione
2916 779 3216 835 emergens,
3236 778 3353 833 quae
3387 763 3544 816 modo
3566 761 3657 814 vix

2088 867 2141 920 in
2168 871 2516 933 conspectum
2548 861 2819 925 veniebat,
2849 859 2962 927 jam
3004 856 3088 911 vel
3106 856 3276 910 cuivis
3315 854 3431 907 rudi
3463 862 3518 906 et
3560 853 3658 905 im-

2087 957 2262 1028 perito
2291 954 2572 1008 manifesta
2629 952 2826 1006 evadit.
2857 950 3054 1004 Verum
3104 945 3299 1000 artifex
3357 953 3482 997 ante
3517 957 3660 996 com-

2087 1047 2375 1101 missuram
2401 1044 2551 1098 novit
2577 1042 2838 1111 cujusque
2863 1039 3030 1108 partis
3051 1035 3524 1106 pulchritudinem,
3541 1033 3654 1086 lau-

2086 1139 2286 1205 datque
2309 1135 2542 1204 singula,
2563 1142 2745 1203 utpote
2777 1131 2866 1200 qui
2910 1129 2978 1184 ad
3004 1143 3190 1184 eorum
3227 1128 3386 1181 linem
3411 1126 3656 1180 aninmm

2087 1228 2346 1298 intendat.
2386 1226 2527 1280 Deus
2553 1226 2734 1293 itaque
2783 1232 2837 1276 et
2868 1236 3010 1275 nunc
3062 1219 3363 1290 depingitur
3408 1233 3506 1272 ceu
3535 1217 3657 1271 talis

2086 1320 2350 1388 quispiam
2399 1317 2615 1382 artifex,
2672 1315 2764 1384 qui
2822 1329 2984 1382 opera
3036 1312 3244 1381 singula
3307 1311 3514 1375 laudat,
3548 1311 3656 1364 imo

2084 1411 2244 1466 etiam
2280 1409 2372 1464 toti
2404 1407 2560 1461 simul
2594 1409 2790 1461 mundo
2820 1405 3064 1459 absoluto
3088 1417 3380 1472 congruam
3440 1399 3652 1454 laudem

2085 1516 2188 1555 non
2244 1497 2454 1552 dubitat
2486 1496 2745 1550 tribuere.
2807 1494 3071 1548 Cieterum
3128 1492 3295 1546 nostri
3326 1491 3390 1545 de
3419 1491 3655 1546 secunda

2083 1594 2168 1649 die
2188 1603 2462 1647 sermones
2495 1573 2580 1642 hic
2629 1588 2896 1650 desinant,
2935 1600 3042 1654 quo
3093 1584 3352 1638 studiosis
3391 1582 3656 1637 auditori-

2082 1686 2180 1739 bus
2210 1680 2466 1749 temporis
2496 1677 2890 1748 opportunitas,
2918 1676 3235 1745 praebeatur.
3263 1690 3324 1726 ea
3344 1690 3473 1741 .qua:
3497 1673 3652 1726 audi-

2081 1784 2270 1830 verunt
2298 1768 2654 1840 expendendi,
2696 1778 2754 1822 ut
2787 1767 2829 1822 si
2861 1766 2987 1835 quid
3013 1765 3141 1820 utile
3172 1765 3224 1818 in
3259 1764 3399 1833 ipsis,
3434 1763 3653 1827 sit,sidi-

384 1853 565 1914 πόνου
598 1861 844 1932 μελέτης,
878 1857 989 1916 οἷον
1014 1864 1106 1918 ,διά
1132 1883 1273 1927 τινος
1303 1865 1534 1934 πέψεως,
1563 1866 1660 1936 τὴν
1690 1866 1798 1919 τῶν
1828 1866 1970 1934 ὠφε-

2078 1871 2244 1938 ipsum
2269 1863 2524 1919 memoria
2556 1868 2895 1925 conservent,
2925 1873 2989 1912 ac
3028 1872 3122 1926 per
3156 1855 3392 1911 sedulam
3431 1853 3654 1908 medita-

401 1949 573 2022 λίμων
629 1954 877 2008 ἀνάδοσιν
928 1955 1234 2026 ἀναμεῖναι·
1291 1959 1401 2020 τοῖς
1450 1957 1505 2009 δὲ
1555 1957 1684 2028 περὶ
1736 1958 1826 2012 τὸν
1859 1958 1969 2028 βίον

402 2042 824 2114 ἀσχολουμένοις
853 2044 1034 2098 δοῦναι
1073 2046 1268 2117 σχολὴν
1314 2046 1400 2099 διὰ
1433 2046 1525 2099 τοῦ
1575 2047 1738 2117 μέσου
1779 2049 1968 2118 χρόνου

399 2131 498 2194 τὰς
522 2133 804 2202 φροντίδας
834 2132 1171 2204 διαθεμένοις
1203 2135 1335 2207 (54),
1371 2135 1582 2208 καθαρᾷ
1605 2138 1880 2208 μεριμνῶν
1904 2141 1968 2210 τῇ

400 2222 544 2293 ψυχῇ
570 2224 705 2294 πρὸς
729 2223 830 2294 τὴν
865 2225 1156 2296 ἐσπερινὴν
1189 2226 1295 2279 τῶν
1324 2226 1497 2295 λόγων
1534 2228 1773 2280 ἑστίασιν
1801 2230 1971 2284 ἁπαν·

401 2315 584 2383 τῆσαι.
636 2316 691 2368 ’0
723 2315 868 2368 δὲτὰ
905 2317 1114 2387 μεγάλα
1153 2318 1563 2390 δημιουργήσας
1593 2319 1745 2383 Θεὸς,
1781 2323 1874 2374 καὶ
1905 2322 1971 2375 τὰ

403 2405 574 2476 μικρὰ
597 2405 765 2457 ταῦτα
797 2405 1045 2476 λεχθῆναι
1070 2407 1579 2478 οἰκονομήσας,δῴη
1609 2410 1735 2480 ὑμῖν
1759 2410 1970 2469 σύνεσιν

402 2497 460 2546 ἐν
487 2495 647 2547 παντὶ
678 2497 776 2566 τῆς
799 2493 994 2548 ἑαυτοῦ
1037 2495 1315 2566 ἀληθείας,
1344 2498 1409 2549 ἵν’
1451 2499 1649 2556 ἐκτῶν
1680 2501 1971 2571 ὁρωμένων

403 2586 493 2639 τὸν
517 2587 743 2657 ἀόρατον
783 2589 1016 2658 ἐννοῆτε,
1056 2590 1149 2640 καὶ
1191 2591 1254 2643 ἐκ
1286 2589 1546 2660 μεγέθους
1581 2593 1682 2652 καὶ,
1709 2593 1971 2664 καλλονῆς

403 2677 510 2730 τῶν
552 2679 860 2749 κτισμάτων
898 2681 996 2750 τὴν
1041 2682 1356 2752 πρέπουσαν
1394 2682 1551 2749 δόξαν
1580 2685 1827 2756 περὶτοῦ
1859 2685 1973 2738 κτί-

407 2788 596 2835 σαντος
629 2774 774 2842 ἡμᾶς
805 2772 1219 2845 ἁναλαμὸάνητε
1267 2776 1398 2846 (55).
1462 2776 1537 2831 Τὰ
1593 2776 1715 2846 γὰρ.
1753 2778 1974 2846 ἀόρατα

403 2865 588 2918 αὑτοῦ
623 2866 740 2919 ἀπὸ
773 2867 1023 2934 κτίσεως
1059 2869 1291 2938 κόσμου
1332 2870 1456 2937 τοῖς
1477 2870 1769 2940 ποιήμασι
1796 2875 1971 2926 νοού-

399 2973 555 3024 μενα
581 2957 918 3023 καθορᾶται,
963 2958 1001 3026 ἢ
1054 2977 1116 3013 τε
1158 2960 1348 3026 αΐδιος
1371 2962 1556 3016 αὐτοῦ
1584 2963 1836 3033 δύναμις
1876 2965 1972 3018 καὶ

402 3049 654 3114 θειότης’
685 3049 824 3102 ὥστε
849 3051 942 3103 καὶ
972 3052 1028 3104 ἐν
1048 3054 1140 3122 γῇ,
1168 3053 1261 3108 καὶ
1289 3054 1344 3104 ἐν
1368 3053 1509 3125 ἀέρι,
1535 3055 1627 3108 καὶ
1657 3057 1714 3108 ἐν
1737 3056 1968 3127 οὐρανῷ,

404 3139 497 3191 καὶ
529 3141 584 3191 ἐν
604 3137 776 3201 ὕδατι,
797 3139 892 3192 καὶ
924 3141 980 3192 ἐν
1005 3141 1303 3203 νυκτὶ,,κα“ι
1328 3142 1384 3192 ἐν
1406 3142 1609 3213 ἡμέρᾳ,
1642 3144 1734 3203 καὶ
1757 3144 1812 3194 ἐν
1842 3145 1972 3197 πᾶσι

401 3232 512 3293 τοῖς
547 3230 844 3301 ὁρωμένοις
869 3233 1069 3304 ἐναργῆ
1112 3232 1407 3302 λαμϐάνειν
1454 3235 1600 3304 ἡμᾶς
1630 3234 1724 3286 τοῦ
1755 3234 1972 3305 εὐεργέ-

402 3339 492 3377 του
519 3322 588 3376 τὰ
611 3324 972 3394 ὑπομνήματα
1001 3325 1133 3393 (56).
1163 3325 1296 3379 Οὔτε
1325 3325 1432 3396 γὰρ
1463 3325 1757 3396 ἁμαρτίαις
1781 3327 1972 3396 καιρόν

401 3434 525 3469 τινα
549 3416 811 3487 δώσομεν,
841 3415 964 3469 οὔτε
998 3417 1075 3488 τῷ
1098 3419 1274 3490 ἐχθρῷ
1299 3419 1460 3472 τόπον
1493 3421 1548 3472 ἐν
1581 3423 1700 3484 ταῖς
1726 3420 1974 3491 καρδίαις

402 3508 562 3580 ⁴ἡμῶν
595 3509 1010 3580 καταλείψομεν,
1046 3510 1133 3563 διὰ
1165 3511 1263 3581 τῆς
1301 3510 1554 3582 συνεχοῦς
1595 3512 1813 3583 μνήμης
1840 3512 1976 3566 ἔνοι-

405 3617 505 3653 κον
532 3599 741 3670 ἔχοντες
790 3601 999 3654 ἑαυτῶν
1030 3601 1139 3671 (57)
1168 3601 1257 3654 τὸν
1287 3601 1446 3654 Θεόν·
1547 3604 1695 3656 πᾶσα
1720 3602 1846 3667 δόξα
1879 3605 1974 3657 καὶ

403 3689 772 3761 προσκύνησις
803 3691 895 3744 νῦν
929 3691 1022 3745 καὶ
1069 3691 1176 3756 ἀεὶ,
1223 3694 1315 3746 καὶ
1345 3694 1424 3756 εἰς
1455 3694 1579 3756 τοὺς
1623 3695 1824 3759 αἰῶνας
1863 3695 1969 3748 τῶν

402 3779 630 3836 αἰώνων.
679 3783 868 3854 Ἀμήν.

2072 1962 2270 2015 tionem
2307 1955 2450 2009 velut
2483 1968 2577 2024 per
2611 1950 2900 2020 quamdam
2947 1949 3270 2014 coctionem,
3323 1962 3506 2000 eorum
3529 1962 3654 2016 quae

2076 2049 2227 2103 utilia
2293 2054 2419 2100 sunt
2457 2052 2772 2113 exspectent
2825 2041 3229 2112 digestioncm:
3278 2048 3442 2107 utque
3496 2037 3653 2092 detur

2071 2143 2239 2197 otium
2275 2139 2358 2193 his
2388 2136 2480 2206 qui
2510 2137 2649 2190 victu
2683 2134 3046 2204 comparando
3089 2142 3444 2201 occupantur,
3476 2141 3531 2184 ut
3568 2133 3650 2184 in-

2073 2232 2336 2288 termedio
2367 2240 2607 2298 tempore
2656 2227 2863 2296 negotia
2897 2227 3266 2295 disponentes,
3300 2222 3481 2276 anima
3506 2224 3651 2277 curis

2071 2332 2292 2394 purgata
2323 2322 2391 2376 ad
2431 2321 2769 2390 vespertinas
2796 2333 3105 2373 sermonum
3130 2317 3315 2386 epulas
3341 2327 3648 2384 occurrant,

2075 2409 2213 2464 Deus
2267 2418 2446 2464 autem
2504 2406 2594 2476 qui
2657 2415 2804 2459 tanta
2841 2405 3038 2469 eﬂ‘ecit,
3086 2416 3135 2458 et
3189 2420 3292 2473 quo
3335 2404 3650 2471 disponente

2073 2517 2240 2572 pauca
2267 2501 2382 2557 haec
2410 2499 2550 2553 dicta
2577 2506 2728 2561 sunt,
2779 2497 2976 2552 tribuat
3004 2497 3154 2550 vobis
3185 2497 3236 2548 in
3265 2496 3514 2549 omnibus
3541 2509 3650 2548 suae

2074 2591 2317 2646 veritatis
2358 2587 2788 2658 intelligentiam,
2843 2595 2902 2640 ut
2935 2599 3031 2655 per
3061 2584 3294 2640 visibilia
3320 2585 3646 2641 iuvisibilem

2073 2682 2434 2754 cognoscatis,
2467 2690 2629 2749 atque
2662 2696 2728 2735 ex
2774 2679 3144 2748 magnitudine
3172 2693 3233 2732 ac
3253 2677 3648 2748 pulchritudine

2073 2784 2440 2830 creaturarum
2455 2772 2730 2827 decentem
2748 2771 2813 2826 de
2827 2771 3118 2825 Conditore
3146 2780 3328 2825 nostro
3342 2771 3646 2840 opinionem

2072 2871 2412 2941 concipiatis.
2438 2869 2733 2924 Invisibilia
2767 2868 2904 2922 enim
2944 2869 3104 2936 ipsius
3129 2884 3160 2920 a
3186 2876 3424 2921 creatura
3443 2869 3645 2931 mundi,

2072 2979 2164 3030 per
2198 2978 2259 3015 ea
2297 2977 2414 3031 qua:
2451 2961 2591 3029 facta
2621 2959 3047 3026 sunt,inteliecta
3064 2961 3488 3028 conspiciuntur:
3512 2978 3646 3015 scm-

2072 3053 2280 3121 piterna
2304 3069 2505 3123 quoque
2556 3052 2669 3121 ejus
2709 3055 2871 3106 virtus
2931 3061 2977 3105 et
3015 3053 3266 3105 divinitas
3292 3053 3335 3084 ⁵⁵
3359 3067 3378 3106 :
3411 3055 3546 3107 adeo
3590 3063 3647 3107 ut

2077 3147 2130 3200 in
2175 3153 2340 3212 terra,
2373 3147 2426 3200 in
2456 3158 2600 3211 aere,
2624 3144 2853 3211 iticmlo,
2883 3145 2936 3198 in
2960 3160 3120 3213 aqua,
3152 3145 3202 3198 in
3249 3153 3427 3211 nocte,
3459 3146 3511 3198 in
3537 3145 3643 3206 die,

2074 3247 2128 3293 et
2153 3239 2204 3292 in
2233 3240 2484 3295 omnibus
2518 3239 2843 3304 visibilibus,
2877 3253 2980 3292 non
3011 3237 3243 3293 obscure
3271 3239 3388 3309 ejus
3413 3238 3502 3308 qui
3546 3254 3645 3292 nor

2070 3331 2152 3386 bis
2189 3331 2458 3386 benefecit
2500 3330 2866 3386 recordemur.
2897 3328 3083 3398 Neque
3116 3331 3258 3384 enim
3283 3333 3521 3401 peccatis
3551 3347 3646 3387 oo-

2070 3421 2340 3476 casionem
2391 3419 2552 3475 ullam
2609 3436 2798 3474 sumus
2847 3421 3064 3484 daturi,
3103 3435 3274 3488 neque
3323 3421 3542 3477 inimico
3594 3423 3646 3476 'm

2071 3512 2271 3568 nostris
2292 3513 2545 3571 cordibus
2581 3513 2757 3567 locum
2777 3512 3044 3577 relicturi,
3076 3513 3120 3567 si
3178 3516 3334 3569 modo
3381 3530 3480 3583 per
3512 3516 3645 3572 assi-

2075 3605 2231 3658 duam
2262 3604 2574 3660 memoriam
2611 3604 2775 3658 Deum
2826 3605 2900 3659 in.
2939 3605 3098 3659 nobis
3129 3606 3518 3663 inhabitantem
3553 3608 3646 3660 ha-

2076 3700 2337 3752 beamus:
2387 3698 2471 3751 cui
2515 3698 2691 3753 onmis
2747 3698 2916 3768 gloria
2966 3707 3020 3754 et
3075 3700 3349 3766 adoratio,
3404 3712 3644 3756 nuncret

2077 3803 2308 3858 semper,
2333 3799 2387 3844 et
2426 3793 2477 3843 in
2513 3789 2704 3846 saecula
2732 3792 3067 3846 sreculorum.
3098 3795 3290 3848 Amen.

419 3890 3617 3921 W

1025 3954 1264 4007 ΟΜῐΛΙΑ
1289 3956 1360 4006 Δ’.

641 4042 777 4110 Περὶ
803 4042 1159 4113 συναγωγῆς
1186 4043 1304 4097 τῶν
1332 4043 1564 4098 ὑδάτων
1593 4045 1726 4114 (F38).

478 4137 529 4191 1.
565 4135 684 4189 Εἰσί
718 4152 859 4200 τινες
890 4135 1072 4199 πόλεις
1101 4137 1460 4200 παντοδαποῖς
1490 4137 1726 4208 θεάμασι
1761 4139 1970 4209 θαυμα-

401 4228 634 4282 τοποιῶν
679 4227 787 4280 ἀπὸ
834 4227 1023 4298 βαθέος
1063 4227 1259 4299 ὄρθρου
1311 4229 1502 4300 μέχρις
1535 4229 1771 4300 ἑσπέρας
1799 4231 1970 4301 αὐτῆς

403 4321 658 4376 ἐστιῶσαι
687 4320 784 4385 τὰς
805 4320 976 4390 ὅψεις.
1006 4322 1115 4374 Καὶ
1145 4321 1322 4390 μέντοι
1350 4322 1444 4375 καὶ
1477 4323 1652 4392 μελῶν
1673 4340 1832 4376 τινων
1862 4323 1969 4392 (59)

404 4413 787 4483 κεκλασμένων
801 4413 894 4466 καὶ
917 4411 1326 4483 διεφθαρμένων
1344 4413 1436 4466 καὶ
1450 4414 1760 4467 παντάπασι
1776 4415 1972 4487 πολλὴν

2669 3929 2960 4039 "cuius.
2983 3960 3068 4015 Iv.

2469 4055 2542 4110 De
2572 4066 2828 4127 aquarum
2854 4063 3268 4131 congregatione.

2144 4146 2249 4217 33
2279 4147 2327 4202 1.
2349 4147 2480 4202 Sunt
2499 4149 2738 4219 quaedam
2761 4150 3028 4218 civitates,
3049 4169 3169 4223 qua:
3184 4154 3478 4224 omnigenis
3503 4171 3641 4224 pra)—

2078 4240 2412 4308 stigiatorum
2459 4242 2781 4310 spectaculis
2830 4259 2858 4297 a
2906 4260 3118 4299 summo
3168 4261 3323 4300 mane
3355 4247 3421 4300 ad
3472 4247 3640 4316 ipsam

2078 4349 2246 4402 usque
2272 4348 2547 4403 vesperam
2587 4335 2772 4389 oculos
2811 4347 3059 4404 pascunt.
3103 4337 3169 4391 Et
3201 4347 3346 4391 certe
3395 4340 3642 4407 quamvis

2079 4423 2377 4479 cantilenas
2411 4425 2671 4494 quasdam
2708 4425 2996 4482 dissolutas
3022 4438 3411 4498 cor-raptasque
3439 4438 3493 4484 et
3520 4447 3639 4483 om,

402 4505 696 4558 ἀκολασίαν
707 4508 826 4569 ταῖς
840 4506 1036 4576 ψυχαῖς
1065 4504 1429 4570 ἐντικτόντων,
1447 4507 1537 4558 ἐπὶ
1554 4506 1800 4562 πλεῖστον
1816 4508 1972 4563 ἀκού-

2085 4512 2656 4573 nibusmodismultam
2676 4513 2727 4568 in
2747 4515 2944 4570 animis
2963 4515 3028 4569 im
3037 4516 3320 4586 puritatem
3340 4516 3658 4586 gignentes.

470 4691 514 4722 "
546 4689 706 4745 Rom.
741 4704 777 4755 t,
817 4690 907 4745 20.

470 4833 582 4904 (51)
605 4834 758 4904 Regii
789 4835 997 4905 primus
1025 4844 1077 4891 et
1102 4846 1289 4894 sextus
1315 4853 1438 4894 cum
1467 4839 1620 4895 Colb.
1653 4840 1890 4896 secundo
1919 4851 1972 4896 et

399 4918 519 4978 cum
549 4916 775 4978 utroque
792 4906 961 4978 _Cois|.
991 4908 1253 4978 ἐμφανές.
1279 4910 1420 4964 Editi
1451 4927 1572 4965 cum
1593 4915 1803 4966 duobus
1836 4927 1966 4967 mss.

396 4973 647 5071 iogtwég.
693 4976 878 5031 Codex
925 4973 1171 5032 Combef.
1220 4995 1343 5034 cum
1397 4981 1530 5051 Reg.
1590 4991 1784 5037 octavo
1833 4998 1970 5054 συμ-

396 5061 550 5112 φυές.
835 5077 842 5092 .

467 5113 579 5183 (5:2)
611 5112 708 5188 Sic
745 5115 895 5188 Regii
944 5116 1173 5185 primus,
1208 5119 1419 5183 tertius,
1469 5121 1712 5188 quintus,
1757 5136 1965 5186 sextus,

391 5193 640 5258 octavus,
667 5185 840 5258 tiolbt’
873 5188 1142 5258 secundus
1189 5199 1242 5243 et
1291 5185 1534 5244 Cmubei'.
1567 5185 1704 5246 cum
1739 5185 1968 5258 utroque

391 5253 559 5331 C_oisl.
600 5254 974 5331 bliliti_o__P_aris.
1005 5259 1034 5309 ό
1057 5257 1208 5331 Θεός.
1229 5260 1667 5331 Ἀναγέγραπται
1707 5264 1762 5318 δὲ
1808 5253 1966 5319 τοῧτο

389 5322 677 5405 τδνοπρόσ.
709 5323 885 5379 Ειιὶιὶο
935 5341 1063 5405 vero
1106 5327 1273 5385 Basil.
1329 5322 1744 5405 ἀναγέγραπται
1786 5336 1842 5389 δὲ
1873 5335 1965 5388 τὸν

393 5393 568 5463 πρόσζ
588 5393 829 5463 Utraque
858 5397 1015 5450 male.

392 5530 419 5584 ἐ
457 5463 575 5584 (55)
614 5465 706 5519 Sic
733 5467 946 5521 codices
975 5482 1090 5521 sex.
1126 5469 1263 5523 Editi
1310 5480 1362 5525 et
1412 5471 1578 5528 Coisl.
1612 5475 1820 5543 primus
1844 5493 1970 5529 συν-

423 5550 454 5584 γ
491 5550 558 5584 ιν.

422 5548 558 5602 χειν.

487 5603 577 5742 54)
597 5653 600 5656 .
622 5601 698 5684 Ita
729 5615 962 5674 quatuor
987 5622 1115 5661 mss.
1145 5608 1284 5663 Editi
1311 5611 1726 5684 διατιθεμένοις.

487 5672 556 5727 55
611 5673 703 5727 Stc
749 5675 900 5742 Regii
949 5679 1176 5742 primus,
1223 5684 1432 5742 tertius,
1480 5698 1664 5738 sextus
1711 5705 1726 5739 ε

486 5672 577 5742 55)
611 5673 710 5745 Sic
749 5672 900 5745 Regii
949 5679 1176 5745 primus,
1223 5684 1432 5744 tertius,
1480 5672 1765 5740 sextus—et
1809 5685 1962 5740 Coll).

393 5745 684 5826 seeimdus.
702 5744 858 5826 bene.
882 5744 1047 5803 Coisl.
1079 5757 1302 5818 uterque
1325 5761 1380 5807 et
1405 5756 1557 5824 editi,
1583 5768 1636 5811 ct
1655 5757 1788 5826 lleg.
1817 5758 1970 5826 quin-

396 5825 480 5866 tus
511 5812 928 5885 ἀναλαμϐάνειν.

2149 4843 2259 4913 (56)
2297 4844 2369 4896 Ita
2393 4858 2521 4896 mss.
2565 4851 2718 4913 octo.
2742 4840 3055 4896 Eustathius
3095 4841 3274 4913 vertit,
3308 4850 3639 4894 monumenta

2077 4911 2386 4984 certiaSimq.
2425 4913 2562 4967 Editi
2599 4912 2994 4984 ὑποδείγματα,
3025 4911 3282 4984 eajetnpln.

2147 4985 2258 5054 (57)
2289 4979 2441 5037 (Jolb.
2494 4985 2763 5038 secundus
2800 4979 3028 5054 ἔχοντες
3071 4983 3303 5054 ἑαυτοῖςἼ
3338 4979 3462 5054 Ilion
3510 4981 3638 5054 editi

2077 5051 2196 5109 cum
2241 5051 2380 5136 Reg.
2426 5054 2582 5136 terti?
2613 5055 2692 5117 είς
2720 5051 3316 5136 τουςσύμπανταςὶκμὶ
3349 5051 3639 5136 ἀτελευτή-

2074 5143 2200 5188 τους
2251 5121 2472 5187 αἰῶνας.
2522 5121 2694 5178 Voces
2752 5121 3074 5194 σύμπαντας
3117 5122 3214 5176 καὶ
3250 5122 3638 5192 ἀτελευτήτους

2076 5198 2266 5250 desunt
2297 5196 2348 5247 in
2384 5195 2619 5265 quinque
2649 5195 2946 5248 codicibus.

2143 5265 2257 5335 (58)
2294 5260 2423 5332 Reg.
2455 5260 2675 5317 octavus
2699 5266 2826 5374 περ).
2849 5262 3180 5332 συναγωγῶν
3211 5261 3437 5315 ὑδάτων.
3469 5260 3634 5316 Coisl.

2143 5338 2278 5374 imnc
2300 5335 2614 5374 aininlinilnr
2637 5335 2756 5374 13ml
2787 5352 2816 5374 η
2853 5335 3106 5374 ’τηεογ-ΑιγπτιΔ

2070 5338 2278 5407 primus
2296 5335 2614 5407 simpliciter
2637 5335 2821 5407 ὁμιλία
2842 5335 3110 5407 τετάρτη,

2147 5405 2258 5477 (59)
2289 5404 2377 5459 Sic
2404 5401 2536 5459 octo
2561 5401 2688 5477 mss.
2715 5401 3035 5468 Ειιίιίτινές.
3062 5401 3368 5457 Verisimile
3393 5401 3634 5477 mihiﬁt,

2078 5471 2441 5546 typog'raphos
2482 5490 2578 5528 sua
2609 5475 2855 5546 ipsorum
2896 5477 3222 5546 auctoritate
3255 5481 3444 5546 contra
3481 5471 3634 5546 {idem

2080 5542 2476 5602 mssfedidisse
2508 5545 2778 5612 τινέςυιό
2805 5544 2988 5607 τινῶν,
3027 5560 3092 5598 ne
3135 5542 3385 5612 mendum
3417 5542 3638 5595 subesse

2078 5617 2369 5675 videretur,
2389 5626 2443 5669 et
2479 5627 2537 5668 ut
2578 5610 2848 5676 νοχτινές
2872 5630 2992 5667 cum
3031 5628 3160 5666 voce
3194 5610 3482 5674 ἀκούοντες
3510 5627 3637 5663 con-

2075 5687 2208 5740 strui
2243 5696 2442 5751 posset.
2486 5686 2590 5741 Sed
2622 5685 2736 5739 haec
2775 5699 2960 5736 eorum
2993 5683 3299 5736 emendatio
3335 5680 3635 5735 necessaria

2075 5773 2178 5809 non
2219 5768 2354 5816 erat,
2386 5771 2509 5810 cum
2530 5771 2629 5808 vox
2658 5753 2948 5816 ἀκούοντες
2978 5761 3140 5821 queat
3165 5751 3351 5807 referri
3385 5752 3451 5807 ad
3477 5767 3638 5823 genea-

2073 5827 2185 5881 rale
2210 5827 2475 5894 quoddam
2506 5841 2723 5893 nomen,
2758 5836 2880 5896 puta
2912 5824 3142 5878 πολῖται.
