4082 6398
431 347 497 400 79
1771 346 1828 402 S.
1873 347 2114 404 BASILII
2156 351 2368 407 MAGNI
3599 349 3667 402 80

430 463 512 514 vel
539 462 841 516 diutissime
857 464 1102 530 audiant,
1123 480 1457 534 nequaquam
1487 479 1548 518 ex
1560 465 1841 518 satiantur.
1865 465 2002 531 Quin

2113 485 2254 530 οντες
2298 469 2396 521 οὐκ
2429 461 2858 538 ἐμπίμπλανται.
2881 469 2986 520 Καὶ
3014 485 3134 529 τους
3166 466 3431 529 τοιούτους
3464 466 3667 536 δήμους

429 556 591 608 etiam
643 555 772 608 tales
800 557 1022 625 populos
1049 557 1200 611 multi
1251 558 1545 625 prrdicant
1589 559 1794 622 beatos,
1835 559 1996 626 qu'od,

431 647 634 703 relictis
673 648 774 702 fori
806 651 1154 715 mercaturis,
1183 661 1276 704 aut
1312 651 1508 705 artium
1557 651 1621 704 ad
1643 650 1808 702 vitam
1833 661 2003 704 tutan-

431 741 553 794 dam
585 741 942 810 spectantium
993 742 1399 798 inventionibus
1452 743 1731 810 neglectis,
1766 743 1816 795 in
1854 743 1998 796 omni

430 833 541 888 otio
569 843 731 903 atque
763 833 1037 902 voluptate
1087 842 1298 902 tempus
1347 835 1471 887 vita:
1511 834 1612 888 sibi
1643 834 2000 902 prtestitutum

431 927 768 996 transigunt;
807 925 1110 980 nescientes
1152 927 1483 981 orchestram
1525 943 1646 996 qua:
1681 928 2002 996 spectaculis

433 1014 660 1083 impuris
690 1013 1045 1077 abundat,his
1074 1016 1162 1082 qui
1196 1015 1302 1069 illic
1335 1017 1614 1071 consident
1661 1033 2000 1072 communem

435 1120 498 1158 ac
548 1106 812 1174 publicam
865 1118 988 1158 esse
1035 1105 1270 1160 lascivize
1327 1108 1617 1162 oﬁicinam.
1656 1110 1792 1174 Quin
1818 1119 1872 1162 et
1901 1109 2004 1162 illa“:

438 1199 686 1251 tibiarum
717 1197 1113 1253 modulationes
1161 1213 1420 1267 perquam
1475 1202 1770 1264 concinna,
1793 1216 1857 1256 ac
1894 1216 2004 1254 me-

435 1289 664 1343 retricia:
705 1290 1022 1355 cautiones,
1059 1292 1388 1344 audientium
1434 1292 1626 1346 animis
1670 1292 1962 1346 insidentes
1987 1331 2002 1354 ,

433 1383 670 1448 cunctis,
693 1393 876 1453 utpote
903 1383 1318 1438 citharmdorum
1351 1392 1444 1438 aut
1481 1385 1758 1439 tibicinum
1793 1386 2001 1454 pulsum

434 1472 979 1538 atmmlantibus,nihil
996 1475 1138 1528 aliud
1163 1491 1321 1543 quam
1346 1475 1732 1531 obscenitatem
1756 1477 2001 1531 suadent.

433 1561 554 1618 Jam
587 1579 717 1619 vero
735 1565 979 1618 nonnulli
1008 1567 1096 1634 qui
1131 1567 1284 1635 equis
1307 1581 1468 1636 supra
1491 1566 1705 1620 modum
1737 1567 2006 1622 delectau-

435 1666 544 1722 tur,
579 1656 660 1712 vel
704 1657 756 1711 in
788 1657 993 1712 somnis
1023 1673 1119 1726 pro
1153 1659 1306 1726 equis
1329 1659 1694 1723 contendunt,
1735 1659 2008 1725 transjun-

436 1760 623 1816 gentes
657 1763 870 1810 currus,
903 1748 1118 1817 aurigas
1138 1757 1577 1814 transmutantes,
1619 1759 1672 1804 et
1705 1749 1758 1804 in
1797 1764 2003 1804 summa

438 1840 580 1893 nein
606 1839 940 1892 somniorum
999 1839 1213 1907 quidem
1255 1839 1435 1893 visisa
1477 1839 1665 1894 diurna
1703 1842 2005 1908 insipientia

437 1940 651 1984 vacant.
685 1928 793 1983 Nos
846 1940 1024 1984 autem
1049 1971 1064 1995 ,
1098 1945 1232 1998 quos
1261 1929 1536 1998 Dominus,
1568 1947 1795 2002 magnus
1827 1949 2005 1988 rerum

442 2022 764 2077 niirabilium
784 2022 1008 2077 ell'ector
1033 2037 1096 2076 ac
1122 2021 1322 2092 opifex,
1353 2023 1418 2077 ad
1449 2040 1545 2077 sua
1581 2025 2006 2079 commendanda

440 2130 604 2184 Opera
636 2115 973 2178 convocavit,
1009 2131 1132 2168 num
1174 2116 1226 2169 in
1259 2117 1684 2184 contemplandis
1727 2127 1782 2172 ct
1807 2117 2012 2172 auscul-

440 2209 618 2263 tandis
649 2207 884 2278 Spiritus
919 2208 1146 2279 eloquiis
1163 2218 1255 2262 aut
1277 2209 1715 2274 fatiscemus,aut
1749 2210 1881 2280 pigri
1900 2212 2009 2264 eri-

443 2300 602 2355 mus?
652 2298 840 2354 Nonne
868 2301 1068 2370 potius,
1119 2317 1366 2370 magnam
1393 2301 1534 2355 illam
1569 2303 1882 2373 variamque
1931 2304 2012 2357 di—

440 2392 554 2446 vini
585 2392 786 2460 opiﬁcii
826 2391 1091 2446 oﬂiciuam
1145 2393 1590 2460 circumstantes,
1621 2404 1674 2449 et
1721 2397 2012 2465 unusquis-

444 2499 550 2552 que
625 2486 691 2536 ad
764 2492 1037 2538 transacta
1101 2493 1343 2552 tempora
1417 2493 1595 2538 mente
1663 2486 2009 2554 retrogressi,

442 2577 626 2630 mundi
665 2575 830 2630 totius
883 2574 1276 2630 ordinationem
1325 2575 1855 2645 contemplablmur?
1903 2590 2012 2631 cae-

442 2667 551 2720 lum
587 2667 804 2737 quidem
833 2664 982 2733 juxta
1036 2664 1414 2736 propheticum
1449 2681 1749 2722 sermonem
1799 2667 1852 2722 in
1898 2683 2014 2722 mo-

442 2756 570 2812 dum
633 2758 858 2813 l'ornicis
901 2756 1309 2812 conﬂatum“:
1374 2767 1574 2812 terram
1625 2774 1756 2813 vero
1809 2743 2013 2829 magni-

444 2849 632 2902 tudine
659 2862 723 2900 ac
742 2848 1007 2917 gravitate
1036 2845 1323 2912 inﬁnitam,
1341 2847 1509 2916 ipsam
1535 2847 1707 2915 seipsa
1737 2847 2008 2902 innixam:

445 2933 696 2988 dill‘usum
722 2949 923 2999 aerem,
953 2933 1165 2988 mollem
1191 2942 1244 2987 et
1272 2945 1461 3002 suapte
1501 2943 1690 2987 natura
1712 2933 2009 3000 humidum,

447 3027 731 3096 proprium
790 3034 843 3079 et
892 3034 1208 3094 perpetuum
1264 3024 1656 3095 respirantibus
1704 3025 2011 3080 alimentum

446 3116 901 3186 suppeditantem,
953 3117 1232 3172 cedentem
1277 3128 1473 3184 autem,
1514 3127 1567 3173 et
1588 3133 1696 3188 prae
1724 3117 1946 3173 mollitia
1982 3134 2009 3171 a
2039 3143 2080 3200 ς

445 3206 762 3276 corporibus
786 3206 947 3260 motis
981 3220 1099 3262 sese
1135 3206 1444 3263 interscintli
1480 3209 1765 3272 sinentem,
1800 3208 1931 3263 nihil
1957 3218 2016 3262 ut

447 3293 817 3363 impedimenti
851 3293 920 3347 sit
948 3306 1044 3362 per
1078 3294 1252 3363 ipsum
1285 3296 1620 3360 meantibus;
1673 3310 1792 3350 cum
1818 3297 1883 3350 ad
1907 3305 2015 3350 ter-

448 3401 574 3455 gum
601 3399 786 3441 eorum
813 3383 902 3452 qui
936 3383 1109 3454 ipsum
1147 3386 1376 3454 ﬁndunt,
1410 3386 1632 3455 recipiat
1660 3403 1719 3443 se
1746 3387 1904 3442 facile
1952 3402 2016 3440 ac

452 3481 681 3537 dimuat.
739 3481 906 3548 Aquae
969 3479 1202 3548 denique
1243 3488 1526 3543 naturam,
1575 3487 1684 3533 tum
1730 3479 1845 3548 ejus
1897 3495 2016 3550 qua:

449 3576 766 3631 alimentum
794 3570 1184 3633 subministrat,
1207 3578 1319 3623 tum
1351 3571 1464 3637 ejus
1517 3584 1634 3639 qua:
1673 3571 1738 3625 ad
1765 3570 1898 3625 alios
1927 3586 2018 3624 no-

449 3680 595 3724 stros
620 3681 749 3722 usus
784 3665 1107 3730 destinatur,
1149 3662 1413 3731 simulque
1434 3663 1732 3716 ordinatam
1776 3665 2014 3733 ejusdem

452 3759 520 3812 ad
552 3755 772 3812 deﬁnita
797 3754 912 3809 loca
959 3750 1458 3821 congregationem,
1507 3765 1570 3804 cx
1601 3751 1683 3806 his
1710 3767 1829 3820 quae
1861 3755 2016 3808 modo

454 3849 614 3904 nobis
648 3848 787 3902 lecta
809 3855 957 3910 sunt,
999 3843 1322 3912 conspicias.

524 3937 576 3991 Ξ.
596 3937 705 4010 34
719 3937 790 3991 Et
804 3937 935 3990 dixit
955 3935 1094 3989 Deus
1111 3950 1130 3988 :
1145 3933 1494 4002 Congregetur
1509 3924 1770 4003 aqua‘qua:
1784 3935 1874 3986 sub
1892 3937 2015 3988 caan

450 4042 525 4085 est
572 4032 628 4084 in
675 4030 1124 4100 congregationem
1154 4041 1337 4088 unam,
1391 4035 1438 4078 et
1472 4034 1721 4094 appareat
1748 4025 1916 4079 arida.
1947 4023 2017 4079 Et

452 4123 652 4190 {actum
689 4130 761 4174 est
796 4120 870 4174 sic
899 4134 922 4174 :
963 4127 1009 4172 et
1036 4126 1346 4186 congregata
1369 4126 1441 4169 est
1469 4133 1604 4186 aqua
1625 4132 1742 4180 quae
1782 4116 1875 4170 sub
1892 4117 2015 4170 calo

452 4224 566 4267 erat
627 4215 682 4266 in
720 4210 1144 4282 congregatione:
1177 4225 1300 4262 sua:
1326 4222 1345 4261 .'
1384 4219 1432 4262 et
1459 4211 1701 4279 apparuit
1736 4209 1909 4264 arida.
1950 4209 2015 4262 Et

453 4307 646 4360 vocavit
679 4304 814 4359 Deus
842 4301 1070 4368 aridam,
1094 4314 1308 4365 terram,
1332 4312 1378 4356 et
1409 4301 1733 4355 collectiones
1762 4318 2017 4370 aquarum

452 4397 647 4450 vocarit
671 4394 838 4448 maria
865 4392 928 4445 “.
957 4393 1170 4459 Quanta
1219 4392 1346 4444 mihi
1409 4391 1462 4444 iu
1499 4376 1866 4461 superioribus
1903 4406 2018 4444 ser-

2103 554 2285 607 πόλλοὶ
2311 556 2721 626 μακαρίζουσιν,
2746 558 2847 611 ὅτι.
2878 557 2976 619 τὰς
3004 557 3122 608 κατ’
3152 556 3355 626 ἀγορὰν
3378 556 3664 626 ἐμπορίας,

2101 645 2133 716 ἢ
2178 646 2276 708 τὰς
2307 649 2371 700 ἐκ
2394 648 2498 700 τῶν
2541 648 2745 717 τεχνῶν
2778 649 2913 718 πρὸς
2944 648 3004 700 τὸ
3035 648 3131 716 ζῇν
3160 647 3399 710 ἐπινοίας
3439 647 3667 700 καταλι-

2103 737 2294 801 πόντες
2334 738 2474 807 (60),
2529 738 2616 791 διά
2666 740 2934 810 ῥᾳθυμίας
2981 740 3158 809 πάσης
3205 738 3296 791 καὶ
3335 739 3528 809 ἡδονῆς
3577 738 3668 791 τὸν

2101 829 2428 899 τεταγμένον
2451 831 2662 893 ἑαυτοῖς
2683 831 2781 900 τῆς
2809 831 2950 900 ζωῆς
2984 831 3170 901 χρόνον
3191 829 3540 900 διαπερῶσιν,
3571 830 3670 882 οὐκ

2102 920 2302 982 εἰδότες
2351 921 2430 973 ὅτι
2457 920 2734 992 ὀρχήστρα
2768 921 3135 991 εὐθηνουμένη
3181 921 3444 991 θεάμασιν
3467 920 3667 974 ἀκολά-

2106 1027 2245 1072 στοις
2298 1010 2474 1064 κοινὺν
2529 1013 2622 1064 καὶ
2677 1011 2930 1081 δημόσιον
2979 1011 3341 1065 διδασκαλεῖον
3381 1013 3668 1082 ἀσελγείας

2103 1105 2212 1164 τοῖς
2253 1102 2683 1174 συγκαθημένοις
2737 1104 2872 1167 ἐστὶ,
2925 1104 3018 1157 καὶ
3063 1104 3130 1155 τά
3183 1105 3526 1175 παναρμόνια
3559 1106 3668 1158 τῶν

2103 1195 2277 1248 αὐλῶν
2308 1195 2442 1266 μέλη
2467 1197 2562 1249 καὶ
2586 1197 2805 1268 ᾄσματα
2834 1195 3090 1268 πορνικά,
3122 1197 3527 1267 ἐγκαθεζόμενα
3553 1201 3669 1261 ταῖς

2103 1286 2207 1339 τῶν
2237 1288 2582 1342 ἀκουσάντων
2617 1288 2726 1357 (Gl)
2759 1287 2976 1358 ψυχαῖς,
3008 1288 3157 1341 οὐδὲν
3188 1288 3370 1359 ἕτερον
3405 1289 3437 1360 ἣ
3464 1289 3668 1351 πάντας

2105 1379 2432 1448 ἀσχημονεῖν
2465 1379 2768 1444 ἀναπείθει,
2803 1382 2871 1434 τά
2905 1381 3012 1432 τῶν
3039 1379 3369 1450 κιθαριστῶν
3403 1380 3434 1450 ἦ
3465 1380 3532 1433 τά
3561 1378 3667 1432 τῶν

2106 1469 2353 1540 αὐλητῶν
2371 1470 2653 1542 κρούματα
2688 1471 2796 1540 (69.)
2829 1471 3211 1541 μιμουμένους.
3254 1471 3392 1540 Ἤδη
3431 1471 3489 1524 δέ
3525 1488 3668 1535 τινες

2105 1562 2209 1614 τῶν
2237 1563 2680 1632 ίππομανούντων
2703 1563 2795 1615 καὶ
2816 1563 2947 1633 ὄναρ
2972 1563 3109 1633 ὑπὲρ
3138 1562 3242 1615 τῶν
3266 1563 3443 1615 ἵππων
3474 1564 3670 1632 μάχον-

2105 1670 2212 1715 ται,
2242 1654 2461 1725 ἅρματα
2486 1653 2938 1724 μεταζευγνύντες
2968 1656 3058 1707 καὶ
3085 1655 3331 1725 ἡνιόχους
3365 1655 3669 1724 μετατιθέν-

2105 1762 2216 1808 τες,
2259 1745 2353 1798 καῖ
2387 1745 2520 1808 ὅλως
2551 1746 2648 1815 τῆς
2681 1745 3048 1816 μεθημερινῆς
3096 1746 3405 1816 ἀφροσύνης
3451 1745 3570 1798 οὐδὲ
3610 1748 3668 1799 ἐν

2107 1843 2226 1902 ταῖς
2278 1839 2396 1891 καθ’
2426 1837 2592 1892 ὕπνον
2647 1839 2962 1906 φαντασίαις
2994 1839 3332 1908 ἀφίστανται.
3393 1839 3580 1908 Ἡμεῖς
3612 1837 3667 1890 δὲ

2108 1930 2234 2001 ἄρα,
2265 1930 2357 1993 οὒς
2385 1932 2412 1984 ό
2435 1931 2654 2002 Κύριος,
2689 1932 2716 1982 ὁ
2763 1931 2934 1999 μέγας
2959 1931 3355 1998 θαυματοποιὸς
3373 1931 3464 1984 καὶ
3491 1931 3665 2001 τεχνί-

2108 2039 2223 2092 της,
2244 2024 2335 2075 ὲπὶ
2365 2022 2460 2093 τὴν
2480 2021 2731 2086 ἐπίδειξιν
2753 2021 3076 2075 συνεκάλεσε
3109 2021 3215 2075 τῶν
3247 2021 3458 2074 οἰκείων
3474 2021 3666 2092 ἔργων’,

2108 2115 2539 2186 ἀποκαμούμεθα
2584 2115 2718 2186 πρὸς
2745 2114 2842 2184 τὴν
2872 2113 3000 2168 θέαν
3041 2113 3174 2186 (65),
3215 2114 3246 2184 ἧ
3292 2115 3669 2183 ἀποκνήσομεν

2110 2208 2245 2278 πρὸς
2298 2208 2399 2278 τὴν
2451 2207 2713 2278 ἀκρόασιν
2763 2206 2870 2261 τῶν
2923 2202 3267 2276 λογίωντοῦ
3323 2207 3667 2276 Πνεῦματοςς

2122 2297 2258 2349 Ἀλλ’
2284 2299 2402 2368 οὐχ).
2447 2299 2508 2350 τὸ
2554 2297 2694 2368 μέγα
2743 2296 2899 2350 τοῦτο
2951 2297 3046 2351 καὶ
3090 2297 3329 2351 ποικίλον
3379 2297 3476 2367 τῆς
3524 2295 3670 2358 θείας

2109 2388 2464 2460 δημιουργίας
2488 2391 2850 2461 ἐργαστήριον
2880 2388 3253 2460 περιστάντες,
3282 2389 3373 2441 καὶ
3393 2388 3526 2459 πρδς
3547 2389 3670 2449 τοὺς

2110 2481 2220 2534 ἄνω
2239 2481 2458 2550 χρόνους
2486 2481 2870 2544 ἐπανελθόντες
2904 2483 2967 2550 τῇ
3011 2478 3218 2550 διανοίᾳ
3247 2479 3494 2541 ἕκαστος,
3541 2478 3666 2546 ἀψό-

2116 2570 2250 2641 μεθα
2306 2571 2404 2642 τὴν
2461 2571 2818 2644 διακόσμησιν
2849 2572 2941 2624 τοῦ
3003 2571 3233 2637 παντός;
3290 2571 3511 2642 οὐρανὸν
3574 2571 3669 2640 μὲν

2114 2663 2397 2734 ἱστάμενον
2440 2662 2577 2731 (64),
2620 2663 2759 2717 κατά
2791 2662 2880 2716 τὸν
2928 2661 3258 2734 προφητικὸν
3305 2662 3487 2730 λόγον,
3540 2661 3670 2714 ὡσεὶ

2118 2753 2407 2825 καμάραν·
2452 2754 2554 2823 γῆν
2586 2753 2662 2817 δὲ,
2705 2752 2801 2824 τὴν
2844 2753 3068 2824 ἄπειρον
3107 2753 3321 2824 μεγέθει
3348 2755 3440 2807 καὶ
3476 2753 3667 2822 βάρει,

2113 2844 2278 2914 αὐτὴν
2303 2847 2384 2914 ἐφ’
2410 2845 2607 2914 ἑαυτῆς
2636 2844 2996 2916 ὲδραζομένην
3020 2863 3033 2875 ·
3063 2846 3199 2917 ἀέρα
3246 2846 3536 2916 κεχυμένον
3567 2864 3669 2917 μα-

2112 2935 2274 2988 λακὸν
2296 2936 2386 2988 καὶ
2423 2936 2586 3006 ὑγρὸν
2615 2938 2677 3007 τῇ
2726 2936 2904 3004 φύσει,
2956 2937 3159 2989 οίκείαν
3201 2937 3294 3006 μὲν
3329 2937 3422 2989 καὶ
3451 2935 3669 3005 διηνεκῆ

2112 3026 2319 3096 τροφὴν
2364 3029 2476 3088 τοῖς
2527 3026 2850 3079 ἀναπνέουσι
2881 3028 3268 3098 παρεχόμενον,
3303 3026 3589 3080 ὑπείκοντα
3615 3025 3670 3078 δὲ

2113 3115 2207 3166 καὶ
2241 3116 2684 3186 περισχιζόμενον
2725 3120 2837 3180 τοῖς
2866 3118 3202 3188 κινουμένοις
3231 3117 3299 3170 δι’
3325 3116 3668 3188 ἁπαλότητα,

2114 3206 2188 3270 ὡς
2232 3207 2395 3278 μηδὲν
2440 3207 2692 3278 ἐμπόδιον
2727 3203 2865 3261 εἶναι
2912 3211 3039 3281 παρ’
3066 3207 3227 3261 αὐτοῦ
3269 3210 3377 3272 τοῖς
3412 3208 3668 3280 ὁρμῶσιν,

2115 3297 2200 3350 ἀεὶ⁹
2235 3298 2367 3368 πρὸς
2394 3298 2454 3350 τὸ
2476 3297 2704 3350 κατόπιν
2733 3297 2840 3350 τῶν
2869 3297 3169 3368 τεμνόντων
3209 3297 3369 3349 αὐτὸν
3400 3299 3673 3367 ἀντιπερι-

2122 3389 2406 3459 ισταμένου
2448 3389 2559 3460 (65)
2609 3389 2805 3461 ῥᾳδίως
2859 3391 2953 3443 καὶ
3006 3388 3405 3462 περιρρέοντος.
3445 3389 3672 3452 ’Ύδατος

2113 3481 2170 3534 δὲ
2202 3482 2362 3550 φύσιν
2391 3481 2484 3535 τοῦ
2519 3499 2578 3536 τε
2616 3482 2879 3554 τροφίμου
2922 3484 3016 3536 καὶ
3049 3483 3141 3535 τοῦ
3189 3482 3328 3535 κατά
3370 3481 3468 3545 τὰς
3511 3480 3671 3544 ἄλλας

2115 3573 2298 3644 χρείας
2321 3576 2453 3645 ἡμῖν
2474 3575 2939 3646 εὐτρεπισθέντος,
2967 3575 3062 3628 καὶ
3092 3573 3187 3645 τὴν
3211 3574 3466 3627 εὔτακτον
3487 3573 3670 3626 τούτου

2117 3666 2252 3736 πρὸς
2281 3669 2406 3729 τοὺς
2433 3666 2846 3738 ἀφωρισμένους
2870 3668 3064 3729 τόπους
3100 3665 3431 3735 συναγωγὴν,
3471 3665 3533 3717 ὲκ
3565 3664 3671 3716 τῶν

2115 3759 2313 3828 ἀρτίως
2343 3759 2473 3826 ἡμῖν
2499 3759 2920 3828 ἀνεγνωσμένων
2952 3759 3194 3827 κατόψει.

2190 3941 2245 3993 ‘2.
2284 3939 2393 3992 Kal
2437 3933 2605 3992 εἶπεν
2643 3942 2675 3992 ό
2709 3941 2885 4005 Θεόςο
2923 3939 3280 4009 Συναχθήτω
3311 3937 3373 3993 τὸ
3425 3937 3577 4005 ὓδωρ
3608 3935 3674 3990 τὸ

2115 4034 2392 4086 ὑποκάτω
2425 4033 2530 4088 τοῦ
2565 4033 2823 4101 οὐρανοῦ
2856 4037 2941 4100 είς
2979 4031 3341 4104 συναγωγὴν
3363 4031 3529 4101 μίαν,
3579 4029 3674 4083 καὶ

2116 4124 2488 4194 ὀφθήτωῶϐ)
2541 4127 2580 4194 ἡ
2638 4125 2806 4192 ξηρά.
2855 4125 2961 4179 Καὶ
3018 4125 3254 4195 ἐγένετο
3309 4125 3526 4189 οὕτως,
3578 4121 3674 4177 καὶ

2116 4218 2392 4288 συνήχθη
2426 4219 2489 4271 τὸ
2522 4219 2676 4288 ὕδωρ
2703 4217 2768 4271 τὸ
2826 4218 3102 4273 ὑποκάτω
3146 4218 3252 4272 τοῦ
3294 4215 3548 4286 οὐρανοῦ
3592 4218 3678 4280 εἰς

2118 4308 2222 4374 τὰς
2275 4309 2628 4378 συναγωγὰς
2671 4310 2888 4375 αὐτῶν,
2923 4310 3018 4363 καὶ
3057 4309 3221 4378 ὤφθη
3274 4311 3311 4376 ἡ
3363 4305 3531 4376 ξηρά.
3569 4305 3674 4359 Καὶ

2118 4399 2415 4453 ἐκάλεσεν
2449 4404 2481 4453 ὀ
2509 4402 2651 4467 Θεὸς
2675 4401 2789 4469 τὴν
2810 4401 3017 4468 ξηρὰν,
3047 4401 3182 4470 γῆν,
3216 4399 3315 4454 καὶ
3352 4399 3422 4453 τὰ
3447 4398 3676 4466 συστή-

455 4487 705 4542 monibus
733 4485 1023 4541 exhibuisti
1054 4487 1266 4554 negotia
1288 4485 1432 4551 ,dum
1462 4498 1681 4538 causam
1700 4483 2011 4550 requireresI

2116 4507 2274 4560 ματα
2313 4490 2430 4544 τῶν
2463 4492 2696 4546 ὑδάτων
2737 4491 2992 4545 ἐκάλεσε
3026 4490 3358 4554 θαλάσσας.
3397 4487 3543 4540 Πόσα
3590 4504 3679 4557 μοι

455 4579 723 4648 quomodo
744 4588 886 4633 terra
931 4579 1090 4632 fuerit
1113 4576 1424 4632 invisibilis:
1448 4575 1876 4644 quandoquidem
1903 4575 2020 4629 cui-

454 4667 585 4723 libet
614 4670 825 4739 corpori
855 4668 1172 4724 naturaliter
1209 4669 1346 4764 inest
1373 4667 1540 4732 color,
1571 4676 1628 4721 et
1668 4666 1844 4720 omnis
1873 4665 2019 4721 color

527 4811 571 4842 ⁶⁰
605 4809 708 4864 lsa.
736 4826 823 4874 ιι,
851 4809 941 4862 22.
1018 4810 1058 4840 ⁶¹
1091 4808 1465 4873 Geu.t,9,10.

527 4947 639 5014 (60)
671 4946 919 5000 Nonnulli
944 4963 1074 5001 mss.
1109 4947 1548 5007 καταλείποντες.

527 5017 643 5085 (61)
665 5017 819 5070 Colb.
852 5018 1122 5072 secundus
1146 5018 1472 5070 ἀκουόντων.

533 5083 646 5161 (62)
693 5086 784 5140 Sic
824 5102 954 5161 mss.
999 5089 1264 5161 quin_que._
1288 5087 1441 5161 Editi
1486 5099 1607 5139 cum
1632 5083 1861 5161 _duo_l_uts
1888 5097 2016 5137 mss.

460 5151 806 5231 κρούσματα.
840 5155 989 5231 Lege
1015 5151 1360 5231 Ambrosium
1385 5157 1485 5231 lib.
1530 5170 1588 5208 ιιι
1624 5153 1692 5231 In
1738 5151 2018 5231 Hexaem.,

462 5223 582 5296 cap.
607 5223 659 5290 1,
697 5242 844 5280 num.
891 5223 944 5290 5,
979 5228 1030 5280 in
1058 5241 1164 5295 quo
1213 5226 1491 5293 legendum
1526 5223 1807 5296 suspicor:
1843 5225 2021 5276 morti-

459 5294 559 5370 feri
583 5306 767 5373 cantus
798 5308 1093 5373 cromatam
1121 5299 1582 5373 scenicorum,au_t
1612 5294 1790 5373 potius
1819 5308 2022 5373 cruma-

458 5361 570 5422 ium
611 5369 957 5433 scenicorum,
993 5367 1063 5421 ob
1113 5367 1492 5422 auctoritatem
1542 5363 1744 5430 Basilii,
1787 5362 1878 5431 qui
1933 5361 2020 5416 hic

456 5440 558 5493 hac
585 5441 694 5504 ipsa
728 5453 860 5492 voce
891 5440 1080 5492 utitur.

531 5509 642 5579 (65)
675 5507 828 5563 Colb.
857 5508 1128 5580 secundus
1178 5506 1306 5561 θέαν
1358 5507 1450 5561 καὶ
1501 5507 1746 5580 ἔρευναν,
1798 5511 2024 5557 contem-

459 5578 673 5646 plandis
700 5589 748 5632 et
781 5579 1106 5638 scrutandis.
1144 5590 1250 5633 etc.

531 5649 643 5717 (66)
673 5650 823 5718 Regii
857 5659 1045 5703 sextus
1071 5659 1125 5704 et
1167 5659 1390 5703 octavus
1423 5662 1547 5702 cum
1584 5646 1736 5718 Colb.
1788 5645 2022 5702 secundo

459 5715 775 5802 ἱστάμεντονῖ
808 5719 946 5774 Editi
977 5735 1098 5800 cum
1130 5720 1400 5802 aliquibus
1437 5733 1568 5772 mss.
1596 5715 1913 5802 intb'pevov'.

531 5786 643 5857 (65)
676 5787 765 5843 Sic
797 5806 923 5843 mss.
951 5786 1375 5859 quinquefEditi
1410 5789 1850 5857 περιισταμένου.
1888 5786 2016 5850 “ea.

2126 4584 2421 4655 πράγματα
2454 4587 2708 4656 παρεῖχες
2733 4585 2790 4636 ὲν
2828 4587 2936 4646 τοῖς
2954 4584 3178 4636 κατόπιν
3204 4582 3399 4649 λόγοις,
3434 4576 3677 4632 ἀπαιτῶν

2125 4675 2222 4744 τὴν
2270 4677 2446 4729 αἰτίαν
2493 4676 2608 4740 πῶς
2644 4676 2869 4746 ἀόρατος
2924 4677 2957 4745 ἡ
3001 4675 3072 4744 γῆ
3123 4673 3254 4744 (67),
3282 4673 3442 4725 παντὶ
3469 4669 3678 4740 σώματι

2122 4943 2328 5013 primus
2341 4941 2650 5013 _dv1t5tt0“ta
2659 4939 2838 5010 μένου.

2197 5011 2306 5081 (66)
2339 5011 2489 5072 lleaii
2522 5001 2824 5081 prim'usAet
2856 5009 3089 5081 quintus
3117 5008 3196 5069 εἰς
3221 5021 3327 5081 ⁸τας
3359 5001 3679 5071 συναγωγὰς

2121 5075 2324 5143 αὐτῶν,
2352 5081 2446 5134 καὶ
2465 5075 2697 5150 δφθήτω.
2731 5075 3034 5150 Εόῑιιςυιιι
3084 5075 3264 5150 multis
3303 5088 3430 5127 mss.
3477 5083 3530 5125 et
3557 5088 3676 5124 cum

2123 5169 2281 5210 sacro
2306 5160 2452 5204 textu
2488 5145 2566 5214 είς
2589 5145 2918 5218 ’συναγωγὴν
2974 5145 3136 5218 μίαν.
3174 5145 3292 5218 Mox
3324 5157 3477 5218 sacer
3507 5151 3678 5218 textus

2122 5233 2175 5279 et
2193 5223 2320 5278 editi
2353 5232 2407 5274 et
2449 5213 2577 5274 mss.
2613 5213 2762 5272 multi
2797 5213 2897 5271 hoc
2940 5213 3177 5272 secundo
3220 5216 3335 5268 loco
3374 5213 3570 5266 habent
3598 5213 3677 5274 είς

2123 5294 2224 5357 τὰς
2252 5291 2570 5359 συναγωγὰς
2591 5290 2790 5349 αὐτῶν,
2813 5288 2906 5340 καὶ
2940 5285 3093 5354 ὤφθη
3121 5287 3175 5356 ἡ,
3194 5296 3297 5359 etc.
3335 5283 3464 5359 Reg.
3497 5291 3679 5359 sextus

2125 5349 2436 5431 inittroqu'e
2480 5349 2795 5431 'locdhabet
2825 5360 2906 5420 εἰς
2963 5349 3284 5431 συναγξυγὴν
3334 5349 3479 5431 μίαν.
3537 5349 3678 5404 Infra

2125 5423 2516 5503 Anglici-mss.
2550 5429 2843 5503 θάλασσαν,
2889 5437 3078 5503 contra
3125 5423 3282 5480 ﬁdem
3344 5423 3676 5503 reliquorum

2128 5496 2261 5557 mss.
2289 5503 2341 5555 iu
2375 5500 2569 5569 quibus
2592 5500 2784 5569 legitur
2822 5496 3174 5569 θαλάσσαςμη
3301 5564 3331 5569 _
3372 5561 3402 5569 η
3617 5501 3626 5514 ’
3749 5562 3754 5568 .

2199 5573 2308 5642 (67)
2338 5561 2467 5642 Reg.
2510 5561 2726 5642 quintus
2751 5563 2818 5638 ἦν
2855 5570 2888 5637 ἠ
2936 5567 3027 5638 γῆ.
3063 5561 3442 5642 lhidemColb.
3482 5574 3676 5642 secun-

2125 5628 2225 5698 dus
2263 5628 2444 5694 παντὶν
2457 5628 2578 5709 μέν.
2626 5639 2728 5709 Alii
2751 5628 2857 5690 duo
2878 5628 3017 5709 'm'ss'.
3046 5635 3358 5709 simpliciter
3384 5631 3544 5709 παντὶ
3574 5628 3678 5709 σῶ-

2129 5731 2254 5784 ματι
2291 5698 2551 5784 φυσικῶς
2583 5707 2866 5784 χρώματος
2904 5698 3268 5784 αἰσθητρῦλτῇ
3313 5703 3496 5784 δράσει
3548 5698 3678 5752 καθ-

2124 5774 2430 5844 ὲσττκότος.
2463 5774 2751 5836 Editicum
2781 5778 2896 5834 aliis
2924 5774 3060 5832 mss.
3089 5774 3256 5829 iusius
3276 5785 3324 5829 et
3359 5774 3572 5828 rectius.
