4082 6398
329 386 390 441 81
1453 383 1740 440 ΗΟΜΙῌΑ
1781 385 1846 439 IV
1887 389 1954 442 IN
1995 389 2489 446 l-IEXAEMERON.
3444 402 3451 409 '
3513 391 3582 446 εξ

331 501 576 571 φυσικῶς
607 500 895 571 χρώματος
921 503 1327 572 συμπαρόντος,
1361 504 1558 566 παντὸς
1593 504 1650 558 δὲ
1687 505 1911 576 χρώμα-

2023 511 2162 563 risus
2202 525 2362 563 sensu
2412 508 2871 579 apprehenditur?
2900 509 2964 563 Et
3018 509 3156 563 forte
3214 524 3330 578 qua
3375 508 3580 577 prolata

329 610 421 656 τος
447 593 702 663 αἰσθητοῦ
737 596 802 663 τῇ
834 595 1020 664 ὁράσει
1046 594 1484 664 καθεστηκότος;
1517 598 1626 649 Καὶ
1654 598 1792 668 τάχα
1827 615 1909 650 σοι

330 685 432 737 οὑκ
464 683 637 736 ἐδόκει
675 685 962 755 αὑτάρκως
997 685 1140 755 ἔχειν
1191 687 1260 740 τά
1309 690 1600 758 εἰρημένα.
1646 692 1728 744 ὅτι
1775 693 1910 762 πρὸς

329 775 482 844 ἡμᾶς
513 773 578 826 τὸ
611 774 893 842 ἀόρατον,
928 776 988 828 οὑ
1038 777 1173 848 πρὸς
1217 779 1315 849 τὴν
1358 780 1518 847 φύσιν
1573 781 1760 852 εἴρητο
1801 782 1910 852 (68)

331 863 423 916 διὰ
463 862 561 933 τὴν
605 862 698 915 τοῦ
748 862 932 926 ὓδατος
989 867 1406 938 ὲπιπρόσθησιν,
1440 868 1468 921 ὃ
1509 870 1629 922 τότε
1673 870 1768 940 τὴν
1808 871 1910 940 γῆν

334 957 516 1007 πᾶσαν
539 954 990 1026 περιεκάλυπτεν.
1032 957 1162 1010 Ἰδοὺ
1189 958 1283 1013 νῦν
1316 960 1476 1014 ἄκουε
1509 961 1677 1031 αὐτῆς
1718 963 1911 1032 ἑαυτὴν

333 1047 436 1116 τῆς
463 1048 686 1118 Γραςρῆς
709 1049 1067 1120 φανερούσης.
1099 1051 1464 1120 Συναχθήτω
1486 1052 1555 1105 τὰ
1585 1051 1790 1109 ὕδατα.
1812 1053 1909 1105 καὶ

336 1139 573 1208 ὁρθήτω
598 1141 635 1206 ἡ
665 1139 836 1207 ξηρά.
867 1141 1189 1195 Συνέλκεται
1216 1143 1282 1195 τὰ
1306 1145 1802 1214 παραπετάσματα,
1825 1144 1914 1198 ἵνα

337 1231 591 1300 ἐμφανὴς
628 1232 853 1302 γένηται
895 1235 926 1303 ἡ
961 1233 1097 1298 τέως
1144 1234 1216 1305 μὴ
1259 1236 1531 1306 ὁρωμένη.
1574 1238 1733 1299 Ἴσως
1774 1237 1818 1289 δ’
1850 1236 1913 1291 ἄν

338 1341 420 1386 τις
453 1324 672 1376 κάκεῖνο
712 1324 846 1396 πρὸς
890 1326 1097 1389 τούτοις
1129 1326 1494 1398 ἐπιζητήσειε.
1533 1329 1754 1398 Πρῶτον
1793 1329 1911 1398 μὲν,

337 1417 427 1469 δια
453 1417 503 1468 τί
529 1417 557 1469 ὃ
591 1417 733 1471 κατὰ
769 1417 929 1486 φύσιν
963 1420 1194 1490 ὑπάρχει
1218 1421 1300 1490 τῷ,
1317 1419 1468 1473 ὕδατι
1495 1421 1754 1491 φέρεσθαι
1779 1421 1914 1491 πρὸς

337 1507 400 1560 τὸ
432 1507 716 1571 κάταντες,
750 1509 908 1562 τοῦτο
941 1510 1036 1562 ἐπὶ
1064 1509 1124 1562 τὸ
1159 1511 1489 1582 πρόσταγμα
1522 1511 1614 1564 τοῦ
1646 1514 1915 1582 Δημιουρ-

339 1599 438 1666 γοῦ
461 1602 488 1652 ὁ
522 1599 677 1668 λόγος
701 1599 926 1668 άνάγει;
958 1601 1104 1664 Ἕως
1147 1601 1244 1671 μὲν
1271 1602 1380 1673 γὰρ
1420 1602 1484 1656 ἂν
1533 1603 1627 1655 ἐπὶ
1663 1602 1756 1656 τοῦ
1805 1605 1913 1656 ico-

342 1691 504 1744 πέδου
534 1693 784 1762 κείμενον
813 1693 950 1765 τύχῃ
978 1693 1088 1762 (69)
1127 1696 1189 1748 τὸ
1230 1695 1392 1767 ὕδωρ,
1443 1695 1700 1766 στάσιμόν
1747 1697 1914 1760 ἐστιν,

339 1785 442 1837 οὐκ
485 1785 622 1854 ἔχων
646 1786 779 1839 ὅπου
808 1787 1086 1856 μεταρρύῇ
1109 1803 1122 1816 ο
1163 1786 1380 1840 ἐπειδὰν
1403 1786 1460 1839 δέ
1489 1804 1630 1850 τινος
1677 1803 1917 1858 πρανους

340 1872 615 1942 λάϐηται,
673 1873 834 1936 εὐθὺς
883 1855 1227 1944 ὁρμήσαντος
1277 1875 1372 1927 τοῦ
1423 1855 1791 1946 προάγοντος,
1857 1875 1917 1927 τὸ
1949 1855 1992 1909 Β

344 1968 566 2036 συνεχὲς
603 1967 750 2038 αὑτῷ
788 1967 886 2038 τὴν
927 1967 1082 2037 βάσιν
1127 1969 1220 2021 τοῦ
1266 1969 1574 2040 κινηθέντος
1617 1968 1918 2038 ἐπιλαμϐά-

343 2076 457 2121 νει,
501 2060 594 2112 καὶ
652 2058 749 2130 τὴν
798 2059 1006 2112 ἐκείνου
1061 2059 1121 2136 τὸ
1174 2060 1543 2129 ὲερεπόμενον·
1603 2058 1698 2112 καὶ
1746 2060 1918 2122 οὕτως

345 2149 682 2218 ὑπεκφεύγει
709 2149 806 2220 μὲν
828 2152 915 2204 ἀεὶ
940 2151 1002 2204 τὸ
1049 2152 1308 2221 προάγον,
1346 2152 1548 2204 ἐπωθεῖ
1581 2152 1636 2204 δὲ
1669 2152 1730 2204 τὸ
1759 2153 1921 2222 ἐπερ-

342 2243 604 2312 χόμενον·
636 2244 729 2296 καὶ
761 2242 998 2313 τοσούτῳ
1025 2243 1310 2315 ὀξυτέραή
1347 2243 1487 2315 φορὰ
1525 2245 1753 2312 γίνεται,
1792 2245 1921 2313 ὅσῳ-

344 2351 454 2405 περ
496 2334 560 2388 ἂν
595 2335 686 2387 καὶ
720 2335 780 2387 τὸ
813 2334 976 2406 βάρος
1075 2334 1255 2388 πλεῖον
1297 2335 1388 2387 τοῦ
1447 2335 1917 2406 καταφερομένου,

345 2425 442 2477 καὶ
465 2424 526 2477 τὸ
556 2425 752 2496 χωρίον
783 2426 1108 2497 κοιλότερον,
1138 2427 1274 2496 πρὸς
1295 2425 1322 2477 ὃ
1357 2428 1389 2496 ἡ
1412 2426 1712 2497 ὲπὶῥρυσις.
1739 2427 1802 2479 Εἰ
1828 2422 1921 2479 οὖν

345 2515 489 2570 οὑτω
522 2517 730 2585 πέφυκε
776 2517 837 2570 τὸ
881 2517 1042 2589 ὕδωρ,
1092 2519 1352 2590 παρέλκοι
1385 2517 1451 2571 ἂν
1492 2518 1551 2571 τὸ
1594 2518 1921 2589 πρόσταγμα

343 2608 405 2660 τὸ
429 2607 644 2661 κελεῦον
675 2608 1008 2678 συναχθῆναι
1033 2613 1112 2673 είς
1144 2609 1462 2680 συναγωγὴν
1505 2610 1652 2679 μίαν.
1688 2609 1920 2680 Ἔμελλε

348 2700 458 2770 γὰρ
490 2700 702 2763 πάντως
731 2700 819 2753 διὰ
851 2701 913 2754 τὸ
944 2703 1288 2773 κατάρροπον
1323 2701 1423 2770 τῆς
1443 2701 1676 2769 φύσεως,
1708 2703 1799 2753 ἐπὶ
1823 2701 1920 2772 τὴν

347 2794 566 2847 πάντων
595 2793 906 2864 κοιλοτέραν
950 2792 1134 2864 χώραν
1191 2792 1512 2862 αὑτομάτως
1564 2790 1918 2855 συνδίδοσθαι,

349 2885 444 2936 καὶ
485 2882 557 2953 μὴ
615 2883 875 2955 πρότερον
936 2883 1227 2954 στήσεσθαι
1281 2883 1410 2954 πρὶν
1459 2881 1814 2952 ὁμαλισθῆναι
1853 2882 1921 2935 τά

348 2975 512 3027 νῶτα.
548 2975 714 3028 Οὐδὲν
757 2975 865 3047 γὰρ
909 2975 1051 3029 οὑτω
1102 2976 1298 3047 χωρίον
1357 2974 1620 3036 ἰσόπεδον,
1652 2974 1726 3038 ὡς
1759 2975 1791 3044 ἡ
1825 2973 1919 3026 τοῦ

349 3067 538 3130 ὓδατος
560 3069 865 3136 ἐπιφάνεια.
901 3069 1129 3121 Ἔπειτα
1159 3069 1295 3132 πῷς,
1331 3068 1515 3138 φησὶν,
1563 3069 1643 3130 εἰς
1674 3084 1915 3135 συναγω-

349 3159 452 3229 γὴν
501 3158 628 3230 μίαν
675 3158 969 3229 ἐκελεύσθη
1002 3159 1068 3212 τά
1103 3158 1273 3213 ὕδατα
1324 3159 1668 3230 συνδραμεῖν,
1720 3161 1919 3227 ὅπουγε
1952 3209 1990 3230 ι,

349 3251 628 3322 φαίνονται
654 3253 846 3306 πολλαὶ
875 3249 1030 3305 οὖσαι
1059 3251 1340 3319 θάλασσαι,
1362 3255 1456 3305 καὶ
1491 3252 1739 3305 πλεῖστον
1764 3252 1922 3321 ἀλλή-

350 3345 458 3398 λων
487 3348 551 3416 τῇ
577 3345 721 3399 θέσει
752 3345 1134 3416 διωρισμέναις
1169 3347 1310 3416 Πρὸς
1342 3346 1438 3415 μὲν
1469 3342 1562 3398 οὖν
1617 3345 1677 3397 τὸ
1727 3346 1922 3415 πρότε-

357 3454 448 3508 ρον
480 3437 589 3488 τῶν
637 3435 1076 3506 ὲπιζητηθέντων
1112 3437 1287 3489 ἐκεῖνό
1319 3453 1529 3507 φαμεν·
1564 3437 1646 3489 ὃτι
1693 3436 1926 3506 μάλιστα

357 3529 456 3598 μὲν
489 3528 551 3580 σὺ
589 3528 721 3598 μετὰ
765 3528 826 3580 τὸ
860 3528 1185 3598 πρόσταγμα
1213 3528 1273 3579 τὸ
1318 3527 1631 3581 δεσποτικὸν
1683 3527 1926 3594 ἐπέγνως

352 3620 448 3673 τοῦ
485 3619 673 3684 ὓδατος
707 3619 808 3683 τὰς
838 3621 1100 3690 κινήσεις,
1130 3621 1210 3673 ὅτι
1243 3637 1302 3672 τε
1334 3619 1658 3690 περιρρεπές
1685 3618 1926 3688 (70)ὲστι

355 3714 448 3766 καὶ
477 3714 826 3784 ἁστήρικτον,
860 3711 954 3765 καὶ
988 3712 1122 3783 πρὸς
1154 3711 1222 3765 τὰ
1247 3714 1424 3783 πρανῆ
1458 3712 1549 3764 καὶ
1579 3712 1731 3764 κοῖλα
1767 3712 1926 3780 φέρε-

355 3821 442 3857 ται
466 3803 606 3857 κατὰ
639 3803 798 3872 φύσιν
820 3821 834 3833 ·
870 3803 976 3872 πρὸ
1005 3804 1193 3856 τούτου
1227 3804 1303 3867 δὲ,
1351 3803 1468 3867 πῶς
1506 3799 1620 3873 εἶχε
1649 3805 1928 3874 δυνάμεως

355 3897 486 3967 πρὶν
529 3895 676 3966 αὐτῷ
706 3895 798 3948 τὸν
833 3898 896 3948 ὲκ
946 3895 1039 3948 τοῦ
1073 3897 1492 3966 προστάγματος
1534 3895 1721 3948 τούτου
1771 3897 1929 3962 ὲγγε-

357 3987 540 4041 νέσθαι
589 3987 805 4058 δρόμον,
835 3986 957 4040 οὔτε
987 3983 1123 4050 εἶδες
1152 3989 1331 4051 αὑτὸς,
1371 3987 1493 4040 οὔτε
1527 3989 1726 4051 ἰδόντος
1763 3989 1928 4058 ἥκου-

361 4097 476 4142 σας.
513 4080 720 4150 Νόησον
755 4079 883 4150 γάρ,
920 4080 1002 4132 ὅτι
1031 4079 1166 4132 Θεοῦ
1197 4081 1348 4150 φωνὴ
1378 4079 1593 4149 φύσεώς
1625 4081 1739 4132 ἐστι
1774 4097 1934 4150 ποιη-

359 4172 505 4242 τικὴ,
542 4171 634 4224 καὶ
674 4171 734 4223 τὸ
765 4171 1056 4241 γενόμενον
1101 4171 1222 4224 τότε
1271 4175 1336 4242 τῇ
1396 4172 1571 4224 κτίσει
1605 4172 1931 4245 πρόσταγμα

359 4260 457 4330 τὴν
513 4260 648 4331 πρὸς
699 4259 761 4311 τὸ
815 4259 1012 4329 ἐφεξῆς
1062 4259 1383 4314 ἀκολουθίαν
1435 4264 1544 4323 τοῖς
1593 4258 1932 4330 κτιζομένοις

362 4353 685 4423 παρέσχετο.
729 4353 943 4423 Ἡμέρα
999 4352 1091 4404 καὶ⁵
1155 4349 1251 4415 νὺξ
1295 4351 1440 4418 ἅπαξ
1491 4351 1929 4423 ὲδημιουργήθη,

361 4443 456 4495 καὶ
489 4441 548 4506 ἐξ
591 4443 796 4495 ἐκείνου
849 4443 941 4496 καὶ
987 4442 1082 4494 νῦν
1127 4441 1362 4512 ἀλλήλας
1413 4441 1806 4511 διαδεχόμεναι,
1840 4441 1932 4494 καὶ

2009 609 2131 651 sunt
2156 601 2288 653 satis
2307 616 2427 654 esse
2464 601 2554 654 tibi
2593 617 2694 655 non
2731 602 3073 665 videbantur,
3119 616 3242 654 cum
3274 601 3580 656 diceremus

2011 690 2262 746 videlicet
2293 693 2797 758 vocem,inrisibile,
2827 710 2932 748 non
2962 702 3205 763 respectu
3239 703 3464 758 naturae,
3487 693 3580 747 sed

2013 795 2256 852 respectu
2283 786 2474 848 nostri,
2511 787 2580 840 ob
2603 801 2755 855 aquze
2800 771 2998 840 terram
3033 801 3248 840 omnem
3295 795 3422 839 tunc
3448 800 3579 856 ope-

2013 876 2200 929 ricntis
2234 876 2626 944 interpositum,
2647 877 2940 931 adhibitam
2971 876 3133 930 fuisse
3153 893 3214 930 ac
3249 884 3577 946 usurpatam.

2012 969 2150 1023 Ecce
2179 984 2321 1023 nunc
2367 971 2492 1023 audi
2539 971 2710 1040 ipsum
2745 970 3104 1040 Scripturam,
3131 972 3361 1039 seipsam
3400 970 3584 1040 expla-

2013 1074 2252 1122 nantem.
2278 1062 2667 1134 Congregenlur
2699 1081 2869 1134 aqua,
2894 1074 2940 1118 et
2965 1074 3217 1132 appareat
3253 1065 3424 1116 arida.
3442 1063 3585 1116 Con-

2015 1159 2301 1212 trahuntur
2355 1158 2492 1221 vela,
2550 1167 2606 1210 ut
2647 1157 2889 1226 aspectui
2922 1170 3043 1210 sese
3079 1156 3298 1224 objiciat
3350 1170 3433 1218 ea,
3465 1135 3583 1223 quae

2013 1261 2172 1308 antea
2202 1253 2773 1322 nOncouSpiciebatur.
2800 1251 3070 1305 Fortassis
3109 1260 3282 1304 autem
3319 1251 3580 1318 quispiam

2015 1347 2141 1400 illud
2166 1345 2327 1400 etiam
2362 1359 2558 1414 prmter
2581 1345 2693 1399 haec
2727 1344 3054 1411 inquisierit.
3077 1342 3314 1395 Primum
3346 1343 3581 1409 quidem,

2015 1453 2112 1492 cur
2146 1433 2287 1502 quod
2339 1447 2405 1486 ex
2441 1442 2632 1484 natura
2686 1431 2941 1498 competit
2972 1443 3145 1498 aquze.
3197 1437 3253 1481 ut
3279 1428 3483 1481 scilicet
3517 1431 3582 1481 ad

2017 1528 2220 1583 declive
2250 1523 2474 1585 feratur,
2513 1521 2742 1590 idipsum
2793 1519 2996 1574 referat
3047 1519 3324 1588 Scriptura
3363 1518 3426 1570 ad
3458 1515 3586 1585 Opi-

2021 1620 2134 1673 licis
2181 1615 2484 1685 imperium.
2536 1612 2780 1679 Quandiu
2815 1611 2957 1665 enim
3004 1610 3056 1663 in
3110 1625 3263 1678 aequo
3318 1610 3586 1679 planoque

2019 1711 2133 1765 solo
2163 1709 2261 1763 sita
2293 1718 2376 1762 est
2410 1721 2567 1776 aqua,
2599 1704 2807 1759 stabilis
2841 1713 2941 1768 est,
2965 1703 3162 1772 quippe
3187 1704 3311 1769 quia
3347 1719 3450 1756 non
3484 1702 3584 1755 Ita-

2018 1800 2113 1864 bept
2153 1813 2257 1867 quo
2286 1796 2523 1850 difﬂuat:
2573 1795 2664 1848 sed
2690 1805 3036 1865 posteaquam
3069 1791 3326 1846 declivem
3352 1792 3582 1858 aliquem

2017 1892 2194 1946 locum
2237 1899 2392 1942 nacta
2426 1900 2528 1955 est,
2556 1889 2734 1941 statim
2765 1897 2823 1940 ut
2854 1886 3160 1956 praecedens
3191 1893 3273 1938 est
3299 1884 3582 1946 concitata,

2017 1999 2078 2038 ea
2103 1997 2222 2052 qua:
2251 1981 2348 2050 ipsi
2379 1982 2633 2041 cohaeret,
2659 1981 2840 2034 sedem
2885 1979 2999 2049 ejus
3031 1993 3150 2048 quae
3188 1986 3327 2030 mota
3357 1984 3458 2040 est,
3493 1990 3587 2030 oc-

2018 2084 2213 2142 cupat:
2258 2072 2401 2127 illius
2429 2073 2611 2126 itidem
2635 2072 2809 2126 locum
2862 2086 2924 2125 ea
2967 2087 3086 2140 qttze
3121 2069 3502 2138 consequitur:
3531 2077 3587 2122 et

2018 2169 2096 2223 sic
2128 2183 2342 2237 semper
2383 2166 2591 2236 aufugit
2637 2164 2853 2234 quidem
2881 2178 3000 2232 quae
3051 2161 3330 2232 praecedit,
3365 2162 3588 2228 adurgtt

2018 2276 2146 2313 vero
2189 2275 2307 2328 quae
2335 2258 2667 2326 insequitur;
2698 2266 2747 2310 et
2777 2257 3008 2324 impetus
3054 2263 3200 2308 tanto
3236 2252 3293 2307 fit
3328 2253 3584 2318 velocior,

2019 2361 2216 2420 quanto
2241 2351 2469 2419 amplior
2513 2348 2674 2402 fuerit
2722 2349 2958 2417 gravitas
2984 2347 3102 2415 ejus
3177 2360 3296 2415 quae
3324 2342 3584 2407 defertur,

2019 2441 2274 2508 locusque
2301 2441 2367 2492 ad
2391 2453 2549 2508 quem
2583 2439 2641 2489 iit
2665 2435 2848 2502 ﬂuxio,
2871 2436 3030 2490 fuerit
3058 2434 3384 2503 depressior.
3405 2432 3588 2501 Itaque

2020 2534 2062 2586 si
2097 2533 2206 2585 ltmc
2235 2538 2317 2584 est
2345 2545 2496 2598 aqum
2523 2538 2734 2591 natura,
2763 2539 3092 2598 praeceptum
3131 2527 3273 2595 quod
3306 2527 3472 2596 ipsam
3495 2525 3586 2594 ju-

2020 2624 2106 2676 bet
2146 2623 2197 2674 itt
2222 2637 2382 2674 unam
2419 2620 2536 2688 cogi
2577 2619 2972 2683 collectionem,
3010 2618 3166 2672 inane
3195 2627 3277 2671 est
3311 2617 3496 2685 utique
3524 2630 3588 2668 ac

2019 2725 2496 2780 supervacaneum.
2556 2708 2690 2762 Nam
2743 2707 2986 2778 profecto
3051 2709 3285 2760 futurum
3337 2716 3458 2761 erat
3507 2718 3587 2773 ut,

2021 2809 2236 2870 propter
2273 2797 2568 2852 naturalem
2625 2813 2772 2851 suam
2804 2799 2868 2850 ad
2921 2797 3027 2851 ima
3077 2797 3490 2865 proclivitatem,
3525 2797 3588 2848 ad

2021 2892 2193 2944 locum
2228 2891 2460 2944 maxime
2489 2890 2724 2943 unmimn
2764 2889 3022 2943 declivem
3079 2899 3272 2957 sponte
3325 2903 3419 2942 sua
3460 2903 3590 2942 con-

2021 2983 2271 3042 cederet.
2325 2990 2379 3034 et
2413 2997 2516 3033 non
2573 2980 2724 3048 prius
2775 2980 2986 3033 stabilis
3029 2979 3588 3047 'permaneret,quam

2020 3071 2133 3138 eius
2163 3081 2537 3139 exaequaretur
2561 3069 2895 3138 superficies.
2935 3067 3087 3122 Nulla
3119 3070 3259 3123 enim
3285 3078 3467 3125 exstat
3515 3083 3596 3120 re-

2023 3163 2108 3229 gio
2161 3176 2408 3229 peraeque
2453 3161 2643 3230 plana,
2689 3175 2751 3214 ac
2798 3161 2908 3229 ipsa
2950 3172 3033 3214 est
3066 3174 3218 3227 aquae
3259 3158 3588 3229 superficies.

2024 3255 2244 3321 Deinde,
2296 3255 2498 3325 inquiet
2527 3253 2666 3322 quis,
2702 3253 2966 3322 quomodo
3001 3251 3166 3321 jussu:
3199 3259 3325 3306 sunt
3353 3264 3506 3318 aqua:
3541 3250 3591 3302 in

2025 3363 2182 3401 unam
2225 3361 2552 3401 concurrere
2579 3345 2971 3408 collectionem,
3005 3359 3126 3398 cum
3181 3343 3346 3397 multa
3381 3344 3596 3410 conspi-

2025 3443 2236 3494 ciantur
2277 3440 2480 3502 maria,
2529 3438 2867 3506 plurimoque
2926 3437 3067 3491 inter
3109 3451 3168 3491 se
3218 3435 3501 3490 intervallo
3532 3450 3596 3490 ac

2025 3537 2126 3590 situ
2159 3533 2468 3602 disparata?
2497 3531 2578 3586 Ad
2619 3532 2670 3586 id
2728 3533 2889 3602 igitur
2933 3531 3074 3602 quod
3107 3531 3280 3598 primo
3311 3530 3593 3600 quaesitum

2025 3635 2132 3688 est,
2151 3625 2398 3688 dicimus,
2418 3622 2557 3694 quod
2584 3633 2635 3675 tu
2661 3625 2862 3691 optime
2878 3624 3094 3691 quidem
3116 3631 3232 3689 post
3257 3621 3592 3674 Dominicum

2028 3717 2311 3784 imperium
2357 3725 2557 3769 motum
2602 3729 2754 3782 aqua:
2797 3713 3132 3783 cognoveris,
3184 3726 3376 3781 aquam
3411 3709 3597 3765 videli-

2029 3818 2117 3862 cet
2176 3822 2392 3876 quoquo
2424 3821 2638 3859 versum
2688 3806 2874 3872 liuere,
2930 3804 3341 3872 instabilemque
3377 3817 3517 3866 esse,
3543 3811 3600 3858 et

2029 3910 2218 3969 suapte
2255 3909 2443 3953 natura
2473 3900 2537 3951 ad
2564 3898 2765 3951 devexa
2785 3907 2838 3950 et
2871 3912 3103 3950 concava
3133 3895 3254 3950 loca
3284 3893 3470 3948 dilabi.
3491 3891 3598 3966 sed

2028 3992 2154 4060 quid
2187 3991 2332 4060 prius
2371 3990 2662 4044 obtinuerit
2708 3991 2929 4053 virium,
2972 3999 3096 4043 ante
3144 3988 3400 4042 nimirum
3435 4002 3597 4057 quam

2030 4097 2221 4135 cursus
2258 4081 2345 4135 hic
2375 4083 2422 4133 ei
2453 4080 2554 4133 isto
2598 4089 2868 4148 praecepto
2920 4079 3308 4149 ingigncretur,
3339 4092 3435 4130 nec
3458 4077 3599 4131 nosti

2031 4173 2166 4239 ipse,
2217 4185 2314 4224 nec
2347 4184 2672 4237 quemquam
2727 4169 2816 4238 qui
2871 4169 3104 4232 noverit,
3146 4168 3363 4220 audisti.
3411 4167 3599 4237 Cogita

2030 4259 2170 4314 enim
2204 4259 2295 4312 Dei
2353 4272 2537 4312 vocem
2591 4265 2796 4309 naturae
2834 4270 2955 4310 esse
3001 4255 3355 4315 effectricem,
3403 4269 3464 4305 ac
3509 4269 3603 4321 per

2032 4357 2354 4419 prmceptum
2415 4346 2564 4411 illud,
2598 4346 2739 4414 quod
2787 4355 3050 4398 creaturae
3099 4345 3282 4397 datum
3318 4352 3444 4398 tunc
3495 4352 3601 4405 est,

2033 4443 2248 4496 modum
2279 4458 2340 4494 ac
2357 4440 2600 4494 ordinem
2624 4439 2823 4493 creatis
2849 4439 3008 4492 rebus
3031 4439 3082 4491 in
3113 4436 3350 4490 futurum
3379 4435 3600 4504 imponi.

361 4537 481 4589 κατ’
513 4535 820 4608 ἰσομοιρίαν
864 4534 1240 4604 διαιρούμεναι
1269 4533 1360 4586 τὸν
1390 4533 1578 4605 χρόνον
1607 4533 1706 4586 οὑκ
1728 4531 1924 4602 ἀπολή-

2038 4536 2229 4589 Creata
2274 4541 2399 4585 sunt
2428 4531 2571 4585 enim
2604 4529 2769 4583 semel
2793 4529 2906 4583 dies
2930 4539 2981 4583 et
3022 4543 3162 4593 nox;
3195 4538 3248 4581 et
3277 4543 3340 4580 ex
3372 4526 3461 4581 illo
3488 4543 3604 4579 mo-

360 4645 458 4696 γου
467 4645 570 4683 σιν.

433 4813 486 4867 ὅ.
527 4809 887 4880 Συνιιχθιξτω
901 4809 973 4862 τὰ
1001 4809 1208 4863 ὕδατα.
1246 4808 1565 4879 Ἐκελεύσθη
1594 4808 1802 4879 τρέχειν
1830 4807 1936 4860 τῶν

365 4905 614 4975 ὑδάτωνή
655 4903 814 4972 φύσις
853 4903 986 4973 (71),
1021 4903 1116 4955 καὶ
1152 4901 1405 4954 οὐδέποτε
1432 4900 1628 4970 κάμνει
1660 4899 1736 4968 τῷ
1771 4915 1935 4964 προσ-

363 4999 606 5068 τάγματι
672 4997 862 5067 ἑκεένῳ
900 4994 1377 5065 κατασπευδομένη
1438 4991 1716 5064 διηνεκῶς.
1769 4989 1936 5041 Τοῦτο

364 5089 423 5142 δὲ
466 5089 628 5157 λέγω,
661 5089 794 5158 πρὸς
826 5088 924 5159 τὴν
973 5087 1136 5157 ρυτὴν
1176 5085 1396 5157 ἀφορῶν
1439 5084 1550 5138 τῶν
1584 5083 1790 5137 ὑδάτων
1822 5082 1937 5150 μοῖ-

368 5200 490 5253 ραν.
509 5181 590 5233 Τὰ
619 5182 716 5251 μὲν
746 5182 852 5249 γάρ
885 5181 1166 5251 αὐτόματα
1207 5183 1308 5250 ῥεῖ,
1341 5173 1449 5232 οἷον
1478 5178 1545 5231 τὰ
1591 5178 1824 5248 κρηναῖα
1847 5173 1939 5226 καὶ

364 5269 434 5322 τὰ
465 5271 735 5340 ποτάμια·
767 5269 834 5322 τά
861 5269 918 5322 δὲ
967 5268 1329 5340 συλλογιμαῖά
1355 5269 1470 5320 ἐστι
1518 5267 1610 5319 καὶ
1639 5265 1936 5335 άπόρευτα.

379 5360 520 5414 Ἀλλ’
552 5362 675 5431 ἐμοὶ
710 5361 803 5416 νῦν
835 5361 963 5432 περὶ
996 5361 1106 5414 τῶν
1131 5359 1446 5432 ὁρμητικῶν
1482 5359 1686 5413 ὑδάτων
1711 5359 1739 5410 ὁ
1763 5356 1938 5424 λόγος.

447 5609 558 5682 (68)
580 5611 714 5680 Reg.
753 5623 937 5666 sextus
958 5613 1190 5682 εἴρηται,

445 5680 558 5750 (69)
587 5682 939 5752 Siciquinque
971 5680 1100 5735 mss.
1154 5681 1294 5735 Edili
1341 5681 1510 5752 τύχοι.
1542 5681 1659 5734 Mox
1707 5690 1944 5747 quatuor

377 5765 508 5823 msg-
525 5767 655 5823 ctnn
685 5751 836 5806 Bodl.
861 5754 1166 5823 μεταρρυῇ,
1193 5753 1350 5807 bene.
1388 5751 1524 5823 ιὼιίιί
1564 5753 1834 5822 μεταρῤᾕ.

450 5800 502 5890 (ἢ
508 5800 716 5893 om;
733 5800 754 5806 ⁷
769 5800 1142 5892 ᾗὲῑῖἰῖιιζὲἷιὶιῗ
1153 5800 1426 5878 ’ἁιῖιίἰὶιέἐῖ
1449 5800 1660 5892 ἀἰτΞρ
1671 5800 1941 5891 ἷεᾘὶῥρε-

2036 4628 2213 4674 mento
2241 4619 2400 4671 etiam
2451 4631 2591 4669 nunc
2635 4615 2734 4668 sibi
2787 4615 3017 4669 invicem
3069 4614 3391 4678 succedere,
3444 4629 3506 4668 ac
3552 4614 3603 4667 in

2034 4722 2214 4782 partes
2249 4709 2482 4779 :equales
2511 4717 2717 4776 tempus
2751 4706 2992 4761 dividere
3024 4723 3126 4760 non
3155 4705 3428 4760 desinunt.

2103 4805 2156 4860 ὅ.
2185 4802 2575 4871 Cangregentur
2597 4816 2767 4870 aqua.
2809 4798 2964 4854 Jussa
2988 4807 3068 4852 est
3101 4813 3320 4852 currere
3346 4811 3606 4865 aquarum

2035 4909 2250 4962 natura,
2286 4913 2383 4950 nec.
2413 4913 2646 4966 unquam
2681 4905 2952 4965 przecepto
2993 4894 3082 4948 illo
3109 4910 3228 4949 eam
3260 4910 3472 4962 semper
3519 4909 3609 4947 ur-

2041 5003 2198 5061 gente
2236 4989 2512 5058 fatigatur.
2551 4987 2660 5041 Hoc
2685 4995 2865 5041 autem
2907 4986 3047 5050 dico,
3079 4985 3144 5039 ad
3175 4984 3392 5038 ﬂuidam
3436 4999 3609 5054 aqua-

2043 5099 2160 5136 runt
2219 5092 2421 5137 sortem
2480 5081 2798 5148 respiciens.
2845 5078 2978 5132 Alia:
3018 5078 3233 5148 quidem
3275 5092 3370 5132 sua
3419 5085 3612 5146 sponte

2043 5176 2234 5238 ﬂuunt,
2261 5173 2560 5242 Cujusmodi
2587 5181 2712 5226 sunt
2743 5171 2974 5226 fontanae
3030 5182 3084 5225 et
3131 5169 3453 5224 ﬂuviatiles:
3493 5167 3613 5220 alia!

2043 5281 2172 5320 vero
2205 5275 2330 5319 sunt
2374 5264 2678 5319 collectitia:
2711 5271 2766 5316 et
2795 5263 3035 5317 stabiles.
3092 5262 3248 5332 Atqui
3283 5274 3424 5314 nunc
3480 5259 3612 5312 militi

2045 5373 2224 5412 sermo
2252 5364 2335 5412 est
2360 5358 2423 5411 de
2457 5355 2613 5426 aquis
2643 5356 2842 5423 impetu
2873 5357 3103 5425 quodam
3127 5353 3433 5408 commotis.
3460 5349 3613 5403 Con-

2044 5608 2165 5672 πές.
2191 5606 2322 5678 Reg.
2351 5608 2542 5663 tertius
2566 5609 2646 5662 ὅτι
2683 5605 2982 5678 διεῤῥεπές.
3010 5603 3208 5678 Ibidem
3243 5601 3392 5656 deest
3421 5599 3534 5652 ἐστι
3559 5599 3610 5653 in

2044 5680 2206 5734 editis
2236 5695 2249 5731 :
2275 5673 2370 5733 sed
2396 5681 2664 5742 reperitur
2704 5673 2910 5730 in'mss.
2947 5673 3219 5728 omnibus.

2101 5749 2228 5833 '(7!)
2263 5748 2401 5807 Editi
2431 5750 2637 5805 ὑδάτων
2669 5748 2847 5819 φύσις.
2887 5747 2953 5800 At
2987 5760 3116 5800 mss.
3163 5741 3312 5799 multi
3343 5742 3547 5798 ὑδάτων
3580 5741 3616 5813 ἡ

2045 5837 2225 5889 φυσις.
