4082 6398
492 382 562 437 83
624 406 633 416 ο
1847 387 1906 443 s.
1949 384 2197 442 BASILII
2233 385 2449 442 MAGNI
3675 377 3744 431 si

489 504 768 579 gregantur
798 518 950 572 aqua:
989 505 1046 555 in
1095 503 1548 575 congregationem
1575 521 1756 558 unam.
1791 503 1930 558 Num
1972 521 2075 558 uu-

2176 502 2537 570 Συναχθήτω
2554 502 2625 555 τὰ
2653 501 2840 554 ὕδατα
2865 501 2952 564 εἰς
2974 497 3513 566 συναγωγὴονθμίαν.
3530 496 3597 548 Εἴ
3615 496 3745 549 ποτέ

489 607 649 660 quam
676 593 768 646 tibi
796 603 1015 664 propter
1040 594 1146 664 35
1185 595 1386 650 fontem
1411 611 1608 664 aquam
1634 596 1910 666 capiosam
1951 611 2074 665 ege-

491 693 695 738 rentem
719 685 882 740 stanti
911 687 1103 741 insedit
1123 685 1398 756 cogitatio,
1420 688 1542 756 quis
1563 703 1630 742 ex
1650 698 1806 742 terra:
1828 689 1954 743 sinu
1977 688 2076 740 im-

490 777 652 845 pellat
680 777 824 832 illam
864 779 1102 848 aquam?
1145 780 1269 848 quis
1318 781 1492 850 ipsam
1523 779 1749 835 ulterius
1776 780 2073 846 adurgeatl?

491 869 668 938 qualia
717 869 820 922 sint
849 871 1213 938 promptuaria
1257 873 1399 926 unde
1423 872 1710 941 procedit?
1743 875 1866 941 quis
1892 875 1964 927 sit
1999 873 2075 925 lo-

491 976 588 1014 cus
631 962 697 1015 ad
724 975 883 1030 quem
922 961 1180 1015 festinat?
1202 964 1476 1030 quomodo
1517 964 1732 1018 tandem
1754 978 1930 1033 neque
1961 965 2074 1018 hmc

492 1053 768 1116 deliciaut,
796 1068 968 1122 neque
985 1053 1072 1108 illa
1095 1055 1452 1121 expleantur?
1478 1053 1671 1110 lsthaec
1694 1071 1759 1110 ex
1778 1058 1952 1124 prima
1984 1057 2071 1111 illa

492 1158 625 1198 voce
649 1145 970 1213 dependent.
991 1145 1118 1199 lnde
1135 1146 1355 1200 incitata
1373 1161 1516 1214 aqua
1540 1149 1702 1201 estad
1723 1149 2070 1202 currendum.

503 1235 586 1289 Ad
631 1249 849 1289 omnem
889 1250 1153 1302 aquarum
1213 1237 1514 1299 historiam,
1571 1238 1758 1305 primae
1811 1238 1952 1292 illius
1982 1254 2075 1292 vo-

506 1327 605 1392 cis,
631 1325 1020 1395 Congregentur
1047 1343 1215 1395 aqute,
1237 1342 1444 1381 memor
1469 1337 1606 1382 esto.
1630 1327 1924 1396 Oportebat
1957 1345 2069 1392 eas,

504 1428 562 1472 ut
591 1418 863 1486 propriqu
897 1417 1070 1470 locum
1103 1429 1453 1487 occuparent,
1499 1419 1789 1474 decurrere
1817 1438 1832 1487 ;
1881 1421 2072 1476 deinde

494 1508 640 1575 ipsas
669 1507 722 1560 in
750 1508 966 1561 statutis
1002 1507 1132 1562 locis
1189 1516 1424 1582 coactas,
1485 1509 1539 1564 in
1589 1511 1786 1580 seipsis
1829 1527 2069 1578 manere,

495 1616 596 1656 nec
631 1600 858 1656 ulterius
882 1602 1150 1672 progredi.
1188 1601 1528 1672 Quapmpter
1584 1607 1879 1658 secundum
1931 1606 2070 1660 hanc

493 1693 834 1749 Ecclesiastae
865 1692 1212 1756 sententiam,
1249 1692 1440 1748 Omnes
1470 1705 1719 1748 torrentes
1768 1696 1959 1749 vadunt
2014 1697 2069 1749 in

2177 613 2258 647 σοι
2305 595 2397 647 ἐπὶ
2448 595 2657 665 κρήνης
2701 592 2896 646 ἑστῶτι
2938 591 3168 660 ἄφθονον
3214 590 3357 658 ὕδωρ
3397 588 3744 658 ἀναδιδούσης

2174 687 2350 740 ἔννοια
2376 687 2614 754 ἐγένετο,
2640 686 2722 748 τίς
2748 686 2776 735 6
2817 683 2974 736 ὠθῶν
3019 685 3084 735 ἐκ
3107 681 3213 734 τῶν
3244 681 3481 750 λαγόνων
3514 679 3615 750 τῆς
3642 681 3745 749 γῆς

2175 777 2333 830 τοῦτο
2368 777 2481 848 (7'2)
2520 778 2581 829 τὸ
2611 776 2788 847 ὓδωρ;
2824 775 2906 838 τίς
2948 777 2976 827 6
3017 774 3251 840 ἐπείγων
3281 773 3374 825 ἐπὶ
3420 773 3486 826 τὰ
3519 773 3742 844 πρόσως

2174 873 2303 921 ποῖα
2348 871 2550 938 ταμεῖα
2592 867 2713 920 ὅθεν
2765 866 3118 937 προέρχεται;
3163 865 3243 927 τίς
3286 866 3314 916 6
3362 865 3526 926 τόπος
3576 863 3662 931 ἐφ’
3689 862 3745 916 ὃν

2176 963 2489 1030 ἐπείγεται;
2522 960 2637 1024 πῶς
2661 960 2756 1012 καὶ
2783 959 2957 1012 ταῦτα
2984 958 3083 1010 οὐκ
3099 957 3340 1010 ἐκλείπει
3359 957 3492 1026 (75),
3521 957 3746 1009 κάκεῖνα

2174 1055 2275 1107 οὑκ
2297 1052 2714 1122 ἀποπίμπλαται
2731 1069 2745 1116 ;
2764 1051 2947 1104 Ταῦτα
2965 1051 3063 1121 τῆς
3085 1048 3304 1120 πρώτης
3333 1049 3547 1118 ἐκείνης
3565 1049 3745 1119 φωνῆς

2174 1146 2425 1216 ἤρτηται.
2457 1143 2695 1196 Ἐκεῖθεν
2713 1141 2808 1195 τοῦ
2834 1143 3044 1213 τρέχειν
3077 1141 3154 1212 τῷ
3188 1142 3338 1195 ὕδατι
3367 1143 3428 1194 τὸ
3449 1141 3740 1212 ἐνδόσιμον.

2173 1237 2326 1290 Κατὰ
2360 1238 2537 1289 πᾶσαν
2584 1237 2823 1306 ἱστορίαν
2851 1235 3077 1300 ὑδάτων,
3113 1235 3357 1305 μέμνησο
3390 1235 3490 1303 τῆς
3524 1233 3746 1305 πρώτης

2177 1330 2380 1399 φωνῆς·
2411 1327 2773 1396 Συναχθήτω
2809 1325 2879 1379 τὰ
2909 1326 3116 1381 ὕδατα.
3148 1327 3293 1379 Ἔδει
3315 1326 3544 1396 δραμεῖν
3582 1325 3741 1389 αὐτὰ,

2175 1420 2262 1472 ἵνα
2285 1419 2380 1490 τὴν
2407 1420 2612 1472 οίκείαν
2641 1419 2918 1491 καταλάϐῃ
2953 1418 3062 1488 (74)
3090 1417 3289 1488 χώραν·
3330 1415 3446 1470 εἶτα
3479 1417 3746 1488 γενόμενα

2173 1517 2230 1567 ἐν
2255 1517 2366 1577 τοῖς
2388 1513 2794 1585 ἀφωρισμένοις
2826 1511 3030 1575 τόποις,
3071 1510 3248 1580 μένειν
3275 1511 3357 1577 ἐφ’
3389 1509 3615 1574 ἑαυτῶν,
3654 1511 3747 1562 καὶ

2174 1607 2246 1677 μὴ
2278 1608 2474 1677 χωρεῖν
2517 1603 2845 1675 περαιτέρω.
2883 1603 2980 1655 Διὰ
3012 1602 3188 1666 τοῦτο,
3216 1601 3355 1654 κατὰ
3386 1602 3478 1654 τὸν
3512 1601 3606 1654 τοῦ
3635 1602 3745 1672 (75)

2183 1693 2606 1765 Ἐκκλησιαστοῦ
2643 1693 2821 1761 λόγον,
2855 1692 3082 1756 Πάντες
3098 1693 3150 1744 oi
3181 1690 3479 1758 χείμαῤῥοι
3511 1691 3606 1743 ἐπὶ
3635 1690 3748 1754 τὴν

493 1801 659 1851 mare,
683 1796 729 1839 et
783 1801 926 1838 mare
958 1801 1061 1838 non
1117 1794 1190 1838 est
1228 1785 1495 1853 impletum
1523 1787 1590 1839 ⁶¹.
1627 1787 1756 1840 Nam
1796 1799 1851 1841 et
1899 1786 2069 1843 ﬂuunt

2175 1789 2488 1840 θάλασσαν·
2516 1785 2888 1852 πορεύονται,
2940 1782 3036 1835 καὶ
3066 1783 3104 1849 ἡ
3133 1781 3410 1836 θάλασσα
3439 1784 3548 1834 οὐκ
3579 1781 3750 1835 ἔστιν

496 1893 653 1943 aqua:
681 1877 735 1931 vi
767 1877 933 1930 divini
970 1877 1242 1945 praecepti,
1275 1887 1329 1931 et
1360 1877 1528 1932 maris
1562 1879 1701 1932 intra
1731 1893 1859 1934 suos
1883 1882 2067 1934 termi-

2175 1850 2652 1951 ἐμπιμπλαμένη.
2693 1875 2908 1946 Ἐπειδὴ
2942 1875 3034 1928 καὶ
3069 1875 3130 1928 τὸ
3181 1877 3292 1945 ῥεῖν
3320 1877 3430 1936 τοῖς
3457 1874 3608 1928 ὕδασι
3658 1874 3748 1927 διὰ

496 1983 596 2023 nos
626 1967 1053 2035 circumscriptio
1078 1984 1107 2021 a
1139 1969 1309 2037 prima
1349 1968 1482 2039 legis
1513 1971 1795 2026 sanctione
1820 1973 2021 2041 pendet
2051 1991 2067 2026 :

496 2059 886 2130 Congregentur
916 2077 1066 2130 aqum
1116 2061 1169 2114 in
1196 2063 1643 2132 congregationem
1698 2079 1878 2117 unam.
1909 2062 1978 2119 Ut
2005 2081 2072 2119 ne

498 2150 740 2207 dililuens
766 2167 922 2222 aqua,
956 2153 1008 2206 in
1045 2154 1288 2220 regiones
1319 2153 1488 2222 ipsam
1516 2154 1849 2224 excipientes
1875 2154 2068 2224 effusa,

499 2243 896 2311 transgrediens
925 2255 1160 2309 semper,
1179 2254 1339 2312 atque
1361 2243 1494 2298 alias
1524 2254 1646 2314 post
1671 2245 1806 2300 alias
1828 2249 2068 2316 explens,

497 2347 710 2388 omnem
739 2342 935 2387 terram
984 2337 1347 2390 continentem
1383 2338 1688 2399 iuundaret.
1728 2340 1878 2408 jussa
1905 2354 1987 2398 est
2019 2347 2069 2396 iu

499 2441 661 2478 unam
723 2429 1194 2497 congregationem
1240 2428 1434 2499 colligi.
1485 2429 1567 2486 0b
1601 2431 1654 2486 id
1705 2449 2074 2504 sazpeuumero

499 2517 882 2573 ventisl’urens
915 2534 1080 2582 mare,
1103 2528 1289 2589 etpra:
1327 2521 1577 2577 ﬂuctibus
1600 2523 1651 2576 in
1679 2527 1966 2581 maximam
1995 2530 2074 2581 al-

498 2609 781 2662 titudinem
831 2625 1148 2680 exsurgens,
1183 2613 1269 2665 uhi
1313 2612 1491 2667 littora
1542 2614 1715 2668 solum
1749 2618 1945 2686 attigit,
1985 2619 2077 2672 iut-

499 2709 624 2769 petu
674 2699 726 2753 in
782 2714 1025 2768 spumam
1065 2701 1357 2766 dissoluto,
1391 2704 1696 2761 revertitur.
1723 2706 1804 2760 An
1851 2724 1930 2760 me
1975 2726 2076 2762 non

499 2788 765 2854 timebitis,
793 2791 917 2843 dicit
954 2790 1226 2856 Dominus,
1259 2797 1348 2862 qui
1377 2798 1526 2862 posui
1558 2813 1771 2851 arenam
1803 2801 2074 2854 terminum

500 2881 638 2932 mari
670 2879 714 2910 "
744 2880 769 2932 ?
795 2880 939 2934 Mare
982 2883 1133 2949 cujus
1175 2883 1424 2938 violentia
1460 2885 1588 2940 ferri
1630 2902 1734 2940 non
1778 2897 1983 2954 potest,
2021 2906 2077 2945 re

502 2969 740 3022 omnium
779 2970 1199 3036 invalidissima,
1229 2988 1388 3028 arena
1434 2975 1637 3031 scilicet
1677 2978 1976 3033 refrenatur
2016 2997 2078 3034 ac

503 3069 800 3114 coercetur.
853 3061 1061 3132 Alioqui
1102 3063 1228 3132 quid
1284 3065 1592 3133 prohiberet
1639 3081 1787 3122 mare
1839 3067 2077 3126 Rubrum

503 3165 717 3204 omnem
748 3151 1036 3224 Aﬂgyptum
1059 3169 1115 3207 se
1145 3155 1258 3222 ipso
1290 3155 1660 3211 demissiorem
1687 3158 1942 3216 invadere
1963 3202 1977 3224 ,
1996 3164 2042 3217 ei
2061 3194 2077 3204 -
2105 3196 2149 3256 ο

506 3257 610 3310 que
634 3242 993 3314 pelago,quod
1023 3244 1256 3317 Egypto
1282 3247 1488 3316 adjacet
1516 3249 1783 3321 conjungi,
1811 3253 1908 3307 nisi
1939 3265 2081 3310 esset

505 3334 809 3389 Conditoris
829 3346 1092 3405 praecepto
1113 3338 1420 3406 alligatum?
1440 3337 1574 3393 Nam
1605 3341 1695 3410 qui
1730 3344 1898 3397 maria
1920 3343 2085 3416 EN-

506 3426 744 3496 ptiacum
776 3439 829 3482 et
855 3427 1116 3492 Indicum,
1149 3429 1200 3482 iu
1232 3444 1336 3498 quo
1359 3440 1442 3484 est
1465 3447 1612 3487 mare
1648 3433 1913 3497 Rubrum,
1944 3436 2084 3491 inter

505 3532 566 3572 se
599 3518 929 3588 conjungere
983 3521 1284 3580 voluerunt.
1316 3521 1350 3574 ii
1381 3517 1674 3593 Egyptum
1733 3527 1869 3579 mari
1898 3525 2083 3583 Rubro

507 3611 875 3667 demissiorem
903 3626 1024 3667 esse
1055 3614 1211 3668 nobis
1243 3615 1420 3684 reipsa
1444 3626 1846 3700 persuaserunt.
1877 3618 2079 3685 Quam-

505 3705 691 3758 obrem
715 3706 972 3760 destitere
1006 3705 1074 3759 ab
1107 3709 1323 3777 incepto
1366 3707 1654 3779 Egyptius
1673 3709 1763 3764 ille
1794 3707 2080 3777 Sesostris,

505 3795 598 3864 qui
633 3797 685 3852 id
713 3813 997 3868 aggressus
1025 3809 1108 3854 est
1136 3802 1363 3868 primus,
1390 3811 1618 3870 tumque
1646 3801 1840 3858 Darius
1872 3803 2079 3870 Medus,

506 3887 597 3956 qui
626 3889 726 3942 hoc
757 3888 928 3958 ipsum
977 3892 1234 3958 perlicere
1270 3892 1322 3945 in
1356 3893 1592 3956 animum
1623 3893 1926 3950 induxerat.
1955 3893 2080 3952 Haec

506 3992 540 4032 a
572 3992 658 4032 me
683 3977 825 4032 dicta
853 3991 996 4045 sunt,
1025 3991 1085 4035 ut
1130 3982 1238 4036 vim
1271 3991 1432 4051 atque
1463 3980 1757 4038 elﬁcaciam
1809 3985 2078 4056 intelliga-

506 4081 629 4121 mus
684 4067 846 4134 illius,
895 4069 1285 4142 Congregentur
1317 4063 1465 4144 aqua:
1517 4074 1596 4128 in-
1626 4077 2080 4146 congregationem

507 4175 689 4213 unam.
719 4159 828 4216 Hoc
851 4171 952 4230 est,
979 4164 1097 4216 Alia
1131 4173 1250 4233 post
1282 4165 1419 4220 hanc
1467 4167 1816 4237 congregatio
1860 4169 2081 4224 minime

510 4251 602 4306 ﬁat
623 4291 638 4317 ,
672 4252 764 4308 sed
794 4254 843 4309 id
871 4256 1012 4325 quod
1042 4256 1327 4312 collectum
1357 4265 1457 4324 est,
1479 4257 1530 4312 iu
1559 4258 1732 4328 prima
1763 4257 2079 4315 collectione

509 4354 836 4412 permaneat.

584 4616 633 4668 ι.
682 4616 880 4673 Deinde
930 4619 1020 4688 qui
1075 4634 1240 4688 aquas
1289 4621 1423 4674 dixit
1472 4621 1787 4691 congregari
1822 4622 1874 4677 in
1910 4638 2071 4677 unam

585 4751 628 4782 "
660 4751 836 4806 Eccle.
871 4768 908 4817 ι,
948 4752 998 4807 7.
1079 4753 1124 4784 ”
1161 4752 1272 4808 Jer.
1302 4769 1354 4817 ν,
1387 4753 1479 4810 22.

588 4881 697 4954 (72)
721 4884 794 4937 lta
818 4899 948 4940 mss.
983 4887 1254 4954 permulti.
1291 4888 1451 4944 Deest
1471 4889 1628 4943 τοῦτο
1656 4890 1709 4944 in
1735 4889 1918 4944 editis.

511 5023 543 5077 λ
583 4948 696 5042 (75)
726 4955 802 5007 Ita
831 4948 1047 5024 plurimi
1081 4974 1211 5013 mss.
1249 4959 1390 5013 Editi
1417 4976 1539 5015 cum
1573 4959 1707 5030 Reg.
1750 4962 1911 5016 tertio
1950 4963 2073 5016 ἐπι-

547 5041 711 5077 ειπει.

547 5041 711 5077 ειπει.

585 5094 697 5174 (74)
727 5093 858 5174 Reg.
891 5106 1075 5150 sextus
1099 5097 1427 5174 καταλάϐοι.
1453 5099 1748 5171 Aliquanto
1784 5111 1906 5171 post
1941 5101 2074 5174 Reg.

513 5165 718 5238 primus
748 5165 820 5238 μὴ
853 5170 1170 5238 συγχωρεῖν.

585 5234 824 5306 (75))5ἱο
847 5234 984 5306 mss.
1020 5234 1210 5292 nostri.
1253 5239 1414 5295 Deest
1436 5239 1532 5294 τοῦ
1557 5242 1608 5294 in
1637 5240 1873 5297 editione
1896 5243 2072 5300 Paris.

482 5305 721 5374 .Auglici
766 5305 986 5382 quidam
1033 5309 1084 5361 in
1143 5309 1322 5382 ρειρωὶ
1371 5311 1514 5366 notis
1560 5309 2071 5382 Ἐκκλησιαστικοῦ,

511 5386 703 5452 contra
727 5379 1107 5430 auctoritatem
1143 5377 1405 5433 librorum
1440 5391 1550 5435 tum
1576 5377 1928 5452 excusorum,
1962 5393 2074 5437 tmn

515 5446 724 5500 calamo
750 5457 1119 5500 exaratorum.

839 5519 1077 5592 quinque
1110 5531 1241 5592 mss.
1271 5515 1414 5592 Editi
1440 5519 1900 5592 περιγράφεσθαι.

587 5585 699 5663 (77)
739 5585 1126 5663 Reg._quintps
1147 5588 1195 5639 εἰ
1221 5588 1436 5663 οὐ.
1564 5585 1714 5663 μή
1737 5594 1835 5663 ἐμὲ
1857 5593 1935 5646 οὑ.
1961 5591 2082 5663 Sta-

587 5609 699 5650 tu)
739 5609 870 5656 “eg.
906 5609 1126 5657 qullttus
1147 5609 1195 5639 ει
1221 5609 1320 5658 εμε
1354 5609 1436 5647 ου.
1464 5609 1608 5644 ιιΛᾹ
1680 5609 1714 5662 η
1737 5609 1835 5663 εμε
1857 5609 1935 5646 ου.
1961 5609 2082 5647 bla-

519 5655 614 5707 tlm
631 5655 771 5736 “Reg.
805 5658 1025 5723 quintus
1050 5659 1174 5729 ὅρια
1194 5659 1299 5736 cf);
1316 5659 1432 5712 Mox
1451 5661 1614 5714 editio
1640 5609 1811 5736 ἕως.
1839 5662 2082 5736 χαλινοῦ-

517 5741 607 5799 eat
630 5723 872 5799 θάλασσα
896 5742 918 5799 Δι
945 5743 1065 5796 qua;
1085 5723 1189 5799 vox
1216 5723 1456 5784 θάλασσα
1491 5732 1756 5799 reperitur
1780 5723 1995 5795 quidem
2029 5735 2079 5786 in

520 5793 759 5864 Anglicis
785 5795 940 5851 libris
962 5793 998 5852 ’ς
1035 5797 1130 5854 sed
1166 5800 1320 5858 deest
1356 5802 1410 5858 in
1465 5793 1693 5872 utroque
1743 5793 1874 5859 Duc.
1926 5814 1980 5860 et
2027 5805 2080 5860 iu

2169 1970 2230 2025 τὺ
2257 1971 2396 2025 θεῖον
2431 1971 2778 2041 πρόσταγμα,
2829 1969 2922 2020 καὶ
2961 1967 3021 2020 τὸ
3055 1965 3185 2019 εἴσω
3222 1965 3330 2020 τῶν
3357 1968 3496 2038 ὅρων
3524 1983 3745 2036 περιγε-

2172 2063 2411 2136 γράφθαι
2449 2062 2560 2134 (76)
2589 2063 2687 2130 τὴν
2719 2060 3011 2122 Θάλασσαν,
3073 2058 3180 2112 ἀπὸ
3211 2059 3310 2130 τῆς
3360 2058 3579 2129 πρώτης
3634 2061 3748 2112 ἐστὶ

2169 2152 2511 2224 νομοθεσίαςο
2561 2150 2925 2220 Συναχθήτω
2952 2149 3022 2202 τὰ
3051 2149 3239 2202 ὕδατα
3268 2151 3354 2214 είς
3389 2150 3750 2219 συναγωγὴν

2163 2245 2331 2313 μίαν.
2353 2245 2469 2295 Ἵνα
2500 2241 2573 2313 μὴ
2589 2241 2650 2296 τὸ
2679 2239 2932 2314 ἐπιρρέον
2964 2239 3127 2312 ὕδωρ,
3155 2240 3262 2292 τῶν
3289 2239 3589 2312 δεχομένων
3617 2242 3750 2295 αὐτὸ

2170 2335 2383 2408 χωρίων
2431 2334 2849 2404 ὑπερχεόμενον,
2881 2332 3228 2403 μετεκδαῖνον
3261 2333 3346 2385 ἀεὶ
3395 2333 3490 2384 καὶ
3522 2332 3658 2386 ἄλλα
3689 2333 3747 2399 ἐξ

2171 2427 2345 2481 ἄλλων
2386 2425 2647 2498 πληροῦν,
2712 2428 2891 2478 πᾶσαν
2938 2424 3079 2478 κατὰ
3127 2424 3186 2476 τὸ
3235 2424 3453 2494 συνεχὲς
3481 2423 3748 2498 ὲπικλύσῃ

2171 2520 2271 2591 τὴν
2298 2521 2546 2589 ἤπειρον,
2605 2516 2899 2588 ἐκελεύσθη
2942 2515 3268 2585 συναχθῆναι
3302 2517 3381 2580 είς
3430 2518 3748 2587 συναγωγὴν

2175 2609 2324 2679 μίαν.
2379 2609 2477 2662 Διὰ
2525 2609 2684 2662 τοῦτο
2733 2606 3034 2678 μαινομένη
3091 2606 3348 2669 πολλάκις
3379 2605 3438 2672 ἐξ
3466 2607 3681 2677 ἀνέμων
3711 2611 3745 2679 ἠ

2175 2702 2438 2765 θάλασσα,
2475 2702 2568 2755 καὶ
2624 2703 2702 2764 εἰς
2743 2700 2876 2769 ὕψος
2915 2699 3168 2770 μέγιστον
3223 2699 3603 2770 διανισταμένη
3633 2702 3747 2764 τοῖς

2174 2791 2434 2862 κύμασιν,
2487 2790 2702 2844 ἐπειδὰν
2750 2789 2909 2860 μόνον
2939 2787 3044 2840 τῶν
3098 2787 3360 2856 αἰγιαλῶν
3400 2787 3624 2858 ἅψηται,
3666 2791 3748 2852 είς

2178 2883 2354 2954 ἀφρὸν
2399 2881 2697 2935 διαλύσασα
2748 2882 2846 2951 τὴν
2899 2881 3074 2952 ὁρμὴν
3133 2879 3450 2949 ἐπανῆλθεν.
3522 2882 3594 2936 “Il
3643 2883 3749 2951 ἐμὲ

2175 2977 2247 3027 οὐ
2299 2974 2412 3045 (77)
2440 2971 2880 3041 φοϐηθήσεσθε,
2911 2970 3072 3040 λέγει
3118 2972 3350 3039 Κύριος,
3383 2972 3490 3026 τὸν
3515 2972 3748 3028 τιθέντα

2175 3063 2370 3133 ἅμμον
2384 3062 2549 3130 ὅριον
2568 3061 2643 3130 τῇ
2667 3061 2948 3130 θαλάσσῃ
2977 3079 2996 3125 ;
3028 3061 3118 3132 Τῷ
3131 3063 3508 3135 ἀσθενεστάτῳ
3531 3066 3746 3119 πάντων

2177 3159 2242 3226 τῇ
2263 3156 2530 3227 ψάμμῳή
2573 3158 2690 3218 ταῖς
2723 3155 2864 3225 βίαις
2898 3155 3172 3227 ἀφόρητος
3220 3155 3550 3226 χαλινοῦται.
3597 3159 3748 3212 Ἐπεὶ

2181 3249 2232 3303 τί
2262 3248 2466 3301 ἐκώλυε
2506 3249 2604 3318 τὴν
2651 3247 2913 3319 Ἐρυθρὰν
2950 3246 3219 3300 θάλασσαν
3255 3249 3432 3300 πᾶσαν
3456 3249 3553 3318 τὴν
3581 3249 3746 3318 Αἴγυ-

2182 3358 2312 3393 πτον
2335 3338 2644 3410 κοιλοτέραν
2672 3334 2836 3391 οὖσαν
2854 3339 3051 3408 ἑαυτῆς
3078 3337 3342 3404 ἐπελθεῖν,
3365 3338 3459 3392 καὶ
3480 3339 3748 3409 συναφθῆ-

2180 3447 2268 3484 ναι
2287 3429 2364 3500 τῷ
2395 3427 2782 3499 παρακειμένῳ
2808 3431 2874 3498 τῇ
2924 3428 3182 3499 Αἰγύπτῳ
3213 3429 3460 3499 πελάγει,
3485 3433 3532 3483 εί
3569 3433 3641 3504 μὴ
3671 3432 3748 3503 τῷ

2181 3522 2562 3594 προστάγματι
2611 3516 2678 3591 ἦν
2739 3519 3086 3590 πεπεδημένη
3133 3520 3226 3573 τοῦ
3277 3523 3589 3588 κτίσαντος;
3627 3525 3747 3578 Ὅτι

2179 3615 2284 3685 γάρ
2336 3612 2690 3683 ταπεινοτέρα
2721 3614 2819 3685 τῆς
2864 3613 3126 3685 Ἐρυθρᾶς
3171 3613 3508 3686 θαλάσσηςή
3575 3617 3748 3683 Λίγυ-

2160 3723 2331 3777 -πτος,
2367 3705 2512 3777 ἔργῳ
2530 3706 2751 3758 ἔπεισαν
2780 3707 2926 3776 ἡμᾶς
2959 3708 3006 3760 oi
3031 3705 3352 3777 θελήσαντες
3383 3707 3627 3778 ἀλλήλοις
3679 3707 3749 3761 τὰ

2179 3797 2389 3867 πελάγη
2417 3797 2672 3866 συνάψαι,
2698 3797 2758 3850 τό
2787 3813 2847 3849 τε
2877 3796 3174 3865 Αίγύπτιον
3195 3798 3286 3850 καὶ
3310 3799 3370 3850 τὸ
3417 3799 3657 3866 Ἰνδικὸν,
3686 3801 3747 3852 ἐν

2177 3883 2222 3956 ᾧ
2255 3892 2288 3959 ἡ
2348 3888 2585 3959 Ἐρυθρά
2628 3889 2743 3939 ἐστι
2793 3887 2904 3958 (78)
2955 3887 3215 3941 θάλασσα.
3260 3888 3458 3961 Διόπερ
3515 3889 3746 3960 ἐπέσχον

2177 3981 2275 4050 τὴν
2296 3981 2636 4050 ἐπιχείρησιν
2669 3979 2697 4032 ὃ
2720 3997 2778 4032 τε
2837 3979 3054 4051 πρῶτος
3105 3981 3216 4051 (79)
3247 3981 3546 4052 ἀρξάμενος
3574 3983 3748 4036 Σέσω-

2178 4089 2331 4142 στρις
2355 4073 2383 4124 6
2413 4071 2730 4140 Αἰγύπτιος,
2771 4071 2865 4123 καὶ
2915 4073 2943 4124 6
2975 4072 3109 4142 μετὰ
3138 4071 3309 4125 ταῦτα
3337 4072 3445 4143 (80)
3473 4072 3746 4145 ﬁculnea;

2177 4160 2643 4233 ἐπεξεργάσασθαι
2703 4163 2924 4233 Δαρεῖος
2953 4165 2980 4215 ὁ
3007 4162 3207 4232 Μῆδος.
3261 4161 3447 4217 Ταῦτά
3484 4180 3572 4234 μοι
3594 4165 3744 4236 εἴρη-

2175 4272 2284 4318 ται,
2315 4254 2400 4306 ἵνα
2442 4254 2724 4324 νοήσωμεν
2770 4252 2863 4305 τοῦ
2904 4253 3322 4324 προστάγματος
3352 4255 3452 4326 τὴν
3496 4254 3739 4324 δύναμιν·

2174 4345 2532 4413 Συναχθήτω
2563 4346 2633 4398 τὰ
2647 4345 2832 4399 ὕδατα
2879 4346 2966 4411 εὶς
2994 4345 3353 4415 συναγωγὴν
3382 4347 3548 4415 μίαν.
3583 4346 3746 4400 Τουτ-

2176 4436 2346 4499 έστιν,
2369 4437 2536 4508 Ἀλλη
2569 4437 2676 4490 ἀπὸ
2703 4435 2904 4504 ταύτης
2939 4437 3012 4506 μὴ
3051 4437 3466 4508 άπογενηθήτω,
3523 4437 3636 4491 ἀλλ’
3685 4439 3744 4490 ὲν

2098 4543 2146 4601 D
2173 4532 2237 4599 τῇ
2269 4531 2460 4600 πρώτῃ
2490 4527 2718 4600 συλλογῇ
2753 4530 3102 4599 ἀπομεινάτω
3128 4527 3188 4581 τὸ
3219 4530 3604 4600 συναγόμενον.

2176 4668 2181 4673 .
2246 4621 2297 4674 4.
2337 4621 2566 4674 Ἔπειτα
2603 4619 2818 4674 ὁείπὼν
2849 4619 3177 4690 συναχθῆναι
3221 4621 3288 4674 τὰ
3316 4620 3482 4674 ὖδατα
3514 4623 3743 4686 εἰςισυνο

2179 4911 2270 4950 sex
2304 4895 2421 4950 aliis
2447 4910 2578 4948 mss.
2620 4909 2724 4947 non
2757 4909 2912 4948 secus
2940 4909 3003 4948 ac
3048 4894 3100 4947 in
3141 4893 3376 4947 editione
3423 4891 3585 4948 Basil.
3636 4895 3742 4948 Eu-

2181 4968 2416 5020 stathius
2448 4975 2625 5019 tamen
2657 4967 3064 5032 interpretatur,
3098 4964 3263 5018 Jussu
3311 4963 3406 5016 Dei
3436 4965 3739 5018 violentiam

2183 5037 2345 5091 maris
2386 5035 2578 5104 frenat.
2630 5035 2976 5104 Aristotelen:
3041 5045 3257 5104 secutus
3319 5032 3550 5087 Basilius
3599 5033 3743 5087 aﬂir-

2185 5108 2348 5160 mavit
2387 5101 2683 5174 ’ZEgyptum
2737 5104 2869 5157 mari
2923 5101 3107 5158 Rubro
3169 5103 3563 5174 depressiorem
3625 5121 3742 5157 esse

2183 5185 2343 5243 atque
2383 5172 2722 5228 humiliorem
2754 5193 2766 5228 :
2795 5176 2885 5227 sed
2935 5175 3130 5227 Strabo
3186 5172 3404 5244 natione
3452 5173 3739 5244 Egyptius

2175 5242 2373 5301 falsum
2409 5245 2458 5298 id
2504 5261 2624 5299 esse
2682 5245 2846 5296 tradit
2881 5244 2973 5296 lih.
3027 5260 3158 5299 xvu.
3214 5242 3386 5312 Legas
3430 5242 3594 5298 velim
3638 5244 3742 5298 Du-

2175 5331 2343 5370 caaum
2371 5330 2434 5368 ea
2458 5315 2521 5368 de
2551 5330 2606 5368 re
2631 5314 2838 5368 erudite
2860 5315 3232 5368 disserentem.

2249 5385 2358 5455 ('78)
2387 5387 2464 5455 Ita,
2485 5385 2649 5438 editio
2674 5383 2840 5438 Basil.
2867 5399 2987 5437 cum
3035 5399 3127 5440 sex
3161 5399 3291 5439 mss.
3335 5383 3494 5438 Deest
3524 5385 3640 5436 ἐστι
3687 5385 3738 5438 in

2175 5455 2413 5509 editione
2445 5454 2616 5508 Paris.

2253 5524 2378 5596 (79),
2405 5525 2721 5596 ltaicodices
2763 5537 2879 5577 sex.
2912 5523 3044 5594 Reg.
3081 5533 3304 5579 octavus
3349 5524 3438 5577 ὅτε
3487 5522 3737 5594 πρώτως.

2182 5593 2342 5649 Deest
2366 5595 2454 5646 ὅτε
2485 5595 2536 5646 iu
2571 5593 2749 5647 editis.

2251 5664 2359 5734 (80)
2381 5663 2492 5717 Καὶ
2511 5665 2548 5734 ῥ
2567 5663 2714 5730 μετὰ
2741 5661 2942 5734 ταῦτα.
2976 5662 3108 5730 Reg.
3139 5675 3340 5734 sextus
3364 5659 3480 5716 εἶτα
3513 5663 3576 5717 6..
3599 5662 3739 5718 Infra

2183 5729 2451 5791 idém'ms.
2484 5729 2627 5804 εἶχον
2661 5735 2842 5788 πᾶσαν
2866 5733 2970 5788 τῶν
2994 5729 3202 5788 ὑδάτων
3235 5733 3528 5804 συλλογήν..
