4082 6398
331 366 403 420 85
787 422 795 430 ,
1456 361 1741 417 HOMlLlA
1782 360 1850 416 IV
1891 359 1957 415 ΙΝ
1998 362 2493 420 HEXAEMERON.
3497 364 3565 417 86

330 481 554 549 αγωγὴν
582 479 731 549 μίαν,
772 478 940 544 ἔδειξε
986 497 1066 533 σοι
1095 480 1176 532 ὅτι
1210 476 1379 531 πολλὰ
1411 472 1478 549 ἦν
1500 477 1640 531 κατὰ
1673 477 1892 541 πολλοὺς

2000 481 2491 552 congregationem,
2547 481 2807 550 plurimas
2867 478 3032 533 fuisse
3074 493 3242 547 aquas
3280 493 3375 547 per
3403 481 3565 536 multa

328 570 529 633 τόπους
560 570 860 642 διῃρημένα
916 570 984 622 τὰ
1036 569 1221 623 ὕδατα.
1271 570 1340 621 Αἵ
1362 587 1419 622 τε
1458 569 1565 639 γὰρ
1616 568 1722 620 τῶν
1754 568 1895 639 ὀρῶν

326 660 659 731 κοιλότητες,
704 658 941 731 φάραγξι
988 661 1229 730 βαθείαις
1264 661 1694 731 ὑπερῤηγμέναι,
1753 656 1895 729 εἶχον

326 752 436 804 τῶν
466 752 674 806 ὑδάτων
707 754 805 825 τὴν
833 754 1113 825 συλλογήν.
1141 755 1251 808 Καὶ
1282 755 1504 825 προσέτι
1536 738 1693 806 πεδία
1723 752 1895 806 πολλά

326 862 386 899 τε
440 845 532 897 καὶ
594 844 760 898 ὕπτια
813 846 961 899 οὐδὲν
1006 846 1115 917 (81)
1164 844 1270 899 τῶν
1326 846 1593 916 μεγίστων
1644 843 1895 911 πελαγῶν

327 934 472 990 κατὰ
518 935 579 988 τὸ
621 935 846 1005 μέγεθος
905 936 1219 999 ἀποδέοντα,
1275 938 1369 989 καὶ
1416 934 1653 999 αὐλῶνες
1688 934 1894 1004 μυρίοι,

327 1030 425 1083 καὶ
451 1030 507 1082 αί
535 1027 779 1092 κοιλάδες
812 1030 930 1082 κατ’
972 1028 1106 1083 ἄλλα
1139 1029 1232 1081 καὶ
1258 1029 1391 1082 ἄλλα
1420 1029 1672 1099 σχήματα
1696 1028 1897 1081 κοιλαι-

327 1121 570 1192 νόμεναι,
607 1120 782 1174 πάντα
815 1121 1021 1174 ὑδάτων
1066 1122 1185 1174 τότε
1237 1121 1663 1192 πεπληρωμένα,
1696 1121 1895 1173 ἀπεκε-

327 1210 477 1284 νὼθη
498 1212 575 1282 τῷ
609 1212 737 1283 θείῳ
792 1212 1189 1285 προστάγματι,
1245 1212 1381 1283 πρὸς
1412 1213 1538 1282 μίαν
1579 1212 1897 1281 συναγωγὴν

325 1301 421 1355 τοῦ
452 1302 792 1373 πανταχόθεν
847 1301 1035 1365 ὕδατος
1084 1299 1516 1363 συνελασθέντος.
1566 1300 1676 1352 Καὶ
1712 1298 1896 1369 μηδεὶς

325 1393 550 1462 λεγέτω,
584 1393 684 1454 ὅτι,
716 1393 890 1464 Εἴπερ
910 1388 977 1463 ἦν
1016 1391 1165 1463 ὕδωρ
1189 1391 1370 1444 ἐπάνω
1394 1390 1494 1460 τῆς
1538 1389 1659 1459 γῆς,
1683 1390 1897 1449 πάντως

325 1485 499 1537 πᾶσαι
542 1484 598 1535 αἱ
634 1482 961 1552 κοιλότητες,
995 1482 1051 1534 αἱ
1080 1481 1174 1534 νῦν
1206 1480 1303 1551 τὴν
1337 1480 1607 1533 θάλασσαν
1634 1477 1893 1544 ὑποδεξά-

327 1594 508 1647 μεναι,
547 1574 973 1647 πεπληρωμέναι
1006 1574 1268 1646 ὑπῆρχον.
1320 1571 1428 1626 Ποῦ
1458 1572 1632 1625 τοίνυν
1675 1570 1895 1641 ἔμελλον

324 1666 569 1736 γίνεσθαι
593 1664 699 1719 τῶν
725 1666 932 1719 ὑδάτων
964 1666 1020 1718 αί
1056 1664 1310 1733 συλλογαὶ
1336 1663 1470 1733 (89.),
1492 1662 1897 1733 προκατειλημ-

327 1756 505 1828 μένων
535 1756 641 1810 τῶν
672 1756 894 1821 κοίλων;
932 1756 1074 1828 Πρὸς
1102 1755 1164 1825 δὴ
1207 1752 1362 1807 τοῦτο
1390 1753 1639 1825 ἐροῦμεν,
1669 1753 1748 1806 ὅτι
1773 1752 1893 1806 τότε

1996 570 2111 625 loca
2141 572 2344 626 divisas
2373 572 2465 625 tibi
2510 572 2788 626 indicavit.
2824 570 2957 624 Nam
3002 572 3261 624 montium
3304 587 3566 641 concava,

1996 661 2277 731 profundis
2329 662 2663 717 convallibus
2706 670 2982 732 perrupta,
3036 663 3345 717 collectitias
3396 679 3566 733 aquas

1996 755 2363 810 continebant.
2408 755 2545 821 Quin
2602 764 2655 809 et
2710 756 2884 824 campi
2934 755 3105 821 multi,
3159 755 3301 824 iique
3345 755 3561 825 supini,

1996 844 2130 897 nihil
2157 845 2407 899 maximis
2442 844 2644 913 pelagis
2676 845 3043 914 magnitudine
3067 845 3319 912 impares,
3351 853 3404 898 et
3446 844 3563 897 val-

1997 933 2075 990 les
2100 936 2414 1000 innumerae,
2444 935 2818 1003 convallesque
2852 934 2971 988 aliis
3005 944 3057 988 et
3087 935 3207 989 aliis
3256 935 3427 989 modis
3470 949 3564 988 ex-

1996 1038 2349 1097 cavataa,quze
2372 1028 2550 1082 omnia
2572 1037 2697 1081 tunc
2724 1028 2882 1097 aquis
2914 1027 3277 1096 replebantur,
3298 1037 3563 1096 praecepto

1997 1120 2176 1174 divino
2209 1127 2463 1174 evacuata
2518 1126 2662 1182 sunt,
2696 1133 2833 1187 aqua
2862 1118 3134 1173 undelibet
3167 1120 3217 1171 in
3245 1134 3402 1172 unam
3431 1134 3563 1171 con-

1995 1212 2355 1280 gregationem
2404 1211 2773 1265 conveniente.
2819 1211 2887 1265 Et
2940 1226 3096 1266 nemo
3147 1212 3290 1266 dicat
3341 1214 3562 1266 omnino

1996 1317 2215 1357 necesse
2244 1317 2384 1366 esse,
2418 1303 2461 1357 si
2493 1317 2629 1372 aqua
2657 1313 2812 1357 terra:
2843 1313 3193 1371 superstaret,
3224 1320 3351 1359 cava
3380 1306 3563 1361 omnia

1995 1409 2114 1463 qua:
2144 1404 2268 1449 tunc
2297 1394 2515 1465 pelagus
2544 1409 2849 1463 suscepere,
2878 1394 3041 1450 fuisse
3069 1395 3284 1450 referta.
3313 1395 3428 1463 Quo
3462 1397 3561 1467 igi-

1999 1493 2104 1550 tur,
2155 1486 2407 1539 concavis
2434 1486 2543 1553 jam
2595 1485 2891 1554 occupatis,
2938 1485 3241 1542 collecturze
3295 1503 3351 1542 se
3404 1498 3563 1543 erant.

1995 1576 2190 1644 aquae?
2218 1575 2297 1629 Ad
2317 1576 2420 1631 hoc
2454 1592 2584 1632 sane
2619 1576 3079 1645 reSpondebimus,
3108 1591 3401 1648 prmparata
3436 1589 3562 1634 tunc

1996 1668 2161 1723 fuisse
2194 1667 2552 1736 receptacula,
2603 1682 2723 1721 cum
2784 1667 2893 1739 36
2941 1683 3134 1737 aquam
3184 1682 3454 1740 oporteret
3504 1673 3562 1725 in

1995 1776 2157 1815 unam
2196 1760 2900 1816 secernicoacervationem.
2946 1760 3130 1831 Neque
3172 1763 3317 1816 enim
3354 1774 3468 1818 erat
3496 1764 3560 1816 il-

324 1819 419 1902 ;cal
443 1850 513 1902 τά
541 1851 740 1918 ἀγγεῖα
767 1819 1298 1917 συγέιατεσκευάσθη,
1319 1819 1674 1917 ὄτιέδεινμίαν
1700 1845 1892 1899 σύστα-

1996 1852 2083 1907 lud
2113 1855 2253 1922 quod
2300 1861 2382 1907 est
2411 1861 2564 1919 extra
2590 1852 2765 1907 Gades
2794 1868 2963 1919 mare,
2997 1869 3173 1923 neque
3205 1869 3457 1923 magnum
3492 1855 3559 1909 il-

325 1954 411 1991 σιν
440 1938 805 2010 ἀποκριθῆναι
843 1938 903 1990 τὸ
927 1937 1171 2009 ὕδωρ.οὑ
1198 1935 1306 2007 γὰρ
1338 1931 1403 2007 ἦν
1432 1938 1464 2006 ἡ
1500 1934 1602 1999 ἔξω
1627 1934 1894 2006 Γαδείρων

324 2028 588 2082 θάλασσα·
613 2029 734 2081 οὐδὲ
766 2028 827 2081 τὸ
856 2029 993 2099 μέγα
1031 2029 1205 2081 ἐκεῖνο
1251 2028 1345 2082 καὶ
1402 2026 1702 2097 άτόλμητον
1746 2026 1891 2079 πλω-

322 2118 487 2190 τῆρσι
509 2119 763 2187 πέλαγος,
812 2117 871 2171 τὸ
896 2117 991 2188 τὴν
1042 2115 1401 2188 Βρεττανικὴν
1446 2115 1611 2186 νῆσον
1643 2114 1894 2176 καὶτοὺς

321 2211 608 2283 ἑσπερίους
649 2210 872 2281 Ἴϐηρας
912 2208 1427 2281 περιπτυσσόμενονο
1454 2205 1588 2260 ἀλλὰ
1621 2205 1740 2258 τότε
1796 2204 1894 2275 τῆς

322 2305 661 2376 εὐρυχωρίας
705 2302 784 2373 τῷ
831 2302 1213 2373 προστάγματι
1246 2298 1340 2353 τοῦ
1393 2298 1528 2351 Θεοῦ
1561 2299 1894 2368 δημιουργηο

321 2396 527 2467 θείσης,
574 2396 658 2448 ἐπ’
689 2394 855 2464 αὑτὴν
904 2392 1159 2463 συνεδόοη
1207 2392 1313 2445 τῶν
1356 2391 1560 2445 ὑδάτων
1588 2390 1655 2442 τὰ
1690 2388 1890 2460 πλήθη.

320 2489 465 2559 Πρὸς
496 2487 553 2540 δὲ
572 2487 651 2551 τὸ,
684 2488 766 2540 ὃτι
796 2485 1126 2547 ὑπεναντίως
1154 2483 1266 2553 ἕχει
1294 2485 1357 2554 τῇ
1393 2482 1555 2553 πείρα
1586 2484 1613 2534 ό
1637 2481 1735 2552 τῆς
1764 2482 1891 2551 παρ’

319 2582 451 2651 ἡμῖν
493 2579 845 2649 κοσμοποιίας
899 2577 1055 2646 λόγος
1091 2576 1168 2644 (οὑ
1217 2575 1324 2646 γὰρ
1363 2577 1442 2638 είς
1496 2574 1620 2645 μίαν
1649 2590 1890 2641 συναγω-

320 2673 424 2743 γὴν
482 2671 687 2724 ὑδάτων
724 2670 784 2722 τὸ
842 2668 984 2739 ὕδωρ
1042 2669 1186 2722 ἅπαν
1238 2667 1485 2736 φαίνεται
1542 2666 1887 2737 συνδραμδν),

320 2763 492 2817 πολλὰ
523 2765 619 2829 μὲν
652 2762 798 2815 ἔστιν
823 2763 1016 2825 εἰπεῖν,
1053 2761 1145 2814 καὶ
1179 2762 1341 2814 πᾶσιν
1368 2759 1592 2814 αὑτόθεν
1617 2759 1886 2831 γνὼριμα’

321 2856 532 2927 μήποτε
559 2856 613 2908 δὲ
643 2856 736 2908 καὶ
769 2854 826 2907 τὸ
854 2852 1213 2924 διαμάχεσθαι
1242 2854 1353 2915 τοῖς
1371 2850 1635 2913 τοιούτοις
1660 2850 1884 2919 γελοῖον.

318 2948 396 3000 οὑ
425 2947 594 3018 δήπου
628 2946 736 3017 γὰρ
763 2946 857 2999 καὶ
888 2944 955 2998 τὰ
988 2945 1309 3015 τελματιαῖα
1328 2983 1342 3009 ,
1369 2943 1464 2996 καὶ
1491 2944 1558 2996 τά
1585 2942 1643 3008 ἐξ
1670 2942 1888 3015 ὄμϐρων

321 3036 782 3110 συναθροιζόμενα
814 3037 1107 3109 προφέρειν
1150 3039 1279 3108 ἡμῖν
1333 3036 1626 3106 ὀφείλουσι,
1658 3036 1752 3089 καὶ
1801 3035 1891 3088 διὰ

316 3130 523 3185 τούτων
548 3129 639 3182 τὸν
666 3129 821 3197 λόγον
849 3128 1003 3199 ήμῶν
1037 3129 1277 3199 ἐλέγχειν
1323 3127 1558 3193 οἵεσθαι;
1604 3126 1762 3181 Ἀλλὰ
1791 3128 1890 3199 τὴν
1914 3165 1959 3227 c

322 3223 583 3294 μεγίστην
613 3221 707 3274 καὶ
758 3220 1091 3292 τελεωτάτην
1144 3220 1251 3291 (85)
1300 3219 1599 3291 συνδρομὴν
1624 3218 1730 3273 τῶν
1763 3218 1889 3274 ὑδά-

316 3316 437 3369 τῶν
455 3316 699 3386 ὠνόμασε
748 3314 1066 3386 συναγωγὴν
1099 3315 1249 3384 μίαν.
1304 3314 1414 3367 Καὶ
1453 3312 1561 3384 γὰρ
1587 3312 1655 3366 τὰ
1683 3312 1889 3383 φρέατα

320 3405 634 3474 συναγωγαὶ
659 3404 866 3457 ὑδάτων
899 3404 1005 3456 εἰσὶ
1031 3403 1415 3474 χειροποίητοι,
1466 3403 1559 3454 ἐπὶ
1592 3401 1652 3454 τὸ
1672 3401 1886 3455 κοιλάν-

318 3498 410 3551 θὲν
441 3497 539 3566 τῆς
564 3496 667 3565 γῆς
692 3497 789 3567 τῆς
818 3494 1227 3566 ὲνεσπαρμένης
1254 3494 1453 3557 νοτίδος
1504 3493 1884 3564 ἐπιρρεούσης.

314 3589 405 3644 οι
430 3588 604 3641 τοίνυν
628 3587 695 3641 τὰ
730 3588 957 3658 τυχόντα
988 3588 1096 3641 τῶν
1138 3586 1339 3640 ὑδάτων
1373 3586 1709 3658 άθροίσματα
1731 3588 1764 3659 ἡ
1790 3587 1888 3656 τῆς

318 3683 641 3752 συναγωγῆς
664 3681 773 3751 (84)
817 3681 1066 3752 ἐμφαίνει
1094 3681 1451 3753 προσηγορία,
1481 3681 1617 3735 ἀλλά
1653 3681 1752 3752 τὴν
1803 3678 1893 3744 ἐξ-

315 3774 548 3843 έχουσαν
573 3774 667 3827 καὶ
702 3773 984 3844 μεγίστην,
1014 3774 1069 3824 ἐν
1162 3773 1267 3825 πᾶν
1298 3772 1360 3824 τὸ
1402 3774 1659 3841 στοιχεῖον
1695 3771 1887 3843 ἀθρόον

314 3864 695 3918 διαδείκνυται.
717 3865 927 3935 ’Ὠσπερ
951 3865 1057 3936 γὰρ
1084 3864 1146 3917 τὸ
1184 3863 1293 3937 πῦρ
1325 3864 1417 3917 καὶ
1446 3867 1523 3927 εἰς
1580 3862 1751 3936 μικρὰ
1792 3881 1888 3916 κα-

316 3956 891 4028 τακεκερματισμένον
938 3957 1083 4010 ἐστὶν
1142 3957 1234 4009 ἐπὶ
1284 3958 1382 4027 τῆς
1405 3950 1506 4010 ὧδε
1549 3958 1755 4028 χρείας,
1796 3956 1888 4008 καὶ

318 4045 511 4116 ἁθρόον
529 4045 623 4097 ἐπὶ
642 4045 735 4098 τοῦ
771 4044 985 4115 αἰθέρος
1037 4045 1280 4115 κέχυται·
1317 4046 1411 4099 καὶ
1448 4048 1476 4097 ὁ
1501 4045 1607 4117 ἀὴρ
1637 4046 1889 4116 διῄρηται

322 4138 421 4209 μὲν
467 4137 730 4191 καὶκατὰ
759 4139 947 4209 μικρά,
1001 4139 1091 4190 καὶ
1133 4137 1343 4208 ἀθρόως
1390 4137 1447 4190 δὲ
1492 4138 1579 4190 τὸν
1614 4137 1910 4208 περίγειον-

318 4230 700 4301 ἐκπεριείληφε
723 4230 904 4283 τόπον·
934 4229 1074 4283 οὑτω
1104 4230 1197 4282 καὶ
1249 4230 1342 4281 ἐπὶ
1366 4227 1458 4281 τοῦ
1484 4228 1693 4293 ὓδατος,
1720 4230 1767 4280 εί
1794 4228 1889 4281 κα)⁸

320 4324 513 4393 μικραί
537 4323 681 4384 τινές
716 4325 818 4375 είσι
851 4323 1175 4395 διῃρημέναι
1199 4322 1508 4385 συστάσεις,
1529 4321 1662 4373 ἀλλὰ
1696 4321 1793 4391 μία
1824 4320 1887 4389 γέ

317 4413 436 4466 ἐστι
477 4413 764 4485 συναγωγὴ
819 4413 927 4485 (85)
959 4416 989 4485 ἡ
1024 4415 1083 4467 τὸ
1116 4414 1235 4468 ὅλον
1265 4416 1524 4483 στοιχεῖον
1554 4413 1661 4466 τῶν
1688 4412 1887 4468 λοιπῶν

1994 1943 2084 1999 iud
2116 1954 2170 1999 et
2216 1945 2539 1999 horrendum
2590 1945 2964 2014 navigantibus
2993 1945 3241 2015 pelagus,
3274 1947 3416 2016 quod
3438 1944 3560 2000 Bri-

1996 2034 2265 2087 tannicam
2296 2032 2523 2088 insulam
2560 2041 2611 2087 et
2644 2033 2999 2088 occidentales
3048 2032 3310 2104 Hispanos
3338 2035 3505 2089 ambit
3540 2053 3561 2090 :.

1993 2123 2086 2178 sed
2116 2132 2460 2192 posteaquam
2511 2122 2604 2177 Dei
2659 2124 2911 2179 mandato
2949 2123 3241 2180 instructus
3280 2135 3362 2181 est
3409 2126 3565 2182 locus

1993 2215 2375 2284 amplissimus,
2403 2225 2530 2269 tunc
2579 2215 2631 2269 in
2684 2217 2854 2286 ipsum
2886 2231 2945 2271 se
2998 2232 3248 2286 recepere
3297 2234 3558 2288 aquarum

1994 2306 2177 2375 copiae.
2202 2308 2280 2360 Ad
2313 2308 2413 2362 hoc
2441 2317 2638 2372 autem,
2681 2310 2818 2376 quod
2860 2320 3044 2364 nostra
3084 2310 3149 2364 de
3198 2311 3381 2365 mundi
3411 2310 3562 2379 opifi-

1992 2399 2076 2453 cio
2111 2399 2376 2453 sententia
2420 2399 2764 2467 experientia:
2807 2400 3120 2455 adversetur
3154 2402 3386 2471 (constat
3414 2402 3557 2457 enim

1992 2503 2096 2542 non
2143 2488 2197 2541 in
2249 2502 2409 2541 unam
2442 2490 2907 2558 congregationem
2942 2506 3133 2561 aquam
3181 2507 3391 2547 omnem
3426 2507 3559 2548 con-

1991 2576 2264 2648 currisse),
2298 2577 2461 2633 multa
2491 2580 2668 2632 dicere
2710 2578 2852 2645 licet,
2890 2595 3059 2651 eaque
3086 2582 3332 2637 omnibus
3374 2597 3466 2651 per
3496 2598 3556 2637 se

1991 2679 2135 2722 nota.
2191 2666 2294 2723 Sed
2336 2668 2562 2722 fortasse
2613 2668 2770 2722 etiam
2829 2685 2950 2724 cum
3010 2671 3203 2725 talibus
3249 2683 3454 2727 certare
3484 2673 3555 2725 ri-

1990 2759 2220 2813 diculum
2279 2767 2380 2812 est.
2428 2756 2675 2827 Nunquid
2727 2758 2920 2813 debent
2965 2759 3232 2828 palustres
3279 2775 3467 2831 aquas,
3499 2768 3555 2813 et

1990 2865 2081 2905 eas
2106 2866 2224 2919 qua:
2251 2865 2313 2904 ex
2343 2850 2607 2907 imbribus
2658 2860 3015 2923 aggregantur
3034 2892 3049 2917 ,
3075 2854 3230 2908 nobis
3262 2865 3554 2921 opponere,

1989 2954 2149 3012 atque
2178 2943 2453 3008 arbitrari,
2488 2958 2546 2997 se
2576 2953 2815 2998 nostram
2856 2946 3173 2999 sententiam
3205 2958 3306 3014 cpe
3343 2944 3552 2997 illarum

1989 3033 2303 3089 refellere?
2352 3034 2638 3089 Enimvero
2704 3037 2991 3091 maximum
3064 3035 3555 3105 amplissimumque

1989 3140 2248 3194 aquarum
2302 3139 2619 3180 concursum
2648 3127 3110 3196 congregationem
3151 3142 3309 3180 unam
3346 3140 3553 3180 nuncu-

1990 3216 2153 3288 pavit.
2185 3215 2316 3271 Nam
2350 3217 2518 3287 putei,
2557 3216 2900 3273 collectiones
2933 3233 3189 3286 aquarum
3219 3225 3344 3273 sunt
3368 3232 3555 3270 manu-

1989 3307 2162 3373 factzr,
2192 3324 2312 3365 cum
2337 3310 2389 3363 in
2430 3318 2667 3363 cavatam
2713 3320 2868 3364 terra:
2907 3320 3108 3380 partem
3154 3311 3345 3365 humor
3380 3309 3428 3364 ei
3469 3310 3553 3364 in-

1987 3415 2201 3470 spersus
2254 3397 2442 3453 influit.
2483 3399 2598 3455 Non
2646 3415 2773 3471 ergo
2829 3400 3095 3470 quaslibet
3150 3415 3408 3469 aquarum
3457 3415 3552 3455 co-

1987 3491 2355 3547 acervationes
2390 3490 2819 3561 congregationis
2870 3490 3153 3560 appellatio
3210 3490 3432 3555 indicat,
3457 3490 3553 3545 sed

1987 3584 2307 3655 praecipuam
2342 3592 2396 3637 et
2423 3582 2747 3647 maximam,
2786 3582 2839 3635 in
2877 3597 2978 3650 qua
3022 3591 3186 3636 totum
3230 3581 3552 3636 elementum

1987 3683 2358 3730 coacervatum
2392 3672 2715 3727 ostenditur.
2750 3670 3207 3737 Quemadmodum
3241 3671 3382 3725 enim
3413 3671 3553 3741 ignis

1986 3776 2040 3820 et
2066 3766 2117 3817 in
2154 3763 2388 3817 minutas
2432 3772 2613 3833 partes
2661 3776 2756 3833 pro
2798 3771 2981 3816 nostro
3029 3776 3126 3815 usu
3163 3762 3421 3816 dissectus
3448 3768 3552 3825 est,

1986 3865 2040 3911 et
2061 3854 2349 3908 acervatim
2376 3854 2429 3908 in
2451 3853 2652 3907 aethere
2676 3850 2897 3907 diffusus
2917 3869 2931 3918 ;
2950 3854 3078 3906 item
3101 3851 3547 3921 quemadmodum

1986 3964 2079 4003 aer
2110 3948 2310 4003 divisus
2334 3948 2547 4017 quidem
2576 3946 2658 4001 est
2701 3947 2755 4000 in
2803 3944 3025 4015 exiguas
3052 3954 3253 4014 partes,
3290 3953 3341 3998 et
3371 3951 3553 3999 tamen

1986 4042 2283 4113 adiacentia
2310 4040 2483 4095 telluri
2510 4040 2624 4095 loca
2657 4038 2947 4093 acervatim
2970 4038 3248 4106 occupavit
3278 4056 3291 4092 :
3324 4038 3395 4091 ita
3426 4038 3552 4092 etin

1987 4155 2125 4209 aqua
2168 4138 2379 4192 tametsi
2422 4151 2599 4206 parva:
2645 4135 2890 4206 quaedam
2949 4133 3289 4188 collectiones
3338 4130 3553 4185 fuerunt

1987 4241 2267 4304 separatae,
2298 4241 2474 4285 tamen
2509 4245 2616 4284 una
2647 4238 2728 4285 est
2770 4227 3134 4298 congregatio,
3166 4241 3297 4296 qum,
3326 4234 3492 4278 totum
3520 4238 3553 4275 a

1987 4328 2197 4383 ueteris
2244 4333 2488 4395 segregat
2530 4323 2875 4378 elementum.
2912 4321 3047 4376 Nam
3101 4329 3287 4389 stagna
3340 4327 3448 4371 tum
3488 4331 3553 4371 ea

1987 4434 2104 4489 qua?
2134 4420 2199 4473 ad
2236 4428 2415 4488 partes
2440 4416 2884 4486 septentrionales
2912 4416 3013 4470 sita
3040 4423 3183 4478 sunt,
3206 4422 3317 4466 tum
3344 4426 3406 4465 ea
3434 4424 3554 4479 qua:

316 4508 687 4578 ἀποκρίνουσα
732 4507 861 4578 (86).
892 4509 956 4560 Αἱ
988 4508 1087 4577 μὲν
1116 4509 1224 4578 γὰρ
1251 4508 1459 4577 λίμναι,
1495 4508 1633 4561 αἵτε
1658 4506 1885 4560 κατὰτὰ

1993 4508 2162 4575 iacent
2194 4509 2335 4564 circa
2366 4507 2673 4563 Graecorum
2721 4516 2950 4563 tractum
2970 4547 2985 4572 ,
3011 4516 3121 4561 tum
3168 4521 3287 4577 qum
3315 4504 3555 4559 Macedo-

318 4599 460 4671 μέρη
487 4599 588 4669 τῆς
619 4599 844 4669 ἄρκτου,
876 4600 966 4653 καὶ
1003 4600 1123 4652 ὅσαι
1151 4599 1278 4670 περὶ
1304 4598 1394 4650 τὸν
1433 4598 1736 4668 Ἑλληνικόν
1783 4600 1889 4651 εἰσι

316 4692 502 4756 τόπον,
530 4694 631 4761 τήν
658 4708 717 4742 τε
764 4692 1121 4755 Μακεδονίαν,
1155 4693 1248 4743 καὶ
1294 4692 1392 4762 τὴν
1419 4690 1654 4743 Βιθυνῶν
1683 4691 1885 4763 χῶραν,

316 4784 412 4838 καὶ
432 4784 529 4854 τὴν
554 4783 925 4837 Παλαιστίνων
953 4784 1298 4854 κατέχουσαι,
1332 4786 1640 4853 συναγωγαί
1665 4786 1769 4837 είσι
1794 4785 1887 4854 δη-

319 4875 514 4929 λονότι’
551 4875 688 4928 ἀλλὰ
722 4875 815 4929 νῦν
855 4877 982 4947 περὶ
1025 4876 1125 4946 τῆς
1152 4876 1411 4947 μεγίστης
1440 4877 1662 4930 ἁπασῶν
1698 4876 1792 4930 καὶ
1811 4876 1888 4947 τῷ

323 4967 544 5037 μεγέθει
594 4967 695 5037 τῆς
736 4967 840 5037 γῆς
898 4969 1301 5039 παρισουμένης
1338 4972 1365 5022 ὁ
1417 4969 1589 5038 λόγος.
1621 4970 1717 5030 "Ac
1745 4968 1883 5038 πλῆ-

318 5059 412 5124 θος
431 5059 541 5129 (87)
562 5061 660 5130 μὲν
676 5060 818 5130 ἔχειν
841 5060 1029 5123 ὓδατος
1049 5061 1219 5124 οὐδεὶς
1235 5063 1357 5114 ἅντε
1367 5064 1467 5131 ρεῖ’
1486 5064 1545 5114 οὑ
1563 5060 1668 5133 μὴν
1686 5061 1885 5115 θαλάσ-

392 5235 599 5305 (8l)lta
635 5252 729 5292 sex
752 5253 879 5293 mss.
912 5237 1051 5291 Editi
1080 5238 1221 5292 οὐδέ.

396 5308 509 5376 (82)
543 5307 691 5373 Regii
713 5308 955 5377 quintus,
975 5320 1157 5362 sextus
1180 5319 1233 5363 et
1256 5318 1479 5365 octavus
1518 5309 1723 5363 ὑδάτων
1771 5326 1894 5364 συν·-

319 5379 557 5446 αγωγαί.
588 5376 728 5432 Editi
753 5393 877 5432 cum
924 5377 1043 5433 aliis
1087 5378 1407 5448 quibusdam
1444 5395 1574 5435 mss.
1621 5382 1677 5432 αἱ
1709 5380 1892 5433 συλλο-

320 5449 507 5588 τοι(85)
536 5516 733 5573 Omnes
787 5519 1080 5588 feremss.
1122 5534 1242 5574 eum
1294 5520 1527 5575 editione
1578 5520 1743 5576 Basil.
1793 5522 1886 5576 καὶ

317 5587 678 5660 τελεωτάτην.
712 5589 887 5644 Editio
915 5587 1086 5645 Paris.
1138 5604 1261 5644 cum
1317 5589 1450 5660 Reg.
1487 5593 1648 5647 tertio
1687 5590 1885 5645 τελειο-

317 5657 669 5801 τάῖἒῖ)ξὶςε.
703 5729 909 5797 primus
935 5730 1082 5799 ὁτῆς
1110 5731 1238 5799 μιᾶς
1284 5747 1476 5801 ιζυναγ.
1512 5732 1703 5789 Statim
1746 5733 1885 5790 idem

320 5795 494 5854 codex
510 5795 798 5870 ἐξέχουσαν
822 5801 915 5854 καὶ
936 5795 1166 5871 ἀρίστην
1204 5802 1264 5853 ἐν

1992 4603 2133 4657 niam
2155 4617 2215 4657 ac
2246 4602 2594 4673 Bithynorum
2626 4600 3138 4669 Palaestinorumque
3165 4600 3432 4669 regionem
3452 4598 3551 4654 ob-

1993 4698 2188 4760 tinent,
2230 4704 2357 4751 sunt
2401 4697 2616 4766 quidem
2653 4695 3091 4766 congregationes
3128 4710 3142 4745 :
3190 4693 3283 4747 sed
3316 4707 3461 4746 nunc
3486 4693 3554 4746 de

1991 4802 2053 4843 ea
2083 4803 2199 4856 quae
2242 4786 2481 4841 omnium
2526 4787 2755 4839 maxima
2806 4796 2910 4848 est,
2943 4798 3164 4854 quaeque
3187 4781 3554 4852 magnitudine

1993 4881 2170 4937 telluri
2208 4880 2424 4950 aequalis
2452 4888 2556 4943 est,
2608 4877 2835 4933 habetur
2877 4892 3071 4931 sermo.
3126 4875 3343 4945 Copiam
3373 4884 3551 4929 autem

1990 4974 2044 5028 in
2073 4973 2177 5027 illis
2208 4973 2468 5028 contineri
2500 4986 2760 5041 aquarum
2799 4970 3014 5039 negabit
3040 4984 3218 5035 nemo,
3240 4982 3340 5022 nec
3374 4975 3549 5020 tamen

1988 5063 2271 5135 quisquam
2303 5079 2396 5121 eas
2421 5078 2652 5133 congrua
2680 5062 3031 5133 appellatione
3057 5061 3223 5115 maria
3255 5058 3549 5121 vocaverit,

2068 5240 2180 5312 (85)
2207 5240 2358 5312 Regii
2394 5240 2611 5311 quintus
2634 5250 2685 5296 et
2710 5252 2895 5297 sextus
2920 5240 3065 5294 ἐστὶν
3092 5242 3303 5312 ἀγωγή.

2067 5311 2178 5380 (86)
2211 5311 2303 5364 Ιιιι
2338 5328 2466 5367 mss.
2496 5314 2731 5380 quinque
2771 5328 2892 5367 eum
2947 5313 3185 5367 Combef.
3233 5311 3374 5364 Editi
3427 5326 3550 5365 cum
3602 5356 3608 5367 .

1992 5381 2142 5453 Colh.
2179 5384 2418 5453 secundo
2451 5382 2810 5453 ἀποκρίνασα.
2862 5382 2982 5439 Mox
3003 5381 3158 5453 'Reg.
3188 5393 3373 5438 sextus
3401 5382 3463 5434 αἴ
3490 5398 3550 5434 τε

1992 5451 2145 5525 κατά
2161 5453 2324 5525 μέρος
2339 5452 2466 5525 τῆς.

2061 5521 2173 5591 (87)
2212 5521 2385 5578 Editio
2402 5521 2561 5576 Basil.
2589 5532 2640 5578 et
2663 5522 2837 5589 Bodl.,
2865 5532 2917 5577 et
2950 5521 3041 5576 alii
3081 5523 3290 5590 plurimi
3320 5542 3452 5582 mss.
3484 5525 3552 5591 ἃς

1992 5590 2210 5663 πλῆθος.
2248 5591 2423 5667 Editio
2450 5592 2619 5667 Paris.
2646 5595 2859 5657 ὲκείνας
2892 5594 3199 5667 δὲ-πλῆθος.
3261 5596 3551 5667 Aliquanto

1991 5674 2308 5791 ροδιὺηὲῇξί-
2340 5665 2581 5736 plerique
2634 5679 2821 5722 omnes
2886 5664 3158 5729 θαλάσσας
3224 5684 3307 5736 γε.
3364 5664 3551 5725 'Abest

1991 5750 2049 5791 γε
2083 5750 2110 5789 a
2255 5751 2267 5789 ι
2296 5750 2342 5790 ts

1989 5750 2049 5801 γε
2083 5745 2148 5789 ab
2185 5745 2342 5791 edms
