4082 6398
513 355 582 407 87
1845 347 1901 401 S.
1939 345 2089 401 BASI

2218 346 2431 402 MAGNI
2615 324 2620 329 ’
3291 380 3296 386 .
3674 345 3746 398 83

511 470 724 524 etiamsi
754 465 1024 521 nonnullae
1047 467 1334 536 plurimum
1396 465 1520 519 salsi
1548 480 1610 518 ac
1637 466 1835 520 terreni
1867 468 2084 534 perinde

2191 485 2284 530 σας
2315 484 2378 534 γε
2409 465 2473 518 ἄν
2521 483 2601 527 τις
2644 463 2812 526 αὑτὰς
2841 462 2979 516 κατά
3027 461 3116 514 τὸν
3159 462 3340 514 εἰκότα
3373 461 3527 528 λόγον
3578 479 3749 537 προσ-

512 574 672 629 atque
714 574 964 628 magnum
1027 574 1171 612 mare
1227 558 1457 612 habeant
1493 557 1611 610 :uti
1657 567 1739 610 est
1789 559 1840 610 in
1895 557 2074 614 Judaza

511 651 827 720 Asphaltitis
862 650 1026 713 lacus,
1069 659 1124 704 et
1165 649 1464 704 Serbonitis
1519 649 1626 712 ille,
1663 649 1752 717 qui
1788 648 2076 721 Egyptum

513 747 654 800 inter
679 754 732 798 et
771 744 1103 798 Palaestinam
1139 758 1232 812 per
1261 742 1512 796 Arabiam
1553 743 1820 796 desertam
1863 753 2080 810 proten-

515 837 680 889 ditur.
708 835 827 889 [hec
858 835 1000 887 enim
1022 844 1205 903 stagna
1237 845 1360 886 sunt
1409 851 1425 888 :
1466 840 1520 886 at
1551 848 1720 897 mare,
1757 841 1813 886 ut
1841 834 1931 902 qui
1967 842 2076 887 ter-

515 944 630 981 ram
657 928 946 981 lustravere
994 933 1236 987 narrant,
1282 939 1445 977 unum
1476 932 1577 978 est.
1613 924 1926 992 Quanquam
1957 932 2080 978 sunt

514 1020 604 1088 qui
645 1017 946 1088 Hyrcanum
974 1024 1026 1068 et
1050 1014 1302 1082 Caspium
1330 1028 1478 1068 mare
1531 1013 1582 1066 in
1617 1015 1808 1084 scipsis
1850 1015 2080 1068 circum-

514 1110 709 1178 scripta
736 1123 854 1163 esse
891 1108 1254 1169 arbitrentur;
1290 1107 1335 1160 si
1373 1120 1477 1175 qua
1519 1115 1696 1159 tamen
1737 1105 1868 1159 ﬁdes
1901 1106 1964 1159 iis
1988 1107 2079 1174 qui

515 1199 890 1270 geographiam
941 1199 1414 1266 conscripserunt,
1449 1198 1750 1252 adhibenda
1786 1208 1907 1262 est,
1941 1199 2082 1253 inter

516 1305 576 1344 se
628 1299 812 1343 mutuo
851 1288 1117 1358 perforata
1163 1298 1305 1352 sunt,
1358 1298 1411 1343 et
1459 1289 1638 1345 omnia
1690 1290 1741 1342 in
1793 1293 2079 1344 maximum

517 1396 666 1434 mare
709 1396 802 1450 per
834 1390 1056 1450 angusta
1093 1382 1333 1448 quaedam
1379 1381 1514 1434 ostia
1557 1381 1860 1449 concidunt,
1903 1399 2086 1450 quem-

520 1471 808 1525 admodum
844 1481 898 1525 et
943 1488 1092 1526 mare
1123 1471 1362 1526 Rubrum
1392 1487 1512 1526 cum
1544 1487 1608 1527 eo
1636 1475 1774 1542 quod
1807 1475 1943 1528 ultra
1975 1475 2082 1529 Ga-

515 1564 610 1616 des
653 1571 758 1628 est,
786 1564 1028 1617 connecti
1053 1563 1244 1618 ferunt.
1273 1562 1552 1630 Quomodo
1585 1563 1778 1632 igitur,
1811 1565 2084 1634 inquiunt,

517 1654 659 1708 Deus
687 1652 1028 1708 collectiones
1055 1669 1314 1722 aquarum
1350 1655 1675 1722 nuncupavit
1711 1654 1878 1708 maria
1908 1655 2085 1720 ?Quia

517 1754 908 1799 concurrerunt
953 1745 1165 1813 quidem
1226 1760 1378 1815 aqua:
1423 1747 1474 1800 in
1524 1761 1680 1798 unam
1712 1746 2086 1815 congregatio-

518 1851 639 1890 nem
681 1837 820 1890 :sed
873 1851 1129 1904 aquarum
1177 1839 1630 1902 coacervationes,
1685 1839 1735 1890 id
1766 1848 1848 1893 est
1909 1839 2079 1904 sinus,
2117 1839 2154 1892 Β

518 1928 609 1996 qui
648 1929 937 1982 secundum
985 1930 1252 1998 propriam
1294 1928 1515 2000 ﬁgurant
1555 1945 1584 1982 a
1623 1939 1763 1983 terra
1793 1929 2080 1996 circumja-

519 2027 674 2072 ceute
714 2019 1082 2088 comprehensi
1115 2030 1261 2080 sunt,
1286 2020 1454 2073 maria
1491 2019 1746 2076 Dominus
1777 2022 2078 2091 appellavit.

522 2110 658 2163 Sunt
688 2111 880 2179 quippe
927 2125 1074 2165 mare
1105 2111 1539 2178 septentrionale,
1581 2128 1726 2167 mare
1761 2112 2080 2177 austrinum,

518 2201 778 2254 orientale
809 2214 974 2266 mare,
1000 2210 1052 2255 et
1079 2201 1407 2256 occidentale
1429 2202 1534 2271 37
1568 2217 1775 2256 rursum
1809 2203 1949 2258 aliud
1981 2212 2079 2258 est.

521 2289 657 2344 Sunt
684 2291 866 2344 itidem
900 2290 1112 2344 nomina
1162 2291 1390 2344 marium
1427 2292 1641 2362 propria
1690 2308 1702 2344 :
1740 2291 1939 2347 Pontus
1974 2293 2082 2346 Eu-

519 2383 701 2446 xinus,
754 2379 1067 2452 Propontis,
1107 2381 1494 2449 Hellespontus,
1513 2382 1752 2450 Aigzeum
1783 2392 1836 2437 et
1858 2383 2080 2446 Ionium,

523 2473 875 2528 Sardonicmn
905 2474 1122 2542 pelagus
1150 2473 1478 2538 etSiculum,
1497 2484 1550 2528 et
1569 2472 1907 2544 Tyrrhenum
1937 2473 2080 2528 aliud

519 2575 625 2621 est.
655 2566 793 2632 Quin
831 2576 884 2618 et
922 2565 1126 2619 inﬁnita
1156 2577 1280 2619 sunt
1309 2567 1535 2619 marium
1564 2566 1799 2630 nomina,
1832 2582 1947 2635 qua:
1969 2567 2082 2620 lon-

522 2673 646 2727 gum
689 2671 829 2710 nunc
857 2657 1014 2710 fuerit
1054 2669 1114 2710 ac
1143 2656 1299 2725 plane
1338 2657 1573 2726 ineptum
1616 2668 1862 2714 accurate
1899 2676 2083 2716 recen-

523 2763 642 2802 sere
669 2762 731 2800 ac
753 2762 1057 2802 munerare.
1082 2748 1281 2803 Idcirco
1310 2747 1448 2803 Deus
1466 2750 1896 2805 coacervationes
1927 2766 2086 2820 aqua-

525 2855 642 2892 rum
692 2839 861 2893 maria
893 2841 1236 2909 nuncupavit.
1287 2839 1482 2894 Verum
1519 2839 1583 2892 ad
1619 2841 1717 2894 hoc
1745 2842 1956 2911 quidem
1988 2858 2084 2896 nos

525 2934 747 2988 deduxit
785 2933 1041 2988 orationis
1062 2933 1266 2988 series:
1292 2933 1385 2988 sed
1417 2934 1481 2988 ad
1527 2933 1578 2987 id
1602 2939 1743 3003 quod
1778 2935 1928 2989 initio
1958 2951 2084 3005 pro-

527 3025 822 3094 posuimus,
861 3027 1158 3080 redeamus.

691 3208 754 3261 ΕΙ
781 3209 911 3262 dixit
948 3209 1103 3274 Deus,
1136 3207 1522 3278 Congregenlur
1548 3226 1696 3279 aqua?
1722 3211 1775 3264 in
1801 3226 2078 3281 congrega.
2108 3193 2150 3249 C

530 3301 722 3354 tionem
768 3317 962 3365 unam,
994 3310 1042 3354 et
1073 3313 1317 3369 appareat
1350 3302 1520 3355 arida.
1551 3300 1660 3355 Non
1696 3302 1833 3356 dixit
1859 3317 1872 3354 :
1905 3303 1969 3356 Et
1995 3318 2089 3372 ap-

529 3401 716 3462 pareat
755 3400 931 3453 terra;
973 3407 1038 3446 ne
1071 3394 1260 3445 iterum
1299 3393 1462 3460 ipsam
1494 3393 1737 3447 ostendat
1767 3392 2089 3462 incomposi-

507 3493 976 3547 -tam,cmnosam.
1029 3497 1179 3551 aquae
1231 3481 1552 3546 immistam,
1590 3485 1814 3536 necdum
1873 3484 2091 3552 propria

529 3573 700 3628 forma
726 3583 816 3627 aut
847 3574 1041 3626 virtute
1069 3574 1324 3626 indutam.
1360 3573 1528 3628 Simul
1563 3575 1746 3640 etiam,
1777 3591 1843 3629 ne
1869 3575 2089 3630 aridita-

534 3667 600 3720 tis
623 3681 838 3718 Causam
867 3666 961 3720 soli
1003 3666 1437 3728 attribueremus,
1483 3676 1638 3718 terra?
1676 3667 1977 3720 ariditatem
2003 3682 2084 3736 ge-

531 3759 809 3812 neratione
859 3757 986 3810 solis
1023 3756 1198 3810 eﬁecit
1243 3755 1430 3823 Opilex
1471 3758 1830 3811 vetustiorem.
1867 3758 2092 3813 Attende

529 3855 707 3899 autem
752 3862 936 3900 eorum
969 3863 1087 3914 quae
1129 3848 1322 3913 scripta
1373 3856 1517 3913 sunt,
1564 3849 1902 3912 sententiam,
1953 3850 2090 3918 quod

532 3952 636 3990 non
690 3937 862 3990 solum
901 3938 1202 3990 redundans
1241 3953 1374 4004 aqua
1423 3953 1452 3990 e
1502 3947 1643 3991 terra
1676 3937 1975 4004 deﬂuxerit,
2000 3941 2092 3994 sed

530 4029 693 4082 etiam
743 4028 882 4097 quod
931 4029 1185 4096 quidquid
1217 4044 1311 4097 per
1338 4029 1678 4096 profundiora
1709 4030 1824 4084 loca
1860 4031 1955 4099 ipsi
2001 4034 2093 4085 ad-

533 4121 747 4173 mistum
777 4129 912 4182 erat,
938 4120 991 4174 id
1035 4134 1246 4189 quoque
1295 4121 1584 4174 inevitabili
1635 4121 1839 4175 Domini
1870 4123 2093 4190 imperio

530 4211 906 4277 obtemperans
957 4213 1260 4266 recesserit.
1289 4210 1352 4265 Et
1381 4211 1578 4279 factum
1620 4223 1694 4265 est
1727 4213 1820 4266 ita.
1853 4212 1975 4267 llaec
2015 4215 2094 4266 iu-

532 4301 713 4354 ductio
733 4311 814 4354 sat
845 4301 1246 4355 demonstrabat
1274 4302 1495 4368 (ipiﬁcis
1538 4318 1720 4357 vocem
1760 4303 1824 4356 ad
1849 4301 2092 4357 effectum

533 4395 877 4462 pervenisse;
911 4393 1175 4460 adjectum
1201 4404 1473 4450 esttamen
1503 4396 1553 4448 in
1587 4397 1762 4450 multis
1781 4397 2096 4466 exemplari-

535 4486 635 4538 bus
671 4502 684 4536 :
717 4484 783 4538 Et
812 4495 1125 4554 congregata
1154 4492 1230 4537 est
1271 4502 1405 4554 aqua
1429 4501 1545 4554 qua:
1586 4486 1679 4539 sub
1730 4485 1855 4539 caelo
1885 4496 1996 4538 erat
2039 4488 2093 4538 in

2181 558 2337 611 είποι·
2361 557 2467 609 οὐδ’
2490 557 2553 609 ἂν
2593 557 2672 609 ὅτι
2703 557 2936 626 μάλιστα
2961 556 3022 607 τὸ
3049 553 3289 623 ἁλμυρὸν
3309 554 3402 605 καὶ
3434 554 3636 622 γεῶδες
3664 573 3750 608 τι-

2181 668 2269 714 νες
2298 648 2672 720 παραπλήσιον
2703 648 2864 718 ἔχωσι
2893 651 2955 718 τῇ
2988 647 3194 719 μεγάλῃ
3233 646 3494 718 θαλάσσῃ,
3523 647 3598 710 ὡς
3619 649 3654 717 ἦ
3686 665 3750 702 τε

2193 740 2530 810 Ἀσφαλτῖτις
2548 740 2708 810 λίμνη
2733 741 2823 792 ἐπὶ
2852 739 2950 810 τῆς
2991 738 3266 800 Ἰουδαίας,
3301 739 3393 790 καὶ
3423 741 3453 809 ἡ
3487 740 3754 810 Σερϐωνῖ-

2180 836 2312 904 τιςή
2348 833 2547 904 μεταξὺ
2581 832 2854 901 Αἰγύπτου
2899 833 2990 885 καὶ
3013 831 3373 901 Παλαιστίνης
3399 831 3496 900 τὴν
3531 832 3756 904 Ἀραϐι-

2183 924 2284 994 κὴν
2315 924 2518 994 ἔρημον
2559 923 2972 994 παρατείνουσα.
3024 922 3222 992 Λίμναι
3258 921 3367 991 γάρ
3396 923 3529 973 εἰσιν
3562 915 3750 986 αὗται,

2183 1015 2425 1068 θάλασσα
2445 1015 2500 1067 δέ
2547 1015 2659 1085 μία,
2697 1015 2772 1077 ὡς
2795 1016 2844 1067 οἱ
2878 1014 2973 1084 τὴν
3003 1014 3105 1083 γῆν
3140 1011 3577 1084 περιοδεύσαντες
3605 1015 3754 1065 ίστο-

2188 1106 2388 1177 ροῦσιν.
2421 1108 2480 1159 Εί
2513 1107 2605 1158 καὶ
2633 1107 2730 1175 τὴν
2763 1105 3053 1173 Ὑρκανίαν
3079 1103 3277 1157 οἴονταί
3307 1121 3467 1167 τινες,
3515 1105 3606 1157 καὶ
3651 1105 3753 1176 τὴν

2185 1197 2438 1250 Κασπίαν
2506 1195 2935 1268 περιγεγράφοαι
2995 1195 3113 1247 καθ’
3171 1194 3400 1257 ἐαυτάς’
3450 1194 3563 1246 ἀλλ’
3603 1194 3657 1246 εἴ
3685 1196 3754 1264 γέ

2184 1307 2233 1342 τι
2253 1289 2366 1359 (88)
2397 1288 2500 1360 χρὴ
2515 1292 2633 1352 ταῖς
2656 1288 2761 1340 τῶν
2781 1289 2962 1358 ίστορη
2973 1288 3177 1340 σάντων
3201 1287 3486 1358 προσέχειν
3503 1305 3754 1358 γεωγρα⁴

2186 1383 2355 1449 φίαις,
2396 1383 2776 1452 συντέτρηνται
2839 1381 2972 1450 πρὸς
3025 1380 3274 1452 ἀλλήλας,
3322 1383 3414 1434 καὶ
3467 1382 3600 1453 πρὸς
3649 1384 3755 1452 τὴν

2190 1475 2451 1544 μεγίστην
2501 1473 2772 1526 θάλασσαν
2822 1473 3026 1525 ἅπασαι
3080 1473 3571 1542 συνανεστόμωνται
3615 1474 3752 1544 (89)·

2187 1567 2260 1629 ὡς
2293 1567 2386 1618 καὶ
2414 1565 2510 1634 τὴν
2553 1563 2814 1635 Ἐρυθρὰν
2843 1563 3114 1618 θάλασσάν
3154 1581 3283 1632 φασι
3332 1564 3466 1635 πρὸς
3498 1565 3593 1635 τὴν
3653 1567 3756 1618 ἐπ-

2189 1657 2370 1709 έκεινα
2400 1656 2666 1726 Γαδείρων
2691 1655 3067 1710 συνάπτεσθαι.
3091 1653 3214 1716 Πῶς
3235 1651 3548 1726 *οῦν,φησὶν,
3574 1659 3601 1708 ό
3619 1656 3754 1720 Θεὸς

2188 1748 2254 1800 τὰ
2289 1748 2606 1816 συστήματα
2631 1745 2736 1798 τῶν
2789 1746 2997 1798 ὑδάτων
3031 1745 3252 1799 ἐκάλεσε
3280 1744 3586 1810 θαλάσσας;
3629 1748 3751 1800 Ὀτι

2187 1838 2482 1909 συνέδραμε
2535 1837 2633 1907 μὲν
2683 1836 2790 1904 (90)
2820 1839 2900 1899 εἰς
2933 1838 3251 1907 συναγωγὴν
3296 1838 3422 1908 μίαν
3454 1838 3522 1891 τὰ
3559 1838 3747 1892 ὕδατα·

2189 1929 2254 1981 τὰ
2286 1928 2341 1980 δὲ
2393 1929 2710 1998 συστήματα
2752 1929 2860 1980 τῶν
2904 1929 3128 1992 ὑδάτων,
3177 1928 3420 1982 τουτέστι
3463 1932 3585 1993 τοὺς
3626 1931 3755 1983 x6).—

2190 2038 2322 2082 πους
2351 2020 2476 2082 τοὺς
2529 2022 2649 2071 κατ’
2705 2020 2831 2072 ἴδιον
2863 2020 3045 2088 σχῆμα
3075 2019 3178 2071 ὑπὸ
3223 2020 3319 2089 τῆς
3363 2020 3754 2091 περικειμένης

2190 2113 2288 2182 γῆς
2325 2111 2761 2180 ἀποληφθέντας,
2815 2110 3088 2173 θαλάσσας
3140 2113 3167 2163 ὁ
3231 2111 3429 2182 Κύριος
3481 2113 3752 2184 προσηγόο

2191 2219 2368 2273 ρευσε.
2393 2202 2644 2254 Θάλασσα
2671 2201 2897 2272 βόρειος,
2927 2201 3167 2253 θάλασσα
3191 2201 3380 2265 νότιος,
3414 2202 3521 2273 ἑῴα
3551 2203 3749 2258 θάλασ-

2191 2311 2276 2356 σα,
2313 2293 2406 2345 καὶ
2428 2293 2656 2363 ἐσπερία
2684 2292 2844 2344 πάλιν
2885 2291 3065 2362 ἑτέρα.
3105 2291 3213 2344 Καὶ
3241 2291 3476 2363 ὀνόματα
3509 2295 3616 2348 τῶν
3654 2313 3753 2348 πε-

2188 2385 2368 2452 λαγῶν
2393 2383 2678 2447 ἰδιάζοντα·
2698 2384 2894 2447 Πόντος
2912 2383 3175 2451 Εὔξεινος,
3200 2386 3292 2438 καὶ
3309 2386 3747 2458 Προποντὶςφί),

2200 2476 2606 2547 Ἑλλήσποντος,
2640 2477 2858 2542 Αἰγαῖος
2905 2477 2997 2528 καὶ
3038 2475 3253 2540 ’ἰώνιος,
3315 2477 3632 2549 Σαρδονικὸν
3656 2481 3750 2533 πέ-

2188 2569 2348 2636 λαγος
2378 2569 2470 2620 καὶ
2523 2567 2827 2628 Σικελικὸν,
2881 2567 2972 2620 καὶ
3021 2568 3354 2638 Τυρρηνικὸν
3403 2570 3605 2640 ἕτερον.
3643 2573 3750 2624 Καὶ

2194 2660 2359 2730 μυρία
2385 2677 2446 2728 γε
2474 2661 2707 2730 ὀνόματα
2743 2657 3010 2725 πελαγῶν,
3036 2658 3070 2711 ἃ
3093 2659 3300 2729 μακρὸν
3321 2657 3384 2711 ἂν
3410 2659 3493 2729 εἴη
3528 2659 3621 2713 νῦν
3639 2661 3749 2732 (92)

2189 2753 2282 2805 καὶ
2325 2752 2706 2822 ἀπειροκαλίας
2737 2749 2928 2819 μεστὸν
2962 2749 3027 2802 δι’
3064 2751 3344 2821 ἀκριϐείας
3366 2751 3751 2822 ἀπαριθμήσα-

2190 2843 2332 2896 σθαι.
2363 2842 2460 2894 Διὰ
2487 2841 2642 2894 τοῦτο
2677 2841 2953 2910 ὠνόμασεν
2974 2842 3002 2893 ό
3031 2839 3161 2904 Θεὸς
3186 2841 3253 2893 τὰ
3282 2842 3598 2912 συστήματα
3640 2843 3750 2895 τῶν

2189 2934 2393 2987 ὑδάτων
2417 2933 2706 2995 θαλάσσας.
2741 2931 2970 2994 Ἀλλέίς
2997 2931 3152 2984 τοῦτο
3182 2932 3278 3001 μὲν
3303 2933 3445 3002 ἡμᾶς
3466 2932 3751 3002 ἐξήνεγκεν

2188 3025 2221 3094 ἡ
2256 3024 2541 3078 ἀκολουθία
2588 3023 2679 3076 τοῦ
2725 3023 2904 3092 λόγου,
2929 3027 3092 3095 ἡμεῖς
3123 3025 3179 3078 δὲ
3235 3026 3369 3097 πρὸς
3407 3026 3465 3079 τὸ
3493 3027 3550 3093 ἐξ
3580 3028 3752 3099 ἀρχῆς

2191 3113 2584 3183 ἐπανέλθωμεν.

2251 3207 2303 3259 5.
2331 3207 2437 3259 Kal
2469 3202 2636 3258 εἶπεν
2667 3209 2700 3259 ὁ
2750 3205 2912 3271 Θεός⁶
2948 3207 3311 3276 Σ-υναχθήτω
3347 3210 3418 3262 τὰ
3453 3208 3638 3263 ὕδατα
3666 3213 3753 3278 εἰς

2189 3296 2545 3367 συναγωγὴ-ν
2565 3297 2728 3365 μίαν,
2785 3296 2882 3349 καί
2913 3296 3145 3365 ὀρθήτω
3178 3300 3216 3366 ἡ
3249 3299 3420 3368 ξηρά.
3469 3303 3579 3355 Οὐκ
3609 3298 3748 3355 εἴπεο

2190 3391 2298 3442 Καὶ
2322 3390 2596 3460 ὀφθήτωή
2637 3389 2730 3458 γῆ,
2767 3389 2851 3441 ἵνα
2885 3388 2957 3460 μὴ
2991 3390 3148 3442 πάλιν
3187 3391 3352 3462 αὐτὴν
3383 3393 3752 3447 ἀκατάσκευον

2190 3481 2461 3551 ἐπιδείξῃ,
2511 3481 2726 3552 πηλώδη
2781 3475 2963 3544 οὖσαν,
3018 3482 3108 3534 καὶ
3162 3481 3610 3555 ἀναμεμιγμένην
3673 3486 3750 3554 τῷ

2192 3573 2361 3638 ὕδατι,
2393 3572 2544 3626 οὔπω
2579 3574 2674 3641 τὴν
2717 3573 2922 3625 οἰκείαν
2965 3571 3340 3625 ἀπολαϐοῦσαν
3387 3574 3594 3644 μορφὴν
3630 3576 3751 3628 οὐδὲ

2190 3665 2437 3735 δύναμιν.
2505 3663 2668 3734 Ὁμοῦ
2697 3664 2772 3729 δὲ,
2831 3664 2915 3716 ἵνα
2943 3661 3014 3733 μὴ
3044 3662 3120 3732 τῷ
3147 3662 3279 3733 ἡλίῳ
3304 3662 3398 3733 τὴν
3430 3662 3520 3716 τοῦ
3553 3665 3751 3735 ἀναξη-

2196 3757 2394 3827 ραίνειν
2422 3756 2519 3825 τὴν
2547 3757 2648 3825 γῆν
2674 3755 2848 3808 αἰτίαν
2885 3753 3224 3824 προσθῶμεν,
3257 3753 3626 3823 πρεσϐυτέραν
3652 3755 3752 3824 τῆς

2191 3846 2283 3900 τοῦ
2318 3847 2425 3916 (95)
2458 3847 2608 3916 ἡλίου
2665 3846 2929 3914 γενέσεως
2976 3845 3072 3916 τὴν
3140 3845 3403 3917 ξηρότητα
3439 3847 3535 3914 τῆς
3583 3844 3686 3915 γῆς
3723 3848 3751 3898 ὁ

2192 3940 2526 4010 Δημιουργὸς
2557 3938 2979 4008 παρεσκεύασεν.
3031 3937 3348 4008 Ἐπίστησον
3380 3937 3433 3989 δὲ
3472 3940 3534 4008 τῇ
3576 3937 3751 4008 ἐννοίᾳ

2190 4030 2298 4083 τῶν
2331 4031 2749 4100 γεγραμμένων,
2795 4031 2874 4082 ὅτι
2898 4031 2957 4082 οὑ
3004 4029 3160 4098 μόνον
3189 4029 3249 4080 τὸ
3281 4028 3567 4091 πλεονάζον
3609 4028 3749 4099 ὕδωρ

2192 4119 2439 4192 ἀπερρύη
2469 4121 2566 4190 τῆς
2593 4121 2717 4189 γῆς,
2753 4121 2885 4174 άλλά
2941 4121 3033 4174 καὶ
3074 4122 3194 4173 ὅσον
3243 4121 3573 4191 ἀνεμέμικτο
3614 4121 3746 4190 αὐτῇ

2191 4212 2278 4265 διὰ
2342 4211 2575 4282 βάθους,
2625 4213 2718 4265 καὶ
2768 4213 2923 4266 τοῦτο
2969 4211 3234 4282 ὑπεξῆλθε
3287 4212 3364 4280 τῷ
3400 4214 3749 4283 ἀπαραιτήτῳ

2194 4302 2570 4373 προστάγματι
2592 4303 2684 4356 τοῦ
2714 4304 2977 4358 Δεσπότου
3011 4304 3242 4356 πεισθέν.
3263 4305 3365 4357 Καὶ
3401 4303 3630 4372 ἐγένετο
3654 4303 3751 4355 οὖ-

2194 4410 2327 4459 τως.
2365 4395 2630 4466 Ἀρκοῦσα
2655 4394 2790 4466 αὕτη
2821 4398 2853 4464 ἡ
2903 4395 3161 4464 ἐπαγωγὴ
3219 4395 3352 4465 πρὸς
3375 4395 3435 4446 τὸ
3461 4394 3626 4457 δεῖξαι
3671 4395 3748 4454 εἰς

2193 4485 2351 4556 ἔργον
2381 4485 2635 4539 ἐλθοῦσαν
2660 4488 2753 4538 τοῦ
2795 4485 3132 4557 Δημιουργοῦ
3151 4485 3248 4555 τὴν
3271 4487 3470 4554 φωνήν.
3500 4484 3752 4555 Πρόσκεμ

534 4577 953 4645 congregatione:
974 4591 1117 4642 suae,
1143 4584 1190 4629 et
1208 4577 1452 4645 apparuit
1477 4577 1650 4630 arida.
1675 4577 1802 4642 Qua:
1824 4591 1951 4630 sane
1976 4591 2066 4630 ver

2198 4595 2285 4632 ται
2310 4578 2365 4630 δὲ
2395 4579 2450 4631 ἐν
2468 4579 2575 4649 (94)
2595 4579 2797 4643 πολλοῖς
2827 4579 2932 4634 τῶν
2953 4577 3319 4648 ἀντιγράφωνο
3341 4577 3448 4631 Kal
3472 4576 3747 4644 συνήχθη

606 4732 718 4802 (88)
749 4733 840 4787 Sic
868 4735 1167 4797 mss.,Editi
1200 4733 1335 4787 ἀλλά
1371 4750 1432 4801 γε
1456 4731 1507 4785 εἴ
1532 4750 1604 4786 τι.

607 4805 716 4872 (89)
780 4804 868 4858 Sic
921 4817 1153 4872 quatuor
1190 4821 1316 4859 mss.
1367 4820 1486 4858 cum
1540 4804 1690 4857 Bodl.
1746 4803 1942 4858 Excusi
1972 4817 2091 4857 cum

538 4875 684 4944 Reg.
699 4873 776 4944 pri
787 4890 870 4926 mo
900 4875 1350 4944 ουνεστόμωνται.

607 4942 718 5012 (90)
750 4943 823 4995 Ita
860 4944 1009 4997 multi
1059 4941 1189 4999 mss.
1219 4959 1248 4998 e
1295 4943 1494 4997 nostris
1519 4952 1713 5011 praeter
1741 4943 1890 5000 Bodl.
1954 4941 2093 4996 Editi

539 5012 1000 5097 συνέξροιιιεν.εις;

609 5082 926 5154 (911Editio
977 5083 1137 5137 Basil.
1190 5099 1308 5138 cum
1363 5084 1627 5153 aliquibus
1666 5098 1794 5136 mss.
1854 5082 2098 5154 Προπόν-

537 5152 871 5227 τιοςκΕᾳίιίο
902 5154 1073 5227 Paris.
1102 5171 1221 5208 cum
1255 5155 1375 5227 aliis
1409 5152 1538 5227 mss:
1566 5155 1886 5227 Προποντις.

609 5225 719 5293 (92)
749 5219 822 5274 Ita
851 5223 1063 5277 codices
1093 5240 1207 5277 sex.
1261 5226 1418 5278 Deest
1478 5225 1570 5277 νῦν
1619 5219 1673 5278 in
1725 5223 1904 5276 editis.
1977 5222 2094 5278 Mox

538 5297 776 5364 quinque
803 5308 932 5366 mss.
962 5293 1408 5366 ἀπαριθμεῖσοαι.
1438 5295 1572 5348 Editi
1599 5310 1731 5366 cum
1766 5293 1894 5366 Reg.
1927 5293 2099 5366 primo

539 5362 742 5436 etcum
792 5362 1738 5436 Coisl.priino'dtrraptepﬁaaaOatL
1765 5362 1878 5436 Mox
1923 5363 2098 5436 editio

541 5435 703 5504 Basil.
735 5449 856 5486 cum
891 5435 1126 5503 quinque
1155 5450 1284 5489 mss.
1316 5432 1632 5504 ὠνόμασεν.
1702 5433 1875 5504 Editio
1908 5432 2094 5504 Paris.

538 5503 846 5573 ὠνόμακεν.
891 5502 1128 5560 Subinde
1171 5507 1340 5561 codex
1395 5502 1637 5559 COmbel.
1697 5503 1841 5573 ἡμᾶς
1901 5502 2099 5573 ἐξήγα·

579 5589 658 5626 εν.

540 5589 727 5716 γεῖθᾷ)
752 5645 885 5716 Reg.
949 5645 1167 5714 quintus
1217 5644 1592 5716 πρεσϐυτέραν
1625 5643 1791 5716 αὐτῆς
1819 5640 2097 5716 106._lnfra

545 5713 696 5787 tntilli
729 5713 1039 5787 mss:._iicrov
1075 5713 1424 5787 ἁνεμέμικτο.
1465 5713 1657 5770 Statim
1699 5715 1828 5783 iirg.
1884 5713 2100 5781 quintus

545 5779 701 5835 τοῦτο
733 5783 1041 5856 ἐπεξῆλθεν.

2268 4733 2378 4803 (94)
2414 4733 2500 4787 Sic
2523 4733 2672 4800 Regii
2708 4734 2930 4800 primus,
2961 4733 3167 4797 tertius,
3197 4734 3431 4800 quintus,
3459 4741 3644 4803 sextus
3669 4737 3746 4803 et

2198 4799 2414 4859 octavus
2442 4821 2560 4858 cum
2596 4799 3012 4870 utroqueCoisl.
3047 4814 3101 4856 et
3122 4799 3272 4857 Coth.
3325 4802 3576 4854 secundo.
3605 4799 3748 4853 Editi

2199 4875 2254 4928 ἐν
2285 4891 2411 4926 τισι.
2465 4873 2627 4927 Paulo
2677 4881 2792 4941 post
2841 4889 2967 4927 mss.
3013 4872 3207 4926 habent
3246 4874 3278 4943 ἠ
3322 4871 3479 4993 ξηρά.
3524 4870 3678 4923 Deest
3710 4870 3743 4938 ἡ

2200 4946 2251 4993 in
2283 4945 2515 4993 editione
2539 4943 2708 4993 Paris.
2739 4941 2911 4993 Verba
2943 4943 3051 4993 illa.
3084 4943 3174 4993 καὶ
3219 4943 3382 4993 συνήν
3423 4957 3454 4993 η
3487 4941 3548 4992 τὸ
3603 4939 3743 4993 ὕδωρ

2200 4946 2251 4998 ἰιι
2283 4945 2515 4996 editione
2539 4939 2708 4996 Paris.
2739 4941 2911 4996 Verba
2943 4943 3051 5002 illa,
3084 4943 3174 4994 καὶ
3219 4939 3548 5011 camenae.
3603 4939 3744 5011 ὕδωρ

2196 5015 2258 5068 τὸ
2289 5015 2543 5066 ὑποκάτω
2569 5012 2663 5064 τοῦ
2705 5011 2933 5082 οὐρανοῦ
2967 5015 3046 5075 είς
3078 5011 3174 5075 τὰς
3204 5008 3522 5079 συναγωγὰς
3549 5008 3744 5082 αὐτῶν,

2195 5085 2287 5138 καὶ
2320 5083 2473 5154 ὤφθη
2529 5082 2685 5153 ξηρά,
2726 5081 2796 5154 ει
2843 5093 3150 5152 congregata
3199 5093 3271 5136 est
3317 5096 3617 5154 aqua,qu¢e
3645 5081 3744 5154 sub

2197 5155 2321 5208 caelo
2341 5193 2356 5218 ,
2380 5149 2473 5206 'in'
2503 5149 2920 5222 congregationes
2942 5149 3115 5222 istius,
3155 5163 3208 5222 et
3237 5149 3688 5222 Aapparuitﬁarida
3725 5184 3740 5208 .

2196 5216 2488 5279 etiamnum
2522 5216 2772 5291 legunt—ur
2791 5222 2925 5289 apud
2958 5220 3118 5274 LXX.
3146 5220 3248 5274 Sed
3291 5216 3745 5291 nequeul-lebrtno-

2199 5310 2315 5346 rum
2346 5288 2636 5361 exemplar,
2665 5288 3106 5361 nequeVulgata,
3139 5306 3308 5358 neque
3334 5288 3545 5356 Aquila,
3577 5300 3745 5361 neque

2199 5359 2572 5434 Symmachus,
2627 5376 2796 5434 neque
2828 5360 3123 5434 ’l'heodotio
3173 5376 3233 5412 ea
3271 5368 3580 5434 agnoscunt.
3616 5359 3745 5434 A_m_-

2199 5426 2406 5488 brosius
2457 5440 2630 5485 tamen
2689 5426 2780 5482 lib.
2815 5445 2869 5482 III
2923 5432 2975 5482 in
3028 5428 3300 5492 Ilexaem.,
3354 5429 3507 5480 initio
3559 5426 3748 5492 capitis

2197 5503 2394 5571 quinti,
2429 5503 2527 5571 hoc
2573 5498 2714 5553 LXX
2771 5501 3122 5571 interpretum
3157 5499 3574 5571 additamentum
3602 5506 3746 5548 co‘m-

2197 5564 2403 5640 probat.
2464 5569 2631 5640 Multa
2664 5575 2832 5640 cnim,
2876 5564 3070 5640 inquit,
3107 5585 3205 5621 non
3235 5571 3394 5620 otiose
3442 5583 3474 5618 ιι
3529 5564 3745 5640 septua-

2197 5635 2337 5708 ginta
2389 5641 2509 5693 viris
2572 5639 2844 5692 Hebraij
2904 5635 3112 5694 lectioni
3161 5640 3341 5691 additu
3396 5646 3448 5692 et
3497 5635 3749 5703 adjuncta

2198 5711 2552 5780 comperimus.
