4082 6398
319 409 389 465 89
1437 411 1718 466 IIOMILIA
1757 411 1822 466 IV
1863 411 1927 465 IN
1969 412 2470 469 IIEXAEMERON.
3492 409 3563 466 90

317 519 384 572 τὸ
409 517 560 585 ὕδωρ
599 518 665 569 τὸ
712 517 986 571 ὑποκάτω
1024 520 1128 573 τοῦ
1155 520 1413 588 οὐρανοῦ
1462 525 1550 586 εἰς
1607 524 1712 588 τὰς
1737 538 1881 577 συν-

1990 525 2054 578 ba
2081 526 2208 580 nulli
2227 543 2291 581 ex
2315 528 2540 597 reliquis
2573 526 2949 598 interpretibus
2993 529 3281 593 tradidere,
3309 544 3408 584 nee
3435 546 3563 591 usus

319 607 551 678 αγωγιὰς
579 606 795 670 αὐτῶν,
816 609 915 662 καὶ
945 608 1108 677 ὤφθη
1139 611 1176 678 ἡ
1210 611 1381 679 ξηρά·
1429 613 1567 682 ἅπερ
1596 612 1717 665 οὔτε
1745 614 1889 677 τινὲς

319 699 429 754 τῶν
460 699 660 752 λοιπῶν
688 699 1044 754 ἐκδεδώκασιν
1073 703 1352 773 ἑρμηνέων
1382 705 1514 774 (95),
1551 705 1671 758 οὔτε
1702 707 1734 776 ἡ
1759 707 1890 777 χρῆ-

320 809 408 854 σις
438 791 546 844 τῶν
587 791 854 861 Ἑϐραίων
878 791 1073 863 ἔχουσα
1105 795 1371 863 φαίνεται.
1405 797 1513 849 Καὶ
1539 797 1640 868 γὰρ
1666 797 1742 866 τῷ
1777 797 1888 851 δντι

319 880 583 952 παρέλκει
615 881 751 950 μετὰ
782 882 880 952 τὴν
911 884 1212 954 μαρτυρίαν
1245 883 1358 949 τοῦ,
1383 885 1463 938 ὅτι
1497 885 1764 954 Ἐγένετο
1789 888 1888 940 οὔ-

317 990 452 1038 τως,
501 974 533 1043 ὴ
575 972 684 1024 τῶν
717 972 894 1025 αὑτῶν
934 974 1094 1026 πάλιν
1149 975 1552 1047 ὲπεκδιήγησις.
1598 977 1676 1030 Τὰ
1709 978 1886 1031 τοίνυν

317 1063 520 1134 ἀκριϐῆ
547 1064 654 1117 τῶν
685 1064 1030 1136 ἀντιγράφων
1063 1067 1370 1120 ὼϐέλισταιθ
1408 1069 1435 1120 6
1468 1069 1522 1121 δὲ
1551 1069 1732 1133 ὀϐελὸς
1758 1069 1884 1122 ἀθε-

315 1159 526 1227 τήσεως
554 1155 838 1226 σύμϐολον.
865 1157 972 1211 Καὶ
1001 1157 1294 1212 ἐκάλεσεν
1317 1165 1349 1212 ό
1369 1161 1510 1226 Θεὸς
1535 1162 1648 1229 τὴν
1675 1161 1883 1230 ξηρὰν,

315 1247 453 1318 γῆν,
494 1249 590 1301 καὶ
617 1248 690 1301 τὰ
721 1247 1075 1317 συστήματα
1117 1249 1232 1302 τῶν
1260 1250 1492 1305 ὑδάτων
1511 1253 1764 1307 ἐκάλεσε
1784 1257 1884 1307 θα-

315 1341 560 1407 λάσσας
614 1342 744 1411 (96).
779 1342 877 1393 Διὰ
912 1341 964 1393 τί
999 1343 1091 1395 καὶ
1138 1346 1195 1396 ὲν
1240 1347 1350 1407 τοῖς
1387 1346 1615 1399 κατόπιν
1649 1347 1880 1418 εἴρηται·

315 1432 679 1501 Συναχθήτω
713 1435 784 1487 τὰ
821 1433 1009 1487 ὕδατα
1045 1438 1131 1500 εὶς
1178 1437 1538 1507 συναγωγὴν
1559 1440 1724 1507 μίαν,
1789 1439 1886 1493 καὶ

316 1528 556 1597 ὀφθήτω
586 1529 623 1596 ἠ
666 1527 837 1596 ξηρὰ,
869 1528 980 1581 ἀλλ’
1010 1529 1128 1599 οὑχὶ
1157 1531 1484 1601 γέγραπται,
1536 1534 1642 1585 Καὶ
1668 1533 1886 1602 όφθήτω

316 1621 351 1689 ἡ
381 1618 454 1688 γῆ
479 1635 493 1684 ;
523 1619 616 1670 καὶ
648 1617 880 1671 ἐνταῦθα
915 1620 1093 1673 πάλινο
1129 1623 1320 1690 ’.οφθη
1351 1622 1520 1690 ξηρὰ,
1546 1625 1642 1678 καὶ
1671 1625 1883 1678 ἐκάλε-

315 1726 429 1764 σεν
453 1713 486 1765 ὁ
512 1710 656 1776 Θεὸς
674 1710 788 1778 τὴν
804 1711 1016 1780 ξηρὰν,
1042 1712 1189 1781 γῆν;
1216 1715 1383 1786 ’Ὀτιὴ
1405 1715 1502 1784 μὲν
1519 1715 1656 1785 ξηρὰ
1673 1717 1732 1769 τὸ
1751 1717 1884 1770 ἰδίω-

318 1804 394 1872 μά
423 1805 556 1865 ἐστι,
583 1803 644 1855 τὸ
680 1805 838 1856 οἱονεὶ
875 1807 1363 1877 χαρακτηριστικὸν
1407 1808 1505 1877 τῆς
1536 1808 1748 1876 φύσεως
1787 1809 1879 1862 τοῦ

1995 614 2343 670 Hebraeorum
2378 618 2576 671 habere
2619 617 2847 672 videtur.
2887 617 3019 672 Nam
3045 633 3228 673 revera
3260 629 3379 689 post
3414 622 3563 676 testi-

1990 704 2226 758 monium
2257 705 2404 770 illud,
2437 705 2663 761 Factum
2686 719 2759 762 est
2785 711 2884 776 ita,
2910 710 3095 764 eadem
3119 710 3314 763 iterum
3337 727 3562 768 narrat‘O

1987 800 2070 843 est
2102 805 2576 859 supervacaneum.
2618 795 2808 850 Notata
2841 809 2966 852 sunt
2993 799 3152 868 igitur
3184 799 3339 854 obelo
3379 817 3561 856 exem-

1988 879 2156 948 plaria
2188 885 2529 940 accuratiora
2570 906 2582 941 :
2615 887 2801 943 obclus
2826 898 3003 944 autem
3031 890 3240 959 signum
3269 901 3353 945 est.
3401 908 3561 960 repu-

1987 972 2258 1029 diationis.
2284 975 2351 1028 Et
2386 980 2581 1032 vocavit
2613 979 2752 1034 Deus
2787 982 3014 1045 aridam,
3049 991 3241 1035 terram
3275 1000 3294 1048 ;
3324 994 3370 1038 et
3399 984 3559 1038 colle-

1985 1064 2182 1120 ctione:
2209 1084 2466 1134 aquarum
2504 1073 2699 1126 vocavit
2731 1075 2922 1126 maria.
2963 1073 3070 1127 Cur
3097 1083 3143 1126 et
3171 1089 3328 1142 supra
3359 1075 3559 1128 dictum

1985 1166 2069 1208 est
2100 1172 2114 1208 :
2149 1157 2539 1229 Congregentur
2585 1179 2734 1232 aquce
2781 1164 2835 1217 in
2876 1168 3325 1234 congregationem
3377 1183 3554 1230 unam,

1983 1255 2030 1298 et
2059 1263 2310 1314 appareat
2333 1252 2487 1304 arida
2520 1269 2540 1316 ;
2573 1268 2678 1307 non
2703 1266 2881 1309 autem
2917 1258 3177 1326 scriptum
3214 1269 3295 1312 est
3324 1273 3338 1310 :
3380 1260 3443 1312 Et
3467 1276 3557 1328 ap-

1987 1351 2168 1405 pareat
2215 1343 2405 1395 terra?
2453 1353 2505 1398 et
2570 1345 2658 1400 hic
2710 1362 2894 1400 rursus
2929 1365 2942 1401 :
2975 1350 3234 1417 Apparuit
3289 1351 3476 1416 arida,
3507 1361 3555 1404 et

1985 1431 2181 1483 vocavit
2228 1431 2366 1487 Deus
2415 1437 2646 1502 aridam,
2698 1440 3098 1506 terram?Quia
3141 1443 3287 1496 arida
3317 1445 3554 1512 quidem,

1983 1530 2066 1574 est
2099 1521 2239 1576 velut
2265 1527 2564 1594 proprietas
2590 1531 2856 1596 quaedam,
2892 1547 3011 1601 qua:
3054 1533 3279 1598 subjecti
3308 1544 3553 1588 naturam

1984 1613 2134 1676 quasi
2157 1616 2410 1684 exprimit
2461 1634 2524 1673 ac
2561 1620 2838 1689 designat:
2877 1633 3018 1676 terra
3051 1640 3199 1689 vero,
3233 1627 3372 1679 nuda
3408 1642 3556 1695 quie-

1986 1703 2104 1757 dam
2156 1716 2236 1760 est
2289 1709 2362 1761 rei
2413 1709 2716 1779 appellatio.
2771 1714 3230 1779 Quemadmodum
3281 1717 3420 1770 enim
3465 1733 3553 1770 ra-

1991 1795 2186 1855 tionale
2242 1800 2474 1856 hominis
2532 1790 2804 1873 proprium
2855 1817 2937 1859 est
2989 1822 3001 1856 :
3058 1808 3169 1862 lucc
3227 1823 3354 1861 vero
3413 1825 3551 1876 vox,

315 1870 693 1964 ὑποκειμένου·
733 1898 764 1966 ἡ
797 1870 966 1966 δὲ
1032 1870 1369 1968 προσηγορία
1391 1870 1471 1962 τίς
1494 1870 1605 1952 ἐστι
1631 1901 1759 1973 ψιλὴ
1789 1901 1880 1954 τοῦ

1983 1895 2156 1956 homo,
2189 1893 2385 1946 animal
2444 1895 2612 1962 ipsum
2667 1897 2750 1949 cui
2791 1896 2874 1950 illa
2929 1900 3230 1966 proprietas
3283 1901 3440 1965 inest,
3481 1902 3556 1955 si-

317 1988 661 2056 πράγματος.
701 1987 787 2049 Ὠς
817 1986 924 2058 γὰρ
952 1987 1012 2040 τὸ
1039 1986 1251 2056 λογικὸν
1284 1989 1409 2042 ἴδιόν
1429 1991 1542 2042 ἐστι
1570 1991 1662 2042 τοῦ
1679 1991 1884 2063 ἀνθρώ-

315 2095 438 2138 που,
457 2079 488 2146 ή
509 2077 564 2128 δὲ
581 2076 891 2145 ἅνθρωπος
917 2079 1066 2148 φωνὴ
1093 2081 1397 2150 σημαντικὴ
1430 2082 1544 2134 ἐστι
1567 2082 1658 2135 τοῦ
1690 2081 1825 2146 ζὼου
1841 2078 1884 2151 ᾧ

314 2169 548 2241 ὑπάρχει
565 2169 624 2222 τὸ
643 2171 787 2224 ἴδιον⁹
814 2170 954 2224 οὓτω
975 2173 1070 2225 καὶ
1093 2173 1153 2224 τὸ
1179 2172 1340 2245 ξηρὸν
1360 2173 1487 2226 ἴδιόν
1518 2176 1633 2228 ἐστι
1657 2174 1755 2243 τῆς
1780 2174 1884 2244 γῆς

313 2263 408 2313 καὶ
429 2256 808 2332 ὲξαίρετον.⁷ῼ
827 2261 1002 2314 τοίνυν
1030 2261 1169 2325 ἰδίως
1195 2262 1424 2334 ὑπάρχει
1451 2263 1511 2316 τὸ
1537 2262 1885 2335 ξηρὸν,τοῦτο

312 2353 668 2422 ἐπικέκληται
692 2354 781 2422 γῆ·
813 2352 998 2424 ὥσπερ
1031 2347 1074 2420 ᾧ
1094 2354 1237 2416 ἰδίως
1255 2355 1590 2425 πρόσεστιτὸ
1618 2373 1882 2425 χρεμετι-

312 2448 545 2509 στικὸν,
558 2445 713 2498 τοῦτο
730 2446 1081 2517 ἐπικέκληται
1107 2448 1290 2510 ἵππος.
1311 2449 1383 2502 Οὑ
1410 2449 1568 2520 μόνον
1595 2449 1650 2501 δὲ
1666 2450 1758 2501 ἐπὶ
1783 2449 1884 2519 τῆς

314 2536 418 2604 γῆς
444 2538 557 2588 ἐστι
585 2536 899 2598 τοῦτο,ἀλλὰ
929 2537 1022 2589 καὶ
1043 2537 1148 2589 τῶν
1175 2536 1346 2591 ἄλλων
1368 2539 1643 2609 στοιχείων
1659 2540 1884 2592 ἕκαστον

318 2628 740 2692 ίόιάζουσανκαὶ
795 2628 1327 2700 ἁποκεκληρωμένην
1361 2631 1472 2700 ἔχει
1504 2632 1786 2702 ποιότητα,
1814 2632 1882 2684 δι’

313 2715 382 2790 ἦς
412 2719 518 2772 τῶν
570 2739 628 2773 τε
683 2720 880 2773 λοιπῶν
921 2721 1296 2790 ἀποκρίνεται,
1341 2724 1432 2776 καὶ
1481 2723 1611 2777 αὐτὸ
1657 2724 1885 2778 ἕκαστον

313 2810 512 2864 ὁποῖόν·
531 2813 674 2864 ἐστιν
703 2810 1142 2879 ἐπιγινώσκεται.
1175 2813 1247 2866 Τὸ
1279 2815 1375 2883 μὲν
1395 2815 1538 2886 ὕδωρ
1576 2815 1711 2869 ἰδίαν
1740 2817 1886 2871 ποιό-

313 2919 454 2973 τητα
486 2902 600 2969 τὴν
649 2904 998 2972 ψυχρότητα
1037 2903 1148 2973 ἔχει
1173 2921 1186 2933 ·
1242 2906 1270 2956 6
1325 2905 1380 2958 δὲ
1415 2907 1522 2978 ἀὴρ
1568 2907 1682 2975 τὴν
1710 2911 1882 2977 ὑγρό-

315 3009 496 3059 τηταο
533 2993 592 3045 τὸ
620 2993 676 3046 δὲ
711 2993 820 3064 πῦρ
849 2999 963 3062 τὴν
991 2995 1334 3062 θερμότητα.
1389 2996 1548 3049 Ἀλλὰ
1579 2997 1751 3050 ταῦτα
1787 2998 1884 3067 μὲν

311 3085 387 3147 ὡς
435 3084 625 3156 πρῶτα
678 3086 914 3154 στοιχεῖα
943 3085 1049 3139 τῶν
1091 3085 1356 3139 συνθέτων
1410 3088 1550 3141 κατὰ
1599 3089 1688 3141 τὸν
1743 3090 1887 3160 εἰρη-

1984 1985 2200 2055 gniiicat
2237 2001 2250 2037 :
2293 1986 2368 2039 sic
2413 1986 2574 2040 etiam
2645 1988 2875 2054 aridum,
2927 1991 3198 2058 proprium
3239 2002 3323 2046 est
3370 2003 3550 2058 terrae,

1983 2078 2138 2145 eique
2168 2077 2455 2147 peculiare.
2513 2077 2609 2131 Cui
2670 2079 2832 2147 igitur
2864 2082 3078 2150 proprie
3121 2082 3260 2136 inest
3303 2084 3550 2148 ariditas,

1984 2171 2036 2224 id
2077 2180 2323 2224 vocatum
2377 2181 2459 2226 est
2501 2181 2640 2225 terra
2685 2173 2944 2241 :perinde
3000 2185 3164 2243 atque
3209 2176 3294 2229 cui
3335 2177 3551 2245 praprie

1981 2262 2232 2316 [tinnibile
2276 2265 2450 2327 adest,
2497 2263 2549 2316 id
2597 2273 2960 2333 nuncupatum
2990 2275 3072 2320 est
3119 2281 3310 2334 equus.
3355 2267 3464 2320 Nec
3497 2268 3549 2320 in

1986 2363 2126 2407 terra
2184 2353 2353 2408 solum
2414 2353 2464 2407 id
2507 2369 2565 2409 se
2620 2355 2690 2407 ita
2731 2355 2934 2409 habet:
2970 2356 3063 2410 sed
3116 2355 3332 2410 cuilibet
3387 2357 3549 2410 etiam

1983 2446 2209 2516 aliorum
2240 2445 2631 2501 elementorum
2682 2447 2917 2516 suppetit
2947 2449 3161 2515 propria
3195 2457 3251 2501 et
3284 2458 3430 2502 sorte
3455 2448 3551 2502 oh-

1987 2547 2129 2594 tenta
2171 2538 2421 2608 qualitas,
2447 2554 2550 2608 qua
2583 2548 2637 2592 et
2662 2537 2965 2592 secernitur
2989 2554 3018 2591 a
3041 2540 3272 2604 czeteris,
3312 2550 3364 2592 et
3393 2539 3554 2608 quale

1983 2632 2398 2702 unumquodijue
2427 2633 2519 2697 sit,
2555 2631 2959 2686 internoscitur.
3007 2633 3159 2702 Aqua
3191 2632 3402 2699 quidem
3451 2633 3550 2686 ha-

1983 2724 2073 2778 bet
2121 2725 2388 2793 propriam
2449 2724 2789 2793 qualitatem,
2841 2723 3190 2793 {rigiditatem
3227 2740 3246 2779 :
3277 2740 3371 2780 aer
3400 2739 3547 2790 vero,

1982 2813 2382 2866 humiditatem:
2412 2815 2546 2884 Ignis
2573 2823 2776 2878 autem,
2803 2814 3154 2868 caliditatem.
3190 2815 3345 2868 Ratio
3368 2824 3548 2869 autem

1984 2905 2051 2958 ad
2084 2918 2204 2958 eum
2237 2920 2392 2974 quem
2416 2907 2647 2960 diximus
2670 2912 2882 2959 modum
2909 2907 3091 2961 isthmc
3138 2908 3248 2978 38
3299 2919 3551 2979 tanquam

1983 2998 2152 3068 prima
2189 3012 2366 3052 rerum
2414 2998 2829 3068 compositarum
2881 2998 3145 3054 elementa
3192 3002 3548 3069 speculatur:

1986 3105 2102 3159 quae
2129 3105 2258 3144 vero
2302 3089 2410 3158 jam
2453 3091 2507 3143 in
2551 3091 2868 3160 corporibus
2913 3091 3116 3160 digesta
3161 3102 3305 3152 sunt,
3350 3102 3404 3146 et
3451 3094 3553 3146 sub

316 3175 476 3246 μένον
530 3177 731 3248 τρόπον
783 3176 860 3247 τῷ
908 3176 1154 3247 λογισμῷ
1217 3178 1520 3250 θεωρεῖται,
1564 3180 1632 3232 τὰ
1683 3179 1738 3232 δὲ
1779 3181 1879 3252 ἤδη

1987 3196 2202 3236 sensum
2231 3183 2449 3246 cadunt,
2492 3182 2806 3250 conjunctas
2842 3182 2982 3235 inter
3012 3197 3070 3236 se
3117 3182 3407 3251 qualitates
3456 3183 3551 3236 h2-

312 3273 370 3323 ὲν
395 3270 603 3341 σώματι
658 3270 1106 3339 κατατεταγμένα
1157 3271 1250 3324 καὶ
1298 3272 1668 3326 ὑποπίπτοντα
1700 3276 1764 3344 τῇ
1795 3275 1879 3326 αἰ-

313 3362 501 3433 σθήσει
531 3361 962 3432 συνεζευγμένας
985 3361 1096 3432 ἔχει
1119 3361 1217 3425 τὰς
1247 3363 1553 3434 ποιότητας.
1591 3365 1702 3418 Καὶ
1729 3365 1880 3418 οὐδὲν

310 3452 729 3522 ἀπολελυμένως
781 3455 898 3505 ἐστὶ
953 3453 1180 3524 μοναχὸν
1212 3454 1330 3506 οὑδὲ
1361 3455 1562 3508 ἁπλοῦν
1613 3459 1707 3510 καὶ
1747 3457 1878 3510 είλι-

312 3546 498 3616 κρινὲς
532 3545 637 3598 τῶν
689 3545 979 3616 ὁρωμένων
1036 3548 1130 3599 καὶ
1183 3546 1485 3617 αἰσθητῶν·
1549 3549 1660 3602 ἀλλ’
1710 3552 1742 3621 ή
1779 3551 1878 3619 μὲν

312 3637 555 3708 γῆ.ξηρὰ
592 3636 686 3689 καὶ
718 3635 920 3707 ψυχρὰ,
950 3637 1012 3688 τὸ
1057 3638 1112 3690 δὲ
1145 3637 1288 3709 ὕδωρ
1319 3639 1482 3708 ὑγρὸν
1516 3641 1608 3694 καὶ
1651 3640 1876 3714 ψυχρὸν,

311 3730 341 3780 6
372 3727 430 3781 δὲ
454 3728 560 3798 ἀὴρ
593 3727 791 3798 θερμὸς
821 3729 914 3781 καὶ
946 3728 1131 3799 ὑγρὸς,
1182 3729 1242 3781 τὸ
1287 3729 1342 3782 δὲ
1382 3729 1492 3799 πῦρ
1539 3731 1737 3802 θερμὸν
1786 3734 1879 3786 καὶ

312 3821 494 3891 ξηρόν.
545 3820 699 3873 Οὕτω
751 3819 858 3891 γὰρ
905 3820 995 3873 διὰ
1056 3822 1152 3891 τῆς
1212 3821 1446 3890 συζύγου
1506 3824 1787 3893 ποιότητες
1845 3826 1878 3895 ἡ

310 3912 540 3982 δύναμις
587 3912 917 3982 προέρχεται
954 3912 1062 3980 (97)
1096 3913 1187 3964 τοῦ
1243 3913 1606 3984 ἀναμιχθῆναι
1667 3915 1880 3985 ἑκάστῳ

312 4003 448 4072 πρὸς
493 4003 717 4056 ’ἑκαστον
739 4018 752 4030 ·
788 4000 866 4071 τῷ
915 4018 973 4054 τε
1001 4001 1109 4073 γὰρ
1136 4003 1336 4070 γείτονι
1371 4003 1616 4074 στοιχείῳ
1642 4003 1728 4056 διὰ
1780 4004 1880 4074 τῆς

310 4098 496 4165 κοινῆς
526 4095 807 4165 ποιότητος
833 4095 1064 4149 ἕκαστον
1121 4095 1497 4166 ἀνακίρναται,
1539 4098 1633 4150 καὶ
1669 4096 1756 4150 διὰ
1782 4097 1879 4168 τῆς

312 4190 448 4259 πρὸς
497 4191 556 4241 τὸ
614 4188 877 4256 σύνεγγυς
925 4187 1207 4251 κοινωνίας
1257 4188 1332 4258 τῷ
1372 4189 1735 4259 ἀντικειμένῳ
1767 4189 1877 4258 (98)

312 4281 661 4334 συνάπτεται.
729 4277 874 4346 Οἷον,
938 4281 970 4350 ἡ
1019 4281 1108 4350 γῆ,
1145 4280 1283 4351 ξηρὰ
1341 4276 1476 4333 οὖσα
1530 4282 1624 4334 καὶ
1677 4280 1877 4352 ψυχρὰ,

310 4369 524 4422 ἑνοῦται
557 4371 653 4440 μὲν
681 4369 757 4440 τῷ
792 4369 940 4423 ὕδατι
973 4369 1114 4423 κατὰ
1155 4370 1252 4439 τὴν
1285 4371 1599 4438 συγγένειαν
1628 4370 1734 4439 τῆς
1768 4377 1882 4440 Ἐπ’

311 4460 621 4527 χρότητος,
654 4459 867 4514 ἑνοῦται
898 4461 953 4514 δὲ
981 4460 1069 4513 διὰ
1088 4460 1181 4513 τοῦ
1206 4460 1394 4525 ὓδατος
1420 4461 1496 4532 τῷ
1512 4463 1632 4533 ἀέρι
1651 4480 1662 4492 °
1696 4465 1879 4535 ἐπειδὴ

1983 3273 2126 3327 bent.
2143 3271 2250 3326 Nec
2268 3273 2560 3342 quidquam
2575 3287 2758 3326 eorum
2779 3287 2897 3340 qua)
2919 3273 3055 3326 visui
3079 3289 3140 3326 ac
3159 3274 3404 3327 sensibus
3426 3275 3551 3328 sub-

1975 3366 2176 3435 jacent,
2211 3375 2292 3420 est
2316 3364 2560 3419 absolute
2599 3364 2890 3432 singulare,
2921 3375 3014 3417 aut
3045 3364 3294 3432 simplex,
3325 3374 3418 3418 aut
3445 3381 3548 3433 pu-

1980 3473 2128 3512 rum:
2171 3458 2262 3510 sed
2316 3464 2458 3510 terra
2485 3455 2698 3524 quidem
2749 3456 2898 3508 arida
2928 3465 2984 3509 et
3024 3454 3217 3523 frigida
3260 3466 3376 3510 est:
3410 3471 3548 3524 aqua

1979 3565 2106 3604 vero
2145 3549 2360 3602 humida
2412 3557 2467 3600 et
2495 3547 2721 3615 frigida:
2765 3561 2953 3600 rursus
2999 3561 3093 3600 aer
3117 3546 3320 3600 calidus
3351 3557 3406 3601 et
3447 3548 3547 3601 bu-

1980 3640 2173 3703 midus,
2205 3638 2341 3708 ignis
2362 3647 2540 3690 autem
2568 3636 2772 3692 calidus
2803 3644 2858 3690 et
2902 3637 3100 3690 siccus.
3141 3634 3232 3689 Sic
3260 3636 3402 3690 enim
3453 3651 3550 3705 per

1977 3730 2314 3801 coniugatam
2344 3729 2656 3797 qualitatem
2689 3727 2894 3797 singula
2927 3726 3152 3795 singulis
3187 3737 3550 3796 possuntper-

1980 3821 2190 3876 misceri
2239 3838 2252 3873 :
2310 3819 2569 3888 siquidem
2604 3818 2784 3872 vicino
2832 3819 3097 3872 elemento
3129 3819 3552 3888 unumquodque

1980 3914 2355 3968 commiscetur
2411 3927 2507 3980 per
2565 3925 2902 3966 communem
2954 3912 3304 3980 qualitatem,
3359 3923 3414 3964 et
3455 3925 3553 3980 per

1978 4021 2096 4060 eam
2121 4019 2282 4074 quam
2329 4019 2449 4056 cum
2507 4000 2648 4055 aliini
2704 4002 2866 4056 habet
2916 4001 3228 4056 societatem
3277 4003 3550 4058 contrario

1979 4098 2335 4168 conjungitur.
2367 4096 2609 4164 Exempli
2658 4095 2860 4166 gratia:
2895 4104 3060 4160 terra,
3102 4111 3218 4163 quae
3270 4095 3422 4150 arida
3468 4107 3550 4149 est

1981 4199 2034 4244 et
2063 4187 2274 4258 frigida,
2299 4201 2420 4241 cum
2470 4201 2607 4254 aqua
2636 4185 2705 4241 oh
2762 4186 3068 4254 [rigiditatis
3106 4183 3416 4238 afﬁnitatem
3455 4200 3548 4237 eo.

1982 4280 2238 4349 pulatur:
2287 4277 2532 4347 jungitur
2562 4288 2739 4330 autem
2772 4292 2866 4346 per
2893 4291 3086 4345 aquam
3127 4276 3270 4341 aeri;
3306 4273 3547 4343 quando-

1983 4370 2194 4438 quidem
2221 4385 2383 4438 aqua,
2406 4369 2546 4422 inter
2575 4379 2866 4435 utrumque
2892 4367 3064 4421 media
3097 4367 3408 4429 constituta,
3437 4365 3551 4418 vel-

1984 4475 2041 4516 ut
2080 4462 2286 4518 duabus
2332 4461 2540 4528 injectis
2580 4462 2826 4514 manibus
2866 4475 2959 4531 per
2990 4468 3272 4529 utramque
3315 4456 3547 4526 qualita-

313 4553 476 4623 μέσον
510 4553 830 4623 ἀμφοτέρων
858 4553 1190 4624 τεταγμένον
1221 4554 1283 4606 τὸ
1312 4553 1476 4625 ὕδωρ,
1495 4557 1657 4608 οἱονεὶ
1682 4557 1880 4626 χειρῶν

1989 4565 2092 4609 tem
2125 4553 2385 4609 elementa
2420 4554 2662 4622 proxima
2711 4554 2943 4624 attingit,
2985 4563 3184 4608 terram
3216 4567 3310 4621 per
3339 4551 3547 4619 frigidi-

308 4645 401 4700 δύο
433 4648 656 4718 ἐπιϐολῇ
707 4648 943 4720 ἑκατέρᾳ
1000 4648 1244 4718 ποιότητι
1292 4648 1401 4700 τῶν
1453 4650 1876 4720 παρακειμένων

311 4739 634 4809 ἐφάπτεται,
666 4743 731 4811 τῇ
780 4740 877 4810 μὲν
906 4740 1202 4812 ψυχρότητι
1235 4740 1332 4811 τῆς
1364 4742 1487 4811 γῆς,
1511 4745 1578 4812 τῇ
1621 4742 1875 4813 ὑγρότητι

309 4831 366 4884 δὲ
401 4831 492 4884 τοῦ
527 4832 705 4903 ἀέρος.
744 4832 910 4886 Πάλιν
939 4834 968 4885 6
1003 4833 1110 4903 ἀὴρ
1139 4835 1205 4903 τῇ
1227 4833 1419 4886 ἑαυτοῦ
1455 4835 1701 4905 μεσιτείᾳ
1731 4835 1878 4888 διαλ-

310 4923 511 4996 λακτὴς
549 4926 756 4994 γίνεται
784 4927 881 4998 τῆς
933 4927 1243 4997 μαχομένης
1295 4926 1507 4995 φύσεως
1563 4926 1750 4991 ὓδατος
1789 4930 1881 4982 καὶ

383 5125 495 5196 (95)
529 5126 659 5193 Reg.
691 5137 872 5181 sextus
893 5125 1259 5198 ὲρμηνευτῶν.
1286 5126 1443 5180 Putat
1466 5127 1688 5198 Ducaaus
1715 5127 1876 5198 verba

313 5196 400 5249 illa
425 5214 544 5266 quae
571 5209 888 5266 sequuntur,
911 5196 980 5250 τὰ
999 5196 1173 5251 τοίνυν
1207 5198 1429 5268 ἀκριϐῆ.
1466 5207 1596 5260 etc.,
1623 5196 1686 5250 ad
1713 5196 1874 5251 linem

311 5283 485 5335 usque
522 5268 748 5335 periodi,
789 5284 817 5321 a
851 5268 1046 5322 Basilio
1097 5269 1236 5322 inter
1273 5270 1698 5322 concionandum
1750 5283 1875 5336 pro-

311 5337 421 5390 lata
456 5353 560 5391 non
591 5337 789 5402 fuisse;
818 5353 964 5404 cum,
999 5339 1193 5408 inquit,
1232 5340 1392 5392 verba
1423 5339 1522 5390 ista
1573 5352 1678 5390 non
1714 5351 1881 5405 agno.

311 5417 433 5460 seat
464 5408 800 5462 Eustathius.
839 5408 944 5462 Sed
995 5422 1057 5463 ea
1094 5411 1144 5461 in
1178 5423 1236 5463 re
1280 5409 1397 5462 viro
1425 5409 1738 5462 doctissimo
1771 5423 1875 5460 non

310 5492 454 5546 queo
511 5480 781 5532 assentiri.
816 5477 951 5531 Nam
1015 5478 1129 5532 ﬁeri
1189 5479 1358 5547 potuit
1381 5486 1436 5531 ut
1480 5479 1637 5532 verba
1672 5478 1759 5530 illa
1808 5492 1876 5530 ex

1988 4659 2174 4714 tatem,
2203 4663 2382 4703 aerem
2411 4663 2504 4716 per
2532 4647 2925 4702 humiditatem.
2945 4647 3052 4703 Aer
3093 4649 3285 4702 iterum
3311 4659 3551 4712 pugnan-

1984 4749 2089 4794 tem
2124 4756 2275 4810 aqua:
2310 4749 2363 4794 et
2397 4739 2536 4807 ignis
2584 4747 2829 4792 naturam
2875 4753 2972 4793 suo
3019 4735 3334 4805 interpositu
3367 4733 3551 4786 conci-

1985 4835 2098 4898 liat,
2128 4850 2249 4888 cum
2279 4848 2430 4901 aqua!
2453 4846 2549 4900 per
2581 4832 2974 4892 humiditatem,
2999 4831 3106 4898 igni
3129 4845 3255 4883 vero
3278 4841 3372 4898 per
3404 4825 3549 4881 calo--

1987 4944 2097 4983 rem
2134 4927 2503 4995 conjungatur.
2554 4923 2696 4994 Ignis
2741 4934 2921 4977 autem
2967 4924 3060 4992 qui
3115 4930 3304 4991 suapte
3359 4929 3550 4974 natura

1979 5127 2326 5196 legantur'et
2370 5127 2421 5180 in
2479 5125 2637 5180 editis
2675 5124 2848 5186 libris,
2880 5125 3206 5196 etinimss.
3265 5122 3544 5196 codicibus

1978 5193 2230 5251 omnibus
2258 5238 2272 5262 ,
2304 5207 2427 5262 puta
2463 5198 2515 5250 in
2556 5205 2785 5264 utroque
2818 5195 3006 5260 Coisl.,
3042 5195 3092 5248 in
3137 5193 3319 5262 Regiis
3367 5193 3548 5253 tertio.

1980 5269 2166 5336 quinto
2196 5276 2247 5322 et
2289 5278 2499 5333 octavo,
2548 5263 2710 5334 atque
2745 5267 2797 5319 in
2834 5267 3095 5336 reliquis.
3119 5263 3355 5336 Addam__
3389 5278 3545 5329 repe-

1979 5332 2116 5392 risse
2142 5353 2238 5392 nos
2267 5340 2428 5392 verba
2454 5332 2799 5391 cOntroversa
2830 5335 2880 5389 in
2906 5332 2978 5390 iis
2999 5335 3131 5406 ipsis
3155 5349 3288 5403 quos
3324 5332 3549 5385 Ducauus

1981 5408 2214 5461 contulit
2243 5408 2537 5462 codicibus.

2050 5476 2570 5548 (96)7EditioiParis.
2609 5476 2835 5530 ἐκάλεσε
2885 5476 3177 5530 θάλασσαν.
3205 5472 3274 5525 At
3321 5487 3453 5526 mss.
3497 5480 3550 5525 et.

310 5548 596 5601 oscitantia
627 5549 829 5602 librarii
851 5550 1045 5603 omissa
1078 5549 1179 5603 sint
1211 5550 1262 5602 in
1292 5563 1356 5603 eo
1391 5548 1596 5612 codice,
1627 5547 1693 5600 ad
1737 5547 1890 5614 cujus
1971 5547 2138 5601 editio
2175 5547 2338 5602 Basil.
2366 5547 2661 5609 θαλάσσας.

314 5619 474 5689 Iidem
526 5619 900 5687 interpretatio
932 5620 1195 5673 Eustathii
1225 5634 1419 5672 excusa
1451 5620 1589 5689 typis
1635 5625 1735 5672 est.
1766 5616 1880 5672 Imo

314 5687 452 5759 nihil
477 5690 668 5742 mirum
696 5690 866 5759 (videri
899 5691 1077 5755 debet,
1113 5691 1154 5742 si
1193 5687 1502 5742 Eustathius
1542 5689 1654 5759 ipse
1690 5690 1742 5742 in
1791 5704 1882 5740 co-

314 5758 490 5812 dicem
555 5758 797 5812 mutilum
857 5761 1209 5828 vitiatamque
1275 5758 1666 5812 inciderit.’F.t
1736 5768 1882 5813 certe

317 5829 638 5882 alterutrum
691 5845 786 5898 par
837 5844 920 5885 est
965 5832 1239 5901 cogitare,
1306 5844 1424 5882 cum
1466 5829 1626 5883 verba
1669 5829 1877 5882 laudata

2059 5617 2170 5688 (97)
2209 5619 2322 5672 Duo
2373 5635 2500 5672 mss.
2532 5616 2911 5687 προσέρχεται.
2960 5615 3098 5688 Edili
3143 5628 3262 5670 cum
3297 5611 3414 5667 aliis
3437 5611 3549 5681 qui-

1986 5686 2209 5762 busdam
2251 5704 2382 5743 mss.
2409 5686 2937 5762 προέρχεταιίιοιιες
2965 5687 3176 5762 melius.
3282 5753 3321 5762 __
3346 5754 3376 5762 __
3407 5753 3419 5762 _
3483 5753 3506 5762 _

2057 5757 2164 5827 (98)
2194 5756 2398 5816 Ita.ms.
2418 5753 2660 5815 C'oxn'li'ef.
2695 5775 2815 5814 cum
2851 5753 2970 5812 aliis
2998 5756 3252 5826 quinque.
3282 5753 3420 5810 Editi
3441 5753 3550 5806 τῶν

1985 5828 2390 5899 ἀντικειμένων.
