4082 6398
584 407 646 461 91
850 372 853 373 ί
1927 410 1985 467 s.
2027 409 2149 467 BAS

2253 412 2272 466 l
2312 409 2526 465 MAGNI
3746 404 3814 450 9'3

582 523 789 579 calidus
824 532 908 578 est
934 531 985 577 et
1021 522 1218 590 siccus,
1237 524 1517 596 colligatur
1556 541 1677 581 cum
1729 540 1855 582 aere
1878 542 1973 596 per
1996 528 2142 582 calo-

2250 529 2441 599 πυρὸς,
2478 526 2554 597 τῷ
2586 526 2736 578 ὕδατι
2775 523 2871 593 μὲν
2901 520 2986 574 διὰ
3007 518 3105 589 τῆς
3139 516 3455 588 ὑγρότητος,
3489 514 3566 585 τῷ
3600 513 3729 583 πυρὶ
3760 504 3817 564 δὲ

584 632 719 678 rem,
749 631 810 669 ac
834 631 1021 670 rursus
1054 630 1149 685 per
1180 616 1475 671 siccitatem
1524 618 1590 672 ad
1635 627 1795 673 terra:
1839 620 2148 675 societatem

586 707 742 761 redit.
775 707 947 775 Atque
986 707 1055 760 ita
1101 707 1352 763 omnibus
1407 709 1870 764 consentientibus
1918 725 1982 765 ac
2033 725 2151 765 mu-

584 808 733 854 tuum
781 802 1069 868 quemdam
1097 799 1342 854 ordinem
1376 802 1516 854 inter
1563 814 1623 856 se
1671 801 2019 866 habentibus,
2044 801 2149 855 cir-

584 892 737 946 culus
773 891 850 956 lit,
886 907 948 945 ac
965 891 1256 947 concinnus
1288 892 1506 945 chorus.
1528 891 1681 946 Unde
1708 901 1762 946 et
1778 893 1991 962 proprie
2019 893 2150 960 ipsis

586 984 835 1053 adaptata
887 983 982 1038 iuit
1031 983 1318 1052 appellatio
1372 983 1785 1039 elementorum.
1846 983 1968 1037 Haec
2003 998 2032 1036 a
2068 997 2152 1036 me

586 1078 724 1130 dicta
773 1086 918 1140 sunt,
957 1087 1013 1128 ut
1039 1092 1253 1131 causam
1287 1076 1531 1132 ali‘errem
1573 1092 1670 1131 cur
1701 1076 1974 1129 vocaverit
2011 1074 2151 1130 Deus

586 1170 816 1234 aridam,
846 1178 1084 1233 terram;
1128 1185 1227 1224 nec
1250 1179 1426 1223 tamen
1473 1179 1693 1237 terram,
1730 1170 1931 1222 aridam
1967 1168 2151 1236 appel-

585 1261 794 1315 laverit.
827 1260 1088 1315 Nimirum
1124 1262 1247 1330 quia
1276 1263 1485 1316 aridum
1544 1277 1646 1316 non
1678 1276 1743 1315 ex
1774 1262 1858 1316 his
1896 1270 1978 1315 est
2033 1276 2153 1329 quae

589 1361 742 1405 terrae
781 1351 833 1404 in
864 1361 1134 1419 posterum
1168 1362 1529 1415 accesserunt,
1562 1351 1655 1406 sed
1681 1368 1746 1406 ex
1801 1350 1885 1405 his
1933 1366 2052 1420 qua:
2086 1351 2152 1404 ab

586 1442 739 1496 initio
790 1442 1078 1496 essentiam
1117 1443 1285 1510 ipsius
1339 1443 1691 1497 constituunt.
1742 1440 1913 1496 Porro
1941 1457 2057 1509 qua:
2099 1441 2151 1495 in

585 1549 746 1588 causa
778 1544 901 1589 sunt
931 1550 1027 1588 cur
1062 1534 1263 1603 aliquid
1289 1535 1537 1601 exsistat,
1559 1534 1626 1588 iis
1642 1548 1763 1603 qua:
1787 1543 1973 1602 postea
2000 1547 2153 1587 acce-

585 1628 743 1691 dunt,
800 1637 991 1680 natura
1051 1635 1178 1680 sunt
1210 1628 1387 1696 priora
1430 1641 1492 1679 ac
1529 1626 1917 1696 prmstantiora.
1956 1624 2153 1691 Quam-

584 1721 771 1774 obrem
836 1728 975 1772 notae
1028 1718 1219 1788 aliqua
1278 1734 1346 1772 ex
1403 1718 1759 1773 anterioribus
1788 1725 1841 1770 et
1898 1717 2154 1771 vetustio-

587 1803 736 1856 ribus
788 1803 853 1855 ad
914 1812 1112 1855 terram
1161 1800 1543 1872 designandum
1598 1809 1723 1855 sunt
1767 1801 1887 1871 jure
1934 1800 2149 1867 excogi-

589 1903 641 1948 ta
649 1906 732 1949 ιε.

658 2079 709 2133 6.
742 2079 806 2132 Et
830 2080 961 2132 vidit
996 2079 1154 2143 Deus,
1179 2080 1318 2148 quod
1360 2077 1637 2146 pulchrum
1696 2086 1845 2131 esset.
1875 2076 1990 2132 Non
2048 2078 2149 2131 hoc

589 2172 790 2226 indicat
819 2171 1114 2238 Scriptura,
1155 2169 1654 2237 nempejucundum
1680 2168 1963 2238 quemdam
1989 2168 2151 2222 maris

589 2257 863 2335 aspectum
916 2264 1079 2319 fuisse
1104 2263 1213 2317 Deo
1250 2261 1567 2317 exbibitum.
1622 2261 1737 2315 Non
1790 2260 1930 2315 enim
1980 2262 2151 2315 oculis

586 2356 1033 2426 pulchritudinem
1055 2363 1316 2410 creaturae
1344 2354 1578 2408 intuetur
1603 2353 1877 2417 Conditor,
1909 2353 2002 2407 sed
2032 2367 2151 2421 quae

587 2450 742 2512 ﬁunt,
772 2447 1033 2516 sapientia
1065 2444 1317 2500 ineliabili
1364 2445 1774 2512 contemplatur.
1819 2443 2147 2512 Estquidem

584 2543 796 2602 gratum
822 2529 1186 2598 spectaculum
1211 2542 1395 2591 aequor
1412 2528 1773 2592 inalbescens,
1799 2542 1919 2582 cum
1944 2527 2148 2582 stabilis

588 2619 946 2689 tranquillitas
974 2619 1149 2688 ipsum
1197 2627 1428 2688 occupat
1460 2636 1473 2671 :
1508 2634 1692 2673 rursus
1721 2627 1802 2673 est
1831 2619 1991 2672 etiam
2023 2633 2148 2687 gra-

585 2725 723 2778 tum,
750 2727 872 2766 cum
898 2711 1062 2778 ipsius
1084 2708 1393 2778 superﬁcies
1412 2708 1618 2761 leuibus
1641 2707 1788 2762 auris
1806 2715 2148 2775 exasperata,

586 2801 926 2859 cernentibus
983 2813 1307 2869 purpureum
1338 2806 1431 2851 aut
1464 2797 1749 2851 caeruleum
1783 2795 2018 2851 colorem
2062 2792 2147 2847 of-

586 2897 721 2949 fert:
759 2891 970 2961 quando
993 2905 1165 2958 neque
1197 2888 1463 2944 violenter
1490 2888 1740 2943 verberat
1785 2886 2014 2939 vicinam
2044 2893 2149 2937 ter-

585 2999 721 3047 ram,
752 2984 844 3036 sed
877 2981 1018 3034 velut
1046 2977 1281 3047 paciﬁcis
1319 2977 1638 3046 quibusdam
1668 2975 2003 3044 amplexibus
2029 2988 2146 3027 eam

587 3074 975 3143 complectitur.
1012 3071 1128 3124 Non
1175 3080 1351 3124 tamen
1406 3069 1699 3137 putandum
1755 3076 1860 3130 est,
1888 3066 1951 3120 ad
2006 3066 2148 3119 hunc

586 3165 802 3221 modum
829 3162 1030 3217 dixisse
1060 3161 1413 3227 Scriplu-ram,
1439 3174 1589 3212 mare
1628 3159 1735 3212 Deo
1779 3158 1952 3210 visum
1983 3155 2148 3210 fuisse

584 3256 869 3326 pulchrum
897 3268 959 3305 ac
982 3225 1273 3319 jucundum
1306 3267 1319 3302 :
1367 3253 1462 3304 sed
1495 3250 1583 3304 hic
1616 3264 1684 3303 ex
1710 3249 1905 3319 opiﬁcii
1937 3249 2145 3303 ratione
2175 3225 2219 3281 (ἶ

586 3348 907 3419 diiudicatur
934 3344 1293 3413 pulchritudo.
1319 3343 1559 3397 Primum
1593 3342 1832 3411 quidem,
1875 3342 1999 3412 quia
2032 3358 2149 3396 ma-

584 3437 662 3490 ris
690 3449 828 3503 aqua
869 3432 1033 3486 totius
1079 3430 1280 3486 terreni
1330 3431 1571 3484 humoris
1600 3430 1721 3485 fons
1770 3440 1825 3485 et
1864 3431 2015 3499 origo
2045 3443 2145 3485 est.

584 3527 712 3583 llaec
757 3526 970 3595 quidem
1011 3540 1106 3593 per
1154 3524 1391 3579 occultos
1436 3533 1645 3577 meatus
1671 3523 2043 3590 distribuitur;
2072 3525 2147 3577 uti

584 3620 719 3674 laxae
745 3626 904 3686 atque
938 3616 1148 3670 hiantes
1176 3624 1351 3679 terrae,
1379 3629 1515 3682 quas
1546 3614 1763 3669 liuidum
1794 3630 1941 3668 mare
1970 3615 2144 3678 subit,

582 3713 821 3767 indicant
849 3729 862 3765 :
889 3712 1031 3779 quod
1055 3710 1139 3763 ubi
1169 3708 1221 3763 in
1240 3708 1490 3777 obliquis,
1524 3723 1629 3762 non
1658 3719 1835 3762 autem
1867 3718 2013 3763 recta
2034 3717 2149 3763 ten-

583 3803 849 3866 dentibus,
881 3800 1210 3856 diverticulis
1234 3799 1349 3870 39
1406 3799 1670 3854 inclusum
1708 3810 1812 3864 est,
1842 3800 2147 3869 impulsum-

581 3911 687 3964 que
717 3894 818 3948 l'uit
851 3909 881 3948 a
910 3902 1068 3948 vento
1114 3892 1242 3946 illud
1268 3900 1533 3957 movente,
1586 3900 1696 3945 tum
1722 3891 2003 3961 superﬁcie
2037 3893 2148 3948 dis-

582 3996 736 4055 rupta
756 3987 900 4041 loras
927 3985 1188 4054 erumpit;
1215 3993 1374 4054 atque
1398 3984 1716 4039 emendante
1738 3984 2145 4040 amaritudinem

580 4078 966 4150 percolatione,
1020 4078 1165 4147 potui
1201 4086 1382 4145 aptum
1429 4078 1627 4131 evadit.
1670 4076 1787 4132 Jam
1840 4092 1965 4133 vero
2013 4078 2143 4131 cali-

580 4170 731 4224 diore
753 4168 1009 4238 qualitate
1039 4169 1201 4224 etiam
1231 4183 1298 4223 ex
1330 4169 1556 4223 metallis
1578 4169 1631 4223 in
1665 4170 1889 4225 transitu
1908 4180 2143 4240 accepta,

579 4274 644 4314 ex
674 4261 859 4315 eadem
890 4261 1153 4315 moventis
1177 4275 1338 4315 causa
1364 4260 1625 4315 fervidum
1659 4263 1717 4316 ﬁt
1757 4272 1815 4317 ut
1858 4263 2145 4332 plurimum

580 4363 635 4406 et
662 4353 855 4408 ardens
879 4372 892 4407 :
945 4352 995 4407 id
1042 4353 1181 4422 quod
1213 4353 1263 4406 in
1291 4353 1468 4408 multis
1495 4354 1706 4420 insulis,
1734 4354 2016 4424 multisque
2034 4369 2149 4409 ma-

582 4443 780 4497 ritimis
838 4442 969 4498 locis
1015 4442 1095 4496 las
1146 4452 1229 4495 est
1268 4443 1484 4498 intueri.
1516 4444 1847 4512 Quinetiam,
1876 4455 1933 4499 ut
1978 4462 2142 4516 parva

2247 620 2335 672 διὰ
2361 618 2452 672 τοῦ
2488 616 2690 689 θερμοῦ
2721 613 3185 685 συμπλεκόμενος.
3239 608 3312 659 Τὸ
3359 607 3415 659 δὲ
3455 606 3588 676 πῦρ,
3615 603 3819 675 θερμὸν

2250 712 2344 764 καὶ
2379 711 2539 781 ξηρὸν
2570 709 2812 779 ὑπάρχον
2856 706 2954 776 τὴν
3006 703 3187 773 φύσιν,
3218 700 3296 771 τῷ
3340 701 3436 771 μὲν
3489 696 3674 769 θερμῷ
3705 695 3816 765 (99)

2251 803 2386 871 πρὸς
2418 802 2508 854 τὸν
2560 800 2697 871 ἀέρα
2731 796 3020 858 συνδεῖται,
3050 792 3126 864 τῷ
3174 791 3321 863 ξηρῷ
3361 790 3418 842 δὲ
3464 789 3629 842 πάλιν
3681 785 3819 856 πρὸς

2251 893 2347 964 τὴν
2370 893 2651 946 κοινωνίαν
2682 889 2780 959 τῆς
2809 889 2911 957 γῆς
2940 886 3316 956 ἐπανέρχεται.
3362 883 3472 936 Καὶ
3501 879 3643 934 οὕτω
3673 879 3819 947 γίνε-

2249 1003 2338 1037 ται
2383 984 2579 1047 κύκλος
2628 981 2722 1034 καὶ
2774 980 2933 1050 χορὸς
2990 977 3327 1048 ἐναρμόνιος,
3387 972 3819 1043 συμφωνούντων

2252 1076 2469 1128 πάντων
2506 1074 2600 1127 καί
2640 1070 3066 1140 συστοιχούντων
3100 1067 3369 1138 ἀλλήλοις.
3424 1064 3583 1118 Ὅθεν
3614 1064 3821 1135 κυρίως

2251 1168 2433 1229 αὐτοῖς
2488 1166 2581 1219 καὶ
2632 1168 2665 1235 ἡ
2724 1161 3061 1235 προσηγορία
3118 1160 3224 1211 τῶν
3270 1156 3545 1228 στοιχείων
3580 1157 3820 1226 ἐφήρμο-

2255 1276 2376 1311 σται
2412 1258 2507 1328 (1).
2545 1257 2731 1310 Ταῦτά
2765 1273 2853 1327 μοι
2885 1256 3099 1325 εἴρηται
3137 1249 3469 1321 παριστῶντι
3509 1248 3607 1317 τὴν
3642 1247 3820 1298 αἰτίαν

2250 1350 2315 1403 δι’
2352 1350 2416 1420 ἢν
2442 1352 2469 1402 ό
2492 1348 2621 1412 Θεὸς
2651 1350 2747 1418 τὴν
2774 1345 2942 1419 ξηρὰν
2972 1344 3194 1398 ἐκάλεσε
3235 1343 3358 1412 γῆν,
3407 1339 3521 1393 ἀλλ’
3552 1339 3673 1407 οὐχ).
3717 1338 3817 1408 τὴν

2252 1443 2357 1513 γῆν
2387 1443 2646 1511 προσεῖπε
2675 1439 2867 1510 ξηράν.
2918 1438 3062 1490 Διότι
3090 1436 3149 1489 τὸ
3179 1435 3338 1505 ξηρὸν
3371 1432 3491 1502 οὺχί
3518 1430 3627 1483 τῶν
3662 1429 3820 1481 ὓστε-

2255 1550 2348 1603 ρον
2374 1532 2451 1602 (2)
2483 1531 2919 1605 προσγινομένων
2946 1528 3062 1581 ἐστί
3078 1531 3143 1598 τῇ
3173 1528 3264 1596 γῇ,
3287 1524 3421 1578 ἀλλὰ
3444 1523 3550 1574 τῶν
3568 1520 3626 1585 ἐξ
3649 1520 3821 1589 ἀρχῆς

2256 1622 2720 1693 συμπληρούντων
2761 1621 2930 1690 αὐτῆς
2952 1618 3047 1690 τὴν
3072 1618 3279 1671 οὐσίαν.
3328 1614 3408 1668 Τὰ
3438 1614 3494 1667 δὲ
3522 1612 3692 1682 αὐτὴν
3724 1608 3819 1663 τοῦ

2253 1710 2393 1767 εἶναι
2420 1715 2597 1768 αἰτίαν
2626 1713 2955 1783 παρέχοντα,
2986 1712 3226 1784 πρότερα
3264 1712 3328 1779 τῇ
3356 1706 3513 1775 φύσει
3540 1704 3647 1757 τῶν
3684 1701 3821 1773 μετὰ
3914 1748 3917 1749 ,

2252 1806 2425 1860 ταῦτα
2448 1804 2884 1877 προσγινομένων
2918 1803 3010 1857 καὶ
3043 1800 3422 1872 προτιμότερα.
3458 1797 3621 1848 Ὥστε
3669 1791 3819 1845 εἰκό-

2249 1916 2357 1962 τως
2383 1901 2446 1952 ὲκ
2476 1898 2583 1951 τῶν
2641 1896 3101 1968 προῦπαρχόντων
3155 1895 3249 1947 καὶ
3302 1888 3686 1964 πρεσϐυτέρων
3727 1885 3822 1936 έπ-

2251 1991 2444 2062 ενοήθη
2477 1993 2542 2061 τῇ
2564 1992 2633 2060 γῇ
2668 1988 2736 2042 τὰ
2765 1988 3141 2059 γνωρίσματα.

2325 2081 2377 2138 6.
2412 2084 2519 2136 Καὶ
2552 2078 2710 2135 εἶδεν
2736 2083 2769 2134 ὁ
2801 2082 2964 2145 Θεὸς,
2999 2079 3088 2131 ὅτι
3114 2078 3321 2131 καλόν.
3348 2076 3462 2128 Οὐκ
3498 2073 3630 2127 αὐτὸ
3662 2072 3821 2126 τοῦτο

2251 2178 2489 2248 τερπνὴν
2523 2193 2648 2230 τινα
2672 2175 2793 2245 ὄψιν
2827 2174 3102 2244 θαλάσσης
3127 2174 3155 2225 ὁ
3192 2173 3348 2247 λόγος
3382 2171 3709 2225 ἐνδείκνυται
3742 2170 3823 2242 τῷ

2250 2268 2367 2337 Θεῷ
2426 2267 2722 2339 πεφηνέναι
2763 2266 2861 2335 (5).
2914 2266 2987 2318 Οὐ
3035 2265 3143 2335 γὰρ
3181 2262 3475 2334 ὀφθαλμοῖς
3532 2261 3714 2331 βλέπει
3750 2261 3821 2313 τὰ

2252 2362 2422 2431 κάλλη
2446 2360 2545 2431 τῆς
2574 2359 2804 2422 κτίσεως
2855 2361 2885 2412 ό
2933 2358 3182 2428 ποιητὴς,
3212 2356 3346 2409 ἀλλὰ
3384 2358 3449 2426 τῇ
3484 2355 3703 2425 ἀρρήτῳ
3727 2371 3821 2407 σο-

2252 2453 2350 2522 φία
2373 2451 2566 2522 θεωρεῖ
2590 2450 2658 2503 τά
2695 2448 2971 2520 γινόμενα.
3028 2448 3154 2501 Ἡδὺ
3205 2448 3301 2518 μὲν
3342 2444 3450 2516 γὰρ
3491 2444 3667 2515 θέαμα
3698 2443 3823 2497 λευ-

2249 2542 2543 2612 καινομένη
2591 2540 2855 2604 θάλασσα,
2897 2538 3138 2609 γαλήνης
3186 2536 3350 2608 αὐτὴν
3388 2536 3653 2605 σταθερᾶς
3685 2551 3820 2589 κατ-

2250 2632 2479 2703 εχούσης
2502 2649 2515 2661 ·
2546 2632 2647 2702 ἡδὺ
2691 2631 2748 2685 δὲ
2773 2632 2867 2685 καὶ
2896 2632 3022 2685 ὅταν
3050 2629 3300 2701 πραείαις
3333 2626 3526 2699 αὔραις
3556 2643 3820 2698 τραχυνο-

2253 2726 2389 2796 μένη
2428 2724 2494 2777 τὰ
2528 2724 2693 2785 νῶτα,
2748 2722 3132 2794 πορφύρουσαν
3194 2719 3359 2792 χρόαν
3400 2719 3432 2789 ἢ
3481 2717 3685 2788 κυανῆν
3708 2718 3819 2778 τοῖς

2247 2816 2413 2888 ὁρῶσι
2458 2814 2771 2888 προσϐάλλῃ
2822 2815 2920 2884 (4)·
2954 2815 3041 2867 ὅτε
3100 2811 3220 2865 οὐδὲ
3263 2810 3451 2863 τύπτει
3503 2808 3686 2878 βιαίως
3719 2806 3819 2879 τὴν

2247 2909 2461 2978 γείτονα
2489 2909 2702 2979 χέρσον,
2738 2906 2851 2960 ἀλλ’
2883 2902 2993 2959 οἷον
3022 2904 3323 2975 εἰρηνικαῖς
3358 2919 3499 2955 τισιν
3525 2899 3691 2971 αὐτὴν
3720 2916 3818 2951 πε-

2251 3001 2533 3071 ριπλοκαῖς
2579 2998 3011 3063 κατασπάζεται.
3080 2997 3153 3049 Οὐ
3221 2995 3326 3066 μὴν
3360 2995 3505 3047 οὓτω
3550 2993 3644 3046 καὶ
3696 2991 3818 3061 Θεῷ

2248 3091 2455 3145 οἴεσθαι
2480 3093 2585 3163 χρὴ
2624 3093 2721 3162 τὴν
2746 3090 2968 3163 Γραφὴν
2998 3088 3277 3160 εἰρηκέναι
3311 3086 3480 3158 καλὴν
3509 3085 3604 3139 καὶ
3634 3085 3815 3156 ἡδεῖαν

2249 3178 2424 3254 ὦφθαι
2482 3184 2578 3254 τὴν
2630 3182 2921 3246 θάλασσαν,
2954 3181 3088 3235 ἀλλὰ
3130 3178 3191 3232 τὺ
3231 3180 3394 3233 καλὸν
3432 3180 3547 3231 ἐκεῖ
3570 3176 3648 3248 τῷ
3676 3177 3818 3245 λόγῳ

2249 3276 2348 3346 τῆς
2375 3275 2452 3346 (5)
2480 3274 2840 3346 δημιουργίας
2855 3272 3118 3345 κρίνεται.
3157 3272 3379 3343 Πρῶτον
3412 3272 3530 3341 μὲν,
3552 3272 3633 3323 ὅτι
3666 3269 3817 3340 πηγὴ

2248 3368 2347 3438 τῆς
2372 3368 2501 3438 περὶ
2545 3366 2648 3437 γῆν
2697 3368 2913 3436 ἁπάσης
2949 3365 3151 3429 νοτίδος
3180 3366 3295 3417 ἐστί
3335 3365 3393 3417 τὸ
3420 3364 3520 3433 τῆς
3545 3363 3815 3433 θαλάσσης

2250 3457 2393 3528 ὕδωρ
2414 3474 2427 3486 ·
2480 3456 2635 3510 τοῦτο
2683 3455 2779 3527 μὲν
2811 3457 2867 3508 ὲν
2890 3458 3000 3519 τοῖς
3034 3455 3260 3525 ἀφανέσι
3304 3455 3491 3525 πόροις
3516 3454 3817 3523 διαδιδόμε-

2248 3568 2356 3616 νον,
2409 3550 2483 3612 ὡς
2512 3547 2760 3620 δηλοῦσιν
2808 3550 2865 3600 αἱ
2926 3547 3229 3619 σομφώδεις
3284 3548 3391 3600 τῶν
3430 3547 3672 3618 ἠπείρων
3722 3544 3815 3598 καὶ

2250 3642 2531 3711 ὓπαντροι,
2565 3642 2653 3708 ὑφ’
2685 3639 2750 3701 ἃς
2780 3642 2812 3711 ἡ
2843 3639 3045 3711 ῥοώδης
3098 3639 3517 3703 διαυλωνίζουσα
3551 3637 3813 3699 θάλασσα,

2250 3732 2473 3785 ἐπειδὰν
2502 3730 2741 3793 σκολιαῖς
2774 3732 2867 3783 καὶ
2901 3731 2961 3783 οὐ
2999 3730 3074 3801 (6)
3113 3730 3248 3801 πρὸς
3279 3730 3339 3783 τὸ
3372 3729 3550 3800 ὄρθιον
3584 3728 3819 3801 φερομέ-

2247 3841 2368 3887 ναις
2398 3822 2742 3893 έναποληφθῇ
2777 3821 3047 3887 διεξόδοις,
3084 3822 3189 3875 ὑπὸ
3228 3821 3320 3875 τοῦ
3350 3821 3617 3883 κινοῦντος
3645 3819 3819 3890 αὐτὴν

2248 3914 2550 3984 πνεύματος
2590 3913 2896 3984 ὠθουμένη,
2940 3913 3163 3984 φέρεται
3201 3913 3305 3977 ἔξω
3344 3912 3439 3983 τὴν
3490 3912 3815 3979 ἐπιφάνειαν

2247 4005 2601 4077 διαρρήξασα,
2631 4005 2725 4058 κα)⁸
2776 4005 2985 4074 γίνεται
3017 4006 3246 4075 πότιμος
3281 4005 3345 4057 ὲκ
3388 4005 3485 4074 τῆς
3517 4003 3815 4074 διηθήσεως

2245 4094 2305 4146 τὸ
2336 4095 2528 4165 πικρὸν
2584 4094 2813 4148 ἰαθεῖσα.
2838 4094 2976 4165 Ἤδη
3011 4095 3067 4147 δὲ
3100 4096 3193 4148 καὶ
3251 4094 3584 4167 θερμοτέρας
3627 4094 3692 4146 ὲκ
3721 4110 3816 4164 με·-

2247 4186 2456 4241 τάλλων
2485 4189 2767 4259 ποιότητος
2802 4189 2943 4241 κατὰ
2989 4188 3087 4259 τὴν
3136 4186 3365 4252 διέξοδον
3414 4185 3811 4259 προσλαὸοῧσα,

2246 4280 2311 4331 ὲκ
2340 4278 2437 4348 τῆς
2474 4279 2640 4347 αὐτῆς
2669 4278 2763 4331 τοῦ
2806 4278 3081 4341 κινοῦντος
3129 4280 3305 4342 αἰτίας
3347 4278 3542 4343 ζέουσα
3584 4277 3810 4348 γίνεται,

2246 4369 2322 4431 ὡς
2352 4368 2420 4421 τὰ
2447 4368 2634 4431 πολλὰ,
2667 4370 2761 4422 καὶ
2796 4369 3081 4441 πυρώδης·
3119 4370 3254 4441 ὅπερ
3280 4370 3542 4442 πολλαχοῦ
3575 4372 3671 4443 μὲν
3703 4370 3815 4424 τῶν

2247 4461 2449 4531 νήσων,
2502 4460 2769 4531 πολλαχοῦ
2801 4462 2858 4513 δὲ
2908 4462 3017 4515 τῶν
3063 4462 3345 4533 παραλίων
3378 4464 3556 4517 τόπων
3608 4462 3813 4527 ἔξεστιν

580 4536 791 4601 magnis
822 4550 1198 4604 comparemus
1224 4577 1239 4602 ,
1292 4537 1345 4590 in
1380 4537 1785 4592 mediterraneis
1838 4540 2144 4608 regionibus

2248 4552 2550 4623 ἱστορῆσαι.
2591 4553 2763 4606 Ὅπου
2809 4570 2872 4620 γε
2921 4554 3013 4606 καὶ
3064 4554 3206 4609 κατὰ
3243 4555 3342 4624 τὴν
3395 4556 3681 4625 μεσόγειαν
3731 4555 3810 4626 (7)

583 4629 759 4681 simile
813 4629 1063 4696 quiddam
1127 4634 1497 4699 perpetiuntur
1552 4630 1665 4684 loca
1715 4632 1956 4700 quadam
1989 4636 2144 4704 aquis

590 4712 893 4768 ﬂuvialibus
944 4716 1195 4773 conlinia.
1255 4718 1389 4784 Quid
1419 4728 1502 4773 est
1531 4719 1692 4787 igitur
1725 4736 1824 4775 cur
1870 4722 1967 4778 hoc
1995 4738 2023 4777 a
2059 4740 2146 4779 me

579 4803 781 4857 dictum
822 4805 926 4858 sit?
965 4804 1116 4869 Quod
1175 4817 1282 4861 tota
1345 4808 1521 4871 tellus,
1570 4824 1709 4877 aqua
1765 4826 1861 4881 per
1908 4812 2145 4870 occultos

578 4901 787 4945 meatus
823 4908 887 4945 ex
927 4895 1090 4947 maris
1122 4896 1396 4966 principiis
1431 4900 1852 4965 subtermeante,
1882 4903 2143 4959 cuniculis

578 4981 774 5035 referta
816 4993 899 5035 est
920 4999 982 5037 ac
1005 4986 1225 5052 repleta.

653 5072 700 5127 7.
752 5073 1039 5129 Pulchrum
1077 5077 1255 5146 itaque
1283 5086 1364 5133 est
1390 5094 1538 5134 mare
1569 5079 1697 5148 Deo,
1727 5082 1795 5138 ob
1852 5083 2135 5141 humorem

648 5280 759 5361 ($39)
779 5281 908 5361 pug.
928 5300 1057 5361 mss.
1082 5284 1142 5338 τὸ
1168 5287 1266 5361 μὲν
1294 5288 1494 5361 θερμόν
1521 5312 1532 5345 :
1571 5309 1795 5361 quorum
1821 5298 1956 5353 alter
1978 5301 2138 5357 habet

574 5368 641 5433 το
674 5351 838 5439 ξηρὸν
866 5354 1138 5439 δὲυπάλιν.
1162 5351 1263 5439 Alii
1291 5351 1552 5439 tres-mss.
1590 5351 1666 5434 τῷ
1702 5367 1797 5439 μέν

573 5422 848 5512 frti);qu
907 5425 984 5482 δέ.
1040 5426 1159 5481 Mox
1210 5428 1343 5499 Reg.
1403 5433 1607 5501 primus
1638 5422 1811 5505 ’χορὸς
1854 5422 2136 5512 παναρμόξ

574 5508 705 5554 νιος.

645 5563 721 5688 (1)
753 5564 883 5634 Reg.
922 5568 1109 5622 tertius
1148 5569 1422 5639 στοιχείων
1456 5575 1629 5645 προσή
1676 5594 1889 5646 μοσται.

668 5632 725 5688 ‘2)
757 5633 904 5688 Mulli
940 5653 1068 5688 mss.
1097 5637 1338 5688 ὕστερον.
1367 5642 1504 5688 Ειιίιί
1532 5592 1772 5688 {insnum

757 5632 904 5716 {Iulli
940 5653 1068 5692 mss.
1097 5632 1347 5716 ὒστερβῃ
1366 5632 1513 5695 Ειιίιῖ
1532 5632 1793 5716 ὑστέρως.

757 5703 888 5783 Bcg.
918 5718 1099 5783 sextus
1132 5709 1209 5778 τῷ
1228 5702 1357 5783 ’θεῷ
1390 5702 1709 5783 πεφυκέναι.
1753 5702 1769 5712 ’
1881 5746 1887 5754 ι

644 5770 722 5912 (4)
754 5770 975 5830 Codices
1009 5778 1110 5831 duo
1134 5770 1431 5853 προϐάλλῃ.

670 5842 721 5909 5)
770 5843 845 5897 Ita
900 5846 1065 5903 editio
1094 5847 1256 5907 Basil.
1288 5864 1339 5907 et
1382 5844 1431 5909 in

670 5842 721 5909 5)
770 5843 845 5897 lta
900 5846 1065 5903 editio
1094 5842 1256 5907 Baéil.
1288 5864 1339 5907 et
1382 5842 1487 5911 ἵης.
1530 5848 1783 5915 ’(Ξοῐηὺεΐ.
1818 5874 1942 5915 cum
2007 5862 2124 5920 aliis

2249 4644 2403 4698 τόποι
2433 4645 2575 4707 τινὲς
2601 4644 2706 4698 τῶν
2748 4646 3025 4713 ποταμίων
3067 4646 3273 4701 ὑδάτων
3310 4649 3565 4715 γείτονες,
3600 4648 3673 4711 ὡς
3720 4666 3810 4718 μι-

2248 4738 2355 4810 κρὰ
2405 4736 2660 4806 μεγάλοις
2704 4737 2942 4798 εἰκάσαι,
2996 4737 3063 4791 τὰ
3117 4740 3470 4811 παραπλήσια
3522 4740 3807 4809 πάσχουσι.

2246 4828 2391 4899 Πρὸς
2413 4824 2506 4881 οὖν
2537 4828 2589 4879 τί
2612 4827 2770 4881 τοῦτο
2794 4828 3010 4900 εἴρηταί
3052 4848 3175 4900 μοις
3215 4834 3335 4885 Ὅτι
3360 4835 3508 4885 πᾶσα
3542 4831 3809 4901 ὑπόνομὸς

2244 4920 2391 4972 ἐστιν
2423 4921 2456 4990 ὴ
2490 4920 2583 4989 γῆ,
2615 4920 2703 4973 διὰ
2755 4920 2936 4991 πόρων
2982 4922 3203 4991 ἀφανῶν
3246 4926 3309 4975 ὲκ
3360 4924 3465 4976 τῶν
3496 4923 3679 4992 ἀρχῶν
3706 4922 3806 4990 τῆς

2243 5009 2518 5081 θαλάσσης
2558 5012 2975 5076 ὑπονοστοῦντος
3006 5014 3100 5066 τοῦ
3128 5015 3335 5079 ὓδατος.

2314 5099 2366 5153 7.
2400 5098 2554 5171 Καλὴ
2584 5101 2761 5153 τοίνυν
2788 5102 2821 5171 ἡ
2850 5100 3094 5155 θάλασσα
3122 5103 3200 5174 τῷ
3240 5104 3357 5174 Θεῴ
3388 5106 3479 5158 καί
3508 5104 3595 5157 διὰ
3623 5105 3719 5177 τὴν
3747 5107 3806 5159 ὲν

2241 5308 2476 5374 quinque
2529 5324 2657 5363 mss.
2698 5311 2827 5377 Reg.
2876 5320 3061 5365 sextus
3092 5310 3227 5364 ἀλλὰ
3265 5313 3324 5365 τὸ
3356 5312 3518 5366 καλὸν
3540 5312 3681 5366 ἐκεῖ,
3722 5312 3792 5377 τῷ

2241 5332 2476 5374 qumqu
2531 5332 2657 5363 mss.
2698 5332 2827 5377 neg.
2876 5332 3061 5365 sexuis
3092 5332 3227 5364 arma
3265 5332 3324 5365 το
3356 5332 3518 5366 καΑον
3540 5332 3681 5366 εχει,
3722 5332 3753 5365 τ

2240 5376 2389 5447 καλῴ
2413 5378 2530 5447 τῆς,
2567 5391 2674 5434 etc.
2728 5380 2905 5435 Edilio
2952 5381 3122 5436 Paris.
3181 5384 3341 5436 καλὸν
3370 5383 3562 5453 ἐκείνῳ
3620 5382 3697 5453 τῷ
3724 5332 3808 5436 kz

2240 5463 2386 5587 γρ(6)
2424 5516 2784 5591 _Sic_Combef.
2814 5536 2933 5575 cum
2982 5519 3114 5591 Reg.
3142 5532 3335 5577 octavo
3375 5532 3429 5576 ct
3472 5539 3597 5578 cum
3647 5522 3800 5578 Colb.

2240 5587 2495 5650 secundo.
2527 5589 2684 5642 Deest
2714 5592 2773 5642 οὺ
2803 5593 2852 5643 in
2878 5592 3039 5645 editis
3067 5587 3127 5645 'et
3159 5593 3212 5644 in
3250 5594 3425 5647 nmltis
3451 5610 3581 5648 mss.
3648 5600 3653 5605 ’

2312 5656 2389 5726 (7)
2410 5655 2510 5728 _Sic
2536 5657 2683 5726 Regii
2723 5662 2933 5723 tertius,
2962 5662 3182 5728 quintus
3203 5672 3256 5715 et
3285 5674 3468 5723 sextus
3488 5679 3609 5718 cum
3650 5672 3800 5717 utro-

2237 5741 2340 5803 que
2397 5726 2560 5803 Coisl.
2610 5728 2751 5785 Edili
2816 5746 2936 5786 cum
2972 5726 3443 5803 quibusdamaliis
3476 5749 3628 5803 ‘mss.
3655 5733 3799 5787 κατὰ

2235 5796 2332 5867 τὴν
2362 5812 2425 5865 με
2435 5796 2660 5864 σόγειον.
2987 5796 3006 5800 “
3248 5796 3299 5805 ””
3314 5796 3334 5803 ”
3364 5796 3371 5805 ”
