4082 6398
335 407 407 459 95
1472 401 1757 457 IIOMILIA
1794 403 1837 456 V
1878 401 1890 455 l

1991 402 2484 459 HEXAEMERON.
3504 409 3574 463 οι

328 518 407 588 τῷ
435 517 587 587 βάὸει
632 518 729 588 τῆς
766 519 987 589 ἰκμάδος
1016 518 1357 590 ὑποδρομὴν*
1406 518 1545 588 καλὴ
1598 520 1691 572 καὶ
1747 520 1890 572 διότι.

2009 536 2101 591 per
2132 523 2317 575 intima
2369 523 2481 576 loca
2529 523 2883 575 subeuntem:
2930 521 3206 591 pulchrum
3244 522 3389 586 item,
3434 527 3575 592 quod

328 610 590 680 ποταμῶν
626 606 758 662 οὖσα
790 610 867 679 (8)
892 611 1117 680 δοχεῖον,
1150 614 1229 673 εἰς
1249 611 1444 681 ἑαυτὴν
1478 612 1545 664 τά
1574 613 1906 682 πανταχόθεν

328 702 680 771 καταδέχεται
713 701 978 772 ῥεύματα,
1008 704 1101 755 καὶ
1139 702 1287 772 μένει
1322 703 1429 755 τῶν
1456 705 1595 775 ὅρων
1630 704 1760 757 εἴσω
1801 706 1907 759 τῶν

327 787 530 857 ἑαυτῆς
554 804 566 817 ⁸
605 787 741 858 καλὴ
767 790 860 841 καὶ
900 788 1034 841 διότι
1067 792 1179 852 τοῖς
1204 791 1411 862 ἀερίοις
1438 792 1625 846 ὕδασιν
1656 794 1793 864 ἀρχή
1823 795 1907 857 τίς

325 882 443 933 ἐστι
478 880 572 932 καὶ
605 880 775 949 πηγὴ,
809 880 1124 951 θαλπομένη
1162 882 1259 950 μὲν
1290 885 1354 953 τῇ
1396 884 1571 937 ἀκτῖνι
1600 885 1693 937 τοῦ
1723 886 1900 955 ἡλίου,

326 970 697 1041 ἀποτιθεμένη
723 972 777 1023 δὲ
796 971 856 1024 τὸ
877 971 1069 1025 λεπτὸν
1097 973 1188 1026 τοῦ
1220 973 1409 1037 ὓδατος
1437 975 1523 1028 διὰ
1556 976 1663 1029 τῶν
1692 977 1901 1048 ἀτμῶν,

323 1064 466 1133 ὅπερ
499 1061 759 1114 ὲλκυσθὲν
815 1065 895 1125 εἰς
952 1063 1041 1115 τὸν
1081 1063 1192 1117 ἄνω
1240 1066 1426 1130 τόπον,
1475 1062 1614 1133 εἶτα,
1661 1069 1903 1138 καταψυο

324 1158 452 1227 χθὲν
485 1156 571 1210 διὰ
600 1157 662 1209 τὸ
706 1157 1033 1229 ὑψηλότερον
1073 1159 1323 1225 γενέσθαι
1351 1162 1451 1231 τῆς
1483 1163 1589 1215 ἀπὸ
1635 1164 1728 1217 τοῦ
1783 1165 1904 1219 ἐδά-

326 1267 459 1317 φους
492 1249 840 1313 ἀνακλάσεως
866 1250 972 1302 τῶν
999 1251 1253 1315 ἀκτίνων,
1283 1253 1373 1305 καὶ
1400 1254 1536 1324 ὁμοῦ
1580 1256 1679 1325 τῆς
1705 1257 1769 1308 ἐκ
1803 1256 1898 1309 τοῦ

323 1343 519 1409 νέᾳους
552 1343 709 1404 σκιᾶς
735 1341 831 1412 τὴν
864 1342 1022 1411 ψύξιν
1045 1344 1440 1416 ἐπιτεινούσης,
1476 1347 1630 1410 ὑετὸς
1666 1349 1896 1417 γίνεται,

322 1435 419 1487 καὶ
474 1437 675 1487 πιαίνει
722 1436 820 1507 τὴν
869 1436 995 1505 γῆν.
1046 1438 1155 1490 Καὶ
1192 1437 1403 1501 τούτοις
1451 1440 1625 1504 οὐδεὶς
1680 1442 1903 1494 ἀπιστεῖ

320 1526 543 1588 πάντως
576 1527 699 1589 τοὺς
740 1527 1170 1598 ὑποκαιομένους
1225 1529 1457 1601 λέϐητας
1497 1533 1773 1602 ἐννοήσας,
1824 1533 1894 1597 οἳ,

320 1616 549 1687 πλήρεις
596 1619 746 1682 ὄντες
779 1618 969 1690 ὑγροῦ,
1024 1621 1283 1685 πολλάκις
1332 1624 1478 1676 κενοί
1539 1625 1895 1698 κατελείφθη-

323 1726 424 1761 σαν
460 1708 556 1778 (9),
591 1712 670 1771 εἰς
687 1711 857 1780 ἀτμὸν
880 1712 1078 1775 παντὸς
1099 1713 1192 1766 τοῦ
1216 1713 1479 1784 ὲψομένου
1502 1716 1892 1788 διακριθέντος.

332 1800 491 1852 ’Λλλά
534 1802 627 1853 καί
685 1801 817 1854 αὑτὸ
868 1801 1016 1857 ἔστιν
1054 1804 1180 1857 ἰδεῖν
1217 1804 1279 1857 τὸ
1316 1806 1417 1874 τῆς
1446 1804 1717 1877 Θαλάσσης
1752 1807 1893 1879 ὑδωρ

319 1891 473 1959 παρά
508 1892 613 1943 τῶν
651 1893 1080 1964 ναυτιλλομένων
1110 1896 1371 1966 ἑψόμενον
1389 1914 1403 1926 ’
1438 1898 1511 1960 οἳ,
1541 1899 1667 1962 τοὺς
1689 1900 1892 1969 ἀτμοὺς

320 1984 577 2051 σπόγγοις
628 1984 1014 2055 ὑποδεχόμενοι
1070 1988 1203 2057 (10),
1258 1989 1359 2058 τὴν
1405 1989 1593 2060 χρείαν
1657 1990 1893 2061 μετρίως

317 2078 374 2127 ὲν
400 2078 520 2138 ταῖς
553 2076 819 2144 ἀνάγκαις
842 2079 1311 2150 παραμυθοῦνται.
1332 2081 1485 2152 Καλὴ
1519 2081 1574 2134 δὲ
1604 2083 1696 2135 καί
1719 2082 1893 2146 ἄλλως

317 2169 473 2240 παρά
504 2168 639 2238 Θεῷ,
676 2170 757 2222 ὅτι
802 2172 1153 2240 περισφίγγει
1205 2172 1305 2237 τὰς
1351 2175 1568 2243 νήσους,
1601 2171 1733 2243 ὁμοῦ
1794 2173 1892 2244 μὲν

316 2262 521 2331 κόσμον
556 2262 766 2325 αὑταῖς,
804 2262 935 2332 ὁμοῦ
976 2262 1032 2315 δὲ
1084 2264 1177 2316 καὶ
1210 2264 1507 2334 ἀσφάλειαν
1545 2263 1889 2336 παρεχομένη

313 2353 381 2405 δι’
409 2354 637 2423 ἐαυτὶἷις⁹
699 2354 887 2407 ἔπειτα
935 2355 1029 2409 καὶ
1085 2358 1165 2408 ὅτι
1203 2357 1300 2418 τάς
1348 2356 1593 2410 πλεῖστον
1648 2355 1891 2426 ἀλλήλων

314 2444 610 2508 διεστώσας
642 2446 902 2516 ἠπείρους
944 2446 1202 2499 συνάπτει
1253 2446 1320 2499 δι’
1367 2446 1583 2517 ἑαυτῆς,
1614 2445 1889 2498 ἀκώλυτον

313 2538 427 2597 τοῖς
450 2534 881 2604 ναυτιλλομένοις
930 2534 1027 2605 τὴν
1075 2536 1354 2605 ἐπιμιξίαν
1382 2535 1725 2606 παρεχομένη
1748 2550 1787 2603 ⁸,
1820 2535 1887 2587 δι’

313 2622 389 2681 ὧν
423 2629 517 2680 καὶ
563 2627 801 2696 ἱστορίας
862 2627 969 2680 τῶν
1021 2628 1397 2698 ἀγνοουμένων
1445 2627 1751 2698 χαρίζεται,
1795 2628 1889 2680 καὶ

314 2720 543 2773 πλούτου
568 2720 823 2792 πρόξενος
858 2720 1120 2791 ἐμπόροις
1143 2720 1371 2788 γίνεται,
1403 2721 1495 2772 καλ⁵
1527 2720 1626 2782 τὰς
1648 2718 1742 2772 τοῦ
1772 2720 1886 2788 βίου

315 2810 503 2882 χρείας
529 2811 922 2884 ἐπανορθοῦται
949 2812 1165 2882 ῥᾳδίως,
1201 2812 1483 2885 ἐξαγωγὴν
1526 2814 1622 2882 μὲν
1646 2829 1754 2864 των
1786 2829 1885 2864 πε-

318 2904 515 2975 ριττῶν
544 2906 653 2967 τοῖς
675 2902 1086 2974 εὑθηνουμένοις
1110 2906 1477 2976 παρεχομένη,
1510 2905 1885 2975 ἐπανόρθωσιν

314 2995 373 3047 δὲ
405 2994 499 3047 τοῦ
524 2995 801 3058 λείποντος
833 2994 1161 3067 χαριζομένη
1183 3000 1293 3059 τοῖς
1327 2997 1548 3050 ὲνδεέσι.
1582 2999 1692 3051 Καὶ
1724 2995 1886 3049 πόθεν

314 3087 440 3156 ἐμοὶ
472 3087 590 3139 ὅλον
620 3087 745 3138 ἰδεῖν
772 3085 908 3157 μετά
929 3086 1210 3157 ἀκριϐείας
1236 3088 1336 3157 τῆς
1367 3086 1639 3159 Θαλάσσης
1667 3088 1727 3139 τὸ
1756 3087 1887 3140 κάλ-

313 3175 425 3239 λος,
459 3176 582 3229 ὅσον
626 3176 704 3246 τῷ
737 3174 1021 3246 ὀφθαλμῷ
1054 3176 1144 3229 τοῦ
1190 3182 1515 3248 ποιησαντος
1568 3178 1881 3247 κατεφάνης

314 3268 379 3319 Εἰ
413 3268 470 3320 δὲ
502 3267 745 3321 θάλασσα
772 3267 911 3339 καλὴ
938 3268 1031 3320 καί
1064 3268 1316 3339 ἐπαινετὴ
1339 3266 1415 3321 τώ
1440 3267 1578 3340 Θεῷ,
1622 3268 1737 3333 πῶς
1766 3269 1886 3339 οὑχί

314 3358 548 3412 καλλίων
596 3356 886 3428 ικκλησίας
934 3358 1186 3428 τοιαύτης
1218 3358 1491 3427 σύλλογος,
1518 3360 1575 3412 ὲν
1684 3377 1888 3430 συμμι-

314 3450 418 3520 γὴς
440 3445 593 3519 ἦχος,
626 3444 737 3501 οἷόν
776 3466 918 3511 τινος
956 3448 1197 3517 κύματος
1238 3450 1376 3518 ἠϊόνι
1421 3452 1885 3522 προσφερομένου,

312 3541 524 3610 ἀνδρῶν
553 3541 644 3593 καί
669 3541 940 3608 γυναικῶν
962 3541 1053 3593 καὶ
1090 3541 1319 3611 νηπίων,
1345 3541 1484 3593 κατά
1516 3542 1614 3604 τὰς
1641 3543 1777 3613 πρὸς
1796 3544 1888 3597 τὸν

311 3634 445 3685 Θεὸν
476 3635 585 3702 (Η)
620 3633 775 3703 ἡμῶν
825 3634 1058 3704 δεήσεις,
1115 3634 1494 3704 ὲκπέμπεται;
1556 3634 1769 3706 Γαλήνη
1830 3636 1888 3690 δὲ

315 3725 501 3795 βαθεῖα
538 3725 834 3778 ἀσάλευτον
877 3725 1044 3798 αὑτὴν
1087 3724 1360 3789 διασώζει,
1400 3725 1507 3779 τῶν
1564 3728 1894 3797 πνευμάτων

310 3818 410 3887 τῆς
445 3818 711 3889 πονηρίας
759 3817 988 3889 ταράξαι
1034 3818 1203 3888 αὑτὴν
1237 3820 1349 3879 τοῖς
1380 3818 1673 3888 αἰρετικοῖς
1711 3818 1888 3886 λόγοις

316 3910 389 3977 μὴ
417 3907 773 3977 δυνηθέντων.
808 3909 846 3960 Γ
850 3908 1057 3961 ένοισθε
1092 3904 1184 3962 οὖν
1213 3908 1351 3974 ἄξιοι
1372 3908 1471 3978 τῆς
1497 3908 1763 3979 ἀποδοχῆς
1792 3908 1886 3962 τοῦ

312 3998 538 4068 Κυρίου,
568 3999 667 4070 τὴν
712 3999 963 4063 εὐταξίαν
990 3998 1192 4069 ταύτην
1221 4000 1314 4051 ἐπὶ
1354 4000 1414 4052 τὸ
1443 4001 1885 4073 εὐπρεπέστατον

310 4087 673 4151 διασώσαντες
732 4088 866 4159 (12),
913 4090 970 4141 ὲν
1024 4088 1244 4160 Χριστῷ
1310 4090 1482 4156 Ἰησοῦ
1553 4089 1630 4161 τῷ
1696 4090 1886 4161 Κυρίῳ

2010 630 2129 667 cum
2157 614 2226 667 sit
2252 612 2528 667 ﬂuviorum
2554 614 2971 681 receptaculum,
3007 613 3203 667 ﬂuenta
3230 613 3500 669 undelibet
3520 616 3575 670 in

2008 721 2067 759 se
2100 706 2309 774 recipit,
2338 716 2499 774 atque
2532 705 2671 758 intra
2728 720 2853 759 suos
2898 705 3158 759 terminos
3211 714 3410 759 manet.
3451 705 3577 759 Pul-

2007 800 2195 851 chrum
2249 782 2447 859 etiam,
2497 796 2749 865 quoniam
2795 796 3061 849 aeriarum
3125 810 3381 864 aquarum
3426 797 3576 864 origo

2006 888 2247 955 quaedam
2278 903 2340 941 ac
2380 887 2499 942 fons
2538 898 2641 949 est,
2671 898 2945 955 tepescens
2985 888 3197 954 quidem
3248 886 3376 941 solis
3405 889 3573 955 radio,

2006 979 2259 1031 eminens
2283 992 2412 1031 vero
2432 993 2525 1046 per
2548 993 2770 1047 vapores
2799 993 2994 1046 aquam
3021 978 3348 1031 tenuiorem:
3388 994 3505 1046 qua:
3523 980 3576 1034 in

2004 1083 2294 1136 supernum
2351 1068 2522 1123 locmn
2589 1077 2834 1129 attracta,
2891 1068 3084 1121 deinde
3129 1068 3482 1134 rcirigescens
3514 1083 3577 1123 eo

2004 1158 2144 1226 quod
2174 1158 2439 1211 radiorum
2470 1172 2499 1210 a
2555 1158 2669 1212 solo
2714 1157 3031 1212 reﬂexorum
3067 1174 3383 1227 repercussu
3414 1160 3576 1214 altior

2002 1249 2188 1312 evasit,
2221 1249 2484 1306 simulque
2515 1248 2671 1302 nubis
2694 1249 2877 1301 umbra
2905 1248 3370 1317 refrigerationem
3394 1250 3571 1304 inten-

2001 1338 2178 1401 dente,
2194 1337 2368 1406 pluvia
2385 1338 2464 1401 ﬁt,
2480 1353 2542 1391 ac
2561 1349 2754 1391 terram
2778 1339 3300 1408 piuguel'acitAtque
3320 1341 3400 1394 his
3418 1355 3576 1396 nemo

1999 1443 2219 1496 prorsus
2250 1427 2407 1480 tidem
2449 1428 2786 1482 detracturus
2808 1436 2911 1491 est,
2953 1430 3040 1496 qui
3075 1431 3323 1483 admotos
3368 1428 3474 1499 igni
3500 1429 3577 1483 le-

1998 1518 2147 1573 betes
2179 1517 2633 1573 consideraverit:
2664 1518 2753 1585 qui
2782 1517 3006 1571 humore
3037 1519 3278 1586 pleni,eo
3302 1529 3411 1573 toto
3434 1520 3573 1587 quod

1998 1610 2360 1679 coquebatur,
2385 1610 2687 1677 iuvapores
2710 1608 2972 1673 resoluto,
3006 1623 3146 1676 saepe
3177 1610 3331 1663 vacui
3355 1625 3570 1675 reman-

1997 1700 2476 1767 sereaQuinetiam
2536 1701 2702 1767 ipsam
2766 1698 2931 1752 maris
2977 1714 3170 1767 aquam
3202 1716 3230 1753 a
3270 1700 3571 1769 naviganti-

1996 1796 2098 1849 bus
2141 1795 2404 1863 concoqui
2436 1795 2619 1848 videre
2652 1795 2791 1859 licet,
2828 1793 2917 1861 qui
2950 1809 3178 1862 vapores
3216 1798 3450 1865 spongiis
3476 1812 3571 1850 ex-

1926 1873 1967 1927 Β
1998 1885 2280 1954 cipientes,
2322 1884 2375 1936 in
2424 1883 2836 1938 necessitatibus
2863 1890 3133 1953 utcunque
3163 1887 3439 1954 penuriam
3471 1886 3574 1942 ele-

1994 1982 2143 2029 vant.
2180 1974 2473 2028 Pulchrum
2498 1982 2583 2029 est
2611 1984 2787 2028 autem
2819 1981 2873 2028 et
2898 1973 3005 2027 alio
3037 1977 3199 2031 modo
3230 1978 3372 2046 apud
3403 1978 3572 2032 Deum

1993 2071 2134 2135 quod
2174 2066 2567 2135 constringitet
2621 2075 2837 2122 coercet
2868 2068 3090 2134 insulas,
3128 2068 3206 2123 eis
3252 2078 3360 2122 tum
3407 2084 3572 2124 orna-

1995 2168 2128 2222 tum,
2188 2168 2298 2211 tum
2351 2159 2689 2213 securitatem
2738 2161 2899 2214 simul
2944 2177 3039 2231 per
3088 2161 3325 2231 seipsum
3371 2162 3573 2231 imper-

1995 2251 2165 2305 tiens:
2197 2249 2387 2304 deinde
2408 2252 2589 2316 etiam,
2614 2252 2754 2319 quod
2789 2262 2958 2307 terras
2975 2253 3261 2322 plurimum
3285 2268 3314 2307 a
3344 2268 3403 2307 se
3431 2254 3571 2307 invi-

1991 2358 2108 2397 cem
2140 2343 2401 2397 distantes
2433 2358 2527 2412 per
2552 2358 2609 2397 se
2641 2343 2934 2415 coujungit,
2961 2360 3023 2399 ac
3076 2345 3453 2415 navigantibus
3476 2362 3569 2401 ex-

1990 2436 2227 2503 peditum
2254 2435 2640 2490 commercium
2666 2446 2883 2504 prmstat
2905 2453 2924 2490 :
2954 2452 3048 2506 per
3074 2454 3209 2507 quos
3235 2448 3288 2493 et
3309 2439 3570 2493 historias

1990 2542 2172 2581 rerum
2208 2528 2511 2595 ignotarum
2546 2527 2790 2595 largitur,
2822 2541 2877 2583 et
2923 2530 3137 2582 divitias
3171 2530 3563 2584 mercatoribus

1990 2617 2156 2689 parit,
2188 2627 2241 2670 et
2272 2617 2430 2672 facile
2461 2618 2581 2671 vitae
2621 2619 2866 2672 medetur
2890 2620 3329 2675 necessitatibus:
3364 2620 3562 2690 quippe

1990 2713 2055 2771 iis
2085 2712 2177 2781 qui
2220 2726 2401 2765 rerum
2434 2712 2585 2780 copia
2638 2710 2879 2777 amount,
2918 2714 2967 2766 id
3008 2714 3229 2782 largitur
3274 2724 3332 2767 ut
3360 2728 3447 2767 res
3479 2728 3570 2768 su-

1987 2806 2227 2874 perﬂuas
2282 2807 2387 2861 alio
2440 2815 2727 2875 exportent
2774 2824 2788 2859 :
2844 2807 3210 2877 indigentibus
3235 2822 3383 2871 vero,
3412 2818 3470 2862 ut
3513 2809 3567 2862 id

1988 2900 2130 2967 quod
2158 2898 2257 2953 sibi
2279 2899 2425 2953 deest
2475 2908 2805 2967 comparent.
2840 2898 2945 2952 Sed
3000 2890 3144 2954 unde
3170 2900 3303 2953 mihi
3331 2900 3453 2955 licet
3484 2910 3567 2953 to-

1990 2999 2095 3044 tam
2125 2992 2287 3045 maris
2321 2990 2793 3059 pulchritudinem,
2824 3002 3023 3060 quanta
3058 2992 3363 3047 Conditoris
3404 2992 3562 3047 oculo

1984 3083 2100 3136 visa
2123 3090 2225 3146 est,
2259 3082 2444 3135 sedulo
2490 3092 2651 3150 atque
2680 3092 2931 3136 accurate
2965 3085 3311 3152 conspicere?
3360 3082 3563 3150 Quodsi

1913 3210 1954 3270 C
1988 3187 2136 3227 mare
2165 3172 2448 3240 pulchrum
2477 3186 2540 3225 ac
2562 3172 2827 3227 laudabile
2856 3180 2938 3227 est
2970 3176 3105 3242 apud
3140 3174 3328 3236 Deum,
3375 3190 3557 3228 nonne

1992 3263 2264 3333 pulchrior
2293 3272 2376 3319 est
2404 3265 2626 3334 hujusce
2675 3279 2963 3319 consessus
3005 3264 3340 3333 frequentia:
3370 3266 3420 3319 in
3460 3282 3567 3333 quo

1993 3357 2280 3426 permistus
2332 3372 2495 3411 sonus
2535 3357 2767 3410 virorum
2826 3358 3218 3425 mulierumque
3278 3367 3332 3411 et
3387 3359 3565 3411 infan-
3645 3372 3651 3384 ·

2001 3451 2158 3512 tium,
2191 3449 2337 3503 velut
2379 3448 2573 3504 ﬂuctus
2601 3450 2872 3516 cujusdam
2904 3451 2967 3503 ad
3010 3450 3157 3504 littus
3186 3450 3326 3511 illisi,
3356 3466 3451 3520 per
3472 3468 3567 3506 no-

1994 3553 2133 3596 stras
2162 3543 2227 3596 ad
2272 3541 2437 3595 Deum
2465 3544 2802 3609 precationes
2849 3542 3333 3597 emittiturHluuc
3379 3554 3559 3598 autem

1995 3642 2284 3689 conservat
2312 3633 2687 3688 inconcussum
2720 3633 2978 3703 profunda
3027 3634 3408 3702 tranquillitas,
3441 3650 3561 3690 cum

1991 3723 2337 3792 .nalignitatis
2366 3724 2588 3793 spiritus
2622 3738 2741 3777 eum
2772 3723 3042 3777 haereticis
3075 3723 3413 3793 dogmatibus
3439 3740 3563 3793 per-

1990 3821 2206 3874 turbare
2237 3834 2338 3873 non
2371 3821 2662 3888 potuerint.
2704 3820 2872 3874 Fiatis
2922 3820 3086 3890 igitur
3147 3820 3356 3874 Domini
3404 3822 3563 3877 laude

1992 3913 2153 3982 digni,
2186 3912 2520 3983 disciplinam
2574 3913 2728 3967 istam
2760 3913 3143 3968 decentissime
3183 3914 3557 3979 observantes,

1993 4003 2044 4054 in
2078 4002 2293 4056 Christo
2314 4001 2439 4057 Jesu
2469 4003 2693 4059 Domino
2750 4013 2957 4068 nostro,
3003 4004 3088 4058 cui
3119 4004 3286 4075 gloria
3314 4014 3367 4060 et
3393 4004 3561 4075 impe.

1992 4092 2131 4145 rium
2161 4093 2212 4145 iu
2250 4093 2442 4147 saecula
2478 4093 2817 4150 saeculorum.
2856 4095 3047 4148 Amen.

311 4186 487 4255 ἡμῶν,
591 4189 623 4256 ἡ
649 4186 771 4252 δόξα
800 4187 893 4239 καί
924 4186 983 4239 τὸ
1020 4188 1217 4257 κράτος
1264 4189 1341 4250 εἰς
1372 4187 1496 4250 τοὺς
1538 4187 1739 4251 αἰῶνας
1768 4187 1876 4240 τῶν
1915 4186 2145 4243 αἰώνων.
2192 4189 2385 4260 Ἀμήν.

925 4379 1166 4430 ΟΜῙΛΙΛ
1203 4378 1279 4429 E'.

653 4470 762 4541 (l3)
800 4470 937 4539 Περί
968 4469 1373 4538 ,ϐλαστήσεως
1406 4467 1537 4539 γῆς.

387 4564 436 4619 Ι.
467 4564 575 4617 Καὶ
601 4560 766 4616 εἶπεν
794 4566 825 4615 d
852 4563 1011 4626 Θεός·
1035 4560 1442 4627 Βλαστηο-άτω
1470 4562 1507 4627 ἡ
1529 4558 1599 4629 γῆ
1614 4556 1885 4625 βοτάνην

312 4657 547 4725 χόρτου,
605 4653 855 4723 σπεῖρον
909 4652 1145 4721 σπέρμα
1193 4652 1342 4705 κατὰ
1395 4650 1587 4721 γένος,
1635 4651 1732 4703 καὶ
1768 4650 1882 4719 (id)

315 4748 505 4813 ξύλον
530 4747 826 4815 κάρπιμον
865 4745 1077 4799 ποιοῦν
1113 4743 1344 4812 καρπὸν
1382 4743 1530 4799 κατὰ
1562 4742 1755 4812 γένος,
1809 4739 1880 4799 οὗ

313 4840 380 4893 τὸ
408 4840 645 4908 σπέρμα
690 4838 876 4893 αὑτοῦ
921 4839 990 4891 ἐν
1022 4836 1199 4902 αὐτῷ.
1246 4836 1580 4901 Ἀκολούθως
1632 4837 1769 4907 μετὰ
1822 4838 1883 4890 τὸ

312 4932 724 4985 ἀναπαύσασθαι
748 4931 845 5003 τὴν
864 4931 966 5001 γῆν
994 4932 1102 5001 (15)
1130 4930 1653 5000 ἀποσκευασαμένην
1685 4930 1745 4982 τὸ
1788 4929 1881 4999 βά-

314 5040 406 5092 ρος
435 5023 526 5077 τοῦ
556 5022 763 5089 ὕδατος,
784 5023 846 5075 τὸ
876 5023 1199 5095 πρόσταγμα
1233 5023 1368 5091 αὑτῇ
1417 5022 1609 5089 γέγονε
1646 5020 1880 5091 βλαστῆ-

386 5133 432 5165 ⁸⁸
454 5134 565 5189 Gen
597 5134 746 5199 t,H.

384 5225 463 5296 (8)
484 5227 626 5296 Reg.
664 5236 850 5281 sextus
877 5228 1142 5296 ποταμοῖς
1171 5221 1333 5280 οὖσα.

384 5227 441 5290 (8
500 5227 626 5296 Reg.
664 5236 850 5281 sextus
877 5228 1142 5296 ποταμοῖς
1171 5227 1333 5280 οὖσα.

384 5227 553 5380 ς9ἰ1ιίι
584 5311 711 5350 mss.
744 5312 840 5351 sex
857 5299 1102 5365 euestris
1131 5308 1322 5366 praeter
1338 5292 1577 5350 Combef.
1602 5292 1741 5347 Editi
1760 5309 1891 5345 κατ-

312 5364 645 5435 ελήφθησαν.
890 5364 893 5365 ν
1136 5364 1144 5366 ἡ

387 5436 496 5502 (lOl
537 5436 666 5503 Reg.
697 5447 877 5491 sextus
910 5437 1164 5505 σπόγγοις
1192 5433 1601 5505 ἀποδεχόμενοι.

387 5500 497 5577 (ii)
520 5500 667 5577 Multi
698 5522 824 5559 mss.
850 5508 985 5577 πρὸς
1018 5500 1107 5560 τόν
1141 5507 1294 5560 Θεόν.
1322 5500 1487 5577 Abest
1517 5502 1780 5577 articulus
1814 5500 1885 5555 ab

314 5572 494 5659 editis.
542 5575 706 5630 Paulo
754 5572 904 5645 post'
939 5577 1069 5647 Reg.
1115 5578 1333 5646 quintus
1395 5576 1685 5645 αἱρετικοῖς
1744 5572 1889 5639 λογι-

318 5660 497 5783 σμὸξί
525 5714 679 5769 Colb.
717 5719 982 5771 secundus
1019 5714 1394 5779 διασώζοντες.

389 5781 500 5850 (l3)
532 5786 692 5855 Deest
730 5788 914 5843 titulus
970 5789 1021 5842 in
1063 5788 1330 5855 aliquibus
1376 5800 1505 5840 mss.
1569 5782 1735 5839 Coisl.
1778 5781 1885 5851 pri-

318 5869 440 5908 mus
475 5854 691 5927 Ὀμιλία
721 5863 781 5911 ε’.
1158 5854 1169 5855 ί
1604 5868 1605 5871 ‘

2584 4378 2861 4434 HOMILIA
2908 4378 2968 4434 V.

2414 4470 2490 4524 De
2543 4472 2916 4539 germinatione
2964 4482 3134 4525 terrm.

2061 4562 2170 4635 40
2200 4564 2249 4617 l.
2270 4562 2335 4615 Et
2364 4563 2496 4616 dixit
2532 4562 2703 4615 Deus:
2729 4560 2989 4616 Germinet
3024 4576 3164 4618 terra
3188 4565 3395 4617 herbam
3425 4564 3555 4634 feni,

1989 4657 2249 4707 seminans
2284 4670 2453 4707 semen
2475 4654 2635 4721 juxta
2661 4670 2839 4723 genus,
2867 4663 2915 4707 et
2964 4655 3162 4723 lignum
3200 4654 3556 4723 fractiferum,

1991 4746 2190 4814 faciens
2233 4744 2457 4812 fructum
2477 4753 2633 4813 juxta
2673 4761 2850 4814 genus,
2878 4746 3027 4810 cuius
3074 4761 3242 4799 semen
3266 4747 3320 4799 in
3349 4749 3458 4813 ipso
3491 4747 3557 4802 “.

1989 4834 2141 4888 Haud
2172 4835 2346 4902 inepte
2368 4847 2713 4904 posteaquam
2748 4844 2911 4898 terra,
2948 4836 3190 4904 deposito
3232 4850 3384 4906 aquae
3428 4851 3559 4906 pon-

1988 4926 2134 4990 dere,
2191 4928 2554 4995 interquievit,
2597 4927 2748 4994 jussa
2783 4938 2865 4980 est
2893 4927 3063 4993 primo
3090 4928 3335 4993 herbam,
3365 4930 3560 4984 deinde

1988 5017 2188 5086 lignum
2227 5019 2569 5084 germinare;
2599 5019 2739 5086 quod
2778 5018 2948 5088 ipsum
2974 5033 3104 5073 sane
3124 5021 3413 5074 etiamnum
3445 5022 3561 5075 ﬁeri

2072 5218 2183 5289 (M)
2223 5216 2298 5271 Ita
2325 5218 2488 5272 editio
2513 5217 2675 5271 Basil.
2707 5230 2759 5272 et
2788 5219 3012 5288 Vulgata
3048 5236 3167 5273 cum
3211 5220 3419 5289 nostris,
3438 5230 3558 5273 octo

1999 5288 2158 5352 ωδε..
2196 5290 2388 5355 quibus
2447 5290 2765 5357 adjungendi
2828 5298 2950 5342 sunt
3007 5288 3246 5344 Comhef.
3297 5301 3349 5341 et
3405 5288 3555 5341 Bodl.

1996 5358 2132 5412 Etlili
2166 5375 2287 5413 cum
2319 5358 2457 5411 LXX
2489 5360 2628 5412 κατά
2650 5359 2803 5426 γένος
2834 5362 2924 5411 καὶ
2964 5361 3081 5413 καθ’
3113 5358 3423 5428 ὁμοιότητα.
3453 5359 3555 5411 Sed

1997 5430 2048 5481 in
2081 5431 2428 5499 sequentibus
2458 5430 2570 5493 illa,
2606 5431 2699 5481 καὶ
2721 5429 2842 5482 καθ’
2870 5430 3185 5500 ὁμοιότητα,
3217 5431 3561 5497 reperiuntur

1994 5509 2047 5553 et
2078 5500 2127 5553 iu
2152 5501 2310 5552 editis
2331 5509 2383 5552 ct
2414 5500 2464 5551 in
2492 5515 2620 5552 mss.

2062 5569 2176 5640 (-15)
2205 5570 2354 5635 Regii
2392 5571 2612 5636 quintus
2649 5577 2703 5621 et
2755 5578 2939 5640 sextus
2984 5579 3037 5622 et
3070 5567 3229 5640 Colb.
3285 5566 3557 5640 secundus

1989 5636 2109 5693 cum
2140 5636 2301 5692 Coisl.
2329 5640 2563 5692 secundo
2607 5640 2741 5708 μετὰ
2778 5638 2838 5689 τὸ
2870 5636 3284 5690 ἀναπαύσασθαι
3309 5636 3406 5707 τὴν
3433 5636 3555 5708 γῆν.

1992 5711 2128 5763 Edili
2158 5724 2280 5761 cmn
2314 5709 2432 5763 aliis
2457 5706 2689 5775 quatuor
2717 5725 2844 5760 mss.
2896 5724 2998 5762 non
3037 5708 3190 5761 malae
3234 5706 3375 5761 notae
3425 5706 3559 5760 ἀνα-

1990 5779 2241 5835 πνεῦσαι.
2279 5776 2482 5833 Sensus
2510 5781 2696 5834 eodem
2732 5780 2888 5832 redit.
