4082 6398
515 395 584 450 95
1872 382 1928 441 s.
1972 383 2220 438 BAStLll
2262 379 2480 436 MAch
2989 448 2996 449 ί
3715 379 3786 433 ac

516 510 782 563 videmus.
817 502 928 557 Vox
983 501 1125 556 enim
1160 499 1246 553 illa
1289 509 1415 553 tunc
1477 497 1700 561 omissa,
1748 513 1812 551 ac
1865 496 2098 566 primum

2217 512 2294 546 ται
2318 492 2532 564 πρῶτον
2558 491 2809 562 βοτάνην,
2848 490 3035 543 ἔπειτα
3063 487 3218 556 ξύλον
3238 506 3251 520 ο
3283 490 3418 562 ὅπερ
3451 490 3532 543 ἔτι
3560 493 3655 546 καὶ
3693 493 3790 546 νῦν

517 600 647 655 illud
689 607 1036 668 praeceptum,
1070 593 1213 648 velut
1250 593 1332 645 lex
1363 594 1607 660 quatdam
1650 599 1854 644 natura:
1908 589 2099 650 evasit,

519 692 837 757 inlusitque
863 701 1038 753 terrae,
1069 701 1133 740 ac
1163 687 1211 740 ei
1246 684 1558 755 generandi,
1583 683 1898 750 fructusque
1930 683 1980 732 in
2012 697 2104 750 po—

522 796 726 840 stcrum
751 782 955 836 ferendi
990 781 1094 835 vim
1124 779 1370 833 contulit.
1392 777 1652 830 Germinet
1684 784 1843 829 terra.
1865 773 2102 827 Primum

527 875 779 944 quiddam
813 883 896 928 est
950 872 1003 925 in
1039 871 1300 942 graminis
1363 867 1711 938 generatione
1747 865 2101 936 germinatio:

521 969 732 1032 deinde,
762 981 881 1020 cum
918 963 1306 1034 prominuerint
1330 959 1601 1029 paululum
1636 959 1902 1028 germina,
1933 956 2102 1009 herba

523 1064 622 1115 lit:
662 1071 782 1130 post
818 1068 972 1126 capto
1018 1058 1389 1120 incremento,
1443 1053 1622 1107 fenum
1668 1063 1750 1106 est
1799 1062 1931 1116 tum,
1983 1065 2104 1102 cum

521 1152 776 1223 paulatim
816 1149 1060 1220 gramina
1093 1148 1205 1201 suis
1235 1146 1347 1213 jam
1383 1144 1627 1198 articulis
1674 1143 2105 1212 distinguuntur,

521 1255 574 1298 et
606 1245 671 1298 ad
701 1241 923 1296 seminis
969 1255 1137 1309 usque
1183 1237 1568 1308 perfectionem
1611 1235 1950 1304 perveniunt.
1976 1231 2109 1284 lier-

523 1339 748 1392 bescunt
774 1334 917 1388 enim
949 1333 1061 1402 pari
1099 1347 1321 1401 prorsus
1356 1332 1564 1386 ratione
1593 1344 1657 1382 ac
1689 1329 1965 1382 virescunt
1993 1342 2108 1380 om-

526 1431 632 1482 nia.
655 1425 935 1480 .Germinet
969 1435 1109 1477 terra
1149 1424 1362 1477 herbam
1401 1423 1528 1491 feni.
1558 1419 1726 1473 Terra
1756 1433 1851 1485 per
1877 1417 2106 1486 seipsam

527 1519 763 1591 proferat
791 1517 1265 1588 germinationem,
1311 1515 1452 1570 nullo
1481 1514 1684 1569 auxilio
1718 1511 1934 1566 aliunde
1968 1512 2108 1565 indi-

526 1622 679 1678 gens.
703 1606 968 1672 Quoniam
1003 1604 1340 1657 arbitrantur
1364 1601 1606 1656 nonnulli
1640 1599 1830 1663 solem,
1865 1600 1990 1651 dum
2017 1613 2111 1666 per

527 1696 722 1751 caloris
755 1693 1131 1748 attractionem
1169 1693 1276 1744 vim
1310 1706 1374 1745 ex
1403 1691 1526 1744 imis
1545 1689 1786 1760 partibus
1811 1688 1876 1740 ad
1919 1701 2110 1755 super-

530 1787 703 1839 ticiem
738 1783 923 1844 trahit,
945 1795 1130 1835 eorum
1162 1794 1280 1848 qua:
1319 1795 1383 1834 ex
1415 1790 1553 1833 terra
1589 1778 1958 1847 producuntur
1979 1791 2108 1830 cau-

2203 587 2418 657 ὁρῶμεν
2451 585 2752 654 γινόμενον.
2786 585 2845 634 'H
2876 585 2984 655 γὰρ
3010 583 3130 636 τότε
3159 583 3336 653 φωνὴ,
3372 586 3466 636 καὶ
3493 583 3553 638 τὸ
3573 586 3793 656 πρῶτον

2205 681 2380 732 ἐκεῖνο
2418 678 2772 749 πρόσταγμα,
2804 670 2916 730 οἷον
2961 677 3124 746 νόμος
3179 693 3263 738 τις
3299 671 3515 744 ἐγένετο
3550 677 3790 747 φύσεως,

2213 773 2308 824 καὶ
2338 769 2663 838 ἐναπέμεινε
2692 771 2757 839 τῇ
2786 771 2878 839 γῇ,
2906 767 3004 839 τὴν
3034 768 3127 820 τοῦ
3155 769 3350 838 γεννᾷν
3374 768 3511 838 αὐτῇ
3545 769 3654 839 (16)
3699 773 3797 824 καὶ

2207 863 2576 932 καρποφορεῖν
2602 859 2828 929 δύναμιν
2863 861 2942 921 εἰς
2972 858 3034 910 τὸ
3063 859 3189 928 έξῆς
3218 860 3610 929 παρεχόμενος.
3639 863 3798 914 Βλα-

2207 951 2490 1019 στησιὶτω
2523 951 2559 1017 ι)
2602 951 2700 1020 γῆ.
2752 950 2976 1021 Πρῶτόν
3025 951 3169 1003 ἐστιν
3217 951 3274 1004 ὲν
3322 954 3390 1021 τῇ
3444 951 3655 1020 γενέσει
3685 953 3796 1005 τῶν

2209 1044 2492 1115 φυομένων
2515 1046 2548 1113 ἡ
2580 1042 2901 1112 βλάστησις’
2933 1043 3142 1105 ἔπειτα,
3172 1044 3298 1096 ὅταν
3322 1043 3578 1115 προκύψῃ
3601 1045 3800 1115 μικρὸν

2208 1139 2276 1192 τὰ
2308 1138 2686 1207 βλαστήματα,
2737 1135 2931 1206 βοτάνη
2974 1135 3218 1202 γίνεται·
3249 1131 3346 1187 εἴτ’
3376 1136 3596 1188 ἐπειδὰν
3624 1135 3799 1206 αὐξη-

2210 1231 2298 1301 θῇ,
2328 1231 2518 1300 χόρτος
2572 1230 2710 1292 ἐστὶ,
2757 1228 2897 1281 κατὰ
2955 1228 3149 1298 μικρὸν
3189 1227 3631 1297 διαρθρουμένων
3685 1227 3799 1278 τῶν

2212 1321 2521 1391 φυομένων,
2559 1320 2653 1372 καὶ
2691 1320 2852 1390 μέχρι
2880 1322 2976 1389 τῆς
3009 1320 3101 1371 ἐπὶ
3132 1319 3193 1371 τὸ
3220 1320 3442 1391 σπέρμα
3465 1316 3800 1380 τελειώσεως

2212 1414 2536 1485 προϊόντων.
2565 1412 2637 1465 Τὸ
2662 1412 2770 1482 γὰρ
2800 1410 3021 1482 χλοερὸν
3053 1412 3145 1464 καὶ
3178 1410 3379 1472 ποάζον
3417 1409 3800 1480 παραπλήσιόν

2211 1507 2356 1560 ἐστιν
2404 1506 2682 1560 ἁπάντων.
2719 1503 3133 1571 Βλαστησάτω
3177 1506 3214 1571 ἡ
3254 1502 3327 1574 γῆ
3363 1503 3637 1571 βοτάνην
3661 1505 3802 1572 χόρ-

2212 1617 2339 1652 του.
2401 1597 2539 1651 Καθ’
2591 1596 2850 1667 ἑαυτὴνὴ
2893 1596 2966 1667 γῆ
3002 1595 3448 1668 προφερέτωπιὴν
3481 1595 3798 1666 βλάστησιν,

2212 1692 2470 1762 οὐδεμιᾶς
2493 1690 2816 1761 συνεργείας
2848 1689 2958 1759 (17)
2991 1688 3253 1758 ἑτέρωθεν
3289 1688 3539 1759 δεομένη.
3578 1689 3798 1759 Ἐπειδὴ

2214 1803 2356 1848 τινες
2383 1785 2584 1838 οἴονται
2614 1784 2703 1836 τὸν
2732 1783 2882 1852 ἥλιον
2917 1781 3088 1834 αἴτιον
3112 1776 3248 1833 εἶναι
3283 1780 3390 1833 τῶν
3425 1780 3531 1834 ἀπὸ
3564 1783 3660 1850 τῆς
3694 1781 3801 1850 γῆς

527 1892 644 1933 sam
679 1889 798 1929 esse
831 1891 844 1925 :
879 1874 998 1926 ideo
1027 1874 1236 1926 telluris
1274 1881 1500 1926 ornatus
1533 1872 1645 1924 sole
1687 1880 1770 1923 est
1798 1869 2111 1938 antiquior;

2219 1880 2526 1948 φυομένων,
2561 1880 2626 1948 τῇ
2666 1876 2798 1946 ὁλκῇ
2836 1874 2928 1928 τοῦ
2957 1872 3159 1946 θερμοῦ
3187 1873 3320 1945 πρὸς
3343 1872 3441 1944 τὴν
3474 1874 3800 1942 ἐπιφάνειαν

529 1981 589 2024 ut
619 1969 651 2022 ii
677 1969 766 2038 qui
795 1981 979 2021 errore
1032 1967 1240 2033 decepti
1283 1963 1619 2026 sunt,SoIem
1646 1971 1900 2031 tanquam
1933 1976 2111 2014 rerum

533 2063 598 2115 ad
625 2063 788 2113 vitam
831 2058 1207 2128 pertinentium
1239 2065 1517 2110 auctorem
1547 2054 1802 2108 desinant
1858 2054 2110 2123 adorare.

533 2154 736 2223 itaque,
757 2152 800 2206 si
834 2166 1146 2222 persuasum
1173 2150 1302 2218 ipsis
1327 2150 1509 2213 fuerit,
1529 2162 1742 2202 omnem
1769 2155 1966 2200 terram
1988 2155 2114 2199 ante

535 2248 703 2314 ipsius
734 2242 864 2297 solis
896 2252 1144 2296 exortum
1200 2239 1367 2294 fuisse
1393 2239 1683 2300 excultum,
1736 2237 1898 2291 etiam
1924 2238 2114 2290 immo-

535 2338 712 2391 dicam
738 2336 802 2388 de
832 2337 949 2403 ipso
987 2341 1303 2402 conceptam
1355 2331 1769 2386 admirationem
1805 2330 2111 2392 remittent,

533 2427 659 2481 dum
679 2426 852 2479 veniet
878 2426 956 2480 eis
986 2430 1036 2478 in
1067 2433 1326 2490 mentem,
1350 2433 1528 2478 ortum
1562 2421 1708 2476 illius
1733 2421 1856 2476 l‘eno
1876 2429 1930 2475 et
1951 2421 2116 2475 herba

529 2534 655 2574 esse
684 2515 1210 2588 posteriorem.Num
1239 2517 1403 2585 igitur
1432 2515 1719 2584 pecoribus
1743 2514 1958 2582 quidem
1982 2527 2117 2582 prae-

536 2617 756 2677 paratus
793 2616 874 2661 est
893 2615 1098 2676 pastus,
1141 2615 1384 2660 nostrum
1421 2620 1551 2660 vero
1592 2604 1904 2658 alimentum
1937 2603 2117 2672 provi-

535 2699 715 2754 dentia
737 2699 878 2752 nulla
911 2699 1082 2752 visum
1103 2709 1186 2752 est
1203 2698 1458 2768 dignum?
1484 2695 1596 2752 lmo
1621 2697 1712 2767 qui
1739 2697 1910 2750 bobus
1935 2695 2116 2763 equis-

533 2807 642 2861 que
688 2791 1010 2861 prazparavit
1054 2791 1380 2859 pastionem,
1408 2791 1504 2845 tibi
1545 2792 1778 2844 maxime
1807 2789 2022 2843 divitias
2051 2803 2118 2843 ac

537 2883 820 2938 commoda
872 2893 1048 2952 parat.
1089 2881 1221 2936 Nam
1273 2897 1468 2951 pecora
1499 2892 1584 2935 tua
1625 2883 1716 2952 qui
1776 2883 1970 2952 pascit,
2017 2883 2112 2938 tibi

537 2974 920 3044 supellectilem
949 2976 1073 3029 vitae
1100 2977 1353 3044 adauget.
1406 2974 1606 3029 Deinde
1641 2975 1906 3030 seminum
1963 2985 2114 3030 ortus

539 3068 666 3137 quid
701 3066 843 3122 aliud
877 3077 979 3132 est,
1017 3069 1117 3122 nisi
1169 3069 1293 3122 vita:
1349 3076 1452 3122 tua:
1501 3069 1841 3136 apparatus?
1895 3068 2118 3122 Accedit

541 3161 683 3229 quod
711 3161 860 3229 plura
885 3176 1070 3216 eorum
1127 3175 1246 3230 qua:
1285 3161 1461 3215 adhuc
1485 3160 1666 3215 lter-bat
1712 3169 1767 3214 et
1794 3160 1939 3214 olera
1967 3167 2111 3222 sunt,

543 3255 819 3308 limninum
853 3264 1067 3307 exstant
1090 3253 1426 3308 alimentum.

2213 1968 2310 2039 τὴν
2341 1973 2404 2022 ὲκ
2432 1966 2524 2020 τοῦ
2567 1967 2763 2037 βάθους
2804 1967 3032 2037 δύναμιν
3070 1964 3476 2035 ἐπισπώμενον
3511 1965 3596 2018 διὰ
3639 1964 3803 2018 τοῦτο

2215 2059 2564 2130 πρεσϐυτέρα
2590 2058 2684 2111 τοῦ
2714 2059 2865 2128 ἡλίου
2914 2061 2947 2129 ἡ
2993 2059 3120 2129 περὶ
3144 2057 3248 2127 γῆν
3271 2057 3626 2130 διακόσμησις
3646 2075 3658 2088 ο
3708 2059 3802 2112 ἵνα.

2216 2152 2309 2206 καὶ
2344 2151 2438 2204 τοῦ
2463 2155 2786 2222 προσκυνεῖν
2822 2151 2912 2204 τὸν
2960 2150 3132 2223 ἥλιον,
3163 2151 3238 2214 ὡς
3279 2151 3441 2204 αὑτὸν
3478 2153 3577 2222 τὴν
3619 2152 3804 2205 αἰτίαν

2213 2245 2314 2314 τῆς
2349 2243 2494 2314 ζωῆς
2528 2243 2929 2314 παρεχόμενον,
2954 2246 3002 2296 οἱ
3031 2243 3432 2314 πεπλανημένοι
3465 2244 3800 2298 παύσωνται.

2229 2337 2353 2390 Ἐὰν
2388 2336 2496 2407 ἄρα
2545 2336 2862 2399 πεισθῶσιν,
2914 2336 2996 2388 ὅτι
3028 2336 3133 2408 πρὸ
3159 2337 3256 2406 τῆς
3282 2335 3490 2388 ἐκείνου
3533 2337 3802 2405 γενέσεως

2215 2429 2284 2482 τὰ
2316 2431 2444 2501 περὶ
2477 2429 2574 2499 τὴν
2620 2429 2723 2499 γῆν
2765 2429 2939 2482 πάντα
2967 2428 3078 2498 (18)
3125 2429 3540 2499 διακεκόσμητο,
3583 2427 3803 2482 καὶτοῦ

2218 2519 2459 2590 ἀμέτρου
2510 2519 2637 2590 περὶ
2672 2519 2832 2571 αὐτὸν
2877 2517 3151 2589 θαύματος
3191 2518 3529 2586 καθυφῶσιν,
3563 2518 3804 2590 ἐνθυμη-

2217 2610 2421 2672 θέντες,
2452 2610 2533 2662 ὅτι
2586 2610 2781 2680 χόρτου
2820 2611 2914 2663 καὶ
2946 2609 3173 2680 βοτάνης
3215 2610 3475 2682 νεώτερός
3506 2612 3620 2663 ἐστι
3663 2610 3804 2663 κατὰ

2220 2705 2320 2776 τὴν
2345 2700 2742 2774 γένεσιν.⁷Αρα
2784 2698 2876 2757 οὖν
2914 2706 3026 2766 τοῖς
3072 2704 3170 2774 μὲν
3197 2702 3533 2774 βοσκήμασιν
3567 2705 3598 2773 ή
3629 2702 3803 2774 τροφὴ

2217 2796 2583 2866 προαπετέθη,
2607 2795 2667 2848 τὸ
2688 2793 2744 2848 δὲ
2773 2795 3039 2868 ἡμέτερον
3067 2795 3325 2865 οὐδεμιᾶς
3342 2795 3516 2864 ἐφάνη
3547 2795 3803 2866 προνοίας

2217 2889 2385 2953 ἄξιονς
2405 2889 2562 2941 Ἀλλὰ
2592 2888 2825 2958 μάλιστα
2854 2888 2952 2959 μὲν
2988 2891 3016 2941 6
3041 2887 3190 2958 βουσὶ
3214 2889 3306 2942 καὶ
3333 2888 3517 2949 ἵπποις
3539 2887 3629 2938 τὸν
3656 2886 3804 2957 χιλὸν

2217 2981 2685 3052 προαποθέμενος,
2718 2982 2801 3034 σοὶ
2843 2981 2932 3034 τὸν
2964 2981 3194 3034 πλοῦτον
3237 2980 3330 3034 καὶ
3366 2981 3467 3052 τὴν
3505 2979 3804 3032 ἀπόλαυσιν

2220 3070 2659 3142 παρασκευάζει·
2697 3074 2724 3124 6
2754 3071 2863 3142 γὰρ
2896 3071 2964 3124 τὰ
2990 3073 3194 3142 κτήνεά
3240 3089 3332 3126 σου
3369 3073 3672 3144 διατρέφων
3692 3074 3793 3144 τὴν

2222 3163 2320 3234 σὴν
2348 3163 2462 3232 (19)
2496 3162 2746 3226 συναύξει
2781 3163 2876 3216 τοῦ
2931 3163 3045 3232 βίου
3102 3165 3482 3236 κατασκευήν’
3534 3163 3722 3217 ἔπειτα
3765 3165 3801 3234 ἡ

2143 3231 2184 3290 C
2216 3231 2324 3309 των
2357 3231 2695 3326 σπερμάτων
2725 3231 2940 3322 γένεσις
2975 3255 3026 3308 τί
3061 3255 3188 3310 ἄλλο
3233 3257 3370 3319 ἐστὶ,
3402 3231 3504 3309 καὶ
3551 3256 3672 3326 οὐχὶ
3703 3231 3802 3325 τῆς

542 3350 642 3418 σῆς
676 3349 951 3419 διαγωγῆς
1000 3351 1349 3421 παρασκευή;
1399 3349 1536 3420 πρὸς
1581 3348 1658 3420 τῷ
1701 3349 1870 3404 πολλὰ
1906 3349 2013 3402 τῶν
2053 3350 2111 3403 έν
2151 3349 2310 3413 πόαις
2375 3350 2455 3404 ἔτι
2521 3352 2614 3404 καὶ
2641 3351 2894 3424 λαχάνοις
2924 3355 3092 3408 ὄντων
3127 3355 3332 3426 τροφὴν
3360 3355 3661 3427 ἀνθρώπων
3681 3355 3797 3427 (20)

542 3441 832 3513 ὑπάρχειν.

611 3531 665 3584 2.
691 3527 952 3584 (.‘erminet
989 3539 1128 3584 terra
1161 3530 1372 3585 herbam
1398 3532 1542 3602 feni,
1577 3536 1848 3588 seminans
1901 3549 2070 3588 semen
2091 3573 2105 3598 ,

544 3621 740 3691 inquit,
770 3621 1054 3675 secundum
1103 3638 1284 3691 genus.
1337 3622 1655 3691 Quanquam
1695 3623 1857 3692 igitur
1889 3623 2109 3692 aliquod

544 3713 724 3766 herbae
757 3726 925 3780 genus
965 3711 1331 3766 animantibus
1379 3712 1600 3781 reliquis
1634 3713 1853 3781 prodest
1877 3753 1892 3778 ,
1931 3721 2109 3765 tamen

543 3805 754 3860 illorum
797 3805 1000 3859 utilitas
1037 3807 1103 3859 ad
1132 3820 1232 3860 nos
1267 3805 1580 3873 revertitur,
1639 3807 1904 3875 nobisque
1946 3804 2112 3860 semi-

547 3913 672 3951 nmn
706 3899 1011 3967 assignatus
1049 3905 1132 3950 est
1177 3911 1336 3958 usus;
1379 3896 1514 3951 adeo
1569 3906 1626 3950 ut
1677 3897 1796 3950 talis
1829 3896 1899 3950 sit
1928 3911 2112 3949 eorum

545 4003 667 4056 qua:
687 3987 830 4042 dicta
856 3996 1004 4050 sunt,
1033 4002 1224 4041 sensus
1250 4005 1263 4042 ;
1293 3987 1558 4041 Germinet
1583 3998 1724 4041 terra
1753 3987 1963 4040 herbam
1986 3987 2118 4057 feni,

547 4090 594 4132 et
629 4095 799 4134 semen
845 4079 1199 4146 sentiat/ica":
1239 4079 1523 4133 secundum
1553 4096 1734 4148 genus.
1762 4077 1894 4133 Nam
1941 4080 2013 4134 ita
2065 4088 2120 4134 et

549 4175 835 4229 verborum
867 4175 1002 4229 ordo
1025 4191 1090 4230 ac
1129 4175 1297 4229 series
1325 4176 1531 4229 restitui
1562 4176 1758 4245 poterit
1783 4175 1948 4247 (nunc
1977 4177 2117 4230 enim

548 4266 883 4319 constructio
936 4265 1116 4334 inepta
1144 4278 1208 4318 ac
1261 4263 1626 4334 incongruens
1667 4280 1788 4320 esse
1835 4265 2119 4334 videtur),

2283 3529 2340 3582 2.
2382 3528 2796 3596 Βλαστηονάτω
2821 3529 2858 3596 ἡ
2891 3530 2963 3599 γῆ
2990 3529 3265 3598 βοτάνην
3281 3531 3522 3600 χόρτου,
3551 3531 3804 3599 σπεῖρον

2212 3621 2472 3690 σπέρμα,
2533 3622 2685 3693 φησὶ,
2739 3625 2891 3676 κατὰ
2948 3623 3141 3693 γένος.
3187 3625 3370 3687 Ὥστε,
3416 3625 3517 3678 κᾶν
3555 3643 3608 3678 τι
3646 3625 3801 3693 γένος

2218 3714 2448 3784 βοτάνης
2481 3714 2686 3784 ἑτέροις
2724 3713 2976 3786 διαφέρῃ,
3021 3715 3288 3769 κάκείνων
3328 3717 3388 3768 τὸ
3435 3715 3625 3786 κέρδος
3665 3714 3801 3786 πρὸς

2222 3806 2367 3876 ἡμᾶς
2401 3804 2781 3875 ἐπανέρχεται,
2817 3805 2910 3858 καὶ
2949 3809 3079 3876 ἡμῖν
3111 3809 3142 3877 ἡ
3181 3807 3376 3878 χρῆσις
3417 3807 3522 3860 τῶν
3553 3808 3803 3878 σπερμά-

2219 3915 2326 3950 των
2352 3895 2659 3967 ἀφώρισται
2676 3915 2688 3925 ο
2721 3895 2859 3949 ὥστε
2890 3895 3026 3951 εἶναι
3053 3899 3163 3970 (21)
3188 3899 3278 3953 τὸν
3302 3898 3424 3954 νοῦν
3446 3899 3553 3953 τῶν
3579 3899 3803 3971 εἰρημέ-

2223 4007 2328 4043 νων
2361 3989 2600 4041 τοιοῦτον
2619 4005 2632 4018 ⁸
2661 3989 3068 4055 Βλαστησάτω
3101 3993 3139 4060 ἠ
3163 3991 3238 4061 γῆ
3260 3993 3533 4061 βοτάνην
3560 3997 3795 4062 χόρτου,

2227 4081 2322 4133 καὶ
2356 4079 2594 4148 σπέρμα
2617 4080 2869 4148 σπεζοον
2906 4083 3055 4136 κατὰ
3079 4082 3272 4154 γένος.
3309 4085 3463 4138 Οὕτω
3494 4086 3602 4157 γὰρ
3627 4085 3800 4140 καὶτὸ

2225 4173 2324 4242 τῆς
2381 4172 2579 4238 λέξεως
2634 4174 2925 4227 ἀκόλουθον
2985 4177 3431 4247 ἀποκαταστῆναι
3489 4179 3796 4250 δυνήσεται,

2228 4264 2612 4336 ἀκαταλλήλως
2645 4265 2740 4318 νῦν
2769 4269 2866 4337 τῆς
2894 4268 3197 4334 συντάξεως
3225 4270 3365 4340 ἔχειν
3389 4270 3668 4342 δοκούσης,
3703 4273 3797 4324 καὶ

625 4483 1129 4562 (l6)_Anglici__mss.
1155 4486 1248 4538 τοῦ
1274 4487 1478 4562 γεννᾷν
1501 4485 1689 4562 αὐτῆς.
1727 4485 1952 4540 Plurimi
1987 4501 2119 4541 mss.
2156 4491 2199 4546 D
2230 4487 2375 4562 nisse
2401 4489 2540 4562 quod
2571 4487 2702 4562 alias
2759 4504 2920 4558 saepe,
2948 4500 3020 4562 ut
3068 4492 3385 4561 typographi
3438 4493 3538 4544 rati
3589 4493 3794 4562 aliquot

551 4555 713 4628 αὐτῇ,
746 4557 910 4628 bene.
930 4555 1032 4608 Alii
1065 4559 1168 4611 duo
1201 4574 1328 4610 mss.
1359 4555 1528 4627 αὐτὴν
1557 4555 1670 4609 καί.

627 4626 738 4694 (17)
776 4626 915 4678 Editi
971 4641 1091 4680 cum
1151 4628 1388 4697 quinque
1438 4626 1566 4684 mss.
1615 4627 1955 4697 συνεργείας.
1992 4628 2120 4696 Reg.

555 4698 776 4767 quintus
809 4697 1232 4768 antiquissimus
1274 4715 1403 4768 eum
1451 4697 1583 4764 Reg.
1648 4709 1800 4751 sexto
1849 4714 2116 4768 συνεργαο

557 4765 700 4830 σίας,
734 4765 939 4819 cultura
992 4766 1136 4820 nulla
1192 4767 1446 4835 indigens.
1509 4768 1660 4820 l-laud
1724 4765 2120 4822 contemnenda

557 4839 740 4908 lectio.
772 4836 910 4908 Reg.
936 4847 1160 4891 octavus
1182 4838 1482 4908 ἐνεργείας.

623 4907 734 4976 (18)
770 4907 859 4978 lta_
901 4908 1051 4978 multi
1103 4924 1234 4962 mss.
1278 4907 1424 4978 Editi
1467 4908 1562 4978 τὰν
1591 4908 1719 4978 περὶ
1747 4908 1850 4978 γῆν
1883 4908 2117 4962 ἅπαντα.

553 4975 755 5048 ibidem
822 4975 971 5030 Colb.
1019 4978 1290 5048 secundus
1355 4975 1768 5048 διεκεκόσμητο.
1805 4975 1945 5032 Editi
1995 4994 2119 5032 cum

557 5046 825 5120 aliquibus
858 5061 985 5120 mss.
1019 5046 1195 5102 Ionico
1223 5063 1370 5103 more
1395 5046 1814 5120 διακεκόσμητο.
1844 5048 1977 5120 Reg.
2011 5060 2120 5102 ter;

556 5118 659 5171 tius
683 5116 1132 5186 διακεκόσμηται.

629 5187 738 5257 (19)
766 5187 942 5262 l'Jditio
974 5186 1147 5262 Paris.
1191 5189 1220 5240 6
1267 5187 1375 5262 γάρ
1411 5188 1480 5242 τά
1517 5189 1844 5262 κτήνεάἠσου
1910 5187 2124 5259 διατρέ-

557 5254 694 5328 φων,
721 5254 824 5327 ’τὴν
857 5258 974 5327 σήν.
1003 5254 1214 5328 Optime
1239 5254 1450 5326 quidem
1480 5277 1495 5312 :
1527 5254 1620 5314 sed
1651 5260 1823 5313 nullus
1852 5273 1953 5312 ms.
1985 5254 2123 5314 hanc

560 5340 737 5384 tuetur
771 5327 1299 5399 scripturam._Regii
1343 5331 1566 5399 primus,
1617 5331 1830 5394 tertius,
1902 5330 2123 5397 quintus

561 5411 615 5453 et
653 5407 1009 5471 sextus,cunt
1039 5397 1186 5471 Colb.
1222 5397 1456 5471 secundo
1486 5403 1513 5453 6
1535 5399 1642 5471 γὰρ
1665 5399 1730 5453 τὰ
1756 5399 2012 5470 κτήματά
2030 5417 2123 5452 σου

558 5469 993 5539 παρασκευάζων
1037 5469 1130 5520 καὶ
1153 5467 1486 5539 διατρέφων,
1525 5467 1629 5524 etc.
1658 5471 1822 5524 Coisl.
1846 5467 2125 5524 'Secundns

557 5539 627 5593 τὰ
680 5539 938 5609 κτίματα,
989 5540 1261 5611 mendose,
1325 5555 1419 5608 pro
1480 5542 1753 5611 κτήματα.
1792 5541 1845 5594 In
1903 5541 2125 5609 reliquis

560 5624 689 5664 vero
706 5611 973 5664 consentit
1003 5624 1122 5662 cum
1156 5609 1423 5678 prioribus
1471 5609 1770 5665 codicibus.
1802 5611 1938 5678 Reg.
1971 5620 2125 5665 octa-

559 5693 660 5750 vus
691 5681 719 5730 6
752 5681 858 5749 γάρ
881 5679 947 5732 τὰ
973 5679 1224 5750 κτήματά
1248 5696 1337 5732 σου
1359 5679 1536 5744 αὔξων
1566 5682 1655 5734 καὶ
1682 5681 2001 5750 διατρέφων,
2018 5690 2122 5734 etc.

563 5745 641 5800 Ex
673 5745 864 5815 quibus
909 5745 1223 5817 intelligitur
1264 5751 1316 5804 in
1372 5753 1650 5806 codicibus
1709 5745 1959 5804 omnibus
2023 5751 2124 5817 legi

561 5818 835 5888 κτήματα,
865 5837 968 5877 non
1003 5821 1219 5891 κτήνεα..
1261 5819 1392 5878 Hinc
1415 5823 1646 5894 su5picio
1668 5823 1860 5888 oritur,
1891 5821 1977 5877 hic
2001 5835 2125 5874 eve-

2232 4560 2421 4611 vitinm
2457 4561 2653 4622 inesse,
2684 4559 3020 4615 innnutarint
3067 4559 3141 4616 de
3167 4559 3262 4615 suo
3313 4563 3582 4625 nonnihil,
3615 4559 3794 4618 et'vo-

2233 4642 2547 4699 cemnnam
2603 4630 2654 4682 in
2712 4630 2933 4683 alterius
2983 4631 3154 4686 locum
3218 4631 3545 4685 snll‘ecerint.
3609 4635 3787 4699 Quare

2223 4713 2328 4751 non
2358 4698 2513 4772 longe
2543 4699 2728 4772 absum
2771 4713 2827 4754 ut
2859 4702 3076 4755 credam
3107 4703 3360 4772 κτήματα
3383 4703 3486 4769 legi
3521 4698 3794 4770 oportere,

2224 4784 2328 4821 non
2355 4771 2574 4837 κτήνεα.
2629 4767 2813 4839 quue
2871 4773 3042 4838 magis
3078 4767 3370 4827 confirmor
3417 4767 3469 4826 in
3501 4767 3794 4838 sententia,

2223 4839 2364 4912 quod
2404 4839 2590 4912 κτῆμα
2634 4839 2884 4908 generale
2943 4857 3134 4895 nomen
3193 4844 3282 4907 sit,
3312 4859 3416 4912 quo
3452 4843 3789 4911 signiﬁcatur

2224 4909 2483 4982 quidquid
2512 4927 2540 4982 a
2576 4912 2828 4982 quopiam
2859 4912 3184 4980 possidetur,
3213 4922 3267 4965 et
3298 4909 3438 4977 quod
3471 4909 3527 4965 ni
3561 4915 3789 4982 reliqua,

2225 4979 2296 5031 ita
2339 4979 2405 5030 τὰ
2436 4981 2640 5049 κτήνεα
2672 4981 2782 5048 ipsa
2805 4979 3251 5049 coitipreliettdat.
3304 4983 3372 5038 Ut
3405 4993 3460 5036 ut
3501 4982 3612 5038 htec
3643 4979 3787 5046 sunt,

2226 5049 2360 5124 nillil
2395 5049 2446 5101 itt
2480 5052 2966 5124 textumttlandum
2994 5066 3113 5105 esse
3140 5056 3460 5122 putavimus.
3479 5051 3791 5124 thuisque

2224 5119 2450 5172 allectus
2479 5123 2600 5180 erit,
2633 5121 2702 5173 ita
2735 5121 2893 5188 leget.

2297 5188 2408 5265 (ξ’-θ)
2437 5190 2585 5265 Colb.
2621 5193 2887 5265 secundus
2908 5191 3110 5265 τροφὴν
3144 5191 3469 5265 ἀνθρῴποις.

2297 5259 2540 5332 (ειη-,ιω
2565 5328 2580 5332 Δ
2608 5261 2822 5332 codices
2883 5259 2986 5316 non
3021 5259 3029 5261 ἡ
3055 5259 3258 5332 βιιιιρὶ.’
3289 5263 3466 5318 Editio
3508 5262 3681 5318 Paris.
3711 5265 3786 5330 ὡς

2226 5325 2533 5405 εἶναιζ-Ηεηυ
2561 5328 2851 5405 Scriptura:
2874 5325 3067 5405 verba,
3096 5332 3498 5405 βλαστησάτωή
3531 5335 3599 5404 γῆ
3635 5325 3793 5404 βοτάέ

2225 5399 2564 5473 νην-χόρτου,
2594 5402 2813 5470 σπεῖρον
2849 5403 3068 5473 σπέρμα
3097 5399 3251 5456 κατά
3279 5399 3462 5473 γένος,
3488 5399 3646 5458 ’ν’ίέεί
3670 5416 3792 5457 sunt

2225 5469 2427 5524 Basilio
2453 5471 2519 5543 ab
2551 5469 2748 5524 usitato
2797 5469 3046 5541 loquendi
3109 5469 3303 5542 genere
3349 5476 3646 5529 deﬂectere.
3687 5475 3790 5543 lgi-

2232 5551 2317 5593 tur
2345 5555 2405 5593 ea
2441 5539 2505 5592 ad
2541 5539 2918 5614 grammatices
2949 5539 3160 5613 regulas
3210 5545 3451 5614 redigere
3503 5554 3667 5613 atque
3701 5539 3786 5597 Fe-

2227 5619 2703 5683 vocareconatnr.
2734 5610 2883 5674 Quod
2918 5626 2973 5665 ut
3014 5610 3276 5682 praestet,
3328 5610 3557 5683 primum
3581 5610 3657 5668 de
3686 5628 3784 5666 suo

2227 5679 2539 5748 particulam
2575 5679 2668 5731 καί
2720 5683 2866 5735 addit
2905 5699 2919 5734 :
2975 5679 3168 5737 deinde
3197 5679 3385 5738 haru'm
3411 5700 3601 5739 vocum
3632 5685 3787 5738 σπεῖ-

2231 5765 2319 5819 ρον
2352 5749 2570 5820 σπέρμα
2593 5749 2834 5807 ordinem
2862 5752 3101 5809 invertit.
3145 5754 3285 5824 Lege
3317 5764 3540 5812 textum.
