4082 6398
429 277 499 336 97

1539 277 1848 339 .HOMILIA
1887 275 1932 337 ν
1969 281 2036 338 IN
2076 274 2578 342 ili-IXAEMERON.

3613 293 3681 347 93

424 398 487 454 τὸ
525 399 818 468 ἀναγκαῖον
856 398 964 452 τῶν
1001 399 1103 453 ὑπὸ
1134 400 1233 471 τῆς
1281 399 1494 470 φύσεως
1535 402 1986 474 οἰκονομουμένωη

2107 413 2270 474 atque
2293 405 2599 459 necessaria
2634 403 2878 474 qumdam
2910 416 3095 456 eorum
3130 417 3251 471 qum
3281 416 3310 456 a
3341 409 3534 455 natura
3568 399 3684 454 ἀίε-

424 490 838 563 διασωθήσεται.
905 492 1128 564 Πρῶτον
1193 493 1290 562 μὲν
1348 492 1454 563 γάρ
1518 493 1830 565 βλάστησις,
1887 489 2004 548 εἶτα

422 583 576 655 χλόη,
611 580 733 637 εἶτα
776 584 970 655 χόρτου
1005 583 1250 655 αὔξησις,
1295 581 1414 639 εἶτα
1457 587 1484 639 ὁ
1526 587 1866 658 άπαρτισμὸς
1897 587 2004 640 τῶν

421 672 736 746 αὐξομένων
772 677 884 747 (22)
915 675 1002 730 διά
1040 678 1133 731 τοῦ
1164 679 1498 749 σπέρματος.
1537 679 1661 744 Πῶς
1690 676 1804 743 οὖν,
1845 681 2001 749 φασὶ,

423 767 604 822 πάντα
635 763 774 821 εἶναι
823 769 890 822 τὰ
930 771 994 822 ὲκ
1031 770 1128 840 τῆς
1167 771 1268 842 γῆς
1314 772 1556 842 φυόμενα
1591 773 1939 844 σπερματικά
1973 775 2003 828 ό

421 859 578 930 λόγος
606 861 961 926 ἐνδείκνυται,
990 863 1122 916 ὅπου
1150 879 1211 932 γε
1232 863 1355 916 οὔτε
1384 865 1646 936 κάλαμος,
1675 864 1797 918 οὔτε
1822 866 2001 937 ἄγρω·

422 967 559 1016 στις,
587 950 710 1004 οὔτε
742 953 775 1022 ἡ
807 952 990 1024 μίνθη,
1027 954 1090 1006 οὐ
1123 954 1340 1026 κρόκος,
1370 955 1431 1007 οὐ
1465 950 1736 1026 σκόροδον,
1782 959 1842 1010 οὐ
1875 957 1999 1028 βού-

420 1060 604 1115 τομον,
637 1045 744 1097 οὐδ’
773 1045 906 1098 ἄλλα
948 1046 1115 1116 μυρία
1160 1047 1291 1120 γένη
1335 1050 1516 1116 φυτῶν
1559 1051 1999 1120 σπερματίζοντα

419 1135 703 1205 φαίνεται;
741 1137 884 1208 πρὸς
913 1137 976 1208 δὴ
1000 1139 1158 1192 τοῦτό
1186 1158 1383 1210 φαμεν,
1421 1142 1500 1194 ὃτι
1531 1142 1698 1197 πολλὰ
1729 1144 1837 1196 τῶν
1867 1162 1998 1213 φυο-

422 1229 602 1298 μένων
627 1232 690 1283 ἐκ
712 1230 809 1300 τῆς
842 1233 944 1301 γῆς
974 1232 1065 1284 ἐπὶ
1091 1232 1182 1285 τοῦ
1219 1232 1493 1304 πυθμένος
1528 1231 1620 1287 καὶ
1645 1237 1741 1306 τῆς
1767 1236 1877 1307 (‘23)
1912 1237 1995 1308 ρί-

417 1320 517 1391 ζης
549 1319 781 1391 ἕχειτὴν
811 1321 1037 1392 δύναμιν
1057 1323 1164 1375 τῶν
1195 1325 1546 1394 σπερμάτων.
1578 1327 1790 1400 Ὥσπερ
1837 1330 1865 1380 ό
1894 1329 1994 1381 κά-

414 1412 587 1482 λαμος
615 1413 754 1484 μετά
783 1413 881 1484 την
913 1415 1155 1468 ἐπέτειον
1182 1414 1408 1486 αΰξησιν
1439 1417 1545 1470 ἀπὸ
1578 1420 1675 1489 τῆς
1705 1421 1860 1491 ῥίζης
1895 1423 1997 1489 ἁφ-

417 1506 530 1577 ίησί
561 1523 683 1560 τινα
715 1506 1002 1578 προϐολὴν,
1053 1507 1365 1579 σπέρματος
1408 1508 1562 1577 λόγον
1602 1510 1829 1580 ἔχουσαν
1860 1515 1996 1584 πρὸς

413 1599 473 1650 τὸ
505 1598 713 1670 μέλλον.
751 1598 918 1652 Τοῦτο
948 1599 1004 1652 δὲ
1045 1603 1189 1653 ποιεῖ
1227 1601 1318 1653 καὶ
1369 1601 1503 1654 ἄλλα
1548 1603 1736 1673 μυρία,
1771 1604 1869 1657 ὅσα
1907 1605 1994 1658 διὰ

413 1690 518 1760 γῆς
555 1691 831 1762 νεμόμενα
858 1692 914 1743 ὲν
945 1694 1066 1755 ταῖς
1101 1693 1278 1764 ῥίζαις
1302 1693 1399 1764 τὴν
1433 1693 1678 1764 διαδοχὴν
1709 1695 1989 1767 κέκτηται.

414 1783 578 1836 Ὥστε
605 1783 805 1846 παντός
831 1784 980 1836 ἐστιν
1012 1783 1374 1856 ἀληθέστερον
1401 1785 1461 1838 τὸ
1486 1786 1701 1857 ἐκάστῳ
1726 1787 1834 1839 τῶν
1860 1806 1991 1857 φυο-

413 1875 594 1946 μένων
629 1875 661 1946 ἢ
690 1875 910 1948 σπέρμα
935 1872 1093 1940 εἶναι,
1127 1874 1159 1948 ἢ
1198 1876 1425 1948 δύναμίν
1459 1892 1579 1932 τινα
1613 1881 1990 1951 σπερματικὴν

411 1968 757 2040 ἐνυπάρχειν.
786 1971 896 2022 Καὶ
926 1965 1085 2023 τοῦτό
1117 1971 1231 2023 ἐστι
1256 1970 1338 2034 τὸ,
1367 1971 1528 2025 Κατὰ
1557 1970 1748 2041 γένος,
1779 1973 1851 2025 Οὐ
1883 1973 1990 2044 γάρ

408 2063 444 2134 ἡ
475 2062 716 2134 προϐολὴ
749 2061 844 2115 τοῦ
891 2061 1138 2134 καλάμου
1171 2063 1357 2128 ἐλαίας
1388 2064 1504 2117 ἐστὶ
1542 2066 1817 2136 ποιητικὴ.
1855 2066 1990 2120 ἀλλὰ

406 2154 475 2209 ἐκ
493 2153 738 2226 καλάμου
765 2155 860 2226 μὲν
877 2154 963 2208 Et:
973 2172 1061 2223 ρος
1080 2155 1345 2226 κάλαμος,
1374 2157 1437 2209 ὲκ
1453 2156 1509 2209 δὲ
1530 2157 1636 2211 τῶν
1658 2161 1988 2228 σπερμάτων

406 2247 479 2303 τὰ
520 2246 758 2318 συγγενῆ
807 2249 916 2312 τοῖς
954 2248 1372 2318 καταϐληθεῖσιν
1411 2249 1828 2304 άποϐλαστάνει.
1879 2252 1988 2304 Καὶ

404 2339 549 2395 οὕτω
588 2341 650 2394 τδ
678 2342 736 2393 ὲν
772 2343 837 2411 τῇ
869 2339 1058 2412 πρώτῃ
1090 2342 1303 2409 γενέσει
1348 2342 1656 2414 προϐληθὲν
1702 2343 1854 2414 παρὰ
1889 2345 1987 2415 τῆς

405 2433 511 2504 γῆς
537 2433 698 2504 μέχρι
727 2433 819 2486 νῦν
847 2433 1190 2498 διασώζεται,
1218 2439 1281 2506 τῇ
1308 2434 1598 2508 ἀκολουθίᾳ
1623 2437 1719 2507 τῆς
1740 2437 1988 2509 διαδοχῆς

409 2525 814 2595 φυλασσομένου
849 2523 942 2576 τοῦ
973 2524 1179 2592 γένους.
1210 2524 1621 2592 Βλαστησάτω
1645 2527 1680 2594 ὴ
1713 2523 1807 2594 γῆ.
1838 2526 1985 2597 Νόη-

409 2617 501 2670 σόν
534 2634 622 2687 μοι
664 2617 729 2668 ἐκ
764 2617 966 2687 μικρᾶς
1002 2617 1204 2686 φωνῆς,
1252 2617 1345 2670 καὶ
1393 2617 1810 2688 προστάγματος
1844 2615 1986 2672 οὕτω

409 2708 674 2780 βραχέος,
718 2708 818 2779 τὴν
851 2707 1272 2778 κατεψυγμένην
1317 2709 1411 2761 καὶ
1449 2710 1641 2778 ἄγονον
1690 2710 1984 2764 ὠδίνουσαν

405 2800 618 2872 ἁθρόως
638 2800 734 2853 καὶ
763 2799 898 2870 πρὸς
922 2802 1286 2870 καρπογονίαν
1317 2803 1764 2874 συγκινουμένην,
1795 2803 1984 2875 ὥσπερ

405 2893 528 2948 τινὰ
564 2891 892 2964 σκυθρωπὴν
941 2893 1035 2945 καὶ
1071 2892 1312 2965 πενθήρη
1347 2895 1729 2966 ἀπορρίψασαν
1763 2897 1986 2970 περιϐο-

403 2983 526 3056 λὴν,
560 2983 1104 3056 μεταμφιεννυμένην
1135 2983 1232 3055 τὴν
1267 2986 1626 3058 φαιδροτέραν
1651 2988 1745 3040 καὶ
1773 2992 1883 3052 τοῖς
1908 2991 1984 3042 oi-

2026 1755 2064 1807 Β

404 3075 574 3139 κείοις
607 3076 832 3147 κόσμοις
860 3076 1252 3147 ἀγαλλομένην,
1288 3078 1380 3130 καὶ
1408 3078 1475 3132 τά
1507 3080 1675 3150 μυρία
1712 3081 1844 3149 γένη
1873 3083 1981 3137 τῶν
2008 3113 2053 3170 c

403 3169 691 3240 φυομένων
735 3167 1157 3241 προϐάλλουσαν.
1193 3169 1459 3240 Βούλομαί
1497 3188 1576 3224 σοι
1620 3173 1972 3245 σφοδρότερον
2020 3167 2043 3234 ί

400 3264 504 3335 1ιεῆς
531 3263 760 3326 κτίσεως
793 3261 1164 3332 ὲνιδρυνθῆναι
1195 3263 1255 3316 τὸ
1288 3263 1492 3334 θαῦμα,
1525 3265 1590 3317 ἵν’
1619 3267 1752 3319 ὅπου
1781 3285 1884 3338 περ
1908 3267 1973 3323 ἂν

400 3354 652 3427 εὑρεθῇς,
675 3355 769 3408 καὶ
792 3353 959 3424 ὁποίῳ
977 3353 1173 3424 δήποτε
1197 3353 1342 3421 γένει
1365 3355 1471 3408 τῶν
1497 3359 1778 3428 φυομένων
1800 3377 1976 3430 παρα-

401 3451 559 3520 στῇς,
613 3448 819 3519 ἐναργῆ
870 3447 1154 3518 λαμϐάνῃς
1197 3447 1290 3501 τοῦ
1344 3451 1667 3521 ποιήσαντος
1707 3451 1805 3522 τὴν
1842 3453 1975 3506 ὑπό·-

405 3557 624 3615 μνησιν.
675 3541 901 3613 Πρῶτον
941 3539 1038 3610 μὲν
1083 3536 1176 3594 οὖν
1212 3541 1338 3594 ὅταν
1369 3543 1486 3615 ἴδῃς
1528 3542 1755 3616 βοτάνην
1782 3545 1975 3618 χόρτου

400 3636 496 3688 καὶ
523 3634 701 3697 ἄνθος,
729 3637 808 3696 είς
835 3632 1042 3686 ἔννοιαν
1065 3632 1223 3703 ἔρχου
1243 3630 1340 3704 τῆς
1366 3632 1712 3705 ἀνθρωπίνης
1741 3633 1973 3704 φύσεως,

403 3725 750 3796 μεμνημένος
779 3725 876 3794 τῆς
914 3723 1121 3787 εἰκόνος
1153 3722 1245 3776 τοῦ
1278 3723 1441 3793 σοφοῦ
1481 3725 1720 3789 Ἡσαΐου,
1753 3727 1834 3778 ὅτι
1862 3725 1977 3781 Πᾶ-

399 3833 485 3871 σα
513 3816 670 3884 σὰρξ
689 3817 765 3882 ὡς
801 3817 1034 3885 χόρτος,
1059 3816 1154 3869 καὶ
1179 3814 1348 3871 πᾶσα
1371 3814 1520 3880 δόξα
1547 3816 1866 3885 ἀνθρώπου
1896 3817 1976 3883 ὡς

397 3907 586 3974 ἄνθος
617 3909 853 3976 χόρτου.
905 3906 978 3959 Τὸ
1023 3908 1130 3978 γάρ
1162 3907 1522 3978 ὀλιγοχρόνιον
1554 3909 1653 3978 τῆς
1687 3907 1851 3979 ζωῆς,
1883 3910 1975 3962 καὶ

401 3999 461 4050 τὸ
501 4001 559 4051 ὲν
589 3998 753 4070 ὀλίγῳ
786 3999 1079 4069 περιχαρὲς
1124 4001 1217 4051 καὶ
1269 3998 1451 4070 ίλαρὸν
1491 3998 1588 4067 τῆς
1627 3999 1974 4070 ἀνθρωπίνης

399 4091 721 4162 εὐημερίας,
753 4094 1115 4162 καιριωτάτης
1149 4089 1299 4161 παρὰ
1323 4092 1399 4161 τῷ
1429 4092 1680 4162 προφήτῃ
1710 4091 1974 4160 τετύχηκε

396 4183 498 4250 τῆς
530 4183 757 4245 εἰκόνος.
797 4183 1044 4253 Σήμερον
1084 4181 1314 4253 εὐθαλὴς
1354 4181 1431 4252 τῷ
1464 4182 1696 4252 σώματι,
1738 4200 1970 4236 κατασε-

399 4274 748 4346 σαρκωμένος
792 4273 895 4325 ὑπὸ
926 4274 1158 4344 τρυφῆς,
1203 4273 1539 4327 ἐπανθοῦσαν
1578 4274 1715 4343 ἔχων
1748 4274 1845 4345 τὴν
1885 4273 1973 4327 εὔ-

397 4381 587 4436 χροιαν
644 4366 748 4418 ὑπὸ
794 4366 890 4436 τῆς
931 4367 1070 4420 κατὰ
1111 4367 1206 4436 τὴν
1243 4365 1456 4437 ἡλικίαν
1486 4366 1693 4436 ἀκμῆς,
1725 4365 1966 4436 σφριγῶν

2105 506 2425 566 pensantur,
2465 495 2781 551 consecutio
2822 494 3257 548 conservabitur.
3290 493 3530 548 Primum
3559 493 3683 562 qui-

2105 589 2224 642 dum
2275 587 2614 658 germinatio,
2662 588 2854 642 deinde
2906 589 3087 640 virens
3127 586 3288 640 herba
3333 604 3346 639 :
3401 597 3514 641 tum
3570 586 3680 640 feni

2106 679 2528 741 incrementum,
2563 688 2838 745 postremo
2886 677 3154 731 absolutio
3187 677 3557 746 p'erl'ectioque
3582 689 3682 728 au-

2104 770 2437 837 gescentium
2475 785 2568 838 per
2594 784 2801 824 semen.
2835 770 3119 835 Quomodo
3171 770 3371 840 igitur,
3405 767 3681 838 inquiunt,

2103 861 2286 912 omnia
2327 874 2394 914 ex
2437 870 2580 915 terra
2610 863 2909 924 nascentia,
2945 863 2996 915 in
3039 877 3226 916 semen
3265 861 3418 915 abire
3440 861 3682 916 ostendit

2104 948 2407 1020 Scriptura,
2435 966 2559 1005 cum
2588 967 2761 1022 neque
2784 955 3012 1014 arundo,
3040 967 3217 1022 neque
3238 967 3484 1022 gramen,
3502 965 3679 1020 neque

2104 1043 2344 1108 mentha,
2373 1059 2474 1096 non
2494 1059 2708 1110 crocus,
2739 1058 2844 1098 non
2884 1043 3090 1108 allium,
3133 1059 3236 1098 non
3271 1043 3552 1105 butomon,
3583 1059 3680 1097 ne-

2100 1150 2207 1204 que
2241 1134 2524 1188 innumera
2558 1134 2659 1190 alia
2683 1136 2988 1205 plantarum
3021 1150 3216 1205 genera
3260 1149 3444 1189 semen
3473 1136 3675 1204 produ-

2098 1244 2222 1284 cere
2247 1227 2570 1282 videantur?
2592 1229 2738 1282 Sane
2760 1230 2825 1282 ad
2846 1229 2948 1283 hoc
2970 1229 3224 1291 dicimus,
3254 1228 3420 1280 multa
3439 1243 3506 1282 ex
3531 1237 3675 1280 terra

2099 1320 2375 1376 nascentia
2423 1321 2475 1374 in
2505 1321 2627 1376 imis
2657 1321 2768 1376 suis
2800 1322 3045 1390 partibus
3081 1332 3137 1376 et
3171 1322 3222 1374 in
3260 1321 3443 1374 radice
3471 1321 3579 1374 vim
3607 1334 3673 1375 ac

2096 1416 2350 1470 virtutem
2381 1416 2648 1469 seminum
2687 1414 2984 1470 includere.
3014 1413 3258 1482 Exempli
3291 1429 3481 1476 causa,
3506 1428 3675 1468 arun-

2095 1509 2184 1574 do,
2222 1519 2342 1578 post
2367 1523 2604 1562 annuum
2642 1517 2882 1573 auctum,
2919 1507 3215 1576 projectum
3242 1509 3548 1575 quemdam,
3580 1504 3674 1576 qui

2095 1600 2150 1654 in
2183 1599 2426 1654 futurum
2452 1601 2718 1654 rationem
2751 1600 2974 1655 seminis
3017 1599 3203 1662 habet,
3232 1613 3260 1651 a
3294 1598 3480 1652 radice
3509 1599 3672 1651 emit-

2097 1693 2179 1750 tit.
2214 1695 2267 1748 Id
2303 1703 2482 1749 autem
2519 1693 2724 1748 faciunt
2750 1700 2805 1747 et
2833 1693 2935 1746 alia
2971 1693 3276 1757 innumera,
3304 1707 3424 1760 quae
3443 1705 3538 1760 per
3565 1701 3674 1745 ter-

2097 1801 2210 1838 ram
2247 1785 2523 1855 dispersa,
2578 1784 2632 1838 in
2680 1783 2958 1838 radicibus
3005 1784 3404 1838 successionem
3451 1781 3674 1836 conclu-

2094 1877 2248 1931 dunt.
2281 1876 2461 1943 Quare
2483 1878 2630 1932 omni
2680 1892 2739 1931 re
2773 1877 2827 1931 id
2855 1877 3041 1931 verius
3059 1887 3166 1942 eSt,
3192 1877 3246 1928 in
3282 1875 3512 1943 singulis
3541 1876 3674 1929 stir-

2090 1969 2250 2038 pibus
2287 1979 2379 2022 aut
2403 1984 2612 2035 semen,
2645 1978 2738 2022 aut
2765 1967 3079 2024 seminalem
3102 1967 3389 2036 quamdam
3412 1966 3668 2020 virtutem

2090 2060 2292 2115 inesse.
2320 2061 2496 2130 Atque
2548 2061 2653 2114 hoc
2701 2069 2788 2115 est
2825 2059 2970 2130 quod
3014 2059 3232 2127 dicitur,
3263 2058 3432 2112 Juxta
3480 2073 3664 2127 genus.

2092 2150 2373 2222 Siquidem
2407 2151 2496 2206 ille
2527 2151 2814 2207 arundinis
2867 2152 3142 2222 projeclus
3192 2163 3534 2219 nequaquam
3563 2148 3667 2204 oli-

2090 2261 2211 2299 vam
2243 2245 2494 2315 producit
2523 2263 2537 2299 :
2581 2246 2676 2300 sed
2702 2261 2766 2299 ex
2799 2245 3066 2299 arundine
3093 2244 3302 2299 arundo
3331 2243 3434 2298 alia
3480 2244 3666 2298 nasci-

2092 2346 2208 2400 tur;
2239 2346 2404 2406 atque
2447 2351 2515 2391 ex
2563 2335 2884 2399 seminibus,
2921 2345 3152 2406 cognata
3190 2337 3258 2391 iis
3282 2351 3401 2405 quae
3451 2335 3667 2390 fuerant

2083 2427 2253 2499 jacta,
2283 2429 2613 2497 germinant.
2656 2430 2724 2484 Et
2750 2431 2822 2483 ita
2852 2431 2994 2499 quod
3025 2429 3080 2482 in
3109 2427 3283 2498 prima
3316 2429 3666 2497 generatione

2088 2535 2117 2573 a
2147 2529 2290 2574 terra
2322 2522 2526 2576 editum
2571 2529 2676 2586 est,
2713 2521 2764 2575 id
2806 2523 3128 2585 etiamnum,
3158 2530 3375 2576 servato
3408 2537 3506 2591 per
3535 2537 3664 2577 suc--

2088 2613 2354 2667 cessionis
2383 2615 2828 2668 consecutionem
2856 2628 3078 2683 genere,
3119 2621 3495 2668 conservatur.
3529 2612 3665 2668 Ger-

2087 2705 2248 2756 minet
2271 2713 2433 2757 terra.
2461 2705 2679 2773 Cogites
2709 2705 2869 2759 velim
2910 2714 3110 2759 terram
3172 2706 3548 2775 lrigesccntem
3609 2718 3666 2762 et

2088 2793 2432 2850 infecundam
2463 2838 2478 2859 ,
2541 2797 2646 2851 hac
2704 2813 2838 2852 voce
2889 2813 3055 2868 parva
3108 2808 3484 2868 pra‘ceptoque
3525 2800 3665 2856 adeo

2085 2884 2235 2939 brevi
2271 2886 2554 2941 confestim
2601 2888 3016 2956 parturientem,
3043 2897 3097 2941 et
3127 2890 3195 2941 ad
3249 2889 3517 2942 edendum
3549 2889 3665 2944 fru-

2086 2988 2231 3030 cmm
2272 2979 2624 3042 concitatam,
2667 2987 2721 3032 et
2769 2979 2934 3032 veluti
2981 2987 3176 3032 maesto
3211 2980 3445 3048 quodam
3487 2995 3553 3036 ac
3580 2981 3664 3036 lu-

2086 3069 2239 3138 gubri
2274 3069 2474 3124 ami-cto
2519 3069 2730 3138 abjecto
2755 3114 2770 3136 ,
2805 3072 3172 3140 splendidiore
3203 3081 3351 3125 veste
3388 3072 3562 3137 indui,
3597 3090 3663 3130 ac

2087 3161 2318 3228 propriis
2346 3163 2683 3215 ornamentis
2708 3163 3090 3231 exsultantem,
3126 3164 3332 3219 inﬁnita
3351 3167 3662 3237 plantarum

2086 3266 2282 3321 genera
2315 3267 2625 3320 procreare.
2666 3254 2796 3309 Volo
2820 3255 3057 3324 imprimi
3087 3256 3137 3309 in
3187 3265 3238 3311 te
3284 3259 3660 3318 vehementius

2086 3355 2349 3398 creatura:
2389 3347 2824 3412 admirationem,
2856 3363 2987 3418 quo,
3014 3349 3322 3419 ubicunque
3349 3355 3657 3421 reperiaris.

2081 3447 2136 3491 et
2162 3438 2466 3507 cuicunque
2522 3441 2829 3494 occurreris
2872 3441 3176 3509 plantarum
3231 3447 3456 3514 generi,
3493 3447 3660 3516 plane

2079 3529 2352 3585 Creatoris
2375 3533 2709 3585 memineris.
2747 3531 2986 3586 Primum
3023 3535 3241 3603 quidem
3267 3552 3390 3592 cum
3432 3539 3658 3594 herbam

2081 3622 2188 3679 feni
2221 3634 2274 3678 et
2295 3624 2483 3678 ﬂorem
2535 3626 2911 3694 conspexeris,
2967 3628 3259 3682 veniattibi
3303 3631 3355 3683 in
3417 3642 3656 3687 mentem

2078 3717 2310 3769 humana
2338 3723 2551 3778 natura,
2581 3717 2722 3770 hanc
2767 3719 3024 3786 sapientis
3056 3720 3207 3774 lsaize
3244 3722 3534 3793 imaginem
3565 3741 3657 3782 re-

2079 3807 2324 3861 cordanti
2354 3822 2365 3856 :
2402 3806 2584 3861 Ouinis
2615 3824 2738 3861 caro
2773 3820 2827 3861 ut
2853 3809 3052 3877 fenum,
3085 3821 3134 3864 et
3161 3814 3330 3864 omnis
3357 3813 3530 3882 gloria
3551 3817 3651 3869 ho-

2077 3899 2232 3951 minis
2274 3909 2324 3950 ut
2361 3901 2459 3967 ﬂos
2494 3901 2600 3966 leni
2627 3899 2690 3952 ⁸⁸.
2719 3899 2850 3952 Nam
2883 3900 3006 3954 vitae
3043 3902 3300 3965 brevitas,
3335 3913 3389 3958 et
3425 3919 3654 3976 prospe-

2079 3991 2255 4046 ritatis
2296 3992 2546 4046 humanae
2578 3991 2758 4046 la‘titia
2804 3993 3157 4062 hilaritasque
3188 3995 3330 4050 haud
3368 3997 3460 4052 diu
3491 3998 3657 4054 dura-

2075 4093 2194 4137 tura
2234 4085 2856 4137 accommodatissimam
2887 4087 3028 4154 apud
3081 4089 3404 4156 prophetam
3461 4093 3654 4148 sortita

2074 4185 2160 4230 est
2190 4177 2616 4229 similitudinem.
2648 4173 2820 4230 Hodie
2847 4179 2940 4245 qui
2970 4177 3126 4234 ﬂoret
3153 4195 3404 4250 corpore,
3426 4185 3516 4252 qui
3541 4199 3650 4251 pra:

2076 4270 2286 4322 deliciis
2310 4283 2576 4322 carnosus
2603 4279 2707 4333 est,
2737 4269 2827 4338 φή
2867 4270 3102 4324 colorem
3142 4287 3254 4339 pra:
3291 4274 3469 4327 anatis
3516 4275 3652 4329 ﬂore

2075 4363 2499 4418 elllorescentem
2531 4377 2641 4430 prae
2671 4377 2730 4416 se
2767 4361 2892 4428 fert,
2920 4363 3012 4431 qui
3055 4363 3193 4433 viget
3220 4373 3274 4418 et
3301 4379 3428 4419 acer
3459 4376 3565 4428 est.
3595 4377 3652 4423 et

397 4459 493 4512 καὶ
521 4457 786 4519 σύντονος,
813 4458 903 4510 καὶ
925 4457 1289 4519 ἀνυπόστατος
1319 4456 1427 4524 (Ξέί)
1449 4456 1544 4527 τὴν
1567 4456 1762 4528 ὁρμὴν,
1782 4456 1967 4527 αὔριον

2085 4456 2228 4525 cujus
2270 4455 2456 4523 nequit
2499 4454 2754 4508 sustineri
2805 4453 3061 4522 impetus,
3097 4456 3186 4510 hic
3212 4456 3350 4512 idem
3399 4473 3521 4514 cras
3548 4461 3653 4515 ιιῖί-

391 4552 424 4604 ό
452 4549 614 4612 αὐτὸς
636 4545 789 4611 οὗτος
817 4547 1066 4612 ἐλεεινὸς,
1101 4548 1133 4619 ἢ
1167 4547 1243 4617 τῷ
1273 4548 1447 4618 χρόνῳ
1482 4547 1796 4618 μαρανθεὶς,
1831 4548 1863 4618 ἣ
1889 4547 1973 4600 νό-

397 4661 476 4714 σῳ
521 4641 810 4705 διαλυθείς.
862 4643 921 4694 '0
963 4639 1110 4693 δεινὰ
1149 4639 1506 4710 περίὸλεπτος
1544 4641 1636 4692 ἐπὶ
1677 4639 1972 4711 χρημάτων

395 4733 682 4806 περιουσίᾳ
707 4751 718 4762 ·
745 4732 839 4785 καὶ
871 4730 1071 4801 πλῆθος
1106 4732 1234 4802 περὶ
1257 4731 1415 4783 αὑτὸν
1444 4731 1687 4784 κολάκων
1710 4749 1721 4760 ·
1747 4731 1972 4802 δορυφο-

393 4830 488 4900 ρία
506 4827 673 4898 φίλων
693 4823 1074 4897 προσποιητῶν
1100 4823 1197 4895 τὴν
1227 4825 1320 4877 ἀπ’
1349 4823 1512 4876 αὑτοῦ
1532 4825 1690 4895 χάριν
1716 4825 1972 4896 θηρευόν-

390 4938 501 4974 των
531 4919 643 4991 (25)
664 4935 678 4949 ⁸
723 4917 926 4989 πλῆθος
964 4916 1304 4986 συγγενείας,
1331 4915 1441 4985 ικαὶ
1472 4914 1675 4987 ταύτης
1707 4933 1973 4987 κατεσχη-

393 5012 735 5084 ματισμένης
755 5029 768 5042 ·
808 5011 974 5081 ἐσμὸς
1020 5010 1128 5062 τῶν
1157 5010 1505 5080 ἑφεπομένων
1551 5010 1740 5080 μυρίος
1771 5010 1880 5064 τῶν
1911 5027 1970 5062 τε

463 5169 509 5200 ⁸³
540 5167 643 5223 lsa.
675 5184 765 5234 at,
795 5167 846 5222 6.

463 5329 576 5400 (22)
603 5330 756 5387 Colb.
795 5332 1060 5388 secundus
1087 5348 1208 5389 cum
1239 5333 1374 5402 Reg.
1411 5341 1605 5390 octavo
1634 5333 1744 5386 τῶν
1796 5333 1961 5399 αὐξα-

388 5419 632 5461 νομενων
640 5442 654 5456 .

420 5402 722 5556 Ῠῗέέῗξίο
765 5473 914 5529 multi
969 5490 1102 5530 mss.
1135 5475 1292 5530 Deest
1324 5475 1423 5546 τῆς
1469 5475 1522 5529 in
1571 5475 1811 5530 editione
1857 5474 1960 5528 Pa-

389 5559 490 5600 TIS.

461 5613 569 5685 (Ἡ)
606 5613 757 5684 Regii
815 5615 1020 5684 primus
1044 5625 1097 5670 et
1155 5616 1374 5682 quintus
1409 5614 1791 5679 ὲνυπόστατος.
1821 5614 1960 5669 Edili

385 5698 509 5740 cum
545 5686 666 5739 aliis
726 5699 854 5738 mss.
885 5687 1278 5748 ἀνυπόστατος.
1309 5687 1462 5739 bene.
1516 5686 1633 5738 Mor
1683 5699 1790 5742 tres
1827 5703 1958 5740 mss.

385 5753 574 5826 ιῦριον
601 5755 780 5818 αὑτός.
809 5753 987 5811 Codex
1013 5757 1253 5818 Combef.
1280 5754 1470 5826 αὔριον
1502 5752 1676 5820 οὗτος.

703 5856 973 5916 Parnm.
1016 5855 1130 5915 Gn.
1176 5855 1410 5916 XXIX.

2073 4547 2321 4603 scrabilis
2351 4557 2451 4612 est,
2480 4557 2573 4602 aut
2607 4557 2847 4616 tempore
2872 4548 3168 4614 marcidus,
3205 4560 3296 4604 aut
3330 4553 3518 4606 morbo
3544 4554 3652 4610 dis-

2071 4641 2298 4695 solutus.
2331 4641 2611 4708 Quispiam
2632 4639 2942 4695 divitiarum
2967 4641 3118 4709 copia
3139 4641 3413 4708 inclaruit,
3445 4645 3650 4714 ipsum-

2072 4749 2179 4802 que
2216 4732 2554 4787 adulatorum
2589 4733 2906 4788 circumstat
2939 4735 3226 4791 multitudo
3257 4755 3269 4790 :
3316 4737 3469 4792 adest
3493 4738 3648 4793 licto-

2073 4841 2190 4877 rum
2218 4824 2515 4878 amicorum
2544 4826 2772 4896 gratiam
2807 4826 2950 4880 illius
2977 4829 3287 4882 venantium
3319 4830 3641 4885 comitatus:

2071 4915 2380 4984 frequentes
2403 4925 2529 4970 sunt
2551 4921 2960 4988 consanguinei,
2990 4920 3134 4989 iique
3158 4922 3524 4978 simulationis
3553 4938 3645 4976 ar-

2073 5010 2236 5063 titicio
2277 5009 2479 5063 eruditi
2522 5028 2535 5063 :
2567 5012 2723 5066 adest
2755 5028 2945 5082 agmen
2981 5017 3294 5084 sequacium
3324 5018 3642 5072 innumero-

2133 5333 2442 5411 ($5)Edit_io
2471 5334 2816 5409 Ριιῐίε.’χάριν
2845 5334 3379 5411 θηρευόντωνζῐζοεῐῑ
3411 5335 3639 5411 primus.

2060 5408 2278 5477 tertius,
2311 5407 2531 5477 quintus
2560 5419 2614 5459 et
2641 5407 2825 5462 sextus
2845 5451 2860 5473 ,
2890 5407 3124 5477 iiemqne
3179 5407 3334 5477 Colb.
3367 5407 3643 5477 secundus

2059 5489 2181 5547 cum
2221 5474 2386 5547 Coisl.
2441 5486 2668 5544 utroque
2715 5489 2769 5531 et
2816 5495 2940 5532 cum
2997 5474 3237 5534 editione
3279 5475 3446 5531 Basil.
3474 5475 3642 5547 χάριν

2057 5544 2665 5616 Θεραπευόντων,1ι;ιιιι1
2721 5549 2963 5601 dissimili
3009 5566 3192 5603 sensu.
3233 5547 3364 5615 Reg.
3413 5544 3642 5616 octavus

2057 5615 2157 5690 τὴν
2185 5615 2348 5690 eum;
2379 5615 2566 5690 χρείαν
2602 5617 3038 5690 θεραπευόντων.
3062 5621 3238 5674 Codex
3264 5618 3508 5672 Combef.
3539 5615 3645 5690 τὴν

2059 5685 2154 5738 ἀπ’
2184 5685 2349 5738 αὐτοῦ
2380 5685 2570 5758 χρείαν
2598 5685 2958 5759 θηρευόντων.

3320 5860 3356 5916 ᾗ.
