4082 6398
421 327 495 385 99
1776 319 1834 373 S.
1878 316 2126 373 BASILII
2147 313 2374 372 'MAGN'I

3578 318 3679 372 100

425 455 570 509 rum,
607 438 698 510 qu’i
716 438 922 508 partim
940 461 941 464 η
959 437 1186 509 parandi
1205 437 1312 493 cibi
1341 438 1536 508 gratia,
1556 437 1750 507 partim
1775 437 1843 492 ob
1863 438 1992 493 alias

2099 437 2191 489 ἐπὶ
2223 437 2408 490 σιτίων
2448 431 2542 489 κάι
2588 435 2696 489 τῶν
2725 434 2880 488 κατὰ
2923 434 3022 498 τὰς
3053 437 3241 508 χρείας
3281 426 3429 508 αὐτῷ
3455 437 3655 508 προσεῧ

424 532 785 587 necessitates
833 531 937 598 ipsi
971 539 1187 584 astant:
1237 545 1374 599 quos
1403 531 1531 584 dum
1583 539 1638 584 et
1685 529 1912 593 abiens,
1944 539 1999 583 et

423 625 626 679 iterum
659 621 768 694 42
823 623 1040 678 rediens
1068 638 1252 678 secum
1289 623 1477 686 trahit,
1525 621 1577 676 in
1619 637 1677 677 se
1704 637 1998 676 occurren-

424 717 560 770 tium
587 716 823 769 concitat
849 715 1127 770 invidiam.
1166 715 1316 770 Adde
1343 715 1550 770 divitiis
1581 714 1743 768 etiam
1780 714 1995 767 civilem

425 807 665 876 aiiquam
701 815 1050 878 potestatem,
1104 816 1198 860 aut
1238 807 1402 860 etiam
1460 806 1670 861 delatos
1713 821 1740 859 a
1778 805 1996 875 regibus

427 903 700 966 honores,
740 909 833 955 aut
872 901 1109 970 gentium
1151 899 1634 968 gubernationem,
1662 908 1755 951 aut
1781 898 1995 952 excrci-

428 1005 577 1047 tuum
618 993 903 1062 imperium
928 1010 941 1045 :
963 1007 1263 1060 praeconem
1293 1007 1484 1058 magna
1510 1007 1643 1046 voce
1663 1001 1788 1045 ante
1821 991 1996 1059 ipsum

427 1083 756 1138 clamantem
794 1083 1068 1136 ilic/tores
1092 1082 1216 1135 hinc
1242 1093 1296 1136 et
1323 1083 1449 1137 inde
1478 1082 1710 1136 subditis
1741 1083 1996 1136 timorem

425 1175 802 1246 gravissimum
862 1173 1156 1228 inferentes
1185 1189 1196 1222 :
1242 1173 1448 1244 plagas,
1481 1174 1872 1244 publicationes
1901 1174 1997 1228 bo—

424 1281 641 1329 norum,
673 1265 890 1329 exsilia,
924 1265 1138 1320 vincula
1173 1285 1185 1320 :
1230 1280 1259 1320 e
1292 1267 1487 1334 quibus
1520 1266 1877 1322 intolerabilis
1908 1265 1997 1320 ille

425 1357 788 1426 subiectorum
821 1367 999 1412 metus
1028 1358 1356 1412 concrescit.
1383 1357 1518 1422 Quid
1545 1373 1672 1411 vero
1703 1366 1826 1427 post
1857 1356 1996 1411 hoc?

424 1448 540 1504 Una
572 1464 704 1511 nox,
741 1458 836 1503 aut
873 1465 975 1502 una
997 1449 1190 1512 febris,
1222 1460 1317 1502 aut
1351 1450 1622 1519 pleuritis,
1651 1459 1746 1504 aut
1781 1451 1994 1519 pulmo-

425 1538 907 1606 nisinﬂammatio,
955 1541 1097 1595 hunc
1142 1539 1418 1596 hominem
1460 1555 1525 1595 ex
1562 1541 1874 1598 hominibus
1897 1543 1996 1597 ab-

422 1641 636 1702 reptum
665 1633 904 1698 abducit,
938 1632 1084 1687 illico
1111 1647 1328 1692 omnem
1362 1632 1507 1688 illius
1550 1649 1770 1689 scenam
1807 1637 1992 1703 nudat,

422 1736 586 1795 atque
633 1726 802 1795 glOria
836 1726 924 1780 illa
961 1741 1060 1780 ceu
1124 1727 1393 1781 somnium
1445 1741 1567 1782 esse
1627 1729 1991 1783 convincitur.

422 1820 610 1884 Quare
633 1819 892 1888 propheta
921 1818 1209 1872 humanam
1253 1819 1477 1888 gloriam
1504 1835 1626 1874 cum
1656 1819 1992 1876 debilissimo

421 1910 555 1965 llore
584 1910 942 1978 comparavit.

489 2093 543 2146 5.
573 2089 842 2146 Germinet
891 2103 1032 2146 terra
1091 2091 1301 2146 herbam
1333 2091 1440 2161 feni
1463 2132 1478 2154 ,
1514 2094 1779 2147 seminans
1820 2110 1992 2148 semen

422 2187 710 2238 secundum
744 2201 904 2254 genus
931 2194 978 2238 et
1001 2186 1288 2238 secundum
1331 2184 1752 2243 similitudinem.
1788 2186 1995 2240 Etiam-

427 2289 556 2330 num
591 2278 934 2332 nascentium
961 2277 1095 2332 ordo
1134 2277 1532 2332 ordinationem
1575 2281 1803 2346 primam
1833 2289 1996 2334 testa-

428 2378 515 2420 tur
539 2382 555 2421 :
584 2369 783 2438 quippe
811 2371 1033 2424 herbam
1057 2385 1302 2435 omnem,
1327 2385 1599 2439 omneque
1638 2387 1861 2439 gramen
1888 2387 1990 2425 an-

418 2460 620 2513 tecedit
658 2460 1003 2529 germinatio.
1056 2459 1185 2515 Sive
1237 2461 1383 2515 enim
1431 2462 1710 2531 quidpiam
1752 2478 1781 2516 a
1812 2463 1993 2518 radice

419 2563 488 2603 ex
530 2549 774 2602 interiori
825 2549 1074 2619 projectu
1097 2549 1430 2619 prorumpit,
1460 2560 1520 2604 ut
1555 2567 1749 2606 crocus
1777 2560 1833 2605 et
1870 2568 1992 2622 gra-

419 2655 566 2705 men,
622 2640 673 2694 id
717 2649 932 2710 oportet
987 2643 1316 2711 germinare,
1353 2653 1408 2697 et
1453 2642 1600 2698 foras
1625 2645 1934 2713 prominere
1973 2664 1985 2698 :

419 2735 534 2790 sive
559 2749 588 2787 a
630 2735 836 2788 semine
869 2733 1129 2803 gignitur,
1162 2734 1328 2788 etiam
1358 2736 1439 2791 sic
1466 2739 1778 2806 necessario
1802 2739 1858 2792 fit
1880 2739 1994 2808 pri-

419 2841 568 2881 mum
600 2827 959 2895 germinatio;
1012 2826 1211 2882 deinde
1258 2830 1462 2893 herba,
1505 2839 1617 2884 tum
1655 2832 1877 2886 virescit
1913 2831 1992 2886 fe-

417 2931 574 2979 num,
596 2925 868 2985 postremo
892 2916 1100 2970 fructus
1125 2918 1178 2970 in
1214 2919 1486 2988 aridojam
1522 2930 1575 2974 et
1605 2936 1792 2975 crasso
1814 2922 1992 2976 culmo

423 3009 706 3080 turgescit.
735 3006 999 3062 Germinet
1034 3016 1176 3062 terra
1212 3009 1426 3063 herbam
1462 3011 1591 3079 feni.
1639 3012 1773 3066 Cum
1806 3027 1990 3068 semen

2106 530 2398 602 ρευόντων,
2418 531 2510 593 οὓς
2529 532 2621 583 καὶ
2639 528 2840 602 προῖὼν
2862 529 2956 582 καὶ
2973 529 3135 582 πάλιν
3149 528 3387 582 ἐπανιὼν
3430 532 3589 583 ὲπισυ
3599 530 3680 602 ρό-

2103 639 2262 691 μενος
2291 621 2576 689 ὲπίφθονός
2604 623 2718 674 ἐστι
2753 624 2865 685 τοῖς
2893 621 3296 692 ἐντυγχάνουσι.
3329 621 3570 693 Πρόσθες
3601 617 3680 694 τῷ

2101 711 2314 782 πλούτῳ
2336 713 2431 764 καὶ
2468 711 2746 782 πολιτικήν
2775 728 2896 764 τινα
2917 711 3254 774 δυναστείαν,
3285 711 3317 781 ἢ
3351 713 3444 764 καὶ
3483 713 3583 774 τάς
3615 715 3682 766 ἐκ

2102 799 2366 870 βασιλέων
2387 800 2582 870 τιμάς·
2611 799 2642 871 ἢ
2669 799 2837 854 ἐθνῶν
2870 800 2980 871 (26)
3011 800 3355 871 ἐπιμέλειαν
3387 801 3420 871 ἢ
3455 817 3682 873 στρατο-

2101 893 2276 947 πέδων
2306 893 2601 964 ἡγεμονίαν
2620 910 2634 922 ο
2670 891 2762 946 τὸν
2787 894 3005 963 κήρυκα
3038 893 3179 963 μέγα
3209 892 3415 962 βοῶντα
3442 893 3549 964 πρὸ
3580 893 3679 946 αὑ-

2099 985 2192 1038 τοῦ
2218 1003 2230 1014 ·
2261 987 2384 1049 τοὺς
2416 984 2742 1056 ῥαϐδούχους
2771 983 2920 1038 ἐνθεν
2947 985 3039 1036 καὶ
3069 984 3217 1037 ἐνθεν
3251 983 3561 1055 βαρυτάτην
3583 1001 3682 1036 και

2099 1079 2365 1149 τάπληξιν
2395 1081 2508 1142 τοῖς
2540 1077 2861 1149 ἀρχομένοις
2892 1076 3280 1148 ἐμϐάλλοντας
3308 1076 3408 1140 τὰς
3443 1078 3677 1146 πληγάςο

2098 1173 2195 1236 τὰς
2229 1170 2546 1242 δημεύσειςο
2577 1173 2675 1232 τάς
2700 1169 3000 1237 ἀπαγωγάς
3027 1168 3139 1238 (‘27)
3161 1182 3174 1196 °
3218 1167 3283 1220 τά
3308 1167 3678 1240 δεσμωτήρια,

2098 1265 2157 1332 ἐξ
2212 1258 2286 1317 ὧν
2346 1263 2618 1334 ἀφόρητος
2680 1263 2708 1315 ὁ
2767 1261 2918 1333 παρὰ
2981 1260 3088 1313 τῶν
3151 1261 3480 1331 ὑποχειρίων
3549 1278 3676 1312 συν-

2098 1357 2408 1428 αθροίζεται
2455 1355 2635 1425 φόϐος.
2687 1356 2796 1408 Καὶ
2839 1355 2892 1406 τί
2945 1353 3083 1424 μετὰ
3109 1353 3298 1417 τοῦτος
3362 1353 3459 1425 μία
3493 1354 3610 1418 νὺξ,

2100 1450 2332 1522 πυρετὸς
2388 1444 2488 1512 εἷς,
2546 1448 2578 1518 ἢ
2623 1447 2918 1520 πλευρῖτις,
2979 1446 3011 1517 ἢ
3075 1446 3523 1516 περιπνευμονία,
3582 1447 3678 1499 ἀν-

2099 1543 2374 1614 άρπαστον
2432 1541 2490 1607 ἐξ
2540 1539 2840 1612 ἀνθρώπων
2900 1539 3190 1607 ἀπάγουσα
3247 1538 3337 1591 τὸν
3393 1538 3679 1610 ἄνθρωπον

2097 1636 2328 1706 οἴχεται,
2387 1635 2566 1687 πᾶσαν
2619 1631 2716 1702 τὴν
2774 1633 2892 1685 κατ’
2947 1617 3106 1685 αὐτόν
3167 1629 3371 1701 σκηνὴν
3421 1630 3680 1701 ἐξαπίνης

2097 1726 2564 1799 ἀπογυμνώσασα,
2611 1725 2704 1778 καὶ
2746 1726 2778 1795 ἡ
2813 1723 2938 1790 δόξα
2979 1724 3160 1795 ἐκείνη
3201 1722 3388 1794 ὥσπερ
3429 1723 3680 1777 ἐνύπνιον

2026 1785 2069 1842 Β
2097 1785 2437 1892 ἀπηλέγχθη.
2469 1785 2631 1870 Ὥστε
2679 1785 3056 1872 ἐπιτέτευκται
3101 1785 3211 1886 (έ8)
3248 1814 3324 1886 τῷ
3350 1785 3601 1886 προφήτῃ
3643 1815 3677 1885 ή

2093 1915 2229 1986 πρὸς
2251 1912 2313 1965 τὸ
2340 1910 2732 1983 ἀδρανέστατον
2761 1909 2918 1971 ἄνθος
2941 1908 3196 1979 ὁμοίωσις
3216 1909 3314 1980 τῆς
3335 1907 3678 1980 ἀνθρωπίνης

2092 2006 2274 2077 565a:-

2163 2099 2219 2152 5.
2250 2094 2660 2164 Βλαστησὰτω
2692 2096 2730 2165 ὴ
2757 2094 2832 2165 τῆ
2861 2093 3134 2161 βοτάνην
3163 2093 3400 2162 χόρτου,
3426 2093 3680 2163 σπεῖρον
3751 2122 3756 2126 -

2092 2190 2332 2259 σπέρμα
2366 2191 2514 2244 κατὰ
2541 2187 2715 2259 γένος
2751 2187 2847 2241 καὶ
2882 2186 3010 2242 καθ’
3045 2187 3380 2256 ὁμοιότητα.
3429 2188 3548 2240 Ἔτι
3582 2186 3678 2241 καὶ

2094 2283 2249 2354 νῦνὴ
2282 2281 2434 2346 τάξις
2468 2282 2576 2334 τῶν
2609 2280 2720 2350 (9.9)
2769 2279 3051 2350 φυομένων
3088 2281 3354 2350 μαρτυρεῖ
3394 2281 3459 2350 τῇ
3485 2279 3676 2350 πρώτῃ

2091 2359 2485 2446 διακοσμήσει(
2514 2374 2575 2425 Ἦ
2624 2371 2731 2443 γάρ
2780 2370 3072 2442 βλάστησις
3132 2371 3452 2441 καθηγεῖται
3497 2371 3677 2441 πάσης

2096 2467 2325 2540 βοτάνης
2353 2465 2446 2520 καὶ
2476 2466 2654 2535 πάσης
2681 2465 2836 2527 πόας.
2874 2464 2998 2517 Εἴτε
3026 2462 3134 2534 γὰρ
3163 2463 3270 2516 ἀπὸ
3301 2462 3455 2534 ῥίζης
3481 2462 3680 2516 ἐκδίδο-

2093 2559 2181 2612 ταί
2224 2576 2277 2611 τι
2317 2560 2380 2610 ἐκ
2417 2557 2517 2628 τῆς
2561 2555 2802 2610 κάτωθεν
2854 2553 3140 2624 προϐολῆς,
3207 2552 3282 2617 ὡς
3330 2552 3529 2624 κρόκος
3583 2552 3679 2606 καὶ

2093 2651 2389 2722 ἄγρωστις,
2423 2648 2829 2718 ἀναϐλαστῆσαι
2875 2646 2956 2699 δεῖ
2995 2646 3088 2698 καὶ
3126 2645 3220 2697 ἐπὶ
3245 2644 3305 2696 τὸ
3334 2643 3436 2708 ἔξω
3466 2642 3673 2715 προκύ-

2092 2744 2190 2812 ψαι
2216 2761 2227 2771 ·
2259 2745 2367 2795 εἴτε
2400 2742 2507 2795 ἀπὸ
2533 2740 2866 2810 σπέρματος,
2899 2739 2990 2792 καὶ
3022 2737 3192 2800 οὕτως
3215 2736 3427 2807 ἀνάγκη
3461 2736 3677 2808 πρῶτον

2097 2835 2407 2908 βλάστησιν,
2439 2830 2558 2887 εἶτα
2591 2833 2822 2904 βοτάνην
2854 2830 3124 2900 γενέσθαι,
3156 2825 3274 2882 εἶτα
3307 2830 3496 2900 χόρτον
3523 2830 3675 2900 χλοά-

2093 2929 2275 2992 ζοντα,
2311 2924 2430 2980 εἷτα
2471 2925 2562 2979 τὸν
2598 2927 2805 2996 καρπὸν
2845 2925 2937 2976 ἐπὶ
2976 2923 3145 2995 ξηρᾶς
3187 2923 3287 2994 ἤδη
3319 2923 3411 2976 καὶ
3445 2923 3674 2993 παχείας

2093 3022 2191 3092 τῆς
2216 3020 2468 3091 καλάμης
2509 3018 2867 3090 ἁδρυνόμενον
2898 3018 3029 3088 (50)τ
3073 3015 3483 3084 Βλαστησάτω
3523 3017 3559 3083 ἡ
3597 3016 3671 3086 γῆ

420 3101 477 3154 in
512 3110 711 3156 terrain
742 3101 967 3154 humore
999 3109 1054 3156 et
1078 3101 1259 3156 calore
1290 3103 1568 3158 moderato
1595 3105 1873 3173 prmditam
1910 3106 1992 3160 in-

2096 3110 2368 3178 ,ϐοτάνην
2395 3110 2633 3179 χόρτου.
2664 3109 2832 3160 Ὅταν
2859 3109 2940 3170 είς
2966 3107 3070 3176 γῆν
3101 3106 3387 3178 καταπέσῃ
3409 3105 3470 3159 τὸ
3503 3106 3672 3178 σπέρ-

419 3195 576 3261 cidit,
601 3195 780 3248 laxum
817 3195 1074 3259 cvadens,
1111 3210 1174 3248 ac
1203 3195 1453 3264 plurimis
1490 3197 1706 3264 plenum
1727 3199 1994 3254 meatibus

424 3297 629 3344 terram
665 3285 1002 3354 adiacentem
1037 3288 1406 3356 complexum,
1452 3290 1670 3359 propria
1698 3291 1800 3345 sibi
1829 3301 1883 3345 et
1911 3307 1998 3346 co-

415 3390 580 3452 gnata
613 3380 679 3434 ad
710 3395 769 3434 se
794 3380 1044 3433 attrahit.
1087 3379 1286 3434 Verum
1326 3383 1657 3437 tenuissima:
1693 3394 1850 3438 terrae
1877 3399 1997 3452 par-

423 3483 506 3528 tes
538 3473 805 3527 meatibus
843 3471 951 3526 illis
976 3471 1219 3541 allapszc,
1273 3483 1328 3527 et
1365 3473 1446 3528 eis
1477 3489 1602 3530 sese
1641 3474 1950 3531 inserentes
1977 3517 1993 3543 ,

415 3566 652 3636 amplius
705 3565 902 3620 molem
949 3566 1120 3635 ipsius
1163 3566 1439 3622 dilatant:
1494 3570 1628 3622 adeo
1654 3581 1713 3622 ut
1743 3570 1992 3625 deorsum

416 3659 637 3729 quidem
665 3668 791 3728 agat
828 3659 1061 3724 radices,
1101 3674 1316 3713 sursum
1351 3674 1479 3715 vero
1512 3661 1858 3731 promineat,
1917 3672 1996 3718 tot

420 3751 614 3807 culmis
643 3750 929 3814 videlicet,
961 3759 1092 3819 quot
1119 3751 1332 3806 radices
1364 3763 1510 3816 sunt,
1555 3754 1985 3824 emergentibns.

408 3841 761 3914 .Tepescente
805 3850 984 3896 autem
1014 3857 1250 3911 _seuiper
1290 3845 1555 3912 germine,
1582 3852 1846 3901 attractus
1897 3861 1995 3916 per

404 3938 640 3990 .radices
673 3935 890 4000 humor,
933 3951 1028 4005 per
1068 3936 1272 3990 caloris
1326 3938 1706 3992 altractionem
1746 3939 1994 3994 modera-

405 4037 535 4080 tum
558 4026 623 4080 de
651 4035 791 4080 terra
820 4025 1134 4081 alimentum
1167 4027 1419 4092 adducit;
1457 4030 1618 4100 idque
1654 4031 1706 4084 in
1729 4031 1990 4096 culmum,

421 4130 478 4175 et
511 4119 566 4174 in
591 4119 874 4186 corticem,
907 4128 962 4173 et
992 4117 1342 4175 iit—frumenti
1395 4122 1600 4190 thecas,
1633 4124 1766 4178 etin
1811 4127 1993 4195 ipsum

422 4215 688 4280 triticum,
718 4223 774 4270 et
800 4214 856 4268 in
882 4213 1100 4269 aristas
1140 4214 1482 4283 dispertitur.
1529 4215 1706 4285 Atque
1738 4217 1994 4284 quaaliliet

420 4323 510 4364 res
540 4323 788 4371 nascens,
824 4308 1163 4363 incremento
1195 4309 1273 4363 sic
1321 4307 1582 4376 paulatim
1631 4317 1878 4380 accepto,
1925 4310 1992 4364 ad

397 4395 670 4454 idoneam
708 4400 1096 4470 prapriamqne
1125 4400 1372 4469 pervenit
1411 4413 1748 4463 mensuram,
1777 4402 1891 4456 sive
1924 4402 1989 4456 ad

2101 3225 2176 3278 μα
2208 3206 2535 3277 συμμέτρως
2573 3203 2772 3266 νοτίδος
2813 3203 2906 3255 καὶ
2949 3202 3158 3273 θέρμης
3184 3201 3431 3271 ἔχουσαν,
3479 3201 3674 3272 χαῦνον

2099 3298 2389 3368 γενόμενον
2416 3296 2506 3349 καὶ
2535 3293 2859 3365 πολύπορον,
2885 3293 2984 3364 τῆς
3012 3292 3419 3364 παρακειμένης
3445 3293 3546 3364 γῆς
3577 3308 3675 3345 πε-

2099 3388 2512 3462 ριδραξάμενον,
2570 3386 2638 3439 τὰ
2669 3387 2843 3439 οἰκεῖα
2895 3385 2989 3437 καὶ
3036 3383 3290 3454 σύμφυλα
3332 3383 3467 3454 πρὸς
3514 3382 3675 3436 ἑαυτὸ

2097 3479 2416 3532 ἐπισπᾶται.
2463 3475 2836 3547 Ἐμπίπτοντα
2857 3473 2913 3526 δὲ
2947 3476 3058 3536 τοῖς
3101 3474 3287 3545 πόροις
3319 3474 3411 3525 καὶ
3435 3473 3673 3544 περιολι-

2099 3572 2380 3626 σθαίνοντα
2424 3570 2523 3640 τῆς
2554 3568 2658 3638 γῆς
2702 3568 2769 3620 τὰ
2812 3567 3116 3621 λεπτότατα
3160 3567 3342 3638 μόρια,
3381 3566 3474 3618 ἐπὶ
3515 3567 3674 3620 πλέον

2095 3663 2382 3735 ἀνευρύνει
2433 3663 2558 3725 τοὺς
2596 3660 2790 3728 ὄγκους
2836 3659 2998 3712 αὐτού
3038 3659 3148 3728 (51)
3171 3676 3183 3689 ·
3221 3659 3359 3711 ὥστε
3395 3657 3674 3728 ῥιζοῦσθαι

2100 3755 2199 3826 μὲν
2219 3757 2299 3818 είς
2318 3755 2378 3827 τὸ
2403 3752 2572 3815 κάτω,
2593 3752 2683 3804 ἐπὶ
2705 3751 2764 3804 τὸ
2786 3751 2898 3804 ἄνω
2918 3751 2974 3803 δὲ
2992 3750 3345 3822 προκύπτειν,
3369 3750 3674 3820 ἰσαρίθμων

2097 3851 2215 3912 ταῖς
2246 3849 2423 3920 ῥίζαις
2452 3846 2558 3899 τῶν
2587 3844 2849 3914 καλάμων
2883 3843 3360 3915 προϐαλλομένων·
3397 3843 3676 3914 θαλπομέ-

2096 3957 2188 3993 νου
2221 3939 2276 3991 δὲ
2309 3940 2396 3991 ἀεὶ
2429 3937 2522 3991 τοῦ
2557 3937 2949 4007 βλαστήματος,
3002 3936 3302 4005 συρομένην
3333 3934 3420 3988 διὰ
3450 3934 3558 3988 τῶν
3587 3937 3671 4006 ρι-

2097 4027 2206 4092 ζὼν
2251 4028 2350 4099 τὴν
2394 4027 2592 4088 νοτίδα,
2635 4030 2702 4097 τῇ
2743 4027 2873 4097 ὁλκῇ
2910 4025 3003 4078 τοῦ
3039 4025 3240 4096 θερμοῦ
3270 4024 3673 4094 συνεπάγεσθαι

2095 4118 2188 4171 τοῦ
2216 4119 2481 4191 τροφίμου
2515 4117 2616 4188 τῆς
2653 4119 2754 4188 γῆς
2783 4119 2904 4170 ὅσον
2930 4116 3170 4187 μέτριον,
3195 4117 3288 4170 καὶ
3316 4116 3473 4169 τοῦτο
3504 4134 3672 4171 κατα-

2099 4210 2342 4282 μερίζειν
2376 4213 2454 4274 εἰς
2478 4210 2729 4281 καλάμην
2759 4212 2853 4263 καὶ
2888 4209 3088 4280 φλοιὸν,
3118 4210 3210 4264 καὶ
3247 4210 3345 4274 τὰς
3377 4209 3550 4281 θήκας
3578 4210 3670 4263 τοῦ

2098 4305 2266 4366 σίτου,
2309 4305 2403 4357 καὶ
2445 4303 2604 4356 αὐτὸν
2636 4303 2726 4356 τὸν
2759 4306 2902 4356 σῖτον
2944 4302 3036 4355 καὶ
3071 4301 3196 4364 τοὺς
3223 4302 3513 4371 άνθέρικας
3535 4320 3548 4331 ·
3579 4305 3672 4355 καὶ

2095 4395 2236 4448 οὕτω
2262 4394 2399 4448 κατὰ
2424 4394 2618 4466 μικρὸν
2641 4395 2738 4465 τῆς
2769 4394 3049 4464 αὐξήσεως
3072 4394 3378 4465 γινομένης,
3403 4396 3494 4447 ἐπὶ
3517 4395 3578 4448 τὸ
3594 4397 3672 4447 οξ-

398 4491 701 4555 .frumenti,
737 4501 831 4544 aut
851 4490 1165 4561 leguminis,
1195 4502 1287 4545 aut
1317 4491 1504 4556 oleris,
1530 4501 1623 4544 aut
1658 4490 1869 4546 fruticis
1897 4508 1990 4562 ge-

2098 4491 2240 4540 κεῐον
2278 4487 2473 4558 μέτρον
2498 4486 2725 4540 ἕκαστον
2743 4487 2849 4539 τῶν
2868 4487 3150 4557 φυομένων
3182 4485 3669 4549 ἀποκαθίστασθαι,

419 4597 522 4637 nus
553 4582 842 4652 pertineat.
885 4580 1059 4637 Unum
1106 4581 1308 4659 fenum,
1364 4583 1641 4650 herbaque
1673 4597 1777 4634 una
1820 4591 1988 4636 totam

421 4683 567 4727 tuam
600 4683 835 4728 mentem
865 4674 919 4727 in
955 4689 1041 4740 ea,
1077 4688 1146 4728 ex
1179 4687 1284 4742 qua
1325 4673 1544 4742 prodiit,
1590 4674 1988 4736 arteconsidc--

419 4766 611 4832 randa,
655 4777 1183 4838 occuparepotest:
1230 4765 1502 4837 quomodo
1551 4764 1816 4835 geniculis
1851 4781 1988 4835 prre-

407 4861 670 4932 ciugatur
704 4860 959 4914 frumenti
992 4860 1221 4923 culmus,
1262 4871 1368 4925 quo
1397 4854 1563 4910 veluti
1595 4854 1808 4908 vincula
1845 4870 1986 4924 quin-

487 5046 602 5117 (26)
634 5033 713 5098 Ita
740 5040 1064 5117 mss.r_nulti.
1102 5039 1261 5094 Deest
1286 5037 1334 5109 ἦτ
1355 5039 1407 5091 in
1449 5037 1610 5092 editis
1632 5045 1759 5117 ante
1775 5035 1980 5117 solas.

417 5107 738 5183 Paulo'post
787 5112 914 5168 editi
946 5125 1066 5183 cum
1097 5107 1512 5183 qiiatnoeniss.
1572 5109 1699 5170 τοὺς
1763 5107 1984 5179 ῥαϐδού-

413 5177 696 5263 χουςζ
716 5180 1093 5263 (ιυτιιιιοιο-τοὺς
1118 5177 1514 5263 ’ραὅᾷοφόρουῇ

486 5247 614 5330 (Ξῖ)
665 5247 794 5330 Ιιιξε.
825 5261 1035 5330 sextus
1062 5247 1173 5330 ,ρι’
1200 5247 1426 5330 uterque
1466 5248 1628 5301 Coisl.
1673 5247 1982 5330 ctitnhcolb.

414 5318 653 5386 secundo
681 5318 780 5390 τάξ
821 5319 1134 5398 ἐπαγωγὰς,
1161 5320 1212 5372 id
1243 5329 1346 5382 cst,
1372 5334 1572 5398 pinnas,
1610 5318 1986 5398 captivitatem,

415 5411 464 5454 et
513 5392 1028 5468 οηιηὶαηιιιεὶῃίεζνί
1066 5401 1281 5468 ρρεδιιῃι
1315 5391 1476 5443 mala.
1514 5390 1712 5443 Statim
1738 5403 1866 5444 mss.
1889 5401 1981 5443 sex

421 5458 852 5539 συναθροίζεται.
880 5458 1022 5518 Etliti
1055 5458 1388 5539 ἀθροίζεται.
1418 5533 1429 5539 _
1565 5499 1577 5516 ,

491 5527 706 5608 (ἓωίιεί
726 5538 938 5592 codices
969 5527 1248 5608 sex._Etliti
1282 5533 1644 5608 ἐπιτέτακται,
1673 5528 1831 5583 male.
1861 5527 1978 5584 Mox

415 5599 874 5682 Cu‘ihgsecundus
903 5604 1038 5682 πρὸς
1063 5603 1125 5659 τὸ
1146 5601 1554 5682 ἀδρανέστιερον.
1597 5669 1652 5682 Α
1702 5669 1733 5682 Α.

489 5678 598 5750 (‘29)
631 5679 728 5750 Sic
777 5692 905 5750 mss.
947 5669 1242 5750 Deestfctbv
1267 5673 1328 5725 in
1353 5669 1527 5750 editis.
1571 5669 1792 5750 __S_tatim
1843 5686 1975 5728 mss.

418 5744 859 5808 ωυιιιέκδίδοταί
886 5764 955 5800 τι.
987 5744 1326 5802 Uesideratnr
1356 5759 1406 5795 τι
1436 5745 1485 5798 in
1519 5744 1697 5798 editis.

377 5830 413 5871 /

2097 4581 2205 4632 εἴτε
2239 4597 2290 4632 τι
2345 4579 2452 4632 τῶν
2487 4579 2743 4651 σιτηρῶν,
2785 4578 2894 4631 εἴτε
2933 4579 3041 4631 τῶν
3079 4579 3377 4650 χεδρόπων,
3419 4577 3528 4631 είτε
3561 4579 3672 4632 τῶν

2098 4671 2420 4742 λαχανωδῶν
2467 4673 2500 4741 ἢ
2550 4671 2899 4743 φρυγανικῶν
2935 4671 3212 4741 τυγχάνοι.
3243 4666 3337 4734 Εἷς
3363 4673 3552 4742 χόρτος
3577 4671 3674 4726 καὶ

2098 4764 2197 4833 μία
2228 4763 2424 4834 βοτάνη
2463 4763 2684 4834 ἐξαρκεῖ
2721 4763 2819 4834 τὴν
2852 4763 3088 4816 διάνοιάν
3124 4779 3216 4817 σου
3246 4766 3426 4818 πᾶσαν
3469 4766 3548 4828 εἰς
3571 4764 3672 4836 τὴν

2095 4857 2326 4926 θεωρίαν
2365 4856 2464 4925 τῆς
2511 4856 2955 4948 ἐξεργασαμένης
2995 4857 3106 4929 (ὅξὶ)
3149 4858 3289 4912 αὐτὰ
3328 4856 3524 4929 τέχνης
3561 4858 3672 4911 ὰπ-

2469 5047 2658 5122 εθξιιιξ
2682 5038 2937 5122 καλάμης
2963 5039 3346 5122 βαρυνόμενον.

2161 5109 2273 5171 (51)
2309 5108 2448 5181 Editi
2480 5111 2605 5172 τοὺς
2635 5108 2838 5179 όγκους
2882 5108 3067 5176 αὑτοῦ,
3110 5108 3360 5165 videlicet
3415 5109 3670 5181 σπέρμα-

2087 5195 2212 5244 τος·
2244 5193 2403 5247 quam
2441 5179 2722 5234 lectionem
2766 5181 2982 5235 exhibet
3011 5197 3224 5250 quoque
3244 5182 3406 5238 Coisl.
3437 5179 3664 5250 primus,

2091 5252 2522 5320 secundamanu
2558 5251 2892 5304 en'iendatus.
2923 5253 3025 5306 Alii
3083 5261 3286 5320 septeni
3315 5254 3529 5307 codices
3568 5252 3667 5303 αύ-

2089 5323 2210 5391 τῆς,
2253 5319 2528 5392 Ᾱνίάειίοριί
2569 5321 2816 5392 βοτάνης.
2874 5321 3068 5376 Statim
3137 5319 3241 5375 duo
3289 5339 3417 5376 mss.
3469 5323 3580 5376 ἄνω
3604 5321 3665 5375 δὲ

2095 5390 2442 5461 προκόπτειν.
2494 5390 2633 5446 Editi
2669 5390 2792 5446 cum
2833 5392 2954 5448 aliis
3011 5408 3142 5448 mss.
3183 5393 3539 5464 προκύπτειν,
3579 5406 3667 5447 re-

2093 5475 2251 5516 CllllS.

2161 5531 2274 5607 (ᾇέ)
2304 5532 2393 5607 Sic
2427 5547 2702 5607 mss.“sex_,
2738 5533 2955 5603 optime.
2995 5533 3170 5588 Editio
3211 5533 3378 5607 Paris.
3416 5535 3666 5607 ἐξειργαρ

2089 5602 2316 5676 σμένης.
2349 5603 2523 5660 Editio
2547 5602 2709 5658 Basil.
2742 5602 2863 5660 cum
2914 5607 3123 5662 duobus
3169 5621 3297 5661 mss.
3328 5602 3666 5680 ἐξεργασμέο

2087 5692 2204 5748 νης.
