4082 6398
438 394 534 450 ιιι

1556 378 1841 446 HOMILIA
1880 389 1922 444 Υ
1965 388 2036 444 IN
2074 383 2566 445 HEXAEMERON.

3578 389 3682 448 102

430 514 729 587 ασχολῆσαι
746 532 758 544 ·
790 514 906 579 πῶς
919 515 1106 584 γόνασι
1121 512 1476 579 διαζώννυται
1504 515 1537 584 ή
1564 514 1783 585 καλάμη
1813 513 1906 567 τοῦ
1932 514 1991 566 σί

2114 514 2237 568 dam
2264 514 2477 569 facilius
2507 514 2779 581 spicarum
2818 513 3025 581 pondus
3068 512 3289 577 ferant,
3333 528 3456 567 cum
3488 513 3681 567 fructi-

429 620 546 668 του,
583 605 669 657 ἵνα
701 604 890 677 ὥσπερ
922 606 1203 676 σύνδεσμοί
1226 623 1367 668 τινες
1394 606 1589 677 ῥᾳδίως
1616 606 1676 657 τὸ
1704 606 1866 676 βάρος
1900 604 2007 657 τῶν

431 696 720 766 ἀσταχύων
754 696 1009 766 φέρωσιν,
1033 697 1161 749 ὅταν
1187 696 1413 767 πλήρεις
1445 696 1595 757 ὄντες
1622 696 1848 767 καρπῶν
1871 695 2007 766 πρὸς

428 788 526 859 τὴν
558 790 659 857 γῆν
688 789 1136 842 κατακλίνωνται.
1162 789 1261 840 Διὰ.
1286 787 1441 841 τοῦτο
1468 790 1496 840 6
1534 788 1630 858 μὲν
1683 788 1881 858 βρόμος
1924 787 2004 839 δι-

424 879 551 933 όλου
582 880 757 943 κενὸς,
781 880 874 932 ἅτε
898 880 1081 950 μηδενὶ
1108 880 1207 951 τὴν
1232 878 1469 950 κεφαλὴν
1484 879 1851 950 βαρυνόμενος
1872 895 1884 908 ·
1912 878 2004 931 τὸν

426 972 483 1024 δὲ
524 975 668 1024 σῖτον
691 975 802 1034 τοῖς
832 972 1146 1042 συνδέσμοις
1176 972 1381 1035 τούτοις
1418 974 1450 1042 ή
1480 971 1639 1040 φύσις
1670 971 2005 1042 κατησφαλί-

431 1079 583 1115 σατο.
622 1064 710 1117 Ἐν
747 1063 888 1135 θήκῃ
915 1063 971 1115 δὲ
996 1062 1086 1115 τὸν
1116 1063 1311 1116 κόκκον
1347 1062 1677 1132 ἀποθεμένη,
1708 1062 1782 1124 ὡς
1809 1062 1881 1133 μὴ
1916 1064 2004 1115 εύ-

425 1153 758 1224 διάρπαστον
787 1151 1055 1219 εἶναιτοῖς
1090 1154 1482 1227 σπερμολόγοις
1505 1156 1645 1225 (55)·
1685 1155 1763 1208 ἔτι
1805 1157 1897 1209 καὶ
1933 1160 1999 1227 τῇ

427 1243 663 1314 προϐολῇ
697 1244 802 1298 τῶν
827 1246 1123 1318 ἀνθερίκων
1148 1242 1259 1301 οἷον
1282 1248 1430 1299 ἁκίσι
1450 1246 1547 1309 τὰς
1568 1248 1632 1299 ἐκ
1661 1247 1769 1299 τῶν
1790 1247 2001 1319 μικρῶν

426 1333 583 1400 ζώων
613 1336 871 1407 ἀφίστησι
901 1338 1121 1407 βλάϐας.

496 1429 551 1482 4.
590 1429 653 1482 Τί
680 1430 846 1494 sine);
877 1430 928 1482 τί
974 1432 1269 1501 σιωπήσω;
1318 1432 1405 1484 Ἐν
1450 1430 1721 1494 πλουσίοις
1761 1430 1861 1501 τῆς
1885 1429 2000 1483 κτί-

426 1535 566 1582 σεως
612 1520 903 1592 θησαυροῖς
933 1522 1133 1593 ἄπορος
1176 1522 1272 1592 μὲν
1308 1525 1339 1593 ἡ
1375 1522 1587 1594 εὕρεσις
1625 1523 1717 1575 τοῦ
1756 1523 2001 1595 τιμιωτέ-

427 1628 543 1683 ρου,
569 1612 955 1684 δυσφορωτάτη
987 1614 1043 1666 δὲ
1080 1617 1111 1685 ή
1139 1616 1310 1685 ζημία
1348 1617 1440 1668 τοῦ
1471 1617 1814 1689 παρεθέντος.
1852 1620 2001 1670 Βλα-

419 1701 706 1768 στησάτω
733 1705 771 1771 ἡ
797 1702 871 1772 γῆ
895 1704 1169 1773 ,ϐοτάνην
1194 1707 1430 1774 χόρτου.
1458 1709 1567 1760 Καὶ
1589 1708 1787 1772 εὐθέως
1817 1709 1998 1773 συνεξ-

423 1793 581 1864 εδόθη
626 1796 739 1857 τοῖς
771 1796 1056 1866 τροφίμοις
1088 1797 1155 1849 τά
1186 1797 1484 1870 δηλητήρια
1504 1818 1517 1829 ·
1549 1802 1685 1870 μετά
1722 1801 1815 1853 τοῦ
1851 1801 1996 1854 σίτου

422 1892 483 1945 τὸ
524 1891 766 1956 κώνειον,
815 1892 951 1963 μετά
993 1893 1099 1945 τῶν
1142 1893 1342 1947 λοιπῶν
1386 1897 1666 1967 τροφίμων
1701 1896 2001 1967 ἐλλέϐορος,

421 1983 518 2035 καὶ
549 1984 813 2049 ἀκόνιτον,
852 1984 945 2037 καὶ
983 1985 1382 2056 μανδραγόρας,
1428 1989 1520 2041 καὶ
1564 1992 1592 2041 6
1619 1990 1716 2060 τῆς
1749 1991 1997 2061 μήκωνος

418 2077 573 2140 ὀπός.
603 2076 667 2129 Τί
695 2073 819 2142 οὖνς
845 2076 1074 2146 ἀφέντες
1106 2079 1166 2131 τὸ
1200 2081 1291 2132 ἐπὶ
1320 2083 1431 2144 τοῖς
1465 2084 1757 2154 χρησίμοις
1789 2086 1887 2151 τὴν
1909 2084 1998 2152 χά-

426 2186 510 2240 ριν
538 2170 835 2241 ὁμολογεῖν,
882 2171 1248 2242 ὲγκαλέσομεν
1290 2173 1367 2243 τῷ
1394 2176 1718 2246 Δημιουργῷ
1768 2177 1858 2228 ἐπὶ
1885 2179 1995 2239 τοῖς

419 2260 740 2332 φθαρτικοῖς
771 2262 926 2333 ἡμῶν
950 2262 1048 2332 τῆς
1072 2263 1249 2332 ζωῆς;
1280 2265 1453 2316 ἐκεῖνο
1484 2265 1537 2318 δὲ
1563 2266 1622 2317 ού
1649 2263 1992 2335 λογισόμεθα,

419 2352 502 2406 ὅτι
536 2352 596 2405 ού
623 2353 800 2406 πάντα
825 2353 923 2423 τῆς
947 2353 1182 2424 γαστρὸς
1208 2354 1390 2408 ἕνεκεν
1414 2356 1513 2425 τῆς
1545 2356 1817 2427 ἡμετέρας
1841 2355 1992 2427 δεδη-

416 2442 795 2516 .μιούργηται;
839 2444 978 2497 Ἀλλ’
1008 2448 1139 2516 ἡμῖν
1175 2447 1272 2517 μὲν
1317 2448 1373 2500 αἰ
1408 2448 1841 2518 άποτεταγμέναι
1867 2466 1995 2519 τρο-

418 2535 521 2604 φαὶ
556 2537 857 2608 πρόχειροι,
886 2536 981 2589 καὶ
1011 2540 1176 2591 πᾶσιν
1208 2539 1520 2608 εὖγνωστοι·
1557 2540 1782 2594 ’ἑκαστον
1812 2542 1865 2595 δὲ
1888 2541 1995 2595 τῶν

420 2628 727 2699 γενομένων
758 2626 886 2682 ἴδιόν
912 2648 1033 2684 τινα
1066 2632 1221 2701 λόγον
1256 2636 1313 2687 ἐν
1340 2638 1403 2705 τῇ
1439 2635 1609 2689 κτίσει
1644 2636 1855 2707 πληροῖ.
1902 2637 1993 2709 Μὴ

409 2722 553 2793 γὰρ,
588 2723 770 2794 ἐπειδή
797 2740 878 2776 σοι
911 2724 1237 2795 δηλητήριον
1267 2727 1327 2779 τὸ
1359 2726 1577 2797 ταύριον
1618 2723 1773 2798 αἷμα,
1803 2729 1992 2782 τούτου

417 2812 606 2866 ἕνεκεν
638 2813 743 2866 ἔδει
868 2814 943 2885 μὴ
970 2816 1311 2887 παραχθῆναι
1350 2818 1409 2871 τὸ
1441 2818 1597 2882 ζῶον,
1638 2820 1669 2889 ἢ
1719 2820 1992 2891 παραχθὲν

419 2906 649 2976 ἄναιμον
679 2905 787 2977 (54)
812 2901 971 2967 εἶναι,
999 2901 1058 2959 οὗ
1081 2908 1179 2977 τῆς
1203 2907 1384 2977 ἰσχύος
1409 2910 1544 2979 πρὸς
1571 2909 1804 2963 τοσαῦτα
1836 2911 1993 2981 ἡμῶν

419 2997 683 3051 ἐπιδεῖται
711 2999 739 3050 6
775 2997 922 3067 βίοςς
970 2998 1129 3051 Ἀλλά
1155 3000 1238 3051 σο)⁸
1268 3001 1364 3070 μὲν
1387 3001 1665 3072 αὐτάρκης
1694 3005 1721 3055 ὁ
1749 3002 1993 3066 σύνοικος

416 3090 572 3157 λόγος
602 3090 736 3161 πρὸς
760 3091 859 3160 τὴν
884 3089 1127 3161 φυλακὴν
1158 3090 1265 3144 τῶν
1286 3092 1562 3163 ὀλεθρίων.
1592 3094 1664 3146 Ού
1692 3094 1861 3163 δήπου
1886 3094 1992 3164 γὰρ

413 3182 665 3252 πρόϐατα
712 3181 811 3252 μὲν
861 3181 955 3235 καὶ
1001 3178 1156 3251 αἶγες
1202 3182 1377 3236 ἴσασιν
1414 3185 1743 3253 ἀποφεύγειν
1793 3184 1863 3237 τὰ
1890 3201 1992 3237 κα-

410 3269 618 3322 ρκοῦντα
652 3268 834 3323 αὐτῶν
864 3272 962 3340 τὴν
1001 3271 1166 3341 ζωὴν,
1214 3272 1350 3344 μόνῃ
1388 3276 1450 3344 τῇ
1487 3274 1734 3345 αἰσθήσει
1768 3277 1827 3329 τὸ
1860 3276 1988 3346 βλα-

416 3360 578 3431 ϐερὸν
611 3362 967 3433 διακρίνοντα·
1002 3364 1084 3416 σοὶ
1114 3363 1188 3427 δὲ,
1221 3358 1265 3431 ᾧ
1299 3364 1393 3417 καὶ
1430 3364 1585 3432 λόγος
1618 3366 1869 3436 πάρεστι,
1897 3369 1989 3420 καὶ

410 3452 635 3523 ἰατρικὴ
667 3453 827 3523 τέχνη
866 3453 926 3505 τὸ
957 3454 1222 3524 χρήσιμον
1261 3454 1639 3521 ἐκπορίζουσα,
1687 3457 1779 3508 καὶ
1823 3456 1989 3527 ήτῶν

419 3544 795 3616 προλαϐόντων
820 3548 1002 3616 πεῖρα,
1026 3545 1132 3598 τῶν
1161 3544 1503 3615 βλαπτόντων
1533 3548 1630 3618 τὴν
1660 3549 1837 3618 φυγὴν
1861 3550 1990 3602 ὑπο-

418 3635 708 3699 ϐάλλουσα,
740 3636 972 3705 χαλεπόν
996 3638 1161 3700 ἐστιν,
1193 3637 1313 3690 εἰπέ
1348 3655 1456 3708 μοι,
1481 3638 1722 3691 ἐκκλῖναι
1749 3638 1816 3692 τὰ
1837 3639 1991 3711 δηλη-

411 3727 613 3797 τήριας
644 3729 796 3781 Ἔστι
819 3727 873 3779 δὲ
895 3725 1098 3780 τούτων
1118 3728 1270 3780 οὐδὲν
1295 3728 1497 3799 ἀργῶς,
1522 3729 1674 3782 οὐδὲν
1704 3730 1990 3801 ἀχρήστως

413 3820 800 3891 γεγενημένον.
838 3821 907 3873 Ἢ
941 3820 1049 3892 γὰρ
1084 3820 1288 3892 τροφὴν
1322 3821 1550 3892 παρέχει
1582 3824 1686 3875 τινὶ
1725 3822 1832 3874 τῶν
1860 3822 1987 3875 ἀλό-

413 3929 549 3981 γων,
576 3913 609 3984 ἢ
636 3914 727 3966 καὶ
752 3915 881 3984 ἡμῖν
903 3914 1085 3978 αὐτοῖς
1116 3915 1265 3986 παρὰ
1288 3915 1385 3984 τῆς
1415 3914 1665 3984 ἰατρικῆς
1696 3916 1890 3985 τέχνης
1911 3918 1990 3979 εἰς

410 4006 769 4078 παραμυθίαν
815 4007 974 4059 τινῶν
1026 4008 1473 4079 ἀρρωστημάτων
1522 4007 1632 4075 (55)
1680 4006 1985 4078 ἐξεύρηται.

414 4098 489 4151 Τὸ
524 4100 620 4169 μὲν
650 4098 759 4169 γὰρ
791 4098 1013 4151 κώνειον
1038 4100 1088 4151 οἱ
1115 4099 1287 4169 ψᾶρες
1323 4098 1625 4167 βόσκονται,
1649 4099 1736 4151 διὰ
1770 4103 1865 4170 τὴν
1893 4118 1990 4154 κα-

411 4190 681 4260 τασκευὴν
700 4190 793 4243 τοῦ
822 4189 1071 4261 σώματος
1099 4191 1194 4261 τὴν
1227 4193 1290 4243 ὲκ
1319 4190 1409 4243 τοῦ
1439 4190 1758 4263 δηλητηρίου
1789 4192 1990 4263 βλάϐην

412 4281 896 4354 ἀποδιδράσκοντες
915 4300 929 4313 ’
961 4283 1189 4344 λεπτοὺς
1219 4281 1326 4353 γὰρ
1361 4281 1573 4351 ἔχοντες
1612 4285 1738 4347 τοὺς
1761 4284 1852 4336 ἐπὶ
1880 4283 1988 4353 (56)

410 4372 512 4444 τῆς
541 4373 767 4444 καρδίας
796 4373 1016 4443 πόρους,
1057 4372 1347 4440 φθάνουσιν
1384 4373 1619 4442 ἐκπέψαι
1655 4374 1714 4427 τὸ
1747 4392 1989 4427 καταπο-

412 4464 525 4528 θὲν,
562 4466 689 4537 πρὶν
711 4465 809 4533 τὴν
833 4466 926 4517 ἀπ’
955 4463 1120 4517 αὑτοῦ
1153 4462 1311 4533 ψύξιν
1344 4463 1450 4515 τῶν
1487 4465 1714 4537 καιρίων
1743 4464 1989 4534 καθάψα-

2014 3231 2061 3288 C

2112 607 2209 659 bus
2229 606 2416 675 plentr,
2440 607 2489 659 in
2519 615 2717 659 terram
2734 603 3120 672 proclinantur.
3140 602 3477 674 Quapmpter
3506 620 3677 659 avena

2110 696 2327 764 quidem
2359 695 2582 749 omnino
2607 704 2689 748 est
2725 709 2920 757 vacua,
2956 693 3111 759 cujus
3161 694 3372 749 scilicet
3421 706 3585 763 caput
3617 709 3679 749 re

2111 786 2253 840 nulla
2290 797 2545 857 gravetur
2581 805 2593 839 :
2625 798 2837 848 contra,
2876 785 3104 839 vinculis
3139 786 3221 839 his
3258 786 3494 840 triticum
3521 801 3676 840 com-

2110 879 2338 931 munivit
2369 889 2582 933 natura.
2617 879 2671 931 ln
2701 880 2856 933 theca
2900 894 3030 933 vero
3065 894 3290 949 granum
3327 880 3675 942 recondidit,

2109 987 2175 1025 ne
2217 973 2371 1027 facile
2401 989 2428 1025 a
2461 972 2737 1043 frugilegis
2764 974 2953 1027 avibus
2995 973 3304 1041 diripiatur.
3358 972 3581 1042 Insuper
3618 982 3676 1024 et

2106 1064 2395 1116 aristarum
2420 1064 2734 1125 eminentia,
2766 1063 2919 1131 quasi
2961 1062 3301 1131 cuspidibus,
3349 1062 3671 1117 animalium

2104 1170 2393 1223 parvorum
2427 1171 2620 1211 noxam
2654 1168 2805 1213 arcet
2842 1170 3005 1229 atque
3039 1162 3384 1215 detrimenta.

2172 1425 2225 1479 ι.
2255 1426 2391 1494 Quid
2417 1428 2631 1484 dicam?
2661 1431 2789 1500 quid
2824 1432 3036 1487 silentio
3085 1437 3414 1503 praeteribo?
3446 1438 3499 1492 In
3529 1455 3670 1509 opu-

2104 1519 2270 1574 lentis
2310 1521 2601 1577 creationis
2655 1526 2925 1581 thesauris
2972 1529 3284 1596 perdifﬁcile
3318 1533 3533 1599 quidem
3586 1545 3671 1587 est

2102 1628 2214 1666 rem
2266 1617 2696 1682 praestantiorem
2761 1617 3046 1673 invenire:
3096 1621 3139 1673 si
3172 1630 3351 1676 tamen
3380 1625 3667 1686 omittitur,

2099 1703 2189 1757 vix
2222 1703 2437 1772 jactura
2490 1705 2631 1759 illius
2703 1718 2881 1776 potest
2928 1709 3164 1764 tolerari.
3222 1712 3487 1768 Cerminet
3527 1729 3668 1769 terra

2100 1796 2311 1848 herbam
2352 1796 2483 1863 feni.
2518 1798 2585 1851 Et
2617 1799 2803 1853 statim
2837 1816 2940 1855 una
2979 1818 3101 1854 eum
3127 1804 3374 1859 edulibus
3396 1806 3503 1877 43
3537 1824 3664 1874 pru-

2037 1895 2077 1948 B
2105 1885 2213 1937 lata
2244 1895 2371 1940 sunt
2411 1888 2625 1955 nociva,
2659 1890 2836 1944 cicuta
2890 1908 3010 1945 cum
3050 1894 3343 1958 frumento,
3367 1913 3488 1951 cum
3514 1916 3671 1954 escu-

2103 1976 2266 2030 lentis
2300 1977 2520 2048 reliquis
2554 1979 2861 2036 helleborus
2885 2022 2900 2045 ,
2932 1984 3245 2049 aconitum,
3277 1990 3667 2057 mandragora,

2098 2068 2386 2135 papaveris
2418 2084 2630 2124 succus.
2688 2072 2828 2138 Quid
2864 2074 3070 2144 igitur?
3115 2078 3347 2147 gratiam
3398 2079 3467 2132 ub
3515 2080 3669 2135 milia

2098 2162 2342 2214 confiteri
2367 2165 2708 2226 omittentes,
2739 2166 3086 2221 Conditorem
3128 2170 3196 2225 ob
3227 2186 3288 2222 ea
3325 2187 3443 2239 qua:
3473 2185 3669 2228 nostra!

2098 2257 2222 2309 vitae
2250 2258 2479 2310 exitiosa
2518 2271 2644 2310 sunt
2671 2299 2685 2322 ,
2732 2261 3147 2315 accusabimns?
3192 2262 3318 2315 illml
3348 2273 3525 2317 autem
3560 2282 3667 2317 nun

2100 2350 2496 2416 reputabitnus,
2528 2349 2672 2418 quod
2706 2366 2810 2405 non
2840 2352 3019 2405 omnia
3047 2356 3255 2407 ventris
3286 2355 3452 2407 nostri
3490 2358 3667 2424 gratia

2097 2448 2279 2493 creata
2308 2441 2664 2496 sunt?l’orro
2682 2443 2837 2497 nobis
2864 2444 3081 2512 quidem
3113 2444 3380 2500 destinata
3408 2446 3666 2501 alimenta

2096 2531 2256 2586 obvia
2286 2541 2432 2597 sunt,
2476 2543 2530 2587 et
2565 2535 2816 2588 omnibus
2842 2535 3008 2603 probe
3056 2547 3179 2591 nota
3213 2555 3228 2592 :
3281 2539 3496 2607 singula
3532 2554 3663 2595 vero

2096 2639 2215 2692 quae
2245 2627 2459 2679 condita
2485 2638 2630 2690 sunt,
2670 2631 2941 2696 propriam
2976 2631 3263 2698 quamdam
3303 2633 3566 2688 rationem
3599 2636 3655 2689 in

2097 2715 2377 2770 creatione
2403 2716 2642 2785 explent.
2668 2716 2804 2771 Num
2832 2721 2975 2772 enim
3008 2721 3131 2789 quia
3164 2722 3408 2777 laurinus
3438 2727 3665 2794 sanguis

2098 2807 2336 2860 toxicum
2375 2809 2466 2861 tibi
2507 2820 2612 2869 est,
2644 2810 2762 2865 ideo
2794 2812 2995 2864 animal
3030 2812 3180 2876 illud,
3212 2812 3365 2882 cujus
3389 2816 3661 2872 roborein

2095 2907 2173 2951 tot
2197 2909 2251 2953 et
2284 2902 2447 2955 tantis
2479 2903 2643 2956 rebus
2677 2905 2780 2957 vita
2810 2916 2994 2957 nostra
3032 2907 3255 2977 indiget,
3293 2920 3386 2961 aut
3408 2925 3512 2963 non
3544 2926 3665 2978 pro-

2100 2991 2243 3056 duci,
2287 3002 2380 3045 aut
2410 2995 2729 3061 productum
2757 3013 3031 3067 exsangue
3079 3014 3197 3053 esse
3224 3002 3498 3069 opertuit?
3548 3004 3657 3058 Sed

2096 3081 2189 3134 tibi
2214 3084 2619 3139 contubernalis
2663 3102 2725 3140 ac
2751 3088 3046 3143 domestica
3080 3093 3218 3143 ratio
3253 3094 3318 3145 ad
3348 3107 3435 3146 res
3458 3096 3660 3149 exitia-

2096 3173 2173 3227 les
2204 3176 2452 3230 vitandas
2481 3176 2693 3232 suliicit.
2733 3178 2978 3249 Nunquid
3010 3182 3151 3236 enim
3189 3199 3316 3237 oves
3353 3187 3569 3253 quidem
3607 3199 3662 3240 et

2095 3283 2274 3335 capra:
2305 3270 2483 3323 sciunt
2525 3284 2588 3325 ea
2640 3288 2759 3337 qum
2808 3289 2919 3326 suae
2954 3274 3073 3327 vita:
3105 3288 3327 3341 nocent,
3357 3279 3653 3344 declinare,

2094 3358 2211 3413 solo
2248 3376 2407 3415 sensu
2443 3362 2602 3414 noxia
2636 3364 3041 3418 discernentes:
3073 3366 3169 3419 tibi
3193 3382 3344 3433 vero,
3376 3370 3461 3422 cui
3499 3372 3660 3426 adest

2093 3461 2149 3505 et
2174 3452 2330 3513 ratio,
2367 3462 2423 3505 et
2454 3468 2544 3506 ars
2573 3455 2804 3518 medica,
2834 3458 2978 3524 quod
3020 3457 3151 3511 utile
3180 3468 3264 3511 est
3297 3459 3531 3515 offerens
3553 3502 3569 3523 ,
3606 3476 3662 3516 et

2092 3558 2277 3598 eorum
2308 3546 2396 3613 qui
2429 3556 2478 3599 te
2504 3554 2911 3599 anteverteruut
2937 3548 3267 3615 exemplum,
3302 3566 3410 3620 quo
3438 3552 3504 3607 de
3535 3554 3660 3624 fuga

2093 3637 2407 3691 nocivornm
2449 3639 2757 3692 admoneris
2778 3678 2793 3703 ,
2828 3638 3043 3693 diliicile
3084 3650 3191 3706 est,
3231 3641 3318 3695 dic
3342 3681 3358 3706 ,
3391 3658 3598 3713 quzeso,
3631 3662 3663 3698 a

2090 3730 2315 3782 venenis
2342 3729 2575 3796 cavere?
2605 3728 2747 3783 Nihil
2770 3739 2951 3783 autem
2996 3733 3189 3785 horum
3238 3732 3480 3798 frustra,
3527 3737 3665 3790 nihil

2091 3831 2174 3875 est
2205 3822 2470 3875 inutiliter
2505 3823 2555 3876 iu
2593 3823 2766 3876 lucem
2798 3825 3147 3877 editum.Aut
3175 3824 3319 3878 enim
3344 3825 3505 3880 alicui
3532 3826 3664 3881 bru-

2095 3923 2267 3968 torum
2314 3915 2629 3969 animalium
2692 3917 3110 3969 sulnniuistrant
3156 3917 3475 3973 alimentum
3507 3959 3522 3983 ,
3572 3933 3665 3974 aut

2093 4006 2252 4058 etiam
2278 4007 2432 4061 nobis
2458 4008 2587 4074 ipsis
2607 4023 2634 4059 a
2666 4008 2871 4060 medica
2897 4018 3016 4062 arte
3043 4008 3108 4061 ad
3136 4009 3473 4066 deliniendas
3498 4027 3661 4081 quas-

2096 4100 2214 4152 dam
2239 4103 2618 4168 aegrotationes
2646 4102 2865 4155 inventa
2889 4112 3034 4156 sunt.
3062 4099 3197 4155 Nam
3224 4103 3400 4157 cicuta
3428 4119 3661 4159 vescun—

2095 4202 2183 4247 tur
2212 4193 2407 4255 sturni,
2449 4202 2497 4244 et
2552 4203 2729 4244 tamen
2778 4192 2967 4245 veneni
3013 4193 3237 4247 exitium
3274 4194 3553 4248 declinant
3592 4198 3663 4248 ob

2095 4284 2338 4351 corporis
2363 4284 2802 4337 constitutionem
2834 4300 2849 4337 :
2876 4299 2998 4336 cum
3026 4286 3169 4337 enim
3197 4287 3247 4337 in
3279 4299 3464 4339 eorum
3497 4290 3661 4339 corde

2094 4377 2264 4431 insint
2290 4386 2477 4431 tenues
2500 4386 2731 4439 meatus,
2754 4377 3068 4431 devoratam
3093 4377 3325 4432 cicutam
3355 4380 3504 4445 prius
3530 4394 3665 4433 con-

2094 4483 2311 4531 coxere,
2345 4483 2505 4535 quam
2534 4468 2701 4537 ipsius
2732 4468 2904 4537 frigus
2929 4468 3251 4537 principales
3282 4478 3466 4536 partes
3498 4470 3665 4522 attin-

414 4557 557 4611 σθαι.
609 4556 920 4625 Ἐλλέῆορος
952 4556 1007 4608 δὲ
1048 4556 1293 4627 ὀρτύγων
1346 4557 1461 4608 ἐστὶ
1514 4556 1707 4628 τροφὴ,
1765 4557 1984 4627 ἰδιότητι

2095 4569 2200 4629 gat.
2232 4558 2550 4615 Helleborus
2578 4574 2709 4613 vero
2757 4560 3117 4625 coturnicum,
3161 4574 3281 4627 qua:
3329 4574 3426 4627 per
3458 4568 3661 4629 tempe-

410 4652 660 4723 κράσεως
716 4648 812 4719 τὴν
868 4648 1070 4718 βλάϐην
1124 4649 1555 4717 ἀποφευγόντων.
1617 4652 1768 4701 Ἔστι
1811 4650 1989 4703 δὲκαὶ

410 4742 552 4795 αὐτὰ
594 4740 762 4794 ταῦτα
810 4742 866 4792 εν
914 4738 1090 4811 καιρῷ
1135 4757 1263 4793 ποτε
1301 4740 1395 4793 καὶ
1431 4742 1563 4810 ἡμῖν
1594 4743 1856 4811 χρήσιμα.
1889 4741 1988 4794 Διά

411 4838 514 4904 μὲν
559 4833 670 4905 γὰρ
705 4833 798 4885 τοῦ
833 4833 1205 4904 μανδραγόρου
1240 4832 1407 4884 ὕπνον
1444 4834 1618 4903 ἰατροὶ
1655 4837 1990 4901 κατεπάγου-

414 4943 530 4978 σιν·
584 4925 723 4995 ὀπίῳ
771 4925 829 4978 δὲ
871 4925 967 4988 τὰς
1030 4925 1261 4996 σφοδρὰς
1313 4924 1500 4985 ὀδύνας
1566 4924 1988 4993 τῶν’σιι›μάτων

410 5018 909 5088 κατακοιμίζουσιν.
961 5018 1099 5088 Ἤδη
1146 5016 1203 5070 δέ
1240 5034 1383 5080 τινες
1424 5016 1502 5088 τῷ
1546 5017 1756 5086 κωνείῳ
1804 5018 1896 5069 καὶ
1926 4996 2000 5069 τὸ.

410 5108 679 5171 λυσσῶδες
735 5110 842 5162 τῶν
894 5108 1124 5179 ὀρέξεων
1171 5108 1584 5179 κατεμάραναν’
1633 5109 1726 5161 καὶ
1777 5108 1854 5178 τῷ
1903 5110 1987 5161 ἑλ·

407 5200 615 5273 λεῦόρῳ
663 5201 830 5254 πολλὰ
895 5201 1001 5253 τῶν
1050 5199 1276 5271 χρονίων
1330 5198 1518 5253 παθῶν
1567 5200 1980 5270 ἐξεμόχλευσαν.

412 5295 574 5347 Ὥστε
619 5294 648 5347 ὃ
689 5292 935 5365 ἐνόμιζες
975 5294 1117 5365 ἔχειν
1156 5292 1297 5346 κατά
1336 5293 1426 5346 τοῦ
1474 5292 1753 5354 κτίσαντος
1790 5294 1987 5365 ἔγκλη-

479 5408 772 5483 (53)‘Coll1.
803 5411 1077 5483 secundus
1106 5414 1218 5474 τοῖς
1253 5410 1646 5483 σπερμολόγοις
1692 5410 1799 5483 τῶν
1827 5411 1970 5482 ὀρνε-

407 5478 694 5554 θωνηΜιξκ
723 5480 873 5534 Culb.
912 5485 1175 5554 secundus
1208 5499 1328 5535 cmn
1360 5478 1510 5547 'Ileg.
1539 5494 1739 5554 octavo
1770 5478 1973 5554 άπὸρος

410 5550 571 5621 μὲνὴ
604 5550 839 5621 αἵρεσις,
886 5550 1112 5620 diﬁicilis
1142 5562 1215 5605 est
1270 5553 1407 5618 optio
1448 5552 1739 5605 meliorum.
1789 5550 1974 5605 Lectio

404 5620 628 5688 Optima.
662 5620 803 5675 Editi
854 5630 906 5674 et
934 5620 1099 5674 Coisl.
1134 5633 1383 5691 uterque,
1412 5633 1464 5675 et
1497 5622 1646 5689 Regii
1689 5623 1893 5688 primus
1918 5633 1974 5678 et

409 5692 603 5762 Lertius
654 5692 855 5760 ἄπορος
898 5691 994 5761 μὲν
1035 5692 1071 5761 ή
1112 5690 1360 5762 εὕρεσις·
1424 5693 1505 5745 cui
1551 5693 1762 5746 lectioni
1832 5692 1974 5745 favet

408 5757 744 5841 EuSIatbius,
768 5757 1085 5841 ditiit'vertit
1108 5779 1120 5815 :
1144 5757 1475 5841 .Esthquideirt
1516 5761 1738 5841 diﬂicilis
1765 5780 1976 5841 assecu-

406 5833 484 5885 lio
509 5832 802 5887 meliorum.
830 5831 1027 5887 Ibidem
1056 5834 1227 5887 codex
1244 5832 1483 5887 Combaf.
1505 5831 1596 5914 τοῦ
1619 5833 1969 5903 τιμιωτάτου.

2096 4652 2324 4705 rationis
2355 4653 2739 4720 proprietatem
2781 4666 2974 4705 noxam
3010 4652 3295 4720 etfugiunt,
3339 4652 3657 4706 alimentum

2093 4753 2193 4797 est.
2232 4743 2539 4809 Quinetiam
2573 4751 2699 4797 sunt
2739 4744 2854 4798 hazc
2890 4744 3003 4811 ipsa
3049 4758 3146 4811 pro
3176 4735 3662 4814 temporis'oppor-

2097 4835 2328 4888 lunitate
2361 4850 2747 4902 nonnunquam
2781 4835 2939 4887 nobis
2974 4834 3355 4889 conducibilia.
3390 4834 3526 4888 Nam
3565 4851 3662 4907 per

2093 4931 2507 4995 mandragoram
2565 4930 2827 4982 inducunt
2872 4943 3121 4981 somnum
3172 4928 3418 4985 medici:
3472 4943 3664 4983 consu-

2094 5018 2248 5085 piunt
2282 5018 2465 5071 itidem
2528 5019 2873 5071 vehementes
2917 5031 3203 5086 corporum
3253 5015 3466 5071 dolores
3513 5021 3658 5087 opin.

2092 5107 2211 5161 .lam
2248 5123 2375 5159 vero
2418 5106 2661 5160 nonnulli
2702 5107 2879 5161 cicuta
2911 5107 3534 5163 ohtndernntrabiosam
3567 5126 3665 5172 ap-

2093 5201 2408 5271 petenliam,
2442 5212 2607 5269 atque
2650 5202 2977 5253 inveteratas
3013 5200 3360 5270 egritudines
3393 5216 3495 5254 nec.
3525 5216 3626 5269 pan

2093 5310 2187 5349 cas
2216 5292 2495 5347 helleboro
2521 5293 2914 5361 exstirparnnt.
2949 5292 3149 5358 Quare,
3183 5308 3342 5361 quam
3385 5300 3436 5345 te
3470 5292 3664 5345 existi-

2152 5412 2261 5483 (Si)
2300 5410 2389 5465 Sic
2447 5409 2608 5483 Regii?
2629 5412 2831 5478 primus
2861 5422 2914 5468 et
2964 5420 3188 5465 octavus
3219 5408 3542 5483 cumCoisl.
3573 5423 3665 5483 se-

2058 5478 2257 5537 cundo
2278 5492 2334 5536 et
2370 5496 2492 5535 cum
2518 5478 2673 5535 Colb.
2704 5483 2886 5536 itidem
2917 5484 3174 5535 secundo.
3226 5480 3363 5533 Editi
3397 5495 3518 5533 eum
3562 5478 3660 5534 ali-

2081 5564 2211 5622 quot
2240 5568 2369 5607 mss.
2398 5552 2431 5619 ἢ
2479 5552 2730 5621 ἄναιμον,
2764 5553 2970 5606 mutile.

2152 5624 2264 5691 (55)
2298 5623 2371 5676 Ita
2404 5636 2499 5676 sex
2539 5619 2693 5688 mss,
2725 5625 2881 5677 bene.
2926 5622 3037 5676 Vox
3076 5619 3529 5693 ἀρρωστημάτων
3561 5620 3659 5676 de-

2083 5693 2357 5747 sideratur
2384 5693 2435 5744 in
2456 5693 2636 5749 editis.

2153 5762 2264 5834 (56)
2289 5762 2514 5819 Codices
2544 5780 2640 5819 sex
2666 5764 2790 5827 τοὺς
2808 5762 2917 5816 ἐπί.
2960 5762 3097 5817 Editi
3124 5763 3247 5825 τοὺς
3294 5760 3423 5818 ἀπό.
