4082 6398
397 403 500 459 105

1737 397 1791 451 S.
1836 393 2077 450 BASlLll
2121 392 2331 451 MACNI

3548 399 3643 455 104

396 517 586 574 mahas
613 515 815 572 habere
844 505 1386 569 contra'Creatorem
1431 508 1854 570 accusationem,
1908 520 1968 559 ea

2089 522 2174 568 ια,
2213 506 2370 560 τοῦτό
2422 524 2504 561 σοι
2545 507 2623 570 είς
2665 505 2984 580 προσθήκην
3019 505 3368 578 εὐχαριστίας
3395 507 3651 579 περιελή-

397 609 495 662 tibi
540 609 590 662 in
631 611 923 678 gratiarum
955 607 1183 660 actionis
1212 605 1636 658 additamentum
1669 601 1855 654 cessit.

470 700 524 754 5.
568 697 835 752 Carmine!
893 707 1032 752 terra
1097 695 1314 749 herbam
1354 694 1482 763 feni.
1525 691 1665 758 Quot
1715 689 1966 743 alimenta

397 797 593 858 sponte
628 798 836 842 natura:
870 785 1202 855 emergentia
1247 784 1329 836 his
1353 782 1535 836 verbis
1567 779 1966 850 complectitur,

400 888 514 933 tum
551 881 605 934 in
648 877 945 943 radicibus,
993 885 1103 930 tum
1151 876 1202 929 in
1244 875 1356 944 ipsa
1393 873 1585 938 herba,
1622 880 1733 925 tum
1765 871 1816 924 in
1853 871 1969 922 fru«

391 973 613 1026 ctihusl
652 981 784 1041 quot
812 986 942 1025 vero
978 979 1128 1033 sunt,
1159 983 1277 1036 qua:
1310 981 1375 1022 ex
1417 965 1692 1036 diligentia
1731 974 1786 1018 et
1831 963 1972 1032 agri-

385 1063 614 1116 ~-caltra
663 1061 818 1116 nobis
866 1059 1173 1114 accedunt!
1222 1056 1337 1112 Non
1385 1056 1565 1110 statim
1601 1054 1760 1123 jussit
1788 1067 1972 1108 semen

383 1154 713 1208 "etfructum
763 1147 1032 1221 proferri,
1073 1149 1164 1201 sed
1226 1148 1531 1218 germinare
1583 1157 1638 1201 et
1699 1147 1974 1200 virescere

401 1254 630 1310 terram,
672 1252 888 1310 tumque
922 1241 986 1293 ad
1021 1255 1203 1293 semen
1235 1239 1556 1308 pervenire;
1589 1248 1648 1291 ut
1685 1239 1859 1308 prima
1886 1236 1974 1290 illa

393 1332 693 1402 praeceptio
735 1333 800 1384 ad
841 1329 1074 1382 futuram
1123 1329 1526 1400 successionem
1571 1337 1715 1381 esset
1758 1335 1967 1380 natura:

403 1423 711 1478 documenti
762 1422 896 1474 loco.
945 1420 1227 1487 Quomodo
1282 1419 1467 1487 igitur,
1509 1419 1782 1490 inquiunt,
1818 1417 1977 1472 tellus

394 1517 702 1571 secundum
748 1529 915 1585 genus
970 1514 1081 1568 edit
1131 1513 1364 1576 semina,
1419 1527 1583 1576 cum,
1625 1511 1978 1566 disseminato

387 1623 550 1676 scrape
601 1608 801 1670 tritico,
858 1606 1069 1676 nigrum
1113 1605 1215 1659 hoc
1255 1605 1584 1659 frumentum
1629 1601 1979 1674 colligamus“?

409 1698 609 1754 Verum
664 1701 768 1754 hoc
811 1699 986 1768 ipsum
1025 1711 1360 1767 nequaquam
1402 1707 1485 1750 est
1523 1696 1589 1751 ad
1632 1695 1775 1750 aliud
1813 1707 1980 1765 genus

403 1792 810 1856 transmutatio,
833 1790 927 1844 sed
946 1790 1088 1845 velut
1106 1789 1322 1843 morbus
1345 1789 1584 1859 quidam,
1604 1787 1713 1860 Μ
1732 1803 1794 1842 ac
1813 1788 1979 1842 semi—

414 1885 500 1937 nis
547 1884 830 1953 zegritudo.
889 1880 1005 1934 Non
1053 1881 1196 1935 enim
1251 1879 1581 1934 frumentum
1629 1894 1748 1934 esse
1797 1879 1978 1942 desiit,

408 1975 528 2039 sed,
561 1983 619 2028 ut
647 1984 701 2028 et
725 1987 791 2028 ex
826 1973 940 2042 ipsa
969 1971 1331 2042 appellatione
1361 1971 1576 2026 discere
1600 1981 1701 2036 est,
1728 1985 1827 2039 per
1853 1971 1983 2025 adu-

413 2069 645 2124 stionem
665 2067 876 2135 nigrum
901 2065 1090 2120 evasit.
1119 2064 1253 2119 Nam
1287 2065 1454 2118 nimio
1479 2063 1680 2134 frigore
1707 2064 1981 2129 adustum,

415 2162 468 2215 in
514 2160 678 2214 alium
712 2159 1065 2236 coloremac
1108 2170 1358 2227 saporem
1398 2157 1764 2227 degeneravit.
1806 2157 1985 2226 Atque

415 2254 582 2308 etiam
617 2253 660 2306 si
689 2252 847 2305 modo
883 2251 1128 2305 idoneam
1165 2261 1384 2316 terram,
1427 2265 1490 2304 ac
1535 2249 1674 2304 bene
1721 2259 1985 2320 tempera-

418 2355 532 2399 tum
587 2359 766 2397 aerem
819 2351 1033 2396 nactum
1081 2342 1172 2409 sit,
1208 2356 1395 2395 rursus
1439 2342 1506 2395 ad
1555 2339 1836 2410 pristinam
1877 2341 1987 2396 for-

417 2422 560 2488 maui
597 2433 772 2486 redire
812 2433 1011 2485 ferunt.
1039 2427 1219 2496 Quare
1251 2429 1384 2483 nihil
1417 2437 1617 2499 prmter
1659 2440 1984 2499 prmceptum

417 2526 544 2579 illud
586 2525 639 2578 in
679 2525 839 2578 rebus
891 2522 1238 2578 nascentibus
1287 2522 1402 2574 fieri
1439 2521 1763 2592 comperias.
1815 2521 1980 2574 Porro

415 2616 600 2670 lolium
644 2617 785 2685 quod
826 2616 1046 2680 dicitur,
1069 2623 1125 2668 et
1171 2613 1376 2683 reliqua
1423 2612 1724 2668 adulterina
1758 2613 1986 2676 semina,

419 2725 537 2779 quae
571 2723 689 2761 cum
716 2707 1011 2762 esculentis
1040 2704 1486 2769 commiscentur,
1514 2721 1741 2776 qumque
1775 2720 1986 2760 nuncuo

415 2816 552 2869 pare
583 2800 788 2852 zizania
821 2799 1104 2852 consuevit
1137 2795 1442 2864 Scriptura,
1482 2813 1588 2851 non
1623 2811 1688 2851 ex
1727 2796 1983 2851 frumenti

421 2887 843 2949 commutatione
898 2890 1248 2960 proveniunt,
1296 2890 1389 2945 sed
1428 2903 1493 2943 ex
1553 2891 1772 2959 proprio
1812 2888 1989 2944 subsi-

421 2993 571 3038 stunt
601 2981 888 3052 principio,
921 2981 1310 3051 propriumque
1358 2995 1526 3046 genus
1566 2981 1825 3036 obtinent.
1861 2983 1990 3048 Qua:

423 3076 663 3146 profecto
689 3074 972 3141 imaginem
1001 3073 1314 3141 exprimunt
1342 3087 1550 3138 eorum,
1581 3073 1670 3141 qui
1697 3073 1989 3126 documen-

2071 597 2250 650 λυθεν.

2141 690 2192 744 5.
2236 691 2646 760 Βλαστησάτω
2689 693 2728 760 ἢ
2773 692 2848 764 γῆ
2884 689 3160 759 βοτάνην
3189 689 3427 759 χόρτου.
3468 689 3653 763 Πόσηφ

2071 782 2373 852 αὐτόματον
2403 781 2547 851 λέγει
2580 783 2784 855 τροφὴν
2816 785 2872 835 ὲν
2894 781 3123 846 τούτοις,
3148 782 3248 851 τήν
3273 797 3333 832 τε
3363 781 3420 833 ὲν
3452 779 3651 852 ῥίζαις,

2053 874 2166 927 ’καὶ
2191 873 2289 945 τὴν
2315 876 2370 928 ὲν
2404 875 2538 946 αὐτῇ
2570 877 2635 946 τῇ
2671 875 2884 947 βοτάνῃ,
2915 875 3008 928 καὶ
3035 874 3133 946 τὴν
3165 875 3222 926 ὲν
3249 875 3479 943 καρποῖς
3505 871 3605 943 ἠδη
3636 872 3650 928 ί

2073 965 2247 1036 πόσην
2270 965 2327 1017 δὲ
2348 964 2444 1036 τὴν
2467 965 2525 1030 ἐξ
2551 965 2866 1036 ἐπιμελείας
2902 965 2997 1018 καὶ
3026 963 3300 1035 γεωργίας
3331 964 3463 1034 ἡμῖν
3487 979 3655 1034 1:99:2-

2072 1057 2371 1129 γινομένην
2387 1058 2399 1110 ί
2442 1059 2556 1111 Οὐκ
2585 1058 2744 1121 εὐθὺς
2764 1057 3023 1110 ἐκέλευσε
3054 1056 3274 1127 σπέρμα
3315 1056 3410 1108 καὶ
3441 1055 3655 1126 καρπὸν

2075 1149 2416 1221 ἀναδοθῆναι,
2466 1149 2603 1204 ἀλλὰ
2637 1149 2929 1220 βλαστῆσαι
2981 1149 3074 1202 καὶ
3115 1149 3339 1220 χλοάσαι
3383 1148 3482 1218 τὴν
3529 1148 3654 1218 γῆν,

2075 1244 2170 1298 καὶ
2201 1241 2320 1297 τότε
2367 1245 2446 1308 είς
2485 1243 2704 1316 σπέρμα
2747 1243 3092 1312 τελειωθῆναι
3127 1242 3274 1314 (57),
3315 1241 3402 1294 ἵνα
3439 1239 3656 1310 πρῶτον

2076 1338 2251 1390 ὲκεῖνο
2307 1336 2632 1408 πρόσταγμα
2693 1334 3028 1388 διδασκάλιον
3082 1332 3149 1405 τῇ
3205 1332 3366 1401 φύσει
3427 1331 3656 1404 γένηται

2078 1429 2217 1498 πρὸς
2245 1428 2343 1500 τὴν
2371 1427 2499 1497 ἑξῆς
2532 1427 2868 1480 ἀκολουθίαν.
2905 1424 3030 1489 Πῶς
3062 1421 3154 1479 οὖν
3184 1423 3323 1477 κατὰ
3350 1423 3524 1491 γένος,
3553 1439 3659 1491 φα-

2081 1522 2163 1573 σὶν
2187 1520 2318 1591 (58),
2364 1523 2399 1592 ὴ
2432 1521 2503 1592 γῆ
2535 1519 2796 1593 προφέρει
2837 1517 2908 1572 τὰ
2940 1519 3248 1589 σπέρματα,
3289 1515 3473 1579 ὁπότε,
3511 1517 3658 1568 σῖτον

2080 1611 2337 1675 πολλάκις
2389 1611 2800 1674 καταϐαλόντες,
2857 1609 2949 1662 τὸν
3003 1608 3203 1680 μέλανα
3257 1606 3444 1660 τοῦτον
3487 1604 3660 1677 πυρὸν

2081 1703 2522 1775 συγκομίζομεν;
2572 1703 2730 1755 Ἀλλὰ
2759 1701 2916 1756 τοῦτο
2952 1703 3072 1772 οὐχ).
3107 1700 3244 1772 πρὸς
3287 1699 3472 1770 ἕτερον
3505 1698 3661 1767 γένος

2083 1797 2200 1849 ἐστὶ
2251 1795 2542 1867 μεταϐολὴ,
2593 1795 2707 1848 ἀλλ’
2755 1795 2916 1847 οἱονεὶ
2949 1795 3101 1856 νόσος
3129 1810 3209 1855 τις
3256 1792 3349 1844 καὶ
3379 1789 3660 1863 ἀρρωστία

2083 1888 2177 1942 τοῦ
2219 1889 2554 1959 σπέρματος.
2593 1888 2667 1940 Οὐ
2697 1887 2804 1956 γάρ
2829 1884 3059 1939 ἀπέθετο
3090 1886 3151 1937 τὸ
3176 1880 3314 1937 εἶναι
3349 1882 3455 1954 (59)
3496 1885 3658 1946 σῖτος,

2085 1979 2199 2032 ἀλλ’
2225 1977 2494 2050 ὲμελάνθη
2527 1977 2616 2031 διὰ
2641 1981 2738 2050 τῆς
2758 1977 3025 2040 καύσεως,
3046 1974 3120 2040 ὡς
3148 1976 3241 2029 καὶ
3265 1974 3323 2039 ἐξ
3356 1974 3525 2043 αὐτῆς
3547 1973 3663 2026 ἐστι

2081 2072 2184 2141 τῆς
2244 2070 2613 2144 προσηγορίας
2667 2069 2875 2141 μαθεῖν.
2939 2070 3018 2140 Τῇ
3079 2067 3347 2140 ὑπερϐολῇ
3399 2065 3508 2138 γὰρ
3565 2065 3660 2120 τοῦ

2084 2160 2282 2232 κρύους
2317 2161 2609 2233 ὑπερκαεις
2639 2159 2769 2231 (40),
2807 2157 2941 2232 πρὸς
2985 2159 3178 2230 ἑτέραν
3237 2158 3332 2212 κα).
3363 2158 3526 2229 χρόαν
3570 2157 3665 2210 καὶ

2083 2252 2270 2322 γεῦσιν
2303 2253 2586 2324 μετέπεσε.
2610 2251 2719 2306 Καὶ
2748 2252 2927 2322 μέντοι
2949 2252 3046 2304 καὶ
3070 2251 3230 2305 πάλιν
3252 2250 3490 2318 λέγεται,
3517 2250 3666 2302 ἐπει-

2083 2345 2182 2399 δὰν
2237 2345 2340 2416 γῆς
2373 2345 2683 2417 ἐπιτηδείας
2735 2344 2826 2398 καὶ
2868 2344 3045 2417 ἀέρων
3083 2343 3360 2416 εὐκράτων
3410 2341 3662 2411 λάϐηται,

2085 2437 2223 2508 πρὸς
2253 2436 2314 2490 τὸ
2343 2437 2567 2509 ἀρχαῖον
2586 2431 2723 2500 εἶδος
2745 2436 3042 2490 ἐπανιέναι.
3069 2436 3229 2488 Ὥστε
3251 2433 3404 2488 οὐδὲν
3432 2432 3583 2506 παρὰ
3605 2431 3668 2486 re

2083 2532 2416 2603 ’πρόσταγμα
2457 2530 2636 2602 εὕροις
2668 2529 2734 2584 ἂν
2767 2532 2824 2584 ὲν
2851 2532 2964 2594 τοῖς
3003 2527 3292 2600 φυομένοις
3319 2525 3668 2598 ὲπιτελούμε·

2085 2639 2197 2677 νον.
2235 2623 2301 2676 Ἠ
2327 2623 2382 2676 δὲ
2413 2623 2684 2694 λεγομένη
2709 2617 2862 2694 αἴρα,
2900 2622 2997 2676 κα).
3023 2622 3123 2676 ὅσα
3150 2619 3311 2674 λοιπά
3338 2619 3467 2674 νόθα
3494 2620 3667 2692 σπέρ-

2084 2730 2240 2784 ματα
2267 2715 2376 2777 τοῖς
2404 2713 2687 2784 τροφίμοις
2736 2713 3231 2784 ἐγκαταμέμικται,
3275 2709 3416 2780 άπερ
3456 2707 3667 2773 ζιζάνια

2087 2803 2514 2875 προσαγορεύειν
2545 2803 2771 2874 σύνηθες
2791 2807 2857 2874 τῇ
2889 2804 3098 2875 Γραφῇ,
3115 2802 3216 2855 οὐκ
3235 2803 3299 2854 ὲκ
3320 2803 3418 2872 τῆς
3441 2797 3532 2854 τοῦ
3559 2797 3666 2870 (41)

2089 2896 2236 2949 σίτου
2270 2894 2570 2966 μεταϐολῆς
2604 2896 2831 2964 γίνεται,
2871 2895 2984 2948 ἀλλ’
3015 2893 3075 2958 ἐξ
3098 2893 3303 2956 οἰκείας
3331 2891 3504 2963 ἀρχῆς
3535 2889 3670 2944 ὑπέ-

2091 3002 2212 3056 στη,
2249 2985 2376 3038 ίδιον
2408 2985 2598 3055 ἔχοντα
2629 2985 2804 3053 γένος.
2846 2985 3029 3056 Ἃπερ
3081 2985 3180 3054 τὴν
3234 2983 3417 3036 είκόνα
3475 2980 3671 3052 πληροῖ

2091 3079 2200 3133 τῶν
2245 3078 2780 3149 παραχαρασσὸντων
2838 3077 2907 3132 τὰ
2952 3077 3048 3131 τοῦ
3095 3076 3299 3148 Κυρίου
3343 3075 3668 3145 διδάγματα,

427 3177 476 3220 ta
533 3167 740 3219 Domini
790 3165 1188 3230 adulterantes,
1245 3179 1346 3218 nec
1397 3164 1634 3232 legitime
1684 3179 1986 3218 sermonem

2098 3173 2191 3225 mi
2228 3172 2302 3242 μὴ
2335 3170 2572 3242 γνησίως
2619 3169 3070 3242 μαθητευομένων
3113 3169 3191 3240 τῷ
3235 3168 3396 3238 λόγῳ,
3444 3167 3557 3221 ἀλλ’
3607 3168 3672 3219 ἐκ

423 3259 624 3322 edocti,
651 3259 742 3311 sed
779 3272 806 3309 a
844 3256 1063 3327 maligni
1089 3257 1332 3311 doctrina
1367 3254 1631 3324 corrupti,
1664 3266 1840 3310 tamen
1872 3271 1992 3310 cum

425 3364 559 3404 sano
588 3348 847 3402 Ecclesia:
877 3363 1104 3417 corpore
1134 3348 1338 3415 seipsos
1366 3349 1724 3416 permiscent,
1764 3357 1820 3400 ut
1847 3348 1997 3400 clano

425 3443 604 3498 culum
643 3456 857 3495 errores
905 3457 1033 3494 suos
1066 3442 1116 3494 in
1168 3440 1533 3510 simpliciores
1589 3439 1991 3494 transfundam.

422 3533 542 3591 Jam
580 3547 708 3586 vero
743 3533 997 3585 Dominus
1039 3531 1425 3600 perfectionem
1471 3534 1634 3584 etiam
1672 3548 1860 3588 eorum
1903 3535 1996 3602 qui

425 3629 481 3682 in
513 3629 684 3698 ipsum
715 3626 1086 3689 crediderunt,
1113 3625 1379 3679 seminum
1412 3627 1744 3680 incremento
1774 3641 1996 3696 compa-

424 3729 531 3786 rat,
562 3721 746 3773 dicens
782 3717 1274 3783 :Quemadmodum
1318 3718 1364 3770 si
1417 3717 1568 3771 homo
1609 3719 1884 3788 projecerit
1916 3736 1997 3773 se-

425 3828 540 3866 men
579 3812 631 3864 in
660 3820 874 3874 (errant,
913 3819 961 3864 et
993 3809 1242 3871 dormiat,
1274 3818 1320 3860 et
1349 3817 1595 3878 exsurgat
1629 3820 1774 3862 nocte
1809 3822 1857 3862 ει
1887 3811 1993 3876 die,

425 3917 474 3960 ct
499 3920 672 3957 semen
702 3911 903 3971 surgat,
935 3911 981 3955 et
1027 3904 1305 3966 increscat,
1339 3902 1463 3953 dum
1498 3901 1654 3953 nescii
1683 3903 1812 3970 ipse.
1845 3899 1996 3956 Ultro

425 3998 562 4050 enim
609 4007 747 4048 terra
787 3995 1073 4064 fructiﬁcul
1116 3994 1342 4062 primum
1382 3994 1617 4056 herbam,
1655 3993 1844 4048 deinde
1887 3996 1997 4061 spi-

427 4107 564 4155 cam,
600 4090 785 4142 deinde
806 4090 1010 4157 plenum
1033 4087 1351 4156 frumentum
1379 4087 1432 4139 in
1460 4088 1606 4152 spica
1625 4085 1689 4139 “.
1725 4084 1996 4142 Germinet

428 4195 569 4237 terra
605 4183 834 4236 herbam.
877 4180 935 4235 lu
981 4180 1206 4234 minimo
1234 4182 1397 4233 etiam
1431 4178 1691 4248 temporis
1720 4189 1998 4234 momento

429 4294 456 4328 a
493 4275 886 4343 germinatione
938 4287 1131 4328 exorsa
1186 4281 1350 4338 terra,
1403 4282 1462 4326 ut
1487 4271 1801 4328 Conditoris
1856 4272 2001 4344 leges

419 4377 690 4431 servaret,
726 4383 821 4436 per
863 4381 1076 4421 omnem
1121 4364 1446 4420 accretionis
1491 4365 1728 4434 speciem
1777 4381 2000 4434 progre-

429 4461 599 4527 diens,
639 4459 919 4515 confestim
957 4460 1198 4529 germina
1239 4458 1460 4511 deduxit
1488 4459 1552 4510 ad
1578 4455 1993 4526 perfectionem.

2097 3267 2195 3335 τῆς
2221 3263 2314 3316 τοῦ
2335 3262 2571 3334 πονηροῦ
2597 3262 2946 3326 διδασκαλίας
2973 3261 3400 3332 διεφθαρμένων,
3436 3277 3674 3330 καταμιι

2096 3356 2339 3424 γνύντων
2383 3355 2439 3407 δὲ
2477 3356 2701 3418 ἑαυτοὺς
2737 3355 2845 3426 (42)
2886 3354 2965 3426 τῷ
3005 3355 3298 3423 ὑγιαίνοντι
3334 3352 3545 3424 σώματι
3573 3353 3671 3424 τῆς

2109 3447 2456 3519 Ἑκκλησίας,
2517 3447 2583 3500 ἵν’
2637 3448 2700 3500 ὲκ
2748 3446 2841 3500 τοῦ
2884 3444 3122 3516 ἀφανοῦς
3161 3445 3262 3509 τὰς
3306 3446 3433 3516 παρ’
3465 3443 3672 3498 ἑαυτῶν

2099 3537 2300 3610 βλάϐας
2333 3541 2444 3602 τοῖς
2464 3536 2865 3609 άκεραιοτέροις
2895 3537 3223 3608 ἐμϐάλωσιν.
3259 3537 3398 3608 Ἤδη
3428 3536 3484 3589 δὲ
3515 3539 3544 3591 ὁ
3568 3535 3675 3591 Κύ-

2098 3648 2214 3703 ριος
2241 3631 2332 3684 καὶ
2363 3631 2461 3701 τὴν
2493 3629 2767 3683 τελείωσιν
2792 3628 2902 3682 τῶν
2931 3631 3012 3691 είς
3042 3629 3202 3682 αὑτὸν
3235 3629 3674 3684 πεπιστευκότων

2097 3728 2162 3796 τῇ
2195 3724 2303 3778 τῶν
2339 3723 2666 3796 σπερμάτων
2697 3723 2919 3794 αὐξήσει
2961 3721 3304 3794 παρεικάζει,
3333 3722 3505 3792 λέγων
3525 3737 3542 3754 ο
3581 3723 3674 3787 Ὠς

2100 3816 2244 3870 ὅταν·
2296 3815 2604 3884 ἅνθρωπος
2649 3813 2815 3882 ,βάλῃ
2858 3812 2967 3866 τὸν
3001 3816 3235 3881 σπόρον
3275 3813 3375 3865 ἐπὶ
3399 3813 3509 3881 τῆς
3537 3811 3673 3882 γῆς,

2099 3909 2196 3963 καὶ
2244 3907 2525 3975 καθεύδῃ,
2571 3905 2670 3958 καὶ
2721 3906 3014 3974 ἐγείρηται
3055 3907 3244 3960 νύκτα
3292 3906 3388 3958 καὶ
3422 3905 3672 3973 ἡμέραν,

2099 4002 2198 4056 καὶ
2237 4003 2270 4054 ὁ
2300 4001 2526 4067 σπόρος
2557 3999 2870 4068 ἐγείρηται,
2920 3998 3018 4050 καὶ
3054 3999 3411 4066 μηκύνηται,
3455 3999 3535 4063 ὡς
3565 3999 3674 4051 οὐκ

2099 4089 2264 4148 οἶδεν
2313 4092 2514 4156 αὐτός.
2567 4089 2878 4158 Αὐτομάτη
2925 4089 3035 4159 γὰρ
3090 4093 3129 4159 ἡ
3184 4089 3261 4161 τῆ
3313 4090 3680 4161 καρποφορεῖ

2100 4185 2334 4254 πρῶτον
2357 4179 2592 4254 χόρτον,
2625 4178 2752 4236 εἶτα
2789 4181 3046 4252 στάχυν,
3089 4178 3217 4236 εἶτα
3257 4184 3459 4256 πλήρη
3505 4183 3676 4238 σῖτον·

2098 4277 2168 4331 ἐν
2201 4261 2281 4342 τῷ
2305 4275 2542 4343 στάχυϊ.
2571 4273 2978 4342 Βλαστησάτω
3002 4276 3040 4342 ἡ
3070 4273 3144 4343 γῆ
3161 4272 3454 4343 βοτάνην.
3488 4276 3594 4329 Καὶ
3618 4276 3676 4328 ὲν

2101 4368 2360 4440 ἀκαριαίᾳ
2389 4367 2579 4438 χρόνου
2607 4368 2743 4436 ῥοπῇ
2779 4366 2886 4418 ἀπὸ
2899 4365 2999 4435 τῆς
3031 4365 3374 4437 βλαστήσεως
3395 4366 3673 4438 ἀρξαμένη

2103 4463 2136 4531 ἡ
2163 4462 2254 4532 γῆ,
2287 4461 2374 4513 ἵνα
2415 4457 2625 4528 φυλάξῃ
2652 4458 2777 4520 τοὺς
2805 4457 3000 4527 νόμους
3041 4456 3134 4509 τοῦ
3170 4457 3470 4523 κτίσαντος,
3497 4460 3676 4512 πᾶσαν

427 4551 601 4618 Atque
635 4561 784 4619 prata
813 4553 1024 4620 quidem
1055 4551 1161 4605 feni
1194 4551 1349 4618 copia
1401 4558 1558 4604 erant
1605 4550 1890 4618 depressa;
1923 4567 1985 4606 ac

2095 4557 2238 4610 ἰδέαν
2283 4549 2564 4622 αὐξήσεως
2605 4547 2968 4612 διεξελθοῦσα,
3010 4547 3169 4612 εὐθὺς
3213 4548 3348 4620 πρὸς
3385 4550 3445 4602 τὸ
3473 4551 3675 4604 τέλειον

501 4645 544 4674 ⁸⁸
573 4644 736 4698 Marc.
761 4661 836 4707 IV,
867 4645 1054 4698 26-28.

420 4739 610 4814 __(37)
645 4738 773 4814 Reg.
802 4741 1002 4814 primus
1027 4747 1080 4814 et
1124 4737 1275 4814 golb.
1308 4737 1573 4791 secundus
1601 4735 1732 4814 ἡμῖν
1775 4742 1996 4797 τελειω-

411 4808 608 4878 ““θῆναι.
665 4810 858 4862 Ibidem
909 4811 1076 4863 editio
1121 4808 1282 4863 Basil.
1344 4821 1466 4878 cum
1521 4811 1703 4861 multis
1745 4825 1873 4864 mss.
1903 4815 1989 4868 ἵνα

427 4875 508 4932 τό.
545 4881 708 4933 Abest
732 4879 988 4932 articulus
1037 4883 1104 4932 ab
1136 4879 1372 4948 editione
1411 4875 1581 4948 Paris.
1641 4878 1749 4933 ΙΙορ
1789 4882 1905 4948 ipso
1936 4886 1989 4940 in

431 4948 546 5002 loco
577 4949 723 5016 Regii
766 4959 949 5002 sextus
980 4958 1034 5002 et.
1055 4959 1273 5002 octavus
1307 4945 1665 5000 διδασκάλων.
1694 4945 1831 5005 Editi
1869 4970 1989 5008 cum

429 5021 745 5087 quibusdam
795 5019 914 5070 aliis
979 5035 1104 5072 mss.
1136 5017 1525 5078 διδασκαλεῖον,
1579 5033 1680 5072 non
1715 5022 1784 5072 ita
1819 5035 1985 5080 recte,

429 5091 542 5144 Hoc
569 5091 711 5142 enim
740 5103 932 5140 nomen
966 5089 1224 5147 scholam,
1255 5089 1306 5139 in
1336 5105 1437 5154 qua
1463 5088 1716 5157 juventus
1742 5091 1986 5158 docetur,

430 5161 646 5227 proprie
680 5159 1171 5227 signiticatzquam
1222 5159 1490 5211 notionem
1540 5159 1661 5210 huic
1721 5161 1835 5216 loco
1882 5180 1987 5219 non

425 5231 567 5284 belle
597 5230 882 5282 convenire
908 5229 1107 5289 vident,
1140 5235 1197 5280 ut
1221 5228 1430 5294 opinor,
1456 5243 1664 5281 omnes.

503 5301 613 5370 (58)
641 5299 811 5352 Editio
843 5297 1003 5370 Basil.
1034 5313 1160 5370 cum
1203 5298 1384 5370 multis
1414 5313 1542 5370 mss.
1576 5298 1760 5370 φησίν.
1813 5301 1988 5358 Editio

430 5367 603 5424 Paris.
636 5371 818 5440 φασίν.
853 5369 1067 5421 Monere
1111 5367 1260 5440 libet,
1315 5367 1462 5430 illud,
1490 5367 1672 5440 φασίν,
1708 5372 1988 5428 rarissime

432 5441 619 5513 legi_in
650 5438 899 5510 antiquis
928 5438 1214 5513 mss..,_sed
1251 5451 1464 5513 semper
1495 5438 1854 5513 ferereperiri
1885 5459 1990 5513 φη-

432 5508 508 5564 ei:
542 5510 680 5564 Nihil
719 5508 892 5564 tamen
931 5508 1151 5577 impedit
1180 5509 1467 5578 quominus
1495 5508 1642 5572 illud,
1671 5509 1824 5580 φησί,
1858 5508 1986 5581 pos-

429 5583 501 5634 sit
532 5582 690 5645 verti,
746 5581 914 5643 aiunt,
949 5581 1212 5648 inquiunt,
1268 5593 1389 5632 cum
1449 5593 1554 5632 non
1617 5595 1739 5634 raro
1793 5595 1988 5636 nomen

428 5651 766 5704 collectLvum
813 5653 882 5703 sit
926 5648 1452 5716 subintelligcndum.
1490 5648 1726 5718 Exempli
1783 5665 1991 5706 causa:

430 5719 594 5772 Secta
626 5721 1066 5788 philosophorum
1099 5722 1195 5784 ait,
1219 5731 1312 5773 aut
1345 5721 1514 5771 nium.
1541 5718 1692 5784 Quod
1729 5737 1848 5775 cum
1889 5739 1994 5775 non

431 5791 920 5844 animadverterent
982 5791 1218 5844 editores
1299 5789 1668 5852 Parisienses,
1752 5792 1999 5844 videntur

433 5859 599 5915 Marte
651 5862 868 5930 proprio
919 5871 1104 5918 contra
1169 5859 1327 5917 Iidem
1370 5876 1498 5916 mss.
1555 5859 1717 5930 φησίν
1747 5861 1798 5917 in
1835 5860 1998 5929 φασίν

2069 5934 2111 5950 δ

2077 5963 2144 5978 ἢ..

2108 4737 2300 4808 smpius
2331 4743 2690 4808 permutasse,
2737 4731 2950 4808 quoties
2992 4731 3240 4808 videlicet
3275 4748 3463 4808 sensus
3491 4749 3676 4808 nume-

2109 4801 2226 4867 rum
2264 4801 2619 4860 multitudinis
2649 4801 2973 4870 postulabat.
2998 4803 3068 4857 De
3097 4803 3180 4856 his
3204 4804 3370 4856 semel
3402 4806 3678 4862 monuisse

2106 4882 2237 4938 satis
2289 4876 2379 4930 sit.
2441 4873 2676 4939 Tempus
2733 4871 2870 4924 male.
2923 4871 3100 4927 locare
3153 4874 3577 4937 arbitraremur,
3625 4878 3672 4930 si

2107 4952 2362 5016 deinceps
2387 4943 2650 4998 editorum
2678 4950 2730 4993 et
2755 4942 2997 4994 codicum
3041 4957 3170 4995 mss.
3207 4944 3350 5016 eain
3386 4959 3442 4997 re
3473 4946 3677 5000 discre-

2113 5013 2348 5092 pantiam
2374 5021 2622 5092 accurate
2651 5020 2977 5076 notaremus,
3010 5026 3136 5066 cum
3173 5013 3302 5066 nihil
3331 5014 3543 5068 intersit
3570 5016 3674 5070 hoc

2106 5081 2172 5145 an
2205 5089 2292 5141 illo
2321 5083 2476 5138 modo
2501 5081 2726 5151 legatur.

2175 5157 2286 5229 (59)
2320 5155 2600 5229 §ic_i|iss._
2615 5152 2856 5229 plerique
2875 5165 3096 5229 omnes:
3116 5151 3298 5229 Editip
3328 5152 3500 5208 Paris.
3530 5153 3674 5208 ἀπέ-

2093 5219 2218 5284 θετο
2253 5219 2531 5279 τοῦεῖναι.
2563 5219 2735 5276 Editio
2765 5221 2930 5274 Basil.
2963 5221 3196 5274 ἀπέθετο
3233 5220 3394 5276 εἶναι.

2167 5299 2281 5370 (40)
2307 5296 2378 5370 Ita
2410 5295 2646 5370 quinque
2680 5307 2808 5370 mss.
2845 5290 2987 5344 Editi
3016 5307 3143 5346 vero
3167 5293 3500 5370 ιῖιττεέικαείς.Δ
3533 5293 3672 5370 Ἀπη-

2096 5352 2311 5424 brosius
2335 5352 2506 5419 sic-ad
2537 5352 2760 5415 v'erbum
2790 5363 3181 5432 interpretatur
3211 5381 3226 5418 :
3256 5365 3316 5418 Si
3352 5352 3670 5431 aut-frigore
3761 5352 3777 5374 ⁸

2093 5443 2393 5492 adurantur
2421 5450 2439 5489 :
2474 5433 2525 5484 in
2552 5447 2657 5499 quo
2689 5432 2899 5487 videtur
2927 5431 3234 5502 ,Virgilium
3287 5435 3550 5500 imitatus,
3579 5434 3672 5504 qui

2094 5525 2108 5563 I
2135 5507 2320 5576 Georg.
2356 5504 2687 5576 scripserat,

2249 5571 2350 5631 Ᾰιιι
2390 5572 2568 5626 Borea:
2592 5571 2905 5638 penetrabile
2933 5575 3098 5642 frigus
3131 5575 3344 5629 adurat.

2103 5648 2302 5702 Ibidem
2336 5643 2463 5710 Reg.
2496 5643 2699 5716 primus
2725 5643 2804 5716 εἰς
2837 5645 3062 5716 ἑτέραντ
3098 5714 3106 5716 Δ
3351 5715 3383 5716 ἐ
3431 5715 3437 5716 7
3475 5715 3482 5716 ὲ
3543 5656 3547 5660 Α

2177 5716 2288 5788 (Η)
2314 5711 2590 5788 Sic_e.l_i_tio
2801 5710 3140 5788 cum'nmltis
3164 5731 3292 5788 mss.
3348 5715 3523 5788 Edilio
3563 5713 3673 5770 Pa-

2112 5781 2205 5844 ris.
2244 5781 2450 5856 éxizoi.
2485 5781 2600 5834 Mox
2638 5782 2792 5836 Colb.
2839 5786 3105 5856 secundus
3142 5787 3326 5839 εἰκόνα
3359 5785 3526 5856 δηλοῖ.

2183 5855 2292 5927 (1.2)
2317 5855 2392 5910 lia
2417 5862 2647 5923 quatuor
2671 5867 2802 5908 mss.
2835 5855 2971 5910 Editi
2997 5866 3049 5910 et
3077 5871 3213 5912 unus
3250 5872 3354 5916 ms.
3381 5855 3600 5924 αὐτούς.
