4082 6398
461 354 568 412 105

1487 432 1491 436 .
1584 381 1867 439 llOMlLIA
1916 385 1956 440 ν
1997 384 2064 439 ΙΝ
2100 387 2594 445 ΗΕΧΑΕΜΕΒΟΝ.

3587 398 3692 453 106

457 471 633 581 Erinys
650 475 744 581 .τά
787 477 1156 581 ξλαστήματα.
1201 489 1308 542 Καὶ
1339 491 1600 563 λειμῶνες
1646 499 1742 566 μὲν
1762 495 1900 569 ἦσαν
1941 500 2027 570 βα-

2137 502 2337 559 lertiles
2371 507 2567 575 campi,
2617 505 2885 574 segetibus
2916 505 3326 575 horresceules,
3373 510 3547 581 pelagi
3594 509 3698 567 ﬂu-

457 561 570 627 θείς
613 567 677 636 τῇ
709 569 936 643 ἀφθονίᾳ
981 573 1073 627 τοῦ
1114 578 1325 649 χόρτου,
1370 561 1476 636 τῶν
1506 585 1562 638 δὲ
1597 561 1796 642 πεδίων
1828 591 1896 644 τὰ
1939 561 2024 644 εὖ·

459 670 647 748 καρπα
688 659 980 728 φρίσσοντα
1024 670 1136 730 τοῖς
1176 669 1345 739 ληίοις
1380 674 1512 744 (45),
1548 677 1730 731 εἰκόνα
1757 679 2024 748 πελάγους

457 747 809 817 κυμαίνοντος
845 753 902 805 ὲν
945 759 1008 828 τῇ
1038 761 1244 831 κινήσει
1283 764 1390 818 τῶν
1439 767 1722 840 ἀσταχύων
1753 770 2021 837 ἀπέσωζε.

460 838 615 893 Πᾶσα
647 839 700 894 δὲ
731 842 926 918 βοτάνη
958 851 1049 902 καὶ
1078 855 1183 906 πᾶν
1212 853 1514 930 λαχανηρὸν
1554 838 1727 928 γένος,
1765 863 1856 915 καὶ
1900 865 2026 917 εἴτι

461 931 518 982 ὲν
566 933 879 1002 φρυγάνοις,
939 943 1029 994 καὶ
1076 942 1129 995 ετ
1181 962 1233 998 τι
1273 950 1328 1000 ἐν
1364 950 1624 1022 ὀσπρίοις,
1665 954 1806 1008 κατὰ
1850 958 2027 1010 πᾶσαν

459 1023 719 1119 ἀφθονίαν
764 1029 884 1119 τότε
939 1034 1036 1103 τῆς
1079 1036 1180 1107 γῆς
1230 1039 1534 1112 ὑπερεῖχεν.
1571 1045 1702 1098 Οὐδὲ
1747 1047 1854 1119 γάρ
1895 1049 2029 1101 ἀπό-

460 1115 672 1210 τεμυγμά
703 1133 754 1169 τι
789 1114 855 1189 ἧν
889 1122 946 1173 ἐν
978 1127 1091 1186 τοῖς
1120 1127 1236 1180 τότε
1264 1131 1660 1201 προϐληθεῖσιν,
1701 1114 1837 1190 οὔτε-
1859 1155 2031 1210 γεωρ-

459 1204 574 1274 γῶν
617 1208 888 1280 ἀπειρίας,
945 1213 1066 1268 οὔτε
1111 1218 1286 1289 ἀέρων
1333 1222 1679 1296 δυσκρασίας,
1721 1227 1843 1282 οὔτε
1871 1204 2032 1295 τινος

458 1297 835 1392 αἰτίας
873 1308 984 1369 τοῖς
1022 1310 1321 1379 γινομένοις
1359 1312 1775 1389 λυμαινομένης.
1823 1321 1894 1373 Οὐ
1927 1321 2046 1392 μὴν

457 1388 579 1442 οὐδὲ
630 1391 662 1460 ή
724 1393 985 1466 καταδίκη
1035 1399 1307 1466 ὲνεπόδιζε
1365 1408 1432 1475 τῇ
1486 1388 1720 1480 εύθηνὶᾳν
1761 1410 1860 1480 τῆς

460 1479 810 1572 ῌρεσὸύτερα
841 1487 949 1556 γάρ
973 1487 1142 1542 ταῦτα
1166 1493 1262 1564 τῆς
1296 1495 1584 1568 ἁμαρτίας,
1609 1479 1763 1570 δι’ίῆν
1790 1479 2036 1572 κατεκρὶ-

461 1569 635 1676 θημεν
694 1573 752 1625 ὲν
797 1575 979 1646 ἱδρῶτι
1023 1578 1116 1632 τοῦ
1165 1582 1454 1653 προσώπου
1505 1588 1658 1658 ἡμῶν
1707 1569 1905 1644 ἐσθίειν
1944 1569 2034 1646 τὸν

463 1677 498 1714 α
504 1678 650 1732 ρτον.

531 1755 583 1806 6.
633 1755 792 1811 Ἀλλά
826 1758 935 1814 Kal
980 1762 1171 1827 ξύλον
1217 1767 1538 1838 κάρπιμον,
1609 1774 1761 1844 φησι,
1819 1776 2037 1830 ποιοῦν

460 1845 708 1914 καρπόν,
735 1845 806 1905 οὗ
836 1850 901 1904 τὸ
930 1851 1168 1924 σπέρμα
1196 1858 1384 1912 αὐτοῦ
1404 1861 1474 1912 ἐν
1495 1860 1656 1927 αὐτῷ
1681 1865 1829 1918 κατὰ
1858 1865 2032 1935 γένος
2063 1855 2104 1909 Β

461 1938 556 1991 καὶ
600 1942 730 1993 καθ’
773 1944 1084 2012 ὁμοιότητα
1115 1947 1214 2002 ἐπὶ
1261 1947 1372 2017 τῆς
1410 1950 1540 2022 τῆς.
1598 1953 1720 2007 Ἐπὶ
1754 1955 1925 2026 τούτῳ
1955 1956 2034 2027 τῷ

463 2029 663 2100 ῥήματι
705 2033 876 2087 πᾶσαι
906 2035 1004 2104 μὲν
1037 2036 1233 2108 λόχμαι
1261 2042 1691 2098 κατεπυκνοῦντο
1712 2063 1724 2075 ·
1765 2047 1945 2103 πάντα
1976 2049 2035 2102 δὲ

459 2119 714 2210 ἀνέτρεχε
757 2124 972 2198 δένδρα,
1018 2129 1087 2182 τά
1121 2148 1180 2184 τε
1225 2132 1360 2204 πρὸς
1408 2137 1670 2208 μήκιστον
1719 2138 1853 2210 ’ύψος
1890 2140 2035 2193 διαν-

462 2207 710 2302 ιστασθαι
750 2214 860 2285 (44)
904 2220 1203 2288 πεφυκότα,
1249 2223 1436 2278 ἐλάται
1461 2207 1555 2280 καὶ
1575 2207 1777 2302 κέδροι,
1811 2231 1906 2284 καὶ
1938 2248 2033 2283 κυ-

460 2300 737 2373 πάρισσοι,
771 2308 864 2360 καὶ
896 2309 1129 2365 πεῦκαι·
1167 2313 1365 2380 πάντες
1398 2315 1454 2368 δὲ
1485 2300 1681 2389 θάμνοι.
1707 2319 1868 2384 εὐθὺς
1895 2316 2032 2392 ἦσαν

463 2394 768 2467 ἁμφίκομοι
813 2400 908 2452 καὶ
961 2401 1173 2468 δασείςο
1219 2407 1311 2459 καὶ
1341 2407 1409 2461 τὰ
1445 2413 1893 2483 στεφανωματικὰ
1943 2415 2032 2466 λε-

459 2485 665 2556 γόμενα
685 2487 793 2542 τῶν
823 2491 1020 2560 φυτῶν,
1047 2495 1182 2547 αἵτε
1205 2497 1491 2568 ρωδωνιαὶ,
1517 2502 1611 2554 καὶ
1637 2504 1915 2576 μυρσίναι,
1936 2507 2032 2560 καὶ

457 2577 672 2647 δάφναι,
708 2583 886 2638 πάντα
932 2586 988 2637 ὲν
1033 2587 1131 2659 μία
1168 2590 1359 2662 καιροῦ
1396 2594 1558 2665 ῥοπῇ,
1612 2595 1712 2649 οὐκ
1744 2595 1873 2653 ὄντα
1903 2600 2035 2672 πρόη

457 2684 615 2762 τερον
659 2672 797 2744 ὑπὲρ
826 2676 923 2746 τῆς
951 2678 1074 2747 γῆς,
1108 2681 1188 2744 εἰς
1217 2681 1276 2734 τὸ
1310 2678 1446 2737 εῖναι
1473 2685 1718 2758 παρῆλθε
1748 2687 1858 2761 (45)
1899 2692 2036 2762 μετὰ
2071 2680 2078 2687 ’

459 2759 560 2830 τῆς
583 2763 786 2828 οἰκείας
806 2764 1034 2822 ἕκαστον
1059 2771 1336 2844 Ιδιότητος,
1357 2775 1780 2848 ἑναργεστάταες
1805 2759 1910 2852 μὲν
1922 2782 2036 2836 δια-

461 2857 654 2945 φορατς
683 2857 790 2910 ἀπὸ
832 2859 940 2913 τῶν
968 2863 1299 2936 ἑτερογενῶν
1346 2869 1706 2941 χωριζόμενα,
1753 2875 1935 2945 οἰκείῳ
1977 2875 2034 2928 δὲ

458 2942 685 3036 ξκαστον
706 2949 1101 3023 γνωριζόμενον
1129 2957 1454 3030 χαρακτῆρι.
1483 2961 1630 3032 Πλήν
1668 2980 1731 3032 γε
1757 2965 1837 3018 ὅτι
1864 2942 1922 3018 τδ
1943 2966 2033 3036 ρό-

459 3033 548 3089 δον
589 3035 698 3106 (46)
730 3039 850 3093 τότε
880 3040 1006 3094 ἄνευ
1041 3044 1279 3117 ἀκάνθης
1304 3043 1392 3119 ἦν,
1421 3047 1643 3122 ὕστερον
1661 3053 1718 3106 δὲ
1750 3052 1826 3124 τῷ
1850 3033 2037 3108 κάλλει

457 3123 553 3178 τοῦ
594 3125 785 3191 ἄνθους
835 3130 881 3213 ή-
913 3131 1120 3188 ἄκανθα
1169 3136 1538 3210 παρεζεῦχθη,
1576 3139 1663 3194 ἵνα
1707 3123 2044 3213 τῷίτερπνιῖι

456 3217 557 3286 τῆς
595 3207 944 3285 ἀπολαύσεως
987 3225 1215 3293 ἐγγύθεν
1247 3227 1458 3300 ἔχωμεν
1490 3207 1900 3304 παρακειμένην
1930 3207 2028 3305 τὴν

459 3309 653 3382 λύπην,
690 3315 1025 3385 μεμνημένοι
1059 3318 1155 3389 τῆς
1174 3319 1466 3391 ἁμαρτίας,
1495 3323 1642 3394 δι’ἣν
1669 3325 1908 3390 ἀκάνθας
1938 3328 2030 3384 καὶ

456 3403 736 3474 τριϐόλους
769 3407 897 3477 ήμῐν
924 3409 1232 3464 ἀνατέλλειν
1274 3413 1630 3486 κατεδικάσθη
1671 3396 1828 3490 η’γῆ.
1871 3418 2031 3472 Ἀλλά

460 3496 818 3568 προσετάχθη,
864 3501 1015 3570 φησι,
1057 3501 1256 3556 Ξύλον
1293 3503 1608 3575 κάρπιμον,
1645 3509 1858 3563 ποιοῦν
1899 3529 2030 3580 trap-

457 3589 576 3640 πὸν
603 3588 701 3642 ἐπὶ
738 3589 848 3658 τῆς
879 3591 1012 3660 γῆς,
1043 3588 1114 3648 οὗ
1149 3593 1212 3647 τὸ
1244 3595 1480 3664 σπέρμα
1510 3600 1696 3652 αὐτοῦ
1741 3601 1810 3654 ἐν
1847 3602 2024 3670 αὐτῷ,

454 3680 703 3734 ἐκδοῦναι
745 3684 778 3752 ὴ
819 3683 922 3754 γῆ·
955 3685 1123 3738 πολλά
1162 3685 1218 3739 δὲ
1246 3686 1354 3740 τῶν
1391 3689 1619 3760 δένδρων
1665 3692 1876 3762 ὁρῶμεν
1905 3678 2030 3747 οὗτε

456 3775 685 3842 καρποῖς
717 3771 837 3826 οὔτε
862 3773 1131 3846 σπέρματι
1172 3777 1282 3847 (47)
1312 3781 1636 3852 κεχρημένα.
1667 3784 1731 3836 Τί
1754 3781 1844 3838 οὖν
1875 3786 2028 3858 ἐροῦ-

460 3879 560 3932 μεν
584 3881 598 3930 ;
637 3865 759 3917 Ὅτι
784 3866 850 3920 τὰ
878 3867 1179 3941 τιμιώτερα
1202 3873 1266 3940 τῇ
1308 3872 1465 3940 φύσει
1493 3878 1904 3948 προηγουμένης
1932 3881 2028 3950 τῆς

461 3956 678 4027 μνήμης
714 3958 1012 4028 τετύχηκεν
1035 3977 1048 3990 ·
1101 3961 1312 4025 ἔπειτα,
1359 3966 1440 4019 ὅτι
1472 3967 1714 4039 ἀκριϐῶς
1742 3969 2030 4042 θεωροῦντι

457 4046 553 4099 καὶ
582 4043 756 4101 πάντα
785 4052 1082 4122 φανήσεται
1128 4053 1160 4125 ἢ
1218 4055 1490 4127 σπέρματι
1533 4061 1926 4135 κεχρημένα,ἢ
1961 4064 2029 4118 τὰ

460 4136 876 4231 ἰσοδυναμοῦντα
908 4145 1040 4231 τοῖς
1062 4143 1366 4216 σπέρμασιν
1396 4147 1605 4218 ἔχοντα.
1640 4151 1881 4225 Αἴγειρον.
1919 4157 2026 4231 γὰρ

455 4224 553 4282 καὶ
579 4225 734 4293 ἰτέαι,
766 4227 856 4282 καὶ
883 4229 1124 4298 πτελέαι,
1160 4235 1253 4288 καὶ
1280 4234 1488 4302 λεῦκαι,
1523 4239 1617 4292 καὶ
1654 4241 1752 4294 ὅσα
1776 4224 2020 4314 τοιαῦτα,

528 4410 575 4445 ⁶¹
596 4410 732 4468 Gen.
761 4427 844 4480 ut,
873 4413 960 4470 l9.
1036 4415 1080 4447 ⁸⁸
1106 4414 1241 4472 Gen.
1281 4432 1322 4482 ι,
1357 4417 1443 4473 ll.
1521 4420 1564 4453 ⁸⁸
1591 4420 1726 4480 Gen.
1751 4441 1834 4493 Ill,
1863 4427 1950 4482 l8.

2127 597 2358 651 ctuautis
2384 597 2671 668 imaginem
2700 615 2794 667 per
2819 599 3090 666 spicarum
3108 609 3315 654 'motum
3345 611 3698 670 repraesenta-

2128 693 2276 738 runt.
2316 686 2504 740 Omnis
2533 696 2711 739 autem
2756 686 2944 751 herba,
2971 702 3033 740 ac
3068 701 3225 740 omne
3255 686 3560 742 oleraceum
3599 703 3694 758 ge-

2128 792 2250 840 nus,
2274 785 2323 830 et
2361 778 2404 831 si
2435 778 2560 846 quid
2590 779 2641 832 iu
2677 779 2960 833 fruticibus
3007 789 3101 832 aut
3145 779 3196 832 in
3227 777 3586 847 leguminibus
3613 794 3697 832 re-

2129 869 2358 935 peritur,
2390 872 2536 924 omni
2573 886 2694 925 cum
2720 872 2966 925 ubertate
2993 881 3118 925 tunc
3149 886 3310 938 supra
3333 880 3532 925 terram
3567 870 3700 923 emi.

2130 959 2311 1014 cabat.
2351 958 2534 1030 Neque
2574 963 2717 1015 enim
2767 960 2952 1015 infelix
2982 961 3120 1016 ullus
3155 977 3440 1016 successus
3473 961 3538 1014 iis
3567 975 3686 1028 qua:

2134 1057 2259 1101 tunc
2294 1051 2751 1117 producebantur,
2787 1061 2904 1104 erat
2953 1051 3412 1116 extimescendus,
3447 1066 3570 1105 cum
3602 1063 3698 1104 ne-

2131 1154 2235 1208 que
2264 1141 2619 1210 agricolarum
2642 1143 2933 1211 imperitia,
2959 1157 3134 1212 neque
3155 1144 3299 1197 aeris
3327 1141 3694 1210 intemperies,

2132 1245 2306 1300 neque
2339 1231 2442 1284 alia
2487 1232 2593 1286 ulla
2637 1248 2799 1286 causa
2841 1232 3003 1287 rebus
3053 1233 3402 1287 nascentibus
3457 1243 3702 1300 noceret._

2136 1319 2332 1375 Verum
2357 1323 2498 1377 enim
2525 1338 2652 1376 vero
2679 1324 3072 1378 damnatorium
3104 1322 3363 1393 judicium
3397 1332 3507 1376 tum
3534 1323 3700 1391 impe-

2134 1413 2372 1466 dimenlo
2417 1429 2521 1468 non
2561 1424 2682 1468 erat
2721 1415 2928 1469 telluris
2976 1416 3268 1470 fertilitati.
3311 1414 3505 1468 Isthmo
3546 1415 3696 1468 enim

2136 1505 2441 1573 antiquiora
2473 1515 2596 1558 sunt
2622 1517 2864 1574 peccato,
2900 1507 3052 1575 cujus
3077 1507 3250 1574 gratia
3287 1507 3354 1560 ad
3381 1507 3482 1560 hoc
3510 1517 3697 1560 sumus

2134 1594 2397 1659 damnati,
2427 1605 2481 1648 ut
2505 1610 2697 1663 panem
2739 1597 2790 1650 in
2815 1598 3009 1652 sudore
3034 1597 3210 1654 nostri
3233 1597 3411 1654 vultus
3440 1599 3690 1654 comedas

2134 1702 2254 1739 mus
2278 1685 2346 1740 ενι

2205 1775 2261 1828 6.
2302 1775 2407 1829 Sed
2442 1775 2506 1829 Et
2535 1777 2732 1847 lignum
2755 1778 3107 1848 fructiferum,
3131 1779 3326 1848 inquit,
3364 1780 3561 1848 faciens
3580 1778 3696 1848 {ru-

2135 1879 2294 1931 ctum,
2325 1867 2473 1936 cujus
2496 1885 2663 1923 semen
2684 1869 2794 1937 ejus
2818 1872 2884 1924 sit
2909 1872 2964 1924 in
2988 1871 3102 1940 ipso
3137 1875 3421 1925 secundum
3460 1887 3619 1940 genus
3649 1880 3696 1922 et

2134 1959 2416 2012 secundum
2451 1959 2852 2014 similitudinem
2900 1978 3056 2030 super
3103 1973 3295 2016 terram
3323 1963 3387 2016 ⁵⁸.
3421 1963 3562 2016 Sane
3597 1963 3698 2016 hoc

2136 2052 2300 2106 verbo
2327 2053 2694 2107 densabantur
2719 2068 2936 2109 nemora
2964 2055 3141 2108 omnia
3161 2073 3175 2121 ;
3195 2069 3492 2124 omnesque
3518 2070 3698 2108 emer-

2135 2157 2255 2196 sere
2285 2143 2525 2204 arbores,
2554 2159 2672 2211 quze
2709 2143 2917 2199 scilicet
2968 2147 3019 2198 in
3055 2145 3421 2216 longissimam
3456 2145 3698 2198 altitudi-

2137 2250 2256 2288 nem
2294 2249 2587 2303 exsurgere
2617 2235 2813 2294 solent.
2853 2235 3078 2301 abieles,
3127 2237 3295 2302 cedri,
3327 2236 3594 2307 cupressi,
3621 2237 3696 2304 pi-

2135 2338 2240 2376 cea:
2269 2339 2281 2374 :
2312 2324 2461 2388 item,
2495 2324 2714 2382 frutices
2743 2343 2931 2381 onmes
2968 2327 3118 2382 illico
3163 2329 3360 2382 comati
3417 2329 3612 2383 ﬁebant
3644 2336 3701 2380 et

2136 2413 2313 2468 densi.
2352 2414 2610 2470 Prodiere
2654 2417 2817 2470 etiam
2867 2418 3060 2485 plantae
3094 2434 3211 2488 quae
3247 2419 3498 2472 dicuntur
3537 2433 3696 2472 coro-

2135 2506 2322 2571 narim,
2360 2515 2560 2570 roseta,
2616 2509 2772 2578 myrti
2814 2519 2869 2563 et
2904 2509 3068 2564 lauri.
3133 2510 3322 2565 Omnia
3393 2525 3512 2578 quae
3550 2509 3711 2578 prius

2133 2613 2294 2666 super
2318 2607 2515 2652 terram
2550 2599 2656 2655 nun
2693 2601 3001 2667 exstabant,
3033 2603 3086 2656 in
3124 2618 3229 2656 uno
3276 2603 3529 2671 temporis
3561 2616 3696 2670 pun-

2135 2699 2223 2744 cto
2267 2705 2331 2744 eo
2378 2691 2666 2746 devenere.
2695 2701 2752 2745 ut
2790 2701 2992 2761 essent,
3026 2709 3145 2749 cum
3176 2709 3270 2747 sua
3306 2708 3530 2762 quaeque
3567 2708 3694 2760 pro-

2135 2781 2382 2850 prielate,
2420 2780 2870 2839 manifestissimis
2895 2784 3108 2853 quidem
3135 2782 3242 2854 45
3278 2782 3593 2838 dilleretttiis
3627 2783 3695 2836 ab

2137 2871 2201 2926 iis
2235 2888 2352 2942 quae
2396 2872 2596 2927 diversi
2641 2875 2856 2941 generis
2902 2884 3048 2940 sunt,
3082 2875 3338 2938 discreta,
3369 2874 3576 2944 singula
3619 2884 3698 2928 ta-

2134 2979 2254 3018 men
2288 2965 2503 3036 proprio
2533 2965 2851 3022 charactere
2883 2967 3160 3037 insignita.
3197 2967 3392 3022 Verum
3423 2984 3541 3022 rosa
3571 2977 3698 3023 tunc

2132 3056 2251 3110 sine
2305 3057 2459 3125 spina
2493 3067 2630 3122 erat,
2690 3069 2872 3126 postea
2926 3074 3056 3115 vero
3100 3059 3249 3114 ﬂoris
3306 3059 3695 3128 pulchritudini

2134 3149 2232 3203 fuit
2254 3149 2404 3220 spina
2433 3148 2706 3218 adjuncta,
2738 3161 2792 3204 ut
2823 3151 3064 3206 fruendae
3097 3151 3354 3221 voluptati
3381 3150 3518 3204 foret
3542 3151 3698 3204 dolor

2133 3243 2436 3314 contiguus,
2468 3244 2592 3298 dum
2647 3245 3058 3298 recordaremur
3097 3244 3326 3313 peccati,
3350 3243 3503 3311 cujus
3531 3258 3693 3297 causa

2131 3335 2196 3388 ad
2229 3335 2331 3390 hoc
2369 3335 2620 3389 damnata
2671 3345 2812 3389 terra
2845 3345 2950 3400 est,
2984 3344 3042 3390 ut
3082 3335 3237 3390 nobis
3273 3335 3458 3404 spinas
3487 3334 3693 3402 profer—

2129 3437 2211 3483 ret
2239 3437 2400 3496 atque
2433 3428 2657 3482 tribulos
2680 3428 2743 3482 ⁸⁸.
2781 3428 2910 3492 Sed,
2945 3428 3214 3497 inquiunt,
3248 3427 3400 3495 jussa
3433 3435 3519 3478 est
3549 3435 3691 3478 terra

2127 3518 2424 3588 producere
2465 3517 2687 3587 Lignum
2717 3518 3071 3588 [ructiferum,
3103 3517 3299 3584 faciens
3345 3517 3573 3584 fructum
3603 3532 3693 3568 sue

2127 3626 2216 3679 per
2252 3621 2466 3676 terram,
2500 3612 2651 3676 cuius
2696 3627 2867 3663 semen
2904 3611 3016 3678 ejus
3053 3611 3131 3664 sit
3155 3612 3208 3663 in
3240 3609 3390 3676 ipso;
3417 3617 3471 3662 et
3500 3618 3680 3662 tamen

2127 3700 2428 3770 complures
2464 3703 2688 3756 arbores
2729 3703 3022 3765 cernimus,
3065 3717 3236 3769 neque
3278 3700 3562 3764 fructibus,
3593 3715 3690 3752 ne-

2126 3807 2229 3861 que
2263 3793 2556 3847 seminibus
2601 3793 2872 3860 pra-ditas.
2901 3793 3038 3858 Quid
3067 3807 3193 3861 ergo
3225 3790 3418 3845 dicturi
3465 3789 3690 3844 sumus?

2127 3883 2280 3948 Quod
2312 3898 2396 3936 res
2425 3898 2544 3951 qua:
2585 3892 2773 3935 natura
2824 3891 3102 3950 praestant,
3133 3880 3390 3951 primaria.
3416 3879 3690 3935 mentione

2128 3975 2358 4044 diguatae
2387 3984 2511 4029 sunt
2537 3990 2556 4033 ι,
2586 3975 2797 4041 deinde,
2829 3975 2969 4043 quod
3012 3983 3268 4026 accurate
3312 3969 3685 4026 consideranti

2127 4067 2410 4130 constabit,
2453 4076 2545 4120 aut
2590 4066 2768 4122 omnia
2818 4081 3000 4122 semen
3042 4065 3202 4130 ferre,
3235 4073 3326 4118 aut
3359 4064 3466 4117 vim
3500 4079 3686 4133 quam-

2128 4159 2247 4212 dam
2275 4158 2570 4212 seminibus
2595 4158 2852 4225 aequalem
2885 4159 3101 4212 habere.
3128 4155 3260 4211 Nam
3280 4157 3459 4226 populi
3494 4158 3680 4223 nigrae,

2131 4249 2347 4316 salices,
2378 4248 2526 4315 ulmi,
2551 4249 2683 4304 alba:
2709 4249 2912 4319 populi,
2941 4259 2995 4304 et
3027 4249 3144 4304 alia:
3175 4249 3413 4319 ejusdem
3447 4249 3681 4318 generis,

527 4613 637 4687 (4'5)
667 4615 1122 4698 qub:_seeundus
1159 4621 1561 4698 βρίθοντα-τοῖς
1597 4625 1788 4698 ληίοις,
1828 4627 2019 4698 segeti-

2129 4628 2334 4684 Iocutus
2369 4638 2448 4684 est
2471 4629 2701 4684 Basilius
2729 4629 2794 4684 de
2832 4628 2957 4684 altis
2993 4629 3300 4693 arboribus,
3325 4629 3537 4684 'statim
3605 4631 3678 4683 lu.

457 4687 554 4738 bus
578 4688 771 4740 onusti.
801 4687 951 4740 Haud
1007 4687 1170 4744 mala'
1193 4687 1368 4748 lectio.
1417 4687 1555 4748 Editi
1593 4687 1711 4749 cu'tn
1741 4687 1860 4750 aliis
1885 4687 2015 4753 iuss.

460 4755 777 4835 φρίσσοντα,
825 4758 1200 4816 horrescentes.
1259 4762 1350 4818 Sic
1402 4763 1654 4834 Virgilius
1695 4781 1755 4820 Ill
1801 4764 2015 4835 σθω-9..

457 4827 524 4905 ἒξ)
569 4840 582 4877 :
635 4825 957 4905 [ignescunt
1007 4825 1530 4905 segetesethgcampi'.
1584 4836 1663 4888 Ad
1717 4825 2011 4905 marginem

458 4895 593 4972 Reg:
625 4897 781 4972 primi
819 4898 872 4950 iu
907 4895 1120 4972 modum
1150 4901 1335 4957 scholii
1358 4895 1598 4972 apposita
1627 4915 1754 4958 sunt
1787 4895 1874 4958 illi:
1903 4923 1916 4958 :
1949 4907 2017 4959 Ἦ

458 4964 890 5049 φρίξιςλέγεται
936 4970 968 5038 ή
1015 4969 1309 5049 ἀνάστασις
1369 4964 1480 5049 ρξάι
1525 4975 1557 5046 ἡ
1612 4975 1881 5049 πυκνότης
1911 4977 2018 5031 τῶν

456 5035 765 5116 ἀσταχύωνέ
801 5035 1006 5091 Horror
1056 5042 1252 5095 dicitur
1290 5035 1514 5114 agitatio
1546 5035 1731 5114 'atque
1788 5035 2015 5102 densitas

458 5121 742 5171 spicarum.

532 5175 638 5255 (μ)
699 5176 835 5255 Ιξθτξ.⁸
867 5177 1096 5255 quintus
1135 5180 1269 5255 ὕψος
1323 5183 1664 5255 ἀνίστασθαι.
1696 5183 1812 5240 Mox
1844 5185 2014 5255 (editio

459 5243 635 5319 Paris.
659 5248 753 5299 καὶ
782 5243 849 5302 τὰ
877 5243 1126 5305 ταπεινάο
1154 5243 1352 5316 πάντες
1376 5253 1432 5305 δέ
1451 5269 1464 5282 ο
1498 5256 1588 5308 sed
1618 5254 1764 5319 illud,
1799 5253 1866 5307 τὰ
1914 5273 2011 5313 τα,-

461 5315 641 5380 πεινά,
669 5319 1003 5372 desideratur
1034 5322 1083 5372 in
1124 5315 1359 5376 editione
1394 5324 1552 5378 llasil.
1577 5333 1632 5377 et
1657 5325 1709 5377 itt
1741 5315 1862 5380 octo
1877 5341 2007 5381 mss.

459 5386 621 5464 C(li5!.
664 5388 924 5464 vetustior
971 5389 1182 5464 πεῦκαιΔ
1213 5393 1307 5464 καὶ
1341 5394 1540 5456 πάντες
1581 5392 1638 5446 δὲ
1689 5391 1915 5464 θάμνοι*
1959 5407 2013 5450 at

463 5455 718 5532 particula
751 5457 844 5513 καί
874 5459 1024 5532 deest
1051 5462 1102 5532 in
1138 5461 1256 5516 aliis
1279 5479 1406 5532 mss.
1440 5455 1787 5532 Suspicamur
1833 5475 2008 5519 autem

463 5525 710 5602 illutl,_1:&
732 5528 980 5602 ταπεινά,
1005 5531 1241 5585 additum
1273 5531 1436 5587 fuisse
1464 5550 1490 5586 a
1519 5525 1892 5602 tjpographis,
1921 5547 2013 5589 aut

463 5609 501 5675 Ξ
520 5595 824 5675 quibusvis,
863 5612 928 5654 eo
966 5601 1210 5675 consilio,
1255 5611 1312 5656 ut
1359 5595 1915 5675 antithesis-quamam
1958 5607 2008 5658 iu

465 5662 642 5745 Basilii
680 5667 858 5721 verbis
885 5662 1207 5745 reperiretur
1235 5690 1248 5725 :
1279 5673 1370 5745 sed
1405 5662 2006 5745 proptereafquidquam

464 5733 585 5813 addi
622 5750 844 5791 necesse
869 5733 974 5793 non
1004 5737 1124 5813 luit,
1156 5755 1276 5813 cum
1308 5733 1422 5813 sine
1453 5733 1893 5813 ulla;acces'sioue
1919 5761 2007 5798 sa-

461 5809 532 5860 tis
555 5817 817 5876 superque
834 5810 1117 5878 conspicua
1140 5810 1206 5867 sit
1229 5811 1528 5868 antithesis.
1555 5809 1840 5886 Postquam
1863 5818 2005 5872 enim

2125 4712 2306 4768 qmtur
2329 4701 2393 4754 de
2419 4700 2612 4768 plantis
2645 4700 2966 4762 coronariis,
3015 4715 3239 4769 quarum
3270 4701 3536 4770 pleraeque
3571 4701 3683 4754 fere

2126 4779 2320 4837 repunt
2369 4770 2539 4824 humi.
2590 4771 3002 4823 Animadvertas
3064 4771 3221 4824 velim
3281 4769 3538 4835 illttd,ea‘t
3585 4787 3681 4824 τα-

2125 4840 2304 4903 πεινά,
2329 4857 2355 4892 a
2387 4840 2550 4895 veteri
2592 4840 2884 4907 interprete
2914 4841 3153 4907 agnitum
3188 4856 3291 4895 non
3324 4840 3508 4894 fuisse.

2196 4911 2307 4978 (45)
2345 4909 2478 4978 lleg.
2508 4921 2692 4965 sextus
2714 4908 3010 4979 παρῆλθον.
3040 4909 3182 4979 Editi
3231 4921 3350 4964 cmn
3383 4911 3500 4964 aliis
3548 4927 3676 4967 mss.

2124 4975 2388 5053 παρῆλθε.
2422 4975 2552 5053 Reg.
2592 4975 2882 5043 tertius'ei};
2920 4981 2980 5032 τὸ
3013 4975 3149 5034 εἶναι
3187 4979 3458 5053 παρήχθη.
3488 4981 3676 5053 Statim

2123 5051 2249 5124 editi
2282 5065 2401 5124 cum
2436 5051 2608 5124 tribus
2637 5059 2728 5102 aut
2758 5058 2988 5118 quatuor
3022 5066 3150 5106 mss.
3184 5051 3538 5124 χαριζόμενα.
3572 5052 3675 5124 lle-

2121 5120 2192 5188 gii
2226 5119 2451 5189 primus.
2479 5121 2698 5189 quintus
2745 5129 2798 5172 et
2842 5129 3068 5176 octavus
3098 5119 3219 5176 cuni
3260 5119 3412 5177 Colh.
3441 5122 3676 5176 secundo

2117 5188 2488 5260 χαριζόμενον.
2505 5188 2532 5260 ⁷,
2585 5219 2604 5230 --

2187 5257 2449 5330 (όϐγὈτι
2475 5257 2539 5312 τὸ
2560 5259 2765 5330 ῥόδον.
2805 5258 3028 5313 Secutus
3053 5271 3132 5314 est
3165 5260 3419 5315 Basilium
3445 5257 3674 5312 Ambro-

2118 5327 2230 5384 sius
2251 5329 2341 5383 lib.
2373 5345 2428 5384 Ill
2464 5332 2518 5382 in
2545 5327 2822 5394 Hexaem.,
2859 5345 2976 5397 cap.
3003 5331 3088 5383 Η.
3122 5331 3261 5385 Idem
3304 5331 3457 5384 ducet
3491 5330 3674 5396 Augu-

2115 5401 2292 5453 stinus
2337 5415 2549 5468 quoque
2590 5400 2681 5453 lib.
2720 5415 2733 5452 ι
2773 5399 2845 5452 De
2873 5398 3058 5453 Genesi
3111 5411 3291 5452 contra
3331 5397 3668 5468 Munichwos,

2119 5485 2236 5538 cap.
2289 5470 2372 5522 l5.
2401 5467 2504 5524 Sed
2545 5479 2750 5534 postea,
2798 5479 2848 5523 ut
2912 5479 3062 5524 notat
3100 5468 3345 5530 Ducaaus,
3392 5467 3483 5522 lib.
3506 5483 3562 5520 ιιι
3599 5467 3673 5519 De

2120 5539 2309 5593 Genesi
2383 5540 2452 5593 ad
2501 5538 2754 5605 litteram,
2809 5553 2930 5607 cap.
2989 5539 3074 5603 18,
3135 5538 3456 5594 sententiam
3501 5548 3674 5590 muta-

2119 5615 2215 5664 νιι.
2861 5654 2875 5664 .

2186 5677 2298 5748 (47)
2334 5677 2483 5734 Colb.
2537 5678 2805 5734 secundus
2838 5675 2958 5749 οὗτε
3027 5679 3334 5749 σπέρμασι.
3378 5677 3666 5749 Aliquanto

2115 5761 2236 5816 post
2294 5750 2431 5806 idem
2496 5753 2666 5819 codex
2724 5765 2844 5802 cum
2908 5748 3043 5816 lleg.
3108 5748 3258 5805 sexto
3312 5748 3344 5818 ἢ
3396 5748 3673 5818 σπέρμασι

2115 5835 2266 5884 κεχρ.
2607 5847 2614 5855 ”
