4082 6398
417 441 519 501 107

1751 437 1810 493 5.
1853 435 2093 490 ΒΑειιιι
2131 433 2347 489 MAGNI

3571 429 3677 488 108

413 562 655 621 Srnctum
705 561 924 631 quidem
980 562 1186 626 nullum
1238 573 1427 630 aperte
1463 559 1659 614 aﬂ’erre
1705 560 1991 622 videnlur;

2105 557 2309 628 καρπὸν
2366 559 2464 628 μὲν
2511 557 2700 612 οὐδένα
2739 559 2888 612 δοκεῖ
2937 557 3122 631 φέρειν
3165 558 3228 612 ἐκ
3258 556 3352 611 τοῦ
3386 555 3681 628 προδήλου,

413 655 535 711 hzec
579 667 754 710 tamen
800 655 843 710 si
891 655 1012 724 quis
1061 655 1348 724 diligenter
1387 653 1724 722 expenderit,
1759 650 1998 719 singulas

417 747 552 804 istas
587 750 811 802 arbores
857 763 1039 802 semen
1092 748 1292 802 habere
1343 747 1657 815 eomperiet.
1708 743 1997 798 Enimvero

416 856 646 910 granum
698 840 831 893 illud
867 841 1008 908 quod
1061 840 1187 893 folio
1243 840 1546 906 subjectum
1599 845 1701 900 est,
1747 837 1997 904 quodque

415 931 659 986 nonnulli
696 931 748 984 in
780 930 1090 984 nominibus
1113 931 1485 995 couliugendis
1527 941 1749 992 operam
1795 941 1998 1022 navan-

421 1035 523 1089 tes,
560 1025 796 1077 misc/ton
822 1025 1116 1093 appellant,
1145 1024 1252 1077 vittt
1289 1022 1515 1078 seminis
1544 1030 1706 1088 atque
1733 1019 1992 1072 virtutém

418 1116 646 1168 obtinet.
677 1112 1026 1182 Quaecunque
1050 1113 1192 1166 enim
1220 1129 1250 1166 a
1282 1114 1450 1167 ramis
1479 1112 1652 1166 solent
1687 1109 1842 1174 oriri,
1873 1110 1997 1164 inde

421 1216 479 1259 ut
508 1205 798 1273 plurimum
835 1206 1046 1259 radices
1079 1206 1353 1259 emittunt.
1398 1204 1675 1259 Fortassis
1703 1211 1884 1256 autem
1910 1215 1998 1256 se-

424 1297 585 1351 minis
614 1296 876 1351 rationetn
915 1297 1211 1361 habent,et
1240 1297 1338 1360 ipsi
1367 1296 1458 1366 qui
1486 1311 1550 1350 ex
1577 1293 1848 1348 radicibus
1880 1293 1996 1362 pul-

419 1388 592 1442 lulant
621 1388 823 1442 surculi
855 1405 868 1440 :
896 1403 1032 1458 quos
1061 1389 1184 1442 dttttt
1211 1387 1450 1442 avellant
1479 1387 1788 1456 plantarum
1823 1385 2000 1438 culto-

419 1495 530 1542 res,
565 1495 732 1549 genus
777 1494 964 1532 carum
1020 1478 1402 1546 multiplicant.
1453 1477 1613 1532 Prius
1662 1489 1864 1543 tamen,
1920 1478 1996 1531 uti

420 1571 678 1635 diximus,
719 1585 796 1623 ea:
827 1571 1052 1624 arbores
1075 1579 1387 1623 memoratae
1418 1579 1564 1635 sunt,
1598 1585 1720 1639 quae
1753 1579 1993 1624 nostram

421 1665 588 1717 vitam
621 1664 791 1732 magis
819 1671 1164 1726 conservant,
1195 1677 1422 1730 qnchue
1461 1662 1701 1732 propriis
1732 1662 1998 1716 fructibus

424 1757 698 1810 hominem
745 1755 1034 1816 donantes,
1086 1752 1420 1806 luculentum
1476 1752 1554 1805 illi
1603 1752 1807 1806 victum
1843 1761 1998 1805 erant

421 1845 874 1915 suppeditatum:
907 1843 1030 1897 vitis
1059 1843 1634 1914 quidetn,generatura
1655 1843 1864 1906 vinum,
1891 1857 1996 1912 quo

2101 651 2325 721 σπέρμα
2354 650 2410 704 δὲ
2442 651 2670 704 ’ἑκαστον
2709 651 2911 706 τούτων
2941 653 3063 722 ἕχον
3087 650 3329 723 ἀκριϐῶς
3364 649 3428 704 ἄν
3464 667 3549 713 τις
3590 646 3678 715 ἐξ.

2099 743 2306 806 ετάζων
2339 743 2547 815 ἐξεύροι
2584 742 2714 814 (48).
2768 745 2824 796 '0
2852 745 2961 815 γὰρ
2992 744 3344 814 ὑποκείμενος
3388 741 3465 812 τῷ
3493 739 3678 811 φύλλῳ

2102 833 2320 897 κόκκος,
2345 833 2402 886 ὃν
2418 835 2646 904 μίσχον
2678 835 2822 898 τινὲς
2851 835 2964 889 τῶν.
2983 835 3111 907 περὶ
3136 834 3232 898 τὰς
3261 831 3678 905 ὀνοματοποιίας

2099 926 2470 996 ἔσχολακότων
2555 929 3056 999 προσαγορεύουσι,
3147 927 3306 980 τοῦτο
3365 926 3683 996 σπέρματος

2099 1016 2213 1086 ἔχει
2248 1018 2494 1089 δύναμιν.
2529 1019 2666 1071 Ὅσα
2715 1019 2823 1091 γὰρ
2869 1019 2979 1072 ἀπὸ
3015 1019 3126 1089 (49)
3175 1019 3384 1072 κλάδων
3430 1015 3683 1086 γίνεσθαι.

2101 1109 2364 1179 πέφυκεν,
2391 1111 2638 1164 ἐντεῦθεν
2669 1110 2744 1175 ὡς
2769 1111 2834 1163 τά
2865 1111 3032 1164 πολλά
3057 1112 3345 1184 προϐάλλει
3373 1111 3471 1175 τὰς
3499 1111 3681 1182 ῥίζας..

2100 1203 2252 1272 Τάχα
2285 1202 2342 1255 δὲ
2375 1204 2685 1274 σπέρματος
2712 1205 2966 1275 ἐπέχουσι
2993 1204 3148 1273 λόγον
3179 1206 3272 1258 καὶ
3297 1207 3352 1257 αἱ
3377 1204 3484 1258 τῶν
3512 1203 3678 1276 ῥιζῶν

2101 1294 2418 1364 ἀποφύσεις,
2445 1295 2507 1359 ἃς
2532 1297 2930 1368 παρασπῶντες
2952 1299 2999 1350 oi
3028 1297 3320 1367 φυτοκόμοι
3349 1296 3462 1366 (50)
3494 1295 3555 1349 τὸ
3585 1295 3678 1364 γάρ

2099 1402 2189 1446 νος
2214 1384 2452 1448 αὔξουσι.
2485 1385 2753 1458 Πρότερον
2799 1388 2999 1456 μέντοι,
3042 1386 3230 1458 ὥσπερ
3271 1385 3499 1456 ἔφαμεν,
3538 1386 3676 1456 μνή-

2103 1494 2211 1546 μης
2250 1476 2454 1548 ἠξιώθη
2483 1479 2552 1530 τὰ
2590 1479 3022 1550 συνεκτικώτερα
3054 1479 3152 1550 τῆς
3186 1479 3328 1549 ζωῆς
3355 1480 3534 1550 ἡμῶν,
3575 1479 3677 1532 ὅσα

2101 1572 2314 1644 ἔμελλε,
2357 1577 2468 1637 τοῖς
2510 1573 2727 1636 οἰκείοις
2769 1575 3000 1644 καρποῖς
3040 1573 3130 1625 τὸν
3164 1573 3450 1644 ἄνθρωπον
3476 1571 3682 1637 δεξιού-

2104 1682 2260 1736 μενα,
2289 1666 2516 1734 ἄφθονον
2541 1665 2690 1735 αύτῴ
2720 1665 3153 1736 παρασκευάζειν
3180 1665 3277 1735 τὴν
3308 1664 3544 1718 δίαιταν⁶
3580 1664 3678 1734 ἄμμ

2100 1757 2261 1819 πελος
2287 1757 2384 1827 μὲν
2405 1752 2544 1809 οἶνον
2572 1757 2815 1825 γεννῶσα
2837 1757 3144 1828 εὐφραίνειν
3172 1756 3427 1827 μέλλοντα
3452 1755 3687 1826 καρδίαν-

2100 1846 2416 1918 ἀνθρώπου·
2465 1847 2616 1900 ἐλαία
2659 1848 2716 1901 δὲ
2767 1849 2977 1919 καρπὸν
3022 1847 3368 1918 παρεχομένη
3409 1845 3686 1916 ἱλαρύνεινς

421 1947 543 1991 erat
569 1952 666 1991 eor
698 1935 930 1990 hominis
970 1935 1345 1990 laetiﬁcandum
1375 1935 1531 1990 :olea
1561 1949 1708 1997 vero,
1741 1950 1862 1989 eum
1903 1936 1994 2004 qui

2105 1909 2394 2009 δυνάμενον
2428 1940 2714 2010 πρόσωπον
2745 1942 2802 1992 ὲν
2835 1909 3018 2010 ἐλαίῳ.
3044 1909 3198 1992 Πόσα·
3223 1909 3508 2008 συνέτρεχε
3537 1935 3680 1990 κατά

421 2029 628 2082 vultum
671 2029 725 2082 in
760 2025 881 2081 oleo
911 2027 1216 2080 exhilarare
1248 2035 1440 2094 potest,
1470 2025 1705 2078 fructum
1738 2025 1996 2078 allatura.

422 2121 566 2189 Quot
610 2121 935 2176 festinanter
981 2120 1032 2172 itt
1083 2135 1249 2172 unum
1285 2130 1697 2180 concurrerunt,
1737 2119 1998 2186 producta

423 2230 452 2264 ιι
487 2213 706 2266 natura!
761 2211 930 2264 Radix
983 2211 1129 2276 vilis,
1174 2211 1424 2279 palmites
1459 2208 1814 2263 orbiculatitn
1857 2207 2002 2262 vire-

423 2314 656 2366 scentes,
716 2302 981 2371 valdeque
1034 2318 1198 2371 super
1255 2313 1450 2355 terram
1499 2299 1697 2364 dillusi,
1757 2317 1996 2370 germen,

423 2397 718 2459 clavicular,
747 2410 848 2448 uva
883 2393 1101 2456 acerba,
1134 2393 1354 2446 racemi.
1393 2389 1568 2446 Vitem
1604 2392 1649 2445 si
1696 2393 1801 2445 tuis
1831 2391 2001 2447 oculis

421 2498 628 2544 attente
654 2487 1028 2556 conspexeris,
1066 2489 1149 2539 vel
1185 2485 1296 2553 ipsa
1325 2495 1376 2538 te
1406 2484 1540 2539 satis
1564 2484 1629 2536 ad
1655 2493 1861 2538 natura:
1884 2499 1998 2538 me-

425 2580 655 2634 moriam
693 2587 929 2632 revocat.
969 2574 1262 2630 Meministi
1312 2574 1455 2628 enim
1497 2575 1708 2628 Domini
1749 2573 2000 2628 similitu-

425 2671 629 2736 dinem,
655 2685 758 2737 qua
793 2684 852 2723 se
903 2668 1075 2735 ipsum
1122 2666 1309 2730 vitem,
1349 2674 1403 2719 et
1449 2664 1664 2719 Patrem
1707 2664 1998 2734 agricolam

430 2771 702 2831 nuncupat
724 2761 814 2812 τοι
843 2774 942 2813 nos
983 2759 1110 2813 item
1144 2757 1386 2828 singulos
1417 2756 1674 2812 Ecclesia:
1718 2771 1814 2826 per
1842 2757 1998 2811 ﬁdem

427 2859 686 2918 insertos,
739 2853 987 2922 palmites
1041 2851 1370 2921 appellavit,
1421 2861 1583 2920 atque
1644 2851 1710 2904 ad
1771 2851 1998 2904 tnultnnt

427 2947 664 3004 fructum
725 2947 1054 3001 allerendunt
1110 2945 1303 2999 invitat
1358 2945 1546 3010 nos",
1579 2959 1647 2998 ne
1694 2943 2002 2998 inutilitatis

432 3041 695 3106 damnati,
719 3040 827 3109 igni
857 3039 1170 3105 tradantur;
1209 3054 1307 3092 nec
1334 3048 1511 3092 cessat
1550 3038 1828 3093 hominum
1879 3036 2000 3090 ani-

437 3147 554 3187 mas
588 3131 788 3200 ubique
834 3131 1037 3186 vitibus
1069 3146 1407 3200 comparare.
1447 3129 1606 3184 Vinea
1637 3147 1877 3201 namque,
1905 3130 1989 3183 in.

2096 2032 2292 2084 ταυτὸν
2320 2031 2667 2102 ήπειγμένως
2687 2031 2789 2084 ὑπὸ
2817 2032 2918 2101 τῆς
2949 2031 3163 2100 φύσεως
3190 2029 3582 2102 παραγόμεναῐ
3609 2027 3676 2082 Ἦ

2101 2125 2224 2197 ῥίζα
2258 2125 2356 2196 τῆς
2386 2125 2660 2195 ἀμπέλου·
2696 2125 2764 2178 τά
2795 2125 3046 2195 κλήματα
3077 2125 3133 2176 ὲν
3155 2123 3338 2194 κύκλῳ
3366 2121 3564 2193 εὐθαλῆ
3586 2120 3680 2175 καὶ

2104 2218 2312 2289 μεγάλα
2347 2219 2486 2290 ὑπὲρ
2517 2219 2619 2290 γῆς
2649 2218 2951 2288 κεχυμέναο
2983 2219 3012 2270 ὁ
3051 2215 3297 2286 βλαστὸς,
3336 2217 3384 2268 οἱ
3417 2214 3616 2278 ἕλικες,
3648 2215 3680 2269 ὁ

2099 2311 2302 2381 ὄμφαξ,
2345 2312 2394 2364 οἱ
2431 2311 2651 2383 βότρυες
2682 2310 2813 2380 (51).
2852 2310 3038 2380 Ἀρκεῖ
3063 2326 3156 2362 σου
3187 2312 3256 2379 τῇ
3289 2307 3406 2378 ὄψει
3442 2308 3538 2360 καὶ
3565 2307 3677 2380 ἄμ-

2100 2403 2260 2468 πελος
2309 2403 2544 2466 συνετῶς
2580 2401 2837 2474 ὁραθεῖσα
2867 2400 3171 2473 ὑπόμνησιν
3212 2418 3293 2454 σοι
3325 2399 3424 2470 τῆς
3463 2399 3682 2470 φύσεως

2100 2496 2415 2567 ἐμποιῆσαι.
2443 2480 2757 2564 ’Μέμνησαι
2789 2493 2896 2562 γάρ
2935 2492 3176 2562 δηλονότι
3210 2491 3308 2562 τῆς
3340 2490 3435 2544 τοῦ
3470 2489 3677 2561 Κυρίου

2100 2587 2326 2651 εἰκόνος,
2376 2587 2458 2639 ὄτι
2506 2585 2747 2656 ἄμπελον
2781 2585 2971 2638 ἑαυτὸν
3004 2584 3173 2653 λέγει,
3202 2586 3295 2636 καὶ
3333 2585 3423 2636 τὸν
3458 2582 3682 2653 Πατέρα

2099 2684 2190 2736 τὸν
2222 2681 2484 2751 γεωργὸν,
2509 2679 2603 2732 καὶ
2628 2680 2752 2742 τοὺς
2778 2677 2896 2732 καθ’
2919 2678 3013 2730 ἕνα
3039 2679 3070 2748 ἡ
3080 2676 3192 2748 μῶν
3213 2674 3301 2728 διὰ
3319 2676 3418 2746 τῆς
3445 2675 3678 2738 πίστεως

2102 2773 2618 2844 ὲμπειρυτευμένους
2644 2770 2752 2838 (5‘2)
2786 2772 2851 2840 τῇ
2897 2769 3192 2840 Ἐκκλησία
3221 2766 3474 2838 κλήματα
3510 2783 3680 2838 προσ-

2102 2867 2392 2938 ηγόρευσε·
2443 2865 2535 2917 καὶ
2571 2861 2956 2934 προσκαλεῖται
2985 2863 3132 2932 ἡμᾶς
3165 2862 3244 2924 είς
3279 2859 3679 2932 πολυκαρπίαν,

2103 2958 2188 3010 ἵνα
2225 2956 2297 3027 μὴ
2332 2955 2632 3026 ἀχρηστίαν
2667 2952 3140 3022 καταγνωσθέντες
3170 2952 3247 3022 τῷ
3281 2953 3412 3023 πυρὶ
3442 2951 3679 3023 παραδο-

2105 3047 2285 3118 θῶμεν
2307 3065 2321 3078 ο
2357 3049 2448 3100 καὶ
2471 3046 2530 3099 οὐ
2562 3045 2796 3100 παύεται
2827 3045 3098 3114 πανταχοῦ
3127 3045 3224 3108 τὰς
3247 3044 3424 3114 ψυχὰς
3454 3043 3562 3096 τῶν
3594 3044 3684 3097 ἀν-

2106 3138 2338 3211 θρώπων
2395 3138 2504 3206 (55)
2557 3139 2675 3202 ταῖς
2723 3136 2985 3206 ἀμπέλοις
3047 3135 3326 3206 ἐξομοιῶν.
3384 3133 3692 3204 Ἀμπελῶν-

429 3224 568 3292 quit,
598 3223 740 3292 facta
769 3233 841 3275 est
864 3223 1052 3276 dilecto
1081 3222 1131 3275 in
1163 3238 1350 3286 cornu,
1374 3223 1430 3273 in
1455 3221 1569 3275 loco
1591 3223 1773 3291 pingui
1796 3223 1876 3288 7’;
1907 3233 1961 3277 et
1983 3264 1997 3285 ,

2105 3231 2213 3300 γὰρ
2241 3230 2494 3301 ἐγενήθη
2528 3228 2606 3294 τῷ
2639 3229 3020 3298 ἠγαπημένῳ,
3049 3229 3233 3300 φησιν,
3266 3228 3336 3282 ἐν
3372 3228 3589 3296 κέρατι,
3612 3227 3692 3281 ἐν·

441 3313 656 3368 Vineatn
705 3313 964 3382 plunlavi,
1007 3324 1053 3365 et
1103 3329 1273 3380 sepem
1323 3313 1736 3365 circumdedi".
1780 3313 2003 3369 Animas

431 3409 698 3462 humanas
735 3407 891 3474 plane
923 3407 1132 3458 vineam
1175 3404 1326 3470 dicit,
1357 3420 1492 3474 quas
1542 3422 1687 3472 sepe,
1725 3407 2004 3459 mandato-

429 3520 550 3561 rum
593 3503 799 3558 scilicet
846 3502 1012 3555 tntela
1048 3511 1102 3556 et
1145 3501 1458 3568 angi-lorum
1489 3501 1730 3552 custodia
1767 3500 2001 3552 circum-

428 3599 596 3656 dedit.
635 3596 889 3650 Immt'ttet
921 3595 1056 3647 enim
1100 3594 1315 3662 angelus
1354 3591 1564 3645 Domini
1591 3593 1641 3644 in
1681 3592 1905 3646 circuitu
1939 3593 2005 3644 li-

428 3694 680 3748 mentium
700 3709 816 3744 eum
838 3691 929 3742 ⁸³³⁸.
959 3689 1160 3742 Deinde
1189 3688 1374 3754 etiam,
1405 3688 1711 3740 constitutis
1743 3687 1792 3740 in
1820 3686 2006 3741 Eccle—

429 3791 510 3842 sia
552 3787 784 3856 prinnttn
813 3783 1093 3852 apostolis,
1120 3781 1358 3836 secundo
1394 3780 1690 3850 prophetis,
1726 3781 1884 3835 tertio
1911 3781 2004 3835 do-

429 3879 752 3939 ctoribus“,
790 3876 942 3945 quasi
970 3874 1108 3926 valla
1137 3873 1292 3928 nobis
1319 3872 1525 3926 defixit.
1559 3872 1735 3940 Atque
1759 3873 2007 3940 antiquo-

431 3991 551 4030 rum
579 3990 640 4026 ac
669 3975 947 4026 beatorum
983 3967 1222 4022 virorum
1253 3963 1518 4034 exemplis
1544 3963 1594 4016 itt
1623 3964 1853 4018 sublime
1881 3979 2006 4018 eve-

429 4069 514 4125 xit
543 4076 780 4120 nostram
817 4071 1076 4124 mentem,
1117 4073 1218 4112 nec
1243 4073 1362 4111 eam
1398 4057 1667 4125 prosterni
1711 4056 1883 4120 lmmi,
1912 4067 2004 4110 aut

431 4158 841 4216 conculcatione
890 4155 1106 4224 dignam
1154 4166 1272 4206 esse
1325 4149 1474 4204 sivit.
1506 4147 1631 4202 Vttlt
1675 4159 1854 4203 autem
1905 4165 2005 4203 nos

432 4251 720 4308 charitatis
750 4247 1086 4318 amplexibus
1115 4258 1212 4299 ceu
1243 4242 1565 4311 quibusdam
1595 4241 1873 4296 claviculis
1897 4240 2008 4313 46

431 4346 739 4420 proximum
784 4349 1027 4396 nostrum
1067 4335 1373 4405 complecti,
1404 4349 1466 4389 ac
1515 4334 1567 4387 in
1612 4335 1742 4404 ipsis
1789 4335 2007 4403 acquie-

431 4454 613 4503 scere,
648 4446 703 4489 ut
740 4435 850 4502 jtlgi
899 4429 1081 4499 impeti
1118 4443 1331 4482 sursum
1366 4440 1556 4480 versus
1593 4432 2004 4490 contendentes,

430 4534 607 4589 instar
652 4529 932 4582 vinearum
975 4521 1332 4593 quarumdam
1377 4518 1602 4572 arbores
1639 4521 2005 4572 conscenden-

2107 3324 2266 3391 τόπῳ
2294 3325 2491 3378 πίονιο
2548 3323 2660 3386 καὶ,
2726 3321 3065 3390 Ἀμπελῶνα
3091 3322 3416 3392 ἐφύτευσα,
3453 3321 3549 3374 καί
3589 3336 3684 3375 πε-

2098 3416 2349 3485 ριέθηκει
2382 3403 2674 3485 ᾀραγμόν.
2712 3415 2822 3477 Τὰς
2849 3414 3194 3484 ἀνθρωπίνας
3231 3414 3406 3484 ψυχάς
3443 3414 3684 3484 δηλονότι

2105 3508 2250 3578 λέγει
2280 3507 2390 3578 (5i)
2418 3507 2504 3561 τὸν
2533 3507 2848 3580 ἀμπελῶνα,
2873 3501 2962 3570 αἷς
2986 3509 3240 3578 φραγμὸν
3263 3507 3556 3580 περιέθηκε
3587 3507 3686 3580 τὴν

2108 3603 2172 3654 ὲκ
2213 3602 2320 3654 τῶν
2367 3599 2801 3671 προσταγμάτων
2848 3601 3144 3669 ἀσφάλειαν
3187 3602 3280 3655 καὶ
3313 3601 3410 3672 τὴν
3442 3599 3684 3673 φυλακὴν

2105 3694 2212 3746 τῶν
2238 3693 2502 3762 ἀγγέλων.
2528 3693 2900 3762 Παρεμϐαλεῖ
2925 3693 3033 3763 (55)
3058 3693 3165 3763 γὰρ
3188 3693 3442 3763 ἅγγελος
3464 3695 3684 3762 Κιιρίου

2107 3789 2310 3854 κύκλῳ
2348 3785 2465 3839 τῶν
2493 3785 2876 3855 φοϐουμένων
2902 3787 3106 3840 αὐτόν.
3137 3787 3366 3840 Ἔπειτα
3404 3788 3498 3840 καὶ
3522 3788 3684 3842 οἱονεὶ

2107 3879 2351 3952 χάρακας
2383 3881 2513 3949 ἡμῖν
2542 3877 2968 3949 παρακατέπηξε
3010 3877 3234 3948 θέμενος
3263 3880 3319 3945 ὲν
3344 3883 3411 3951 τῇ
3454 3881 3682 3952 Ἐκκλη-

2110 3973 2199 4044 σίᾳ
2229 3971 2442 4043 πρῶτον
2470 3969 2821 4033 ἀποστόλους,
2867 3969 3117 4040 δεύτερον
3165 3971 3470 4042 προφήτας,
3503 3971 3685 4042 τρίτον

2106 4061 2476 4125 διδασκάλους.
2534 4062 2644 4115 Καὶ
2691 4064 2802 4124 τοῖς
2844 4059 2954 4114 τῶν
3001 4061 3244 4115 παλαιῶν
3284 4063 3376 4116 κα)⁸
3400 4063 3684 4134 μακαρίων

2108 4155 2315 4227 ἀνδρῶν
2343 4156 2455 4227 (56)
2483 4154 2875 4225 ὑποδείγμασιν
2915 4158 2993 4219 είς
3018 4155 3149 4225 ὕψος
3182 4156 3340 4228 ήμῶν
3372 4157 3586 4226 ἀνάγων
3617 4159 3687 4212 τά

2109 4248 2450 4317 φρονήματα,
2489 4247 2588 4299 οὐκ
2617 4245 2828 4315 ἀφῆκεν
2864 4247 3175 4317 ἐρριμμένα
3219 4247 3417 4318 χαμαὶ,
3463 4249 3554 4301 καὶ
3591 4247 3685 4301 τοῦ

2110 4337 2396 4391 πατεῖσθαι
2426 4335 2570 4401 ἄξια.
2596 4337 2851 4390 Βούλεται
2876 4339 2932 4391 δὲ
2964 4340 3112 4408 ἡμᾶς
3135 4339 3229 4392 κα)⁸
3256 4339 3419 4392 οἱονεὶ
3451 4339 3587 4401 ἕλιξί
3611 4357 3687 4393 τι·

2111 4447 2165 4482 σι
2197 4432 2316 4492 ταῖς
2338 4427 2696 4500 περιπλοκαῖς
2721 4428 2819 4499 τῆς
2841 4428 3060 4499 ἀγάπης
3088 4427 3197 4481 τῶν
3227 4427 3452 4500 πλησίον
3479 4429 3690 4500 ἀντέχε-

2112 4522 2254 4585 σθαι,
2306 4521 2397 4574 κα).
2455 4520 2902 4574 ὲπαναπαύεσθαι
2957 4522 3162 4585 αὐτοῖς,
3210 4521 3296 4584 ἵν’,
3339 4522 3426 4576 ἀεὶ
3466 4522 3602 4595 πρὸς
3628 4523 3690 4576 τὸ

434 4627 566 4681 tium
594 4664 608 4688 ,
644 4621 1010 4686 nosmetipsos
1063 4630 1245 4669 rerum
1275 4611 1662 4666 altissimarunt
1716 4613 2000 4667 verticibus

2111 4611 2223 4666 ἄνω
2251 4612 2349 4682 τὴν
2374 4611 2547 4683 ὁρμὴν
2579 4612 2811 4681 ἔχοντες,
2842 4608 2952 4664 οἷόν
2981 4629 3122 4675 τινες
3153 4611 3536 4684 ἀναδενδράδες
3567 4617 3689 4679 ταῖς

430 4722 796 4783 adaequetnns.
828 4711 966 4777 Quin
1009 4719 1062 4762 et
1099 4722 1127 4760 a
1164 4705 1320 4760 nobis
1365 4704 1630 4774 exposcit,
1666 4712 1723 4756 ut
1756 4702 1881 4756 dum
1914 4704 2008 4758 de-

431 4809 691 4869 ludimur,
717 4807 1099 4858 sustineamus.
1135 4797 1415 4852 Deloditur
1447 4806 1625 4850 autem
1656 4794 1857 4861 anima,
1883 4811 2004 4850 cunt

429 4901 616 4958 mundi
660 4898 824 4963 curis,
856 4911 974 4965 qua:
1004 4890 1262 4949 cordibus
1288 4889 1489 4946 nostris
1530 4898 1658 4944 sunt
1710 4890 1883 4958 oneri,
1918 4905 2006 4946 se-

504 5049 548 5082 "
574 5047 730 5103 Juan.
769 5059 859 5105 xv,
886 5042 938 5095 l.
1015 5042 1058 5073 "
1083 5040 1296 5110 ibing.
1370 5040 1538 5096 "lsa.
1576 5055 1629 5106 ν,
1656 5040 1708 5094 1.

504 5203 614 5270 (48)
649 5201 776 5256 Mss.
809 5201 914 5254 duo
939 5199 1264 5270 ὲξευρίσκοι.
1290 5199 1393 5252 Alii
1427 5199 1533 5252 duo
1555 5197 1726 5269 εὖροι.

504 5278 619 5343 (49)
674 5274 746 5325 Ita
775 5273 976 5343 editio
1008 5270 1174 5343 Basil.
1234 5286 1354 5343 cum
1393 5281 1524 5343 octo
1566 5286 1706 5343 _tnss.
1755 5284 1785 5325 e
1812 5270 2012 5325 nostris

433 5339 630 5418 pneter
655 5342 818 5418 Bodl.
841 5339 1224 5418 Editiorl’aris.
1253 5341 1354 5418 ὅσα
1385 5341 1441 5418 δε
1471 5340 1599 5418 ἀπό.

505 5417 618 5485 (50)
682 5414 858 5468 Editio
897 5411 1060 5485 Basil.
1091 5428 1246 5485 _c_utn
1277 5412 1523 5485 Quilibel'.
1580 5420 1634 5463 et
1677 5425 1799 5485 cum
1831 5411 2012 5485 multis

429 5481 554 5541 aliis
578 5481 708 5540 mss.
739 5483 1058 5553 φυτοκόμοι.
1088 5483 1265 5553 Editin
1285 5481 1459 5536 Paris.
1490 5481 1815 5552 φυτηκόμοι,
1852 5483 2011 5553 male.

431 5551 766 5639 iniraCulb.
809 5551 1082 5610 secundus
1140 5552 1431 5624 συνέτρεχε
1494 5551 1634 5606 κατᾶ
1680 5553 1875 5605 ταυτὸν
1922 5551 2012 5605 τὸν

430 5643 527 5683 και
535 5643 625 5683 ρον
632 5664 646 5678 ο

510 5643 889 5763 ξὲῗῖοοιιιιιιιοι·
916 5713 1046 5752 mss.
1066 5698 1115 5750 οἱ
1145 5694 1390 5767 βότρυες.
1427 5693 1567 5749 Editi
1609 5709 1729 5748 cum
1783 5709 1890 5749 uno
1918 5702 2012 5748 aut

433 5767 609 5839 altero
641 5783 743 5839 ms.
779 5767 995 5839 βότρυς.

507 5835 1113 5922 (Βελϐρώυεειιιίηυοι
1165 5835 1658 5922 ὲνμφυτευομένους.
1713 5835 1830 5894 Mox
1878 5835 2006 5894 editi

415 5907 793 6012 )ﬂpoxa‘mieat
823 5925 840 5941 ο
869 5921 923 5964 at
957 5907 1050 5965 sex
1082 5907 1208 5964 mss;
1239 5907 1644 5981 προσκαλεῖται.

1785 5041 1829 5072 ⁷³
1859 5040 2050 5096 Matth.
2090 5056 2202 5104 ut,
2224 5038 2314 5093 '53.

2115 4705 2376 4774 κορυφαῖς
2423 4700 2529 4754 τῶν
2586 4699 2932 4770 ὑψηλοτάτων
2991 4701 3218 4764 ἑαυτοὺς
3274 4699 3687 4772 παρισάζωμεν.

2127 4793 2376 4845 Ἀπαιτεῖ
2399 4789 2510 4860 (57)
2547 4789 2603 4842 δὲ
2627 4791 2775 4860 ἡμᾶς
2814 4790 2908 4842 καὶ
2943 4789 3004 4842 τὸ
3032 4789 3423 4860 καταδέχεσθαι
3454 4807 3690 4845 σκαπτο·

2117 4889 2331 4960 μένους.
2379 4883 2810 4939 Ἀποσκάπτεται
2848 4881 2905 4934 δὲ
2939 4881 3085 4954 ψυχή
3121 4884 3178 4936 ὲν
3203 4885 3270 4956 τῇ
3301 4882 3554 4942 ἀποθέσει
3583 4883 3691 4938 τῶν

2388 5033 2456 5066 ⁷³·
2489 5031 2632 5085 Psal.
2661 5044 2856 5093 xxxtn,
2887 5027 2942 5086 8.
3018 5027 3063 5058 ⁷⁸
3090 5025 3110 5080 Ι
3140 5027 3266 5082 Coro
3289 5042 3388 5093 Χη.
3411 5025 3498 5080 33-

2186 5197 2297 5264 (55)
2328 5193 2551 5247 Codices
2587 5201 2697 5244 tres
2717 5189 2901 5264 ψυχὰς
2927 5187 3220 5264 ήμῶνᾲτῶν
3251 5186 3407 5264 ἀνθρτ

2113 5339 2144 5392 λ
2188 5257 2453 5388 (Ξὶιηξθκ.
2480 5272 2664 5315 sextus
2703 5257 3052 5332 ἀνθρωπίνας
3096 5259 3354 5330 δυνάμεις
3387 5257 3566 5328 ψυχὰς
3598 5259 3692 5330 δη-

2145 5355 2286 5392 ονιτι
2348 5351 2483 5392 εγει.

2145 5351 2296 5480 οεξὲὲι)
2317 5351 2844 5480 331;:y6aﬁsi,_elc.
2887 5401 3131 5480 Vulgata,
3182 5399 3434 5452 Imminet
3473 5399 3690 5467 angelus

2122 5473 2336 5536 Domini
2365 5479 2417 5528 in
2447 5477 2668 5527 circuitu
2699 5473 2991 5526 timentium
3019 5489 3158 5525 eum.

2195 5549 2306 5615 (56)
2339 5545 2450 5598 Vox
2477 5543 2684 5615 ἀνδρῶν
2701 5544 2853 5597 deest
2881 5544 2932 5593 in
2963 5543 3120 5595 editis
3146 5552 3200 5595 et
3235 5541 3285 5592 in
3316 5539 3649 5615 multisntss.
3673 5579 3688 5603 ,

2119 5621 2212 5675 sed
2253 5608 2447 5689 legitur
2491 5616 2544 5689 _in
2565 5608 2588 5689 ξ
2611 5613 2792 5680 Regiis
2849 5615 3008 5689 tertio
3062 5623 3118 5665 et
3164 5608 3694 5689 sexl-oLPauloposl

2119 5679 2593 5745 codex'Combei.
2666 5679 2786 5737 cum
2845 5682 2976 5753 Reg.
3034 5693 3223 5738 octavo
3274 5679 3702 5752 ἐρριμμένους,

2120 5763 2301 5903 in???)
2321 5828 2450 5902 Reg.
2488 5838 2670 5885 sextus
2698 5826 3029 5881 ἀπαιτεῖται.
