4082 6398
453 384 553 441 109

1589 387 1869 444 llOMlLlA
1913 390 1954 442 V
1994 387 2591 446 IN-HEXAEMERON.

3585 396 3686 451 ΗΘ

447 501 540 554 τού
583 501 787 571 κόσμου
825 501 1126 572 μεριμνῶν,
1175 501 1232 556 αἳ
1279 501 1443 574 βάρος
1483 504 1590 556 είσ).
1626 509 1744 568 ταῖς
1776 505 2017 578 καρδίαις

2131 510 2299 576 ipsam
2361 507 2533 563 exuit.
2576 505 2938 572 Quamobrem
2984 506 3371 575 qui-carneum
3422 521 3685 577 amorem,

449 592 623 664 ἡμῶν.
658 593 819 646 Ὥστε
842 594 870 644 ὁ
893 595 990 664 τὴν
1016 595 1277 664 σαρκίνην
1299 595 1521 667 ἀγάπην
1551 597 1904 668 ἀποθέμενος,
1929 601 2022 652 καὶ

448 689 545 757 τὴν
583 686 719 757 πρὸς
749 685 817 740 τά
853 688 1112 757 χρήματα
1140 687 1340 756 φιλίαν,
1389 688 1422 759 ἢ
1455 689 1556 761 τὴν
1587 692 1714 761 περ).
1742 691 1800 742 τὸ
1827 691 2023 763 δύστη-

447 797 536 832 νον
567 777 813 849 δοξάριον
837 777 994 831 τοῦτο
1027 779 1252 850 πτόησιν
1286 780 1628 834 ἀπόπτυστον
1665 782 1760 836 καὶ
1790 782 2020 835 εύκατα-

450 871 712 943 φρόνητον
742 871 1110 941 ἡγησάμενος,
1160 871 1344 945 ῶσπερ
1394 874 1605 943 ἐσκάφη
1637 873 1731 928 καὶ
1761 873 2020 926 ἀνέπνευ-

449 980 540 1015 σεν
585 963 1097 1034 ἀποσκευασάμενος
1140 965 1201 1018 τὸ
1245 966 1471 1036 μάταιον
1497 966 1665 1038 »βάρος
1709 964 1806 1018 τοῦ.
1833 965 2020 1035 γηίνου

449 1055 810 1125 φρονήματος.
845 1058 936 1108 Δεῖ
966 1057 1043 1123 δὲ,
1094 1056 1235 1110 κατά
1270 1058 1360 1111 τὸν
1389 1058 1544 1126 λόγον
1573 1058 1673 1128 τῆς
1704 1058 2018 1130 παροιμίας,

451 1145 586 1215 μηδὲ
611 1144 916 1215 ύλομανείν,
945 1147 1208 1212 τουτέστι,
1246 1147 1321 1218 μὴ
1345 1147 1722 1210 ἐπιδεικτικῶς
1755 1145 2022 1199 πολιτεύε-

448 1237 590 1303 σθαι,
644 1237 793 1308 μηδὲν
833 1237 938 1290 τὸν.
970 1237 1117 1308 παρά
1177 1237 1302 1291 τῶν.
1343 1236 1539 1302 ἔξωθεν
1592 1238 1825 1292 ἔπαινον.
1853 1237 2022 1309 θηρᾶ-

449 1328 572 1380 σθαι
602 1327 735 1396 (58),
757 1326 872 1383 ,ἀλλ’
899 1326 1174 1396 ἔγκαρπον
1215 1322 1375 1401 εἶναι,
1413 1327 1491 1398 τῷ
1518 1328 1756 1399 ἀληθινῷ
1793 1327 2020 1399 γεωργῷ

443 1421 545 1492 τὴν
599 1420 856 1487 ἐπίδειξιν
909 1420 1014 1475 τῶν
1056 1419 1230 1491 ἔργων
1281 1421 1690 1491 ταμιευόμενον.
1734 1421 1805 1474 Συ
1839 1420 2021 1473 δὲκαὶ

458 1514 556 1580 Ὠς
587 1515 762 1567 ἐλαία
787 1513 1163 1582 κατάκαρπος
1191 1512 1300 1566 ἔσο
1325 1513 1395 1566 ἐν
1423 1512 1502 1578 τῷ
1533 1514 1677 1580 οἴκῳ
1704 1511 1809 1565 τοῦ
1850 1511 2018 1575 Θεοῦ,

452 1605 718 1676 μηδέποτε
770 1607 1137 1677 γυμνούμενος
1185 1606 1285 1676 τῆς
1333 1604 1565 1668 ἐλπίδος,
1605 1604 1719 1658 ἀλλ’
1767 1605 1852 1658 ἀεὶ
1891 1601 2019 1656 θάλ-

448 1697 643 1752 λουσαν
697 1698 836 1770 ἔχων
891 1699 1019 1770 περὶ
1073 1697 1295 1751 σεαυτὸν
1348 1697 1446 1767 τὴν
1504 1696 1592 1750 διὰ
1636 1695 1868 1758 πίστεως
1919 1711 2021 1746 σω-

447 1791 659 1863 τηρίαν.
722 1789 878 1844 Οὕτω
932 1791 1040 1861 γὰρ
1098 1791 1158 1843 τὸ
1223 1788 1466 1852 ἀειθαλὲς
1528 1787 1621 1840 τοῦ
1694 1786 1860 1856 φυτοῦ
1930 1803 2017 1856 μι-

2125 609 2219 653 aut
2273 615 2429 654 suum
2476 613 2604 670 erga
2641 598 2858 653 divitias
2903 599 3137 653 studium
3175 600 3440 667 deposuit,
3477 609 3567 652 aut
3594 598 3686 669 qui

2125 690 2338 746 miserae
2385 689 2545 757 hujus
2595 689 2833 760 gloriola:
2886 689 3162 744 libidinem
3207 689 3604 757 conspuendaru
3635 696 3690 742 et

2124 781 2518 852 aspernabilem
2557 781 2728 847 duxit,
2765 780 2811 835 is
2849 780 3014 834 veluti
3043 779 3290 834 defossus
3322 788 3426 844 est,
3462 794 3546 845 ac,
3580 787 3690 834 ter-

2127 889 2270 927 renaz
2307 872 2608 928 aﬂectionis
2643 873 2790 927 inani
2832 872 3064 944 pondere
3097 886 3344 936 excusso,
3375 870 3682 939 respiravit.

2127 964 2348 1033 Oportet
2381 973 2561 1018 autem
2597 965 2892 1018 secundum
2936 963 3204 1033 proverbii
3259 962 3604 1027 sententiam,
3629 971 3688 1014 nt

2124 1073 2298 1126 neque
2340 1057 2714 1121 silvescamus,
2757 1057 2859 1110 hoc
2901 1065 3004 1122 est,
3050 1055 3269 1109 minime
3311 1056 3578 1123 jactanter
3601 1053 3687 1107 de-

2123 1163 2336 1217 gamus,
2370 1164 2550 1217 neque
2589 1149 2655 1201 ah
2695 1148 2934 1201 externis
2968 1161 3297 1216 aucupentur
3329 1146 3558 1212 laudem,
3588 1145 3686 1201 sed

2122 1240 2292 1294 simus
2333 1239 2614 1304 iructuosi,
2661 1254 2893 1309 veroque
2946 1239 3192 1310 agricolae
3223 1238 3515 1306 specimina
3558 1252 3690 1308 ope-

2124 1346 2240 1384 rum
2271 1345 2638 1386 asservcmus.
2669 1331 2746 1384 Tu
2777 1346 2908 1386 vero
2949 1329 3100 1386 Sicut
3124 1331 3261 1385 oliva
3299 1330 3573 1399 fructifera
3613 1329 3687 1383 eis

2122 1419 2174 1470 in
2202 1419 2354 1471 domo
2379 1417 2476 1471 Dei
2499 1419 2686 1481 "gnec
2713 1433 2946 1486 unquam
2970 1434 3064 1488 spe
3085 1419 3396 1485 denuderis,
3425 1419 3518 1473 sed
3543 1431 3688 1473 sem—

2122 1527 2217 1580 per
2259 1510 2311 1564 in
2355 1511 2521 1580 teipse
2555 1511 2754 1564 habeas
2798 1509 3047 1565 floridam.
3099 1510 3464 1578 salutem.per
3499 1508 3683 1563 ﬁdem.

2123 1599 2212 1655 Sic
2242 1601 2385 1652 enim
2418 1601 2575 1667 hujus
2608 1599 2804 1668 plantze
2845 1609 3154 1670 perpetuam
3190 1601 3496 1654 imitaturus
3522 1613 3582 1653 es
3607 1597 3688 1652 vi-

2121 1693 2430 1759 riditatem;
2485 1707 2548 1746 ac
2612 1691 2728 1760 ejus
2783 1691 3166 1746 fecunditatem
3235 1689 3686 1755 mmulabere,.si

2127 1784 2454 1837 uberrimam
2487 1785 2630 1837 omni
2671 1793 2912 1850 tempore
2940 1783 3168 1853 largiare
3194 1783 3612 1853 eleemosynam.

451 1885 630 1957 μήσῃ,
658 1886 751 1940 καὶ
787 1886 847 1939 τὺ
893 1886 1240 1957 πολύκαρπον
1276 1883 1533 1937 δέαύτοῦ
1573 1881 1864 1954 ζηλώσεις,
1909 1880 2135 1949 ἄφθονον
2165 1880 2261 1948 τὴν
2287 1879 2651 1950 ἐλεημοσύνην
2682 1883 2738 1933 ἑν
2782 1879 2943 1934 παντὶ
2978 1877 3152 1950 καιρῷ
3192 1878 3578 1949 παρεχόμενος.

519 1980 571 2035 7.
616 1981 752 2033 Ἀλλ’
777 1981 1152 2052 ἐπανέλθωμεν
1180 1980 1316 2050 πρὸς
1341 1978 1437 2050 τὴν
1463 1979 1689 2050 ἔρευναν
1712 1978 1819 2030 τῶν
1848 1994 2022 2046 τεχνι-
2055 1983 2098 2036 Β

449 2073 559 2126 κῶν
591 2073 906 2138 διατάξεων.
943 2073 1092 2126 Πόσα
1123 2073 1239 2125 τότε
1268 2072 1406 2143 γένη
1441 2070 1620 2140 φυτῶν
1652 2071 2014 2142 ἑπανέδραμε,

448 2163 516 2218 τὰ
561 2164 659 2234 μὲν
709 2164 980 2235 ἔγκαρπα,
1026 2163 1093 2216 τὰ
1129 2163 1184 2216 δὲ
1231 2162 1488 2234 ἐρέψιμα,
1540 2162 1672 2215 ἄλλα
1714 2161 1849 2235 πρὸς
1893 2180 2019 2216 ναυ-

448 2255 651 2325 πηγίαν
685 2255 982 2323 ἐπιτήδεια,
1034 2253 1168 2306 ἄλλα
1221 2252 1355 2323 πρὸς
1405 2252 1625 2305 καῦσινί
1680 2253 1768 2306 Ἐν
1809 2252 2019 2314 τούτοις

449 2344 608 2399 πάλιν
679 2346 896 2416 ποικίλη
964 2346 1060 2416 μὲν
1114 2347 1170 2397 ἐν
1237 2345 1450 2414 ἑκάστῳ
1524 2343 1723 2416 δένδρῳ
1811 2345 1845 2414 ή
1910 2343 2018 2397 τῶν

451 2437 630 2508 μερῶν
696 2436 859 2490 αὑτοῦ
916 2436 1291 2506 διακόσμησις,
1349 2437 1666 2506 δυσέφικτος
1715 2437 1771 2492 δὲ
1834 2437 1927 2492 καὶ
1983 2439 2014 2508 ἡ

447 2526 722 2599 ἑξεύρεσις
761 2529 859 2598 τῆς
901 2530 1129 2582 ἑκάστου
1174 2529 1450 2600 ίδιότητος,
1478 2530 1572 2584 καὶ
1612 2529 1644 2599 ἠ
1686 2528 1888 2602 θεωρία
1916 2528 2017 2598 τῆς

449 2619 581 2693 πρὸς
625 2621 853 2673 ’ἑκαστον
899 2619 1006 2673 τῶν
1058 2620 1384 2692 ἑτερογενῶν
1437 2621 1716 2692 διαφορᾶς.
1773 2621 1897 2684 Πῶς
1947 2621 2016 2676 τὰ

451 2714 548 2783 μὲν
572 2713 750 2766 αὐτῶν
785 2713 1104 2784 βαθύρριζα,
1135 2713 1203 2766 τὰ
1235 2713 1288 2766 δὲ
1320 2714 1619 2784 ἀκρόρριζα
1644 2729 1658 2745 ο
1695 2714 1790 2766 καὶ
1818 2714 1886 2767 τὰ
1918 2715 2016 2784 μὲν

445 2804 686 2876 ὀρθοφυῆ
745 2807 837 2858 καὶ
895 2806 1282 2878 μονοστέλεχα,
1338 2805 1406 2858 τὰ
1448 2806 1505 2858 δὲ
1557 2805 1868 2876 χαμαίζηλοι
1923 2807 2016 2858 καὶ

446 2897 606 2960 εὐθὺς
643 2897 751 2950 ἀπὸ
789 2897 886 2968 τῆς
927 2896 1079 2970 ῥίζης
1119 2899 1199 2960 είς
1237 2897 1433 2960 πολλὰς
1472 2896 1726 2966 ἐκφύσεις
1756 2898 2016 2970 διῃρημέ-

447 3007 530 3042 να.
599 2989 722 3052 Πῶς
765 2991 905 3042 ὅσων
960 2989 1057 3060 μὲν
1086 2989 1196 3058 (59)
1232 2990 1283 3042 οί
1331 2988 1514 3043 κλάδοι
1561 2991 1866 3061 προμήκεις
1921 2989 2015 3042 ἐπ)⁵

448 3083 580 3135 πολὺ
625 3082 717 3136 τοῦ
754 3082 913 3153 ἀέρος
953 3083 1335 3153 ἐκτεταμένοι,
1381 3081 1586 3136 τούτων
1623 3083 1715 3135 καὶ
1765 3083 1821 3134 αἱ
1872 3081 2014 3153 ῥίζαι

449 3177 680 3247 βαθεῖαι,
727 3177 820 3230 ἐπὶ
861 3177 1108 3230 πλεῖστον
1149 3178 1206 3230 ἐν
1254 3174 1439 3245 κύκλῳ
1471 3174 1877 3244 διανεμόμεναι,
1905 3167 2016 3227 οἷον

382 3323 392 3331 κ
446 3266 726 3336 Θεμελίους
754 3266 904 3329 τινὰς
935 3265 1323 3336 ἀναλογοῦντας
1358 3265 1436 3336 τῷ
1468 3265 1624 3336 βάρει
1666 3265 1772 3318 τῶν
1811 3266 2013 3320 ἄνωθεν

445 3357 789 3429 ὑποτιθείσης
799 3359 892 3429 τῆς
908 3359 1137 3428 φύσεως.
1153 3359 1320 3412 Πόσαι
1337 3357 1444 3411 τῶν
1457 3358 1650 3426 φλοιῶν
1663 3359 1718 3410 αί
1734 3357 1979 3428 διαφοραί
1998 3361 2008 3411 !

446 3450 526 3502 Τά
560 3451 657 3520 μὲν
683 3449 791 3520 γάρ
823 3449 1095 3519 λειόφλοια
1120 3449 1228 3503 τῶν
1262 3449 1464 3518 φυτῶν,
1510 3449 1575 3502 τά
1615 3451 1671 3502 δὲ
1701 3449 2011 3520 ρηξίφλοιαο

444 3543 538 3596 καὶ
573 3541 641 3595 τά
675 3541 773 3612 μὲν
801 3542 1069 3612 μονόλοπα
1102 3541 1301 3602 αὐτῶν,
1322 3539 1391 3593 τὰ
1417 3540 1472 3592 δὲ
1503 3540 1834 3611 πολύπτυχα.
1871 3540 2013 3594 Ὃ.δέ

446 3633 779 3704 θαυμαστὸν,
823 3634 903 3688 ὅτι
948 3636 1040 3688 καὶ
1087 3634 1187 3704 τῆς
1234 3633 1580 3704 ἀνθρωπίνης
1631 3634 1877 3704 νεότητος
1921 3636 2014 3689 καὶ

445 3725 538 3779 τοῦ
563 3726 747 3798 γήρως
777 3725 955 3798 εὕροις
981 3727 1045 3780 ἂν
1077 3729 1166 3782 καὶ
1195 3729 1252 3780 ἐν
1297 3729 1408 3790 τοῖς
1445 3728 1625 3796 φυτοῖς
1661 3725 2014 3798 παραπλήσια

445 3819 512 3871 τά
547 3816 944 3888 συμπτώματα.
994 3819 1117 3882 Τοῖς
1165 3818 1263 3890 μὲν
1293 3819 1403 3894 γὰρ
1435 3819 1576 3884 νέοις
1607 3819 1701 3872 κα)⁵
1732 3817 2014 3872 εύθαλέσιν

443 3912 474 3966 ὁ
506 3909 684 3981 φλοιὸς
716 3909 1062 3981 περιτέταται
1087 3911 1229 3980 (60)·
1271 3915 1382 3974 τοῖς
1423 3911 1479 3964 δὲ
1508 3912 1874 3982 γηράσκουσιν
1905 3905 2014 3964 οἷον

447 4001 738 4072 ρυσσοῦται
779 4003 870 4055 καὶ
917 3982 1324 4072 ἑκτραχύνὲται.
1361 4005 1470 4057 Καὶ
1509 4003 1578 4057 τὰ
1637 4003 1736 4073 μὲν
1779 4003 2014 4056 κοπέντα

446 4091 826 4144 ὲπιόλαστάνει
847 4111 858 4121 ·
890 4092 956 4145 τὰ
981 4093 1037 4146 δὲ
1065 4093 1213 4163 μένει
1241 4093 1510 4164 ἀδιάδοχα,
1539 4092 1728 4166 ῶσπερ
1756 4094 1876 4148 τινὰ
1916 4093 2012 4147 θά-

445 4201 602 4238 νατον
632 4185 732 4254 τὴν
761 4185 930 4255 τομὴν
961 4185 1341 4255 ὑπομείναντα.
1372 4184 1508 4256 Ἤδη
1533 4186 1589 4239 δέ
1609 4203 1754 4250 τινες
1778 4188 2012 4259 τετηρή-

447 4293 601 4330 κασιν
651 4277 1049 4347 ἑκτεμνομένας
1097 4277 1130 4347 ἢ
1171 4277 1264 4330 καὶ
1297 4277 1684 4348 έπικαιομένας
1725 4277 1822 4342 τὰς
1857 4279 2014 4341 πίτυς

445 4370 525 4434 είς
557 4370 846 4441 δρυμῶνας
889 4369 1264 4441 μεθίστασθαι.
1300 4370 1432 4424 Τινά
1472 4370 1528 4424 δὲ
1581 4372 1675 4424 καὶ
1701 4371 1798 4442 τὴν
1823 4373 1885 4424 ἐκ
1917 4373 2014 4440 φύ-

449 4478 586 4526 σεως
641 4467 837 4515 κακίαν
893 4463 1228 4532 ἐπιμελείαις
1282 4463 1543 4534 γεωργῶν
1601 4463 2015 4534 θεραπευόμενα

445 4554 688 4625 ἔγνωμεν
707 4571 721 4584 ·
758 4549 867 4608 οἷον
896 4555 992 4617 τὰς
1023 4555 1200 4622 ὀξείας
1235 4553 1406 4623 ῥοιὰς,
1436 4554 1530 4607 κει.)⁹
1555 4553 1661 4607 τῶν
1691 4555 2014 4625 ἀμυγδαλῶν

2199 1974 2252 2028 7.
2320 1973 2512 2028 Verum
2565 1975 2632 2028 ad
2685 1975 3002 2028 artiﬁciusas
3062 1973 3427 2028 ordinationes
3467 1970 3686 2041 perqui-

2120 2064 2319 2119 rendas
2399 2065 2704 2119 redeamus.
2781 2062 2920 2130 Quot
2981 2073 3110 2118 tunc
3165 2064 3419 2118 arborum
3488 2074 3686 2130 genera

2118 2172 2414 2223 emersere,
2469 2157 2572 2210 alia
2627 2157 2840 2226 quidem
2883 2155 3178 2226 frugifera,
3234 2155 3337 2208 alia
3384 2168 3512 2207 vero
3558 2167 3688 2206 con-

2117 2249 2391 2304 struendis
2440 2249 2598 2303 tectis
2647 2249 2862 2311 idonea,
2895 2250 3007 2304 hmc
3033 2247 3100 2302 ad
3146 2247 3488 2302 fabricandas
3523 2257 3688 2298 naves

2118 2347 2240 2406 apta
2270 2337 2404 2401 ,.illa
2441 2338 2508 2392 ad
2545 2339 2931 2393 cremationem
2977 2338 3278 2392 destinata!
3330 2335 3385 2390 In
3433 2336 3517 2390 his
3567 2349 3684 2388 rur-

2118 2442 2219 2482 sus
2250 2428 2398 2481 varia
2449 2437 2534 2482 est
2575 2429 2809 2496 partium
2849 2430 3270 2499 uniuscujusque
3309 2427 3520 2481 arboris
3570 2425 3688 2479 dis-

2119 2518 2315 2587 positio
2367 2538 2380 2572 :
2435 2519 2765 2587 singularum
2818 2530 2998 2577 autem
3063 2523 3316 2576 arborum
3379 2518 3688 2589 proprietas

2117 2609 2203 2661 vix
2255 2609 2556 2676 invenitur;
2592 2619 2647 2665 ct
2684 2627 2868 2666 earum
2913 2628 3031 2682 qum
3057 2613 3255 2666 diversi
3288 2611 3503 2682 generis
3533 2622 3682 2674 sunt,

2117 2700 2409 2756 discrimen
2442 2703 2538 2775 ’vix
2593 2702 3061 2758 animadvertitur.
3107 2703 3388 2766 Quomodo
3433 2703 3552 2756 alia:
3594 2719 3685 2755 aro

2116 2792 2278 2846 bores
2329 2793 2380 2846 in
2431 2793 2750 2862 profundum
2809 2805 2968 2866 agant
3018 2797 3248 2863 radices,
3298 2796 3416 2850 alia:
3466 2797 3681 2849 easdem

2118 2885 2170 2938 in
2201 2886 2484 2955 superﬁcie
2517 2886 2779 2942 habeant:
2813 2890 2894 2942 hae
2940 2900 3100 2943 recta:
3132 2899 3439 2958 assurgant,
3468 2889 3683 2952 sintque

2119 2977 2462 3046 unislirpes,_
2491 2977 2595 3033 illae
2640 2978 3014 3046 deprimantur
3053 2978 3240 3042 humi,
3290 2985 3449 3047 atque
3496 2977 3680 3031 statim

2119 3085 2147 3123 a
2193 3071 2376 3125 radice
2423 3070 2476 3124 in
2514 3070 2694 3139 plures
2741 3071 2991 3126 caudices
3032 3071 3356 3125 dividantur.
3404 3068 3681 3135 Quomodo

2117 3174 2345 3228 quarum
2380 3159 2513 3213 rami
2546 3161 2740 3229 prolixi
2776 3168 2934 3224 sunt,
2980 3174 3044 3214 ac
3087 3160 3138 3213 in
3172 3174 3352 3214 aerem
3386 3158 3538 3212 valde
3579 3172 3678 3212 ex-

2119 3249 2286 3318 passi,
2311 3249 2498 3302 barum
2549 3250 2712 3303 etiam
2749 3249 3026 3318 profundae
3057 3250 3182 3304 sint.
3213 3249 3463 3312 radices,
3487 3255 3543 3300 et
3593 3245 3672 3298 la-

2040 3319 2324 3395 Ctissime
2353 3341 2414 3394 in.
2439 3340 2624 3395 orbem
2667 3341 3009 3395 dlSll‘llﬂlliB:
3042 3340 3262 3410 perinde
3291 3340 3443 3408 quasi
3487 3337 3676 3392 funda-

2117 3441 2296 3485 menta
2332 3431 2575 3500 quaedam
2621 3431 2772 3486 oneri
2809 3431 3232 3502 impendentium
3276 3431 3680 3486 accommodata

2115 3523 2435 3593 subjecisset
2475 3534 2687 3578 natura.
2714 3526 2855 3589 Quot
2881 3525 3142 3578 corticum
3173 3532 3299 3578 sunt
3329 3521 3674 3577 discrimina!

2117 3615 2250 3670 Nam
2281 3613 2403 3670 aliis
2441 3615 2723 3670 arboribus
2762 3614 2916 3679 levis,
2961 3615 3082 3670 aliis
3119 3615 3308 3670 scaber
3338 3621 3419 3669 est
3452 3623 3676 3668 cortex:

2115 3706 2236 3760 alia:
2280 3705 2458 3771 unico,
2508 3705 2621 3760 alia:
2666 3705 2944 3772 multiplici
2982 3715 3229 3774 teguntur
3259 3705 3482 3759 cortice.
3527 3701 3679 3769 Quod

2117 3811 2241 3851 vero
2279 3796 2580 3850 mirandum
2615 3807 2731 3861 est,
2773 3811 2836 3850 ea
2872 3810 2988 3865 qua:
3041 3796 3235 3865 plantis
3285 3795 3570 3860 accidunt,
3616 3809 3678 3848 ea

2115 3890 2415 3960 comperias
2455 3889 2612 3944 modo
2658 3889 2798 3944 haud
2843 3888 3044 3958 dispari
3083 3887 3356 3959 juventuti
3399 3886 3675 3941 hominum

2115 4017 2178 4056 ac
2211 4001 2472 4058 senectuti
2517 4001 2789 4058 accidere.
2837 4003 3121 4058 Enimvero
3152 4002 3378 4058 novellis
3405 4017 3468 4058 ac
3494 4002 3677 4073 vigen-

2118 4094 2257 4148 tibus
2311 4103 2503 4149 cortex
2558 4094 2760 4148 circum
2822 4095 3174 4149 extenditur:
3223 4095 3312 4150 ubi
3363 4095 3677 4159 senuerint,

2115 4186 2268 4255 quasi
2321 4201 2548 4256 rugosus
2591 4195 2646 4241 et
2677 4200 2837 4253 asper
2874 4187 3072 4242 evadit.
3124 4187 3186 4242 Et
3215 4185 3336 4242 aliae
3369 4187 3678 4258 germinant

2113 4273 2240 4330 licet
2262 4275 2445 4330 incisae
2473 4293 2488 4330 :
2517 4275 2642 4330 alize
2665 4287 2842 4332 autem
2873 4277 3008 4331 citra
3029 4281 3438 4333 successionem
3470 4288 3525 4333 et
3560 4293 3680 4348 pro-

2115 4367 2362 4437 paginem
2422 4378 2734 4435 remanent,
2778 4383 3040 4423 caesuram
3075 4370 3298 4440 perinde
3349 4378 3408 4424 ut
3449 4379 3676 4425 mortem

2115 4459 2403 4527 quamdam
2453 4474 2740 4529 perpessae.
2781 4460 2898 4514 Jam
2943 4475 3070 4515 vero
3108 4461 3366 4527 succisas,
3399 4463 3676 4516 autetiam

2114 4550 2422 4606 combustus
2464 4553 2622 4620 pinus
2651 4552 2868 4620 quidam
2918 4551 3276 4607 observarunt
3321 4553 3373 4606 in
3423 4563 3678 4621 querceta

447 4647 544 4711 τὰς
577 4646 925 4718 πικροτέρας,
958 4647 1083 4701 ὅταν
1113 4646 1481 4718 διατρηθεῖσαι
1522 4646 1583 4698 τὸ
1629 4646 1764 4717 πρὸς
1790 4649 1854 4718 τῇ
1890 4646 2014 4718 ῥίζῃ

2121 4644 2274 4697 verti.
2320 4641 2490 4698 Porro
2530 4645 2820 4698 naturalia»
2851 4645 3206 4714 quarumdam
3245 4646 3500 4698 arborum
3545 4643 3675 4697 vitia

449 4738 695 4810 στέλεχος
718 4739 894 4806 σφῆνα
928 4739 1136 4809 πεύκης
1165 4737 1274 4808 (61)
1317 4737 1541 4808 λιπαρὸν
1577 4737 1675 4807 τῆς
1698 4738 2016 4811 ὲντεριώνης

449 4833 622 4904 μέσης
649 4829 960 4884 διελαθέντα
987 4829 1262 4895 δέξωνται,
1291 4831 1371 4892 είς
1393 4830 1719 4899 εὐχρηστίαν
1746 4830 2013 4900 μεταϐάλ-

445 4923 596 4975 λουσι
627 4922 748 4974 τότε
775 4920 868 4974 τοῦ
901 4919 1074 4990 χυμοῦ
1107 4920 1206 4990 τὴν
1236 4919 1569 4989 δυσχέρειαν.
1599 4919 1803 4990 Μηδεὶς
1832 4917 1923 4973 οὖν
1955 4921 2012 4973 ἐν

447 5015 614 5084 κακίᾳ
635 5013 856 5081 διάγων,
887 5013 1076 5066 ἑαυτὸν
1105 5013 1547 5081 ἀπογινωσκέτω,
1574 5013 1726 5077 εἰδὼς
1750 5015 1830 5067 ὃτι
1850 5032 2015 5085 γεωρ-

447 5106 540 5172 γία
558 5105 667 5174 (6⁸2)
689 5106 786 5176 μὲν
802 5105 898 5168 τὰς
919 5104 1025 5158 τῶν
1046 5103 1226 5174 φυτῶν
1243 5103 1529 5180 ποιότητας
1546 5107 1888 5174 μεταϐάλλει,
1905 5111 1937 5178 ἡ
1957 5109 2012 5162 δὲ

553 5266 600 5298 ⁷⁵
623 5263 766 5319 Psal.
796 5281 868 5329 ι.ι,
897 5265 979 5319 10.

653 5404 804 5485 Qoll).
828 5409 1097 5466 secundus
1125 5411 1344 5466 ἔπαινον
1373 5413 1626 5485 (inpacati.

520 5474 630 5555 ($9)
673 5474 745 5528 Ita
795 5487 1025 5555 quatuor
1065 5497 1197 5538 mss.
1242 5486 1400 5538 Deest
1426 5474 1534 5555 ’μέν
1578 5486 1634 5540 in
1673 5485 1832 5541 editis
1864 5486 2012 5542 etin

449 5542 886 5600 Colb..secuudo.
1204 5593 1211 5599 .

673 5617 861 5692 lutasex
885 5634 1012 5674 mss.
1035 5619 1173 5692 Εὐίιί
1197 5624 1588 5692 παρατέταται,
1612 5642 1714 5680 non
1741 5627 1809 5681 ita
1846 5637 2008 5682 recte.

547 5687 634 5766 (ξι)
667 5687 855 5766 ’Ὅταν
1003 5689 1208 5766 σμῆνα
1236 5687 1485 5766 πεύκης,
1512 5687 1618 5755 etc.
1657 5697 1806 5751 lltmc
1838 5697 2009 5751 locum

448 5757 787 5828 pauidaliter
811 5757 1528 5826 exprimitAmbrosiuslib.
1565 5782 1622 5822 ιιι
1653 5768 1703 5820 in
1733 5767 2010 5828 Ηωκιειιι..

447 5841 568 5897 cup.
605 5827 686 5897 i5,
726 5844 870 5884 nutu.
902 5829 1006 5884 56:
1051 5835 1354 5905 Amygdulis
1401 5853 1632 5908 quoque,
1677 5840 1876 5908 inquit,
1915 5827 2011 5891 hoc

2121 4735 2480 4806 agricolarum
2512 4737 2790 4808 diligentia
2836 4738 3012 4792 curari
3062 4738 3344 4804 novimus;
3377 4737 3674 4806 cujusmodi

2114 4838 2244 4882 sum
2272 4829 2397 4883 mali
2432 4831 2641 4898 punica:
2683 4830 2870 4895 acida,
2917 4839 2970 4886 et
3015 4831 3310 4902 amygdala:
3351 4834 3674 4895 amariores.

2113 4936 2254 4989 quae,
2299 4922 2385 4976 ubi
2447 4923 2728 4990 perforato
2771 4925 2835 4977 ad
2901 4924 3135 4979 radicem
3185 4934 3378 4981 trunco
3425 4927 3674 4996 pinguem

2113 5014 2278 5082 picea:
2337 5031 2569 5070 cuneum
2626 5031 2722 5086 per
2783 5017 3015 5071 mediam
3079 5018 3367 5074 medullam
3427 5019 3675 5073 adactum

2116 5108 2484 5177 susceperint,
2528 5119 2659 5166 tunc
2686 5111 2829 5167 succi
2861 5110 2968 5184 47
2993 5113 3358 5170 acerbitatem-
3385 5113 3440 5167 in
3478 5113 3676 5167 bonum

2121 5435 2302 5489 genere
2348 5419 2602 5474 medicari
2657 5420 2914 5488 feruntur
2945 5419 3189 5489 agricola:
3208 5458 3226 5489 ,Α
3271 5425 3326 5468 ut
3373 5431 3440 5489 ea;
3480 5417 3677 5470 amaris

2111 5485 2288 5543 dulces
2318 5491 2448 5558 ﬁant
2473 5485 2700 5559 fructus,
2729 5501 2786 5543 ut
2820 5503 2867 5544 et
2898 5485 3149 5544 terébrent
3168 5487 3294 5559 ejus
3325 5485 3555 5559 radicem
3583 5501 3679 5559 ar-

2112 5561 2271 5622 boris,
2301 5556 2346 5613 et
2383 5561 2437 5612 in
2467 5556 2693 5612 inediam
2733 5563 2962 5614 inserant
2997 5558 3265 5612 surculum
3299 5556 3412 5624 ejus
3447 5556 3671 5618 arboris,

2109 5646 2266 5696 quam
2294 5627 2463 5682 Graeci
2491 5629 2719 5699 πεύκην,
2753 5646 2844 5682 nos
2880 5632 3080 5698 piceam
3109 5627 3332 5681 dicimus
3357 5640 3375 5678 :
3405 5642 3505 5698 quo
3535 5627 3676 5696 [acto

2110 5701 2250 5751 succi
2281 5699 2577 5768 amaritudo
2607 5700 2901 5768 deponitur.

2185 5769 2295 5840 (62)
2336 5767 2471 5840 Reg.
2504 5770 2741 5841 quintus,
2769 5772 2796 5824 ὁ
2820 5769 3084 5842 γεωργός,
3119 5774 3368 5841 agricota.

2217 5941 2260 5957 μ,
