4082 6398
451 345 546 398 nl
1787 345 1844 399 S.
1887 344 2132 402 BASILII
2171 346 2384 401 MAGNI
3583 344 3689 400 ΗΞ

445 470 604 513 usum
635 463 1016 509 transmutaut.
1049 455 1218 510 Nemo
1250 458 1416 528 igitur
1441 460 1496 512 in
1520 460 1652 514 vitio
1687 460 1911 530 degens,
1941 463 2009 517 de

2134 465 2230 516 ιατ⁹
2261 465 2460 534 ἀρετὴν
2491 461 2590 534 τῆς
2637 460 2813 531 ψυχῆς
2842 459 3127 530 ἐπιμέλεια
3168 459 3365 531 δυνατή
3401 462 3515 514 ἐστι
3549 480 3656 517 παν

445 565 505 606 se
540 549 657 619 ipse
691 549 940 618 desperet
970 564 985 602 :
1019 551 1162 603 haud
1211 553 1447 613 nescius,
1484 553 1792 622 plantarum
1827 556 2008 624 quali-

2134 555 2364 609 τοδαπῶν
2412 555 2860 627 ἀρρωστημάτων
2909 553 3295 624 ἐπικρατῆσαι.
3357 553 3419 606 Ἡ
3463 553 3520 606 δὲ
3559 556 3688 626 περὶ

443 647 584 695 tates
623 650 681 694 ut
735 640 1068 709 agricultura
1110 646 1430 696 commutari
1477 663 1490 698 :
1540 645 1614 697 ita
1666 647 1834 717 animi
1885 647 2012 701 dili-

2134 646 2214 708 τὰς
2243 643 2610 716 καρπογονίας
2643 641 2876 714 διαφορά
2903 641 3013 694 τῶν
3049 641 3341 713 καρπίμων
3366 642 3546 712 φυτῶν
3570 660 3691 696 τοσ-

443 733 652 804 gentia,
686 747 806 801 qum
835 732 888 786 in
917 735 1296 802 consequenda
1335 734 1532 788 virtute
1567 737 1868 790 adhibenda
1907 747 2009 800 est,

2134 737 2277 807 ιύτη,
2312 739 2442 807 ὅσην
2475 736 2584 790 οὐδ’
2631 736 2696 789 ἂν
2726 735 2972 788 ἐπελθεῖν
3010 753 3094 798 τις
3126 735 3378 806 δυνηθείη
3421 737 3497 807 τῷ
3527 736 3687 808 λόγῳ.

441 824 791 880 inﬁrmitates
817 841 1006 881 omnes
1028 829 1271 896 superari
1308 843 1486 895 posse.
1508 829 1578 882 At
1609 845 1736 883 vero
1763 841 1907 884 tanta
1933 841 2014 885 est

2134 831 2188 882 )ὐ
2216 831 2323 902 γάρ
2361 830 2520 900 μόνον
2565 831 2622 882 ἐν
2668 832 2778 891 τοῖς
2809 828 3178 899 ἑτερογενέσιν
3207 830 3263 881 αἱ
3307 829 3559 901 διαφοραὶ
3585 830 3692 884 τῶν

444 904 825 985 frugiferarum
869 920 1122 971 arborum
1171 920 1226 971 in
1275 919 1500 972 edendis
1551 919 1814 974 fructibus
1859 921 2012 975 dill'e-

2134 922 2362 992 ιαρπῶν,
2412 921 2527 975 ἀλλ’
2572 921 2670 992 ἢδη
2724 919 2818 973 καὶ
2860 923 2916 972 ἐν
2964 919 3112 990 αὐτῷ
3157 919 3235 990 τῷ
3279 920 3544 990 εῖδει(65)
3597 922 3689 975 τοῦ

445 1010 642 1076 rentia,
673 1019 730 1064 ut
765 1025 832 1066 ne
877 1011 1048 1079 possit
1079 1011 1294 1080 quidem
1342 1012 1628 1081 quisquam
1671 1029 1787 1066 eam
1833 1013 2014 1068 verbis

2134 1013 2328 1082 ἱένδρου
2357 1012 2491 1066 πολὺ
2525 1014 2583 1068 τὸ
2609 1013 2862 1084 διάφορον
2881 1030 2894 1042 ο
2926 1013 3123 1080 ὃπουγε
3149 1013 3242 1065 καὶ
3269 1012 3378 1082 (64)
3407 1014 3563 1078 ἄλλος
3593 1025 3691 1085 μέν

447 1101 738 1170 explicare.
795 1101 912 1156 Non
959 1101 1104 1156 enim
1148 1101 1324 1154 solum
1373 1104 1425 1155 in
1477 1098 1765 1157 arboribus
1816 1118 2014 1174 genere

2134 1105 2401 1177 (αρακτὴρ
2433 1104 2525 1158 τοῦ
2577 1103 2790 1175 καρποῦ
2837 1103 2945 1156 τῶν
2993 1104 3255 1175 ἀρρένων,
3298 1104 3453 1168 ἄλλος
3496 1105 3552 1158 δὲ
3583 1106 3690 1158 τῶν

444 1191 676 1247 diversis
709 1193 994 1247 diversitas
1025 1193 1296 1259 reperitur
1339 1191 1606 1247 fruetuum
1637 1209 1652 1247 :
1690 1195 1781 1248 sed
1813 1198 1864 1248 in
1899 1195 2012 1261 ipsa

446 1284 612 1338 etiam
668 1284 880 1338 arboﬁs
945 1285 1126 1352 specie
1193 1285 1422 1338 multum
1499 1296 1583 1337 est
1650 1287 2011 1350 discriminis;

448 1375 885 1444 quandoquidem
920 1376 1026 1428 alia
1066 1378 1116 1429 in
1151 1379 1406 1444 marium,
1449 1377 1551 1431 alia
1594 1378 1644 1431 in
1691 1380 2011 1432 feminarum

450 1465 627 1522 fructu
671 1478 798 1523 nota
827 1470 1080 1523 distincta
1112 1481 1193 1524 est
1227 1487 1254 1523 a
1288 1472 1537 1540 stirpium
1581 1472 1895 1532 cultoribus.
1925 1473 2014 1542 qui

448 1558 659 1621 scilicet
679 1560 891 1629 palmas
918 1563 1080 1614 etiam
1114 1562 1167 1615 in
1200 1578 1377 1618 mares
1399 1578 1462 1617 ac
1494 1562 1725 1617 feminas
1753 1564 2012 1617 dividant.

445 1653 626 1719 Atque
672 1651 960 1719 aliquando
985 1653 1170 1706 videns
1217 1669 1332 1706 eam
1380 1669 1500 1722 qua:
1528 1656 1595 1708 ab
1644 1655 1772 1723 ipsis
1817 1653 2014 1708 leuiina

450 1753 818 1811 nuncupatur,
874 1744 1248 1797 demittentem
1307 1759 1521 1808 ramos,
1580 1744 1724 1798 velut
1791 1744 2015 1799 libidine

2118 1196 2368 1267 θηλειῶν,
2425 1198 2573 1268 παρὰ
2615 1195 2724 1249 τῶν
2769 1197 3084 1268 φυτουργῶν
3125 1197 3484 1267 διακέκριται,
3534 1198 3586 1249 οἵ
3627 1214 3690 1265 γε

2117 1289 2212 1341 καὶ
2241 1291 2368 1352 τοὺς
2400 1288 2646 1358 φοίνικας
2674 1289 2754 1350 εἰς
2787 1288 3020 1358 ἄρρενας
3057 1287 3148 1341 καὶ
3183 1288 3397 1359 θηλείας
3427 1289 3692 1344 διιστῶσι.

2117 1379 2227 1432 Καὶ
2262 1379 2390 1442 ἴδοις
2419 1381 2482 1433 ἄν
2510 1396 2640 1431 ποτε
2669 1378 2767 1450 τὴν
2797 1379 2927 1450 παρ’
2958 1378 3138 1432 αὐτῶν
3164 1375 3566 1448 ὀνομαζομένην
3592 1375 3691 1446 θή-

2117 1471 2262 1525 λειαν
2296 1471 2572 1524 καθιεῖσαν
2598 1473 2724 1534 τοὺς
2757 1470 3004 1534 κλάδους,
3031 1466 3140 1523 οἷον
3171 1471 3442 1542 ὀργῶσαν,
3471 1471 3562 1523 καὶ
3592 1471 3696 1540 τῆς

2120 1563 2436 1634 συμπλοκῆς
2470 1563 2766 1634 ἐφιεμένην
2806 1561 2899 1614 τοῦ
2931 1563 3176 1633 ἄρρενος,
3199 1562 3322 1623 τοὺς
3346 1561 3400 1614 δὲ
3429 1560 3694 1631 θεραπευ-

2117 1656 2214 1720 τάς
2255 1655 2364 1709 τῶν
2399 1656 2580 1725 φυτῶν
2626 1654 2994 1726 ἐμϐάλλοντας
3031 1657 3142 1717 τοῖς
3173 1653 3406 1716 κλάδοις,
3433 1648 3542 1706 οἷόν
3572 1669 3692 1706 τινα

2121 1749 2411 1819 σπέρματα
2459 1749 2568 1801 τῶν
2610 1749 2878 1819 ἀρρένων,
2911 1748 3038 1810 τοὺς
3080 1747 3406 1818 λεγομένους
3454 1746 3688 1815 ψῆναςο

445 1832 798 1897 concitat-am,
833 1833 1105 1912 marisque
1153 1834 1457 1902 amplexum
1511 1843 1873 1902 appetentem.
1923 1834 2014 1891 VJ-

2134 1841 2212 1894 ιαί
2258 1839 2431 1904 οὔτως
2469 1835 2578 1894 οἷον
2611 1843 2668 1894 ἐν
2717 1841 3064 1912 συναισθήσει
3095 1840 3196 1910 τῆς
3230 1839 3580 1903 ἀπολαύσεως
3608 1839 3693 1907 γί-

448 1923 578 1977 deas
623 1921 808 1976 itidem
838 1923 1096 1976 harumce
1125 1922 1376 1978 arborum
1406 1923 1642 1977 cultores
1686 1923 1830 1978 velut
1875 1940 2021 1992 qua»
2065 1972 2071 1975 ,

452 2016 576 2069 dam
634 2014 994 2070 mascularum
1063 2015 1274 2069 semina
1332 2031 1450 2086 quae
1508 2032 1687 2082 paene:
1735 2027 2019 2082 vocantur,

454 2104 624 2161 ramis
650 2103 768 2173 ejus
815 2105 1135 2168 immittere;
1170 2103 1354 2172 sicque
1383 2104 1555 2172 ipsam
1600 2106 1752 2173 quasi
1788 2107 1840 2158 in
1887 2105 2019 2157 frui-

459 2197 626 2251 tionis
653 2211 817 2252 sensu
858 2197 1234 2262 constitutam,
1263 2199 1456 2251 iterum
1503 2212 1683 2250 ramos
1711 2197 1939 2268 erigere,
1969 2207 2025 2252 et

456 2289 617 2359 hujus
646 2291 858 2345 arboris
889 2305 1096 2345 comam
1141 2290 1206 2344 ad
1257 2290 1529 2359 propriam
1564 2287 1790 2343 formam
1823 2291 2016 2344 redire.

457 2382 625 2436 Porro
669 2382 899 2452 idipsum
953 2383 1116 2437 etiam
1165 2389 1397 2436 narrant
1441 2381 1506 2435 de
1555 2380 1692 2436 ﬁcis.
1727 2380 1880 2436 Unde
1932 2382 2022 2436 alii

455 2474 670 2542 quidem
697 2474 846 2540 ﬁcos
880 2473 1155 2528 silvestres
1186 2473 1339 2541 juxta
1375 2474 1660 2529 hortenses
1689 2483 1978 2529 conserunt
2007 2494 2022 2530 :

456 2566 545 2620 alii
576 2582 707 2622 vero
732 2581 950 2636 grossos
992 2567 1234 2637 capriﬁci
1281 2565 1580 2622 fructuosis
1621 2583 1685 2622 ac
1717 2568 2026 2624 domesticis

459 2655 576 2712 ﬁcis
614 2656 916 2726 alligantes,
948 2658 1186 2725 ipsarum
1222 2658 1504 2712 medentur
1539 2658 1863 2722 inﬁrmitati,
1892 2659 2028 2728 jam-

453 2762 561 2817 que
594 2748 920 2804 ditliuentem
967 2765 1030 2804 ac
1079 2759 1496 2805 evanescentem
1537 2749 1772 2804 fructum
1823 2753 2028 2820 grossis

454 2839 694 2910 capriﬁci
755 2841 1053 2895 continent.
1114 2841 1253 2907 Quid
1311 2842 1424 2896 vult
1477 2842 1577 2896 sibi
1637 2842 1767 2895 illud
1823 2854 2030 2896 naturae

449 2932 798 3002 exemplum?
845 2933 996 3000 Quod
1042 2949 1140 2988 nos
1173 2933 1253 2988 vel
1285 2935 1352 2988 ab
1393 2934 1458 2988 iis
1507 2934 1660 3002 quia
1712 2933 1814 2987 ﬁde
1867 2933 2027 2987 alieni

456 3032 617 3088 sunt,
670 3024 929 3094 impetum
979 3025 1268 3094 quemdam
1303 3040 1365 3080 ac
1405 3027 1645 3096 vigorem
1686 3027 1751 3078 ad
1797 3026 2028 3080 dandum

458 3116 723 3170 bonorum
771 3131 994 3184 operum
1057 3118 1328 3186 specimen
1395 3132 1536 3188 saepe
1585 3119 1833 3187 accipere
1865 3117 2030 3172 debe-

457 3219 599 3261 mus.
626 3206 839 3262 Etenim
891 3213 935 3263 si
978 3209 1176 3265 videris
1212 3225 1356 3277 eum,
1388 3211 1477 3280 qui
1521 3223 1611 3265 aut
1645 3211 1808 3265 vitam
1855 3211 2028 3265 ethni-

457 3313 577 3354 cam
613 3301 746 3367 agit,
775 3311 870 3356 aut
897 3303 965 3357 ob
1005 3316 1317 3371 perversam
1352 3305 1644 3372 quamdam
1675 3302 1926 3358 haeresim
1956 3304 2024 3358 ab

457 3389 696 3446 Ecclesia
736 3394 1005 3448 abscissus
1046 3404 1149 3458 est,
1192 3396 1373 3464 probze
1410 3410 1473 3448 ac
1522 3397 1850 3449 continentis
1883 3395 2024 3460 vitae,

455 3489 515 3536 et
540 3483 763 3554 reliqum
791 3485 1014 3540 moralis
1044 3485 1344 3554 disciplina:
1371 3487 1671 3542 studiosum
1706 3501 1852 3552 esse;
1883 3494 2028 3540 tuam

459 3576 632 3646 magis
682 3578 899 3634 intende
952 3579 1324 3642 sedulitatem,
1368 3588 1427 3633 ut
1488 3578 1779 3635 fructifera:
1823 3579 1925 3633 lico
1963 3595 2030 3634 ex

2118 1931 2306 1985 νεσθαι
2335 1933 2428 1986 καὶ
2455 1931 2808 2003 ἀνορθοῦσθαι
2839 1932 2997 1986 πάλιν
3018 1933 3144 1995 τοὺς
3169 1931 3415 1995 κλάδους,
3445 1932 3538 1983 καὶ
3560 1929 3695 2002 πρὸς

2119 2025 2178 2077 τὸ
2201 2026 2397 2079 οἰκεῖον
2425 2026 2608 2096 σχῆμα
2635 2023 2735 2078 τοῦ·
2766 2025 2933 2094 φυτοῦ
2968 2025 3066 2096 τὴν
3109 2025 3285 2096 κόμην
3327 2023 3695 2078 ἀποκαθίστα-

2127 2116 2271 2171 σθαι.
2305 2116 2386 2169 Τὰ
2420 2118 2560 2170 αὐτά
2587 2117 2642 2170 δὲ
2675 2117 2846 2170 ταῦτα
2880 2118 2972 2170 καὶ
3003 2117 3130 2187 περὶ
3161 2117 3270 2170 τῶν
3304 2116 3482 2169 συκῶν
3512 2133 3699 2183 φασινκ

2125 2209 2286 2261 Ὅθεν
2321 2209 2368 2261 οἱ
2413 2209 2511 2280 μὲν
2549 2208 2649 2272 τὰς
2690 2207 2888 2279 ἀγρίας
2913 2208 3022 2279 (65)
3054 2210 3224 2272 συκᾶς
3253 2206 3698 2280 παραφυτεύουσι

2121 2301 2241 2363 ταῖς
2304 2299 2571 2370 ἡμέροις·
2641 2301 2690 2352 οἱ
2736 2301 2793 2355 δὲ
2845 2302 2970 2363 τοὺς
3038 2298 3292 2363 ὀλύνθους
3352 2298 3698 2368 ἐκδήσαντες,

2123 2389 2232 2443 τῶν
2287 2391 2580 2461 εὐκάρπων
2627 2393 2720 2445 καὶ
2773 2394 2992 2464 ἡμέρων
3061 2392 3240 2446 συκῶν
3318 2391 3418 2464 τὴν
3481 2392 3698 2446 ἀτονίαν

2128 2483 2334 2546 ἰῶνται,
2371 2483 2560 2555 ῥέοντα
2605 2485 2704 2556 ἤδη
2739 2482 2850 2538 ’καὶ
2901 2486 3323 2557 σκεδαννύμενον
3353 2487 3444 2538 τὸν
3483 2486 3703 2557 καρπὸν

2125 2578 2235 2639 τοῖς
2261 2575 2501 2639 ὀλύνθοις
2539 2577 2844 2646 ἐπέχοντες.
2867 2577 2932 2629 Τί
2965 2594 3045 2632 σοι
3091 2578 3150 2630 τὸ
3184 2578 3332 2650 παρὰ
3362 2578 3462 2647 τῆς
3486 2578 3699 2647 φύσεως

2126 2665 2352 2735 αἴνιγμα
2381 2664 2626 2734 βούλεται
2650 2665 2797 2735 (66);
2831 2666 2949 2720 Ὅτι
2979 2668 3086 2738 χρὴ
3131 2666 3390 2731 πολλάκις
3421 2669 3568 2738 ἡμᾶς
3607 2666 3703 2725 καὶ

2129 2757 2280 2828 παρὰ
2341 2755 2450 2810 τῶν
2511 2755 2806 2828 ἀλλοτρίων
2850 2757 2950 2826 τῆς
3006 2759 3238 2822 πίστεως
3285 2759 3527 2812 εὐτονίαν
3578 2755 3700 2812 τινά

2130 2847 2565 2918 προσλαμϐάνειν
2594 2850 2672 2911 εἰς
2697 2848 2794 2918 τὴν
2821 2847 2930 2901 τῶν
2963 2849 3180 2918 ἀγαθῶν
3213 2849 3387 2921 ἔργων
3415 2848 3696 2914 ἐπίδειξιν.

2143 2939 2269 2993 Ἐάν
2291 2939 2398 3010 γάρ
2425 2941 2538 3012 ἴδῃς
2564 2941 2655 2993 τὸν
2693 2942 2748 2993 ἐν
2784 2939 2886 3012 βίῳ
2910 2941 3129 3012 ἐθνικῷ,
3165 2943 3200 3014 ἢ
3233 2943 3340 2995 ἀπό
3367 2961 3512 3006 τινος
3546 2942 3702 3013 αίρέι-

2135 3049 2270 3096 σεως
2316 3032 2697 3104 ἐνδιαστρόφου
2745 3034 2844 3104 τῆς
2908 3035 3230 3105 Ἐκκλησίας
3285 3035 3701 3113 ἀπεσχισμενὶ),

2138 3123 2252 3193 βίου
2284 3122 2557 3196 σώφρονος
2588 3127 2681 3178 καὶ
2707 3125 2807 3194 τῆς
2831 3125 3024 3196 λοιπῆς
3055 3128 3192 3180 κατά
3215 3127 3275 3180 τὸ
3295 3123 3422 3198 ἦθος
3450 3127 3702 3194 εὐταξίας

2133 3215 2577 3284 ἐπιμελούμενον,
2609 3216 2792 3268 πλεῖον
2830 3218 3056 3271 σεαυτοῦ
3085 3219 3146 3271 τὸ
3191 3219 3476 3274 σπουδαῖον
3504 3220 3706 3273 ἐπίτει-

2131 3323 2240 3370 νον,
2269 3307 2355 3359 ἴνα
2395 3308 2530 3380 γένῃ
2569 3308 2948 3380 παραπλήσιος
2981 3313 3045 3380 τῇ
3090 3312 3421 3382 καρποφόρῳ
3457 3313 3615 3383 συκῇ,
3642 3312 3710 3365 ἐκ·

2129 3399 2228 3469 τῆς
2254 3398 2362 3452 τῶν
2397 3400 2604 3471 ἀγρίων
2655 3402 2954 3472 παρουσίας
2984 3403 3306 3477 ὰθροιζούσῃ
3337 3404 3435 3475 τὴν
3457 3403 3706 3475 δύναμιν,

2133 3493 2225 3546 καὶ
2265 3493 2365 3564 τὴν
2405 3494 2503 3564 μὲν
2548 3493 2702 3565 ῥύσιν
2741 3495 3032 3568 ἐπεχούσῃ,
3074 3496 3492 3568 ἐπιμελέστερον
3530 3496 3587 3551 δὲ
3616 3496 3712 3550 τὸν

2135 3585 2346 3653 καρπὸν
2377 3586 2489 3656 (67)
2517 3587 2876 3660 ἐκτρεφούσῃ.

463 3667 850 3739 capriﬁcorum
893 3671 1180 3742 praesentia
1219 3672 1487 3743 colligenti
1535 3675 1678 3726 vires
1709 3679 1765 3727 et
1795 3669 2082 3727 deﬂuvium
2121 3677 2415 3746 cohibenti,
2459 3678 2802 3750 fructumque
2828 3681 3133 3750 diligentius
3176 3681 3488 3748 enutrienti,
3515 3677 3712 3737 similis

454 3763 674 3820 evadas.

533 3855 585 3910 8.
628 3854 791 3912 Tales
838 3856 1002 3926 igitur
1038 3865 1166 3910 sunt
1215 3857 1360 3912 circa
1397 3857 1759 3927 generationis
1813 3857 2027 3910 modum

459 3946 782 4002 differentia
814 3948 1143 4017 plantarum,
1183 3960 1244 4002 ut
1281 3963 1453 4018 pauca
1494 3949 1783 4001 admodum
1817 3947 1882 4001 de
1917 3946 2033 4014 plu-

459 4040 616 4096 rimis
659 4039 920 4096 dicamus.
969 4040 1208 4110 Ipsorum
1251 4051 1432 4096 autem
1480 4040 1750 4094 fructuum
1799 4039 2035 4092 varieta-

460 4139 596 4196 tem,
625 4130 848 4203 ﬁguras,
875 4132 1110 4197 colores.
1139 4147 1390 4203 saporum
1420 4132 1830 4200 proprietatem,
1857 4130 2038 4182 unius-

461 4225 723 4296 cujusque
747 4223 1030 4279 utilitatem
1053 4226 1177 4294 quis
1208 4239 1491 4279 recensere
1519 4223 1727 4293 possit?
1755 4222 2034 4289 Quomodo

461 4318 680 4388 quidam
714 4318 840 4372 nudi
883 4327 1189 4387 coquantur
1229 4333 1261 4370 a
1290 4316 1426 4382 sole,
1471 4315 1688 4386 quidam
1723 4330 1852 4369 vero
1884 4323 2036 4383 puta-

462 4411 698 4466 minibus
747 4412 1018 4474 contecti,
1058 4410 1463 4478 compleantur;
1499 4417 1554 4462 et
1598 4423 1825 4477 quarum
1874 4408 2032 4459 arbo-

466 4517 586 4556 rum
618 4509 770 4556 tener
795 4510 878 4556 est
919 4502 1148 4566 fructus,
1181 4503 1234 4556 in
1265 4504 1332 4557 iis
1357 4517 1602 4557 crassum
1633 4503 1704 4555 sit
1734 4500 1847 4555 lolii
1886 4511 2035 4569 tegu-

468 4602 728 4658 mentum,
772 4593 916 4648 velnt
945 4594 996 4646 in
1038 4592 1173 4648 ﬁco:
1214 4608 1444 4664 quarum
1486 4607 1615 4645 vero
1661 4591 1867 4644 fructus
1911 4601 2038 4644 sunt

472 4681 762 4750 ﬁrmiores,
789 4683 904 4737 leve
941 4684 1014 4738 sit
1057 4683 1310 4739 foliorum
1345 4692 1620 4746 tutamen,
1663 4684 1738 4735 uti
1775 4681 1828 4735 in
1878 4694 2036 4734 nuce.

467 4771 602 4832 Nam
637 4773 742 4828 illis
762 4777 830 4829 ob
854 4776 1184 4830 debilitatem
1228 4775 1468 4832 subsidio
1493 4774 1699 4843 majore
1731 4787 1862 4839 opus
1884 4778 1999 4824 erat
2025 4787 2039 4824 :

471 4867 558 4922 his
602 4882 730 4922 vero
767 4869 1001 4925 amictus
1051 4870 1292 4924 crassior
1338 4878 1558 4938 propter
1609 4865 1882 4919 frondium
1926 4879 2036 4916 um-

471 4961 626 5016 bram
659 4961 954 5016 nocuisset.
981 4964 1262 5029 Quomodo
1291 4961 1550 5017 diﬁissum
1581 4961 1654 5014 sit
1681 4958 1806 5012 vitis
1831 4955 2041 5021 lolium,

472 5061 534 5107 ut
583 5068 684 5107 uva
717 5062 774 5105 et
821 5054 964 5107 aeris
1000 5053 1216 5122 injuriis
1266 5052 1515 5116 resistat,
1565 5060 1619 5104 et
1654 5049 1862 5103 radium
1915 5046 2044 5112 sqlis

475 5156 574 5213 per
605 5143 750 5200 illius
788 5144 1070 5199 raritatem
1118 5144 1351 5200 ubertim
1396 5144 1681 5212 suscipiat.
1737 5140 1880 5194 Nihil
1927 5141 2046 5194 sine

550 5301 896 5375 (65)_Editio_
943 5301 1109 5358 Basil.
1139 5319 1260 5375 cum
1317 5313 1441 5375 octo
1486 5316 1642 5375 mss,
1681 5301 1738 5354 ἐν
1770 5298 1919 5370 αὐτῷ
1966 5297 2046 5369 τῷ

475 5372 835 5458 ιτδειλειξὶιίο
871 5373 1070 5438 Paris.,
1105 5373 1268 5458 ἐνδιδῷ
1295 5372 1622 5458 αὐτῷοεῖδει.

574 5443 666 5511 64)
708 5444 799 5498 Sic
823 5459 953 5499 mss.
985 5455 1114 5500 tres.
1151 5442 1306 5498 Deest
1335 5442 1428 5496 καί
1451 5444 1503 5496 in
1537 5442 1770 5498 excusis.

583 5514 674 5586 es)
705 5514 786 5586 ita
808 5529 913 5586 se:
949 5530 1079 5570 mss.
1111 5513 1248 5568 Editi
1279 5514 1523 5586 ἀγρίους.

571 5581 663 5652 66)
701 5585 774 5638 Ita
808 5584 938 5644 Heg.
968 5595 1192 5639 octavus
1221 5581 1524 5640 cuni'Colb.
1550 5583 1785 5638 secundo
1810 5591 1863 5637 et
1893 5581 2051 5638 Com-

549 5585 663 5706 (66)
701 5585 774 5638 Ita

478 5653 548 5712 be
573 5691 588 5705 .
616 5655 781 5707 Abest

815 5654 1061 5724 βούλεται
1089 5657 1156 5709 ah
1184 5656 1364 5709 editis.

555 5723 668 5794 (ῳ)
709 5721 847 5794 Ε(Ιίιί
873 5741 995 5779 cum
1029 5742 1136 5780 uno
1175 5737 1265 5779 aut
1297 5725 1466 5780 altero
1502 5723 1755 5794 πιδητοὺς
1779 5721 2044 5794 καρπούς.

485 5789 832 5852 Δι’ϐοιιιὺθῐ.
857 5809 976 5851 cum
1005 5797 1124 5854 aliis
1153 5808 1385 5866 quatuor
1416 5810 1548 5852 mss.
1581 5793 1674 5848 τὸν
1706 5789 1937 5868 καρπόν.
2038 5849 2068 5858 η

2202 3857 2256 3911 8.
2286 3855 2549 3909 Τοιαῦται
2579 3854 2678 3925 μὲν
2700 3851 2793 3907 οὖν
2821 3856 2878 3908 αἱ
2909 3857 3036 3926 περὶ
3063 3855 3154 3908 τὸν
3181 3856 3381 3927 τρόπον
3421 3857 3518 3927 τῆς
3561 3857 3708 3925 γενέ-

2134 3961 2270 4008 σεως
2298 3942 2476 3996 αὐτῶν
2507 3942 2781 4012 διαφοραὶ,
2818 3943 2892 4006 ὼς
2921 3943 3174 4013 ἐλάχιστα
3213 3946 3384 3998 εἰπεῖν
3417 3946 3526 3999 ἀπὸ
3563 3946 3710 4000 πλεί-

2136 4050 2296 4088 στων.
2316 4031 2506 4086 Αὐτῶν
2525 4033 2580 4085 δέ
2597 4032 2705 4086 τῶν
2727 4032 2955 4104 καρπῶν
2977 4034 3060 4097 τίς
3086 4033 3150 4087 ἂν
3175 4035 3390 4088 ἐπέλθοι
3412 4036 3522 4108 τὴνι
3532 4055 3709 4091 ποικι-

2135 4126 2276 4189 λίαν,
2303 4125 2373 4177 τά
2401 4126 2500 4194 σχή
2511 4142 2676 4194 ματα,
2705 4123 2807 4187 τάς
2833 4125 3020 4195 χρόας,
3037 4124 3144 4178 τῶν
3166 4127 3354 4197 χυμῶν
3387 4127 3484 4198 τὴν
3518 4129 3710 4198 ίδιότη-

2137 4235 2226 4281 τα,
2258 4217 2320 4269 τὸ
2347 4217 2439 4284 ἀφ’
2483 4215 2709 4268 ἑκάστου
2750 4217 3047 4286 χρήσιμον;
3088 4217 3211 4280 Πῶς
3237 4217 3358 4270 τινὰ
3399 4217 3497 4288 μὲν
3530 4218 3710 4289 γυμνὰ

2145 4309 2413 4362 πέπτεται
2471 4307 2548 4377 τῷ
2588 4307 2721 4378 ἡλίῳ
2766 4308 2899 4377 (68),
2939 4307 3060 4360 τινὰ
3097 4308 3154 4361 δὲ
3196 4311 3253 4363 ἐν
3282 4309 3524 4380 ἐλύτροις
3546 4328 3708 4365 κεκα-

2142 4401 2396 4472 λυμμένα
2417 4399 2751 4471 πληροῦται;
2799 4401 2892 4452 καὶ
2933 4393 3007 4453 ὧν
3045 4401 3143 4471 μὲν
3177 4402 3383 4465 ἁπαλὸς
3419 4405 3447 4455 ὁ
3481 4403 3715 4476 καρπὸς,

2143 4490 2287 4560 παχὺ
2308 4487 2400 4542 τοῦ
2428 4487 2625 4557 φύλλου
2651 4487 2712 4540 τὸ
2733 4491 3149 4562 σκεπαστήριον,
3180 4490 3255 4553 ὡς
3275 4492 3366 4544 ἐπὶ
3391 4493 3488 4562 τῆς
3515 4493 3709 4564 συκῆς,

2141 4575 2215 4635 ὧν
2248 4581 2305 4634 δέ
2346 4581 2395 4635 οἱ
2430 4581 2630 4652 καρποὶ¹
2670 4579 3083 4653 στεγανώτεροι,
3127 4581 3338 4653 ἐλαφρά
3371 4584 3476 4636 τῶν
3503 4584 3718 4653 φύλλων

2146 4677 2180 4744 ὴ
2231 4672 2468 4746 προϐολὴ
2513 4672 2646 4743 (69),
2697 4672 2772 4736 ὡς
2811 4673 2903 4724 ἐπὶ
2947 4673 3046 4743 τῆς
3091 4673 3331 4745 καρύας;
3365 4675 3486 4727 Ὅτι
3533 4676 3716 4729 ἐκεῖνα

2149 4767 2247 4836 μὲν
2270 4765 2355 4819 διὰ
2377 4765 2438 4818 τὸ
2460 4765 2683 4828 ἀσθενὲς
2705 4764 2946 4827 πλείονος
2975 4765 3144 4818 ἐδεῖτο
3171 4766 3272 4836 τῆς
3299 4766 3570 4837 βοηθείας·
3593 4767 3724 4820 τού-Δ

2143 4875 2255 4920 τοις
2289 4857 2333 4910 δ’
2361 4857 2427 4912 ἂν
2459 4856 2800 4929 προσϐλαϐὴς
2832 4857 3044 4926 ἐγένετο
3084 4859 3116 4928 ἡ
3147 4859 3428 4931 παχυτέρα
3457 4858 3712 4930 περιϐολὴ

2146 4949 2211 5001 ἐκ
2236 4947 2337 5018 τῆς
2355 4948 2452 5002 ἀπ’
2479 4948 2660 5003 αὐτῶν
2691 4950 2866 5011 σκιάς.
2894 4947 3017 5011 Πῶς
3047 4950 3394 5018 κατέσχισται
3417 4952 3515 5022 τῆς
3537 4951 3713 5021 ἀμπέ-

2144 5040 2238 5094 λου
2265 5041 2325 5094 τὸ
2363 5039 2578 5108 φύλλον,
2615 5040 2700 5094 ἴνα
2723 5042 2818 5093 καὶ
2844 5040 2980 5110 πρὸς
3000 5039 3100 5103 τὰς
3125 5041 3188 5093 ἐκ
3210 5041 3304 5095 τοῦ
3325 5041 3484 5113 ἀέρος
3513 5041 3716 5112 βλάϐας

2147 5135 2176 5187 ὀ
2201 5135 2394 5207 βότρυς
2431 5134 2651 5208 ἀντέχῃ,
2680 5135 2774 5188 καὶ
2814 5136 2912 5207 τὴν
2958 5135 3149 5189 ἀκτῖνα
3182 5138 3276 5190 τοῦ
3306 5136 3453 5208 ἡλίου
3499 5136 3587 5188 διὰ
3617 5135 3716 5206 τῆς

2224 5293 2335 5364 (68)
2377 5292 2530 5366 Coll).
2554 5295 2820 5366 secundus
2865 5295 3048 5364 γυμνά
3095 5295 3419 5366 πεπαίνεται
3461 5292 3540 5364 τῷ
3586 5295 3718 5366 ήλξῳ

2153 5363 2652 5437 παραδεικνύμενα,
2692 5365 2833 5437 nuda
2872 5363 3204 5437 toqzmntur,
3235 5366 3280 5437 si
3312 5365 3412 5418 soli
3458 5363 3721 5437 experimi-

2155 5433 2258 5489 ινιτ-ζ
2305 5437 2435 5506 Reg.
2477 5433 2667 5489 tertius
2714 5433 2978 5488 πέπτεται
3029 5437 3106 5506 τῷ
3157 5435 3292 5508 ηλίῳ
3355 5433 3718 5505 παραδεικνύ-

2197 5522 2312 5558 ενα.

2157 5525 2335 5645 Pelliti)
2375 5575 2526 5648 Golh.
2553 5575 2817 5648 secundus
2856 5574 3130 5648 φύλλωνὴ
3164 5575 3443 5648 περιϐολή,
3474 5575 3718 5648 [aliarum

2153 5647 2394 5716 amictu}.
2420 5645 2604 5702 Lectio
2639 5647 2862 5716 optima.
2895 5647 3030 5701 Editi
3069 5645 3186 5716 cum
3221 5645 3346 5716 aliis
3372 5645 3498 5700 mss.
3531 5646 3564 5715 ἡ
3595 5660 3720 5714 προ-

2152 5714 2306 5840 ἓοέήὶ
2340 5713 2470 5788 Reg.
2503 5713 2692 5775 tertius
2733 5718 2787 5770 ai
2821 5717 3057 5790 ἐλαφραὶ
3089 5715 3196 5770 τῶν
3231 5715 3442 5786 φύλλων
3477 5717 3531 5769 αἱ
3553 5713 3561 5715 “
3584 5713 3718 5788 προ-

2187 5807 2215 5840 υ
2249 5803 2282 5838 α
2312 5825 2327 5840 .
3517 5829 3520 5832 .

2187 5803 2327 5842 υΑαι.
3517 5829 3520 5832 .
