4082 6398
304 400 403 454 H3

1430 402 1716 458 HOMILIA
1766 403 1808 457 γ
1850 402 1917 456 IN
1959 402 2457 458 HEXAEMERON.

3437 403 3552 459 ἨΑ

295 519 617 590 ἀραιότητος
677 517 914 588 δαψιλῶς
969 519 1302 588 ὑποδέχηται
1331 536 1344 583 ;
1378 520 1544 574 Οὐδὲν
1598 520 1874 574 ἀναίτιονο

1980 536 2167 584 causa,
2192 521 2324 575 nihil
2353 532 2553 575 temere
2580 520 2776 574 factum
2809 535 2893 578 est
2920 541 2932 576 :
2964 524 3148 577 omnia
3183 524 3250 578 ab
3290 521 3554 582 inclTSﬁili

295 611 446 664 οὐδὲν
507 610 616 665 ἀπὸ
675 611 1014 682 ταυτομάτου
1046 629 1058 642 ο
1118 612 1296 664 πάντα
1342 611 1454 682 ἔχει
1510 611 1632 665 τινὰ
1684 612 1875 681 σοφίαν

295 704 628 775 ἀπόρρητον.
659 701 756 766 Τίς
786 702 851 755 ἂν
876 701 1116 772 ἐφίκοιτο
1151 701 1344 772 λόγος;
1383 704 1508 768 Πῶς
1538 703 1875 777 ἀνθρώπινος

295 795 422 860 νοῦς
448 794 622 848 πάντα
663 795 781 864 μετ’
815 794 1101 866 ἀκριϐείας
1151 796 1389 861 ἐπέλθοι,
1432 795 1572 850 ὥστε
1609 798 1704 850 καὶ
1744 816 1876 853 κατ-

296 889 424 942 ιδεῖν
453 889 550 950 τὰς
592 887 877 957 ἰδιότητας,
923 887 1018 940 καὶ
1053 888 1151 951 τὰς
1194 889 1330 960 πρὸς
1354 889 1582 944 ἕκαστον
1613 889 1874 962 διαφορὰς

294 977 538 1049 ἐναργῶς
561 976 850 1046 διακρῖναι,
874 978 968 1029 καὶ
995 976 1092 1039 τὰς
1122 975 1506 1049 κεκρυμμένας
1528 977 1704 1039 αἰτίας
1723 978 1876 1029 ἀνεν-

293 1065 428 1127 δεῶς
474 1065 860 1134 παραστῆσαι;
905 1066 999 1118 Ἓν
1030 1065 1196 1138 ὕδωρ,
1227 1066 1314 1120 διὰ
1342 1066 1440 1137 τῆς
1471 1067 1623 1137 ῥίζης
1649 1067 1874 1137 ἑλκόμε-

295 1175 405 1222 νον,
457 1157 630 1219 ἄλλως
679 1157 776 1228 μὲν
811 1156 1001 1227 τρέφει
1040 1158 1138 1228 τὴν
1185 1159 1341 1229 ῥίζαν
1387 1159 1577 1228 αὐτὴν,
1615 1159 1787 1222 ἄλλως
1817 1159 1874 1212 δέ

293 1251 386 1303 τὸν
433 1249 616 1317 φλοιὸν
657 1248 750 1301 τοῦ
801 1249 1100 1318 στελέχους,
1146 1251 1239 1302 καὶ
1271 1249 1443 1313 ἄλλως
1483 1251 1540 1302 τὺ
1582 1250 1752 1314 ξύλον,
1780 1251 1873 1302 καὶ

293 1343 394 1412 τὴν
427 1339 746 1412 ἐντεριώνην
776 1341 997 1412 ὲτέρως.
1034 1342 1106 1395 Τὸ
1140 1342 1268 1394 αὐτὸ
1301 1343 1390 1394 καὶ
1420 1342 1612 1410 φύλλον
1642 1341 1868 1409 γίνεται,

295 1434 390 1486 καὶ
433 1433 511 1495 είς
554 1432 861 1503 ἀκρέμονας
912 1433 1005 1486 καὶ
1056 1433 1282 1496 κλάδους
1335 1430 1742 1502 κατασχίζεται,
1780 1435 1872 1486 καὶ

293 1527 406 1588 τοῖς
434 1527 663 1595 καρποῖς
699 1525 925 1595 παρέχει
968 1525 1066 1596 τὴν
1101 1525 1345 1596 αΰξησιν,
1386 1527 1477 1579 καὶ
1507 1526 1740 1597 δάκρυον
1777 1525 1869 1579 τοῦ

295 1617 466 1686 φυτοῦ
496 1617 585 1669 καὶ
610 1617 739 1680 ὀπὸς
766 1619 828 1669 ἐκ
851 1619 949 1688 τῆς
977 1618 1147 1686 αὐτῆς
1173 1619 1349 1681 αἰτίας
1375 1619 1484 1685 (70)
1513 1619 1867 1690 προέρχεται’

293 1704 376 1772 οἷς
397 1709 534 1780 πόση
561 1709 695 1780 πρὸς
720 1708 923 1778 ἄλληλά
939 1711 1084 1762 ἐστιν
1111 1712 1142 1780 ή
1169 1709 1421 1780 διαφορὰ,
1439 1709 1614 1773 οὐδεὶς
1633 1709 1698 1762 ἂν
1718 1709 1873 1778 λόγος

293 1800 546 1866 ἐξίκοιτο.
582 1801 742 1853 ’Ἄλλο
772 1801 880 1872 γὰρ
907 1800 998 1854 τοῦ
1028 1801 1208 1872 σχίνου
1232 1801 1292 1853 τὸ
1317 1801 1568 1872 δάκρυον,
1602 1803 1694 1854 καὶ
1716 1801 1872 1864 ἄλλος

292 1895 322 1945 ὁ
350 1893 484 1955 ὀπὸς
523 1892 612 1945 τοῦ
654 1892 963 1963 βαλσάμουο
1011 1895 1104 1946 καὶ
1141 1893 1410 1964 νάρθηκές
1454 1911 1594 1957 τινες
1642 1895 1734 1945 ἐπὶ
1773 1896 1871 1964 τῆς

291 1984 571 2053 Αἰγύπτου
628 1986 719 2038 καὶ
765 1985 971 2056 Λιϐύης
1025 1984 1211 2056 ἓτερον
1267 1985 1414 2038 ὀπῶν
1461 1985 1614 2053 γένος
1672 1985 1872 2038 ἀποδα-

292 2073 544 2146 κρύουσι.
565 2076 734 2145 Λόγος
756 2077 811 2130 δέ
835 2078 916 2140 τίς
944 2080 1058 2130 ἐστι
1086 2077 1180 2131 καὶ
1204 2077 1264 2130 τὸ
1292 2077 1554 2150 ἦλεκτρον
1579 2079 1710 2131 ὀπὸν
1734 2074 1872 2132 εἶναι

294 2165 478 2235 φυτῶν
507 2167 585 2229 είς
610 2165 758 2218 λίθου
787 2165 947 2235 φύσιν
989 2165 1462 2237 ἀποπηγνύμενον.
1499 2169 1781 2240 Μαρτυρεῖ
1817 2168 1872 2221 δέ

294 2254 376 2326 τῷ
407 2255 551 2326 λόγῳ
584 2255 654 2309 τὰ
699 2258 1072 2327 ἐμφαινόμενα
1109 2258 1290 2330 κάρφη
1326 2260 1419 2312 καὶ
1457 2259 1524 2313 τὰ
1573 2258 1876 2314 λεπτότατα

292 2347 405 2402 τῶν
453 2346 626 2412 ζώων,
673 2347 838 2420 ἅπερ,
888 2348 1095 2402 ἁπαλοῦ
1137 2350 1290 2414 ὄντος
1342 2350 1435 2404 τοῦ
1479 2351 1634 2416 ὀποῦ,
1676 2354 1874 2405 ἐναπο-

293 2439 568 2510 ληψθέντα
595 2441 900 2510 κατέχεται.
924 2443 1032 2495 Καὶ
1073 2442 1207 2506 ὅλως
1238 2441 1336 2513 τὴν
1362 2441 1503 2495 κατὰ
1539 2442 1637 2506 τὰς
1661 2444 1878 2514 ποιότη-

294 2549 396 2596 τας
429 2532 535 2585 τῶν
571 2533 717 2586 ὀπῶν
746 2533 1006 2604 διαφορὰν
1037 2537 1063 2587 ὁ
1089 2535 1162 2605 μὴ
1189 2537 1253 2605 τῇ
1286 2534 1449 2606 πείρᾳ
1471 2535 1737 2606 διδαχθεὶς
1760 2537 1879 2589 οὐδ-

297 2625 394 2679 ένα
441 2624 597 2693 λόγον
629 2626 850 2696 εὑρήσει
894 2626 991 2696 τὴν
1033 2626 1312 2696 ἐνέργειαν
1345 2625 1714 2696 παριστῶντα.
1752 2627 1878 2692 Πῶς

299 2717 462 2771 πάλιν
492 2718 598 2770 ἀπὸ
634 2718 732 2787 τῆς
759 2716 928 2787 αὐτῆς
953 2717 1154 2780 νοτίδος
1183 2719 1238 2769 ἐν
1266 2719 1364 2788 μὲν
1399 2721 1462 2789 τῇ
1489 2719 1716 2789 ἀμπέλῳ
1738 2714 1877 2782 οἶνος

299 2811 632 2874 συνίσταται,
666 2812 722 2862 ἐν
771 2809 825 2863 δὲ
863 2812 929 2881 τῇ
967 2809 1122 2880 ἐλαίᾳ
1147 2810 1206 2863 τὸ
1234 2810 1440 2876 ἐλαιον;
1485 2811 1595 2865 Καὶ
1625 2811 1684 2864 οὐ
1719 2810 1878 2864 τοῦτο

303 2901 463 2972 μόνον
513 2900 843 2972 θαυμαστὸν,
885 2901 998 2961 πῶς
1041 2895 1142 2956 ὦδε
1189 2902 1289 2973 μὲν
1333 2902 1392 2956 τὸ
1435 2903 1601 2975 ὑγρὸν
1641 2904 1879 2973 ἀπεγλυ-

299 2991 494 3062 κάνθη,
537 2993 652 3044 ἐκεῖ
689 2991 744 3044 δὲ
786 2991 1012 3064 λιπαρὸν
1038 2993 1280 3062 γέγονεν,
1312 2993 1427 3046 ἀλλ’
1457 2993 1536 3046 ὅτι
1571 2995 1663 3047 καὶ
1691 2995 1747 3047 ἐν
1769 2996 1880 3058 τοῖς

297 3085 523 3154 γλυκέσι
551 3087 782 3156 καρποῖς
811 3084 1141 3157 ἀμύθητοςή
1171 3085 1494 3158 παραλλαγὴ
1536 3088 1634 3157 τῆς
1665 3086 1880 3158 ποιότη-

298 3195 412 3242 τος.
449 3177 609 3231 Ἀλλο
631 3177 740 3249 γὰρ
768 3178 911 3231 τὸέν
951 3178 1181 3250 ἀμπέλῳ
1202 3179 1394 3248 γλυκὺ,
1425 3179 1515 3232 καὶ
1551 3178 1678 3232 ἄλλο
1721 3179 1781 3232 τὸ
1821 3181 1880 3232 ἐν

305 3271 500 3344 μηλέᾳ,
537 3273 630 3325 καὶ
666 3271 836 3341 σύκῳ,
864 3271 956 3325 καὶ
985 3273 1204 3342 φοίνικι.
1237 3274 1355 3325 Ἔτι
1383 3289 1440 3325 σε
1469 3271 1726 3343 βούλομαι
1749 3273 1878 3344 περὶ

299 3365 403 3436 τὴν
429 3363 668 3428 ἐξέτασιν
692 3361 894 3433 ταύτην
919 3363 1316 3434 φιλοτεχνῆσαι,
1343 3363 1458 3427 πῶς
1489 3364 1546 3417 τὸ
1579 3364 1709 3418 αὐτὸ
1735 3363 1879 3437 ὕδωρ

304 3454 401 3508 νῦν
433 3455 529 3525 μὲν
572 3455 711 3508 λεῖόν
754 3457 869 3508 ἐστι
912 3458 979 3525 τῇ
1022 3455 1286 3526 αἰσθήσει,
1314 3457 1442 3510 ὃταν
1476 3459 1533 3508 ἐν
1558 3455 1732 3510 τοῖσδέ
1772 3473 1880 3509 τισι

303 3553 419 3612 τοῖς
445 3552 630 3619 φυτοῖς
653 3548 943 3618 γενόμενον
986 3548 1369 3619 ἁπογλυκανθῇ
1395 3566 1408 3580 ο
1456 3549 1551 3602 νῦν
1575 3549 1631 3602 δέ
1656 3549 1882 3620 πληκτι-

304 3642 403 3702 κόν
435 3645 550 3696 ἐστι
570 3646 669 3713 τῆς
693 3643 952 3711 γεύσεως,
978 3645 1106 3696 ὅταν
1146 3643 1213 3696 δι’
1252 3643 1425 3705 ἄλλων
1449 3643 1630 3712 φυτῶν
1668 3643 1882 3714 ἐνεχθὲν

303 3733 658 3803 ἀποξύνηται.
691 3735 800 3788 Καὶ
833 3734 998 3786 πάλιν
1049 3735 1129 3796 εἰς
1173 3733 1271 3804 τὴν
1305 3733 1538 3802 ἐσχάτην
1581 3732 1885 3803 πικρότητα

309 3826 642 3897 μεταϐάλλον
677 3825 996 3896 ἐκτραχύνει
1022 3825 1119 3896 τὴν
1149 3824 1420 3894 αἴσθησιν,
1447 3825 1576 3877 ὅταν
1599 3825 1656 3876 ἐν
1680 3824 1887 3895 ἀψίνθῳ

305 3921 340 3990 ἢ
368 3921 700 3992 σκαμμωνία
728 3920 836 3989 (71)
861 3918 1085 3988 γένηται
1107 3933 1120 3946 ο
1151 3919 1240 3971 καὶ
1263 3919 1320 3970 ἐν
1348 3917 1445 3988 μὲν
1487 3919 1606 3980 ταῖς
1637 3916 1888 3986 βαλάνοις

306 4012 342 4083 ἢ
365 4012 443 4082 τῷ
463 4011 660 4084 καρπῷ
677 4013 772 4081 τῆς
799 4010 1056 4082 κρανείας
1082 4009 1215 4080 πρὸς
1234 4009 1330 4080 τὴν
1357 4009 1560 4080 στυζὴν
1583 4011 1674 4062 καὶ
1690 4009 1890 4079 αὐστη-

312 4107 415 4177 ρὰν
442 4107 698 4175 ποιότητα
724 4104 1074 4175 μεταϐάλλειο
1106 4105 1162 4156 ἐν
1186 4102 1243 4155 δέ
1285 4105 1406 4164 ταῖς
1431 4101 1761 4174 τερεϐίνθοις
1795 4100 1891 4153 καὶ

310 4202 432 4262 ταῖς
462 4199 690 4271 καρύαις
727 4199 862 4270 πρὸς
904 4195 1116 4268 ἁπαλὴν
1141 4197 1236 4249 καὶ
1295 4195 1524 4266 ἐλαιώδη
1557 4195 1717 4265 φύσιν
1757 4194 1892 4264 μεθ-

315 4293 550 4346 ίσταται.

383 4381 437 4436 9.
480 4382 589 4435 Καὶ
631 4382 685 4433 τί
722 4380 803 4434 δεῖ
850 4380 916 4434 τὰ
949 4380 1136 4452 πόρρω
1172 4381 1373 4448 λέγειν,
1403 4379 1536 4432 ὅπου
1575 4395 1639 4446 γε
1679 4378 1770 4432 ἐπί
1795 4378 1896 4449 τῆς

311 4473 485 4542 αὐτῆς
506 4473 677 4542 συκῆς
704 4473 838 4541 πρὸς
861 4471 960 4535 τὰς
989 4472 1382 4534 ἐναντιωτάτας
1407 4471 1720 4542 μεταϐαίνει
1746 4471 1895 4523 ποιό-

1976 613 2210 681 quadam
2258 611 2520 681 sapientia
2581 612 3016 680 proﬁciscuntur.
3063 613 3318 680 Quaenam
3367 619 3544 672 oratio

1975 705 2146 775 possit
2176 705 2354 760 omnia
2387 703 2638 772 assequi?
2663 703 2940 770 Quomodo
2968 705 3146 758 omnia
3177 719 3432 761 accurate
3461 724 3538 763 re-

1975 811 2196 852 censere
2226 795 2396 864 possit
2436 811 2587 849 mens
2622 795 2876 858 humana,
2915 798 3049 850 adeo
3080 804 3138 850 ut
3180 799 3542 866 proprietates

1975 897 2285 956 cognoscat,
2331 896 2584 941 secernat
2631 885 2776 940 clare
2810 887 3140 956 singulorum
3187 887 3538 956 differentias,

1974 988 2030 1031 et
2071 978 2310 1031 occultas
2348 992 2538 1031 causas
2579 987 2728 1029 certo
2774 973 3049 1044 pr'oferat?
3092 977 3210 1033 Una
3256 994 3395 1048 aqua
3445 995 3542 1048 per

1976 1071 2213 1124 radicem
2239 1078 2488 1134 attracta,
2518 1070 2676 1123 aliter
2703 1071 2869 1124 nutrit
2900 1071 3066 1139 ipsam
3098 1070 3358 1132 radit-em,
3384 1071 3542 1124 aliter

1975 1167 2151 1221 trunci
2206 1166 2485 1228 corticem,
2534 1166 2690 1219 aliter
2745 1165 2984 1236 lignum,
3041 1165 3196 1219 aliter
3233 1165 3538 1218 medullam.

1974 1259 2172 1312 Eadem
2197 1268 2250 1324 et
2281 1258 2466 1311 folium
2507 1257 2586 1322 lit,
2624 1267 2677 1311 et
2725 1259 2777 1311 in
2821 1259 3055 1327 majores
3098 1273 3158 1312 ac
3207 1258 3260 1311 in
3303 1260 3540 1312 minores

1976 1366 2154 1404 ramos
2185 1351 2529 1410 discinditur.
2558 1349 2670 1422 48
2697 1360 2752 1404 et
2787 1361 3007 1418 pra‘stat
3066 1352 3332 1405 fructibus
3365 1352 3540 1405 incre-

1974 1453 2254 1496 mentum:
2291 1443 2542 1511 lacrymte
2581 1445 2742 1494 etiam
2789 1453 2842 1495 et
2876 1458 3070 1497 succus
3114 1443 3310 1512 planta:
3340 1459 3406 1496 ex
3451 1457 3540 1495 ea-

1975 1533 2092 1584 dem
2122 1545 2281 1584 causa
2314 1530 2636 1597 proveniunt
2665 1548 2680 1583 :
2713 1546 2831 1598 quae
2875 1541 3134 1600 quantum
3168 1531 3309 1585 inter
3340 1546 3398 1585 se
3436 1533 3540 1585 dif-

1974 1623 2166 1686 ferant,
2203 1621 2378 1674 nullns
2404 1635 2587 1674 sermo
2611 1621 2882 1689 explicare
2917 1622 3104 1689 possit.
3137 1623 3252 1675 Alia
3282 1633 3364 1676 est
3395 1623 3537 1676 enim

1974 1713 2181 1768 lentisci
2229 1713 2492 1783 laeryma,
2536 1713 2676 1766 alius
2726 1713 2948 1766 balsami
3003 1728 3200 1767 succus
3244 1717 3536 1782 :qtnedam

1973 1807 2135 1859 etiam
2180 1805 2362 1858 ferulae
2404 1804 2456 1857 in
2485 1802 2718 1872 {Egypto
2761 1811 2816 1857 et
2849 1803 2900 1855 in
2947 1802 3115 1874 Libya
3161 1803 3364 1856 stillant
3397 1804 3540 1856 aliud

1973 1909 2256 1948 succorum
2295 1909 2483 1963 genus.
2530 1893 2733 1947 Ferunt
2772 1908 2984 1962 quoque
3013 1896 3295 1957 electrum,
3321 1909 3537 1947 succum

1972 2000 2095 2040 esse
2146 1984 2469 2053 plantarum,
2514 1985 2567 2037 in
2635 1983 2826 2052 lapidis
2878 1995 3128 2038 naturam
3199 1993 3536 2040 concretum.

1974 2077 2142 2132 Porro
2179 2077 2448 2146 opinionis
2479 2074 2636 2142 hujus
2670 2076 3036 2130 testimonium
3067 2087 3190 2130 sunt
3221 2076 3440 2131 festucae
3482 2079 3536 2129 in

1975 2171 2094 2238 ipso
2132 2179 2469 2236 apparentes,
2504 2181 2566 2221 ac
2598 2167 2834 2221 bestiolae
2866 2168 3215 2233 tenuissimae,
3245 2183 3382 2236 quae,
3415 2182 3542 2237 pro-

1973 2274 2158 2330 pterea
2195 2261 2336 2331 quod
2380 2261 2432 2313 in
2477 2269 2661 2314 tenero
2697 2276 2760 2314 ac
2794 2260 2939 2314 molli
2978 2276 3139 2316 succo
3167 2262 3537 2324 consederint,

1975 2356 2284 2412 detinentur
2322 2353 2560 2407 inclusa.
2604 2353 2668 2406 Et
2699 2355 2750 2406 in
2781 2368 3017 2415 summa.
3051 2353 3142 2422 qui
3180 2369 3284 2406 non
3325 2355 3541 2420 experi-

1939 2457 2158 2516 ,mento
2202 2447 2427 2502 edoctus
2475 2455 2587 2511 est,
2635 2455 2895 2514 quantum
2945 2445 3084 2498 inter
3129 2462 3187 2499 se
3237 2446 3543 2513 discrepent

1981 2555 2270 2608 succornm
2327 2537 2644 2609 qualitates,
2690 2537 2737 2591 is
2784 2537 2849 2590 ad
2887 2551 3072 2590 eorum
3117 2537 3220 2589 vim
3263 2546 3316 2590 et
3358 2535 3541 2590 efﬁca-

1977 2635 2115 2687 ciam
2161 2631 2538 2700 explicandam
2591 2629 2793 2682 nullum
2848 2639 3160 2697 reperturus
3204 2639 3287 2683 est
3331 2644 3543 2683 sermo-

1976 2739 2120 2780 nem.
2165 2722 2445 2789 Quomodo
2483 2721 2678 2774 iterum
2722 2722 2790 2773 ab
2845 2721 3034 2774 eodem
3077 2720 3302 2775 humore
3342 2721 3394 2774 in
3437 2721 3546 2776 vite

1977 2817 2194 2886 quidem
2241 2816 2421 2867 vinum
2471 2812 2805 2881 producitur,
2853 2813 2905 2866 in
2937 2813 3054 2866 olea
3100 2823 3279 2867 autem
3326 2811 3548 2867 oleum?

1975 2910 2153 2976 Atque
2185 2922 2291 2960 non
2327 2905 2378 2958 id
2407 2904 2579 2958 solum
2629 2903 2932 2957 mirandum
2960 2914 3063 2968 est,
3107 2919 3341 2973 quonam
3389 2914 3546 2972 pacto

1980 3001 2176 3055 humor
2203 2999 2288 3052 liic
2317 2996 2508 3061 dulcis,
2548 2995 2656 3050 illic
2704 2996 2915 3066 pinguis
2955 2997 3227 3049 evaserit:
3262 2995 3358 3049 sed
3402 2999 3544 3065 quod

1979 3092 2144 3145 etiam
2185 3091 2237 3144 in
2285 3089 2534 3143 dulcibus
2574 3085 2840 3141 fructibus
2875 3087 3254 3140 inenarrabilis
3293 3097 3376 3140 est
3411 3102 3546 3156 qna-

1907 3203 1948 3260 ο
1980 3183 2148 3238 litatis
2188 3179 2558 3236 commutatio.
2600 3181 2719 3234 Alia
2762 3189 2845 3233 est
2885 3180 3027 3232 enim
3070 3178 3122 3231 itt
3159 3181 3266 3230 vite
3299 3177 3546 3241 dulcedo,

1981 3277 2084 3331 alia
2119 3277 2169 3329 in
2203 3273 2366 3337 malo,
2395 3274 2446 3326 in
2472 3273 2593 3333 lico,
2613 3287 2679 3326 ac
2711 3271 2764 3324 in
2804 3272 2999 3340 palma.
3042 3269 3175 3323 Volo
3213 3269 3450 3337 insuper,
3491 3279 3549 3322 nt

1985 3370 2097 3424 lure
2141 3365 2330 3434 majori
2369 3363 2547 3420 studio
2575 3373 2630 3416 et
2676 3373 2792 3417 arte
2840 3359 3238 3429 perscruteris;
3281 3359 3551 3430 quomodo

1983 3477 2121 3531 aqua
2157 3460 2342 3516 eadem
2379 3473 2520 3512 nunc
2551 3457 2730 3512 sensui
2786 3454 2920 3509 lenis
2962 3453 3056 3516 sit,
3084 3466 3204 3506 cum
3239 3453 3290 3506 in
3327 3452 3551 3531 quibus-

1984 3529 2107 3608 dam
2168 3549 2364 3618 plantis
2434 3561 2776 3603 commorans
2835 3541 3155 3598 dulcescit:
3211 3556 3352 3594 nunc
3415 3529 3552 3594 vero

1985 3653 2190 3714 pungat
2247 3652 2493 3713 gustum,
2545 3654 2668 3695 cum
2721 3651 2817 3707 per
2875 3633 3010 3688 alias
3065 3631 3275 3702 plantas
3335 3629 3553 3683 diducta

1988 3735 2209 3791 acescit.
2257 3735 2335 3789 Ac
2405 3747 2592 3788 rursus
2656 3731 2708 3784 in
2762 3736 3060 3782 extremam
3132 3720 3550 3776 amaritudinem

1992 3843 2178 3891 versa.
2213 3841 2432 3882 sensum
2481 3829 2798 3892 exasperat,
2850 3833 2972 3873 cum
3025 3816 3080 3870 in
3134 3812 3408 3868 absinthio
3461 3821 3551 3864 aut

1989 3931 2334 3974 scammonea
2378 3913 2657 3970 insederit.
2685 3909 2989 3978 Quinetiam
3025 3907 3079 3961 in
3125 3904 3430 3975 glandibus,
3463 3912 3552 3955 aut

1991 4012 2044 4066 in
2073 4011 2222 4064 corni
2265 4009 2465 4074 fructu,
2495 4007 2561 4060 ad
2608 4003 2991 4073 astringentem
3033 4009 3390 4068 asperamque
3421 4008 3554 4063 qua-

1995 4105 2196 4157 litalem
2244 4101 2476 4155 transit:
2510 4097 2564 4150 in
2619 4078 2938 4149 terebintliis
2965 4105 3094 4145 vero
3131 4098 3187 4143 et
3219 4088 3467 4149 nucibus,
3501 4086 3556 4139 in

1995 4207 2233 4250 teneram
2264 4202 2318 4246 et
2344 4193 2579 4246 oleosam
2612 4198 2860 4241 naturam
2903 4189 3310 4236 transmutatur.

2064 4379 2118 4433 9.
2159 4377 2223 4433 Et
2253 4375 2382 4446 quid
2413 4389 2550 4444 opus
2573 4381 2651 4425 est
2685 4367 2872 4440 procul
2900 4364 3086 4419 dissita
3135 4359 3404 4432 proferre,
3435 4370 3561 4412 cum

1997 4473 2049 4526 itt
2109 4470 2298 4524 eadem
2359 4469 2460 4520 licu
2523 4465 2576 4516 in
2629 4460 2917 4531 qualitates
2972 4455 3206 4510 maxime
3262 4449 3564 4505 contrarias

311 4582 518 4636 τητας;
552 4565 883 4636 Πικρότατον
915 4565 1013 4634 μὲν
1035 4565 1142 4634 γάρ
1163 4565 1310 4616 ἐστιν
1338 4565 1394 4616 ἐν
1418 4561 1494 4632 τῷ
1526 4562 1663 4631 ὀπῷ,
1694 4561 1881 4630 γλυκύ-

1997 4561 2353 4626 connnigret?
2381 4559 2477 4612 Est
2522 4559 2663 4610 enim
2701 4554 2752 4606 in
2801 4565 2963 4605 succo
3005 4545 3393 4601 amarissima:
3427 4556 3560 4595 con-

312 4675 473 4711 τατον
494 4657 548 4710 δέ
572 4660 628 4710 ἐν
655 4656 803 4727 αὐτῷ
827 4655 936 4725 (Ἰ2)
964 4655 1040 4726 τῷ
1067 4653 1284 4726 καρπῷ.
1327 4654 1434 4707 Καὶ
1463 4652 1554 4705 ἐπὶ
1587 4652 1684 4722 τῆς
1709 4652 1890 4721 ἀμπέ-

315 4748 408 4802 λου
431 4748 868 4802 στυπτικώτατον
910 4747 1012 4818 μὲν
1035 4749 1129 4800 ἐπὶ
1167 4746 1276 4800 τῶν
1300 4744 1639 4816 ἀκρεμόνων,
1675 4743 1891 4813 ἣδιστον

316 4840 375 4894 δὲ
408 4843 464 4893 ἐν
491 4844 602 4905 τοῖς
633 4841 903 4913 βότρυσιν.
930 4841 993 4894 Ai
1037 4841 1094 4894 δὲ
1130 4839 1272 4894 κατὰ
1311 4839 1410 4902 τὰς
1446 4838 1610 4908 χρόας
1642 4836 1895 4907 διαφοραὶ

319 4933 516 4990 πόσαιί
551 4932 709 4994 Ἰδοις
737 4932 802 4985 ἂν
835 4934 891 4984 ἐν
931 4931 1155 5001 λειμῶνι
1191 4931 1249 4984 τὸ
1291 4930 1417 4983 αὐτὸ
1458 4929 1602 5000 ὕδωρ
1640 4927 1895 5000 ἐρυθραι-

319 5025 544 5094 νόμενον
572 5024 669 5093 μὲν
701 5025 758 5076 ἐν
799 5023 934 5094 τῷδε
973 5022 1050 5093 τῷ
1083 5021 1251 5085 ἄνθει,
1284 5022 1378 5074 καὶ
1409 5021 1466 5074 ἐν
1499 5019 1641 5086 ἄλλῳ
1689 5036 1896 5088 πορφυ-

324 5113 450 5188 ροῦν
482 5113 614 5182 (75),
648 5113 740 5166 καὶ
767 5113 964 5166 κυανὸν
994 5113 1050 5164 ἐν
1079 5111 1231 5182 τῷδε,
1266 5111 1359 5164 καὶ
1393 5113 1448 5163 ἐν
1476 5110 1645 5178 ἐτέρῳ
1670 5109 1858 5161 λευκόν
1879 5123 1894 5138 '

323 5204 419 5256 κα¹ι
452 5203 669 5256 πλείονα
705 5203 864 5256 πάλιν
897 5206 993 5273 τῆς
1026 5204 1085 5256 ἐν
1124 5205 1243 5264 ταῖς
1280 5202 1467 5272 χρόαις
1501 5200 1768 5263 ποικιλίας
1796 5200 1893 5271 τὴν

325 5295 466 5348 κατά
500 5295 594 5358 τὰς
630 5295 798 5366 ὀδμὰς
844 5295 1102 5366 διαφορὰν
1142 5292 1529 5364 παρεχόμενον.
1588 5291 1746 5343 Ἀλλὰ
1787 5291 1897 5362 γὰρ

399 5475 511 5548 (70)
551 5475 682 5545 Reg.
717 5475 907 5548 tertius
940 5475 1005 5526 ἐκ
1043 5473 1143 5544 τῆς
1170 5470 1427 5544 τοιαύτης
1459 5469 1662 5536 αἰτίας.
1690 5469 1892 5525 Ibidem

325 5544 458 5614 Reg.
489 5544 708 5616 quintus
740 5544 1119 5617 προσέρχεται.

401 5613 518 5688 (71)
551 5617 702 5671 Colb.
749 5613 1014 5688 secundus
1046 5615 1078 5684 ἢ
1110 5613 1507 5688 -ἀσκομμωνία-
1557 5627 1716 5679 quam
1757 5627 1895 5688 quo-

327 5683 433 5758 que
468 5683 1000 5758 lectionem4exllibet
1030 5683 1409 5758 quidem‘lteg.
1441 5683 1656 5758 sextus,
1677 5683 1767 5736 sed
1807 5696 1894 5758 se—

329 5752 519 5812 cundis
543 5758 708 5814 curis.
743 5755 903 5820 Editi,
935 5755 1096 5809 Coisl.
1127 5761 1372 5822 uterque,
1413 5764 1468 5808 et
1506 5752 1658 5822 Regii
1703 5752 1892 5806 tertius

329 5837 386 5882 et
438 5829 660 5898 quintus
714 5825 1064 5896 σκαμμωνία.
1107 5824 1453 5898 scammonia
1523 5833 1744 5898 autem,
1796 5836 1890 5874 seu

338 5893 700 5967 scannuonea,
736 5893 900 5953 herba
934 5893 1032 5953 est
1059 5895 1338 5964 regionum
1375 5893 1889 5962 transmarinarum,

1999 4671 2102 4718 tra,
2127 4653 2432 4708 dulcissima
2460 4659 2544 4704 cst
2574 4649 2627 4700 in
2661 4647 2777 4714 ipso
2811 4642 3010 4696 l'ructu.
3038 4638 3104 4694 Et
3131 4639 3182 4692 in
3212 4638 3344 4700 vite,
3371 4635 3568 4688 astrin-

1997 4749 2306 4822 gentissima
2356 4753 2440 4800 est
2486 4744 2538 4797 in
2581 4739 2776 4802 ramis,
2820 4737 2874 4789 in
2910 4733 3030 4787 uvis
3061 4725 3562 4822 verosuavissima.

1999 4815 2139 4908 Quot
2165 4847 2343 4892 autem
2373 4827 2689 4889 diﬂ’erentiae
2720 4835 2844 4882 sunt
2874 4822 3152 4879 colorum!
3187 4818 3385 4874 Videas
3418 4815 3564 4870 enim

2001 4907 2053 4988 in
2085 4941 2239 5002 prato
2277 4927 2523 4982 eamdem
2552 4935 2743 4992 aquam
2773 4919 2824 4972 in
2853 4917 2954 4971 hoc
2997 4913 3211 4983 quidem
3247 4909 3376 5002 ﬂore
3406 4907 3570 5002 rube-

2001 4995 2262 5080 sce'ntetn,
2309 5015 2362 5068 in
2407 5012 2513 5066 alio
2555 5020 2904 5080 purpuream,
2934 5004 2990 5057 in
3034 5004 3134 5055 hoc
3165 4998 3476 5060 caeruleam,
3511 4995 3566 5049 in

2001 5110 2108 5163 alio
2155 5107 2331 5160 albam
2373 5117 2388 5158 :
2425 5113 2585 5170 atque
2635 5101 2829 5152 itcrmn
2888 5091 3247 5147 differentiam
3307 5086 3564 5156 majorem

2000 5200 2220 5254 exhibet
2255 5197 2306 5250 in
2359 5195 2648 5256 odoribus,
2698 5205 2857 5260 quam
2902 5189 3016 5257 ipsa
3059 5195 3141 5239 est
3185 5181 3422 5236 colorum
3469 5192 3565 5229 va-

2005 5292 2188 5347 rietas.
2220 5286 2324 5343 Sed
2355 5287 2496 5340 enim
2543 5283 2843 5339 orationem
2890 5295 3063 5334 meam
3099 5289 3264 5331 cerno
3305 5273 3374 5327 ob
3418 5271 3569 5324 inex-

1992 5483 2114 5536 quae
2155 5463 2456 5537 praesertim
2493 5462 2546 5515 in
2575 5460 2701 5538 Asia
2736 5469 2792 5515 et
2823 5458 2876 5538 in
2909 5469 3042 5538 θεῖς)
3079 5446 3424 5538 ,ϐοιοριιιριιίο
3450 5458 3574 5538 οξεῖ

1991 5513 2129 5602 gilii”,
2156 5513 2556 5604 succus
2577 5513 2762 5585 “ualet—
2790 5529 2854 5580 ad
2899 5513 3236 5604 ni‘édtcinasf
3267 5519 3430 5571 Plura
3478 5513 3572 5584 qui

1991 5597 2193 5676 cupiet,
2224 5597 2491 5676 Racilium
2531 5603 2711 5676 legere
2749 5597 2963 5676 poterit.

2216 5654 2702 5748 I‘t‘awed'itiouBgfsil.
2723 5654 3328 5748 citm_codice_Combel.
3358 5666 3415 5710 et
3443 5670 3569 5709 cum

1991 5731 2111 5804 aliis
2144 5731 2236 5802 sex
2270 5761 2399 5800 mss.
2431 5743 2608 5797 Editio
2643 5740 2815 5794 Paris.
2845 5739 2902 5808 ἐν
2931 5734 3095 5788 αὑτοῦ
3128 5731 3222 5804 τῷ.
3483 5795 3509 5808 _

2063 5818 2175 5887 (73)
2214 5816 2394 5887 Codex
2426 5811 2670 5887 Celtiber.
2697 5825 2817 5865 cum
2849 5807 2983 5887 Reg.
3009 5817 3204 5862 octavo
3230 5807 3566 5876 πορφυροῦν.

1991 5876 2131 5946 Ειιίιί
2157 5876 2284 5970 cum
2320 5886 2453 5957 Reg.
2479 5884 2666 5954 quinto
2702 5876 2992 5951 πορφυρόν.
