4082 6398
535 333 645 386 1βὸ

1866 345 1939 416 β.
1981 345 2228 403 nasum
2266 348 2497 404 MAGNI'

3694 364 3807 421 H6

534 449 743 523 plebile-
784 450 883 506 ista
924 453 1250 523 speculandi
1277 456 1603 516 desiderium
1627 464 1831 531 ,c'ultra
1889 475 2108 533 modum

2214 480 2322 552 ὑρῶ
2351 499 2441 552 μοι
2472 481 2564 534 τὸν
2599 481 2712 552 (74)
2739 479 2894 552 λόγον
2923 487 2988 555 τῇ
3021 485 3295 559 ἀπληστέᾳ
3327 489 3424 560 τῆς
3456 488 3682 558 θεωρίας
3715 497 3807 558 εἰς
3843 542 3846 548 ,

536 557 898 598 excresccre:
934 559 1093 614 quam
1143 547 1245 600 nisi
1295 550 1620 618 astrinxero,
1673 571 2107 635 revocat-eroque

535 636 603 686 ad
652 636 946 691 ereationis
1006 636 1217 708 legem,
1268 640 1387 696 dies
1447 657 1534 696 me
1582 646 1795 707 deficiet
1859 670 2109 725 magnam

535 729 692 782 vobis
729 729 1048 798 sapientiam
1097 747 1164 786 ex
1218 733 1456 789 minimis
1511 739 1672 796 rebus
1738 747 2108 809 exhibentem.

539 818 808 875 Carmine!
840 831 981 876 terra
1015 823 1213 892 lignum
1246 825 1602 895 fructi/erum,
1643 833 1841 902 faciens
1879 841 2109 910 fructum

539 928 696 980 super
745 925 958 969 terram.
1012 915 1074 969 Et
1129 917 1308 972 subito
1356 922 1620 978 montium
1683 934 1962 987 cacumina
2013 951 2109 991 co-

541 1004 743 1058 mantia
793 1007 1210 1074 comparebant,
1257 1017 1311 1064 et
1361 1012 1588 1068 solerter
1641 1021 2112 1082 couciunabantur

540 1096 715 1159 horti,
769 1107 824 1152 et
874 1097 1158 1154 ﬂuviorum
1215 1101 1341 1171 ripa:
1397 1105 1626 1164 inii-uitis
1700 1113 2112 1170 atlornabamur

539 1189 842 1260 plantarum
877 1192 1180 1260 generibus.
1208 1195 1384 1264 Atque
1436 1199 1516 1252 has
1556 1202 1773 1268 quidem
1833 1207 1900 1259 ad
1953 1222 2114 1262 exor-

539 1281 771 1335 nandam
803 1282 1081 1336 hominum
1116 1300 1356 1339 mensam
1388 1291 1819 1350 ordinabuntur:
1852 1296 1954 1351 illm
1983 1314 2111 1353 vero

537 1389 606 1426 ex
657 1373 938 1428 frondibus
999 1375 1375 1446 fructibusque
1439 1381 1763 1448 alimentum
1826 1391 2111 1456 pecoribus

539 1465 892 1535 prazstahant.
929 1465 1062 1520 Alite
1104 1470 1392 1524 conferunt
1431 1472 1587 1528 nobis
1621 1476 1902 1532 medici-nte
1937 1481 2115 1534 subsi—

539 1555 652 1620 dia,
680 1571 893 1620 succos,
930 1556 1191 1625 liquores,
1231 1558 1498 1627 festucas,
1537 1566 1796 1634 cortices,
1828 1568 2063 1625 fructum
2095 1591 2109 1627 :

537 1656 592 1702 et
623 1662 730 1702 uno
760 1649 946 1713 verbo,
971 1665 1316 1720 quzcruuque
1343 1655 1497 1709 nobis
1532 1656 1739 1712 inv—cuit
1774 1662 1979 1715 diutina
2017 1678 2114 1717 ett-

538 1740 840 1810 perientia,
889 1742 1017 1795 dmn
1064 1740 1175 1814 49
1218 1760 1284 1798 ex
1337 1747 1560 1816 singulis
1609 1752 1823 1807 casibus
1865 1753 1917 1807 id
1967 1755 2112 1824 quod

539 1830 672 1885 utile
698 1840 780 1884 est
821 1831 1057 1899 colligit;
1097 1835 1209 1887 haec
1247 1835 1428 1889 omnia
1477 1840 1767 1906 perspicax
1799 1841 2111 1897 Conditoris

2214 1830 2446 1936 ταῦταιή
2469 1830 2621 1930 disi:
2649 1865 2742 1919 τοῦ
2775 1866 3059 1930 κτίσαντος
3090 1865 3198 1936 (76)

540 1919 910 1989 providentia,
957 1920 1025 1973 ab
1075 1923 1230 1976 initio
1266 1937 1355 1978 res
1414 1920 1782 1997 prespiciens,
1829 1933 1998 1987 edidit
2045 1950 2107 1988 ac

542 2010 814 2079 produxit.
841 2011 918 2065 Tu
949 2028 1079 2066 vero
1104 2028 1224 2068 cum
1258 2016 1458 2072 videris
1487 2019 1784 2090 hortensia,
1815 2025 2111 2092 silvestria,

540 2105 810 2173 aquatica,
848 2107 1152 2173 terrestria,
1195 2107 1434 2164 ﬂorifera
1472 2123 1566 2166 aut
1605 2129 1710 2168 non
1747 2113 2019 2180 florentia,
2058 2117 2111 2170 in

540 2212 708 2266 parro
744 2213 992 2266 magnum
1034 2215 1355 2270 agnoscens,
1401 2219 1618 2276 semper
1651 2216 1797 2261 luant
1849 2210 2019 2279 magis
2049 2225 2114 2264 ac

541 2291 708 2360 magis
765 2291 1014 2347 intendas
1061 2294 1520 2365 admirationem,
1570 2314 1635 2354 ac
1691 2300 1849 2354 velim
1917 2318 2114 2372 augeas

540 2396 780 2435 antorem
831 2383 882 2434 in
932 2383 1242 2438 Creatorem
1298 2395 1468 2440 tuum.
1536 2388 1811 2458 Expende,
1846 2393 2114 2460 quomodo

539 2473 672 2527 alias
720 2474 940 2528 arbores
975 2486 1234 2544 perpetuo
1279 2477 1537 2542 virentes,
1585 2481 1719 2533 alias
1753 2497 1886 2534 vero
1938 2482 2108 2536 nuda-

543 2564 671 2620 tioni
716 2565 978 2621 obnoxias
1031 2569 1342 2623 condiderit
1386 2588 1399 2622 :
1438 2581 1493 2625 et
1525 2572 1794 2640 quomodo
1837 2574 1977 2627 inter
2019 2589 2115 2628 eas

539 2671 660 2727 qua:
691 2671 906 2726 semper
941 2659 1236 2724 virescunt,
1280 2659 1399 2714 alia:
1439 2662 1687 2716 amittant
1723 2663 1959 2728 frondes,
1996 2665 2114 2720 aliae

541 2763 757 2818 semper
813 2749 959 2817 ipsas
1017 2763 1252 2804 servem.
1313 2752 1610 2808 Enimvero
1676 2754 1792 2808 olea
1844 2765 1900 2808 ct
1957 2757 2113 2824 pinus

542 2848 816 2894 exuuntur
851 2841 1024 2905 foliis;
1061 2842 1275 2894 tametsi
1308 2843 1511 2896 sensim
1551 2845 1866 2912 occulteque
1897 2846 2115 2899 frondes
2143 2865 2186 2922 ο

548 2932 804 2951 ,I.-__.A_.
861 2931 986 2951 -J-.-
1028 2941 1076 2951 --.
1430 2948 1475 2951 _-
1511 2949 1562 2951 ,-_
1624 2935 1662 2951 ι.
1770 2936 1778 2951 ι
1855 2936 1864 2946 ο
1940 2935 1986 2951 οι
2270 2925 2282 2934 '
2355 2923 2366 2951 Α

543 2932 832 2995 alternam,
860 2931 993 2984 adeo
1027 2941 1085 2984 ut
1114 2948 1388 2999 nunquam
1421 2948 1572 2986 coma
1605 2935 1867 2988 denudari
1903 2935 2115 2988 videan-

548 3032 658 3077 tur.
696 3022 878 3076 Palma
923 3033 1100 3076 autem
1155 3034 1410 3093 perpetuo
1463 3025 1590 3078 folia
1655 3026 1874 3089 retinet,
1923 3035 2108 3092 utpote

544 3129 665 3182 qua:
713 3129 832 3166 cum
894 3113 1096 3167 eisdem
1146 3115 1288 3170 foliis
1327 3131 1356 3169 a
1393 3117 1565 3185 prima
1604 3118 1994 3185 germinatione
2036 3119 2104 3173 ad

546 3208 703 3260 linem
740 3223 906 3276 usque
959 3218 1291 3276 permaneat.
1343 3208 1542 3264 Deinde
1589 3222 1643 3263 et
1695 3210 1822 3264 illud
1869 3211 2116 3272 animad-

545 3308 714 3362 verte,
751 3300 1018 3365 quomodo
1065 3300 1265 3369 myrica
1314 3311 1396 3354 est
1442 3300 1604 3355 veluti
1658 3316 1902 3370 auceps:
1945 3317 2116 3354 annu-

543 3401 784 3444 meratur
817 3390 1067 3444 nimirum
1109 3400 1163 3445 et
1204 3391 1343 3446 inter
1384 3394 1653 3462 aquatica,
1682 3405 1737 3448 et
1775 3395 1828 3448 in
1865 3393 2113 3448 solitudi-

2211 573 2481 643 ἀμετρίαν
2516 573 2869 635 ἐκπίπτοντα,
2893 575 2950 627 ὃν
2977 573 3072 628 ὲάν
3100 577 3173 648 μὴ
3195 577 3363 649 δήσας
3384 580 3517 652 πρὸς
3549 583 3808 655 ἀνάγκην

2211 665 2486 734 ἀπαγάγω
2515 666 2616 736 τῆς
2645 666 2896 733 κτίσεως,
2925 669 3190 739 ἐπιλείψει
3215 689 3281 743 με
3311 675 3342 744 ἡ
3368 673 3552 745 ἡμέρα
3571 675 3666 746 τὴν
3698 694 3810 746 μεθ

2211 758 2384 829 γάλην
2408 759 2599 828 σοφίαν
2625 759 2736 828 (75)
2762 761 2826 812 ἐκ
2849 759 2958 814 τῶν
2981 763 3321 833 μικροτάτων
3345 766 3472 834 ὑμῖι
3494 766 3812 837 παριστῶν-

2213 866 2300 904 τα.
2338 849 2749 917 Βλαστησάτω
2795 852 2833 919 ἡ
2870 850 2960 920 γῆ
2995 851 3186 916 ξύλον
3229 853 3546 924 κάρπιμον,
3580 857 3834 910 ποιοῦν-

2213 942 2446 1011 καρπὸν
2477 943 2576 997 ἐπὶ
2621 943 2731 1012 τῆς
2761 943 2894 1013 γῆς.
2929 946 3040 998 Καὶ
3091 944 3253 1010 εὐθὺς
3303 948 3356 999 αί
3405 950 3639 1019 κορυφαὶ
3682 949 3836 1002 τῶνπ

2213 1036 2383 1110 ὀρέων
2417 1037 2630 1108 ἐκόμων
2653 1055 2674 1067 ··
2701 1037 2806 1091 καῖ
2845 1036 3280 1108 ἐφιλοτεχνοῦντο
3324 1041 3665 1112 παράδεισοι.
3699 1045 3828 1097 καὶ·

2214 1132 2474 1201 ποταμῶν
2529 1131 2686 1200 δχθαι
2745 1131 2957 1201 μυρίοις
3009 1131 3188 1198 γένεσι
3242 1133 3422 1200 φυτῶν
3479 1132 3801 1204 ὡραΐζοντο.

2214 1221 2325 1272 K‘a‘t
2356 1221 2424 1272 τὰ
2460 1221 2556 1290 μὲν
2586 1221 2684 1291 τὴν
2719 1220 3062 1291 ἀνθρωπίνην
3094 1220 3424 1290 ηὐτρέπιστο
3447 1224 3810 1294 κατακοσμῆο

2218 1330 2305 1368 σαι
2327 1314 2603 1385 τράπεζαν
2619 1330 2633 1345 ο
2657 1314 2724 1367 τὰ
2743 1315 2798 1367 δέ
2822 1313 3130 1384 βοσκήμασι
3159 1314 3361 1386 τροφὴν
3386 1315 3806 1385 παρεσκεύαζεν
3824 1348 3838 1354 -

2215 1407 2279 1458 ἐκ
2311 1406 2418 1459 τῶν
2454 1405 2687 1474 φύλλων,
2737 1407 2802 1458 ἐκ
2833 1404 2940 1458 τῶν
2975 1405 3221 1476 καρπῶν.
3262 1407 3430 1460 Ἀλλα
3468 1407 3568 1472 τὰς
3603 1410 3666 1462 ἐκ
3694 1409 3807 1479 τῆς

2220 1499 2463 1570 ἰατρικῆς
2488 1497 2750 1568 ὡφελείας
2777 1499 2907 1568 ἡμῖν
2933 1495 3210 1568 προεξένει
3229 1514 3240 1527 ·
3270 1499 3395 1561 τοὺς
3421 1499 3636 1569 χυλοὺς,
3671 1502 3806 1564 τοὺς

2216 1591 2401 1654 ὀποίις,
2459 1589 2528 1642 τὰ
2570 1590 2777 1660 κάρφη,
2830 1590 2956 1652 τοὺς
2999 1589 3236 1658 φλοιοὺς,
3293 1590 3386 1643 τὸν
3419 1593 3666 1663 καρπόν·
3699 1594 3832 1646 καὶ·

2217 1681 2550 1747 ἁπαξαπλῶς
2582 1683 2680 1735 ὃσα
2712 1683 2899 1752 ἡμῖνὴ
2931 1682 3119 1754 χρονία
3153 1686 3315 1752 πεῖρα
3341 1681 3580 1753 ἐξεῦρεν,
3600 1687 3663 1741 ἐκ
3688 1684 3805 1738 τῶν

2217 1775 2356 1828 κατὰ
2392 1775 2556 1845 μέρος
2589 1772 2978 1844 περιπτώσεων
3010 1773 3376 1845 συλλεγομένη
3415 1775 3476 1827 τὸ
3503 1778 3834 1847 χρήσιμον,.

3247 1867 3492 1938 πρόνοια,
3529 1866 3588 1934 ἐξ
3619 1868 3803 1938 ἀρχῆς

2218 1958 2656 2029 προϐλεψαμένη,
2692 1960 2771 2023 είς
2818 1961 3028 2029 γένεσιν
3061 1961 3252 2032 ἤγαγε.
3290 1962 3361 2014 Σὺ
3401 1961 3457 2014 δέ
3507 1963 3636 2015 ὅταν
3679 1964 3804 2036 ἴδῃς

2214 2049 2282 2102 τά
2314 2051 2518 2120 ἥμερα,
2573 2049 2640 2102 τὰ
2673 2050 2859 2121 ἄγρια,
2899 2051 2966 2104 τὰ
3000 2050 3269 2125 ’φίλυδρα,
3315 2050 3386 2104 τὰ
3435 2056 3686 2124 χερσαῖα,
3727 2052 3832 2105 τὰ-

2216 2141 2648 2213 ἀνθοφοροῦντα,
2753 2141 2821 2195 τὰ
2873 2141 3072 2212 ἀνανθῆ
3097 2183 3112 2206 ,
3153 2144 3209 2195 ἐν
3266 2142 3447 2214 μικρῷ
3487 2142 3578 2196 τὸν
3625 2144 3802 2215 μέγαν

2216 2233 2616 2302 ἐπιγινώσκων,
2666 2233 2901 2305 πρόσθες
2938 2234 3024 2287 ἀεὶ
3051 2233 3129 2304 τῷ
3159 2234 3418 2306 θαύματι,
3443 2235 3536 2289 καὶ
3561 2236 3800 2308 αὓξησόν
3819 2268 3832 2278 ‹

2219 2345 2307 2397 μοι
2338 2327 2438 2398 τὴν
2477 2326 2696 2396 ἀγάπην
2723 2325 2814 2378 τοῦ
2843 2327 3142 2390 κτίσαντος.
3164 2327 3433 2393 Ἐξέταζε,
3461 2329 3576 2392 πῶς
3599 2328 3669 2381 τά
3698 2330 3801 2400 μὲν
3819 2367 3831 2372 -

2215 2417 2440 2487 ἀειθαλῆ
2473 2417 2716 2486 ἐποίησε,
2744 2416 2811 2468 τὰ
2841 2415 2896 2468 δὲ
2924 2417 3273 2487 γυμνούμενα
3297 2435 3311 2448 ο
3347 2419 3439 2472 καὶ
3473 2418 3580 2471 τῶν
3610 2419 3798 2473 ἀειθα-

2214 2508 2320 2562 λῶν
2347 2508 2415 2561 τὰ
2450 2508 2548 2579 μὲν
2578 2507 2893 2577 φυλλοὸόλα,
2931 2506 3002 2561 τὰ
3050 2507 3106 2561 δὲ
3148 2507 3432 2577 ἀεί’φυλλα.
3479 2509 3799 2563 Φυλλοϐολεῖ

2215 2605 2324 2677 γὰρ
2361 2605 2454 2659 καὶ
2485 2603 2642 2658 ἐλαία
2671 2603 2972 2666 καὶπίτυς,
3004 2604 3051 2656 εί
3078 2603 3170 2656 καὶ
3202 2603 3500 2671 λεληθότως
3524 2603 3798 2657 ὑπαλλάτ-

2218 2715 2298 2751 σει
2330 2697 2399 2751 τά
2438 2696 2630 2766 φύλλα,
2663 2694 2802 2748 ὥστε
2837 2694 3103 2766 μηδέποτε
3133 2694 3307 2748 δοκεῖν
3331 2695 3428 2766 τῆς
3459 2695 3632 2766 κόμης
3656 2697 3796 2748 dim.-

2216 2789 2570 2861 γυμνοῦσθαι.
2621 2786 2929 2857 Ἀείφυλλον
2956 2786 3011 2839 δέ
3041 2788 3068 2839 ὁ
3103 2786 3296 2855 φοίνιξ,
3325 2786 3402 2858 τῷ
3435 2787 3582 2857 αὐτῷ
3615 2787 3797 2859 φύλλῳ

2416 2881 2640 2952 πρώτης
2673 2878 3018 2949 βλαστήσεως
3048 2879 3132 2941 εἰς
3149 2878 3300 2941 τέλος
3327 2878 3790 2949 συμπαραμένων,

2221 2977 2452 3028 Ἔπειτα
2493 2973 2602 3045 (77)
2638 2973 2858 3025 κάκεῖνο
2893 2971 3104 3034 σκόπει,
3149 2971 3264 3035 πῶς
3303 2974 3334 3042 ἡ
3375 2972 3574 3042 μυρίκη
3603 2971 3793 3043 ὥσπερ

2216 3066 2473 3138 ἀμφίδιόν
2507 3068 2642 3127 ἐστι,
2681 3067 2776 3117 καὶ
2809 3065 2920 3126 τοῖς
2961 3062 3236 3134 φιλύδροις
3268 3062 3792 3135 συναριθμούμενον,

2219 3159 2311 3213 καὶ
2351 3157 2493 3211 κατὰ
2533 3156 2630 3219 τὰς
2663 3157 2904 3228 ἐρήμους
2941 3154 3361 3226 πληθυνόμενον.
3393 3156 3482 3208 Διὸ
3515 3157 3607 3208 καὶ
3635 3158 3662 3209 ό
3701 3157 3796 3209 Ἰε-

2224 3250 2416 3323 ρεμίας
2465 3247 2687 3310 δικαίως
2732 3247 2800 3301 τὰ
2838 3248 3179 3319 πονηρότερα
3208 3248 3318 3318 (78)
3351 3247 3442 3301 καὶ
3483 3249 3796 3319 ἐπαμφοτε-

2226 3344 2443 3416 ρίζοντα
2472 3340 2578 3395 τῶν
2606 3339 2753 3411 ἡϐῶν
2782 3339 2860 3412 τῷ
2890 3339 3116 3410 τοιούτῳ
3147 3339 3296 3411 φυτῷ
3329 3340 3668 3410 παρεικάζει.

540 3482 701 3538 nibus
733 3483 986 3536 abundat.
1015 3485 1351 3555 Quapropter
1380 3487 1543 3540 etiam
1575 3486 1837 3542 Jeremias
1879 3489 2090 3558 pejores
2117 3497 2173 3542 et
2209 3482 2490 3550 ambiguos
2521 3493 2698 3533 mores
2729 3478 2856 3531 huic
2887 3477 3079 3546 planta:
3101 3476 3290 3529 merito
3319 3485 3595 3544 comparat
3617 3475 3682 3528 ".

613 3575 700 3631 10.
743 3572 1003 3630 Ger-minet
1060 3589 1220 3631 terra.
1275 3577 1388 3634 Hoc
1459 3581 1718 3649 perbreve
1780 3592 2112 3652 prmccplum

541 3671 729 3725 statim
770 3685 966 3739 magna
995 3681 1182 3724 natura
1216 3681 1271 3726 et
1300 3673 1623 3729 artifi-ciosus
1655 3691 1834 3728 sermo
1861 3686 1998 3738 erat,
2030 3675 2114 3728 in-

543 3777 796 3817 numeras
843 3762 1093 3830 stirpium
1143 3764 1500 3834 proprietates
1553 3767 1879 3837 cogitatione
1930 3777 2113 3820 nostra

542 3857 701 3909 citius
727 3853 1030 3924 proferens.
1061 3855 1392 3926 Praeceptum
1426 3857 1577 3923 illml,
1608 3860 1749 3929 quod
1780 3861 1940 3913 etiam
1973 3875 2115 3914 nunc

543 3956 702 3999 terra:
749 3945 924 4011 inest,
973 3960 1090 4000 eam
1139 3947 1432 4014 quotannis
1476 3957 1655 4016 urget,
1695 3957 1754 4002 ut
1793 3947 2109 4002 facultatem

543 4051 697 4092 suam
731 4050 967 4099 omnem,
996 4052 1100 4106 qua
1131 4039 1198 4091 ad
1241 4038 1460 4102 herbas,
1505 4040 1737 4106 semina,
1775 4039 2110 4106 arboresque

541 4127 876 4196 generaudas
928 4127 1149 4195 ρι’ωάἰιιι
1197 4135 1311 4190 est,
1361 4137 1600 4184 exserat.
1646 4128 2106 4196 Quemadmodum

2279 3577 2364 3628 10.
2411 3571 2824 3640 Βλαστησάτω
2859 3574 2897 3640 ἡ
2942 3571 3042 3641 γῆ.
3084 3571 3157 3624 Τὸ
3206 3570 3400 3642 μικρὸν
3443 3571 3598 3624 τοῦτο
3628 3569 3792 3641 πρόσι

2205 3685 2394 3738 ταγμα
2439 3665 2601 3729 εὐθὺς
2644 3664 2806 3734 φύσις
2850 3664 3061 3734 μεγάλη
3109 3663 3204 3716 καὶ
3236 3663 3392 3731 λόγος
3431 3662 3674 3732 ἔντεχνος
3699 3657 3790 3733 ἦν,

2209 3761 2401 3813 θᾶττον
2452 3757 2547 3811 τοῦ
2611 3756 2880 3828 ἡμετέρου
2937 3757 3210 3826 νοήματος
3263 3756 3364 3820 τὰς
3416 3755 3615 3826 μυρίας
3679 3753 3788 3807 τῶν

2212 3852 2494 3922 φυομένων
2551 3849 2820 3920 ἰδιότητας
2866 3848 3126 3904 ἐκτελῶν.
3188 3849 3394 3901 Ἐκεῖνο
3445 3847 3523 3901 ἔτι
3573 3847 3666 3901 καὶ
3697 3849 3787 3901 νῦν

2214 3943 2517 4014 ἐνυπάρχον
2548 3942 2658 4012 (Ί9)
2686 3943 2751 4011 τῇ
2781 3943 2852 4011 γῇ
2885 3939 2946 3992 τὸ
2985 3941 3338 4011 πρόσταγμα,
3381 3941 3590 4008 ἐπείγει
3620 3941 3786 4011 αὐτὴν

2211 4037 2334 4090 καθ’
2382 4035 2620 4104 ἐκάστην
2675 4033 2828 4096 ἔτους
2864 4033 3110 4105 περίοδον
3162 4033 3377 4102 ἐξάγειν
3423 4032 3522 4104 τὴν
3565 4032 3786 4104 δύναμιν

2212 4126 2409 4196 ἑαυτῆς
2439 4125 2568 4195 ὅσην
2599 4123 2710 4193 ἔχει
2760 4123 2895 4194 πρὸς
2941 4141 3001 4176 τε
3045 4122 3282 4193 βοτανῶν
3329 4123 3424 4176 καὶ
3463 4122 3785 4193 σπερμάτων

541 4220 688 4276 enim
724 4219 967 4274 turbines
996 4233 1060 4273 ex
1097 4219 1272 4288 primo
1298 4219 1405 4272 ictu
1451 4220 1583 4290 ipsis
1615 4220 1856 4285 incusso,
1895 4235 1986 4275 eos
2018 4218 2108 4289 qui

2214 4217 2310 4272 καὶ
2356 4215 2585 4287 δένδρων
2619 4216 2854 4284 γένεσιν.
2897 4215 2986 4278 Ὠς
3033 4213 3143 4285 γὰρ
3181 4215 3232 4266 οἰ
3281 4214 3550 4284 στρόϐιλοι
3585 4217 3648 4267 ἐκ
3689 4214 3786 4284 τῆς

540 4311 796 4381 deinceps
833 4321 1326 4382 sequuntur-gyros
1382 4311 1706 4377 coniiciunt,
1753 4327 1876 4368 cmn
1923 4313 1976 4367 in
2028 4326 2112 4365 se-

543 4404 698 4474 ipsis,
743 4403 848 4458 lixo
883 4413 1090 4465 centro,
1135 4403 1593 4458 circumferuntur
1635 4422 1649 4459 :
1683 4405 1764 4459 sic
1800 4413 1856 4459 et
1906 4414 2111 4458 naturae

541 4495 675 4548 ordo
721 4494 788 4548 ab
834 4495 936 4548 hoc
986 4495 1161 4563 primo
1214 4504 1484 4564 praecepto
1534 4510 1780 4561 exorsus,
1834 4495 1900 4549 ad
1949 4510 2110 4549 omne

542 4584 794 4652 deinceps
831 4596 1040 4655 tempus
1072 4587 1289 4652 transit,
1316 4585 1487 4641 donec
1516 4587 1582 4640 ad
1619 4601 1958 4641 communem
1993 4586 2112 4638 uni-

543 4675 683 4729 versi
718 4677 1234 4732 consummationem
1269 4678 1599 4743 pervenerit.
1629 4677 1708 4730 Ad
1743 4669 1904 4746 quam
1933 4687 1988 4732 et
2017 4691 2113 4730 nos

541 4781 734 4822 omnes
764 4768 949 4822 referti
987 4767 1273 4836 fructibus,
1302 4785 1364 4824 ac
1395 4770 1660 4825 bonorum
1693 4783 1916 4838 operum
1965 4767 2106 4837 pleni

542 4856 879 4922 festinemus,
922 4869 979 4912 ut
1017 4859 1237 4928 plantati
1285 4861 1338 4914 in
1378 4863 1536 4915 domo
1579 4859 1814 4924 Domini,
1860 4860 1912 4913 in
1961 4859 2114 4913 atriis

541 4948 638 5006 Dei
685 4949 855 5002 nostri
877 4949 920 4980 '”
945 4948 1366 5015 eﬂlorescamus,
1407 4951 1458 5006 in
1488 4951 1704 5006 Christo
1741 4950 1866 5007 Jesu
1893 4951 2117 5006 Domino

608 5083 656 5116 "
693 5080 804 5140 Jer.
830 5098 961 5150 xvu,
986 5083 1037 5138 6.
1111 5084 1157 5116 "
1197 5084 1339 5139 Psal.
1366 5100 1472 5150 XCI,
1508 5084 1590 5138 14.

610 5217 726 5342 (πὶ
769 5219 904 5302 [ξος.
941 5219 1147 5290 primus
1170 5217 1282 5292 όρώ
1320 5235 1421 5288 μου
1455 5220 1566 5273 τόν.
1600 5218 1739 5275 Edili
1766 5233 1888 5274 cum
1921 5217 2106 5272 multis

610 5305 670 5342 is.
732 5307 808 5342 οω
844 5307 932 5342 ttat
963 5290 1073 5342 τόν.

540 5305 670 5360 mss.
691 5289 808 5360 δρῶ
843 5289 1073 5360 μοιίτόν.

611 5307 670 5344 ts.
697 5307 808 5360 ορω
883 5307 932 5344 οι
963 5307 1073 5343 τον.

611 5359 723 5482 (75)
762 5307 911 5415 Co“).
942 5361 1209 5416 secundus
1253 5377 1372 5416 cum
1416 5359 1546 5431 Reg.
1577 5370 1730 5415 sexto
1775 5357 1966 5440 σοφίαν
2007 5355 2102 5438 τοῦ

635 5447 843 5482 σαντος.
885 5429 991 5482 Sed
1025 5431 1175 5482 illud.
1205 5431 1300 5482 τοῦ
1345 5431 1649 5482 κτίσαντος.
1683 5431 2020 5482 demderatur
2050 5444 2102 5482 ιιι

537 5429 843 5496 κτίσαντος.
885 5429 991 5486 Sed
1025 5431 1175 5497 illud,
1205 5431 1300 5485 τοῦ
1345 5429 1649 5495 κτίσαντος,
1683 5430 2020 5487 desideratur
2050 5429 2102 5482 iu

536 5501 701 5558 editis
725 5510 778 5554 et
806 5501 860 5556 in
900 5501 1019 5555 aliis
1051 5516 1183 5558 mss.

610 5569 723 5642 (Ῐβ)
764 5570 896 5642 Beg.
923 5572 1146 5642 quintus
1174 5570 1268 5626 τοῦ
1303 5573 1597 5634 κτίσον-τος.

611 5639 723 5711 (77)
766 5639 894 5711 Reg.
920 5639 1156 5697 sextuso
1198 5642 1372 5711 φοίνιξ
1400 5643 1458 5696 τὸ
1503 5641 1632 5694 αὐτὸ
1675 5640 1871 5709 φύλλον
1917 5642 1978 5711 ἐκ
2009 5640 2108 5709 τῆς

537 5708 762 5784 πρώτης
797 5708 1142 5784 βλαστὴσεως
1181 5708 1259 5778 εἰς
1300 5714 1453 5775 τέλος
1488 5711 1908 5784 συμπαραμένον
1948 5708 2106 5780 ἔχων.

549 5726 582 5762 π
675 5727 762 5780 υης
797 5726 1142 5780 ΡΛαστνσεως
1181 5726 1259 5778 εις
1300 5726 1453 5775 τέλος
1488 5726 1908 5784 συμπαραμενον
1948 5726 2106 5780 εχων.

549 5726 802 5846 ’ἔξιτῆ
829 5793 931 5839 etc.
977 5753 1165 5838 palma
1201 5801 1316 5854 qua:
1360 5784 1564 5840 easdem
1610 5783 1824 5855 frondes
1855 5800 1896 5855 ,α
1938 5786 2111 5851 prima

2218 4307 2440 4380 πρώτης
2471 4309 2654 4370 αὐτοῖς
2681 4306 2989 4378 ἐνδοθείσης
3014 4306 3229 4376 πληγῆς
3249 4306 3346 4369 τὰς
3368 4306 3564 4376 ἐφεξῆς
3587 4304 3788 4358 ποιοῦν-

2214 4415 2305 4451 ται
2340 4396 2732 4469 περιστῳφάς,
2763 4396 2892 4449 ὅταν
2932 4393 3203 4465 πήξαντες
3231 4395 3292 4447 τὸ
3317 4395 3538 4468 κέντρον
3567 4397 3624 4448 ἐν
3660 4397 3788 4448 ἐαυ-

2214 4493 2324 4552 τοῖς
2367 4489 2797 4560 περιφέρωνται·
2836 4487 2979 4541 οὕτω
3007 4487 3101 4540 καὶ
3142 4489 3174 4558 ἡ
3207 4487 3305 4558 τῆς
3330 4487 3541 4556 φύσεως
3568 4486 3787 4540 ἀκολου-

2217 4582 2326 4645 θία,
2363 4583 2426 4634 ἐκ
2453 4581 2546 4635 τοῦ
2593 4580 2810 4652 πρώτου
2850 4581 3267 4652 προστάγματος
3299 4580 3396 4651 τὴν
3429 4579 3599 4650 ἀρχὴν
3637 4580 3786 4646 δεξα-

2215 4675 2507 4747 μένηίὸθ),
2552 4675 2686 4748 πρὸς
2722 4674 2899 4728 πάντα
2932 4673 3023 4726 τὸν
3065 4673 3262 4743 ἐφεξῆς
3309 4671 3638 4744 διεξέρχεται
3671 4673 3784 4744 χρό-

2210 4785 2319 4831 νον,
2347 4769 2536 4838 μέχρις
2565 4767 2629 4821 ἃν
2664 4767 2800 4837 πρὸς
2838 4767 2936 4838 τὴν
2965 4766 3148 4836 κοινὴν
3188 4765 3494 4819 συντέλειαν
3529 4766 3623 4818 τοῦ
3654 4782 3784 4818 παν-

2210 4860 2299 4922 τὸς
2325 4861 2656 4931 καταντήσῃ.
2697 4861 2812 4930 Ἐφ’
2849 4860 2916 4930 ἡν
2957 4859 3052 4912 καὶ
3082 4862 3242 4930 ἡμεῖς
3284 4860 3482 4922 πάντες
3521 4859 3782 4928 έγκαρποι

2215 4954 2310 5006 καὶ
2330 4953 2556 5026 πλήρεις
2585 4954 2760 5025 ἔργων
2787 4952 3009 5021 ἀγαθῶν
3049 4950 3416 5023 ἐπειγώμεθα,
3461 4953 3564 5016 ἵνα,
3596 4968 3782 5020 φυτευ-

2211 5217 2546 5288 generatione
2577 5221 2645 5270 ad
2680 5216 2837 5288 ﬁnem
2881 5231 3042 5288 usque
3069 5222 3437 5288 permanentes
3463 5225 3657 5288 servat.

2283 5290 2395 5352 (78)
2435 5287 2586 5341 Colb.
2616 5285 2977 5356 Secundnsirdt
3007 5285 3371 5356 πονηρότατα.
3399 5285 3601 5340 ibidem
3651 5285 3774 5355 Reg.

2210 5357 2480 5414 secundus
2508 5359 2602 5410 καὶ
2635 5355 3086 5425 ἀμφοτερίζοντα.

2285 5428 2397 5497 (79)
2441 5426 2516 5480 lta
2551 5423 2685 5481 Duc.
2727 5423 2952 5494 uterQue
2981 5437 3035 5481 et
3065 5424 3154 5479 alii
3205 5424 3443 5494 quinque
3478 5439 3610 5478 mss.
3643 5423 3780 5478 Editi

2213 5499 2476 5566 ὑπάρχον.

2286 5561 2397 5639 (80)
2438 5566 2570 5650 Reg.
2596 5565 2916 5650 εθξῐιιξπὴν
2955 5565 3215 5650 ἀπαρχὴν
3251 5563 3559 5650 δεξαμένη..
3583 5561 3777 5650 Ibidem

2286 5582 2397 5639 (δυ)
2438 5582 2570 5636 ueg.
2596 5582 2780 5620 semis
2815 5582 2916 5637 την
2955 5582 3215 5692 απαρχην
3251 5582 3538 5634 οεςαμενη.
3584 5582 3786 5651 ιυιαειιι

2217 5653 2345 5693 mss.
2383 5647 2614 5708 quatuor
2642 5635 3021 5708 διεξέρχεται.
3120 5640 3216 5692 ditt
3267 5651 3387 5692 cum
3437 5635 3645 5690 duobus
3692 5641 3780 5688 aut

2219 5709 2388 5765 tribus
2419 5721 2549 5763 ntss.
2577 5706 2863 5780 διέρχεται.
