4082 6398
254 388 353 442 ΗἸ

1383 393 1668 448 HOMILIA
1707 396 1773 451 Vl
1814 395 1882 451 IN
1920 398 2420 458 HEXAEM’ERON.

3407 408 3511 466 “8

249 504 439 570 οέντες
470 507 528 558 ὲν
571 504 650 574 τῷ
676 503 810 576 οἴκῳ
838 506 1064 576 Κυρίου,
1096 510 1152 561 ἐν
1188 512 1307 572 ταῖς
1339 511 1526 575 αὐλαῖς
1562 512 1657 566 τοῦ
1696 513 1831 568 Θεοῦ

1938 529 2140 583 nostro,
2182 521 2273 574 cui
2313 521 2479 590 gloria
2524 529 2576 575 et
2625 520 2908 592 imperium
2957 521 3011 576 in
3045 522 3238 577 saecula
3279 525 3512 580 estcuiu-

248 597 412 669 ἡμῶν
459 596 842 670 ὲξανθήσωμεν
897 603 953 653 ὲν
1003 602 1225 674 Χριστῷ
1287 603 1460 674 Ἰησοῦ
1513 605 1593 676 τῷ
1644 607 1834 679 Κυρίῳ

1945 625 2080 663 runt.
2113 612 2302 664 Amen.

247 689 437 762 ἡμῶν,
465 683 509 758 ᾧ
539 693 574 762 η
599 691 727 758 δόξα
756 693 850 746 καὶ
879 692 938 746 τὺ
967 695 1167 765 κράτος
1214 696 1294 759 είς
1325 697 1452 760 τοὺς
1493 698 1697 762 αίῶνας
1723 698 1831 752 τῶν
1869 699 2100 755 αἰώνων.
2140 703 2338 774 Ἀμήν.

261 824 3469 862 mw

852 913 1092 966 OMlAIA
1146 916 1236 981 ς’.

541 1004 684 1074 Περὶ
727 1004 1017 1075 γενέσεως
1056 1006 1384 1075 φωστήρων
1417 1005 1551 1076 (81).

330 1097 386 1152 1.
418 1095 522 1150 Τὸν
578 1093 828 1168 ἀθλητῶν
875 1095 1074 1167 θεατὴν
1131 1097 1382 1166 μετέχειν
1420 1096 1567 1158 τινὸς
1591 1095 1834 1165 προσῆκε

256 1191 356 1244 καὶ
380 1188 541 1243 αὐτὸν
566 1187 830 1252 εὐτονίας.
871 1187 980 1240 Καὶ
1022 1187 1181 1240 τοῦτο
1209 1189 1273 1240 ἐκ
1305 1187 1414 1240 τῶν
1446 1186 1836 1258 πανηγυρικῶν

254 1280 478 1352 θεσμῶν
508 1280 572 1336 ἄν
598 1297 683 1346 τις
731 1279 956 1343 κατίδοι,
987 1279 1039 1332 οἳ
1065 1281 1190 1343 τοὺς
1219 1278 1719 1350 συγκαθεζομένους
1755 1279 1835 1343 είς

253 1372 316 1426 τὸ
355 1373 565 1426 στάδιον
594 1371 704 1440 (8?)
757 1373 938 1442 γυμνῇ
1007 1371 1281 1442 καθῆσθαι
1305 1374 1370 1442 τῇ
1401 1371 1609 1442 κεφαλῇ
1651 1372 1833 1439 διαγο-

255 1464 542 1536 ρεύουσιν·
593 1464 716 1533 ἐμοὶ
747 1464 923 1516 δοκεῖν
953 1463 1083 1534 (85),
1143 1464 1228 1516 ἵνα
1294 1463 1368 1534 μὴ
1426 1463 1622 1538 θεατὴς
1672 1463 1830 1533 μόνον

256 1555 601 1622 ἀγωνιστῶν,
629 1553 765 1608 ἀλλά
815 1553 908 1608 καὶ
953 1555 1256 1626 ἀγωνιστὴς
1304 1556 1534 1618 ἕκαστος
1567 1554 1730 1619 αὐτὸς
1773 1557 1830 1608 ὲν

253 1647 334 1717 τῷ
369 1647 524 1718 μέρει
548 1647 807 1718 τυγχάνῃ.
846 1645 1001 1700 Οῦτω
1037 1647 1213 1699 τοίνυν
1240 1648 1332 1700 καὶ
1368 1647 1456 1700 τὸν
1495 1647 1605 1700 τῶν
1660 1649 1830 1718 μεγά-

253 1740 364 1791 λων
397 1740 490 1791 καὶ
518 1739 812 1810 ὑπερφυῶν
845 1737 1129 1808 θεαμάτων
1155 1739 1468 1809 ἐξεταστὴν,
1504 1740 1596 1792 καὶ
1622 1739 1712 1793 τὸν
1733 1743 1830 1810 τῆς

251 1832 433 1902 ἄκρας
459 1831 625 1894 ὅντως
667 1831 762 1883 καὶ
793 1831 1102 1902 ἀπορρήτου
1133 1832 1321 1900 σοφίας
1359 1834 1631 1906 ἀκροατὴν
1668 1853 1835 1907 προσ-

251 1921 390 1993 ἧκεν
418 1921 624 1974 οἴκοθεν
671 1921 815 1994 ἔχειν
859 1922 1060 1992 ἥκοντά
1087 1940 1238 1985 τινας
1269 1924 1522 1996 ἀφορμὰς
1552 1926 1687 1996 πρὸς
1735 1927 1833 1995 τὴν

254 2015 490 2084 Θεωρίαν
545 2012 650 2066 τῶν
706 2014 1099 2085 προκειμένων,
1131 2015 1225 2068 καὶ
1273 2019 1550 2070 κοινωνεῖν
1591 2018 1712 2086 ἐμοὶ
1736 2019 1834 2088 τῆς

256 2107 498 2175 ἀγωνίας
537 2108 616 2169 είς
637 2105 883 2176 δύναμιν,
919 2107 1038 2176 οὐχὶ
1078 2108 1267 2177 κριτὴν
1305 2107 1504 2177 μᾶλλον
1533 2109 1565 2179 ἢ
1601 2125 1837 2177 συναγωο

255 2199 444 2269 νιστὴν
500 2195 826 2269 παρεστῶτα
851 2201 890 2229 ·“
919 2199 1126 2267 μήποτε
1162 2198 1268 2268 ἄρα
1301 2197 1528 2271 διαλάθῃ
1555 2199 1700 2269 ἡμᾶς
1736 2199 1834 2270 τῆς

254 2285 571 2356 ἀληθείαςὴ
612 2284 850 2356 εὕρεσις,
880 2287 973 2339 καὶ
1004 2287 1063 2339 τὸ
1099 2288 1228 2356 ἐμὸν
1267 2287 1488 2357 σφάλμα
1533 2288 1683 2359 κοινὴ
1739 2288 1807 2358 ζη

258 2376 358 2448 μία
385 2375 493 2428 τῶν
522 2360 826 2429 ἀκουόντων
853 2375 1096 2448 γένηται.
1128 2376 1271 2445 Πρὸς
1303 2373 1394 2430 οὖν
1447 2377 1498 2430 τί
1552 2378 1726 2432 ταῦτα
1751 2377 1837 2431 λέ-

254 2485 340 2536 γω
369 2484 382 2532 ;
427 2467 570 2532 Ὅτι,
599 2467 787 2538 ἐπειδὴ
810 2467 1096 2541 πρόκειται
1121 2469 1250 2538 ἡμῖν
1282 2471 1360 2532 εἰς
1382 2469 1482 2539 τὴν
1509 2469 1600 2522 τοῦ
1629 2470 1833 2540 κόσμου

257 2559 518 2614 σύστασιν
573 2557 821 2623 ἐξέτασις
866 2559 958 2611 καὶ
1000 2560 1200 2630 θεωρία
1231 2559 1324 2613 τοῦ
1372 2563 1596 2627 παντὸς,
1628 2563 1728 2616 οὐκ
1772 2565 1834 2616 ἐκ

255 2649 358 2719 τῆς
387 2647 480 2701 τοῦ
501 2649 704 2719 κόσμου
737 2649 930 2718 σοφίας
947 2648 1044 2712 τὰς
1073 2650 1247 2720 ἀρχὰς
1281 2649 1502 2720 ἔχουσαν
1528 2652 1645 2706 ἀλλ’
1679 2653 1738 2717 ἐξ
1761 2647 1834 2706 ὧν

254 2741 350 2792 τὸν
385 2739 577 2794 ἑαυτοῦ
611 2739 912 2812 θεράποντα
940 2742 967 2793 ό
1001 2741 1131 2804 Θεὸς
1166 2741 1566 2809 ἐξεπαίδευσεν,
1617 2746 1673 2799 ὲν
1708 2746 1835 2798 εῖδει

255 2832 501 2904 λαλήσας
529 2834 664 2905 πρὸς
693 2833 875 2897 αὑτὸν,
902 2835 995 2886 καὶ
1025 2834 1086 2885 οῦ
1130 2834 1197 2886 δι’
1232 2835 1590 2904 αἰνιγμάτων,
1622 2837 1833 2908 ἀνάγκη

255 2944 364 2979 που
417 2927 631 2991 πάντως
690 2927 817 2990 τοὺς
874 2926 981 2979 τῶν
1025 2927 1277 2998 μεγάλων
1319 2929 1716 3001 φιλοθεάμονας
1761 2931 1834 3002 μὴ

255 3018 604 3090 ἀγύμναστον
652 3019 794 3089 ἔχειν
826 3019 916 3071 τὸν
946 3019 1070 3072 νοῦν
1104 3021 1239 3092 πρὸς
1279 3021 1376 3090 τὴν
1407 3021 1516 3074 τῶν
1543 3022 1838 3094 προκειμέ-

257 3130 367 3165 νων
399 3113 531 3182 ἡμῖν
559 3112 906 3182 κατανόησιν.
929 3113 996 3164 Εἴ
1023 3129 1151 3165 ποτε
1174 3109 1286 3178 οῦν,
1312 3115 1370 3165 ὲν
1411 3113 1597 3185 αἰθρίᾳ.
1650 3130 1838 3166 νυκτε-
1865 3143 1906 3200 C

261 3205 406 3277 ρινῇ,
431 3203 567 3273 πρὸς
589 3204 658 3256 τά
682 3203 894 3275 ἄρρητα
927 3203 1096 3273 κάλλη
1119 3203 1223 3257 τῶν
1251 3206 1464 3277 ἄστρων
1489 3206 1598 3276 (84)
1651 3207 1835 3260 ὲνατε-

256 3295 433 3358 νίσας,
466 3295 670 3348 ἔννοιαν
719 3294 909 3356 ἔλαϐες
946 3294 1038 3347 τοῦ
1087 3296 1330 3365 τεχνίτου
1371 3296 1478 3350 τῶν
1506 3297 1672 3361 ὅλων,
1701 3297 1784 3361 τίς
1808 3299 1835 3351 ό

254 3391 371 3450 τοῖς
392 3386 575 3440 ἄνθεσι
599 3386 804 3451 τούτοις
828 3387 1163 3450 διαποικίλας
1184 3388 1273 3440 τὸν
1296 3389 1542 3460 οὐρανὸν,
1575 3391 1666 3442 καὶ
1689 3391 1834 3454 ὅπως

257 3483 317 3534 ὲν
357 3482 470 3544 τοῖς
511 3481 807 3552 ὁρωμένοις
851 3481 1010 3534 πλέον
1054 3480 1148 3534 τοῦ
1179 3481 1412 3552 τερπνοῦ
1451 3482 1512 3535 τὸ
1543 3483 1835 3552 ἀναγκαῖόν

224 3558 414 3628 ’ἐστι’
477 3574 638 3627 πάλιν
709 3576 766 3628 ἐν
819 3575 1000 3646 ἡμέρᾳ
1063 3577 1112 3628 εἰ
1171 3576 1395 3645 νήφοντι
1459 3575 1537 3646 τῷ
1593 3575 1836 3648 λογισμῷ

255 3667 570 3738 κατέμαθες
627 3668 696 3721 τὰ
731 3669 828 3738 τῆς
869 3668 1084 3739 ἡμέρας
1126 3666 1400 3738 θαύματα,
1447 3671 1540 3723 καὶ
1581 3669 1668 3722 διὰ
1727 3671 1836 3724 τῶν

253 3760 551 3834 ὁρωμένων
609 3760 904 3828 ἀνελογίσω
951 3761 1039 3813 τὸν
1093 3761 1190 3830 οὐχ
1235 3759 1530 3832 ὁρώμενον,
1585 3762 1838 3834 ἐμπαράο

257 3871 454 3918 σκευος
485 3854 642 3925 ἥκεις
684 3854 956 3925 ἀκροατὴς
1000 3854 1094 3907 καὶ
1119 3853 1344 3924 πρέπων
1391 3852 1468 3924 τῷ
1517 3853 1836 3925 πληρώματι

257 3947 356 4000 τοῦ
386 3945 584 4017 σεμνοῦ
614 3946 804 4000 τούτου
847 3947 938 4000 καὶ
972 3945 1242 4016 μακαρίου
1279 3944 1526 4016 θεάτρου.
1563 3945 1731 4018 Δεῦρο
1772 3945 1836 4018 δὴ

256 4035 374 4104 οὖν,
401 4037 590 4110 ὥσπερ
633 4039 682 4090 οἱ
721 4039 865 4106 τοὺς,
885 4036 1072 4108 ἀήθεις
1112 4035 1218 4089 τῶν
1247 4036 1456 4089 πόλεων
1503 4037 1602 4106 τῆς
1658 4037 1838 4108 χειρὸς

259 4131 547 4204 λαϐόμενοι
595 4130 1007 4202 περιηγοῦνται,
1042 4130 1182 4182 οὓτω
1211 4128 1275 4200 δὴ
1302 4131 1396 4182 καὶ
1437 4128 1598 4190 αὐτὸς
1653 4130 1746 4182 ἐπὶ
1770 4127 1840 4180 τά

259 4225 620 4296 κεκρυμμένα
683 4223 934 4294 θαύματα
986 4225 1128 4293 ὑμᾶς
1182 4222 1280 4293 τῆς
1337 4221 1579 4293 μεγάλης
1638 4220 1840 4292 ταύτης

260 4316 470 4380 πόλεως
502 4315 803 4386 ξεναγήσω.
846 4315 932 4367 Ἐν
951 4317 1016 4384 τῇ
1041 4313 1191 4365 πόλει
1219 4313 1481 4384 ταύτη,ὲν
1574 4315 1605 4384 ἠ
1638 4311 1838 4382 ἀρχαία

259 4409 463 4481 πατρὶς
491 4407 647 4480 ἡμῶν
682 4407 813 4479 (85),
853 4401 921 4480 ἧς
952 4404 1349 4476 μετανέστησεν
1376 4407 1521 4476 ἡμᾶς
1572 4405 1600 4457 ὁ
1632 4403 1839 4475 ἀνθρω-

2521 919 2802 975 IIOMILIA
2844 921 2928 976 Vl.

2309 1011 2386 1066 De
2417 1015 2749 1082 generatione
2780 1013 3141 1070 Iuntinarium.

2011 1105 2062 1159 1.
2107 1103 2477 1174 Spectatorem
2502 1105 2826 1159 athletarum
2863 1119 3075 1177 Oportet
3099 1120 3151 1163 et
3180 1110 3351 1179 ipsum
3379 1127 3508 1167 con-

1938 1199 2197 1252 tentionis
2225 1198 2545 1268 participem
2577 1213 2716 1252 esse.
2757 1199 2923 1269 quue
2949 1217 3013 1255 ex
3044 1204 3387 1274 panegyricis
3427 1203 3507 1259 le-

1938 1290 2092 1357 gibus
2121 1291 2294 1358 quivis
2344 1291 2687 1360 cognoverit,
2730 1307 2870 1360 quae,
2916 1293 2968 1346 in
3005 1295 3186 1349 stadio
3213 1295 3508 1350 considen-

1940 1389 2039 1445 tes,
2071 1382 2214 1434 nudo
2240 1381 2412 1447 capite
2430 1382 2618 1436 sedere
2643 1382 2834 1452 jttltent
2859 1400 2872 1436 :
2903 1385 3238 1455 utquisqne,
3257 1401 3371 1441 mea
3391 1387 3514 1456 qui-

1938 1474 2056 1527 dem
2090 1474 2379 1537 sententia,
2411 1489 2514 1527 non
2553 1474 2622 1528 sil
2652 1474 2823 1529 solum
2868 1476 3258 1532 decertantium
3299 1489 3509 1547 specta-

1939 1575 2044 1629 tor,
2071 1567 2163 1620 sed
2195 1567 2357 1620 etiam
2395 1566 2574 1636 aliqtta
2603 1581 2668 1620 ex
2705 1577 2856 1637 parte
2889 1569 3091 1623 athleta
3124 1571 3369 1626 exsistat.
3415 1569 3508 1626 Sic

1937 1672 2069 1711 sane
2097 1658 2260 1711 etiam
2307 1673 2622 1726 magnorum
2663 1668 2824 1726 atque
2863 1661 3258 1715 admirabilium
3296 1668 3509 1731 specta-

1937 1750 2181 1802 culorum
2235 1749 2916 1820 inquisitorem,illiusque
2982 1767 3105 1806 vere
3169 1766 3393 1809 summae
3441 1768 3505 1808 ac

1940 1838 2226 1894 iuell‘abilis
2270 1841 2548 1909 sapientia:
2600 1841 2924 1906 auditorem,
2973 1844 3098 1898 dum
3139 1845 3367 1912 accedit,
3409 1861 3509 1915 par

1939 1928 2098 1984 fuerit
2127 1932 2367 2000 quaadam
2399 1931 2463 1985 ad
2502 1948 2585 1985 res
2612 1933 2914 2002 propositas
2951 1935 3398 2004 contemplandas
3425 1937 3504 1991 itt-

1937 2024 2230 2076 citamenta
2260 2038 2324 2078 ex
2355 2039 2414 2078 se
2443 2024 2662 2090 habere,
2695 2039 2759 2078 ac
2792 2040 3001 2079 meeum
3034 2041 3130 2094 pro
3156 2027 3359 2083 viribus
3389 2042 3511 2084 esse

1937 2115 2248 2169 certaminis
2292 2127 2618 2178 consortem.
2655 2131 2754 2171 nec
2799 2119 2969 2188 magis
3017 2118 3253 2185 judicent
3302 2130 3507 2182 astare,

1936 2220 2094 2274 quam
2129 2216 2527 2261 concertantem
2551 2224 2565 2272 ;
2585 2223 2651 2262 ne
2671 2208 2808 2264 forte
2830 2219 3110 2275 praetereat
3138 2225 3236 2265 nos
3266 2213 3510 2267 veritatis

1939 2297 2197 2360 inventio,
2221 2313 2283 2350 ac
2315 2315 2465 2352 meus
2497 2315 2651 2353 error
2681 2317 2966 2356 commune
2991 2303 3321 2358 audientium
3354 2305 3510 2358 dam-

1938 2404 2063 2441 num
2103 2389 2214 2444 lial.
2255 2391 2522 2456 Quorsum
2559 2391 2667 2462 50
2695 2393 2806 2447 hazc
2848 2394 3094 2448 tandem?
3121 2394 3253 2461 Quia
3284 2411 3404 2450 cum
3436 2396 3513 2450 in~

1937 2479 2199 2548 quirenda
2249 2481 2404 2537 nobis
2439 2496 2769 2551 proponatur
2812 2486 2994 2539 mundi
3028 2487 3360 2548 constitutio.
3393 2487 3510 2542 uni-

1889 2611 1898 2621 .
1936 2573 2187 2640 versique
2225 2575 2630 2642 contemplatio,
2664 2592 2781 2643 qtta:
2806 2592 2871 2629 ex
2901 2578 3080 2630 mundi
3123 2579 3385 2648 sapientia
3415 2595 3511 2632 ne-

1937 2678 2204 2730 quaquam
2238 2663 2558 2732 principium
2613 2666 2780 2731 ducit,
2823 2668 2916 2720 sed
2953 2683 3017 2721 ex
3066 2669 3149 2722 his
3191 2684 3310 2738 qua:
3351 2685 3508 2726 suum

1938 2766 2150 2804 servum
2187 2751 2328 2805 Deus
2347 2753 2548 2817 docuit,
2580 2753 2652 2806 illi
2685 2756 2735 2806 itt
2760 2756 2962 2823 specie,
2987 2770 3093 2808 nan
3123 2771 3219 2822 per
3251 2756 3508 2824 aenigma-

1939 2851 1988 2897 ta
2013 2843 2224 2898 locutus
2257 2862 2270 2896 :
2301 2860 2516 2900 necesse
2551 2857 2634 2898 est
2679 2847 2918 2909 omnino,
2954 2848 3251 2914 ingentium
3294 2856 3509 2917 specta-

1939 2933 2181 2988 culorum
2208 2947 2475 2989 amatores
2511 2951 2614 2988 tton
2642 2935 2881 2988 animum
2928 2936 3127 2989 habere
3164 2937 3226 2989 ad
3261 2949 3509 3005 propest-

1942 3034 2118 3077 tarttm
2188 3025 2343 3079 nobis
2398 3041 2577 3078 rerum
2622 3027 3021 3095 perceptionem
3076 3027 3506 3080 inexercitatum.

1941 3113 2126 3184 Itaque
2155 3114 2198 3169 si
2239 3131 2469 3184 unquam
2504 3116 2554 3168 itt
2583 3124 2841 3170 nocturna
2884 3117 3201 3180 serenitate,
3234 3117 3512 3169 inenarra-

1939 3204 2100 3257 bilem
2149 3215 2415 3258 astrorum
2459 3205 2912 3274 pulchritudinem
2956 3193 3176 3261 intentis
3219 3207 3391 3261 oculis
3414 3223 3510 3262 su-

1938 3298 2196 3365 spiciens,
2228 3298 2294 3351 de
2342 3299 2716 3351 universorum
2750 3300 2938 3368 opiﬁce
2969 3299 3233 3370 cogitasti,
3264 3300 3508 3369 quisnam

1939 3391 1985 3445 is
2017 3391 2108 3454 sit,
2139 3392 2227 3460 qui
2263 3391 2347 3444 ltis
2370 3389 2592 3445 ﬂoribus
2622 3392 2815 3445 coelum
2849 3393 3115 3456 distinxit,
3151 3401 3206 3446 et
3238 3394 3508 3461 quomodo

1940 3483 1991 3535 in
2038 3483 2198 3537 rebus
2243 3483 2539 3536 visiltihbus
2581 3482 2752 3550 major
2789 3484 2857 3536 sit
2895 3483 3121 3548 utilitas,
3169 3499 3330 3554 quam
3360 3483 3511 3537 volu-

1937 3586 2090 3644 ptas;
2123 3589 2308 3628 rursus
2348 3573 2393 3627 si
2429 3574 2659 3628 interdiu
2695 3573 2802 3626 diei
2836 3575 3090 3628 miracula
3123 3575 3376 3638 didicisti,
3415 3591 3510 3644 per

1941 3666 2250 3736 diligentem
2279 3665 2708 3731 meditationem,
2736 3665 3168 3735 invisibilemque
3196 3681 3291 3736 per
3322 3667 3510 3720 visibi-

1937 3757 2005 3810 lia
2034 3757 2336 3823 wstimasti,
2358 3767 2575 3826 paratus
2597 3757 2812 3811 accedis
2845 3758 3078 3821 auditor,
3107 3773 3170 3812 ac
3198 3757 3392 3828 dignus
3416 3757 3508 3826 qui

1939 3849 2303 3902 venerandum
2353 3848 2482 3902 illttd
2523 3864 2584 3902 ac
2639 3849 2852 3902 beatum
2894 3849 3160 3903 theatrunt
3209 3848 3506 3918 compleas.

1936 3942 2050 4010 Age
2105 3941 2289 4009 igitur,
2322 3941 2772 4010 quemadmodum
2830 3942 2920 4010 qui
2982 3941 3192 3995 urbium
3245 3943 3507 4007 insuetus,

1941 4049 2100 4086 manu
2169 4034 2526 4103 apprehensa,
2561 4032 3108 4088 circuntducuutzita
3168 4043 3222 4088 et
3273 4033 3390 4104 ipse
3441 4034 3509 4088 ad

1939 4125 2147 4178 occulta
2205 4140 2412 4194 magna:
2447 4123 2600 4178 istius
2654 4123 2889 4178 civitatis
2937 4123 3193 4178 miracula
3247 4141 3343 4180 vos
3401 4133 3512 4178 tan-

1939 4232 2098 4286 quam
2135 4215 2445 4286 peregrinos
2486 4218 2804 4272 conducam.
2848 4217 2905 4270 In
2937 4217 3151 4271 civitate
3180 4217 3289 4282 illa,
3320 4218 3372 4272 in
3404 4233 3511 4287 qua

1940 4319 2024 4363 est
2048 4319 2201 4362 vetus
2235 4309 2407 4378 patria
2454 4316 2663 4376 nostra,
2695 4325 2761 4364 ex
2797 4325 2901 4378 qua
2935 4310 3144 4379 expulit
3173 4323 3271 4365 nos
3299 4310 3506 4364 datmou

1942 4400 2207 4455 homicida
2241 4401 2352 4468 ille,
2390 4401 2480 4471 qui
2526 4401 2639 4456 suis
2680 4401 2950 4457 illecebris
2997 4402 3268 4457 hominem
3305 4401 3510 4472 redegit

258 4501 520 4565 ποκτόνος
538 4501 766 4571 δαίμων,
793 4502 904 4562 τοῖς
939 4498 1128 4552 ἑαυτοῦ
1157 4498 1516 4569 δελεάσμασιν
1563 4498 1833 4569 ἀνδραπο-

1941 4493 1992 4545 in
2023 4493 2335 4546 servitutem
2380 4494 2701 4548 :intuebere
2743 4493 2831 4548 hic
2877 4494 3105 4563 primam
3143 4493 3375 4548 hominis
3420 4509 3512 4563 ge-

258 4595 415 4657 δίσας
441 4593 531 4646 τὸν
561 4591 874 4664 ἄνθρωπον·
921 4590 1154 4646 ἐνταῦθα
1204 4590 1427 4661 κατόψει
1477 4591 1574 4660 τὴν
1614 4589 1835 4662 πρώτην

255 4685 354 4740 τοῦ
381 4683 666 4758 ἀνθρώπου
694 4685 927 4754 γένεσιν,
970 4684 1062 4737 καὶ
1091 4683 1182 4736 τὸν
1216 4683 1377 4746 εὐθὺς
1406 4684 1554 4753 ἡμᾶς
1575 4685 1836 4737 ὲπικαταυ

257 4778 492 4832 λαϐόντα
532 4775 640 4850 (86)
687 4777 940 4831 θάνατον·
971 4777 1030 4829 ὃν
1077 4775 1362 4845 ἐγέννησεν
1409 4778 1442 4847 ἡ
1477 4777 1737 4847 ἁμαρτία,
1777 4777 1838 4830 τὸ

256 4870 606 4944 πρωτότοκον
664 4869 884 4938 ἔκγονον
926 4867 1020 4922 τοῦ
1068 4867 1380 4940 ἀρχεκάκου
1427 4865 1696 4935 δαίμονος.
1727 4865 1837 4922 Καὶ

255 4961 548 5034 γνωρίσεις
590 4961 782 5016 σαυτὸν
828 4961 1011 5031 γήινον
1069 4959 1166 5031 μὲν
1200 4961 1266 5030 τῇ
1319 4957 1508 5026 φύσει,
1562 4957 1720 5026 ἔργον
1778 4957 1834 5010 δὲ

259 5054 421 5110 θείων
448 5053 646 5126 χειρῶν
663 5071 676 5086 ·
700 5053 924 5124 δυνάμει
959 5053 1055 5123 μὲν
1078 5053 1170 5106 καὶ
1186 5050 1470 5123 παραπολὺ
1499 5050 1606 5103 τῶν
1629 5050 1834 5118 ἀλόγων

256 5149 615 5212 λειπόμενον,
660 5147 896 5218 ἄρχοντα
948 5145 1005 5198 δὲ
1063 5143 1439 5216 χειροτονητὸν
1474 5143 1584 5196 τῶν
1625 5143 1832 5211 ἀλόγων

257 5241 357 5296 καὶ
406 5239 518 5294 τῶν
571 5237 828 5310 ἀψύχωνο
872 5241 990 5301 ταῖς
1033 5238 1131 5308 μὲν
1173 5240 1237 5290 ὲκ
1274 5237 1372 5308 τῆς
1407 5235 1620 5305 φύσεως
1651 5252 1831 5307 παρα-

335 5395 446 5467 (81)
487 5397 600 5460 Ilia.
638 5399 749 5454 Καὶ
777 5393 927 5452 εἶπεν
957 5400 986 5452 ὁ
1019 5398 1185 5461 Θεός·
1215 5395 1594 5468 Γενεθήτωσαν
1627 5397 1836 5466 φωστῆ-

262 5488 358 5548 ρες
383 5471 440 5548 έν
461 5468 538 5548 τῷ
565 5468 900 5548 στερεώματι
925 5471 1017 5548 τοῦ
1039 5467 1292 5548 οὐρανοῦ,
1317 5467 1657 5548 reperittntttr
1683 5469 1834 5548 initio

261 5536 524 5595 orationis
565 5540 616 5592 in
663 5536 785 5594 uno
811 5552 902 5592 aut
933 5536 1116 5594 altero'
1137 5539 1322 5593 codice
1361 5536 1386 5596 ι
1414 5536 1506 5591 sed
1541 5536 1728 5591 desunt
1780 5539 1830 5591 in

261 5610 684 5680 antiquioribus,
732 5619 858 5681 puta
908 5612 959 5664 in
1003 5621 1228 5680 utroque
1280 5607 1441 5664 Coisl.
1500 5605 1608 5662 Nos
1643 5607 1830 5664 omisi-

263 5697 452 5818 πηίὲἆ)
490 5753 594 5818 Εἰς
631 5750 698 5806 τό
723 5750 992 5816 στάδιον,
1021 5761 1125 5805 etc.
1158 5747 1298 5817 Lege
1335 5748 1606 5804 Ducaaum.

337 5819 449 5908 £85)
492 5823 625 5902 Reg.
653 5831 835 5878 sextus
867 5821 990 5906 ἐμοὶ
1019 5821 1184 5882 δοκεῖ.
1213 5820 1330 5876 Mox
1375 5835 1514 5874 unus
1557 5836 1659 5898 ms.
1687 5819 1824 5888 εὶγω⁴

1939 4585 2291 4653 nerationem,
2331 4597 2384 4642 et
2421 4587 2564 4643 illam
2621 4605 2739 4658 quae
2781 4605 2880 4644 nos
2917 4589 3100 4643 statim
3151 4590 3511 4660 apprehendit

1941 4691 2167 4734 mortem
2201 4697 2400 4752 :quam
2429 4685 2633 4753 peperit
2667 4697 2973 4754 peccatum,
2995 4685 3382 4756 primogenitus
3419 4683 3509 4740 ille

1941 4775 2195 4830 daemonis
2221 4775 2483 4830 malorum
2513 4777 2749 4832 auctoris
2771 4788 2979 4848 partus.
3009 4779 3146 4847 Quin
3173 4790 3229 4834 et
3255 4787 3306 4834 te
3335 4779 3505 4850 ipsum

1941 4883 2131 4923 nosces
2163 4877 2220 4922 ιιι
2262 4878 2453 4923 natura
2497 4879 2752 4935 terreum,
2786 4871 2858 4926 ita
2902 4887 3157 4926 manuum
3201 4872 3504 4928 divinarum

1939 4977 2075 5031 opus
2105 4978 2118 5014 :
2145 4961 2349 5016 viribus
2384 4963 2598 5032 quidem
2641 4962 2797 5034 longe
2843 4964 3017 5019 brutis
3048 4963 3369 5020 animalibus
3400 4965 3506 5019 int-

1939 5069 2144 5124 parem,
2174 5053 2563 5109 irrationalium
2606 5070 2733 5109 vero
2761 5063 2815 5110 et
2860 5056 3274 5111 inanimatorum
3307 5057 3506 5128 princi-

1941 5159 2058 5214 pem
2085 5145 2433 5200 constitutum
2462 5163 2476 5198 :
2506 5144 2814 5202 inferiorem
2842 5148 3056 5219 quidem
3075 5148 3307 5204 naturali
3335 5165 3504 5220 appa-

1940 5247 2085 5303 ratu,
2125 5250 2246 5291 eum
2285 5251 2434 5302 vero,
2467 5237 2557 5310 qui
2598 5239 2824 5295 rationis
2873 5240 3182 5310 praestantia
3217 5240 3392 5309 possis
3433 5241 3502 5296 ad

1929 5395 2125 5452 νιστῶν
2159 5396 2404 5461 ἕκαστος.

2157 5467 2404 5541 ῌοηιιυιίῇ
2447 5483 2576 5541 mss.
2599 5469 2708 5522 τῶν
2739 5469 3003 5541 ἀστέρων.

2003 5536 2335 5612 (85)_C0dex
2355 5538 2524 5612 _Bodl.
2553 5541 2591 5612 ﬁ
2615 5539 2817 5611 ἀρχαία
2852 5536 3068 5610 πατρὶς,
3092 5540 3292 5612 ιτατρὶς
3318 5539 3496 5611 ἡμῶν,

1929 5617 2075 5660 vetus
2104 5608 2196 5661 illa
2228 5609 2425 5676 patria,
2453 5608 2627 5676 patria
2657 5608 2862 5664 nostra.

2003 5677 2115 5751 (86)
2156 5675 2236 5732 Ita
2267 5675 2512 5751 Comhel‘.
2541 5695 2662 5735 eum
2710 5679 2830 5736 aliis
2877 5690 3109 5751 quatuor
3155 5695 3269 5736 mss
3319 5681 3498 5738 Editio

1929 5745 2104 5806 Paris;
2124 5747 2512 5804 καταλαϐόντα.
