4082 6398
559 343 664 400 119

1896 337 1956 392 S.
1997 333 2244 391 BASlLll
2283 332 2499 390 MACNI

3705 327 3830 386 120

559 467 735 537 ipsum
793 462 990 519 celum
1048 462 1227 520 chhi.
1285 461 1478 516 lstbaec
1533 459 1578 512 si
1634 457 1894 512 fuerimus
1935 457 2129 519 edocti,

2255 458 2456 518 τκευαῖς
2490 451 2899 523 ἐλαττούμενον,
2935 453 3001 521 τῇ
3045 448 3102 504 δὲ
3148 447 3241 501 τοῦ
3308 447 3466 516 λόγου
3515 449 3824 519 περιουσίᾳ

561 555 918 624 nosmetipsos
949 568 1365 624 cognoscemus,
1408 566 1597 606 sumus
1640 551 1806 604 Deum
1836 548 2130 619 cognituri,

561 646 908 703 adorabimus
937 643 1283 699 Conditorem
1303 682 1318 706 ,
1359 641 1586 695 Domino
1615 639 1936 706 serviemus,
1968 638 2134 708 glori-

565 738 846 792 ﬁcabimus
877 735 1114 798 Patrem,
1155 742 1397 788 nostrum
1447 732 1749 784 amabimus
1788 730 2132 793 nutritorem,

568 829 935 884 reverebimur
976 822 1425 888 benefacientem,
1467 833 1664 877 nostra:
1696 821 1822 875 vita:
1856 821 2136 891 praesentis

566 933 620 976 et
645 924 835 975 futurae
864 929 1143 973 auctorem
1174 916 1353 972 colere
1396 931 1500 969 non
1533 916 1840 969 desinemus
1871 937 1880 968 :
1914 914 2003 984 qui
2031 913 2139 968 sci-

568 1014 693 1067 licet
727 1027 820 1081 per
850 1027 941 1066 eas
987 1026 1120 1080 quas
1147 1008 1253 1077 jam
1299 1010 1523 1074 largitus
1559 1017 1640 1062 est
1687 1009 1924 1071 divitias,
1972 1009 2134 1061 etiam

568 1105 723 1158 bonis
755 1102 1036 1168 promissis
1068 1102 1226 1155 (idem
1266 1099 1449 1163 faciat,
1484 1115 1545 1154 ac
1569 1115 1628 1153 ea
1669 1116 1786 1170 qua}
1817 1111 2140 1168 exspectau-

571 1204 676 1256 tur,
703 1194 1042 1262 praesentium
1089 1193 1459 1259 experimento
1507 1192 1660 1244 nobis
1705 1193 2004 1246 confirmet.
2045 1192 2137 1245 El-

569 1285 712 1340 enim
743 1286 786 1338 si
820 1283 1140 1354 temporaria
1175 1283 1297 1335 talia
1324 1292 1468 1348 sunt,
1494 1283 1674 1351 qualia
1710 1292 1867 1336 erunt
1900 1281 2138 1336 mtcrna?

569 1370 700 1425 Item
736 1371 779 1425 si
814 1372 1038 1426 visibilia
1073 1373 1206 1424 adeo
1231 1372 1453 1439 pulchra
1485 1383 1629 1434 sunt,
1659 1371 1832 1440 qualia
1869 1374 2137 1425 censenda

572 1472 700 1518 sunt
727 1462 1059 1516 invisibilia?
1099 1465 1155 1516 Si
1193 1463 1314 1518 caeli
1358 1464 1666 1532 magnitudo
1717 1475 2005 1532 exsuperat
2041 1464 2139 1516 litt-

573 1569 749 1609 manzn
781 1554 1144 1622 intelligentia:
1187 1569 1520 1616 mensuram,
1559 1554 1805 1620 quisnam
1834 1552 2140 1606 intellectus

573 1645 750 1699 valeat
795 1647 1250 1713 sempiternorum
1288 1635 1535 1697 naturam
1573 1645 1946 1712 perscrutari?
1973 1645 2028 1697 Si
2059 1643 2140 1698 sol

575 1737 667 1791 ille
700 1737 1034 1804 corruptioni
1081 1737 1369 1798 obnoxius,
1396 1736 1532 1789 adeo
1561 1734 1782 1803 pulcher
1809 1745 1889 1789 est
1916 1746 1967 1789 et
2007 1735 2141 1789 adeo

2235 547 2372 619 πρὸς
2415 545 2643 618 οὐρανὸν
2678 543 2839 598 αὑτὸν
2886 540 3256 613 ὑπεραρθῑψαι
3311 538 3627 608 δυνάμενον.
3680 539 3828 596 Ἐὰν

2231 642 2402 694 ταῦτα
2445 637 2724 710 μάθωμεν,
2759 635 2984 697 ἑαυτοὺς
3017 631 3454 702 ὲπιγνωσόμεθα,
3498 631 3631 684 Θεὸν
3667 649 3829 699 γνω-

2238 733 2478 805 ρίσομεν,
2502 729 2593 782 τὸν
2630 729 2891 782 κτίσαντα
2938 724 3408 796 προσκυνήσομεν,
3432 723 3510 793 τῷ
3562 723 3852 794 Δεσπότῃ,

2234 821 2631 891 δουλεύσομεν,
2667 819 2758 872 τὸν
2812 817 3026 888 Πατέρα
3087 813 3417 884 ὁοξάσομεν,
3456 815 3547 868 τὸν
3601 817 3825 885 τροφέα

2237 916 2392 987 ήμῶν
2424 894 2804 984 ἀγαπήσομεν,
2854 909 2944 962 τὸν
3011 907 3300 978 εὐεργέτην
3357 905 3854 977 αἰδεσθησὸμεθα,,

2237 1010 2325 1062 τὸν
2354 1008 2591 1080 ἀρχηγὸν
2627 1007 2725 1077 τῆς
2761 1005 2906 1074 ζωῆς
2950 1002 3105 1075 ἡμῶν
3134 1003 3232 1072 τῆς
3260 1000 3539 1071 παρούσης
3579 1003 3671 1054 καὶ
3711 1002 3827 1070 τῆς

2240 1101 2537 1174 μελλούσης
2590 1097 3015 1169 προσκυνοῦντες
3052 1097 3151 1148 οὐκ
3200 1093 3560 1165 ἀπολήξομεν,
3610 1095 3698 1146 τὸν
3745 1092 3824 1148 δι’

2237 1189 2295 1248 οὗ
2331 1191 2631 1264 παρέσχετο
2667 1189 2762 1260 ήδη
2821 1187 3049 1240 πλούτου
3081 1187 3190 1257 (87)
3224 1187 3316 1240 καὶ
3362 1186 3432 1239 τὰ
3476 1188 3533 1240 ἐν
3573 1188 3828 1257 ἐπαγγε-

2239 1285 2378 1347 λίαις
2420 1281 2813 1351 πιστούμενον,
2853 1279 2948 1332 καὶ
2989 1282 3054 1350 τῇ
3116 1279 3278 1350 πείρᾳ
3344 1278 3453 1331 τῶν
3525 1280 3825 1349 παρόντων

2244 1376 2561 1447 βεϐαιοῦντα
2591 1376 2722 1443 ἡμῖν
2753 1373 2820 1426 τὰ
2851 1372 3286 1443 προσδοκώμενα.
3314 1374 3375 1425 Εἰ
3403 1371 3509 1443 γὰρ
3549 1373 3616 1424 τά
3645 1373 3828 1444 πρὸσ-

2240 1485 2407 1538 καιρα
2441 1467 2682 1530 τοιαῦτα,
2716 1469 2932 1518 ποταπά
2966 1464 3035 1516 τὰ
3070 1462 3296 1524 ultimm;
3331 1466 3439 1516 Καὶ
3475 1465 3523 1516 εί
3571 1465 3640 1518 τά
3673 1464 3826 1534 ὀρώ-

2243 1576 2375 1629 μενα
2431 1555 2572 1609 οὕτω
2636 1553 2794 1619 καλὰ,
2830 1552 3050 1606 ποταπά
3095 1552 3162 1605 τὰ
3205 1552 3444 1623 ἀόρατας
3475 1553 3536 1605 Ei
3583 1552 3834 1630 οὐρανοῦ-

2244 1647 2468 1718 μέγεθος
2500 1646 2694 1716 μέτρον
2720 1644 3062 1716 ἀνθρωπίνης
3100 1644 3336 1706 διανοίας
3373 1643 3642 1710 ἐκϐαίνει,
3705 1643 3826 1698 τῶν

2243 1740 2425 1793 ἀϊδίων
2458 1739 2554 1811 τὴν
2591 1738 2750 1807 φύσιν
2777 1738 2857 1800 τίς
2886 1737 2993 1809 ἄρα
3017 1736 3141 1801 νοῦς
3177 1736 3474 1808 ἐξιχνιάσαι
3503 1736 3822 1806 δυνήσεταις

577 1846 822 1902 tnagnus,
847 1846 966 1884 cum
1011 1830 1164 1883 velox
1208 1829 1272 1883 ad
1319 1839 1542 1891 motum,
1582 1837 1690 1881 tum
1725 1828 2001 1882 ordinatos
2039 1829 2143 1883 cir-

2255 1832 2308 1883 Ei
2341 1833 2368 1884 6
2396 1833 2462 1901 τῇ
2507 1829 2679 1901 φθορᾷ
2712 1829 3066 1900 ὑποκείμενος
3115 1829 3264 1899 ἥλιος
3299 1828 3407 1900 (88)
3445 1828 3587 1882 οῦτω
3631 1829 3825 1892 καλὸς,

574 1925 754 1978 cuitus
775 1922 1014 1992 explens,
1038 1920 1456 1990 magnitudinem
1483 1921 1699 1988 quidem
1733 1921 1797 1972 ad
1834 1921 2141 1974 universum

578 2015 652 2068 ita
690 2015 1150 2068 accommodatam
1190 2024 1404 2074 nactus,
1431 2023 1486 2065 ut
1514 2029 1652 2077 eam,
1679 2027 1837 2081 quam
1869 2028 1988 2066 cum
2027 2013 2146 2066 uni-

581 2120 739 2159 verso
766 2105 944 2170 habet,
997 2105 1395 2175 proportionem
1450 2120 1553 2159 non
1595 2106 1837 2170 excedat,
1878 2120 1975 2158 sua
2019 2120 2145 2158 vero

578 2197 976 2267 pulchritudine
1019 2207 1271 2268 tanquam
1326 2208 1530 2251 naturae
1571 2197 1757 2250 oculus
1789 2197 2004 2266 quidam
2035 2197 2147 2266 pel-

579 2289 791 2344 lucidus
828 2305 914 2344 res
947 2299 1159 2343 creatas
1203 2289 1575 2343 eondecorans
1602 2304 1615 2342 :
1645 2290 1799 2355 hujus
1835 2289 1879 2342 si
1929 2289 2148 2342 insatia-

581 2379 706 2433 bilis
730 2389 814 2434 est
851 2389 1121 2447 aspectus,
1154 2378 1295 2446 quali
1347 2377 1751 2447 pulchritudine
1798 2379 1877 2432 sol
1927 2377 2148 2446 justitia:

581 2471 842 2543 praeditus
875 2470 990 2524 est?
1031 2469 1087 2524 Si
1126 2471 1268 2524 hunc
1312 2469 1480 2524 solem
1513 2484 1616 2523 non
1649 2471 1979 2540 conspicere,
2008 2485 2148 2524 caeco

583 2563 966 2616 detrimentum
1011 2571 1136 2617 est:
1174 2562 1330 2631 quale
1359 2571 1441 2616 est
1492 2562 1762 2631 peccatori
1812 2561 2151 2631 dispendium

582 2653 702 2709 luce
737 2670 861 2708 vera
892 2654 1118 2708 carere?

652 2745 706 2800 Ξ.
749 2744 817 2798 Et
844 2746 977 2799 dixit
1013 2745 1192 2800 Deus:
1225 2744 1384 2799 Fiant
1419 2745 1707 2798 luminaria
1737 2745 1790 2798 in
1817 2745 2152 2812 [irritamento

584 2836 701 2892 cali
733 2838 801 2889 ad
833 2835 1270 2890 illuminationem
1292 2853 1448 2903 super
1473 2846 1665 2889 (errant
1691 2853 1708 2890 :
1736 2845 1791 2888 ut
1816 2835 1916 2905 51
1946 2837 2151 2890 discer-

587 2938 711 2982 mmt
755 2929 890 2982 inter
940 2929 1075 2982 diem
1113 2938 1158 2981 et
1197 2928 1478 2982 noctem".
1509 2928 1714 2982 leum
1749 2939 1801 2981 et
1842 2939 1981 2981 terra
2019 2944 2154 2997 prte-

585 3031 862 3075 cesscrant
891 3037 906 3075 :
936 3030 1056 3090 post
1087 3021 1202 3074 litec
1237 3017 1414 3073 fuerat
1441 3020 1527 3072 lux
1559 3032 1736 3073 creata
1769 3038 1782 3074 :
1815 3018 1930 3074 dies
1967 3030 2017 3075 et
2048 3035 2153 3074 nox

2247 1922 2389 1976 οὕτω
2421 1922 2613 1992 μέγας,
2642 1920 2766 1985 ὀξὺς
2825 1921 2918 1992 μὲν
2954 1920 3264 1992 κινηθῆναι,
3292 1921 3584 1984 εὐτάκτους
3624 1921 3682 1974 δὲ
3719 1921 3832 1986 τὰς

2248 2014 2526 2086 περιόδους
2548 2012 2846 2078 ἀποδιδοὺς,
2881 2013 3189 2084 σύμμετρον
3215 2014 3311 2084 μὲν
3339 2014 3475 2084 ἔχων
3497 2014 3558 2066 τὸ
3589 2014 3828 2084 μέγεθος

2247 2107 2325 2178 τῷ
2355 2108 2534 2171 παντὶ,
2571 2105 2709 2159 ὥστε
2745 2107 2818 2177 μὴ
2849 2107 3118 2160 ἐκϐαίνειν
3155 2105 3252 2178 τὴν
3286 2106 3421 2179 πρδς
3457 2105 3517 2159 τὸ
3543 2106 3659 2160 ὅλον
3689 2108 3829 2161 ἀνα-

2248 2199 2433 2267 λογίαν
2461 2215 2472 2228 '
2506 2199 2582 2269 τῷ
2607 2199 2664 2252 δὲ
2695 2199 2880 2252 κάλλει
2912 2199 3012 2270 τῆς
3045 2199 3257 2268 φύσεως
3289 2194 3399 2252 οἶόν
3433 2217 3516 2264 τις
3547 2198 3826 2269 ὀφθαλμὸς

2247 2290 2471 2362 διαυγὴς
2500 2290 2796 2362 ἐμπρέπων
2826 2293 2889 2361 τῇ
2925 2291 3126 2344 κτίσει·
3151 2294 3200 2345 εί
3249 2291 3543 2360 ἀκόρεστος
3566 2290 3757 2344 τούτου

2251 2382 2371 2448 θέα,
2404 2382 2640 2445 ποταπὸς
2666 2381 2742 2451 τῷ
2769 2382 2952 2435 κάλλει
2983 2384 3010 2435 6
3033 2383 3130 2452 τῆς
3157 2383 3497 2453 δικαιοσύνης
3529 2383 3712 2454 ἧλιοςς
3756 2384 3825 2438 El.

2250 2474 2435 2544 τυφλῷ
2466 2474 2634 2544 ζημία
2676 2473 2864 2526 τοῦτον
2896 2475 2970 2544 μὴ
3007 2473 3222 2544 βλέπειν
3245 2515 3259 2539 ,
3290 2476 3506 2545 ποταπὴ
3542 2475 3713 2546 ζημία
3740 2473 3825 2547 τῷ

2251 2566 2558 2639 ἁμαρτωλῷ
2580 2565 2674 2619 τοῦ
2705 2565 2956 2650 ἀληθινοῦ
2993 2567 3168 2636 φωτὸς
3197 2566 3525 2639 στερηθῆναι
3551 2583 3566 2633 ;
3770 2575 3777 2583 .

2321 2749 2376 2802 2.
2410 2748 2518 2803 Kal.
2551 2745 2721 2801 εἶπεν
2750 2749 2783 2800 ό
2826 2747 3002 2813 Θεός·
3029 2746 3469 2816 Γενηθήτωσαν
3509 2747 3826 2817 φωστῆρες

2250 2839 2320 2894 ἐν
2347 2839 2425 2906 τῷ
2475 2839 2831 2910 στερεώματι
2881 2839 2986 2894 τοῦ
3042 2840 3296 2908 οὐρανοῦ
3341 2842 3430 2906 εις
3455 2839 3686 2910 ψαῦσιν
3725 2841 3825 2894 ἐπι

2253 2932 2364 3000 τῆς
2388 2933 2527 3002 γῆς·
2556 2930 2713 2985 ὥστε
2765 2929 3130 3000 διαχωρίζειν
3171 2930 3281 3002 (89)
3334 2932 3452 2985 ἀνὰ
3493 2929 3688 3002 μέσον
3714 2930 3824 2999 τῆς

2252 3023 2476 3096 ἡμέρας
2499 3022 2597 3077 καὶ
2624 3022 2738 3076 ἀνὰ
2763 3021 2957 3090 μέσον
2980 3021 3088 3090 τῆς
3114 3023 3349 3088 νυκτός.
3384 3023 3621 3094 Οὐρανὸς
3641 3041 3826 3094 προει-

587 3115 835 3169 discreta:
871 3113 1082 3166 fuerant
1113 3131 1126 3166 :
1156 3115 1282 3166 item
1324 3111 1523 3165 factum
1571 3123 1687 3166 erat
1729 3112 2150 3178 ﬁrmamentum,

2256 3117 2414 3188 λήφει
2449 3113 2541 3168 καὶ
2572 3113 2645 3183 γῆ
2667 3129 2680 3142 ·
2721 3112 2782 3165 τὸ
2836 3111 2954 3181 φῶς
2998 3112 3090 3165 ἐπὶ
3129 3111 3336 3176 τούτοις
3368 3112 3820 3186 δεδημιούργητοο

587 3210 643 3255 et
676 3202 826 3255 arida
861 3201 1034 3254 fuerat
1067 3201 1294 3256 deteCIa.
1347 3202 1582 3255 Collecta
1631 3216 1746 3255 erat
1783 3218 1919 3271 aqua
1965 3203 2014 3255 iu
2046 3212 2157 3254 sta-

589 3291 750 3348 bilem
778 3308 841 3346 ac
869 3291 1143 3347 deﬁnitam
1197 3294 1695 3361 congregationem.
1729 3293 1893 3347 Terra
1923 3294 2156 3364 propriis

589 3383 918 3454 germinibus
938 3393 1053 3436 erat
1073 3383 1266 3436 referta
1298 3401 1311 3438 :
1338 3383 1767 3452 quandoquidem
1795 3395 1846 3438 et
1879 3385 2158 3438 innumera

590 3475 886 3546 protulerat
930 3473 1217 3528 herbarum
1259 3489 1481 3545 genera,
1515 3487 1570 3530 et
1599 3477 1926 3530 omnimodis
1954 3476 2160 3544 planta-

594 3582 710 3621 rum
740 3566 1019 3638 speciebus
1049 3568 1398 3622 exnberabat.
1433 3567 1668 3623 Necdum
1697 3579 1872 3622 tamen
1912 3579 2028 3623 erat
2055 3569 2157 3634 sol,

594 3677 768 3730 neque
799 3660 922 3715 luna
957 3679 970 3716 :
1003 3675 1068 3714 ne
1119 3661 1286 3716 solem
1337 3661 1470 3717 lucis
1519 3674 1793 3718 auctorem
1843 3680 1906 3717 ac
1956 3677 2161 3733 patrem

594 3753 944 3824 appellarent,
981 3769 1112 3808 nere
1143 3754 1232 3823 qui
1262 3752 1426 3807 Deum
1463 3757 1734 3825 ignorant,
1759 3759 1791 3810 ii
1828 3757 2163 3812 arbitraren-

597 3855 685 3898 tur
713 3845 883 3916 ipsum
916 3861 1094 3899 rerum
1126 3861 1155 3899 e
1187 3855 1328 3901 terra
1361 3849 1693 3902 nascentium
1739 3849 1985 3918 opiﬁcem
2023 3865 2162 3904 esse.

596 3937 934 4006 Quapromer
955 3947 1146 4006 quarta
1171 3937 1278 4002 jam
1308 3938 1422 3992 dies
1443 3951 1767 4004 accesserat,
1795 3950 1842 3993 et
1877 3949 2000 3992 tunc
2030 3941 2165 3994 Deus

597 4029 734 4081 dixit
767 4026 966 4082 :Fiant
1001 4029 1284 4081 luminaria
1320 4031 1373 4081 in
1402 4029 1730 4096 ﬁrmamento
1757 4031 1895 4084 caeli.
1929 4031 2058 4086 Cum
2091 4031 2166 4085 1οο

597 4129 849 4188 quentem
887 4133 991 4172 non
1028 4118 1259 4186 ignores,
1293 4119 1432 4174 illico
1477 4129 1656 4174 meme
1698 4122 2001 4174 audientem
2046 4137 2169 4174 cou-

593 4211 777 4281 junge.
829 4209 973 4263 Dixit
1046 4210 1206 4271 Deus,
1274 4209 1436 4266 Fiant
1486 4212 1887 4268 luminaria.....
1939 4225 1985 4268 et
2045 4215 2169 4282 fecit

603 4301 740 4356 Deus
785 4305 889 4356 duo
927 4303 1291 4356 luminaria".
1345 4304 1475 4371 Quis
1535 4305 1691 4366 dixit,
1745 4315 1797 4359 et
1839 4307 1960 4375 quis
2013 4306 2169 4360 fecit?

603 4395 792 4452 Nonne
819 4397 870 4449 in
907 4395 990 4450 bis
1026 4396 1293 4464 duplicem
1340 4413 1625 4467 personam
1656 4398 1926 4467 percipis?
1964 4398 2170 4468 Ubique

2257 3209 2436 3280 ἡμέρα
2470 3206 2562 3259 καὶ
2625 3204 2718 3272 νὺξ
2765 3205 3099 3276 διεκέκριτο·
3139 3204 3297 3258 πάλιν
3351 3205 3670 3276 στερέωμα,
3730 3207 3826 3261 καὶ

2261 3299 2425 3371 ξηρᾶς
2477 3298 2798 3369 φανέρωσις.
2852 3297 2926 3349 Τὸ
2987 3296 3129 3370 ὕδωρ
3180 3297 3528 3369 συνήθροιστο
3581 3301 3658 3361 είς
3696 3315 3824 3350 συν-

2259 3391 2547 3460 εστηκυῖαν
2588 3387 2681 3440 καὶ
2724 3387 3111 3458 ἀφωρισμένην
3155 3389 3494 3458 συναγωγήν.
3536 3389 3598 3441 'll
3631 3389 3699 3459 γῆ
3726 3405 3824 3441 πε-

2262 3481 2514 3551 πλήρωτο
2539 3481 2650 3541 τοῖς
2679 3479 2897 3542 οἰκείοις
2933 3481 3093 3550 γεννή
3103 3497 3232 3549 μασι
3265 3521 3279 3545 ,
3309 3481 3378 3534 τά.
3405 3498 3462 3533 τε
3507 3481 3674 3552 μυρία
3694 3481 3834 3553 γένη,

2260 3574 2368 3628 τῶν
2419 3573 2655 3644 βοτανῶν
2683 3572 3116 3643 ἐκϐλαστήσασα,
3151 3573 3245 3626 καὶ
3274 3573 3627 3637 παντοδαποῖς
3667 3574 3832 3630 εἴδεσι

2263 3668 2444 3738 φυτῶν
2479 3666 2865 3738 εὐθηνουμένη.
2902 3665 3086 3728 Ἥλιος
3115 3664 3171 3718 δὲ
3193 3664 3343 3718 οῦπω
3370 3661 3437 3736 ἦν
3476 3666 3568 3718 καὶ
3609 3665 3830 3736 σελήνη,

2265 3763 2353 3816 ἴνα
2383 3763 2516 3832 μήτε
2542 3759 2715 3829 φωτὸς
2739 3757 2976 3829 ἀρχηγὸν
2999 3758 3092 3810 καὶ
3125 3758 3333 3826 πατέρα
3359 3759 3448 3811 τὸν
3463 3757 3612 3828 ἥλιον
3639 3758 3830 3829 ὀνομά-

2267 3870 2419 3916 σωσι,
2464 3852 2600 3922 μήτε
2625 3851 2733 3902 τῶν
2765 3851 2828 3902 ἐκ
2859 3850 2957 3919 τῆς
2987 3848 3089 3918 γῆς
3123 3849 3402 3918 φυομένων
3431 3849 3756 3919 δημιουργὸν
3781 3850 3829 3903 οι

2265 3945 2354 3999 τὸν
2403 3943 2537 3996 Θεὸν
2598 3944 2960 4012 ἀγνοήσαντες
3001 3941 3110 4006 (90)
3171 3942 3500 4012 ἡγήσωνται.
3535 3941 3632 3994 Διά
3678 3940 3830 3994 τοῦτο

2267 4039 2496 4108 τετάρτη
2520 4034 2700 4105 ἡμέρα
2718 4053 2730 4064 ·
2767 4034 2859 4087 καὶ
2885 4033 3008 4086 τότε
3041 4029 3193 4086 εἶπεν
3218 4036 3245 4086 6
3287 4033 3419 4096 Θεός
3443 4050 3457 4063 ·
3493 4033 3829 4100 Γενηθήτω·

2268 4141 2388 4180 σαν
2431 4123 2737 4194 φωστῆρες
2777 4125 2847 4177 ἐν
2891 4123 2969 4188 τῷ
3003 4123 3355 4193 στερεώματι
3413 4123 3517 4176 τοῦ
3557 4123 3826 4191 οὐρανοῦ.

2273 4215 2438 4268 Ὅταν
2461 4216 2550 4268 τὸν
2579 4215 2798 4268 εἰπόντα
2823 4213 3274 4284 διδαχθῇς,εῦθὺς
3304 4217 3369 4284 τῇ
3399 4214 3576 4285 ἐννοίᾳ
3603 4214 3829 4272 σύναπτε

2271 4307 2361 4360 τὸν
2387 4305 2710 4361 ἀκοῦσαντα.
2742 4301 2927 4358 Εἶπεν
2967 4307 2999 4358 ό
3034 4306 3200 4370 Θεός·
3244 4303 3679 4371 Γενηθήτωσαν
3722 4323 3828 4374 pw-

2273 4398 2513 4468 στσῆρες,
2541 4398 2636 4451 καὶ
2667 4397 2957 4464 ἐποίησεν
2985 4399 3015 4450 ὀ
3045 4397 3186 4462 Θεὸς
3202 4396 3343 4462 τοὺς
3371 4397 3478 4450 δύο
3502 4395 3826 4466 φωστῆρας.

603 4489 846 4544 historiae
891 4489 1193 4556 inspersum
1243 4499 1322 4543 est
1375 4490 1602 4558 mystico
1667 4491 1828 4544 modo
1895 4490 2156 4560 tlieologia‘

2272 4492 2366 4556 Τίς
2389 4487 2528 4554 εἷπε,
2562 4489 2655 4543 καὶ
2683 4490 2766 4552 τίς
2798 4488 3078 4559 ὲποίησεν;
3102 4489 3212 4541 Οὐκ
3243 4490 3442 4551 ἐννοεῖς
3463 4490 3521 4541 ἐν
3549 4487 3750 4551 τούτοις
3775 4487 3832 4540 τὸ

603 4583 815 4650 dogma.
874 4581 1104 4636 Additur
1148 4581 1309 4635 etiam
1366 4580 1796 4650 generandorum
1830 4581 2173 4634 luminarium

604 4675 944 4731 necessitas:
984 4673 1064 4728 Ad
1109 4673 1564 4738 illuminationem,
1625 4673 1820 4740 inquit,
1870 4687 2024 4739 super
2072 4683 2177 4725 ter-

608 4783 720 4821 ram
744 4767 812 4823 ".
865 4766 921 4822 Si
975 4767 1109 4822 lucis
1158 4767 1436 4836 generatio
1477 4777 1847 4834 prtecesserat,
1908 4765 2178 4833 quomodo

609 4877 750 4916 nunc
789 4861 868 4915 sol
920 4863 1113 4915 iterum
1145 4862 1342 4915 dicitur
1386 4861 1454 4911 ad
1487 4859 1929 4911 illuminationem
1956 4856 2180 4910 editus?

608 4955 848 5012 Primum
900 4955 1114 5023 quidem
1172 4954 1460 5021 singularis
1501 4953 1686 5007 istbzec
1739 4951 1985 5018 loquendi
2040 4951 2176 5004 ratio

609 5048 812 5102 nullum
841 5047 932 5101 tibi
965 5047 1129 5101 risum
1165 5055 1376 5100 moveat
1404 5063 1418 5101 :
1443 5046 1708 5116 siquidem
1741 5052 1975 5098 vestrum
2009 5044 2168 5096 istum

609 5140 900 5220 verborum
938 5139 1203 5194 delectum
1228 5153 1332 5193 non
1364 5139 1664 5208 sequimur,
1695 5149 1867 5205 neque
1892 5135 2172 5190 concinnae

678 5217 1078 5318 "acinus.
1152 5248 1466 5305 "ibid.l6.
1543 5247 1746 5304 “ibid.

683 5369 797 5441 (87)
839 5367 974 5437 Reg.
1016 5366 1263 5441 _pr_imns_.
1309 5371 1582 5441 sex_tus_et
1625 5373 1846 5441 octavus
1890 5379 2015 5441 cum
2066 5363 2185 5417 aliis

613 5433 785 5495 tribus
817 5433 948 5494 mss:
975 5437 1206 5490 πλούτου
1233 5433 1484 5508 ὓπαρξιν.
1513 5436 1708 5490 Vocem
1745 5434 1978 5506 ὓπαρξιν
2014 5448 2187 5504 neque
2247 5491 2260 5504 ,

613 5511 744 5567 editi
783 5518 1099 5576 agnoscunt,
1131 5521 1304 5574 neque
1337 5507 1426 5559 alii
1459 5515 1570 5560 tres
1609 5521 1740 5576 ipss.

687 5569 981 5651 (88)’Βιιεἑ
1005 5569 1186 5651 εεῂιυε
1207 5569 1572 5651 Δὑποκείμενος
1597 5569 1748 5639 οὗτος
1779 5578 1808 5629 6
1829 5575 2006 5651 ῇλιος.

689 5646 1103 5776 (89))1ιαιῖρεὶἰ
1139 5648 1343 5717 primus
1367 5646 1424 5700 et
1451 5659 1694 5711 octavus,
1724 5657 1777 5700 et
1819 5646 1970 5705 Colb.
1997 5659 2190 5698 secun-

689 5736 744 5776 ηε.
828 5729 939 5773 eest
969 5719 1107 5772 ὥστε
1135 5720 1186 5772 in
1216 5717 1376 5773 editis
1406 5727 1460 5772 et
1491 5719 1542 5771 in
1582 5717 1852 5776 aliquibus
1883 5730 2014 5772 mss.
2045 5712 2188 5771 LXX

619 5712 744 5777 dus.
782 5712 939 5776 Deest
969 5712 1107 5772 ὥστε
1135 5712 1186 5772 in
1216 5717 1376 5773 editis
1406 5727 1460 5772 et
1491 5719 1542 5771 in
1582 5717 1852 5783 aliquibus
1883 5730 2014 5772 mss.
2045 5712 2188 5771 LXX

621 5806 750 5847 vero
777 5799 832 5846 et
861 5791 1024 5846 Coisl.
1051 5790 1258 5861 primus
1282 5788 1375 5843 τοῦ
1403 5786 1765 5862 διαχωρίζειν.

2277 4582 2387 4650 (9i)
2421 4580 2638 4634 διπλοῦν
2671 4579 2778 4632 τῶν
2818 4579 3152 4651 προσώπων;
3191 4578 3465 4649 Πανταχοῦ
3508 4581 3572 4650 τῇ
3634 4579 3829 4651 ἱστορίᾳ.

2276 4671 2337 4726 τὸ
2371 4671 2543 4741 δόγμα
2569 4670 2667 4741 τῆς
2701 4667 2978 4737 θεολογίας
3005 4668 3279 4739 μυστικῶς
3326 4669 3826 4741 συμπαρέσπαρται.

2278 4763 2385 4818 Καὶ
2414 4765 2445 4835 ή
2465 4763 2621 4834 χρεία
2649 4761 2967 4833 πρόσκειται
2993 4763 3090 4830 τῆς
3108 4759 3214 4812 τῶν
3236 4761 3535 4832 φωστήρων
3557 4762 3827 4828 γενέσεωςο

2279 4859 2383 4921 Είς
2423 4854 2672 4923 φαῦσιν,
2729 4853 2924 4923 φησιν,
2975 4851 3074 4904 ἐπὶ
3103 4850 3212 4920 τῆς
3253 4850 3384 4921 γῆς.
3423 4853 3483 4904 Εἰ
3530 4853 3830 4925 προειλήφει

2279 4949 2372 5000 τοῦ
2428 4945 2670 5017 φωτὸςή
2721 4947 2952 5013 γένεσις,
2983 4943 3100 5006 πῶς
3146 4944 3238 4996 νῦν
3277 4946 3304 4997 6
3357 4944 3504 5014 ἥλιος
3555 4945 3712 4998 πάλιν
3754 4948 3832 5013 εις

2277 5036 2504 5108 φαῦσιν
2541 5037 2754 5105 λέγεται
2797 5035 3107 5106 γεγονέναι;
3139 5036 3359 5106 Πρῶτον
3393 5037 3489 5106 μὲν
3525 5033 3615 5090 οῦν
3640 5038 3733 5107 τῆς
3763 5038 3834 5092 λέ-

2279 5127 2413 5198 ξεως
2449 5128 2560 5200 (92)
2594 5128 2654 5183 τὸ
2681 5130 2981 5200 ἰδιότροπον
3027 5127 3232 5198 μηδένα»
3264 5145 3342 5181 σοι
3371 5129 3586 5182 κινείτω
3616 5130 3829 5198 γέλωτα,

2350 5360 2459 5430 (90)
2490 5357 2576 5430 ιω
2610 5355 3342 5430 quinquermss._Editi_vero
3364 5352 3698 5423 ἀγνοοῦντες.

2353 5424 2464 5502 (91)
2487 5424 2834 5502 Βοαζεοχίυε
2860 5429 2917 5502 εν
2941 5426 3116 5496 τούτῳ
3136 5424 3215 5478 τό.
3243 5425 3532 5494 Aliquanto
3558 5435 3676 5495 post
3695 5425 3831 5484 Colb.

2283 5498 2551 5557 secundus
2585 5498 2742 5568 χρεία
2776 5498 3077 5569 πρόκειται.

2357 5570 2470 5640 (92)
2513 5565 2659 5640 Regii
2695 5565 2884 5640 tertius
2907 5579 2971 5640 et
2993 5578 3213 5640 octavus
3257 5567 3454 5640 λέξεως
3493 5565 3670 5640 ήμῷν.
3699 5567 3835 5640 ορείτ

2287 5637 2504 5720 deratu_r
2531 5637 2770 5720 qpév‘et
2801 5638 2854 5692 in
2891 5638 3052 5720 editis
3081 5647 3133 5692 et
3165 5639 3214 5691 in
3251 5639 3372 5720 aliis
3408 5637 3834 5720 ιιιεεξΜοιΛριιίιί

2251 5711 2434 5782 σπαρῗ
2464 5707 2636 5782 ὑμῶν.
2682 5709 2756 5782 At
2792 5724 2920 5762 mss.
2967 5709 3216 5782 quinque
3255 5717 3311 5782 ut
3354 5708 3404 5762 in
3459 5718 3622 5782 textu.
3676 5707 3834 5782 Codex

2288 5779 2530 5838 Combel‘.
2558 5793 2679 5836 cum
2711 5780 2880 5836 altero
2909 5795 3009 5835 ms.
3042 5779 3171 5851 παρ’
3195 5779 3342 5849 ἡμῖν,
3376 5794 3478 5834 nou
3512 5780 3581 5834 ita
3616 5787 3771 5835 recte.
