4082 6398
285 363 388 417 121

1386 352 1678 412 llOMlLlA
1721 355 1787 410 Vl
1829 355 1893 411 IN
1934 352 2430 411 llEXAEMERON.

3426 352 3528 407 1‘29.

281 477 444 547 εἴπερ
479 475 553 546 μὴ
593 473 836 546 ἑπόμεθα
875 475 993 537 ταῖς
1029 465 1155 544 παρ’
1178 468 1314 541 ’ὑμῖν
1348 470 1596 537 ἐκλογαῖς
1628 468 1734 521 τῶν
1769 471 1849 540 ρη-

1960 485 2144 524 eorum
2174 469 2558 527 constructioni
2596 470 2896 524 studemus.
2933 469 3086 538 Apud
3121 484 3216 524 uos
3244 470 3384 523 enim
3421 486 3526 523 non

283 567 496 638 μάτων,
527 565 663 637 μηδὲ
682 566 742 618 τὸ
774 564 875 634 τῆς
906 563 1104 625 θέσεως
1145 561 1324 616 αὐτῶν
1354 559 1623 633 εὔρυθμον
1661 562 1855 633 ἐπιτηο

274 658 529 728 δεύομεν.
559 658 632 711 Οὐ
661 656 770 728 γάρ
790 655 1040 725 τορευταὶ
1065 653 1261 720 λέξεων
1291 654 1420 725 παρ’
1450 655 1580 725 ἡμῖν
1610 670 1622 683 ο
1655 653 1856 707 οὐδὲτὸ

276 749 477 820 εὔηχον
523 748 631 800 τῶν
687 745 900 818 φωνῶν,
951 743 1088 798 ἀλλὰ
1124 743 1186 796 τὺ
1219 743 1457 815 εὖσημον
1505 744 1612 797 τῶν
1653 743 1856 815 ὀνομά-

272 857 388 892 των
413 839 518 910 (93)
542 835 810 906 πανταχοῦ
838 835 1244 908 προτιμότερον.
1274 836 1469 889 Σκόπει
1502 835 1679 889 τοίνυν
1707 837 1755 888 εἰ
1781 835 1856 907 μὴ

271 930 370 983 διὰ
431 933 530 1002 τῆς
558 931 836 999 φαύσεως
880 927 1193 999 ἀρκούντως
1247 926 1851 997 ἐνέφηνενὸὲδούλετο·

259 1023 402 1076 ἀντὶ
430 1028 534 1095 γάρ
558 1020 651 1074 τοῦ
681 1019 959 1090 φωτισμοῦ
990 1019 1087 1091 τὴν
1123 1019 1352 1089 φαῦσιν
1371 1019 1775 1093 ετρηκεν.Ἔστι
1799 1017 1856 1074 δὲ

271 1117 432 1169 οὐδὲν
468 1113 768 1186 μαχόμενον
796 1113 953 1166 τοῦτο
977 1116 1089 1177 τοῖς
1122 1115 1249 1186 περὶ
1286 1112 1376 1166 τοῦ
1415 1113 1590 1182 φωτὸς
1624 1112 1854 1182 εἰρημέ-

273 1225 408 1271 νοις.
430 1207 561 1259 Τότε
589 1207 685 1276 μέν
708 1207 814 1277 γὰρ
839 1205 972 1275 αὑτὴ
995 1205 1088 1258 τοῦ
1117 1205 1292 1274 φωτὸς
1321 1206 1353 1276 ὴ
1382 1206 1542 1274 φύσις
1574 1204 1852 1276 παρήχθηο

272 1297 371 1352 νῦν
410 1297 464 1350 δὲ
499 1297 558 1350 τὸ
583 1295 802 1366 ἡλιακὸν
832 1295 992 1348 τοῦτο
1019 1295 1176 1366 σῶμα
1209 1295 1389 1366 ὄχημα
1418 1289 1557 1350 εἶναι
1595 1293 1673 1365 τῷ
1706 1311 1856 1365 πρωυ

269 1389 478 1459 τογόνῳ
527 1387 717 1458 ἐκείνῳ
750 1389 887 1458 φωτὶ
922 1387 1383 1458 παρεσκεύασται.
1431 1388 1520 1451 Ὠς
1567 1387 1676 1459 γὰρ
1728 1386 1854 1440 ἄλλο

271 1481 334 1534 τὸ
373 1479 504 1552 πῦρ,
537 1480 630 1533 καὶ
653 1480 780 1534 ἄλλο
808 1482 836 1533 ὁ
865 1478 1056 1550 λύχνος
1076 1497 1088 1510 °
1123 1479 1182 1534 τὸ
1214 1481 1310 1552 μὲν
1348 1480 1442 1553 τὴν
1468 1481 1562 1534 τοῦ
1599 1480 1852 1549 φωτίζειν

262 1575 501 1646 δύναμιν
564 1575 703 1645 ἔχον,
762 1573 825 1626 τὸ
883 1573 938 1626 δέ
1001 1574 1360 1644 παραφαίνειν
1412 1575 1523 1636 τοῖς
1579 1572 1854 1642 δεομένοις

269 1666 672 1737 πεποιημένονο
703 1663 845 1720 οῦτω
877 1665 971 1719 καὶ
1001 1666 1078 1736 τῷ
1110 1665 1481 1737 καθαρωτάτῳ
1515 1665 1705 1734 ἐκείνῳ
1759 1665 1853 1718 καὶ

269 1761 559 1831 εἰλικρινεῖ
608 1759 701 1812 καὶ
759 1759 913 1830 ἀΰλῳ
960 1759 1099 1829 φωτὶ
1148 1759 1332 1831 ὄχημα
1359 1759 1451 1812 νῦν
1478 1761 1526 1812 οἱ
1566 1758 1850 1830 φωστῆρες

268 1852 812 1922 κατεσκευάσθησαν.
852 1852 937 1915 Ὠς
963 1851 1070 1923 γὰρ
1103 1853 1131 1905 ὁ
1178 1851 1496 1914 Ἀπόστολος
1521 1849 1670 1918 λέγει
1700 1848 1850 1911 τινὰς

269 1945 568 2015 φωστῆρας
597 1943 653 1994 ἐν
683 1941 892 2013 κόσμῳ,
916 1941 1043 1996 ἄλλο
1071 1941 1124 1994 δέ
1150 1942 1265 1995 ἐστι
1291 1941 1405 2011 φῶς
1435 1941 1528 1994 τοῦ
1552 1939 1756 2011 κόσμου
1790 1939 1850 1992 τὸ

266 2035 546 2105 ἀληθινὸν,
577 2025 638 2085 οὗ
702 2033 843 2086 κατὰ
900 2031 1116 2103 μέθεξιν
1173 2033 1223 2085 οἱ
1255 2033 1399 2102 ἆγιοι
1432 2031 1716 2103 φωστῆρες
1739 2031 1851 2100 ἐγί-

264 2145 424 2183 νοντο
451 2127 558 2180 τῶν
607 2125 816 2196 ψυχῶν,
841 2124 908 2188 ἃς
947 2124 1250 2190 ἐπαίδευον,
1276 2125 1370 2178 τοῦ
1413 2125 1635 2188 σκότους
1679 2123 1850 2188 αὑτὰς

266 2221 369 2292 τῆς
397 2219 618 2288 ἀγνοίας
644 2218 927 2288 ρυόμενοι·
969 2215 1109 2270 οὕτω
1145 2217 1237 2270 καὶ
1269 2217 1363 2270 νῦν
1415 2218 1504 2270 τὸν
1549 2216 1698 2288 ἥλιον
1729 2215 1851 2269 τοῦ·

264 2329 362 2365 τον
394 2311 472 2381 τῷ
499 2309 782 2380 φανοτάτῳ
817 2307 1010 2377 ἐκείνῳ
1054 2309 1421 2371 ἐπισκευάσας
1476 2307 1616 2377 φωτὶ
1668 2309 1696 2360 ό
1741 2306 1848 2360 τῶν

269 2405 410 2458 ὂλων
437 2401 766 2474 δημιουργὸς
790 2403 918 2474 περὶ
953 2401 1044 2456 τὸν
1074 2401 1278 2472 κόσμον
1311 2400 1533 2472 ἀνῆψεν.

339 2497 394 2553 3.
426 2497 538 2550 Καὶ
561 2495 749 2566 μηδενὶ
772 2493 998 2548 ἄπιστον
1025 2491 1159 2548 εἶναι
1187 2493 1410 2548 δοκείτω
1432 2493 1492 2546 τὸ
1537 2491 1845 2564 εἰρημένον,

262 2587 352 2641 δτι
381 2585 508 2641 ἄλλο
555 2584 656 2656 μέν
687 2603 739 2638 τι
773 2583 868 2638 τοῦ
898 2582 1073 2654 φωτὸς
1102 2587 1134 2657 ἡ
1169 2575 1508 2656 λαμπρότης,
1544 2583 1670 2637 ἄλλο
1701 2582 1758 2636 δέ
1794 2599 1847 2636 τι

263 2679 329 2734 τὺ
363 2677 720 2747 ὑποκείμενον
751 2677 828 2748 τῷ
855 2677 992 2747 φωτὶ
1014 2677 1192 2749 σῶμα.
1227 2676 1448 2747 Πρῶτον
1485 2675 1584 2747 μὲν
1612 2671 1704 2729 οὖν
1737 2675 1846 2746 (94)

265 2774 333 2826 ἐκ
378 2770 470 2825 τοῦ
517 2769 587 2824 τὰ
637 2769 866 2824 σύνθετα
916 2771 1090 2824 πάντα
1145 2770 1286 2824 οὕτω
1337 2770 1468 2842 παρ’
1506 2769 1664 2840 ἡμῶν
1707 2769 1846 2823 διαι-

269 2863 504 2936 ρεῖσθαι,
529 2862 609 2926 εἷς
623 2879 681 2915 τε
713 2861 811 2934 τὴν
835 2861 1089 2933 δεκτικὴν
1113 2864 1300 2915 οὐσίαν
1327 2864 1422 2915 καὶ
1467 2864 1546 2926 είς
1579 2862 1673 2933 τὴν
1729 2863 1849 2915 ἐπι-

267 2955 558 3027 συμϐᾶσαν
584 2955 720 3026 αὐτῇ
756 2954 1033 3026 ποιότητα.
1072 2954 1157 3016 Ὠς
1195 2949 1286 3008 οὖν
1319 2953 1502 3026 ἕτερον
1534 2953 1633 3025 μέν
1681 2970 1733 3006 τι
1779 2955 1844 3023 τῇ

265 3047 431 3118 φύσει
472 3049 505 3118 ἡ
551 3045 833 3116 λευκότης,
866 3044 1052 3117 ἕτερον
1113 3045 1170 3098 δέ
1209 3063 1262 3098 τι
1314 3045 1376 3098 τὸ
1417 3043 1846 3114 λελευκασμένον

1957 573 2082 618 sunt
2135 565 2226 634 qui
2287 564 2450 618 verba
2497 567 2760 616 tornando
2799 564 3134 631 exspoliaut,
3183 577 3358 632 neque
3385 578 3530 617 curm

1955 665 2083 708 sunt
2110 669 2319 708 sonora;
2349 670 2529 720 voces,
2557 657 2648 710 sed
2681 655 2880 723 ubique
2911 654 3188 708 nominum
3225 653 3526 707 claritatem

1956 747 2352 812 anteponimus.
2389 747 2522 803 Vide
2549 747 2733 816 igitur,
2767 763 2895 800 num
2949 747 3084 800 satis
3113 746 3254 814 quod
3295 745 3528 809 volebat,

1957 851 2054 904 per
2079 837 2218 890 hanc
2247 851 2432 892 vocem
2466 837 2903 891 illuminationem
2930 836 3257 906 expresserit
3289 851 3303 890 :
3332 837 3531 906 quippe

1965 942 2061 996 pro
2091 927 2374 997 splendore
2407 927 2840 982 illumirtationem
2877 929 3028 982 dixit.
3062 928 3172 982 lloc
3200 939 3376 982 autem
3406 944 3527 982 cum

1957 1018 2022 1072 iis
2055 1034 2175 1087 qua:
2205 1019 2270 1074 de
2295 1019 2411 1074 luce
2442 1021 2582 1074 dicta
2609 1033 2754 1084 sunt,
2789 1021 2920 1074 nihil
2950 1031 3172 1090 pugnat.
3208 1019 3356 1075 Tunc
3381 1022 3526 1076 enim

1957 1111 2216 1178 producta
2247 1122 2328 1165 est
2355 1113 2469 1181 ipsa
2492 1112 2627 1166 lucis
2666 1122 2854 1165 natura
2887 1131 2900 1165 :
2937 1127 3079 1166 utmc
3109 1123 3288 1166 autem
3321 1124 3403 1165 est
3435 1127 3528 1166 so-

1958 1199 2072 1254 lare
2104 1200 2234 1255 illud
2274 1216 2472 1270 corpus
2516 1204 2818 1267 conditum,
2857 1204 3160 1258 vehiculum
3199 1216 3255 1257 ut
3297 1207 3366 1257 sit
3417 1205 3529 1274 pri-

1958 1293 2243 1359 mogenitae
2282 1293 2355 1347 illi
2403 1293 2529 1348 luci.
2561 1294 3025 1360 Quemadmodum
3066 1296 3210 1349 enim
3255 1295 3398 1350 aliud
3447 1307 3532 1352 est

1956 1385 2118 1454 ignis,
2175 1385 2318 1440 aliud
2361 1387 2724 1440 lucernazilli
2761 1388 2980 1456 quidem
3017 1389 3100 1443 vis
3144 1389 3284 1442 inest
3333 1389 3531 1442 illumi-

1957 1477 2141 1542 naudi,
2182 1479 2296 1532 hare
2355 1494 2482 1533 vero
2521 1480 2584 1533 ad
2639 1479 2819 1536 lutueu
2858 1484 3142 1550 egentibus
3177 1485 3525 1552 praebendum

1955 1568 2216 1624 fabricata
2249 1580 2370 1625 est:
2407 1572 2484 1626 sic
2533 1575 2696 1626 etiam
2733 1572 2838 1627 luci
2879 1574 2950 1628 illi
2995 1575 3299 1644 purissimae
3357 1575 3529 1628 since-

1957 1675 2138 1730 rmque
2177 1670 2232 1715 et
2273 1662 2514 1716 materia:
2553 1666 2758 1730 experti
2796 1679 2894 1718 ceu
2922 1665 3226 1718 vehiculum
3253 1666 3338 1718 illa
3362 1665 3522 1720 lumi-

1955 1753 2106 1805 naria
2159 1767 2300 1806 nunc
2330 1766 2634 1824 praeparata
2683 1765 2829 1810 sunt.
2876 1756 3028 1810 Sicut
3055 1757 3196 1813 enim
3239 1759 3526 1827 Apostolus

1882 1831 1923 1885 Β
1952 1844 2214 1913 quosdam
2265 1846 2342 1898 ait
2378 1861 2500 1901 esse
2542 1847 2827 1903 luminaria
2879 1850 2931 1904 in
2982 1855 3182 1906 mundo
3203 1852 3282 1917 ⁸¹;
3317 1854 3409 1906 sed
3440 1860 3525 1908 est

1955 1945 2131 1990 tamen
2173 1936 2279 1991 alia
2331 1937 2419 1992 lux
2478 1939 2663 1992 mundi
2714 1955 2875 2004 vera;
2904 1942 3055 2012 cujus
3083 1943 3520 2012 participatione,

1952 2031 2128 2085 sancti
2173 2029 2300 2086 facti
2345 2041 2474 2085 sunt
2515 2033 2820 2086 animarum
2854 2049 2990 2104 quas
3017 2034 3334 2089 erudiebant
3365 2037 3526 2091 lumi-

1951 2123 2123 2188 naria,
2154 2122 2279 2176 dum
2307 2137 2400 2177 eas
2431 2123 2748 2191 ignorantia:
2802 2125 3038 2180 tenebris
3068 2128 3368 2182 eximerent
3401 2147 3413 2183 :
3453 2129 3524 2183 ita

1949 2215 2112 2268 etiam
2147 2231 2288 2270 nunc
2309 2215 2472 2270 solem
2513 2217 2676 2278 hunc,
2706 2226 2826 2286 post
2859 2219 3350 2287 splendidissimam
3378 2219 3522 2275 illam

1951 2304 2125 2358 lucem
2172 2308 2471 2374 conditum,
2504 2308 2555 2362 in
2605 2309 2805 2363 mundo
2861 2310 3219 2366 exsuscitavit
3276 2313 3526 2368 conditor

1950 2398 2353 2454 universorum.

2020 2514 2076 2571 5.
2118 2512 2227 2568 Nec
2248 2515 2498 2584 cuiquam
2521 2515 2838 2571 incredibile
2863 2517 3110 2571 videatur
3142 2519 3284 2587 quod
3310 2519 3520 2576 dictum

1949 2615 2052 2670 est,
2089 2605 2226 2660 lucis
2255 2607 2464 2662 scilicet
2494 2609 2836 2678 splendorem
2885 2609 3030 2664 aliud
3060 2611 3318 2679 quiddam
3350 2626 3517 2668 esse:

1950 2696 2152 2765 aliquid
2193 2712 2323 2752 vero
2373 2697 2539 2762 aliud,
2577 2698 2752 2768 ipsum
2806 2715 3004 2768 corpus
3056 2701 3157 2756 luci
3193 2701 3520 2770 subjectum.

1950 2787 2189 2843 Primum
2221 2789 2440 2859 quidem
2468 2805 2532 2845 ex
2562 2806 2628 2846 eo
2657 2791 2799 2861 quod
2850 2795 3144 2862 composita
3175 2795 3354 2850 omnia
3381 2796 3461 2851 sic
3489 2812 3521 2851 a

1949 2879 2106 2934 nobis
2153 2879 2486 2944 dividantur,
2536 2889 2590 2935 et
2644 2884 2696 2938 in
2751 2884 3098 2952 recipientem
3129 2887 3518 2951 substantiam,

1947 2978 2002 3023 et
2031 2969 2084 3022 in
2120 2971 2438 3039 qualitatem
2487 2973 2590 3042 ipsi
2621 2973 3019 3028 advenientem.
3052 2976 3519 3042 Quemadmodum

1952 3062 2116 3130 igitur
2152 3062 2299 3116 aliud
2341 3073 2536 3118 natura
2579 3075 2662 3120 est
2697 3066 2871 3131 albnr,
2897 3067 3042 3121 aliud
3076 3083 3276 3139 corpus
3306 3071 3524 3126 dealba-

266 3141 452 3210 σῶμα,
486 3138 628 3192 οὕτω
658 3138 753 3192 καὶ
798 3137 868 3191 τὰ
888 3137 983 3190 νῦν
1025 3138 1309 3209 εἰρημένα,
1339 3136 1570 3209 διάφορα
1601 3137 1729 3190 ὅντα
1777 3137 1841 3207 τῇ

1950 3162 2064 3208 tum
2097 3170 2110 3206 :
2141 3155 2220 3210 sic
2247 3156 2409 3210 etiam
2446 3173 2567 3226 quae
2624 3161 2783 3213 modo
2828 3161 3135 3225 retulimus,
3170 3161 3294 3217 licet
3328 3174 3520 3224 natura

266 3231 432 3301 φύσει
460 3230 594 3302 (95),
642 3231 844 3300 ἥνωται
892 3233 957 3301 τῇ
991 3229 1217 3301 δυνάμει
1263 3230 1356 3284 τοῦ
1401 3230 1704 3292 κτίσαντος.
1735 3228 1844 3282 Καὶ

269 3327 348 3396 μή
388 3341 479 3394 μοι
511 3323 635 3392 λέγε
665 3322 900 3376 ἀδύνατα
937 3318 1073 3376 εἶναι
1105 3323 1276 3376 ταῦτα
1311 3323 1405 3375 ἀπ’
1430 3322 1672 3394 ἀλλήλων
1713 3321 1846 3374 διαι-

267 3414 506 3488 ρεῖσθαι.
535 3413 669 3467 Οὐδὲ
714 3411 822 3484 γὰρ
849 3411 959 3482 ἐγὼ
991 3411 1088 3484 τὴν
1114 3412 1375 3484 διαίρεσιν
1401 3412 1495 3466 τοῦ
1523 3411 1698 3482 φωτὸς
1739 3411 1848 3465 ἀπὸ

265 3506 362 3560 τοῦ
384 3504 608 3578 ἡλιακοῦ
637 3503 880 3574 σώματος
913 3504 1035 3574 ἐμοὶ
1058 3504 1149 3556 καὶ
1173 3503 1254 3556 σοὶ
1269 3503 1494 3573 δυνατὴν
1521 3498 1657 3556 εἷναί
1683 3519 1842 3573 φημι,

265 3597 383 3651 ἀλλ’
413 3598 498 3651 ὅτι
526 3595 563 3650 ἃ
592 3597 723 3666 ἡμῖν
761 3598 827 3666 τῇ
860 3595 1072 3666 ἐπινοίᾳ
1101 3595 1214 3648 ἐστὶ
1251 3595 1514 3666 χωριστὰ.
1543 3595 1715 3648 ταῦτα
1765 3595 1849 3648 δύ-

267 3707 428 3744 ναται
460 3690 552 3744 καὶ
597 3689 732 3760 αὐτῇ
761 3691 826 3758 τῇ
881 3688 1131 3759 ἐνεργείᾳ
1185 3687 1336 3758 παρὰ
1360 3686 1454 3740 τοῦ
1491 3687 1716 3758 ποιητοῦ
1750 3687 1849 3758 τῆς

268 3782 486 3853 φύσεως
524 3780 702 3834 αὐτῶν
728 3781 1025 3852 διαστῆναι.
1062 3781 1213 3832 Ἐπεὶ
1259 3779 1352 3832 καὶ
1383 3781 1464 3832 σοὶ
1498 3781 1596 3852 τὴν
1626 3797 1850 3833 καυστι-

266 3877 373 3947 κὴν
399 3874 628 3945 δύναμιν
665 3871 758 3926 τοῦ
801 3873 970 3945 πυρὸς
997 3871 1102 3925 ἀπὸ
1157 3872 1258 3942 τῆς
1301 3871 1682 3944 λαμπρότητος
1737 3891 1847 3943 χω-

269 3969 422 4041 ρίσαι
450 3968 762 4037 ἀμήχανονο
797 3966 824 4016 ὁ
873 3964 930 4018 δὲ
982 3963 1133 4026 Θεὸς,
1167 3963 1455 4034 παραδόξῳ
1504 3964 1735 4034 θεάματι
1758 3963 1848 4016 τὸν

265 4058 467 4114 ἑαυτοῦ
513 4058 819 4129 θεράποντα
859 4057 1183 4128 ἐπιστρέψαι
1213 4056 1552 4128 βουλόμενος,
1601 4057 1714 4129 πῦρ
1753 4059 1850 4110 ἐπ-

268 4153 439 4224 έθηκε
472 4155 543 4224 τῇ
590 4151 737 4222 βάτῳ
787 4149 896 4203 ἀπὸ
932 4151 1099 4221 μόνης
1144 4151 1243 4222 τῆς
1274 4152 1657 4222 λαμπρότητος
1699 4153 1850 4222 ἐνερ-

267 4242 424 4312 γοῦν,
458 4243 556 4313 τὴν
587 4240 642 4293 δὲ
691 4239 783 4292 τοῦ
815 4237 989 4291 καίειν
1021 4237 1247 4309 δύναμιν
1303 4239 1666 4309 σχολάζουσαν
1703 4237 1845 4307 ἕχον.

279 4335 373 4397 Ὦς
421 4323 520 4386 καί
553 4334 581 4385 ὁ
613 4329 919 4401 Ψαλμῳδδς
961 4329 1070 4402 (96)
1125 4332 1393 4402 μαρτυρεῖ
1435 4330 1636 4400 λέγων’
1675 4328 1846 4396 Φωνὴ

267 4426 495 4494 Κυρίου
542 4423 973 4488 διακόπτοντος
1028 4423 1226 4491 φλόγα
1272 4422 1479 4490 πυρός.
1533 4421 1694 4475 Ὅθεν
1753 4421 1848 4474 καὶ

271 4516 332 4568 ἐν
381 4515 500 4576 ταῖς
563 4513 672 4565 τῶν
723 4511 1068 4584 βεϐιωμένων
1122 4512 1253 4582 ἡμῖν
1320 4510 1705 4564 ἀνταποδόσεσι
1761 4509 1848 4564 λό-

269 4622 368 4674 γος
388 4621 472 4668 τις
497 4605 644 4675 ἡμᾶς
677 4606 734 4656 ἐν
761 4605 1056 4676 ἀπορρήτῳ
1083 4603 1356 4668 παιδεύει,
1408 4603 1844 4675 διαιρεθήσεσθαι

268 4699 366 4752 τοῦ
391 4698 560 4770 πυρὸς
585 4698 683 4768 τὴν
718 4696 896 4766 φύσιν,
935 4699 1028 4750 καὶ
1059 4696 1120 4750 τὸ
1155 4697 1254 4768 μὲν
1280 4697 1394 4766 φῶς
1438 4699 1516 4760 εἰς
1550 4698 1847 4750 ἀπόλαυσιν

269 4793 384 4852 τοῖς
406 4790 654 4853 δικαίοις,
681 4789 742 4842 τὸ
771 4789 826 4841 δὲ
866 4789 964 4860 τῆς
1007 4789 1254 4853 καύσεως
1301 4790 1557 4862 ὀδυνηρὸν
1593 4793 1706 4854 τοῖς
1754 4809 1847 4845 κο-

270 4881 590 4952 λαζομένοις
624 4881 1119 4953 ἁποταχθήσεσθαι.
1158 4883 1386 4937 Ἔπειτα
1419 4883 1600 4954 μέντοι
1642 4885 1734 4938 καὶ
1784 4886 1848 4939 ἐκ

269 4977 382 5029 τῶν
418 4977 545 5048 περὶ
577 4976 806 5047 σελήνην
854 4975 1042 5028 παθῶν
1075 4975 1296 5029 δυνατὸν
1355 4977 1502 5048 ἡμᾶς
1534 4977 1632 5049 τὴν
1665 4977 1848 5030 πίστιν

270 5068 380 5122 τῶν
407 5065 750 5138 ζητουμένων
780 5066 1062 5138 εὕρασθαι.
1098 5069 1352 5138 Λήγουσα
1377 5069 1485 5140 γὰρ
1504 5109 1518 5129 ,
1543 5069 1636 5122 καὶ
1665 5087 1846 5136 μειου-

273 5160 436 5231 μένη,
466 5160 586 5229 οὐχὶ
626 5157 703 5230 τῷ
761 5159 924 5213 παντὶ
975 5159 1172 5231 ἐαυτῆς
1224 5159 1436 5230 σώματι
1490 5159 1792 5215 δαπανᾶται
1829 5201 1845 5227 ,

347 5385 390 5416 ⁸⁸
416 5383 646 5455 Philipp.
684 5399 744 5450 tt,
777 5383 864 5440 i5.
939 5384 984 5417 "
1009 5384 1154 5445 Psal.
1187 5403 1378 5452 xxvttt,
1408 5387 1438 5441 7

505 5591 634 5668 ﬂag.
661 5593 879 5668 quintus
906 5594 966 5646 τὸ
989 5592 1230 5668 εῦσημον
1258 5595 1365 5668 τῶν
1393 5597 1696 5668 νοημάτων.

350 5661 462 5731 (94)
505 5661 602 5717 Sic
629 5661 864 5733 quinque
895 5679 1026 5718 mss.
1054 5661 1209 5720 Deest
1235 5661 1326 5719 οὖν
1355 5668 1407 5721 in
1435 5661 1610 5722 editis.
1643 5668 1839 5722 Statim

273 5732 724 5806 COIb.__secttntlus
751 5737 879 5806 παρ’
903 5736 1052 5806 ἡμῖν.

349 5802 464 5874 (95)
507 5804 582 5859 lla
615 5805 784 5862 codex
815 5802 1058 5863 Comiter.
1095 5820 1219 5863 cum
1245 5823 1338 5863 sex
1375 5808 1494 5864 aliis
1523 5823 1651 5864 mss.
1679 5807 1830 5874 lllud,

1949 3246 2183 3309 diversa,
2213 3255 2390 3301 tamen
2425 3247 2698 3302 Creatoris
2729 3252 2961 3319 potentia
3013 3251 3164 3306 fuere
3209 3253 3520 3322 conjuncta.

1947 3335 2056 3392 Nec
2087 3337 2217 3391 mihi
2245 3339 2450 3394 dixeris
2482 3340 2596 3395 ﬁeri
2633 3356 2736 3395 nou
2782 3357 2962 3411 posse,
2997 3355 3052 3397 ut
3088 3344 3203 3399 haec
3225 3358 3255 3398 a
3285 3360 3346 3400 se
3378 3347 3519 3400 invi-

1949 3441 2063 3479 cem
2097 3439 2434 3496 separentur.
2464 3429 2648 3500 Neque
2678 3433 2820 3486 enim
2845 3434 2930 3487 aio
2967 3435 3101 3489 lucis
3132 3451 3162 3489 a
3197 3437 3359 3492 solari
3389 3454 3514 3494 cor-

1951 3530 2083 3584 pore
2136 3521 2529 3586 separationem
2586 3524 2713 3576 mihi
2752 3535 2806 3578 et
2854 3526 2946 3578 tibi
3001 3541 3122 3580 esse
3157 3529 3514 3595 possibllem:

1951 3612 2048 3666 sed
2087 3627 2206 3680 qua:
2245 3624 2430 3667 nostra
2461 3618 2790 3685 cogitatione
2818 3619 2981 3672 dividi
3012 3632 3256 3688 possunt,
3287 3638 3348 3676 ea
3401 3625 3524 3679 dico

1949 3718 1978 3754 a
2015 3702 2120 3772 52
2141 3717 2348 3758 natura:
2375 3708 2657 3761 conditore
2687 3709 2850 3762 etiam
2878 3710 3055 3779 reipsa
3089 3712 3297 3780 sejuugi
3333 3729 3516 3782 posse.

1950 3793 2084 3848 Nam
2122 3805 2176 3850 et
2209 3806 2262 3850 tu
2289 3797 2397 3851 vim
2455 3799 2594 3866 ignis
2633 3801 2950 3856 adurentem
2975 3819 3003 3854 ει
3042 3805 3328 3873 splendore
3367 3823 3523 3877 sepa-

1951 3901 2072 3940 rare
2116 3902 2456 3959 nequaquam
2495 3900 2684 3959 potes:
2732 3893 2867 3948 Deus
2920 3910 3069 3960 vero,
3105 3897 3194 3966 qui
3257 3899 3518 3956 fatttulum

1951 3993 2106 4032 suum
2152 3983 2417 4050 stupeudo
2455 3984 2717 4039 miraculo
2745 3989 3050 4053 attrahere
3079 3989 3309 4054 volebat,
3345 3992 3522 4061 ignem

1953 4070 2006 4124 in
2067 4071 2199 4123 rubo
2263 4072 2537 4140 imposuit,
2580 4082 2670 4144 qui
2733 4075 3028 4134 eilicaciam
3077 4097 3108 4136 a
3169 4082 3284 4137 solo
3336 4085 3522 4154 splen-

1951 4161 2081 4215 dore
2161 4164 2530 4227 mutuabatur,
2602 4167 2707 4221 vim
2779 4179 2958 4223 autem
3032 4174 3222 4227 urendi
3291 4176 3522 4233 habebat

1950 4252 2201 4305 otiosam.
2254 4251 2414 4308 Velut
2474 4256 2636 4308 etiam
2714 4258 2918 4312 l‘saltes
2993 4270 3238 4326 testatur,
3287 4266 3521 4321 dicens:

1966 4338 2074 4395 Vos:
2125 4341 2337 4396 Domini
2375 4345 2729 4402 intercidentis
2767 4350 3035 4418 ﬂammam
3093 4353 3229 4422 ignis
3250 4354 3317 4408 ".
3373 4354 3525 4413 Unde

1953 4433 2116 4487 etiam
2149 4449 2268 4489 cum
2315 4452 2492 4490 rerum
2534 4439 2585 4492 in
2639 4441 2747 4494 vita
2784 4452 3054 4511 gestarum
3109 4459 3318 4501 merces
3362 4450 3524 4502 retri-

1881 4538 1923 4593 ο
1956 4523 2191 4588 buetur,
2255 4540 2485 4580 arcanus
2532 4529 2748 4598 quidam
2823 4547 3001 4586 sermo
3058 4549 3154 4588 nos
3221 4536 3376 4591 docet
3428 4555 3524 4592 ua-

1957 4625 2130 4669 turam
2194 4617 2333 4685 ignis
2403 4619 2632 4675 divisum
2686 4623 2799 4689 iri,
2851 4633 2904 4680 et
2967 4625 3138 4681 lucem
3193 4629 3406 4697 quidem
3467 4632 3521 4686 in

1954 4705 2797 4778 fruitiouemjustis,adustionis
2846 4730 2974 4770 vero
3018 4719 3368 4775 acerbitatem
3421 4739 3524 4792 pu-

1956 4800 2168 4853 niendis
2228 4801 2598 4857 deStinandam
2645 4819 2786 4860 esse.
2836 4807 3034 4866 Deinde
3075 4827 3202 4865 vero
3253 4815 3412 4869 etiam
3455 4833 3524 4873 ex

1957 4891 2098 4945 luna:
2151 4891 2620 4950 vicissitudinibus
2685 4897 2843 4952 ﬁdem
2892 4904 3133 4970 quaesitis
3167 4905 3360 4964 all‘erre
3403 4926 3530 4980 pos-

1957 4997 2164 5038 sumus.
2206 4984 2496 5041 Enimvero
2536 4988 2661 5043 dum
2718 4991 2950 5058 desinit,
2985 5004 3041 5050 et
3082 4998 3366 5066 decrescit,
3415 5017 3524 5059 nou

1960 5084 2074 5129 t0to
2129 5077 2208 5129 sui
2246 5079 2413 5146 ipsius
2446 5094 2672 5151 corpore
2723 5089 3085 5151 consumitur.
3142 5093 3235 5146 sed
3285 5095 3522 5150 circum-

1958 5167 2188 5237 positam
2231 5169 2404 5226 lucem
2445 5174 2736 5248 deponens.
2775 5189 2829 5234 et
2860 5179 3052 5237 iterum
3079 5199 3386 5251 assumens,
3425 5190 3524 5244 de-

1947 5600 2013 5671 τῇ
2048 5599 2226 5671 φύσει,
2272 5601 2610 5657 desideratur
2644 5604 2695 5657 in
2734 5606 2912 5661 editis.
2949 5606 3146 5662 Ibidem
3180 5609 3320 5664 idem
3352 5611 3526 5669 codex

1949 5672 2272 5744 Couthef._et
2303 5673 2390 5726 alii
2423 5675 2528 5727 duo
2553 5675 2813 5744 ἥνωνται.

2020 5740 2130 5818 (9_6)
2172 5741 2420 5799 Nonnulli
2460 5740 2644 5804 mss.6
2676 5745 2910 5818 ψαλμός.
2954 5747 3072 5804 Mox
3110 5766 3249 5807 unus
3286 5765 3387 5806 ms.
3417 5752 3531 5808 δια-

1941 5811 2223 5874 κοπόντσς.
