4082 6398
577 269 606 318 ξι
615 270 686 319 Υ.)

1916 265 1976 323 S.
2014 259 2260 320 'BASlLll
2301 259 2514 320 NAGNI

3739 267 3871 323 €24

578 373 843 429 erementi
867 373 1104 444 speciem
1129 383 1183 428 et
1207 375 1530 428 incrementi
1558 375 1712 430 nobis
1734 371 1972 432 exhibet.
2002 377 2150 443 Quod

2256 378 2389 432 ἀλλὰ
2413 379 2472 432 τὸ
2491 374 2866 450 περικείμενον
2898 385 3012 454 φῶς
3033 380 3397 456 ἀποτιθεμένη
3435 381 3528 436 καλ¹
3558 382 3876 454 προσλαμ-

571 478 757 522 ἰιιισιιι
788 467 926 520 luam
948 483 1167 536 corpus,
1197 467 1312 538 ipsa
1341 467 1556 534 silente,
1587 484 1692 522 non
1723 469 2059 535 absumatur,
2087 485 2151 524 ea

576 575 699 630 qua:
720 560 1021 624 cernimus,
1044 560 1326 615 evidenter
1353 561 1604 631 prebant.
1635 559 1764 614 Nam
1785 559 1841 614 in
1867 574 1991 616 aere
2017 577 2152 632 puro

576 652 833 721 omnique
877 652 1070 707 nebula
1122 634 1378 723 purgato,
1437 671 1559 710 cum
1614 656 1850 710 maxime
1901 652 2151 710 falcatam

573 741 804 814 ﬁguram
834 744 993 800 habet
1023 746 1172 808 luna,
1207 747 1334 801 licet
1367 747 1460 802 tibi
1496 749 1791 802 observare
1820 764 1884 804 ac
1929 749 2148 811 videre,

578 846 787 904 partem
826 835 992 904 ipsius
1020 837 1305 890 obscuram
1339 853 1404 891 ac
1431 838 1548 891 luce
1572 837 1911 902 destitutam,
1943 855 1971 892 a
2005 849 2152 893 tanta

579 937 873 983 curvatura
897 929 1300 992 circumscribi,
1331 939 1535 998 quanta
1568 930 1620 984 in
1651 930 1961 1000 pleniluniis
1984 941 2151 985 totam

578 1016 751 1087 ipsam
779 1019 980 1088 explet.
1016 1018 1381 1084 Quamobrem
1418 1020 1657 1074 circulus
1686 1018 1965 1074 absolutus
2005 1021 2154 1075 clare

578 1111 930 1180 conSpicitur,
973 1111 1020 1166 si
1064 1112 1224 1167 modo
1255 1114 1405 1166 visus
1438 1129 1666 1182 opacum
1703 1123 1759 1167 et
1801 1113 2152 1182 caliginosum

576 1203 758 1257 sinum
799 1203 865 1257 ad
906 1213 1117 1272 partem
1159 1204 1521 1259 illuminatam
1559 1199 1778 1259 referat.
1816 1204 1927 1259 Nec
1967 1206 2151 1270 dicas,

577 1309 780 1366 quaeso,
813 1294 989 1350 lucem
1025 1295 1166 1350 lunae
1204 1296 1564 1350 adventitiam
1594 1311 1737 1362 esse,
1770 1312 1834 1350 eo
1876 1292 2020 1366 quod
2057 1297 2156 1350 im-

577 1389 860 1452 minuitur,
891 1387 1017 1441 dum
1063 1388 1127 1441 ad
1168 1384 1337 1441 solem
1371 1386 1606 1453 accedit,
1650 1387 1844 1440 iterum
1877 1403 2009 1440 vero
2057 1403 2154 1439 an-

572 1490 759 1551 gelur,
800 1481 926 1535 dum
976 1479 1226 1536 discedit.
1275 1477 1461 1548 Neque
1517 1479 1662 1532 enim
1713 1478 1843 1532 illud
1901 1479 2056 1532 nobis
2101 1479 2152 1532 in

577 1572 828 1642 praesenti
859 1571 1296 1639 investigandum
1331 1570 1675 1640 proponitur,
1716 1571 1809 1624 sed
1837 1571 1978 1639 quod
2006 1569 2153 1623 aliud

575 1673 658 1715 est
699 1676 900 1730 corpus
946 1661 1138 1730 ipsius,
1188 1660 1335 1715 aliud
1372 1661 1453 1714 vis
1490 1659 1824 1716 illuminans.
1859 1661 2001 1716 Sane
2049 1661 2157 1715 tale

2261 471 2497 550 δάνουσα
2527 471 2710 535 πάλιν,
2746 473 3092 541 ἐλαττώσεως
3118 479 3248 548 ἡμῖν
3299 478 3391 530 καὶ
3417 476 3702 547 αὐξήσεως
3751 477 3874 538 τὰς

2262 565 2559 632 φαντασίας
2582 569 2895 638 παρέχεται.
2920 568 3024 621 Τοῦ
3053 568 3107 621 δὲ
3136 571 3208 642 μὴ
3238 571 3368 624 αὐτὸ
3390 570 3448 622 τὸ
3481 569 3638 641 σῶμα
3671 565 3874 638 αὐτῆς
3896 603 3914 642 ,-

2252 648 2533 725 ’ληγούσης
2557 655 3021 710 ἀπαναλίσκεσθαι
3039 659 3263 727 ἐναργὲς
3298 657 3594 730 μαρτύριον
3611 655 3678 710 τά
3716 651 3869 727 ὁρώσ

2265 766 2421 818 μενα.
2470 747 2686 812 Ἔξεστι
2715 750 2822 818 γάρ
2860 767 2940 802 σοι
2985 749 3077 802 καὶ
3124 751 3181 801 ὲν
3212 750 3433 820 καθαρῷ
3461 750 3538 820 τῷ
3564 749 3688 819 ἀέρι
3759 749 3871 802 καὶ

2264 842 2442 911 πάσης
2472 841 2666 912 ἀχλύος
2684 841 3105 913 ἀπηλλαγμένῳ,
3133 844 3260 895 ὅταν
3291 842 3523 912 μάλιστα
3555 837 3872 915 μηνοειδὴς

2261 934 2506 1006 τυγχάνῃ
2537 934 2676 987 κατά
2705 934 2766 987 τὸ
2800 935 2986 1006 σχῆμα
3016 936 3407 1005 ὲπιτηρήσαντι
3441 936 3575 1005 (97),
3606 931 3868 988 κατιδεῖν

2260 1026 2322 1079 τὸ
2355 1027 2606 1097 ἀλαμπὲς
2653 1028 2824 1097 αὐτῆς
2874 1036 2967 1081 καὶ
3019 1026 3320 1096 ἀφώτιστον
3369 1028 3472 1080 ὑπὸ
3512 1023 3868 1098 τηλικαύτης

2261 1117 2448 1187 ἁψῖδος
2486 1115 2978 1190 περιγραφόμενον,
3033 1119 3191 1191 ἡλίκη
3239 1119 3346 1187 (98)
3396 1120 3454 1172 ὲν
3485 1123 3603 1182 ταῖς
3638 1137 3864 1174 πανσε-

2261 1209 2442 1282 λήνοις
2491 1211 2589 1282 τὴν
2636 1212 2815 1264 πᾶσαν
2843 1211 3011 1282 αὐτὴν
3046 1210 3330 1282 ἐκπληροῖ.
3360 1211 3520 1264 ’Ὥστε
3554 1211 3864 1280 τηλαυγῶς

2263 1302 2666 1373 ἀπηρτισμένον
2691 1301 3023 1373 καθορᾶσθαι
3048 1302 3138 1354 τὸν
3167 1301 3364 1354 κύκλον
3395 1301 3472 1372 τῷ
3503 1303 3864 1374 περιλαμπο-

2266 1392 2412 1464 μένῳ
2451 1393 2606 1464 μέρει
2636 1392 2728 1446 τὸν
2764 1389 2980 1464 σκιερὸν
3015 1392 3110 1446 καὶ
3145 1390 3355 1463 ἀερώδη
3391 1391 3587 1445 κόλπον
3616 1405 3861 1447 συνανα-

2265 1485 2537 1557 φερούσης
2584 1485 2684 1556 τῆς
2714 1485 2908 1554 ὄψεως.
2963 1481 3071 1538 Καὶ
3121 1487 3193 1555 μή
3229 1503 3316 1555 μοι
3360 1484 3482 1553 λέγε
3521 1486 3860 1540 ἐπείσακτον

2263 1574 2402 1632 εἶναι
2448 1579 2547 1648 τῆς
2596 1574 2823 1651 σελήνης
2854 1574 2913 1632 το
2945 1578 3080 1648 φῶς,
3114 1577 3248 1630 διότι
3278 1576 3521 1648 μειοῦται
3555 1577 3654 1648 μὲν
3707 1578 3857 1650 πρὸς

2263 1669 2411 1740 ἥλιον
2436 1669 2734 1740 φερομένη.
2764 1667 2983 1733 αὔξεται
3014 1668 3070 1722 δὲ
3105 1668 3264 1722 πάλιν
3300 1667 3665 1738 ἀφισταμένη.
3707 1667 3857 1721 Οὐδὲ

577 1753 852 1824 quidpiam
884 1754 1013 1807 mihi
1047 1755 1223 1822 cogita
1253 1763 1306 1808 et
1331 1753 1396 1808 de
1424 1755 1537 1809 sole
1566 1771 1578 1807 :
1617 1765 1973 1823 prmterquam
2009 1756 2149 1823 quod

2265 1758 2371 1830 γὰρ
2403 1757 2578 1810 ὲκεῖνο
2605 1761 2736 1829 ἡμῖν
2763 1756 3036 1823 ἐξεταζειν
3079 1761 3136 1811 ἐν
3157 1759 3233 1829 τῷ
3278 1755 3508 1828 παρόντι
3533 1758 3852 1830 πρόκειται,

577 1849 668 1903 hic
694 1848 867 1902 lucem
893 1887 908 1911 ,
954 1863 1112 1917 quam
1149 1847 1314 1902 semel
1355 1850 1565 1917 accepit
1600 1864 1662 1902 ac
1692 1847 1794 1901 sibi
1826 1858 2153 1915 attempera-

578 1949 689 1994 lam
723 1940 932 2005 habuit,
973 1939 1193 1994 minime
1238 1940 1497 2008 deponit:
1540 1939 1627 1991 illa
1662 1954 1814 2001 vero,
1848 1938 1974 1992 dum
2014 1938 2155 1994 ossi-

579 2033 684 2087 due
713 2031 860 2086 velut
886 2032 1036 2085 exuit
1060 2041 1114 2086 et
1139 2047 1325 2085 rursus
1352 2031 1525 2084 induit
1553 2029 1752 2096 lucem,
1798 2046 1893 2100 per
1920 2031 2154 2099 seipsam

583 2141 647 2180 ea
693 2126 880 2192 etiam,
911 2141 1032 2195 qua:
1077 2126 1142 2179 de
1171 2125 1287 2179 sole
1321 2123 1462 2179 dicta
1511 2133 1660 2187 sunt,
1693 2123 1998 2179 conﬁrmat.
2032 2121 2156 2178 llaec

577 2217 862 2271 luminaria
888 2217 1040 2284 jussa
1077 2229 1204 2270 sunt
1237 2233 1452 2285 quoque
1483 2217 1624 2270 diem
1663 2232 1726 2270 ac
1757 2227 1971 2269 noctem
2011 2216 2155 2268 inter

576 2318 639 2358 se
670 2319 944 2372 separare.
985 2305 1198 2357 Etenim
1235 2307 1488 2374 superius
1530 2297 1558 2358 εἰ
1602 2305 1838 2359 tenebris
1871 2304 2041 2357 lucem
2071 2306 2151 2358 di-

578 2397 704 2451 visit
731 2398 899 2464 Deus;
927 2408 1164 2465 tuncque
1195 2407 1446 2451 naturam
1478 2399 1714 2467 ipsorum
1740 2397 1791 2450 in
1821 2397 2154 2451 contrarium

578 2492 810 2558 partitus
833 2499 949 2545 est:
978 2501 1037 2544 ut
1063 2492 1206 2544 inter
1233 2492 1348 2560 ipsa
1376 2492 1681 2544 intercedat
1710 2491 1965 2543 admistio
1989 2489 2153 2552 nulla,

575 2592 632 2636 et
674 2582 776 2636 luci
811 2597 932 2635 cum
978 2583 1216 2637 tenebris
1249 2584 1391 2636 nulla
1428 2588 1499 2636 sit
1537 2583 1789 2637 societas.
1825 2584 1976 2650 Quod
2010 2583 2153 2636 enim

575 2683 663 2729 est
703 2675 755 2726 in
798 2674 886 2728 die
920 2675 1136 2739 umbra,
1178 2675 1411 2744 idipsum
1444 2691 1564 2730 esse
1600 2679 1777 2744 noctu;
1806 2677 2153 2730 tenebrarum

579 2774 828 2819 naturam
853 2768 1151 2836 putandum
1181 2776 1285 2821 est.
1313 2763 1446 2821 Nam
1475 2768 1520 2822 si
1545 2768 1721 2821 omnis
1744 2769 1953 2829 umbra,
1985 2767 2157 2836 splen-

579 2857 712 2912 dore
750 2858 930 2926 aliquo
963 2859 1333 2923 illucescente,
1378 2860 1430 2913 in
1481 2870 1689 2929 partem
1725 2860 1827 2913 luci
1871 2859 2152 2913 adverSam

581 2960 613 2999 ει
644 2948 963 3016 corporibus
992 2949 1218 3013 excidit,
1249 2958 1304 3002 et
1348 2965 1506 3003 mane
1537 2951 1751 3019 quidem
1789 2950 1855 3003 ad
1896 2965 2152 3004 occasum

583 3039 945 3106 protenditur,
976 3054 1202 3108 vespere
1231 3054 1360 3094 vero
1387 3041 1452 3093 ad
1494 3043 1761 3094 orientem
1804 3056 1991 3096 versus
2035 3057 2154 3095 ver-

579 3131 675 3199 git,
721 3130 887 3200 ﬁtque
932 3131 984 3184 in
1041 3133 1269 3187 meridie
1311 3133 1748 3201 septentrionalis
1788 3147 1802 3187 :
1838 3133 2000 3186 etiam
2050 3149 2153 3185 nux

576 3222 635 3276 in
673 3233 856 3291 partes
889 3223 1057 3278 radiis
1087 3225 1364 3292 oppositas
1410 3225 1635 3286 secedit,
1691 3241 1813 3277 cum
1853 3226 2150 3279 secundum

577 3323 828 3370 naturam
864 3316 996 3369 nihil
1035 3316 1180 3370 aliud
1211 3319 1281 3370 sit
1310 3333 1473 3386 quam
1505 3326 1662 3371 terra:
1697 3316 1906 3371 umbra.
1950 3316 2152 3382 Quem-

579 3409 864 3462 admodum
913 3410 1054 3464 enim
1093 3413 1279 3464 umbra
1331 3411 1452 3464 ideo
1494 3411 1544 3463 in
1593 3410 1677 3464 die
1707 3411 1976 3474 subsistit,
2013 3411 2154 3478 quod

579 3499 786 3567 aliquid
833 3499 1008 3554 lucem
1057 3501 1327 3554 obstruit:
1367 3501 1438 3552 ita
1480 3500 1803 3554 naturaliter
1836 3515 1937 3552 nox
1979 3500 2155 3552 nasci-

579 3596 688 3651 tur,
722 3603 844 3643 cum
870 3603 966 3643 aer
993 3597 1152 3642 terra;
1178 3588 1539 3642 circutnquns
1568 3587 1941 3641 olnnnbratnr.
1970 3586 2154 3654 Itaque

576 3680 808 3750 idipsum
843 3691 926 3735 est
957 3680 1100 3750 quod
1146 3682 1350 3734 dictum
1384 3679 1484 3733 fuit
1522 3698 1535 3734 :
1589 3679 1729 3734 Deus
1775 3681 1950 3734 divisit
1984 3680 2152 3732 lucem

575 3791 611 3828 ιι
642 3776 864 3829 tenebris
896 3774 941 3805 "
974 3792 987 3829 :
1023 3773 1459 3844 quandoquidem
1495 3772 1632 3826 lueis
1664 3788 1941 3827 accessum
1991 3769 2154 3825 decli-

575 3878 710 3925 nant
731 3872 987 3933 tenebrae,
1020 3884 1141 3923 cum
1169 3869 1429 3922 alienatio
1457 3866 1718 3920 naturalis
1743 3867 1794 3920 in
1828 3867 1999 3936 prima
2029 3880 2153 3933 pro-

574 3960 854 4016 creatione
909 3961 1052 4015 inter
1090 3975 1147 4014 se
1194 3960 1442 4013 instituta
1486 3959 1578 4014 sit.
1622 3958 1775 4013 Nunc
1820 3967 1999 4012 autem
2043 3958 2150 4012 dici

576 4053 850 4107 metiendo
884 4052 1051 4107 solem
1077 4050 1317 4121 praefecit
1355 4073 1366 4106 :
1396 4051 1577 4105 lunam
1604 4066 1756 4113 vero,
1789 4065 1910 4104 cum
1947 4051 1997 4104 in
2029 4066 2152 4119 pro-

576 4143 696 4215 prio
747 4143 952 4197 circulo
980 4144 1231 4198 euntibus
1277 4144 1389 4197 suis
1430 4145 1670 4197 numeris
1725 4143 1967 4198 absoluta
2029 4153 2149 4208 est,

575 4237 754 4290 noctis
799 4236 1213 4290 moderatricem
1248 4233 1351 4305 53
1403 4237 1613 4290 statuit.
1657 4233 1808 4291 Tunc
1841 4237 1985 4290 enim
2037 4235 2150 4291 fere

572 4340 642 4380 ex
680 4326 949 4380 diametro
982 4326 1122 4380 inter
1149 4341 1209 4380 se
1237 4327 1481 4395 opposita
1511 4335 1635 4380 sunt
1663 4325 1972 4380 luminaria.
2012 4324 2146 4380 Nam

2258 1849 2371 1902 ἀλλ’
2398 1849 2478 1901 ὅτι
2503 1849 2687 1920 ’έτερον
2715 1849 2812 1919 μὲν
2837 1847 3010 1919 αὐτῆς
3038 1849 3097 1901 τὸ
3121 1849 3299 1920 σῶμα,
3332 1849 3518 1919 ἓτερον
3543 1848 3599 1900 δὲ
3632 1848 3692 1901 τὸ
3726 1866 3851 1918 φω-

2257 1942 2425 2005 τίζον.
2475 1940 2729 1995 Τοιοῦτον
2777 1940 2839 2011 δή
2899 1941 2950 1994 τί
2989 1958 3076 2012 μοι
3106 1941 3214 1993 νόει
3254 1941 3346 1994 καὶ
3404 1941 3495 1994 ἐπὶ
3531 1940 3624 1994 τοῦ
3665 1941 3848 2011 ἡλίου·

2258 2031 2395 2102 πλὴν
2421 2031 2502 2084 ὅτι
2541 2033 2568 2084 ὁ
2600 2030 2718 2101 μὲν,
2762 2027 2940 2083 λαϐὼν
2969 2029 3113 2094 ἆπαξ
3147 2031 3240 2082 καὶ
3269 2031 3677 2100 ἐγκεκραμένον
3711 2031 3850 2083 ἑαυ-

2257 2121 2334 2192 τῷ
2365 2120 2476 2192 (99)
2521 2120 2581 2174 τὸ
2607 2121 2721 2190 φῶς
2754 2120 2913 2192 ἔχων,
2935 2121 3033 2173 οὐκ
3065 2119 3400 2172 ἀποτίθεται·
3434 2121 3465 2190 ἠ
3492 2119 3567 2184 δὲ,
3605 2117 3851 2190 συνεχῶς

2257 2211 2368 2266 οἷον
2413 2213 2755 2284 ἀποδυομένη
2788 2214 2878 2266 καὶ
2914 2212 3072 2265 πάλιν
3105 2213 3559 2284 ἐπαμφιαζομένη
3597 2213 3656 2266 τὸ
3701 2214 3844 2283 φῶς,

2256 2304 2321 2357 δι’
2357 2305 2555 2372 ἑαυτῆς
2584 2304 2676 2356 καὶ
2698 2303 2762 2355 τὰ
2795 2304 2920 2374 περὶ
2941 2301 3033 2354 τοῦ
3069 2302 3219 2364 ἡλίου
3244 2301 3506 2371 εἰρημένα
3530 2301 3842 2358 πιστοῦται.

2257 2390 2415 2449 Οὗτοι
2447 2397 2540 2446 καὶ
2565 2392 2908 2465 διαχωρίζειν
2930 2392 3233 2462 ἐτάχθησαν
3262 2391 3364 2444 ἀνά
3398 2393 3558 2462 μέσον
3579 2392 3676 2463 τῆς
3697 2391 3842 2464 ἡμέ-

2260 2505 2359 2561 ρας
2383 2489 2475 2541 καὶ
2502 2487 2606 2539 ἀνά
2639 2487 2804 2557 μέσον
2833 2486 2931 2555 τῆς
2965 2485 3176 2547 νυκτός.
3213 2485 3358 2537 ’Λνω
3388 2485 3484 2554 μὲν
3513 2485 3621 2556 γὰρ
3646 2484 3844 2557 διεχώ·

2261 2601 2406 2654 ρισεν
2441 2585 2469 2635 ὁ
2490 2582 2620 2644 Θεὸς
2643 2581 2743 2634 ἀνᾶ
2770 2579 2930 2652 μέσον
2952 2578 3043 2631 τοῦ
3078 2580 3253 2646 φωτὸς
3281 2578 3374 2630 καὶ
3415 2577 3519 2632 ἀνὰ
3552 2578 3714 2647 μέσον
3742 2575 3841 2633 τοῦ

2260 2674 2507 2736 σκότους·
2539 2673 2660 2725 τότε
2685 2671 2740 2724 δὲ
2776 2671 2873 2740 τὴν
2911 2670 2984 2740 (1)
3019 2671 3179 2739 φύσιν
3211 2669 3387 2722 αὐτῶν
3420 2666 3554 2739 πρὸς
3595 2669 3654 2722 τὸ
3680 2671 3839 2723 ἐναν-

2253 2763 2367 2815 τίον
2403 2764 2731 2833 ἀπέστησεν·
2786 2760 2926 2812 ὥστε
2963 2759 3207 2830 ἀμίκτως
3236 2759 3378 2829 ἒχειν
3423 2758 3556 2829 πρὸς
3611 2759 3837 2832 ἄλληλα,

2256 2854 2352 2908 καὶ
2377 2855 2516 2924 φωτὶ
2565 2854 2701 2925 πρὸς
2737 2853 2925 2915 σκότος
2961 2852 3226 2923 μηδεμίαν
3256 2848 3393 2904 εἶναι
3427 2850 3729 2920 κοινότητα.
3773 2854 3838 2904 Ὃ

2257 2947 2365 3018 γὰρ
2396 2950 2452 2999 ἐν
2482 2946 2663 3017 ἡμέρᾳ
2702 2946 2849 2997 ἐστὶν
2905 2947 2936 3015 ἡ
2985 2944 3133 3009 σκιὰ,
3176 2941 3331 2996 τοῦτο
3361 2942 3566 2995 οἴεσθαι
3621 2942 3726 3015 χρὴ
3781 2945 3836 2996 ὲν

2255 3040 2409 3094 νυκτὶ
2456 3038 2548 3091 τοῦ
2594 3038 2815 3101 σκότους
2871 3034 3005 3090 εἶναι
3050 3037 3148 3108 τὴν
3191 3035 3370 3105 φύσιν.
3425 3036 3488 3088 Εἰ
3523 3035 3631 3103 γὰρ
3689 3039 3837 3089 πᾶσα

2259 3132 2386 3187 σκιά
2417 3131 2514 3202 (2i,
2547 3131 2718 3200 αύγῆς
2741 3147 2886 3192 τινος
2909 3128 3315 3200 διαφαινούσης,
3346 3129 3735 3198 ἀντικειμένως
3755 3126 3833 3199 τῷ

2255 3225 2393 3292 φωτὶ
2423 3223 2529 3274 ἀπὸ
2583 3221 2690 3275 τῶν
2745 3221 3009 3292 σωμάτων
3056 3221 3338 3272 ἐκπίπτει·
3398 3221 3491 3272 καὶ
3530 3219 3696 3272 ἕωθεν
3742 3220 3837 3290 μὲν

2255 3315 2393 3387 πρὸς
2440 3313 2653 3384 δυσμὰς
2704 3313 2946 3374 τέταται,
2993 3313 3230 3384 ἑσπέρας
3278 3312 3334 3365 δὲ
3383 3311 3518 3384 πρὸς
3573 3312 3836 3382 ἀνατολὴν

2254 3407 2555 3468 ἀποκλίνει,
2593 3408 2649 3458 ἐν
2671 3407 2726 3459 δὲ
2754 3409 2817 3476 τῇ
2845 3405 3160 3477 μεσημϐρίᾳ
3187 3403 3408 3476 ἀρκτῴα
3437 3404 3667 3472 γίνεται·
3693 3404 3836 3475 καὶὴ

2255 3500 2351 3564 νὺξ
2400 3499 2492 3552 ἐπὶ
2534 3499 2594 3551 τὸ
2645 3499 2885 3550 ἐναντίον
2928 3500 3045 3562 ταῖς
3079 3499 3290 3550 ἀκτῖσιν
3334 3497 3628 3568 ὑποχωρεῖ,
3685 3495 3833 3549 οὐδὲν

2253 3591 2438 3664 ἕτερον
2478 3587 2613 3645 οὖσα
2636 3590 2778 3645 κατὰ
2811 3591 2907 3661 τὴν
2945 3589 3103 3658 φύσιν
3132 3589 3164 3660 ἢ
3191 3589 3434 3658 σκίασμα
3455 3587 3578 3656 γῆς.
3615 3587 3702 3651 Ὠς
3729 3587 3834 3658 γὰρ

2254 3686 2311 3736 ὲν
2344 3684 2529 3754 ἡμέρᾳ
2562 3685 2594 3753 ἠ
2632 3683 2759 3734 σκιὰ
2800 3682 2874 3752 τῷ
2906 3681 3322 3751 ἀντιφράσσοντι
3354 3679 3451 3750 τὴν
3492 3679 3668 3750 αὐγὴν
3705 3695 3836 3748 παρ-

2253 3777 2566 3844 υφίσταται,
2610 3773 2780 3838 οὕτως
2817 3778 2850 3845 ὴ
2886 3774 2981 3840 νὺξ
3021 3772 3377 3843 σκιαζομένου
3421 3771 3514 3824 τοῦ
3567 3771 3695 3843 περὶ
3734 3772 3832 3842 γῆν

2257 3868 2419 3939 ἀέρος
2450 3866 2799 3920 συνίστασθαι
2841 3867 3072 3935 πέφυκε.
3111 3864 3282 3918 Τοῦτο
3312 3864 3490 3918 τοίνυν
3517 3864 3631 3916 ἐστὶ
3676 3863 3735 3916 τὸ
3758 3864 3832 3916 εί-

2256 3957 2509 4030 ρημένον,
2561 3957 2642 4009 ὅτι
2699 3955 3052 4024 Διεχώρισεν
3093 3957 3124 4007 ὀ
3168 3956 3310 4019 Θεὸς
3341 3953 3456 4007 ἀνὰ
3479 3953 3674 4022 μέσον
3727 3953 3829 4008 τοῦ

2253 4050 2446 4120 φωτὸς
2477 4049 2572 4102 καὶ
2603 4048 2720 4103 ἀνὰ
2737 4048 2932 4116 μέσον
2956 4045 3061 4100 τοῦ
3085 4049 3366 4112 σκότους·
3399 4046 3586 4116 ἐπειδὴ
3624 4045 3686 4099 τὸ
3712 4044 3830 4100 σκύ-

2251 4159 2343 4205 τος
2367 4139 2663 4211 ὑποφεύγει
2700 4138 2794 4193 τοῦ
2827 4140 3004 4208 φωτὸς
3035 4138 3132 4202 τὰς
3159 4137 3478 4210 ἐπιδρομὰς,
3505 4140 3562 4190 ὲν
3591 4141 3656 4209 τῇ
3695 4136 3828 4210 πρώ-

2249 4251 2320 4309 τῃ
2349 4233 2678 4306 δημιουργίᾳ
2713 4232 2945 4302 φυσικῆς
2978 4231 3161 4294 αὐτοῖς
3192 4231 3289 4301 τῆς
3317 4228 3713 4302 ἀλλοτριώσεως
3736 4249 3827 4285 κα-

2249 4326 2717 4395 τασκευασθείσης
2747 4325 2823 4393 (5)
2859 4322 2994 4396 πρὸς
3028 4322 3250 4392 ἄλληλα.
3288 4321 3401 4375 Νῦν
3453 4322 3508 4375 δὲ
3547 4322 3696 4393 ἥλιον
3738 4324 3826 4375 ἐπ-

577 4413 703 4470 iuna
735 4417 784 4470 in
814 4416 1144 4486 pleniluniis,
1173 4417 1455 4470 exoriente
1479 4420 1614 4480 sole,
1644 4431 1674 4470 e
1700 4428 1991 4486 conspectu
2017 4431 2143 4470 eva-

2256 4421 2406 4485 έταξε
2437 4423 2549 4483 τοῖς
2585 4419 2804 4490 μέτροις
2835 4413 2934 4487 τῆς
2991 4416 3219 4486 ἡμέρας·
3280 4413 3376 4469 καὶ
3415 4415 3662 4487 σελήνην,
3706 4416 3824 4469 ὅταν

572 4509 750 4566 nescit
781 4527 796 4564 :
831 4519 1042 4571 contra,
1088 4509 1367 4564 occidente
1412 4509 1550 4571 sole,
1586 4509 1699 4562 hzcc
1752 4509 1864 4579 ipsa
1899 4524 2146 4579 saepenu-

573 4617 727 4658 mero
755 4604 823 4658 ab
849 4603 1056 4656 oriente
1087 4602 1329 4672 emergit.
1363 4600 1513 4667 Quod
1544 4601 1588 4654 si
1615 4603 1823 4656 caeteris
1867 4602 1919 4656 in
1957 4601 2145 4657 formis

574 4693 764 4750 lunare
792 4695 966 4747 lumen
1011 4708 1113 4746 una
1152 4707 1274 4746 cum
1314 4702 1472 4746 nocte
1509 4707 1614 4745 non
1649 4706 1711 4745 ex
1746 4709 1901 4763 aequo
1933 4695 2143 4760 perlici-

575 4795 684 4850 tur,
727 4785 861 4840 nihil
901 4787 966 4839 ad
1002 4786 1307 4840 institutum
1344 4801 1650 4840 sermonem
1688 4787 1875 4841 refert.
1913 4787 2139 4840 Verum~

573 4886 750 4930 tamen
779 4893 900 4930 cum
931 4894 1087 4932 suum
1111 4888 1314 4933 statum
1345 4878 1802 4950 perfectissimum
1832 4881 2044 4950 attigit,
2077 4889 2138 4934 ut

573 4970 746 5024 noctis
761 4969 966 5024 obtinet
988 4973 1368 5041 principatum,
1397 4975 1618 5042 proprio
1643 4973 1846 5027 lumine
1871 4991 1932 5028 ac
1956 4974 2135 5045 splen-

633 5154 682 5188 ⁸³
717 5153 852 5211 Gen.
877 5170 918 5222 ι,
951 5153 1005 5211 4.

637 5295 748 5366 (97)
777 5293 848 5348 lta
881 5293 1044 5351 editio
1070 5295 1231 5352 Basil.
1259 5311 1380 5351 cum
1406 5297 1649 5351 Con-iber.
1677 5305 1729 5350 et
1755 5311 1874 5349 cum
1901 5296 2018 5351 aliis
2039 5313 2131 5353 sex

564 5366 993 5439 mss.A_At_editio
1025 5368 1192 5439 l_’aris.
1223 5368 1362 5421 κατὰ
1391 5369 1452 5422 τὸ
1490 5369 1673 5439 σχῆμα
1707 5369 1740 5438 ἡ
1775 5367 1993 5439 σελήνη.

639 5387 697 5421 is.
731 5387 798 5418 ιιι
825 5387 993 5421 euttto
1025 5387 1192 5422 rarts.
1223 5387 1362 5421 κατα
1391 5387 1452 5422 το
1490 5387 1673 5439 σχημα
1707 5387 1740 5438 η
1775 5387 1933 5439 σεΛην
1981 5410 1993 5421 .

639 5435 750 5518 (9⁸8)
783 5435 978 5518 “Editio
1005 5437 1189 5518 pasil.
1215 5455 1344 5518 cum
1388 5440 1720 5518 sexnnostris
1763 5453 1890 5518 mss.
1922 5387 2129 5518 ἦλίκον.

562 5505 740 5580 Editio
767 5505 957 5580 Paris.
995 5507 1177 5580 ἡλίκη.
1214 5509 1411 5564 Ibidem
1461 5507 1613 5564 Colb.
1655 5509 1922 5562 secundus
1943 5505 2134 5563 ’πᾶσαν

562 5576 736 5650 αὐγὴν
763 5576 1045 5650 ἐκπληροῖ.

635 5649 931 5723 tiffJLcolb.
945 5649 1245 5723 secundus
1262 5650 1669 5723 ἐγκεκραμένον
1702 5651 1760 5702 ὲν
1780 5649 1990 5723 ἐαυτῷ.

633 5715 713 5785 (ι)
748 5715 993 5787 Quinque
1022 5736 1151 5776 mss.
1188 5715 1312 5774 τότε
1351 5715 1448 5792 μὲν
1488 5715 1610 5793 τήν.
1652 5721 1789 5776 Editi
1817 5715 1952 5775 cum
2000 5721 2128 5791 Reg.

2253 4515 2382 4568 ποτὲ
2442 4513 2577 4585 πρὸς
2627 4512 2717 4564 τὸν
2775 4511 2902 4564 ἴδιον
2957 4510 3154 4563 κύκλον
3199 4509 3532 4581 ἀπαρτισθῇ,
3591 4509 3824 4582 ἀρχηγὸν

2250 4608 2475 4680 ἐποίησε
2503 4609 2602 4678 τῆς
2628 4607 2840 4670 νυκτός.
2870 4607 3064 4677 Σχεδὸν
3085 4604 3195 4676 γὰρ
3220 4605 3341 4657 τότε
3365 4593 3507 4658 κατά
3543 4605 3823 4676 διάμετρον

2249 4702 2298 4755 οἱ
2331 4701 2619 4771 φωστῆρες
2653 4699 2900 4770 ἀλληλοις
2948 4699 3444 4754 ἀντικαθίστανται.
3493 4697 3822 4750 ’Λνατέλλονο

2249 4809 2340 4855 τος
2375 4791 2472 4862 μὲν
2503 4792 2612 4864 γὰρ
2637 4791 2728 4846 τοῦ
2758 4791 2929 4862 ἡλίου,
2966 4792 3021 4843 ὲν
3054 4792 3175 4854 ταῖς
3204 4790 3558 4859 πανσελήνοις
3593 4790 3822 4859 καταφέ-

2251 4901 2402 4953 ρεται
2434 4884 2570 4956 πρὸς
2620 4885 2683 4938 τὸ
2718 4886 2924 4955 ἀφανὲς
2975 4885 3006 4955 ἡ
3053 4883 3270 4954 σελήνη·
3305 4883 3562 4953 δυομένου
3591 4882 3647 4935 δὲ
3675 4883 3823 4935 πάλιν

2241 4974 2336 5028 τοῦ
2367 4977 2540 5047 ἡλίου,
2578 4976 2715 5049 αὕτη
2740 4977 2998 5040 πολλάκις
3025 4974 3083 5041 ἐξ
3104 4975 3376 5028 ἀνατολῶν
3406 4974 3713 5045 ἀντανίσχει
3733 4976 3819 5046 (.l).

2233 5308 2427 5369 octavo
2457 5297 2579 5351 τότε
2625 5297 2683 5352 δὲ
2733 5299 2852 5368 τήν.
2906 5297 3198 5369 Aliquanto
3251 5307 3370 5369 post
3421 5297 3556 5368 ltrg.
3613 5299 3818 5366 quintus

2233 5366 2371 5423 εἶναι
2398 5369 2708 5422 κοινωνίαν.

2304 5441 2380 5509 (2)
2436 5440 2510 5510 lla
2547 5451 2782 5507 quatuor
2833 5453 2962 5493 mss.
3022 5439 3200 5510 Editio
3245 5438 3420 5494 Paris.
3460 5441 3493 5510 ἡ
3544 5438 3654 5510 γὰρ
3699 5439 3812 5494 σκιὰ

2233 5511 2401 5564 πᾶσα,
2441 5509 2601 5561 Deest
2625 5510 2754 5563 σκιά
2791 5510 2844 5562 in
2875 5511 3115 5564 editione
3144 5509 3307 5563 Basil.

2269 5581 2382 5702 0t?)
2442 5578 2594 5632 Coll).
2661 5581 2930 5635 secundus
3000 5579 3412 5650 ἀλλοτριώσεως
3473 5594 3805 5650 παρασκευα-

2304 5665 2476 5702 sane.

2235 5650 2476 5711 σθείσης.

2306 5667 2554 5791 ἰὲῗηᾶθε.
2594 5719 2800 5790 primus
2839 5720 3072 5792 ἀνίσχει.
