4082 6398
285 304 393 366 125

1389 298 1673 359 ΗΟΜΗΑῘΑ
1704 299 1780 358 Ἦ
1821 300 1888 357 1N
1928 287 2431 356 HEXAEMERON.

3446 300 3558 359 ηο

283 426 346 478 Ei
368 426 425 479 δέ
461 381 604 480 κατά
633 423 702 480 τὰ
729 424 865 481 ἀλλα
907 425 1163 496 σχήματα
1197 421 1260 475 οὐ
1296 419 1756 490 συναπαρτίζεται
1807 421 1859 489 τῇ

1979 417 2111 472 dore
2157 424 2304 470 astra
2347 428 2634 483 superans,
2683 423 2738 468 et
2784 413 3029 468 tellurem
3086 413 3362 470 illustraus
3405 431 3422 472 :
3476 415 3553 470 ita

278 519 440 571 νυκτὶ
467 519 530 573 τὸ
557 519 838 590 σεληναῖον
866 518 1002 589 φῶς,
1038 515 1188 570 οὐδὲν
1235 511 1373 582 πρὸς
1399 510 1492 564 τὸν
1522 510 1878 582 προκείμενον

1987 508 2245 576 temporis
2273 506 2444 576 spatia
2475 520 2598 560 eum
2630 505 2744 560 sole
2781 520 2846 559 ex
2875 521 3031 574 aquo
3055 508 3309 573 partitur.

278 608 458 679 λόγον,
495 610 642 682 Πλὴν
683 612 786 676 ὅτι,
837 611 965 664 ὅταν
1017 603 1216 674 έαυτῆς
1247 601 1561 672 τελειοτάτη
1595 617 1859 675 τυγχανῃ,
1899 601 2160 671 κατάρχει
2231 597 2329 668 μὲν
2381 598 2478 668 τῆς
2532 597 2726 660 νυκτὸς
2770 596 2850 668 τῷ
2904 595 3020 667 ἰδίῳ
3054 599 3194 666 φωτὶ
3236 597 3308 651 τὰ
3373 598 3552 669 ἄστρα

275 701 746 774 ὐπεραυγάζουσα
797 700 888 754 καὶ
917 697 1017 766 τὴν
1051 695 1154 766 γῆν
1193 693 1614 765 περιλάμπουσα
1645 694 1743 764 (5),
1777 692 1953 758 ἐξίσου
1979 692 2035 746 δὲ
2069 691 2217 774 πρὸς
2248 690 2338 742 τὸν
2366 689 2517 759 ἥλιον
2546 689 2641 742 τοῦ
2687 689 2881 760 χρόνου
2907 689 3194 760 διαιρεῖται
3238 689 3310 742 τά
3351 689 3547 761 μέτρα.

353 811 408 865 4.
433 812 540 866 Kal
563 813 839 866 ἔστωσαν
874 811 961 874 εὶς
982 805 1218 876 σημεῖα,
1253 806 1348 858 καί
1367 808 1455 872 είς
1477 805 1741 874 καιροὺς.
1768 805 1866 860 καὶ

265 903 370 968 ἐις
399 901 640 971 ἡμέρας,
665 897 761 951 καὶ
786 900 871 962 είς
892 897 1226 961 ἐνιαυτούς.
1275 896 1591 964 Ἀναγκαῖαι
1622 897 1759 968 πρὸς
1774 895 1883 949 τὸν¹

260 991 615 1064 ’ἀνθρώπινον
663 988 776 1059 βίον
805 990 858 1041 αἱ
903 988 1010 1041 ἀπὸ
1039 985 1147 1039 τῶν
1176 988 1359 1058 φωστή
1371 1004 1477 1058 ρων
1504 987 1861 1058 σημειώσεις.

292 1084 420 1138 Ἐάν
447 1084 555 1153 γὰρ
597 1083 670 1152 μή
726 1081 802 1152 (6)
839 1097 921 1143 τις
968 1080 1111 1150 πέρα
1140 1079 1234 1132 τοῦ
1272 1079 1472 1150 μέτρου
1506 1079 1574 1133 τά
1618 1081 1710 1135 ἀπ’
1767 1083 1866 1135 αὐ-

276 1174 390 1228 τῶν
421 1173 494 1241 (7)
529 1173 727 1240 σημεῖα
751 1167 1199 1240 περιεργάζηται»
1225 1168 1528 1240 χρησίμους
1553 1167 1731 1220 αὐτῶν
1766 1168 1864 1231 τὰς

259 1265 345 1318 ’ἐκ
387 1263 488 1333 τῆς
541 1261 758 1333 μακρᾶς
813 1259 1106 1331 ἐμπειρίας
1152 1264 1564 1330 παρατηρήσεις
1616 1259 1858 1330 εὑρήσει.

263 1356 460 1411 ’Πολλά
509 1355 606 1426 μὲν
639 1353 747 1425 γὰρ
778 1353 908 1424 περὶ
932 1353 1242 1424 ἐπομϐρίας
1282 1351 1400 1404 ἔστι
1437 1351 1653 1423 μαθεῖν,
1695 1351 1864 1407 πολλά

274 1448 334 1502 δὲ
362 1448 489 1518 περὶ
511 1445 736 1517 αὐχμῶν
767 1446 860 1498 καὶ
887 1445 1211 1515 πνευμάτων
1241 1449 1526 1516 κινήσεως,
1557 1445 1590 1516 ἢ
1623 1445 1862 1517 μερικῶν

358 1539 610 1603 καθόλου,
648 1537 837 1610 βιαίων
867 1538 898 1610 ἢ
928 1537 1247 1608 ἀνειμένων.
1280 1538 1376 1590 Ἐν
1405 1539 1513 1608 γάρ
1540 1555 1593 1591 τι
1624 1538 1732 1590 τῶν
1754 1538 1863 1591 ἀπὸ

275 1629 374 1683 τοῦ
398 1629 549 1700 ήλίου
591 1626 1102 1698 παραδεικνυμένων
1152 1627 1248 1680 καὶ
1295 1626 1324 1678 ὁ
1359 1626 1558 1698 Κύριος
1593 1628 1724 1698 ἡμῖν
1754 1644 1862 1679 πα-

2044 804 2098 860 4.
2132 773 2328 857 Ειέίηι
2350 805 2405 856 in
2435 803 2606 869 signa,
2638 811 2686 857 et
2711 805 2764 857 in
2793 813 3051 871 tempora,
3081 812 3128 857 et
3161 803 3214 857 in
3240 803 3376 865 dies,
3405 813 3452 857 et
3490 803 3545 855 in

1968 913 2155 949 annos.
2211 893 2544 950 Necessaria:
2595 904 2720 948 sunt
2767 896 2832 948 ad
2874 895 3158 948 humanam
3195 895 3357 948 vitam
3406 904 3546 948 nota:

1961 985 2315 1040 luminarium
2361 996 2521 1056 atque
2572 987 3015 1056 signiﬁcationes.
3071 985 3282 1038 Etenim
3333 985 3378 1040 si
3420 986 3546 1055 quis

1965 1079 2116 1149 signa
2139 1094 2326 1133 eorum
2356 1095 2462 1132 non
2495 1077 2632 1132 ultra
2669 1079 2886 1131 modum
2914 1078 3181 1145 explorat,
3209 1077 3366 1131 utiles
3393 1078 3538 1144 ipso-

1968 1187 2084 1226 rum
2119 1171 2524 1224 observationes
2553 1186 2620 1224 ex
2651 1170 2806 1241 longa
2855 1171 3186 1239 experientia
3217 1172 3535 1239 comperiet.

1966 1259 2126 1314 Multa
2161 1276 2393 1330 namque
2421 1260 2486 1314 de
2515 1259 2732 1329 pluviis,
2775 1260 2941 1314 multa
2971 1261 3036 1314 de
3060 1261 3327 1327 siccitate,
3363 1263 3539 1331 deque

1967 1365 2248 1409 ventorum
2285 1364 2452 1416 motu,
2488 1363 2596 1406 tum
2638 1354 3069 1423 particularium,
3099 1366 3209 1408 tum
3248 1356 3532 1410 universa-

1963 1446 2132 1512 lium,
2169 1447 2530 1501 violentorum
2579 1457 2672 1500 aut
2730 1448 3078 1502 remissorum
3128 1450 3337 1503 discere
3382 1450 3530 1505 licet.

1963 1537 2215 1594 Profecto
2245 1553 2408 1590 unum
2437 1537 2656 1606 aliquod
2686 1537 2814 1592 solis
2855 1540 3066 1606 signum
3098 1542 3260 1594 etiam
3283 1541 3543 1599 Dominus

1967 1631 2121 1684 nobis
2150 1630 2420 1698 exposuit,
2452 1645 2573 1683 cum
2617 1630 2694 1684 ait
2726 1648 2738 1683 :
2773 1628 3075 1698 Tempestas
3104 1632 3242 1688 erit:
3287 1634 3432 1687 triste
3463 1643 3538 1688 est

277 1722 584 1793 ραδέδωκεν
609 1719 685 1791 (8)
722 1718 912 1782 εἰπὼν,
957 1719 1040 1771 ὅτι
1066 1717 1294 1788 Χειμὼν
1331 1719 1522 1773 ἔσται·
1549 1717 1859 1789 στὺγνάζει

1962 1725 2100 1778 enim
2141 1723 2328 1776 rubens
2369 1722 2556 1776 caelum
2589 1722 2654 1777 “.
2691 1723 2823 1778 Cum
2855 1724 2998 1776 enim
3045 1739 3146 1792 per
3181 1725 3427 1779 nebulam
3481 1725 3542 1780 iit.

272 1814 390 1882 τεῳ
427 1811 733 1881 πυρῤἁζων
760 1813 794 1865 ὁ
835 1811 1112 1879 οὐρανός.
1153 1811 1404 1864 Ἐπειδὰν
1435 1811 1542 1882 γὰρ
1563 1811 1629 1864 δι’
1664 1811 1864 1882 ἀχλύος

276 1907 312 1974 ἢ
341 1903 592 1975 ἀναφορὰ
640 1902 862 1974 γένηται
911 1903 1003 1955 τοῦ
1034 1903 1210 1974 ἡλίου,
1241 1903 1614 1975 ἁμαυροῦνται
1648 1905 1745 1974 μὲν
1804 1905 1861 1956 αἱ

274 1998 514 2058 ἀκτῖνες,
553 1993 906 2066 ἀνθρακώδης
930 1993 986 2046 δὲ
1017 1997 1111 2048 καὶ
1133 1993 1372 2065 ὐφαιμος
1405 1995 1503 2066 τὴν
1527 1994 1698 2066 χρόαν
1729 1995 1862 2066 ὁρᾶ-

275 2107 390 2152 ται,
420 2089 518 2160 τῆς
541 2087 846 2158 παχύτητος
879 2085 970 2138 τοῦ
993 2086 1154 2156 ἀέρος
1185 2086 1388 2157 ταύτην
1413 2085 1748 2157 ἐμποιούσης
1763 2086 1862 2158 τὴν

277 2181 580 2250 φαντασίαν
627 2181 748 2242 ταῖς
797 2177 972 2248 ὄψεσι.
1031 2180 1121 2251 Μὴ
1171 2179 1447 2248 διαχυθεὶς
1500 2179 1556 2231 δὲ
1615 2178 1720 2231 ὐπὸ
1763 2179 1862 2248 τῆς

274 2271 496 2332 ἀκτῖνος
514 2271 542 2321 ό
563 2267 988 2338 πεπυκνωμένος
1009 2269 1144 2332 τέως
1163 2269 1256 2320 καὶ
1279 2265 1549 2330 συνεστὼς
1574 2267 1681 2338 ἀὴρ
1703 2266 1862 2336 δῆλός

269 2366 395 2418 ἐστι
419 2365 506 2418 διά
533 2363 631 2434 τὴν
661 2361 946 2433 ἐπίρῤοιαν
981 2361 1086 2414 τῶν
1133 2364 1197 2414 ἐκ
1235 2361 1332 2430 τῆς
1372 2363 1474 2431 γῆς
1503 2360 1691 2430 ἀτμῶν
1721 2378 1859 2429 κρα-

271 2453 509 2526 τηθῆναι
545 2453 618 2522 μὴ
641 2450 908 2521 δυνηθεὶς,
943 2449 1080 2503 ἀλλά
1106 2449 1182 2520 τῷ
1215 2449 1538 2520 πλεονασμῷ
1562 2449 1654 2502 τοῦ
1689 2449 1858 2518 ὑγροῦ

271 2545 524 2618 χειμῶνα
553 2542 769 2606 ἐπάξων
801 2546 912 2605 τοῖς
941 2543 1162 2613 χωρίοις
1205 2543 1330 2613 περὶ
1359 2541 1394 2595 ἀ
1425 2541 1856 2613 συναθροίζεται.

285 2634 520 2705 Ὁμοίως
547 2633 604 2686 δὲ
630 2634 724 2685 καὶ
747 2631 1016 2701 ἐπειδάνή
1042 2631 1239 2702 σελήνη
1267 2648 1330 2684 πε
1343 2630 1743 2703 ρελιμνάξηται·
1766 2633 1859 2683 καὶ

252 2725 356 2797 τῷ
373 2725 510 2798 ἡλίῳ
535 2724 592 2777 δὲ
620 2725 746 2778 ὅταν
779 2725 833 2776 αἱ
866 2723 1157 2794 λεγόμεναι
1191 2723 1361 2786 ἆλωες
1401 2723 1474 2793 (9)
1508 2722 1860 2794 περιγραφῶ-

253 2836 384 2880 -σιν,
413 2815 655 2886 ῆῦδατος
675 2816 734 2868 ἀε
745 2815 858 2887 ρίου
893 2815 1114 2886 πλῆθος,
1134 2816 1166 2886 ἢ
1189 2815 1510 2886 πνευμάτων
1543 2815 1856 2886 βιαίωνῌΟ)

270 2909 492 2980 κίνησιν
527 2909 942 2978 ὐποφαίνουσινο
977 2908 1010 2979 ἢ
1049 2908 1163 2970 καὶ,
1197 2906 1293 2970 οὓς
1336 2905 1696 2978 ὀνομάζουσιν
1738 2906 1859 2960 ἀνθ-

271 3003 482 3076 ηλίους,
501 3003 628 3056 ὅταν
657 3002 1135 3074 συμπεριτρέχωσι
1155 2989 1225 3072 τῇ
1252 3000 1346 3054 τοῦ
1372 3000 1521 3072 ἡλίου
1545 3002 1705 3072 φορᾷ,
1727 3017 1859 3069 συμο

274 3095 586 3165 πτωμάτων
618 3094 779 3147 τινῶν
815 3094 1012 3165 ἀερίων
1038 3098 1239 3165 σημεῖα
1263 3093 1489 3162 γίνεται.
1521 3094 1734 3165 Ὥσπερ
1764 3087 1856 3145 οὗν

1964 1817 2094 1872 solis
2121 1832 2379 1871 ascensus
2399 1857 2414 1881 ,
2444 1819 2814 1871 obscurantur
2841 1817 3056 1886 quidem
3089 1819 3222 1871 radii
3256 1837 3270 1883 ;
3309 1820 3404 1874 sed
3456 1819 3536 1875 sol

1965 1906 2256 1960 carbonum
2296 1905 2348 1960 in
2379 1921 2582 1960 morem
2619 1907 2847 1960 rutilaus
2876 1916 2927 1960 et
2959 1906 3142 1960 colore
3171 1909 3536 1964 subcruentus

1963 1997 2329 2064 conspicitur,
2379 1997 2520 2050 hanc
2566 1997 2739 2051 oculis
2794 1998 3026 2067 speciem
3073 1999 3366 2067 objiciente
3395 2001 3536 2054 aeris

1962 2091 2345 2144 crassitudine.
2379 2090 2602 2144 Constat
2630 2101 2806 2144 autem
2853 2105 3032 2144 aerem
3064 2090 3209 2144 illum
3236 2091 3537 2146 condensa-

1966 2191 2075 2235 tum
2107 2197 2171 2236 ac
2195 2191 2557 2251 compactum,
2587 2197 2705 2236 cum
2728 2199 2756 2235 a
2791 2183 2942 2237 radio
2967 2199 3068 2237 non
3101 2183 3438 2250 diil‘unditur,
3467 2185 3536 2239 ob

1964 2289 2222 2342 vaporum
2254 2290 2284 2329 e
2321 2285 2464 2329 terra
2504 2278 2912 2348 exsurgentium
2949 2276 3236 2330 ﬂuxionem
3264 2276 3534 2331 contineri

1962 2382 2068 2420 non
2093 2381 2248 2433 posse
2270 2385 2284 2419 :
2306 2367 2398 2420 sed
2431 2367 2482 2420 in
2512 2369 2595 2421 bis
2629 2369 2939 2437 regionibus
2961 2369 3106 2422 circa
3139 2385 3272 2434 quas
3300 2370 3532 2438 cogitur,

1963 2465 2350 2524 tempestatem
2387 2459 2456 2511 ob
2491 2459 2734 2512 butum-is
2775 2461 2984 2527 copiam
3014 2461 3396 2512 excitaturum.
3440 2459 3533 2512 Si-

1962 2547 2161 2599 militer
2181 2547 2345 2600 etiam
2371 2561 2492 2600 cum
2521 2546 2796 2600 undelibet
2823 2559 3096 2616 restagnat
3121 2549 3266 2604 luna.
3296 2557 3349 2601 et
3371 2561 3531 2612 arcae,

1961 2654 2096 2708 quas
2120 2647 2334 2703 vocant,
2371 2637 2534 2692 solem
2563 2639 3038 2704 circumscribunt,
3079 2650 3203 2694 tunc
3237 2650 3329 2693 aut
3380 2655 3534 2710 aqua)

1962 2745 2135 2785 aerea:
2177 2732 2602 2792 abundantiam,
2642 2741 2736 2784 aut
2788 2731 3190 2786 vehementium
3246 2745 3532 2788 ventorum

1961 2833 2168 2877 motum
2203 2823 2512 2889 signiﬁcant
2544 2841 2558 2877 :
2590 2823 2883 2893 quinetiam
2915 2825 2947 2877 ii
2976 2839 3113 2896 quos
3143 2827 3399 2879 adversos
3449 2841 3534 2879 so.

1961 2915 2038 2970 les
2059 2914 2353 2985 appellant,
2380 2914 2593 2984 quando
2619 2929 2723 2967 una
2749 2931 2868 2968 cum
2893 2915 3023 2970 solis
3047 2918 3398 2971 conversione
3421 2919 3525 2970 eir-

1959 3016 2334 3068 cumeursant,
2380 3004 2650 3058 aeriorum
2705 3006 3059 3073 quorumdam
3118 3021 3340 3060 casuum
3397 3009 3532 3060 liunt

1963 3097 2243 3166 praesagia.
2281 3095 2358 3149 lla
2391 3103 2444 3150 el
2469 3093 2633 3164 virga:
2666 3094 2769 3148 illze
2797 3111 2915 3163 qua:
2945 3095 3098 3151 iridis
3131 3098 3412 3151 imitantur
3436 3114 3531 3152 co-

274 3188 373 3240 καὶ
393 3187 450 3239 αί
477 3185 682 3257 ῥάϐδοι,
709 3188 763 3239 ari
789 3187 929 3239 κατά
958 3185 1055 3257 τὴν
1087 3187 1251 3257 χρόαν
1273 3185 1372 3255 τῆς
1407 3185 1572 3256 ἴριδος
1599 3186 1678 3247 είς
1700 3184 1857 3255 ὀρθὸν

1961 3188 2152 3251 larem,
2192 3203 2255 3242 ac
2297 3196 2455 3241 rectm
2491 3188 2542 3240 in
2590 3188 2820 3241 nubibus
2864 3197 3162 3256 apparent,
3195 3189 3405 3258 pluvias
3436 3201 3531 3247 aut

271 3279 391 3340 τοῖς
421 3277 637 3345 νέφεσιν
676 3275 1092 3346 ἐμφαινόμεναι,
1133 3274 1428 3346 ὄμϐρουςῆ
1468 3273 1743 3345 χειμῶνας
1771 3274 1858 3338 ἐξ-

275 3370 511 3433 αισίους,
535 3369 567 3440 ἢ
589 3369 724 3432 ὅλως
752 3369 848 3440 τὴν
873 3369 965 3420 ἐπὶ
999 3369 1244 3421 πλεῖστον
1265 3367 1565 3439 μεταϐολὴν
1590 3367 1681 3419 τοῦ
1700 3366 1859 3438 ἀέρος

278 3461 664 3514 ἐνδείκνυνται.
727 3460 904 3514 Πολλά
959 3460 1016 3513 δὲ
1049 3462 1144 3512 καὶ
1186 3460 1315 3530 περὶ
1358 3459 1590 3530 σελήνην
1622 3459 1858 3528 αὐξομέ-

277 3571 377 3625 νην
415 3554 521 3624 (Η)
548 3553 580 3623 ἦ
621 3551 891 3622 λήγουσαν
927 3553 977 3606 oi
1009 3552 1220 3615 τούτοις
1250 3551 1603 3622 ἐσχολακότες
1631 3551 1860 3622 τετηρή-

277 3664 410 3702 κασι
446 3646 743 3718 σημειώδη,
797 3647 870 3710 ῶς
897 3645 992 3700 τοῦ
1043 3647 1171 3718 περὶ
1224 3646 1324 3716 γῆν
1360 3645 1520 3716 ἀέρος
1547 3645 1859 3713 ἀναγκαίως

259 3744 392 3804 τοῖς
424 3742 693 3810 σχήμασιν
719 3740 888 3810 αὐτῆς
911 3737 1510 3810 συμμεταϐαλλομένου.
1546 3736 1730 3806 Aemi}
1761 3736 1858 3806 μὲν

263 3829 391 3900 γὰρ
424 3825 558 3882 οὖσα
591 3829 719 3900 περ).
744 3829 932 3900 τρίτην
954 3827 1169 3900 ἡμέραν
1191 3828 1285 3880 κα)¹
1313 3826 1552 3897 καθαρὰ,
1592 3826 1857 3897 σταθερὰν

278 3923 468 3976 εὐδίαν
499 3920 1017 3989 κατεπαγγέλλεται·
1054 3923 1252 3990 παχεῖα
1279 3919 1336 3972 δὲ
1362 3922 1479 3982 ταῖς
1493 3917 1739 3990 κεραίαις
1765 3919 1860 3971 καὶ

280 4011 590 4083 ὑπέρυθρος
608 4010 924 4082 φαινομένη,
946 4010 979 4081 ἢ
1009 4010 1117 4078 (12)
1141 4008 1283 4081 ὕδωρ
1307 4008 1504 4080 λάϐρον
1530 4008 1636 4061 ἀπὸ
1659 4007 1856 4077 νεφῶν,

365 4103 518 4156 νότου
569 4100 748 4172 βιαίαν
777 4101 988 4172 κίνησιν
1043 4099 1273 4153 ἀπειλεῖ.
1306 4099 1417 4170 Τὴν
1454 4099 1510 4152 δὲ
1539 4098 1604 4151 ἐκ
1654 4098 1857 4151 τούτων

282 4194 586 4268 σημείωσιν
627 4195 749 4246 ὅσον
785 4192 862 4264 τῷ
895 4191 992 4263 βίῳ
1025 4191 1320 4262 παρέχεται
1350 4191 1412 4244 τὸ
1439 4190 1733 4262 ὠφέλιμον,
1774 4188 1858 4254 τίς

278 4289 502 4356 ἀγνοεῖς
529 4283 745 4348 Ἔξεστι
792 4283 890 4353 μὲν
915 4281 1022 4352 γάρ
1055 4279 1132 4351 τῷ
1186 4279 1427 4350 πλωτῆρι
1457 4278 1586 4332 εἴσω
1621 4277 1856 4349 λιμένων

1960 3280 2204 3349 ingentes
2262 3280 2545 3348 procellas,
2598 3289 2691 3335 aut
2754 3281 2986 3348 denique
3053 3281 3343 3336 maximam
3387 3283 3532 3340 aeris

1960 3370 2390 3424 immutationem
2439 3373 2793 3440 portendunt;
2845 3371 3007 3425 Multa
3060 3389 3277 3442 quoque
3326 3374 3530 3430 indicia

1958 3461 2101 3514 circa
2131 3469 2467 3513 crescentem
2500 3460 2582 3514 vel
2612 3461 2924 3513 decrescent
2945 3477 3027 3511 em
3060 3461 3238 3513 lunam
3271 3462 3528 3516 observa-

1963 3560 2179 3616 verunt,
2212 3551 2303 3620 qui
2347 3551 2510 3605 rebus
2559 3551 2676 3604 istis
2712 3566 2932 3620 operam
2982 3551 3529 3623 impemlerezquasi

1961 3657 2055 3696 aer
2079 3651 2237 3696 terra:
2258 3640 2642 3706 circumfusus,
2673 3642 2836 3694 simul
2868 3657 2988 3694 cum
3028 3643 3193 3712 ipsius
3217 3645 3403 3713 tignris
3431 3660 3528 3699 nec

1958 3731 2195 3783 cessario
2229 3741 2584 3799 permutetur.
2627 3731 2760 3784 Cum
2784 3730 2928 3784 enim
2962 3732 3106 3785 circa
3137 3734 3354 3788 tertium
3382 3734 3523 3788 diem

1961 3821 2141 3874 tenuis
2169 3830 2252 3875 est
2283 3829 2335 3875 et
2372 3837 2526 3890 pura,
2567 3822 2777 3877 ﬁrmam
2828 3833 3277 3891 constantemque
3319 3828 3529 3881 sereni-

1963 3919 2126 3964 tatem
2166 3912 2537 3981 prtenuntiat:
2581 3915 2664 3968 sin
2709 3926 2890 3968 autem
2928 3917 3186 3969 cornibus
3219 3931 3403 3973 crassa
3431 3962 3445 3982 ,
3469 3927 3528 3973 et

1959 4001 2364 4057 subrubicunda
2409 4005 2671 4070 cernitur,
2701 4014 2797 4058 aut
2825 4006 3095 4076 copiosam
3127 4021 3322 4074 aquam
3350 4022 3380 4061 e
3420 4023 3526 4064 nu-

1957 4095 2116 4150 bibus
2144 4093 2567 4164 lapsuram,‘aut
2598 4097 2885 4151 violentam
2914 4098 3083 4152 austri
3121 4100 3412 4154 motionem
3442 4099 3527 4152 iu-

1957 4194 2136 4241 turam
2167 4187 2422 4242 minatur.
2451 4187 2569 4242 Jam
2601 4202 2729 4242 vero
2761 4199 3022 4257 quantum
3052 4187 3281 4242 aﬂ'erant
3311 4189 3517 4242 utilita—

1957 4280 2028 4334 tis
2065 4279 2249 4347 generi
2293 4282 2528 4334 humano
2564 4280 2824 4334 harmnce
2859 4295 3040 4334 rerum
3090 4281 3522 4346 observationes,

282 4377 536 4448 κατέχειν
574 4375 634 4428 τὸ
663 4373 887 4443 σκάφος,
919 4374 1044 4436 τοὺς
1081 4373 1144 4424 ὲκ
1173 4370 1280 4424 τῶν
1305 4371 1629 4441 πνευμάτων
1673 4368 1854 4423 κινδύ-

1961 4373 2078 4442 quis
2109 4371 2358 4441 ignorat?
2387 4369 2520 4425 Nam
2559 4381 2736 4425 nauta:
2769 4385 2959 4424 navem
2997 4373 3135 4425 intra
3166 4384 3354 4440 portus
3391 4386 3525 4427 con-

278 4487 408 4531 νους
435 4466 824 4540 προορωμένῳ·
865 4463 1042 4530 ἔξεστι
1072 4463 1129 4516 δὲ
1155 4461 1235 4533 τῷ
1274 4461 1539 4533 ὁδοιπόρῳ
1573 4461 1854 4533 πόρρωθεν

281 4559 551 4614 ἐκκλίνειν
593 4557 691 4621 τάς
717 4555 938 4628 βλάϐας,
965 4555 1029 4609 ἐκ
1050 4554 1146 4626 τῆς
1175 4553 1532 4624 στυγνότητος
1571 4552 1665 4606 τοῦ
1696 4553 1854 4625 ἀέρος

278 4653 381 4723 τὴν
416 4648 714 4722 μεταϐολὴν
765 4646 1104 4719 ἀναμένοντι.
1155 4645 1392 4717 Γεωργοὶ
1416 4645 1494 4708 δὲ,
1515 4645 1578 4726 ὀί
1614 4644 1739 4716 περὶ
1785 4644 1853 4698 τά

282 4745 577 4816 σπέρματα
609 4744 702 4796 καὶ
730 4741 828 4805 τὰς
853 4740 958 4794 τῶν
976 4737 1156 4809 φυτῶν
1185 4737 1479 4811 θεραπείας
1518 4737 1850 4808 πονούμενοι,

282 4840 465 4902 πάσας
515 4835 762 4890 ἐντεῦθεν
796 4835 1107 4906 εὑρίσκουσι
1141 4831 1240 4895 τὰς
1287 4830 1571 4904 εὐκαιρίας
1600 4830 1708 4883 τῶν
1762 4830 1852 4900 ἔρ-

283 4946 417 4999 γων.
451 4927 591 4997 Ἤδη
615 4925 670 4980 δέ
701 4925 795 4978 καὶ
826 4925 924 4995 τῆς
951 4922 1042 4976 τοῦ
1073 4923 1272 4984 παντὸς
1315 4919 1606 4983 διαλύσεως
1633 4921 1690 4974 ἐν
1717 4918 1852 4990 ἡλίῳ

275 5022 379 5075 ,καὶ
415 5019 612 5093 σελήνῃ
643 5019 736 5072 καὶ
758 5017 977 5090 ἄστροις
1003 5013 1202 5086 σημεῖα
1229 5012 1560 5084 φανήσεσθαι
1592 5013 1620 5063 ὁ
1649 5011 1852 5084 Κύριος

355 5177 401 5209 ⁸⁸
439 5177 626 5233 Matth.
654 5193 766 5242 xvt,
800 5175 854 5230 5.
902 5167 916 5170 ’
950 5166 958 5171 ’

356 5295 435 5368 (5)
479 5295 673 5368 Regius
704 5293 908 5363 primus
930 5299 984 5346 et.
1005 5289 1155 5345 Colb.
1180 5289 1447 5344 secundus
1477 5286 1568 5339 καὶ
1599 5283 1695 5357 τὴν
1727 5284 1840 5338 κτί-

279 5385 368 5422 σιν
388 5366 842 5438 Απεριλάμπουσα.
950 5431 961 5438 _
1027 5429 1060 5438 _
1255 5431 1266 5438 _
1337 5429 1349 5438 ,
1523 5427 1584 5438 ,.

354 5435 431 5508 (6)
466 5429 730 5491 Ειιὶιῖὲὰν
762 5434 872 5504 γὰρ
897 5431 992 5502 μή.
1027 5429 1182 5485 Deest
1203 5431 1311 5502 γάρ
1337 5429 1389 5484 in
1417 5429 1616 5484 nostris
1645 5434 1850 5496 septem

279 5523 436 5648 misi)
478 5576 700 5648 codices
723 5574 826 5628 duo
850 5569 1166 5648 err‘_air_:tbv.
1195 5570 1569 5648 Alii__quatnor
1601 5583 1729 5620 mss.

281 5639 485 5703 αὐτῶν.
524 5645 659 5700 Ειιίιί
705 5661 834 5700 vero
875 5643 967 5695 ὑπ’
1003 5641 1202 5697 αὐτῶν.
1247 5641 1536 5709 Aliquanto
1566 5648 1686 5710 post
1724 5639 1850 5693 editi

283 5717 460 5772 πολλὰ
488 5717 545 5771 δὲ
575 5715 689 5770 καί.
729 5715 882 5770 Deest
908 5711 1000 5765 καί
1026 5714 1074 5764 in
1107 5712 1339 5779 quinque
1370 5725 1497 5765 mss.

255 5867 289 5888 η
357 5789 538 5862 (8)1ta
581 5796 786 5856 Septem
823 5798 950 5840 mss.
998 5777 1136 5837 Βιίίιῖ
1171 5777 1502 5852 παρέδωκεν.
1543 5777 1705 5836 Coisl.
1743 5779 1853 5849 pri-

1960 4466 2130 4518 tinere
2160 4463 2305 4526 licet,
2342 4461 2581 4532 pericula
2620 4477 2652 4518 e
2694 4461 2869 4516 ventis
2914 4462 3280 4531 impendentia
3325 4463 3520 4533 prtevi-

1959 4554 2126 4610 denti.
2154 4553 2258 4608 Fas
2283 4563 2366 4608 est
2394 4554 2586 4608 viatori
2619 4555 2831 4610 eminus
2856 4555 3196 4610 incommoda
3223 4553 3521 4626 declinare,

1959 4662 2022 4701 ex
2049 4647 2168 4702 caeli
2197 4646 2413 4700 tristitia
2442 4647 2584 4702 aeris
2613 4647 2965 4702 mutationem
2984 4649 3339 4716 exspectanti.
3364 4649 3524 4718 Agri-

1960 4736 2090 4790 cola:
2117 4751 2352 4806 quoque,
2375 4736 2464 4804 qui
2490 4737 2637 4790 circa
2665 4737 2871 4790 semina
2905 4753 2968 4791 ac
2991 4739 3294 4807 plantarum
3317 4739 3519 4793 cultmn

1958 4836 2312 4895 occupantur,
2366 4826 2493 4880 inde
2535 4826 2842 4894 coniectant
2881 4842 3094 4883 omnem
3151 4829 3520 4886 faciendorum

1957 4933 2178 4985 Operam
2223 4919 2700 4988 opportunitatem.
2747 4919 2854 4992 54
2887 4919 3002 4974 Jam
3040 4937 3170 4976 vero
3201 4931 3256 4976 et
3287 4923 3519 4978 dissolu-

1959 5011 2119 5064 tionis
2145 5010 2380 5066 universi
2411 5010 2565 5080 signa
2605 5011 2660 5066 in
2689 5014 2803 5068 sole
2832 5013 3068 5083 lunaque
3098 5023 3155 5069 et
3182 5016 3347 5072 astris
3372 5031 3514 5086 prte-

1948 5298 2070 5338 mtts
2096 5284 2409 5354 παρέδωκεν
2435 5284 2610 5356 ήμῖνλ

1953 5424 1989 5437 ﬁ
2126 5354 2350 5437 Codices
2408 5357 2513 5437 duo
2559 5357 2782 5437 ἆλῃοες..
2811 5355 2978 5437 Begii
3024 5356 3205 5411 itidem
3252 5355 3357 5409 duo
3390 5369 3514 5412 cum

1948 5424 2115 5480 Coisl.
2144 5425 2382 5479 secundo
2409 5425 2601 5490 ἆλωες.
2633 5428 2771 5482 Editi
2809 5424 2973 5491 ἄλως.

2021 5495 2132 5565 (l0)
2173 5495 2348 5549 Editio
2383 5497 2542 5550 Basil.
2569 5513 2688 5552 cum
2723 5499 2958 5566 quinque
2992 5512 3123 5551 mss.
3151 5493 3350 5566 βιαίαν.
3385 5493 3515 5552 Edi-

1948 5565 2231 5638 tioifaris.
2257 5582 2385 5638 cum
2411 5567 2619 5620 duobus
2648 5565 2767 5622 aliis
2796 5565 2920 5638 mss.
2960 5565 3168 5638 βιαίων.

2155 5636 2511 5710 (lodicesdup
2545 5638 2770 5709 σελήνην
2807 5636 3196 5710 αὐξανομένην.

2018 5703 2129 5778 (12)
2166 5705 2240 5778 Ita
2271 5707 2438 5778 editio
2467 5707 2627 5764 Basil.
2658 5703 2779 5764 cum
2817 5703 3160 5778 tttultis'mss.
3198 5703 3372 5778 Editio
3411 5703 3515 5764 Pa-

1947 5773 2042 5835 ris.
2066 5777 2100 5832 il
2125 5775 2239 5832 καί.
2269 5773 2470 5835 ibidem
2497 5778 2648 5836 Colb.
2686 5781 2951 5838 secundus
2975 5775 3083 5830 ὑπὸ
3109 5776 3308 5846 νεφῶν.
