4082 6398
345 294 449 350 1Ξ9

1433 287 1718 346 HOMILIA
1765 289 1830 346 Vl
1873 290 1939 347 IN
1977 290 2482 346 llEXAEMERON.

3503 296 3601 352 150

337 413 389 464 εἰ
416 409 512 481 τὴν
545 409 826 480 ἀκρίϐειαν
876 405 1077 474 ταύτην
1107 402 1198 474 τῆς
1245 401 1335 454 τοῦ
1370 403 1561 474 χρόνου
1603 404 1905 476 διαιρέσεως

2023 420 2151 460 vare
2176 405 2404 475 possint.
2438 402 2571 458 Nam
2601 402 2927 474 simulatque
2975 413 3138 461 natus
3167 397 3249 461 est
3271 422 3428 475 puer,
3456 412 3597 478 quod

339 501 623 556 ἀποσῶσαι
661 498 996 565 δυνήσονται.
1044 493 1207 565 Ὀμοῦ
1250 511 1303 547 τε
1351 495 1456 565 γὰρ
1487 495 1680 566 ἐτέχθη
1707 497 1767 548 τὸ
1799 513 1922 549 παι-

334 596 470 654 δίον,
514 595 601 646 καὶ
635 591 668 658 ὴ
707 590 841 657 μαῖα
873 589 1214 640 -κατασκοπεῖ
1255 587 1316 638 τὸ
1370 587 1624 655 γεννηθὲν
1671 587 1837 659 ἄρρεν
1888 587 1920 655 ἢ

336 685 495 757 θῆλυ·
519 677 635 733 εἶτα
667 679 924 748 ἀναμένει
951 679 1041 731 τὸν
1063 677 1360 748 κλαυθμὸν,
1392 679 1530 748 ὅπερ
1563 681 1786 750 σημεῖόν
1808 681 1921 732 ἐστι

335 779 430 843 τῆς
487 772 631 842 ζωῆς
663 773 755 824 τοῦ
788 773 1086 841 τεχθέντος.
1125 773 1270 824 Πόσα
1315 771 1490 841 βούλει
1541 774 1598 824 ὲν
1640 772 1812 842 τούτῳ
1843 775 1921 843 τῷ

332 867 509 937 χρόνῳ
535 865 911 937 παραδραμεῖν
941 865 1237 936 ἑξηκοστά;
1267 859 1398 918 Εἶπε
1435 865 1544 936 (20)
1567 866 1641 936 τῷ
1670 867 1918 936 Χαλδαίῳ

330 957 394 1010 τὸ
426 956 702 1026 γεννηθέν.
735 955 834 1009 Διά
865 957 1066 1018 πόσων,
1087 955 1284 1024 βούλει,
1315 954 1496 1026 Θῶμεν
1514 955 1622 1008 τῶν
1653 956 1916 1009 λεπτοτά-

329 1067 440 1101 των
483 1049 582 1118 τῆς
625 1047 791 1119 μαίας
819 1048 918 1118 τὴν
952 1047 1138 1118 φωνὴν
1179 1048 1491 1119 παρελθεῖν·
1529 1048 1702 1110 ἄλλως
1734 1066 1793 1101 τε
1824 1049 1916 1101 καὶ

332 1141 558 1212 εἰτύχοι
604 1142 712 1210 (2|)
756 1139 860 1203 ἔξω
910 1139 1006 1209 τῆς
1058 1139 1498 1206 γυναικωνίτιδος
1544 1137 1713 1202 ἑστὼς
1748 1141 1776 1192 ὁ
1818 1139 1915 1210 τὴν

331 1234 484 1304 ὥραν
511 1233 933 1302 ἀποτιθέμενοςς
965 1233 1054 1283 Δεῖ
1089 1231 1198 1302 γὰρ
1231 1230 1319 1282 τὸν
1354 1229 1420 1282 τὰ
1449 1231 1790 1301 ὡροσκοπεῖα
1813 1247 1913 1282 κα-

328 1327 596 1399 ταμαθεῖν
635 1324 892 1396 μέλλοντα
920 1323 1052 1394 πρὸς
1088 1323 1367 1394 ἀκρίϐειαν
1396 1323 1492 1394 τὴν
1513 1321 1659 1394 ὥραν
1680 1322 1915 1393 ἀπογρά-

331 1418 548 1488 φεσθαι,
588 1416 695 1468 εἴτε
731 1413 969 1485 ἡμερινά
1000 1413 1192 1477 ταῦτα,
1231 1414 1338 1466 εἴτε
1379 1412 1670 1485 νυκτερινὰ
1713 1413 1914 1482 τυγχά-

333 1529 432 1564 νοι.
465 1509 650 1562 Πόσων
684 1505 991 1577 ἑξηκοστῶν
1023 1506 1223 1576 σμῆνος
1258 1507 1312 1558 ὲν
1339 1505 1511 1576 τούτῳ
1553 1505 1712 1559 πάλιν
1743 1519 1913 1575 παρα-

331 1603 512 1675 τρέχει
541 1599 616 1669 τῷ
637 1597 848 1670 χρόνῳ;
880 1597 1118 1667 Ἀνάγκη
1148 1597 1255 1669 γὰρ
1272 1597 1560 1668 εὑρεθῆναι
1576 1597 1667 1650 τὸν
1682 1597 1914 1668 ὡροσκο-

331 1692 538 1746 ποῦντα
558 1688 761 1758 ἀστέρα
787 1687 845 1739 ού
874 1687 1031 1757 μόνον
1063 1688 1202 1740 κατά
1239 1689 1437 1740 πόστου
1465 1687 1576 1758 (‘22)
1607 1687 1912 1758 δωδεκατη-

330 1787 522 1858 μορίου
549 1784 718 1846 ἐστὶν,
747 1781 885 1835 ἀλλά
914 1781 1008 1834 καὶ
1038 1781 1180 1834 κατὰ
1207 1781 1363 1845 ποίας
1404 1781 1596 1854 μοίρας
1629 1779 1721 1832 τοῦ
1755 1780 1911 1833 δωδε-

331 1877 688 1951 κατημορίου,
721 1876 817 1928 καὶ
846 1875 904 1927 ὲν
951 1875 1133 1946 πόστῳ
1183 1873 1480 1946 ἑξηκοστῷ,
1521 1876 1600 1936 είς
1630 1873 1664 1927 ἀ
1707 1872 1910 1942 ἔφαμεν

328 1967 653 2040 διαιρεῖσθαι
679 1967 776 2037 τὴν
807 1967 998 2037 μοῖραν
1019 1967 1150 2036 (25)·
1178 1967 1232 2036 ἦ,
1253 1967 1338 2019 ἵνα
1358 1966 1416 2019 τὸ
1438 1965 1663 2036 ἀκριϐὲς
1692 1965 1907 2036 εὑρεθῇ,

328 2067 387 2116 ἐν
442 2061 623 2130 πόστῳ
654 2058 930 2129 ἑξηκοστῷ
985 2059 1092 2112 τῶν
1135 2057 1582 2130 ὑποδιῃρημένων
1638 2058 1745 2111 ἀπὸ
1801 2058 1909 2111 τῶν

328 2155 562 2226 πρώτων
602 2153 929 2222 ὲξηκοστῶν.
987 2153 1096 2206 Καὶ
1145 2151 1344 2223 ταύτην
1395 2153 1492 2223 τὴν
1522 2152 1664 2205 οὕτω
1711 2153 1910 2223 λεπτὴν

327 2245 425 2298 καὶ
486 2242 866 2312 ἀκατάληπτον
915 2241 1131 2312 εὕρεσιν
1162 2242 1252 2295 τοῦ
1308 2242 1496 2314 χρόνου
1535 2244 1620 2312 ἐφ’
1682 2244 1908 2296 ἑκάστου

327 2335 440 2388 τῶν
483 2332 766 2404 πλανητῶν
807 2333 1100 2400 ἀναγκαῖον
1134 2328 1270 2386 εἶναι
1322 2333 1589 2387 ποιεῖσθαι
1642 2335 1906 2402 λέγουσιν,

323 2427 472 2482 ῶστε
531 2426 818 2498 εὑρεθῆναι
874 2424 1120 2496 ποταπὴν
1179 2421 1320 2496 εἶχον
1373 2427 1554 2496 σχέσιν
1605 2428 1739 2500 πρὸς
1786 2430 1910 2491 τοὺς

327 2519 609 2583 ἀπλανεῖς,
641 2519 735 2572 καὶ
764 2516 1006 2570 ποταπὸν
1040 2511 1108 2588 ἧν
1129 2515 1189 2570 τὺ
1223 2518 1406 2589 σχῆμα
1459 2518 1634 2572 αὐτῶν
1659 2519 1792 2590 πρὸς
1817 2521 1908 2572 ἀλ-

327 2612 524 2683 λήλους
556 2611 612 2664 ὲν
653 2613 718 2681 τῇ
749 2609 868 2662 τότε
907 2608 1118 2677 γενέσει
1159 2608 1252 2662 τοῦ
1289 2612 1622 2681 τικτομένου.
1669 2613 1824 2665 Ὥστε
1861 2613 1908 2665 εί

326 2704 427 2774 τῆς
451 2701 597 2772 ὥρας
630 2702 901 2771 ἐπιτυχεῖν
926 2701 1170 2772 ἀκριϐῶς
1195 2701 1472 2767 ἀδύνατον,
1507 2705 1539 2773 ὴ
1565 2703 1621 2756 δὲ
1651 2703 1742 2758 τοῦ
1781 2704 1908 2776 βρα-

326 2795 560 2865 χυτάτου
617 2793 941 2863 παραλλαγὴ
979 2791 1070 2844 τοῦ
1127 2793 1325 2856 παντὸς
1375 2794 1692 2865 διαμαρτεῖν
1746 2801 1904 2861 ποιεῖ,

329 2886 721 2954 καταγέλαστοι
755 2887 848 2940 καὶ
893 2887 943 2939 οἱ
1005 2888 1132 2956 περὶ
1182 2887 1280 2958 τὴν
1321 2887 1664 2958 ἀνύπαρκτον
1707 2888 1907 2961 ταύτην

327 2979 526 3050 τέχνην
555 2981 926 3050 ὲσχολακότες,
963 2981 1057 3032 καὶ
1095 2982 1144 3032 οἱ
1191 2981 1325 3052 πρὸς
1363 2981 1558 3045 αὐτοὺς
1595 2983 1902 3052 κεχηνότες,

322 3075 402 3138 ὡς
423 3073 749 3145 δυναμένους
783 3073 978 3127 εἰδέναι
1003 3073 1070 3126 τὰ
1093 3074 1211 3127 κατ’
1242 3061 1454 3137 αύδτούς.

399 3348 452 3401 6.
495 3340 594 3398 Οἷα
630 3345 685 3398 δὲ
720 3345 814 3398 καὶ
849 3345 915 3399 τὰ
955 3346 1434 3416 ἀποτελεσματικά
1469 3348 1615 3418 (9.4);
1660 3348 1716 3401 '0
1757 3349 1902 3401 δεῖνα

326 3436 501 3501 οὖλος,
524 3439 677 3510 φησι,
711 3438 808 3508 τὴν
841 3438 999 3508 τρίχα
1027 3439 1160 3508 (25),
1185 3439 1276 3493 καὶ
1313 3440 1547 3511 χαροπὸς
1601 3441 1645 3492 Κ
1657 3440 1771 3510 ριοῦ
1798 3441 1904 3512 γὰρ

327 3531 443 3601 ἔχει
486 3532 585 3601 τὴν
629 3531 806 3602 ῶραψ
854 3531 1094 3585 τοιοῦτον
1127 3532 1183 3584 δέ
1229 3551 1343 3595 πως
1381 3533 1610 3602 ὀφθῆναι
1643 3534 1700 3585 τὸ
1742 3533 1898 3597 ζῶον.

339 3622 500 3676 Ἀλλά
527 3624 618 3676 καὶ
655 3623 1037 3695 μεγαλόφρωνο
1075 3623 1259 3694 ἐπειδὴ
1293 3625 1616 3695 ἡγεμονικὸν
1648 3628 1676 3678 ὁ
1706 3626 1898 3695 Κριός·

325 3717 425 3770 καὶ
457 3716 742 3786 προετικδς
773 3717 906 3784 (26),
940 3719 1034 3770 καὶ
1057 3717 1217 3770 πάλιν
1246 3718 1560 3788 ποριστικός
1582 3735 1594 3747 °
1626 3720 1812 3789 ἐπειδὴ
1843 3721 1901 3771 τὸ

325 3810 464 3872 ζῶον
497 3808 653 3862 τοῦτο
693 3810 786 3862 καὶ
838 3809 1156 3863 ἀποτίθεται
1205 3809 1424 3872 ἀλύπως
1471 3809 1538 3863 τδ
1591 3810 1755 3881 ἔριον,
1809 3814 1899 3864 καὶ

326 3899 490 3952 πάλιν
539 3899 688 3969 παρά
743 3899 842 3969 τῆς
909 3899 1123 3966 φύσεως
1176 3900 1373 3970 ῥαδίως
1443 3899 1896 3969 ἐπαμφιέννυται.

338 3991 498 4044 Ἀλλά
530 3993 622 4043 καὶ
651 3992 676 4042 ὀ
707 3991 1004 4062 Ταυριανὸς
1027 3991 1305 4063 τληπαοὴς
1328 3991 1460 4062 (‘27),
1496 3991 1646 4061 φησὶ,
1676 3994 1768 4046 καὶ
1784 3994 1901 4047 δου-

324 4084 502 4146 λικός’
559 4085 742 4153 ἐπειδὴ
783 4085 886 4136 ὑπὸ
938 4085 1096 4153 ζυγὸν
1147 4086 1174 4136 ὁ
1215 4084 1434 4155 ταῦρος.
1488 4090 1598 4141 Καὶ
1655 4090 1681 4140 ὁ
1727 4089 1894 4156 Σκορ-

326 4181 516 4242 πιανὸς
565 4179 809 4251 πλήκτης
853 4178 939 4230 διὰ
987 4177 1082 4248 τὴν
1119 4177 1252 4246 πρὸς
1287 4179 1345 4229 τὸ
1383 4175 1569 4249 Θηρίον
1616 4178 1893 4248 ὁμοίωσιν.

335 4272 392 4323 Ὁ
422 4271 477 4323 δὲ
505 4270 763 4338 Ζυγιανδς
787 4268 1014 4330 δίκαιος,
1037 4266 1124 4318 διὰ
1150 4266 1250 4336 τὴν
1276 4266 1402 4336 παρ’
1429 4269 1556 4336 ἡμῖν
1585 4267 1691 4319 τῶν
1720 4267 1897 4334 ζυγῶν

327 4364 566 4433 ἰσότητα.
611 4361 826 4414 Τούτων
877 4359 928 4410 τί
971 4359 1033 4410 ἂν
1075 4357 1283 4425 γένοιτο
1328 4359 1893 4429 καταγελαστότερον;

2029 498 2276 566 genitum
2299 506 2401 561 est,
2423 497 2546 550 idne
2574 511 2688 548 mas
2713 495 2786 549 sit
2812 510 2880 550 an
2909 496 3109 552 femina
3139 499 3404 554 obstetrix
3424 499 3601 570 explo-

2027 598 2109 641 rat
2155 606 2168 642 :
2220 588 2452 642 subinde
2493 597 2775 656 exspectat
2815 588 3090 658 vagitum,
3129 590 3270 658 quod
3323 591 3445 645 vitae
3482 591 3601 661 ejus

2024 684 2114 748 qui
2141 691 2302 735 natus
2330 680 2449 745 fuit,
2485 681 2696 749 signum
2727 691 2832 735 est.
2862 681 3000 747 Quot
3032 682 3112 734 vis
3138 697 3233 750 per
3259 681 3362 736 hoc
3386 693 3598 751 tempus

2024 773 2356 841 przeteriisse
2397 774 2766 844 sexagesimas
2808 774 3028 845 partes?
3065 772 3315 828 Chaldaeo
3338 773 3592 839 declarat,

2021 863 2162 931 quod
2201 871 2386 917 natum
2417 875 2522 918 est.
2553 863 2694 931 Quot
2737 865 3134 920 minutissimas
3159 873 3364 934 partes,
3389 865 3594 920 interea

2019 955 2146 1008 dum
2176 956 2438 1010 obstetrix
2468 959 2805 1025 loqueretur,
2849 957 2930 1012 vis
2961 971 3222 1028 ponamus
3246 957 3352 1027 55
3373 967 3595 1027 przeter-

2020 1045 2170 1112 iisse,
2229 1050 2527 1116 praesertim
2569 1052 2612 1103 si
2649 1051 2965 1120 conlingat,
3003 1059 3060 1103 ut
3088 1057 3245 1104 extra
3283 1065 3592 1120 gynaeceum

2021 1137 2237 1191 steterit
2264 1137 2355 1206 qui
2376 1138 2565 1193 horam
2586 1138 2793 1209 colligit
2824 1153 2885 1192 ac
2912 1139 3170 1208 exponit?
3190 1138 3417 1208 Oportet
3449 1139 3590 1193 enim

2015 1241 2138 1281 eum
2172 1227 2262 1296 qui
2301 1227 2556 1282 horarum
2586 1229 2844 1284 natalium
2883 1231 3168 1284 scientiam
3214 1231 3426 1286 discere
3449 1233 3588 1294 vult,

2015 1327 2228 1387 tempus
2254 1328 2308 1373 et
2334 1320 2522 1374 horam
2552 1329 2805 1374 accurate
2831 1320 3162 1386 describere,
3189 1321 3304 1376 sive
3348 1322 3588 1383 diurnae.

2013 1409 2128 1462 sive
2162 1418 2439 1464 nocturnae
2482 1411 2614 1464 sint.
2655 1411 2862 1477 Quanta
2894 1413 3086 1466 iterum
3123 1415 3582 1484 sexagesimarum

2015 1499 2298 1555 multitudo
2331 1516 2432 1571 per
2457 1503 2562 1556 hoc
2595 1511 2808 1572 tempus
2844 1504 3198 1574 praeterﬂuit?
3237 1506 3472 1562 Necesse
3501 1516 3585 1563 est

2011 1595 2154 1650 enim
2185 1596 2413 1652 inveniri
2457 1595 2606 1652 sidus
2668 1598 2990 1667 natalit’ium,
3038 1617 3144 1656 non
3174 1599 3330 1670 juxta
3367 1611 3586 1672 quotam

2013 1689 2172 1744 modo
2197 1689 2566 1745 duodecimam
2601 1701 2809 1759 partem
2835 1692 2924 1755 sit,
2953 1693 3046 1746 sed
3063 1693 3219 1762 juxta
3265 1709 3400 1763 quas
3422 1695 3587 1748 etiam

1943 1759 1984 1812 Β
2017 1782 2344 1838 duodecimm
2378 1783 2544 1852 partis
2573 1791 2754 1854 partes
2777 1759 3139 1850 occurratpet
3163 1785 3216 1840 in
3242 1759 3401 1856 quota
3429 1801 3588 1840 sexa-

2014 1873 2239 1944 gesima,
2273 1874 2327 1927 in
2359 1889 2496 1943 quas
2536 1884 2719 1942 partes
2767 1884 2977 1945 partem
3019 1885 3456 1948 unamquamque
3501 1883 3586 1934 di-

2016 1959 2121 2013 vidi
2155 1959 2389 2014 diximus
2424 1978 2436 2013 :
2475 1970 2587 2024 aut,
2621 1968 2679 2014 ut
2715 1970 2864 2016 certa
2908 1961 2985 2015 rei
3012 1961 3212 2018 veritas
3240 1963 3583 2026 inveniatur.

2013 2053 2066 2105 in
2090 2061 2253 2120 quota
2276 2052 2614 2122 sexagesima
2657 2066 2724 2106 ex
2765 2053 2832 2108 iis
2868 2067 2990 2122 quze
3026 2069 3056 2108 a
3087 2057 3280 2126 primis
3309 2061 3586 2128 sexagesi-

2010 2144 2116 2200 mis
2161 2145 2455 2200 subdivisae
2487 2156 2631 2198 sunt.
2669 2143 2734 2199 Et
2779 2145 2920 2201 hanc
2970 2147 3108 2202 adeo
3145 2155 3362 2204 tenuem
3407 2160 3463 2205 et
3506 2151 3585 2205 iu-

2011 2236 2560 2306 compreliensibilem
2590 2238 2850 2306 temporis
2883 2238 3354 2308 investigationem
3385 2244 3438 2298 in
3460 2247 3583 2315 qui-

2012 2329 2220 2398 busque
2261 2329 2492 2399 planetis
2537 2330 2654 2385 ﬁeri
2682 2347 2902 2388 necesse
2947 2349 3071 2390 esse
3108 2334 3291 2398 aiunt,
3337 2346 3396 2391 ut
3430 2354 3582 2392 com-

2010 2431 2221 2490 pertum
2276 2420 2348 2475 sit
2397 2431 2452 2475 et
2500 2422 2864 2492 exploratum,
2913 2426 3128 2496 qualem
3177 2428 3411 2482 habeant
3462 2445 3582 2484 cum

2011 2511 2372 2566 iuerrantibus
2407 2513 2577 2568 stellis
2622 2515 2888 2579 habitum,
2924 2526 2980 2572 et
3010 2518 3186 2588 qualis
3226 2533 3410 2574 eorum
3445 2521 3585 2574 inter

2009 2618 2066 2658 se
2089 2615 2238 2659 esset
2264 2603 2432 2674 ﬁgura
2458 2605 2511 2658 in
2537 2605 2656 2674 ejus
2682 2608 2772 2677 qui
2801 2616 2926 2664 tunc
2947 2619 3106 2665 natus
3126 2621 3211 2665 est
3231 2621 3377 2666 ortu.
3402 2614 3582 2679 Qltzirc

2009 2697 2054 2751 si
2086 2698 2202 2752 ﬁeri
2234 2713 2339 2753 non
2376 2699 2570 2768 possit,
2601 2709 2660 2754 ut
2684 2701 2876 2755 horam
2919 2709 3171 2759 accurate
3201 2717 3576 2775 assequentur.

2009 2797 2064 2842 et
2099 2796 2278 2844 tamen
2307 2788 2616 2845 brevissimi
2653 2794 2912 2862 temporis
2959 2795 3266 2851 immutatio
3315 2797 3368 2851 in
3414 2815 3578 2854 causa

2009 2880 2080 2936 sit
2117 2895 2215 2935 cur
2256 2897 2285 2935 a
2335 2891 2448 2936 toto
2480 2882 2784 2949 aberretur,
2831 2887 3109 2942 deridendi
3159 2901 3282 2944 sunt
3330 2901 3384 2945 et
3415 2893 3449 2945 ii
3489 2896 3578 2962 qui

2010 2973 2062 3026 in
2101 2973 2205 3028 hae
2240 2982 2356 3028 arte
2398 2975 2716 3044 imaginaria
2743 2979 3039 3034 excolenda
3066 2981 3307 3036 studium
3345 2997 3578 3053 ponunt,

2007 3072 2063 3117 et
2103 3064 2138 3117 ii
2176 3065 2267 3133 qui
2307 3066 2358 3119 in
2399 3065 2544 3135 ipsos
2579 3078 2766 3137 aperto
2797 3086 2892 3126 ore
2935 3072 3130 3126 intenti
3163 3085 3310 3139 sunt,
3354 3078 3580 3145 perinde

2007 3155 2159 3225 quasi
2190 3171 2254 3212 ea
2296 3172 2417 3227 quae
2459 3158 2588 3228 ipsis
2621 3171 2744 3215 sunt
2774 3175 3036 3220 eventura
3065 3207 3077 3230 ,
3109 3181 3431 3236 cognoscere
3460 3185 3581 3238 pos-

2008 3247 2140 3303 sint.

2077 3341 2130 3393 6.
2172 3339 2367 3406 Quales
2429 3351 2604 3396 autem
2663 3346 3032 3411 producuntur
3095 3348 3356 3405 allectus?
3415 3351 3579 3420 llujus

2009 3433 2210 3503 capilli,
2247 3436 2516 3504 inquiunt,
2549 3435 2712 3490 futuri
2741 3448 2866 3492 sunt
2897 3441 3083 3509 crispi,
3111 3442 3323 3498 oculive
3355 3445 3532 3500 decori
3564 3464 3575 3498 :

2007 3526 2208 3580 Arietis
2239 3527 2444 3581 scilicet
2483 3529 2646 3582 habet
2677 3529 2866 3582 horam
2903 3545 2915 3582 :
2952 3547 3181 3602 namque
3215 3537 3412 3589 animal
3452 3539 3578 3592 illud

2007 3621 2407 3688 quodammodo
2432 3633 2516 3675 est
2542 3621 2648 3675 tale
2677 3634 2921 3690 aspectu.
2943 3623 3080 3691 Quin
3100 3627 3262 3681 etiam
3291 3631 3394 3683 erit
3419 3647 3577 3696 gran-

2006 3711 2056 3764 di
2091 3711 2273 3764 animo
2309 3722 2362 3765 ct
2393 3713 2570 3777 elato;
2609 3715 2805 3784 quippe
2836 3731 3002 3784 penes
3036 3719 3271 3773 Arietem
3311 3731 3392 3776 est
3426 3725 3574 3791 prin-

2004 3806 2212 3875 cipatus
2267 3823 2280 3860 :
2334 3810 2438 3864 erit
2497 3820 2550 3864 et
2603 3812 2810 3881 largus,
2854 3824 2904 3868 et
2960 3831 3147 3868 rursus
3202 3828 3571 3884 quaestuosus;

2004 3900 2440 3969 quandoquidem
2489 3904 2591 3958 hoc
2630 3904 2829 3958 animal
2873 3915 2927 3959 et
2973 3907 3107 3960 citra
3148 3908 3446 3963 molestiam
3484 3910 3576 3964 de-

2002 3991 2153 4058 ponit
2185 3991 2386 4054 lanam,
2417 4003 2471 4047 et
2509 4009 2694 4049 rursus
2723 3994 2879 4050 facile
2908 4013 2934 4051 a
2965 4007 3158 4051 natura
3191 4001 3434 4054 vestitur.
3469 4000 3574 4056 Sed

2006 4081 2053 4132 in
2083 4079 2263 4134 Tauro
2304 4091 2509 4148 natum,
2547 4083 2868 4142 tolerantem
2917 4101 3038 4141 esse
3083 4087 3328 4144 laborum
3364 4092 3571 4156 dicunt.

2003 4181 2162 4240 atque
2188 4174 2436 4229 servilem
2464 4194 2477 4230 :
2504 4177 2754 4244 quoniam
2773 4178 2903 4248 jugo
2927 4187 3113 4236 taurus
3138 4183 3444 4252 subjicitur.
3472 4186 3572 4252 Qui

2000 4279 2128 4318 vero
2163 4265 2338 4319 editus
2381 4277 2463 4319 est
2519 4268 2620 4321 sub
2656 4269 2974 4338 Scorpione,
3010 4273 3114 4326 erit
3163 4288 3476 4340 percussor,
3507 4281 3575 4331 ob

2000 4372 2117 4411 eam
2152 4373 2311 4426 quam
2351 4375 2472 4413 cum
2510 4361 2612 4414 isto
2664 4360 2884 4415 animali
2942 4362 3105 4417 habet
3145 4365 3572 4422 similitudinem.

334 4454 394 4504 ὐ
429 4452 614 4522 Κριὸς,
656 4452 746 4519 ἀφ’
776 4443 834 4502 οὗ
877 4449 973 4519 τὴν
1005 4449 1213 4515 γένεσιν
1245 4446 1336 4498 τοῦ
1367 4446 1653 4516 ἀνθρώπου
1689 4447 1896 4516 λαμϐά-

2007 4449 2100 4515 Qui
2149 4461 2326 4504 autem
2370 4453 2421 4504 in
2455 4451 2616 4506 Libra
2664 4463 2821 4507 natus
2869 4461 2972 4518 est,
3012 4453 3226 4510 futurus
3263 4467 3348 4511 est
3377 4459 3572 4527 justus.

321 4559 455 4605 νεις,
490 4541 721 4612 ούρανοῦ
759 4539 922 4610 μέρος
967 4537 1081 4588 ἐστὶ
1111 4537 1169 4588 τὸ
1212 4536 1532 4601 δωδέκατον,
1561 4540 1618 4590 ἐν
1742 4539 1888 4607 γενό-

326 4653 484 4705 μενος
525 4638 552 4688 ὁ
595 4635 744 4704 ἥλιος
785 4633 892 4686 τῶν
948 4631 1174 4701 ἐαρινῶν
1208 4630 1446 4699 σημείων
1495 4630 1721 4684 ἅπτεται
1757 4632 1890 4695 (9.8).

325 4731 432 4782 Καὶ
472 4727 660 4796 Ζυγὺς,
693 4727 784 4779 καὶ
826 4725 1034 4797 Ταῦρος
1075 4725 1365 4786 ὡσαύτως,
1415 4724 1644 4777 ἕκαστον
1691 4725 1893 4777 τούτων

321 4819 786 4891 δωδεκατημόριόν
840 4820 952 4870 ἐστι
990 4816 1080 4869 τοῦ
1131 4816 1392 4878 ζωδιακοῦ
1455 4816 1746 4886 λεγομένου
1802 4817 1894 4869 κύ-

393 4981 507 5047 (20)
549 4981 639 5033 Sic
686 4977 850 5047 editio
886 4974 1061 5047 ‘Basil.
1113 4985 1167 5028 ct
1217 4974 1384 5027 nostri
1424 4982 1626 5042 sep-tem
1655 4990 1780 5028 mss.
1821 4977 1887 5028 At

319 5043 499 5105 editio.
518 5051 686 5106 Paris.
716 5045 831 5100 εἶτα
860 5043 1000 5101 εἷπε.

393 5122 504 5196 (ξι)
535 5120 662 5196 [{eg.
704 5120 960 5196 sextqul
982 5118 1137 5196 τύχη.
1270 5193 1279 5196 _
1843 5187 1853 5196 .

393 5188 506 5259 (22')
548 5191 620 5243 Ita
673 5190 850 5259 editio,
890 5188 1048 5259 Basil.
1103 5199 1156 5241 et
1193 5193 1427 5259 quinque
1460 5201 1590 5241 mss.
1632 5198 1662 5238 e
1688 5188 1887 5240 nostris

318 5258 516 5332 praeter
541 5260 790 5332 gombel'.
812 5258 997 5332 [ﬁlling
1015 5258 1183 5332 Paris.
1213 5258 1358 5314 κατὰ
1386 5261 1573 5313 πόσου.

391 5333 506 5397 (25)
540 5329 731 5383 Nostra
761 5329 1278 5400 editio_Basi|._eum
1332 5344 1560 5400 septem
1592 5327 1884 5400 ms_s._6iav.-

321 5402 532 5473 ρεῖσθαι
553 5401 652 5473 τὴν
684 5400 897 5468 μοῖραν.
917 5398 1090 5454 Editio
1116 5398 1284 5456 Paris.
1309 5398 1628 5472 διαιρεῖσθαι
1652 5398 1884 5466 ἑκάστην

317 5472 890 5550 τριφεοσξὴγ.μοέρα“ιο.
997 5537 1083 5550 ιλ
1142 5540 1172 5550 ..
1395 5543 1430 5550 _
1512 5542 1542 5550 ..
1682 5541 1693 5550 .

393 5488 644 5540 ιακοστην
672 5487 882 5592 μοῖραν.

390 5544 503 5612 (24)
536 5542 709 5595 Editio
794 5539 910 5612 asil.
950 5548 1011 5612 et
1045 5537 1194 5592 Bodl.
1227 5554 1346 5594 cum
1395 5542 1573 5611 Regiis
1615 5541 1790 5606 primo
1833 5549 1885 5590 et

358 5609 506 5667 uinto
553 5622 607 5664 et
651 5626 773 5663 cum
819 5609 984 5663 Coisl.
1031 5612 1202 5676 primo
1244 5609 1652 5664 ἀποτελεστικὰ.
1712 5612 1883 5662 ΙῦιΙίιιυ

361 5685 488 5738 aris.
519 5697 638 5736 cum
664 5680 928 5734 nonnullis
961 5695 1084 5733 mss.
1115 5683 1606 5749 ἀποτελέσματοκα.

391 5753 502 5826 ('25)
534 5754 674 5807 Editi
706 5751 856 5817 φασί,
906 5766 1031 5804 mss.
1078 5753 1227 5821 φησί.
1285 5754 1399 5804 Mox
1447 5755 1608 5808 editio
1643 5752 1800 5805 Basil.
1833 5765 1880 5806 ct

600 5850 869 5932 l’nnot.
907 5849 1021 5910 Gn.
1063 5849 1296 5910 XXIX.

2003 4553 2221 4611 propter
2269 4543 2526 4598 librarum
2569 4546 2706 4614 apud
2750 4561 2848 4600 nos
2883 4548 3268 4615 aequalitatem.
3314 4550 3451 4617 Quid
3494 4554 3575 4606 his

2003 4635 2175 4704 magis
2209 4635 2494 4691 ridiculum
2537 4653 2657 4692 esse
2688 4638 2900 4706 possit?
2935 4641 3090 4694 Aries
3131 4641 3240 4704 ille,
3276 4658 3304 4696 a
3333 4659 3441 4711 quo
3479 4647 3569 4699 lto-

2004 4725 2164 4779 minis
2215 4727 2444 4780 natalem
2491 4727 2752 4792 desumis,
2784 4727 2904 4782 ειειί
2937 4744 3061 4798 pars
3109 4743 3192 4786 est
3235 4734 3567 4797 duodecima

2002 4819 2054 4872 in
2083 4835 2184 4887 qua
2212 4837 2332 4872 Clllll
2365 4820 2524 4874 fuerit
2550 4823 2650 4886 sol,
2681 4837 2846 4876 verna
2874 4823 3023 4892 signa
3057 4827 3290 4896 attingit.
3326 4827 3387 4882 Et
3413 4827 3570 4884 Libra

1991 4977 2401 5059 nqstrinseptem
2444 4981 2763 5059 I_IISS.‘X‘OL(E)
2804 4981 2930 5052 γάρ.
2980 4983 3155 5038 Editio
3200 4985 3371 5040 l‘aris.
3416 4988 3566 5059 κριοῦ

1991 5046 2508 5122 γάρᾏΒρεΙΙηκριῶν
2542 5046 2668 5122 γάρ.

2062 5114 2173 5186 (26)
2212 5114 2670 5192 Varianteliiihet
2701 5136 2827 5192 mss.
2868 5122 3042 5176 Editio
3075 5122 3245 5180 Paris.
3283 5144 3400 5180 cum
3433 5127 3560 5192 Reg.

1991 5199 2183 5266 octavo
2208 5189 2514 5266 προετικός.
2571 5189 2747 5266 Editio
2788 5191 2950 5266 ﬂasil.
2983 5207 3102 5246 cum
3161 5196 3290 5266 Reg.
3324 5199 3482 5249 tertio
3514 5189 3568 5247 ..ι

1990 5274 2112 5338 cum
2323 5261 2752 5338 _7_:poattps':t_xo;.
2783 5262 2949 5316 Coisl.
2997 5265 3212 5338 primus
3240 5255 3566 5338 ἴτροεκτικὸς

1990 5328 2046 5380 δὲ
2080 5329 2192 5406 καί..
2225 5328 2409 5406 __Coisl.
2453 5328 2718 5406 secundus
2750 5328 3136 5406 προηγητικός.
3185 5328 3315 5406 Βεέ.
3351 5341 3569 5405 quintus

1991 5413 2112 5476 cum
2143 5400 2293 5476 Coll).
2351 5402 2583 5476 secundo
2616 5400 2992 5471 προσεκτικός.
3033 5400 3388 5476 Ν‹)ιοηι,”‹ιιι.ὶ
3425 5410 3567 5462 hunc

1994 5469 2167 5521 locum
2209 5471 2438 5523 illustrat
2477 5469 2720 5530 Ducarus.
2761 5476 2906 5538 legas
2936 5475 3158 5533 suadeo.

2063 5540 2176 5606 (‘27)
2229 5541 2357 5606 Reg.
2415 5552 2599 5594 sextus
2637 5542 2916 5615 τληπαθὴς
2960 5544 3119 5612 φύσει
3167 5547 3260 5599 καὶ
3303 5547 3564 5612 δουλικός.

1990 5609 2226 5660 [aliorum
2268 5614 2490 5663 Iolernns
2519 5623 2590 5662 (ιιι
2620 5609 2834 5668 natura.
2865 5609 2910 5666 él
2946 5609 3143 5667 servilis

2064 5682 2172 5744 (28)
2201 5682 2268 5732 lla
2296 5683 2503 5737 (odire:
2535 5696 2756 5753 septem.
2804 5685 2938 5739 liditi
2968 5697 3015 5737 ρει
3044 5685 3207 5740 (Σιιῇδι,
3235 5707 3436 5756 "mnus
3479 5695 3538 5759 5.1-
3559 5723 3572 5732 .

1995 5769 2238 5805 απτπατ.
3091 5779 3106 5794 ι

3175 5854 3211 5914 5
