4082 6398
411 431 513 486 153

1502 423 1794 480 "OMILIA
1835 423 1896 481 Vl
1929 422 1996 477 IN
2035 421 2537 480 HEXAEMERON.

3565 439 3662 496 1Ξὶ

405 553 499 624 τὴν
543 548 698 611 ἀξίαν
740 545 1019 616 διανέμειν
1063 545 1309 616 ἑκάστῳ,
1357 547 1470 601 ἀλλ’
1517 549 1704 619 ἐπειδὴ
1754 550 1812 600 ὲν
1860 547 1970 618 τῷδ

2100 546 2287 610 buere,
2325 550 2564 614 adeoque
2599 547 2862 618 proﬁteri,
2897 549 3015 605 ideo
3056 551 3264 608 stellam
3305 571 3422 612 esse
3459 559 3658 615 beneﬁ-

406 644 478 714 τῷ
519 640 668 710 τόπῳ
717 639 964 707 γέγονεν,
1003 639 1334 709 ἀγαθοποιὸν
1385 641 1651 712 ὑπάρχειν
1701 643 1838 713 (55),
1888 643 1982 696 καὶ

407 729 583 800 ἐπειδὴ
620 729 724 782 ὑπὸ
766 729 918 782 τοῦδε
970 731 1185 801 ὁρᾶται,
1239 731 1536 785 κακοποιὸν
1597 732 1843 800 γίνεσθαι
1891 732 1982 784 τὸν

395 823 556 877 αὑτόν
576 839 589 852 ο
626 823 719 874 καὶ
746 822 966 876 ἐπειδὰν
1009 824 1173 877 πάλιν
1203 825 1399 895 μικρόν
1437 842 1490 877 τι
1521 824 1855 895 παρεκκλίνῃ
1885 823 1978 876 τοῦ

398 917 696 986 σχήματος,
739 916 900 981 εὐθὺς
945 917 1046 986 τῆς
1101 917 1299 980 κακίας
1342 917 1829 982 ὲπιλανθάνεσθαις
1871 917 1980 970 Καὶ

394 1008 565 1061 ταῦτα
605 1007 706 1078 μὲν
752 1009 832 1072 είς
877 1009 1146 1063 τοσοῦτον.
1202 1011 1262 1062 Ei
1311 1011 1369 1064 δὲ
1411 1010 1531 1064 καθ’
1564 1011 1795 1064 ἕκαστον
1842 1013 1980 1064 ἀκα-

395 1101 568 1171 ριαῖον
607 1100 701 1152 τοῦ
737 1100 929 1172 χρόνου
958 1103 1044 1154 ἐπ’
1077 1102 1207 1154 ἄλλο
1245 1103 1340 1156 καὶ
1368 1103 1497 1157 ἄλλο
1541 1103 1977 1175 μεθαρμόζονται

393 1191 616 1262 σχῆμα,
658 1193 717 1245 ἐν
778 1192 834 1245 δὲ
892 1196 1014 1257 ταῖς
1057 1196 1279 1266 μυρίαις
1333 1197 1558 1261 ταύταις
1618 1199 1976 1267 μεταϐολαῖς,

396 1283 660 1347 πολλάκις
691 1285 792 1355 τῆς
830 1287 1044 1356 ἡμέρας
1077 1288 1212 1358 (56),
1248 1292 1296 1342 οξ
1340 1290 1447 1343 τῶν
1494 1290 1782 1361 βασιλικῶν
1828 1293 1978 1360 γενέ-

394 1393 534 1429 σεων
597 1376 988 1430 ἀποτελοῦνται
1045 1383 1453 1451 σχηματισμοί·
1511 1383 1599 1437 διὰ
1654 1384 1706 1436 τί
1743 1384 1841 1437 οὑκ
1891 1385 1976 1453 ἐφ’

392 1468 631 1538 ἑκάστης
678 1469 892 1539 ἡμέρας
927 1470 1224 1537 γεννῶνται
1271 1473 1540 1543 βασιλεῖς;
1578 1477 1610 1547 ἢ
1641 1476 1729 1530 διὰ
1761 1478 1811 1530 τί
1840 1477 1975 1542 ὅλως

391 1565 660 1634 πατρικαὶ
697 1567 824 1634 παρ’
866 1565 1050 1626 αὐτοῖς
1089 1567 1196 1619 είσι
1243 1568 1519 1637 βασιλείας
1565 1570 1846 1642 διαδοχαίς
1896 1573 1971 1624 Οὑ

387 1655 560 1726 δήπου
613 1656 720 1726 γάρ
752 1656 980 1720 ἕκαστος
1029 1657 1137 1711 τῶν
1188 1659 1454 1730 βασιλέων
1513 1664 1976 1734 παρατετηρημέ-

389 1765 498 1811 νως
529 1749 640 1818 (57)
688 1751 768 1812 είς
811 1749 870 1801 τὸ
913 1749 1190 1818 βασιλικὸν
1222 1753 1328 1806 τῶν
1370 1755 1614 1826 ἀστέρων
1645 1757 1829 1827 σχῆμα
1882 1756 1972 1809 τοῦ

392 1840 526 1894 ίδίου
554 1840 668 1894 υἱοῦ
693 1841 788 1913 τὴν
818 1844 1032 1911 γένεσιν
1064 1846 1372 1918 ὲναρμόζει.
1406 1849 1501 1911 Τίς
1533 1847 1640 1916 γὰρ
1671 1849 1974 1920 ἀνθρώπων

389 1930 579 2002 κύριος
628 1930 722 1984 τοῦ
757 1934 1034 1999 τοιούτου;
1076 1935 1201 1999 Πῶς
1241 1932 1334 1990 οὖν
1373 1935 1551 2001 Ὀζίας
1601 1937 1857 2008 ἐγέννησε
1887 1938 1977 1990 τὸν

403 2024 670 2095 Ἰωάθαμ;
713 2026 950 2098 ’ῐωὰθαμ
987 2028 1076 2081 τὸν
1108 2028 1284 2098 Ἀχαζ
1302 2048 1313 2088 ;
1346 2029 1521 2100 Ἀχαξ
1554 2029 1666 2100 (58)
1713 2029 1806 2082 τὸν
1834 2031 1980 2094 Ἐζε-

395 2116 558 2181 κίαν;
595 2117 690 2170 καὶ
733 2119 908 2183 οὐδεὶς
941 2121 999 2172 ἐν
1030 2121 1238 2184 τούτοις
1281 2121 1496 2193 δουλικῇ
1541 2122 1829 2192 συνέτυχεν
1860 2123 1978 2194 ὥρᾳ

387 2211 684 2282 γενέσεως
708 2213 938 2266 Ἔπειτα
959 2215 1006 2266 εί
1027 2215 1121 2268 καὶ
1142 2213 1248 2266 τῶν
1276 2215 1416 2270 κατά
1439 2215 1637 2269 κακίαν
1657 2217 1752 2269 καὶ
1774 2217 1978 2288 ἀρετὴν

388 2302 788 2372 ἐνεργημάτων
833 2304 933 2356 οὑκ
970 2306 1034 2357 ἐκ
1072 2303 1166 2358 τοῦ
1214 2306 1298 2375 ἐφ’
1324 2307 1459 2376 ἡμῖν
1511 2307 1649 2360 είσιν
1683 2309 1739 2360 αἱ
1774 2307 1974 2377 ἁρχαὶ,

387 2395 505 2448 ἀλλ’
550 2397 614 2447 ὲκ
665 2396 766 2464 τῆς
799 2396 1066 2464 γενέσεως
1108 2398 1164 2450 αἱ
1210 2397 1468 2466 ἀνάγκαι,
1512 2399 1752 2470 περιττοὶ
1789 2398 1889 2468 μὲν
1927 2399 1975 2450 οἱ

386 2487 696 2559 νομοθέται,
736 2490 804 2542 τὰ
857 2491 1107 2561 πρακτέα
1147 2493 1279 2561 ἡμῖν
1314 2491 1411 2545 καὶ
1453 2491 1522 2543 τὰ
1565 2491 1774 2560 φευκτά
1813 2490 1977 2562 διορί-

386 2581 574 2645 ζοντες
627 2581 738 2651 (59)
764 2621 779 2647 ,
817 2583 1064 2653 περιττοὶ
1110 2582 1166 2635 δὲ
1217 2584 1311 2637 καὶ
1355 2584 1404 2636 οἱ
1457 2584 1735 2648 δικασταὶ,
1776 2585 1975 2655 ἀρετὴν

384 2674 683 2743 τιμῶντες,
743 2675 834 2728 καὶ
889 2675 1152 2746 πονηρίαν
1204 2676 1543 2741 κολάζοντες.
1590 2678 1664 2730 Οὑ
1720 2676 1828 2748 γὰρ
1881 2676 1974 2730 τοῦ

385 2764 618 2819 κλέπτου
658 2767 719 2818 τὺ
763 2767 1027 2839 ἀδίκημα.
1079 2769 1201 2822 οὑδὲ
1249 2768 1343 2822 τοῦ
1378 2770 1619 2838 φονέωςο
1656 2764 1701 2837 ᾧ
1743 2787 1806 2839 γε
1853 2771 1973 2823 οὑδὲ

387 2856 700 2928 βουλομένῳ
748 2857 973 2912 δυνατὸν
1011 2854 1078 2930 ἦν
1124 2862 1346 2929 κρατεῖν
1395 2860 1493 2931 τῆς
1547 2859 1726 2931 χειρὸς
1775 2859 1865 2912 διὰ
1914 2859 1973 2912 τὸ

385 2951 790 3022 ἀναπόδραστον
821 2953 919 3022 τῆς
957 2952 1052 3004 ἐπὶ
1099 2951 1198 3014 τὰς
1231 2951 1460 3022 πράξεις
1503 2951 1667 3004 αὑτὸν
1724 2967 1973 3004 κατεπει-

384 3043 589 3114 γούσης
614 3044 874 3113 ἀνάγκης.
904 3044 1267 3097 Ματαιότατοι
1296 3043 1353 3096 δὲ
1386 3043 1603 3096 πάντων
1634 3043 1730 3096 καὶ
1762 3044 1810 3096 οἱ
1841 3043 1972 3114 περὶ

384 3132 485 3196 τὰς
511 3133 705 3204 τέχνας
741 3133 1094 3204 πονούμενον
1130 3133 1245 3186 ἀλλ’
1271 3132 1560 3205 εὑθηνήσει
1599 3133 1698 3203 μὲν
1725 3133 1753 3184 ὁ
1796 3149 1970 3203 γιεωρ⁴⁵

2065 2674 2205 2727 ,ηιιιιι
2269 2661 2546 2716 continere
2571 2701 2586 2726 ,

2085 652 2227 708 eam,
2258 639 2388 706 quia
2449 639 2500 692 iu
2559 641 2660 694 hoc
2712 640 2829 695 loco
2875 651 3002 705 stat,
3039 651 3111 708 et,
3146 649 3398 714 quoniam
3448 652 3515 705 ab
3562 655 3661 707 hac

2083 729 2440 798 conspicitur,
2474 730 2682 786 idcirco
2729 748 2849 788 eam
2895 737 3006 790 ﬁeri
3047 738 3342 794 maleﬁcam
3379 761 3394 796 :
3427 755 3482 798 et
3514 761 3659 798 eam-

2083 821 2204 876 dem
2232 838 2440 887 rursus,
2457 834 2736 894 postquam
2757 828 3028 897 paululum
3049 830 3398 888 declinaverit
3420 851 3448 889 a
3467 838 3656 907 ﬁgura,

2083 928 2194 968 suae
2255 915 2502 982 protinus
2558 917 2802 973 oblivisci
2859 921 3250 990 malignitatis?
3301 925 3478 996 Atque
3543 931 3657 984 haec

2083 1005 2296 1072 quidem
2333 1006 2614 1062 hactenus.
2637 1009 2691 1064 Si
2718 1026 2843 1065 vero
2872 1012 3100 1082 singulis
3129 1016 3387 1084 temporis
3417 1033 3657 1074 momen-

2086 1094 2153 1148 tis
2180 1094 2347 1150 stelltc
2380 1095 2432 1151 in
2469 1098 2628 1152 aliam
2657 1113 2818 1170 atque
2844 1102 3002 1156 aliam
3050 1115 3478 1163 trausmutautur
3520 1114 3655 1183 ﬁgu-

2085 1199 2220 1251 ram,
2251 1185 2294 1240 si
2329 1185 2382 1250 in
2412 1186 2497 1242 his
2532 1189 2830 1246 innumeris
2862 1197 3379 1252 commutationibus
3417 1214 3556 1270 saepe
3601 1203 3653 1256 in

2083 1275 2169 1329 die
2201 1276 2472 1346 regiarum
2506 1281 2846 1336 nativitatum
2886 1285 3238 1354 ﬁgurationes
3271 1291 3651 1362 perﬁciuntur;

2083 1383 2178 1421 cur
2221 1369 2448 1438 singulis
2491 1371 2680 1427 diebus
2719 1388 2823 1428 non
2874 1383 3408 1452 uascuntur_reges?
3436 1396 3528 1439 aut
3559 1402 3655 1440 cur

2081 1461 2301 1514 omnino
2366 1464 2516 1531 regni
2571 1466 2944 1521 successiones
3013 1449 3445 1544 paternaavapud
3511 1478 3655 1546 ipsus

2081 1551 2242 1604 sunt?
2276 1550 2460 1621 Neque
2509 1555 2651 1608 enim
2709 1572 2801 1610 rex
2847 1558 3073 1625 quilibet
3122 1563 3409 1634 diligenter
3449 1569 3516 1622 ad
3566 1585 3654 1624 re-

2082 1645 2224 1709 giam
2250 1645 2530 1700 stellarum
2557 1646 2804 1717 ﬁguram.
2827 1649 2921 1704 ﬁlii
2947 1654 3029 1706 sui
3057 1664 3234 1711 ortum
3259 1663 3649 1719 accommodat.

2081 1734 2214 1802 Quis
2239 1738 2382 1791 cnim
2424 1740 2730 1793 mortalium
2763 1741 2882 1794 talis
2908 1744 2986 1798 rei
3020 1745 3269 1802 dominus
3303 1764 3424 1812 esse
3450 1753 3654 1821 possit?

2081 1829 2360 1895 Quomodo
2376 1845 2504 1901 ergo
2522 1830 2683 1887 Ozias
2695 1835 2878 1902 genuit
2893 1834 3165 1904 Joatham,
3183 1839 3430 1896 .Ioatham
3447 1843 3650 1912 Achas,

2079 1923 2259 1978 Achas
2289 1922 2599 1990 Ezechiam,
2628 1937 2682 1981 et
2711 1925 2889 1982 nullus
2917 1943 2982 1983 ex
3015 1929 3098 1986 his
3122 1934 3372 1988 servilem
3405 1939 3655 1994 nativita-

2080 2012 2150 2068 tis
2176 2013 2363 2068 horam
2391 2027 2580 2071 nactus
2605 2015 2724 2070 est?
2754 2015 3042 2086 Prmterea,
3068 2023 3111 2076 si
3147 2023 3400 2080 vitiorqu
3420 2039 3515 2083 aut
3543 2031 3650 2085 vir-

2079 2114 2250 2158 tutum
2280 2105 2543 2176 principia
2575 2124 2681 2163 non
2710 2121 2836 2165 sunt
2881 2113 2931 2166 in
2959 2113 3111 2168 nobis
3135 2116 3262 2180 sita,
3286 2119 3381 2173 sed
3416 2131 3540 2176 sunt
3562 2139 3653 2178 ne<
3680 2110 3683 2113 ’

2077 2196 2364 2252 cessitates
2395 2197 2466 2252 ab
2507 2209 2628 2254 ortu
2671 2202 3002 2272 pendentes;
3033 2206 3249 2264 inutiles
3283 2221 3408 2265 sunt
3441 2212 3655 2282 legisla-

2079 2297 2244 2356 tores,
2277 2290 2368 2359 qui
2416 2291 2570 2346 nobis
2610 2295 2815 2362 agenda
2864 2311 2927 2352 ae
2968 2297 3221 2368 fugienda
3263 2305 3650 2372 praescribunt;

2077 2381 2297 2438 inutiles
2345 2398 2558 2453 quoque
2590 2384 2818 2454 judices,
2860 2390 2950 2459 qui
2982 2391 3234 2448 virtutem
3281 2395 3503 2462 honore,
3548 2397 3646 2470 57

2077 2474 2264 2528 vitium
2289 2477 2467 2544 pteuis
2501 2476 2759 2533 alliciunt.
2785 2479 2900 2535 Non
2930 2483 3073 2537 enim
3104 2483 3238 2539 furis
3263 2497 3346 2540 est
3373 2487 3648 2558 iniquitas,

2076 2573 2252 2638 neque
2283 2570 2598 2637 homicidar;
2627 2572 2716 2640 qui
2741 2589 2807 2628 ne
2835 2574 3018 2630 volens
3042 2577 3256 2645 quidem
3289 2591 3500 2649 poterat
3532 2599 3648 2638 ma-

2657 2664 2726 2718 ob
2795 2665 3197 2722 ineluctabilem
3271 2672 3646 2727 necessitatem

2076 2751 2249 2821 ipsum
2294 2755 2361 2808 ad
2408 2757 2672 2824 agendum
2719 2757 3105 2827 impellentem.
3145 2761 3433 2818 Vanissimi
3468 2777 3644 2821 autem

2074 2842 2315 2896 omnium
2365 2854 2495 2899 sunt
2530 2846 2621 2914 qui
2659 2857 2805 2903 artes
2839 2850 3094 2905 excolunt
3123 2867 3136 2904 :
3167 2853 3368 2923 quippe
3407 2853 3646 2926 lrugibust

2075 2934 2371 2988 abundabit
2414 2935 2670 3006 agricola,
2707 2940 2919 2994 tametsi
2968 2957 3142 3011 neque
3183 2943 3391 2998 semina
3434 2946 3489 3001 in
3537 2957 3644 3003 ter-

2074 3043 2190 3081 ram
2235 3028 2472 3098 dejiciat,
2509 3046 2681 3102 neque
2729 3032 2922 3089 falcem
2969 3048 3216 3092 cxacuat.
3260 3037 3525 3095 Mercator
3563 3041 3645 3096 iti-

2074 3121 2218 3188 dem,
2266 3122 2416 3186 velit,
2451 3124 2606 3190 nolit,
2655 3139 2816 3196 supra
2869 3129 3084 3183 modum
3139 3132 3386 3195 ditescet,
3437 3133 3547 3190 fato
3599 3137 3644 3189 ci

383 3227 515 3296 γὺς,
553 3228 689 3298 μήτε
745 3227 1034 3297 σπέρματα
1089 3226 1458 3292 καταϐάλλων,
1507 3227 1645 3298 μήτε
1694 3225 1966 3297 δρεπάνην

2075 3229 2201 3284 opes
2249 3228 2629 3272 coacervante.
2683 3218 2886 3290 Magna:
2944 3233 3123 3277 autem
3167 3224 3269 3279 illm
3307 3227 3646 3282 Christiano-

384 3317 725 3391 θηξάμενος·
770 3319 1207 3390 ὑπερπλουτήσει
1239 3319 1295 3372 δὲ
1331 3321 1361 3372 ὁ
1401 3319 1660 3390 ἔμπορος,
1697 3318 1798 3372 κᾶν
1845 3318 1966 3385 βού-

383 3410 578 3482 ληται,
628 3410 728 3464 κᾶν
779 3412 889 3482 μὴ,
933 3411 1033 3481 τῆς
1079 3412 1418 3483 εἱμαρμένης
1468 3411 1617 3482 αὑτῷ
1684 3411 1966 3484 συναθροι-

386 3499 587 3572 ζούσης
615 3502 682 3554 τὰ
708 3505 984 3573 χρήματα.
1015 3504 1081 3556 Δί
1117 3503 1174 3556 δὲ
1212 3503 1445 3574 μεγάλαι
1487 3503 1594 3558 τῶν
1625 3505 1965 3576 Χριστιανῶν

383 3594 598 3657 ἐλπίδες
631 3593 854 3666 φροῦδαι
886 3593 994 3665 (40)
1039 3597 1170 3666 ἡμῖν
1205 3589 1543 3667 οἰχήσονται,
1587 3595 1710 3651 οὔτε
1757 3597 1964 3651 δικαιο-

385 3687 554 3758 σύνης
585 3687 922 3758 τιμωμένης,
954 3686 1078 3740 οὔτε
1129 3690 1599 3761 κατακρινομένης
1645 3689 1744 3760 τῆς
1782 3691 1961 3761 ἁμαρο

383 3781 525 3846 τίας,
549 3780 637 3834 διὰ
663 3780 724 3834 τὸ
759 3782 924 3851 μηδὲν
966 3780 1106 3834 κατὰ
1140 3782 1458 3853 προαίρεσιν
1492 3782 1596 3835 ὑπὸ
1627 3782 1735 3835 τῶν
1764 3783 1966 3854 ἀνθρώο

2074 3319 2192 3358 rum
2225 3320 2349 3375 spes
2381 3320 2772 3365 evanescentes
2805 3313 3054 3368 excident
3099 3315 3274 3379 nobis,
3315 3333 3436 3373 cum
3472 3335 3642 3390 neque

2063 3394 2274 3464 justitia
2329 3399 2623 3456 honoribus
2679 3401 2800 3458 ullis
2851 3402 3138 3471 adiciatur,
3165 3423 3338 3478 neque
3393 3413 3641 3482 puniatur

2069 3497 2384 3557 peccatum,
2433 3500 2718 3562 propterea
2767 3498 2910 3565 quod
2954 3497 3085 3553 nihil
3120 3498 3190 3553 ab
3225 3501 3532 3559 hominibus
3583 3505 3642 3556 li.

2067 3581 2202 3635 hero
2250 3581 2416 3635 animi
2455 3585 2735 3652 preposito
2783 3596 2994 3656 agatur.
3031 3587 3167 3642 Nam
3210 3591 3297 3645 ubi
3346 3596 3644 3651 necessitas

2069 3680 2122 3726 et
2161 3671 2329 3727 fatum
2369 3672 2700 3741 dominatur,
2736 3676 2808 3732 ibi
2855 3678 3138 3750 dignitatis
3172 3683 3460 3754 meritique
3503 3687 3641 3738 rati"

2070 3765 2276 3822 nullum
2325 3764 2498 3821 locum
2551 3769 2713 3824 habet
2754 3788 2767 3824 :
2811 3770 2866 3824 id
2905 3771 3046 3840 quod
3098 3782 3273 3828 tamen
3313 3776 3640 3844 praecipuum

385 3890 505 3926 πων
550 3873 934 3927 ἐπιτελεῖσθαι.
978 3873 1153 3926 Ὅπου
1207 3873 1315 3946 γάρ
1363 3874 1574 3946 ἀνάγκη
1626 3875 1719 3928 καὶ
1765 3877 1963 3947 εἱμαρ-

2075 3857 2193 3926 iusti
2233 3858 2418 3928 judicii
2455 3859 2859 3917 fundamentum
2893 3874 2999 3919 est.
3034 3863 3098 3919 Et
3126 3865 3340 3934 quidem
3384 3868 3640 3924 adversas

388 3969 525 4037 μένη
561 3969 770 4038 κρατεῖ,
808 3966 1062 4038 οὐδεμίαν
1096 3967 1206 4037 ἔχει
1255 3967 1435 4040 χώραν
1472 3969 1532 4021 τὸ
1561 3969 1698 4040 πρὸς
1732 3969 1906 4035 ἀξίαν,
1937 3969 1966 4022 ὃ

383 4059 488 4130 τῆς
539 4059 934 4132 δικαιοκρισίας
996 4059 1274 4131 ἐξαίρετόν
1332 4061 1468 4112 ἐστι.
1515 4061 1624 4114 Καὶ
1675 4061 1812 4130 πρὸς
1864 4063 1965 4132 μὲν

384 4151 629 4216 ἐκείνους
658 4151 750 4205 ἐπὶ
776 4151 1045 4205 τοσοῦτον.
1072 4151 1206 4206 Οὔτε
1233 4153 1341 4223 γὰρ
1375 4152 1534 4222 ὑμεῖς
1571 4151 1828 4206 πλειόνων
1855 4154 1965 4207 δεῖ·

385 4243 480 4298 σθε
508 4244 616 4315 (41)
640 4245 812 4313 λόγων
845 4247 974 4317 παρ’
1000 4244 1208 4299 ἑαυτῶν
1229 4245 1588 4312 ὑγιαίνοντες,
1619 4245 1648 4297 ὃ
1677 4261 1736 4297 τε
1774 4244 1964 4318 καιρὸς

381 4335 486 4390 οὑκ.
524 4334 764 4388 ἐνδίδωσι
799 4335 944 4406 πέρα
976 4334 1068 4388 τοὺ
1105 4333 1306 4406 μέτρου
1337 4334 1474 4405 πρὸς
1511 4333 1710 4396 αὑτοὺς
1743 4334 1962 4388 ἀποτεί-

383 4428 586 4482 νεσθαι.

454 4519 510 4575 8.
551 4519 696 4590 Πρὸς
723 4519 779 4573 δὲ
812 4520 880 4573 τὰ
919 4519 1044 4588 ἑξῆς
1074 4517 1180 4570 τῶν
1216 4516 1475 4588 ῥημάτων
1505 4513 1616 4584 (42)
1657 4513 1964 4568 ἐπανέλθω-

2069 3952 2189 4008 illos
2236 3953 2533 4022 hucusque.
2568 3953 2753 4026 Neque
2781 3959 2924 4013 enim
2964 3960 3142 4015 verbis
3186 3960 3428 4030 pluribus
3470 3968 3640 4038 egetis

2069 4059 2185 4111 vos,
2217 4045 2308 4118 qui
2359 4047 2572 4103 scilicet
2617 4063 2647 4103 a
2691 4050 2842 4106 vobis
2886 4051 3020 4122 ipsis
3065 4067 3209 4110 sana;
3251 4059 3446 4112 mentis
3475 4059 3636 4114 sitis:

2068 4154 2243 4210 neque
2270 4151 2482 4212 tempats
2509 4142 2650 4198 ultra
2681 4143 2895 4200 modum
2930 4146 3190 4204 adversus
3216 4163 3308 4204 eos
3340 4151 3514 4206 invehi
3544 4167 3640 4206 nos

2066 4237 2214 4293 sinit.

2139 4513 2192 4569 8.
2221 4512 2338 4568 Jam
2383 4515 2449 4570 ι]
2496 4518 2656 4570 verba
2709 4519 3091 4588 consequentia
3143 4521 3442 4576 redeamus.
3495 4522 3640 4581 Sim.

387 4630 505 4684 μεν.
539 4589 872 4678 Ἔστωσαν,
913 4612 1100 4683 φησὶν,
1149 4614 1238 4677 είς
1274 4608 1512 4678 σημεῖα,
1564 4607 1660 4660 καὶ
1709 4610 1796 4672 είς
1829 4624 1958 4661 και-

2075 4608 2266 4678 inquit,
2307 4609 2363 4662 in
2411 4611 2585 4678 signa,
2632 4619 2680 4664 et
2731 4610 2787 4664 in
2839 4618 3096 4680 tempora,
3133 4622 3181 4665 et
3229 4613 3283 4666 in
3320 4616 3450 4678 dies,
3482 4626 3527 4668 et
3584 4615 3638 4667 in

373 4705 547 4774 ροὺς.
575 4706 673 4759 καὶ
703 4708 786 4771 εὶς
828 4705 1072 4773 ἡμέρας,
1104 4704 1204 4758 καὶ
1237 4705 1322 4768 εἰς
1359 4699 1688 4765 ἐνιαυτούς.
1731 4700 1956 4770 Εἴρηται

388 4798 512 4868 ἡμῖν
554 4798 622 4852 τὰ
672 4799 800 4862 περὶ
842 4799 948 4851 τῶν
984 4796 1245 4868 σημείων.
1292 4794 1532 4864 Καιροὺς
1574 4791 1631 4845 δὲ
1676 4791 1956 4862 ἡγούμεθα

381 4889 559 4958 λέγειν
612 4891 710 4954 τὰς
767 4890 872 4943 τῶν
918 4888 1076 4961 ὡρῶν
1125 4885 1456 4954 ἐναλλαγὰς,
1511 4883 1812 4955 χειμῶνος,
1865 4885 1957 4937 καὶ

381 4980 576 5054 ἔαρος,
628 4983 721 5037 καὶ
768 4983 990 5054 θέρους,
1034 4980 1128 5036 καὶ
1184 4978 1539 5050 μετοπώρου⁸
1573 4977 1639 5042 ἃς
1689 4977 1966 5044 εὐτάκτως

451 5151 498 5182 ⁸⁸
521 5148 660 5203 Gen.
703 5163 739 5214 ι,
779 5146 864 5200 Η.

453 5260 565 5335 (55)
604 5263 679 5335 ita
711 5271 942 5333 quatuor
991 5275 1121 5316 mss.
1168 5258 1305 5314 Editi
1355 5271 1480 5311 vero
1520 5256 1721 5326 ἀγαθὸν
1771 5258 1950 5329 ὑπάρ-

378 5334 729 5410 lamminas
767 5342 931 5386 recte.
1231 5399 1242 5410 l
1405 5397 1428 5410 β
1501 5399 1515 5410 _
1583 5397 1596 5410 .
1884 5399 1896 5410 .

401 5397 416 5410 ’
452 5397 566 5472 (36)
597 5403 823 5458 Codices
848 5411 1079 5470 quatuor
1110 5399 1342 5472 ποσάκις
1371 5397 1469 5468 τῆς
1492 5397 1724 5469 ἡμέρας,
1753 5399 1951 5467 quoties

377 5477 436 5530 in
459 5469 594 5529 tua:
625 5473 762 5527 Editi
803 5469 992 5528 saltem
1021 5488 1142 5527 cum
1182 5469 1315 5540 Reg.
1344 5479 1536 5523 octavo
1563 5472 1779 5538 optima:
1813 5480 1952 5524 uotre

377 5546 762 5624 πολλάκις-τῇς
791 5544 1020 5624 ἡμέραςο
1454 5609 1464 5624 ,
1636 5607 1676 5624 ,η

451 5617 561 5698 (57)
616 5607 842 5669 Codices
885 5607 990 5667 duo
1040 5609 1578 5698 παρατεσεηρημένον.
1636 5607 1787 5688 Eliti~
1821 5623 1949 5698 xum

378 5678 500 5758 aliis
531 5678 660 5758 t'nss.
689 5678 1248 5758 παρατετηρημένως.
1271 5678 1389 5758 uox
1407 5678 1512 5734 sex
1538 5696 1668 5735 tuss.
1695 5678 1789 5732 τοῦ
1820 5679 1949 5732 ἰδίου

377 5753 890 5827 uiolﬂbesitleratur
925 5753 1056 5827 ἰδίου
1091 5753 1348 5827 itiedit‘is.

453 5825 562 5895 (⁸58)
612 5826 761 5881 Coll).
823 5825 1090 5880 secundus
1141 5819 1494 5895 ’loadtOgItuﬁé
1547 5819 1809 5895 Δεγέννησε
1859 5821 1948 5873 τὸν

385 5889 580 5968 Ἀχαζ.
619 5899 793 5969 ’Λχαζ
818 5896 893 5950 δέ.
929 5896 1059 5966 Reg.
1087 5907 1270 5952 setttus
1292 5889 1513 5944 Ἰωάθαν
1543 5889 1596 5942 δὲ
1627 5890 1733 5942 τόν.

2066 4718 2232 4756 annos
2262 4702 2329 4756 ⁸⁸.
2367 4701 2578 4757 Dictum
2623 4713 2710 4758 est
2763 4720 2792 4756 a
2840 4702 2994 4758 nobis
3039 4705 3107 4759 de
3148 4705 3337 4774 signis.
3372 4705 3635 4774 Tempora

2066 4808 2242 4851 autem
2272 4807 2524 4866 putamus
2549 4797 2652 4852 dici
2689 4798 2833 4867 ipsas
2873 4807 3250 4869 tempestatum
3286 4801 3634 4865 nmtationes,

2068 4887 2280 4954 hiemis,
2319 4890 2481 4952 veris,
2517 4889 2721 4943 aestatis
2765 4899 2822 4943 et
2873 4892 3112 4944 autumni
3143 4908 3157 4945 :
3190 4891 3383 4960 quibus
3417 4893 3635 4945 ordina-

2077 4991 2162 5036 tus
2196 4981 2536 5036 lutuiuarium
2588 4992 2764 5036 mutus
2810 4983 3016 5048 tribuit,
3048 4994 3102 5036 ut
3149 4999 3246 5038 nos
3282 4985 3527 5038 ordinate
3556 4983 3634 5036 l'u-

2133 5259 2244 5327 (59)
2265 5258 2417 5331 Cnlh.
2443 5259 2711 5331 secundus
2732 5263 2998 5329 φευκταῖα
3019 5260 3152 5331 διορ.
3182 5261 3295 5313 Mox
3325 5262 3453 5330 Reg.
3476 5278 3605 5329 quin

2063 5341 2147 5402 tus
2177 5332 2225 5402 οί
2256 5329 2584 5394 δικάζοντες.
2628 5329 2759 5402 Reg.
2793 5341 2979 5386 sextus
3012 5329 3279 5401 τιμῶντες
3308 5329 3634 5390 κα“ι“κακίεν

2061 5400 2394 5464 κολάζοντες.

2131 5472 2242 5542 (40)
2285 5469 2772 5543 Codicesquiuque
2801 5470 3012 5543 ἐλπίδες
3051 5472 3296 5543 φροῦδαι.
3335 5472 3474 5527 Editi
3507 5489 3629 5529 cum

2062 5539 2190 5615 893:
2225 5539 2432 5615 ’ριτιεινίι
2484 5539 2699 5615 ἐλπίδες
2729 5541 2979 5615 βρροῦδοι.
3035 5539 3140 5598 δύο
3190 5547 3260 5598 ita
3312 5546 3480 5598 multo
3515 5558 3633 5615 post

2063 5610 2210 5665 Bodl.
2228 5613 2264 5684 (ὃ
2286 5616 2382 5684 τῆς
2412 5611 2625 5684 δικαίας
2648 5610 2898 5684 κρίσεως.

2131 5683 2242 5752 (Al)
2283 5681 2391 5736 ltuo
2415 5699 2542 5735 mss.
2569 5681 2791 5734 ἐδεῖσθε.

2130 5755 2240 5819 (άέ)
2272 5753 2451 5827 [Index
2486 5753 2882 5827 Cntrtltei‘._é§ﬁ;
2910 5753 3018 5807 τῶν
3050 5756 3247 5827 ῥητῶν.
3283 5757 3413 5826 Reg.
3448 5769 3632 5812 sextus

2216 5823 2306 5876 τοῦ
2338 5825 2494 5892 λόγου
2520 5823 2920 5893 ἐπανέλθωμεν.
