4082 6398
522 413 631 468 135

1876 409 1933 466 S.
1976 409 2217 465 BASILII
2255 410 2468 466 MAGNI
3681 424 3772 480 156

527 533 720 580 strent.
763 521 849 577 Fit
893 520 1037 577 enim
1085 520 1277 586 hiems,
1309 535 1430 576 cum
1465 521 1544 576 sol
1578 523 1627 576 in
1661 523 1922 577 austrinis
1955 538 2091 576 com-

2208 525 2540 595 περιοδεύειν
2578 526 2724 594 ἡμεῖς⁵
2765 525 2823 578 τὸ
2868 527 3196 596 τεταγμένον
3229 528 3326 600 τῆς
3371 531 3629 600 κινήσεως
3674 539 3773 590 τῶν

528 628 770 672 moratur
836 615 1101 686 partibus,
1167 629 1230 670 ac
1279 615 1505 668 multum
1555 625 1831 669 nocturna:
1898 617 2102 669 umbra:

527 713 578 764 in
616 709 698 763 his
739 706 938 762 nostris
973 707 1282 776 regionibus
1318 705 1504 761 elIicit.
1543 705 1903 772 Quamobrem
1948 705 2100 759 refri~

525 809 745 870 geratur
777 813 872 852 aer
911 805 1068 851 terra:
1111 795 1506 864 circumfusus,
1547 810 1611 849 ac
1639 811 1830 851 omnes
1870 797 2102 850 humidae

523 893 898 947 extialationes
939 891 1085 946 circa
1134 891 1232 945 nes
1266 898 1488 957 coactae,
1521 889 1774 944 imbrium
1811 889 2100 959 frigorum-

523 1003 630 1054 que
656 997 710 1040 et
741 985 944 1039 nivium
973 983 1472 1053 copiosissimarum
1506 996 1671 1037 causa
1696 990 1824 1036 sunt
1845 991 1900 1036 et
1923 962 2096 1051 origo.

523 1081 592 1132 At
623 1093 742 1133 cum
777 1076 972 1131 iterum
1007 1077 1074 1130 ab
1110 1072 1439 1130 australibus
1477 1074 1796 1145 regionibus
1827 1089 2098 1141 reversus,

527 1171 578 1224 in
611 1171 785 1224 medio
830 1167 1065 1233 Steterit,
1099 1168 1234 1223 adeo
1281 1179 1340 1221 ut
1389 1181 1456 1221 ex
1500 1181 1653 1237 mquo
1691 1168 1959 1238 partiatur
1996 1167 2098 1223 diei

527 1261 806 1329 noctisque
859 1269 1067 1327 tempus
1100 1276 1114 1311 :
1147 1267 1350 1326 quanto
1397 1257 1516 1326 plus
1562 1272 1723 1327 supra
1777 1267 1935 1312 teme
1982 1257 2096 1312 loca

523 1361 915 1415 commoratur,
949 1359 1098 1404 tanto
1135 1350 1411 1404 meliorem
1463 1350 1780 1418 temperiem
1820 1363 1915 1418 per
1955 1349 2099 1404 vices

525 1448 756 1502 reducit.
806 1448 982 1514 Atque
1017 1459 1110 1498 ver
1151 1443 1377 1506 accedit,
1410 1441 1662 1497 omnibus
1695 1443 1910 1511 quidem
1944 1441 2097 1510 plan-

527 1541 594 1593 tis
647 1537 984 1606 germinandi
1043 1547 1257 1600 auctor,
1309 1536 1596 1589 arboribus
1657 1550 1786 1589 vero
1852 1535 2098 1604 plurimis

523 1630 880 1685 reviviscendi
920 1644 1106 1682 ansam
1155 1627 1424 1698 pratbens,
1455 1627 1813 1696 omnibusque
1844 1624 2096 1681 animali-

520 1725 625 1778 bus
679 1733 790 1777 tum
843 1721 1195 1776 terrestribus
1245 1728 1360 1774 tum
1406 1719 1734 1790 aquatilibus
1785 1733 1881 1788 per
1929 1717 2098 1786 prolis

522 1815 924 1870 successionem
955 1828 1126 1883 genus
1165 1827 1476 1870 asservans.
1511 1811 1857 1868 llinc‘autem
1883 1810 1996 1880 jam
2029 1811 2094 1865 ad

523 1912 810 1967 solstitium
837 1910 1084 1965 aestivum
1115 1923 1302 1963 versus
1324 1908 1496 1978 ipsum
1522 1908 1943 1979 septentrionem
1974 1920 2095 1974 per-

523 2021 654 2074 gens
697 2003 799 2066 sol,
837 2002 951 2056 dies
983 2000 1137 2056 nobis
1177 2001 1440 2055 maximos
1470 2000 1708 2057 adducit.
1747 1999 1812 2053 Et
1839 1998 2093 2068 quoniam

524 2099 827 2152 diutissime
870 2097 922 2148 in
967 2107 1092 2149 aere
1120 2095 1460 2159 immoratur,
1496 2091 1771 2148 torrefacit
1799 2093 1970 2160 ipsum
2008 2107 2097 2148 ae-

524 2208 634 2247 rem
682 2193 845 2261 capiti
892 2201 1077 2246 uostro
1108 2189 1499 2251 imminentem,
1532 2196 1586 2242 et
1636 2197 1833 2242 terram
1876 2203 2094 2242 omnem

523 2288 780 2347 exsiccat,
812 2289 912 2340 hoc
935 2295 1092 2352 pacto
1117 2283 1456 2338 etseminum
1484 2282 1849 2337 maturitatem
1871 2282 2093 2350 iuvans,

523 2395 576 2436 et
628 2384 879 2435 arhorum
935 2380 1142 2433 fructus
1185 2378 1251 2432 ad
1296 2377 1701 2432 concoctionem
1753 2392 1973 2446 urgens.
2027 2377 2095 2430 At

522 2492 650 2529 vero
698 2474 912 2541 quando
968 2471 1417 2540 flagrantissimus
1474 2479 1558 2524 est
1608 2470 1732 2532 sol,
1789 2469 1978 2524 breves
2043 2471 2093 2523 in

523 2569 746 2620 meridie
791 2567 1010 2618 umbras
1046 2561 1224 2625 allicit,
1273 2571 1557 2630 propterea
1600 2561 1742 2628 quod
1773 2574 1834 2615 ex
1866 2560 1975 2613 alto
2006 2575 2096 2615 re-

523 2661 708 2730 giones
739 2666 950 2710 nostras
976 2654 1231 2708 illustrat.
1258 2651 1393 2705 Nam
1424 2652 1640 2705 maximi
1666 2651 1780 2706 dies
1807 2651 1838 2704 ii
1870 2661 2014 2713 sunt,
2041 2652 2093 2705 in

525 2755 718 2822 quibus
753 2752 955 2806 umbrae
989 2761 1113 2803 sunt
1148 2749 1478 2803 brevissima:
1507 2767 1520 2803 :
1556 2759 1611 2802 et
1655 2759 1860 2812 contra,
1895 2747 2095 2802 brevis-

523 2847 644 2900 simi
691 2846 805 2898 dies
842 2844 874 2898 ii
919 2853 1065 2907 sunt,
1106 2842 1194 2910 qui
1233 2841 1453 2893 umbras
1489 2841 1685 2895 habent
1732 2839 2091 2907 longissimas.

522 2941 687 3008 quue
716 2937 854 3006 apud
889 2951 986 2989 nos
1017 2935 1297 3002 contingit,
1327 2936 1413 3003 qui
1443 2934 1774 3004 appellamur
1798 2935 2092 2998 [ceteroscii,

522 3036 724 3104 quique
784 3029 1128 3097 aquilonares
1184 3037 1339 3080 terra:
1392 3037 1569 3097 partes
1621 3027 1944 3080 habitamus.
1996 3027 2093 3081 Ve-

524 3142 641 3178 rum
694 3122 835 3178 cnim
870 3135 996 3175 vero
1027 3129 1151 3174 sunt
1185 3119 1442 3180 noannlli,
1474 3120 1563 3188 qui
1599 3133 1691 3188 per
1738 3119 1870 3172 duos
1903 3120 2090 3172 unius-

523 3215 782 3283 cuiusque
825 3212 948 3266 anni
991 3210 1105 3266 dies
1143 3209 1362 3264 omnino
1405 3211 1595 3264 umbra
1633 3217 1838 3273 carent,
1874 3208 1925 3261 in
1976 3222 2090 3262 me-

527 3311 660 3365 ridie
690 3305 965 3363 constituti
999 3321 1011 3357 :
1043 3316 1177 3372 quos
1206 3317 1236 3356 a
1267 3301 1467 3356 vertice
1500 3300 1776 3356 illustrans
1808 3301 1911 3365 sol,
1949 3302 2092 3371 ipsos

523 3419 619 3458 suo
657 3401 858 3454 lumine
886 3398 957 3452 ita
988 3411 1051 3450 ex
1094 3410 1247 3464 ωειυο
1275 3394 1549 3449 undelibet
1579 3394 2004 3458 circumfundit,
2035 3407 2092 3449 ut

522 3496 684 3548 etiam
717 3503 998 3562 puteorum
1027 3487 1415 3559 profundorum
1448 3503 1585 3557 aqua
1624 3502 1719 3557 per
1747 3496 1970 3556 angusta
1995 3502 2091 3541 ora

523 3584 854 3638 illuminctur
885 3600 897 3634 :
937 3580 1076 3634 unde
1114 3578 1332 3647 quidam
1368 3575 1488 3632 illos
1523 3585 1717 3632 vocant
1751 3577 1860 3647 58
1895 3578 2088 3631 ascios.

523 3678 720 3732 Verum
771 3675 860 3744 qui
896 3676 1039 3727 ultra
1081 3681 1282 3726 terram
1336 3669 1660 3725 odoriferam
1716 3671 1981 3738 habitant,
2040 3671 2090 3724 in

521 3772 804 3836 utramque
837 3779 1042 3836 partem
1085 3765 1357 3819 alternant
1393 3763 1632 3816 uuihras.
1683 3762 1793 3816 Soli
1832 3763 1974 3818 enim
2025 3777 2090 3816 ex

521 3863 606 3916 his
630 3860 720 3930 qui
756 3860 898 3916 hunc
930 3866 1172 3914 nostrmn
1207 3856 1392 3910 orbem
1431 3854 1780 3908 habitabilem
1812 3853 2052 3908 incolunt
2073 3894 2088 3919 ,

478 3937 484 3950 ’
519 3952 739 4007 umbras
772 3951 822 4004 in
869 3949 1091 4004 meridie
1126 3949 1192 4001 ad
1241 3946 1508 4001 australes
1551 3953 1733 4016 partes
1781 3945 2088 4000 demittunt.

512 4042 677 4099 ‘Unde
706 4056 799 4096 eos
833 4039 1047 4108 quidam
1079 4037 1398 4108 amphiscios
1447 4047 1731 4091 vocarunt.
1767 4034 1866 4091 Ubi
1911 4047 2090 4090 autem

519 4135 596 4190 sol
634 4134 746 4204 jam
779 4133 844 4186 ad
888 4131 1252 4200 aquilonareut
1303 4139 1510 4198 partem
1547 4128 1801 4194 transiit,
1837 4139 1948 4182 tum
1981 4129 2092 4182 haec

518 4227 697 4280 omnia
731 4224 881 4278 liunt.
932 4223 1075 4278 Sane
1113 4231 1346 4292 quantus
1375 4221 1446 4276 sit
1489 4223 1649 4276 ardor
1693 4221 1784 4290 qui
1814 4237 1879 4276 ex
1925 4221 2090 4274 radiis

519 4320 785 4376 solaribus
814 4319 924 4373 acri
958 4316 1199 4381 accedit,
1232 4316 1489 4386 qualesve
1524 4330 1682 4369 casus
1713 4315 1994 4382 producat,
2025 4331 2091 4368 ex

519 4412 602 4465 his
626 4409 932 4479 conjectare
959 4408 1103 4461 licet.
1140 4405 1274 4460 llinc
1307 4406 1549 4459 autumni
1585 4413 1794 4474 tempus
1822 4419 1917 4458 nos
1944 4405 2092 4458 exci-

487 4502 696 4573 'picns,
743 4501 988 4570 infringit
1037 4499 1254 4570 quidem
1299 4499 1526 4553 nimium
1571 4510 1783 4561 aestum,
1832 4497 2086 4566 paulatim

2207 618 2506 687 φωστήρων
2556 619 2803 689 παρέχει.
2855 621 3075 689 Χειμὼν
3123 622 3220 690 μὲν
3251 622 3360 692 γὰρ
3404 623 3636 690 γίνεται,
3669 631 3772 693 τοῖς

2204 707 2396 770 νοτίοις
2429 708 2616 778 μέρεσι
2651 711 2741 763 τοῦ
2771 711 2920 781 ἡλίου
2955 713 3485 784 προσδιατρίϐοντος,
3523 717 3617 769 καὶ
3651 721 3770 776 πολὺ

2202 799 2264 851 τὸ
2305 802 2617 872 νυκτερινὸν
2670 803 2913 874 σκίασμα
2961 806 3089 875 περὶ
3137 806 3230 858 τὸν
3276 806 3397 860 καθ’
3439 811 3589 879 ἡμᾶς
3625 811 3779 866 τόπον

2203 889 2594 954 ἀποτελοῦντος
2613 909 2626 921 ·
2657 892 2798 945 ὥστε
2831 895 3241 965 καταψύχεσθαι
3279 898 3376 968 μὲν
3402 899 3494 952 τὸν
3529 903 3656 972 περὶ
3683 895 3780 974 γῆν

2203 983 2375 1055 ἀέρα,
2420 985 2600 1050 πάσας
2641 987 2699 1040 δὲ
2737 987 2834 1051 τάς
2868 989 3040 1060 ὑγρὰς
3090 991 3482 1062 ἀναθυμιάσεις
3538 1011 3779 1048 συνιστα-

2206 1077 2372 1146 μένας
2423 1079 2554 1149 περὶ¹
2602 1080 2780 1150 ἡμᾶς,
2831 1081 3051 1152 ὄμϐρων
3090 1099 3151 1135 τε
3190 1084 3369 1138 αἰτίαν
3410 1087 3504 1138 καὶ
3558 1087 3778 1158 κρυμῶν

2203 1171 2296 1224 καὶ
2352 1172 2572 1241 νιφάδος
2629 1172 2910 1244 ἀμυθήτου
2965 1176 3246 1248 παρέχειν.
3285 1177 3534 1231 Ἐπειδὰν
3584 1179 3642 1232 δὲ
3688 1182 3779 1234 ὲπ-

2202 1260 2366 1315 ανιὼν
2402 1261 2562 1316 πάλιν
2591 1262 2700 1316 ἀπὸ
2728 1263 2836 1315 τῶν
2872 1264 3263 1335 μεσημϐρινῶν
3297 1267 3511 1338 χωρίων
3557 1267 3651 1338 ἐπὶ
3691 1269 3777 1321 τοῦ

2205 1355 2369 1424 μέσου
2417 1354 2669 1426 γένηται,
2720 1355 2861 1408 ὥστε
2912 1355 3089 1421 ὲξίσου
3149 1336 3394 1428 μερίζειν
3443 1336 3599 1414 νυκτί
3648 1361 3780 1433 πρὸς

2201 1445 2414 1516 ἡμέραν
2441 1445 2533 1499 τὸν
2571 1447 2781 1517 χρόνον,
2813 1447 2922 1518 ὅσῳ
2963 1448 3144 1502 πλεῖον
3181 1451 3294 1512 τοῖς
3340 1449 3482 1521 ὑπὲρ
3534 1452 3637 1522 γῆς
3672 1453 3778 1524 (45)

2201 1538 2608 1608 προσ-διατρίϐει
2645 1539 2848 1603 τόποις.
2876 1541 3116 1612 τοσούτῳ
3149 1542 3286 1596 κατὰ
3319 1542 3481 1613 μέρος
3520 1545 3782 1613 ἐπανάγει

2201 1629 2298 1699 τὴν
2342 1629 2661 1701 εὐκρασίαν.
2699 1632 2809 1685 Καὶ
2855 1631 3064 1701 γίνεται
3114 1633 3236 1703 ἔαρ,
3282 1636 3417 1687 πᾶσι
3466 1635 3562 1706 μὲν
3596 1641 3780 1706 φυτοῖς

2198 1721 2298 1791 τῆς
2339 1720 2686 1793 βλαστήσεως
2715 1725 2978 1796 ἀρχηγὸν,
3015 1725 3249 1797 δένδρων
3285 1725 3341 1778 δὲ
3375 1728 3487 1790 τοῖς
3511 1727 3781 1793 πλείστοις

2203 1813 2438 1884 παρέχον
2499 1815 2598 1887 τὴν
2655 1816 2972 1881 ἀναϐίωσιν,
3031 1816 3192 1882 ζώοις
3244 1817 3300 1872 δὲ
3349 1819 3626 1890 χερσαίαις
3685 1822 3778 1876 καὶ

2201 1904 2441 1978 ὲνύδροις
2481 1907 2649 1960 ἀπασι
2678 1907 2738 1960 τὸ
2783 1909 2937 1977 γένος
2970 1909 3241 1979 φυλάσσον
3287 1911 3351 1964 ἐκ
3381 1912 3480 1983 τῆς
3518 1911 3622 1966 τῶν
3655 1914 3776 1968 ἐπι-

2201 1998 2500 2069 γινομένων
2537 1999 2826 2072 διαδοχῆς..
2853 1999 3090 2053 Ἐκεῖθεν
3129 2000 3187 2054 δὲ
3231 2002 3332 2073 ήδη
3383 2004 3520 2075 πρὸς
3565 2005 3778 2076 θερινὰς

2197 2089 2404 2160 τροπὰς
2453 2091 2541 2142 ἐπ’
2582 2091 2750 2161 αὐτὴν
2799 2091 2899 2161 τὴν
2941 2092 3140 2162 ἄρκτον
3177 2093 3496 2149 ἀπελαύνων
3527 2099 3556 2149 ὁ
3596 2099 3776 2169 ἥλιος,

2194 2182 2291 2246 τὰς
2341 2182 2599 2253 μεγίστας
2656 2185 2791 2254 ἡμῖν
2841 2184 2948 2237 τῶν
2994 2187 3219 2258 ἡμερῶν
3270 2187 3566 2259 παρίστησι
3617 2191 3774 2260 (44).

2199 2277 2306 2329 Καὶ
2359 2275 2448 2329 διὰ
2507 2277 2570 2330 τὸ
2620 2278 2713 2328 ἐπὶ
2770 2277 3019 2330 πλεῖστον
3081 2279 3430 2350 προσομιλεῖν
3488 2283 3567 2352 τῷ
3622 2283 3777 2356 ἀέρι,

2198 2369 2356 2422 αὐτόν
2397 2387 2455 2422 τε
2517 2369 2887 2441 καταφρύσσει
2943 2371 3031 2423 τὸν
3101 2371 3242 2441 ὑπὲρ
3316 2372 3556 2444 κεφαλῆς
3623 2377 3780 2446 ἡμῶι

2198 2459 2354 2529 ἀέρα,
2391 2460 2486 2512 καὶ
2509 2461 2607 2530 τὴν
2637 2461 2739 2530 γῆν
2761 2462 2940 2513 πᾶσαν
2965 2461 3371 2532 καταξηραίνει,
3399 2465 3510 2526 τοῖς
3529 2481 3589 2516 τε
3614 2466 3779 2536 σπέρ-

2200 2570 2361 2621 μασιν
2401 2553 2464 2605 ὲκ
2502 2552 2694 2606 τούτου
2741 2553 3019 2624 συνεργῶν
3077 2555 3214 2624 πρὸς
3246 2556 3344 2626 τὴν
3386 2555 3613 2626 ἆδρησιν
3643 2558 3775 2627 (45),

2197 2645 2291 2696 καὶ
2347 2645 2471 2706 τοὺς
2529 2643 2640 2697 τῶν
2707 2644 2941 2714 δένδρων
3001 2646 3249 2714 καρποὺς
3304 2649 3644 2715 κατεπείγων
3689 2651 3778 2702 ἐπὶ

2196 2738 2293 2807 τὴν
2328 2736 2516 2805 πέψιν·
2565 2739 2652 2790 ὅτε
2696 2738 2790 2790 καὶ
2837 2737 3274 2806 φλογωδέστατός
3326 2741 3473 2794 ἐστιν
3525 2741 3715 2794 ἑαυτοῦ
3749 2745 3778 2796 ὁ

2195 2829 2373 2898 ἥλιος,
2422 2829 2677 2900 βραχείας
2713 2831 2882 2883 ποιῶν
2933 2832 3032 2893 τὰς
3079 2831 3236 2895 σκιὰς
3286 2833 3378 2885 ἐπὶ
3421 2835 3520 2904 τῆς
3574 2853 3780 2906 μεσημ-

2197 2921 2376 2991 ϐρίας,
2421 2922 2507 2975 διὰ
2537 2923 2598 2974 τὸ
2640 2924 2730 2990 ἀφ’
2778 2922 2981 2993 ὐῂλοῦ
3013 2924 3101 2976 τὸν
3133 2925 3260 2994 περὶ
3296 2927 3442 2996 ἡμᾶς
3492 2927 3776 2999 καταλάμ-

2198 3032 2320 3067 πειν
2368 3015 2547 3068 τόπον.
2619 3016 2890 3084 Μέγισται
2939 3015 3047 3087 γάρ
3094 3019 3230 3070 εἰσιν
3289 3019 3534 3090 ἡμερῶν,
3582 3023 3641 3074 ὲν
3688 3018 3778 3086 αἷς

2200 3107 2534 3178 βραχύταται
2585 3107 2722 3161 εἰσιν
2758 3108 2814 3160 αἱ
2861 3108 3046 3170 σκιαὶ,
3095 3109 3186 3161 καὶ
3239 3109 3571 3180 βραχύταται
3618 3112 3778 3167 πάλιν

2120 3199 2426 3282 ρήμέραι,
2475 3199 2530 3251 αἱ
2589 3198 2688 3262 τὰς
2750 3199 2907 3262 σκιάς
2980 3199 3198 3270 ἔχουσαι
3257 3204 3624 3276 μακροτάτας.
3667 3206 3779 3259 Καὶ

2192 3292 2350 3346 τοῦτο
2399 3292 2528 3364 παρ’
2556 3295 2687 3363 ἡμῖν
2732 3292 2855 3357 τοῖς
2911 3293 3275 3362 ἐτεροσκίοις
3313 3297 3624 3368 λεγομένοις
3661 3300 3776 3354 ὅσοι

2191 3385 2259 3438 τὰ
2305 3383 2528 3456 ἀρκτῷα
2569 3383 2668 3453 τῆς
2719 3385 2820 3455 γῆς
2864 3385 3223 3456 ὲποικοῦμεν·
3255 3389 3376 3440 ἐπεί
3414 3390 3520 3442 εἰσί
3564 3407 3628 3459 γε
3672 3392 3773 3462 ἤδη

2192 3478 2332 3540 τινὲς
2387 3480 2435 3530 οἱ
2493 3476 2633 3530 κατά
2691 3475 2784 3529 δύο
2839 3477 3059 3548 ἡμέρας
3113 3479 3208 3531 τοῦ
3267 3481 3467 3545 παντὸς
3526 3482 3775 3536 ἐνιαυτοῦ

2194 3572 2489 3626 καὶᾶσκιοι
2519 3570 2794 3634 παντελῶς
2847 3571 2988 3625 κατά
3030 3572 3127 3644 τὴν
3175 3575 3523 3646 μεσημϐρίαν
3552 3577 3776 3647 γινόμε-

2195 3681 2296 3728 νοι,
2331 3663 2426 3728 οὓς
2482 3663 2622 3718 κατά
2672 3664 2916 3734 κορυφῆς
2965 3665 3291 3736 ἐπιλάμπων
3324 3670 3352 3720 ὁ
3387 3669 3558 3738 ἥλιος,
3595 3669 3775 3734 ὲξίσου

2195 3756 2971 3829 πανταχόθεν·περιιρωτίζειδ
2998 3757 3137 3810 ὥστε
3189 3761 3283 3812 καὶ
3345 3763 3454 3815 τῶν
3516 3765 3572 3815 ὲν
3619 3763 3774 3834 βάθει

2196 3849 2444 3921 φρεάτων
2475 3849 2533 3902 τὸ
2573 3848 2717 3920 ὕδωρ
2751 3849 2838 3901 διὰ
2892 3851 3128 3921 στομίων
3170 3853 3370 3906 στενῶν
3417 3855 3774 3926 καταλάμπε-

2196 3942 2337 3994 σθαι·
2360 3941 2482 3994 ὅθεν
2514 3942 2708 4006 αὐτούς
2739 3962 2884 4008 τινες
2914 3945 3006 3997 καὶ
3027 3946 3284 4012 ἀσκίους
3322 3947 3600 4002 καλοῦσιν.
3625 3948 3692 4004 0i
3716 3950 3775 4003 δὲ

2194 4037 2448 4090 ἐπέκεινα
2472 4035 2570 4105 τῆς
2601 4037 3032 4110 ἀρωματοφόρου
3069 4040 3180 4108 (46)
3220 4041 3324 4111 γῆς
3350 4042 3435 4094 ἐπ’
3487 4043 3775 4114 ἀμφότερα

2194 4130 2290 4193 τὰς
2343 4131 2499 4190 σκιὰς
2551 4129 3043 4200 παραλλάσσουσιν.
3095 4132 3261 4184 Movet
3304 4131 3412 4203 γὰρ
3456 4135 3512 4186 ὲν
3540 4137 3606 4204 τῇ
3646 4134 3772 4188 καθ’

2195 4223 2340 4292 ἡμᾶς
2365 4222 2660 4294 οἰκουμένῃ
2690 4223 2782 4275 ἐπὶ
2807 4222 2874 4276 τὰ
2897 4222 3046 4276 νότια
3099 4223 3237 4276 κατὰ
3278 4225 3377 4294 τὴν
3424 4226 3775 4297 μεσημϐρίαν

2193 4314 2292 4377 τὰς
2341 4314 2500 4377 σκιάς
2564 4317 3006 4385 ἀποπέμπουσιν·
3049 4316 3172 4369 ὅθεν
3223 4316 3419 4380 αὐτούς
3472 4334 3614 4380 τινες
3677 4320 3777 4371 καὶ

2193 4408 2553 4477 ἀμφισκίους
2579 4408 2880 4478 ὠνόμασαν.
2915 4409 3099 4463 Ταῦτα
3134 4409 3188 4462 δὲ
3234 4409 3408 4462 πάντα
3436 4409 3570 4482 πρὸς
3602 4409 3663 4462 τὸ
3686 4408 3777 4479 βό-

2198 4517 2341 4572 ρειον
2365 4501 2528 4572 μέρος
2565 4502 2991 4573 παροδεύσαντκ
3017 4504 3116 4575 ἤδη
3141 4504 3458 4572 γίνεταιτοῦ
3484 4504 3657 4575 ἡλίου.
3675 4505 3776 4558 Ἐκ

491 4610 642 4649 vero
689 4596 755 4648 de
787 4595 967 4649 calore
1009 4594 1312 4658 remittens,
1353 4608 1422 4647 ex
1473 4606 1530 4648 se
1564 4607 1660 4661 per
1713 4600 2091 4661 temperaturae

2196 4591 2251 4646 δὲ
2284 4592 2487 4646 τούτων
2528 4594 2766 4659 εἰκάζειν
2805 4594 2921 4648 ἐστι
2950 4595 3048 4666 τὴν
3077 4597 3141 4649 ἐκ
3166 4596 3266 4667 τῆς
3295 4596 3525 4669 ἡλιακῆς
3553 4597 3776 4660 ἀκτῖνος

591 4841 702 4909 (l3)
737 4840 888 4895 Colb.
917 4843 1182 4897 secundus
1205 4841 1344 4911 ὑπὲρ
1371 4840 1494 4910 γῆν.
1523 4837 1725 4894 Ibidem
1748 4839 1881 4910 Reg.
1905 4849 2108 4896 sextus-

513 4911 797 4967 διατρίϐει.

520 4929 961 5069 Ϊῆδιςυὶοὲοάἱροε
1007 4993 1128 5038 octo
1153 4984 1373 5054 ἡμερῶν
1412 4980 1742 5054 περιίστησι.
1777 4981 1914 5036 Etliti
1949 4999 2091 5054 παρ-

516 5071 713 5108 ιςτησι.

737 5122 876 5176 Editi
904 5132 958 5177 et
995 5123 1142 5194 Regii
1171 5126 1396 5193 primus,
1431 5125 1619 5180 tertius
1646 5136 1699 5179 et
1721 5125 1940 5194 quintus
1965 5141 2085 5178 cum

513 5198 664 5270 (Iulli.
696 5195 1096 5270 secuiulo__rrpb;
1129 5196 1225 5270 τὴν
1276 5197 1526 5270 ἆδρησιν.
1557 5196 1650 5270 ῥά
1678 5211 1858 5270 quam
1879 5210 2084 5270 ‘vocent

512 5268 886 5338 eisplicandam
912 5265 1252 5338 librariusjiu
1287 5265 1528 5338 riiar'giue
1557 5265 1710 5334 Regii
1735 5265 1891 5338 primi
1923 5281 2086 5338 appo-

513 5333 618 5391 suit
645 5335 756 5396 illa,
785 5335 920 5406 πρὸς
965 5335 1024 5387 τὸ
1074 5337 1234 5407 ἁδρὸν
1279 5339 1371 5391 καὶ
1410 5333 1676 5407 πέπειρον
1709 5334 1980 5404 γενέσθαι,
2014 5333 2085 5387 Ut

510 5424 681 5462 semen
719 5407 1132 5475 bene_nulrimm
1162 5410 1230 5460 sit
1274 5420 1320 5462 et
1366 5419 1648 5460 maturum.
1681 5407 1842 5461 Coisl.
1885 5408 2087 5475 primus

513 5479 648 5549 πρὸς
667 5475 765 5549 τὴν
799 5473 1025 5546 αὔξησιν
1057 5476 1305 5549 ἆδρησιν.
1341 5479 1437 5534 Ubi
1488 5494 1643 5531 nemo
1691 5493 1794 5531 non
1825 5473 1968 5549 videt
1998 5493 2088 5527 vo-

513 5545 630 5604 cem
662 5545 889 5617 αὔξησιν
911 5545 941 5602 e
967 5545 1205 5617 margine
1238 5550 1288 5603 in
1323 5558 1522 5602 textum
1556 5549 1793 5601 ﬂuxisse.
1823 5545 2083 5608 Primum,

515 5629 572 5671 ut
619 5620 850 5681 videtur,
890 5633 993 5673 vox
1043 5617 1268 5689 αὔξησιν
1321 5620 1490 5688 posita
1546 5620 1720 5672 fuerat
1753 5619 1803 5670 in
1846 5617 2084 5683 margine

519 5703 772 5756 tanquam
828 5689 1203 5758 interpretatio
1243 5691 1386 5744 vocis
1427 5691 1654 5760 ἆδρησιν
1686 5705 1699 5741 :
1737 5689 1828 5742 sed
1875 5693 2080 5755 po‘stea,

517 5763 656 5824 quod
711 5775 815 5813 non
875 5775 1000 5813 raro
1047 5762 1291 5829 contigit,
1331 5764 1589 5816 translata
1646 5760 1816 5814 estin
1857 5769 2077 5829 textum.

515 5833 696 5897 itaque
729 5833 1022 5883 secundum
1050 5827 1714 5900 hancinterpretationem
1742 5829 1888 5892 illud,
1918 5827 2081 5900 ἄδρη-

515 5916 615 5962 ηις,
647 5900 911 5969 signiﬁcat
942 5903 1036 5956 huc
1062 5902 1176 5958 loco
1206 5899 1556 5973 augmentum.
1584 5902 1710 5973 Heg.
1740 5911 1920 5958 sextus
1949 5899 2079 5965 πρὸς

2197 4840 2597 4917 τὴν-ᾇδρρνσιν.
2630 4843 2792 4917 (ΣοὶεΙν.
2830 4846 3098 4917 secundus
3120 4846 3364 4917 ἆδρυσιν.

2271 4912 2641 4990 (ιξϐγΕιιίιὶηει
2663 4916 2874 4990 codices
2901 4912 3394 4990 multi__simpliciter
3412 4916 3511 4987 τῆς
3544 4918 3775 4990 ἀρωμα-

2201 4981 2449 5061 τοφόρου.
2483 4983 2632 5061 Coll).
2664 4987 2928 5061 secundus
2960 4996 3013 5039 et
3031 4981 3198 5061 _lleg_.'
3223 4981 3595 5061 octavus_'1:ﬁ;'
3619 4981 3772 5061 ἀρω-

2206 5053 2512 5134 ματοςρόρου
2540 5054 2659 5124 γῆς.
2693 5054 2801 5110 Nec
2832 5055 3075 5134 fortassis
3100 5053 3256 5112 aliter
3276 5056 3404 5134 legit
3429 5053 3771 5121 Eustathius.

2202 5125 2293 5197 qui
2335 5125 2420 5197 sic
2471 5125 2855 5197 interpretatur
2887 5145 2900 5179 :
2936 5125 3029 5180 Illi
3074 5138 3247 5181 autem
3284 5125 3373 5197 (ιιὶί
3417 5139 3565 5182 extra
3599 5139 3772 5183 (erras

2194 5192 2489 5266 odoriferae
2518 5192 2774 5249 habitant.
2819 5195 3114 5252 Coruarius
3155 5192 3396 5252 vero'sic
3430 5201 3627 5255 vertit:
3665 5201 3771 5266 Qui

2194 5277 2312 5313 vero
2345 5263 2481 5316 ultra
2513 5267 2906 5334 nromatiferam
2938 5267 3186 5320 Arabiam
3215 5268 3472 5321 habitant.
3503 5270 3582 5322 Ad
3620 5263 3769 5321 mar-

2193 5334 2371 5416 ginem
2400 5343 2573 5415 aqteut
2607 5337 2952 5416 licgiiprimj
2993 5338 3240 5416 leguntur
3274 5337 3380 5400 illa,
3418 5341 3516 5416 τῇς
3549 5339 3766 5402 Ἰνδίας,

2190 5403 2370 5481 τῆς-ὲν
2402 5403 2478 5481 τῷ
2517 5407 2673 5481 νοτίῳ
2694 5403 2876 5481 ’μέρει
2924 5403 3271 5481 διακειμένης
3300 5425 3336 5481 ιγ
3358 5403 3551 5481 quibus
3587 5416 3771 5464 verbis

2194 5474 2395 5550 indicat
2425 5474 2674 5550 librarius
2710 5474 3128 5533 liic'sertuoneui
3156 5474 3339 5550 haberi
3371 5474 3437 5533 de
3467 5479 3613 5534 India
3643 5497 3772 5550 qua:

2196 5545 2246 5593 in
2281 5545 2500 5619 australi
2537 5558 2688 5619 parte
2714 5550 2813 5602 sita
2843 5559 2942 5605 est.
2991 5550 3030 5602 Ε
3071 5549 3291 5619 regione
3321 5550 3608 5619 verborum
3644 5545 3771 5604 illn—

2193 5625 2333 5692 rum,
2358 5615 2767 5692 ἑτέ-ἀμφότερα-
2789 5619 2886 5682 τὰς
2908 5619 3098 5692 σκιάς,
3125 5615 3272 5692 idem
3316 5618 3568 5692 librarius
3599 5636 3774 5688 appu-

2191 5685 2928 5770 snitetillaﬁto‘répév‘érf‘t
2978 5690 3254 5770 ’τὺ-νότιον
3297 5689 3461 5760 μέρρς
3512 5685 3771 5761 ἀποπέμ-

2192 5767 2350 5831 πουσι
2382 5758 2480 5831 τάς
2509 5758 2685 5820 σκιὰς,
2725 5761 2854 5813 ποτὲ
2879 5760 2936 5812 δὲ
2977 5760 3070 5813 ἐπὶ
3097 5761 3157 5813 τὸ
3196 5758 3422 5831 βόρειον,
3452 5762 3610 5814 Nunc
3649 5758 3772 5830 qnt~

2191 5822 2305 5900 dent
2334 5827 2402 5876 ad
2429 5835 2733 5900 australem,
2772 5849 2906 5884 mmc
2933 5849 3051 5883 vero
3086 5833 3154 5883 ad
3181 5822 3536 5900 aquilonnrcm
3564 5822 3770 5900 partem

2191 5896 2398 5949 umbras
2428 5899 2720 5954 demittunt.
2751 5901 2887 5972 Lege
2925 5901 3193 5958 Ουςῖειιιῐι,
