4082 6398
395 335 504 394 137

1496 327 1782 385 HOMILIA
1823 326 1891 382 Vl
1930 326 1996 381 IN
2037 323 2533 383 HEXAEMERON.

3559 321 3656 376 158

397 460 756 532 ἐγγινομένην
795 454 1040 527 πύρωσιν
1075 452 1152 525 τῷ
1181 453 1324 524 ἀέρι,
1349 451 1448 522 ὅση
1477 449 1560 513 τίς
1589 448 1726 514 εστι,
1763 449 1858 502 καὶ
1888 466 1984 500 πο-

2114 448 2512 503 nediocritalem
2547 446 2612 500 ad
2639 444 2872 500 hiemem
2903 458 3003 500 nos
3024 445 3160 500 citra
3193 459 3386 500 noxam
3416 446 3656 509 deducit,

399 551 587 607 ταπῶν
613 546 1002 617 ἀποτελεστικὴ
1041 543 1152 614 (47)
1200 540 1641 614 συμπτωμάτων.
1703 536 1982 590 Ἐντεῦθεν

399 644 755 714 διαδεξαμένη
782 645 932 714 ἡμᾶς
950 639 1045 693 τοῦ
1087 635 1403 710 μετοπώρου
1437 636 1469 705 ἡ
1516 633 1654 705 ὥρα,
1685 627 1981 702 ὑποθραύει

405 741 502 812 μὲν
535 736 628 790 τοῦ
645 736 870 804 πνίγους
897 733 1010 806 (48)
1031 732 1091 786 τὸ
1114 727 1470 801 ὑπερϐάλλον,
1505 723 1646 779 κατὰ
1685 722 1881 795 μικρὸν
1928 719 1984 772 δὲ

401 833 622 902 ὑφιεῖσα
647 830 746 899 τῆς
779 827 1010 898 θέρμης,
1055 824 1143 878 διὰ
1168 824 1266 894 τῆς
1297 818 1440 875 κατά
1466 817 1562 889 τὴν
1590 817 1786 888 κρᾶσιν
1830 812 1986 884 μεσό-

401 941 564 996 τητος
580 920 832 984 ἀϐλαϐῶς
859 920 1010 991 ἡμᾶς
1031 917 1096 971 δι’
1126 915 1322 986 ἑαυτῆς
1344 913 1423 984 τῷ
1444 911 1673 984 χειμῶνι
1700 906 1983 980 προσάγει⁹

402 1017 646 1091 δηλονότι
674 1013 768 1068 τοῦ
796 1013 949 1085 ἡλίου
986 1011 1147 1066 πάλιν
1184 1008 1293 1062 ἀπὸ
1316 1007 1424 1059 τῶν
1450 1000 1837 1074 προσαρκτίων
1895 997 1988 1048 ἐπὶ

401 1111 474 1164 τὰ
497 1109 650 1162 νότια
680 1104 1128 1178 ὑποστρέφοντος.
1147 1093 1313 1154 Αῦται
1334 1096 1442 1150 τῶν
1471 1093 1628 1165 ὡρῶν
1661 1092 1716 1146 αί
1746 1105 1989 1159 περιτρο-

408 1204 528 1267 παὶ,
579 1203 700 1264 ταῖς
748 1200 1026 1268 κινήσεσιν
1069 1194 1335 1264 ἑπόμεναι
1393 1189 1485 1242 τοῦ
1530 1186 1704 1257 ἡλίου,
1745 1183 1836 1236 τὸν
1878 1181 1989 1250 βίον

408 1295 540 1366 ἡμῖν
588 1287 985 1360 οἰκονομοῦσιν.
1047 1286 1368 1338 Ἔστωσαν
1413 1277 1491 1342 δὲ,
1539 1275 1706 1346 φησὶ,
1764 1271 1861 1325 καὶ
1906 1273 1989 1334 εὶς

407 1362 652 1456 ὴμέρας·
684 1382 783 1451 οὐχ
808 1379 948 1432 ὥστε
993 1375 1207 1448 ἡμέρας
1249 1373 1442 1434 ποιεῖν,
1485 1368 1600 1422 ἀλλ’
1627 1365 1766 1418 ὥστε
1791 1362 1993 1456 κατάρ-

409 1455 526 1550 χειν
557 1475 666 1530 τῶν
695 1471 937 1544 ἡμερῶν.
977 1469 1188 1540 Ἡμέρα
1241 1465 1348 1536 γὰρ
1381 1462 1476 1516 καὶ
1513 1459 1607 1526 νὺξ
1648 1455 1994 1550 πρεσϐύτερα

409 1571 510 1640 τῆς
540 1569 649 1622 τῶν
675 1567 977 1637 φωστήρων
1012 1560 1298 1630 γενέσεως.
1336 1555 1505 1609 Τοῦτο
1538 1553 1646 1623 γὰρ
1666 1549 1994 1604 ἐνδείκνυται

412 1666 546 1736 ἡμῖν
581 1662 736 1716 καὶ-ὁ
771 1657 983 1729 ψαλμὸς
1033 1654 1228 1722 λέγων’
1266 1653 1475 1704 Ἐθετο
1507 1647 1684 1714 ἣλιον
1716 1646 1802 1708 εἰς
1833 1640 1998 1736 ἐξοιν-

411 1733 559 1810 alar
600 1753 710 1822 τῆς
744 1751 993 1821 ἡμέρας,
1041 1744 1319 1812 σελήνην
1357 1741 1453 1795 καὶ
1487 1738 1747 1805 ἀστέρας
1791 1738 1878 1799 είς
1898 1733 1996 1796 ἐξ-

415 1848 640 1902 ova’lm‘
660 1843 770 1911 τῆς
793 1839 1034 1905 νυκτός.
1089 1836 1212 1899 Πῶς
1242 1831 1334 1888 οὖν
1365 1831 1477 1901 ἔχει
1504 1829 1603 1900 τὴν
1625 1826 1873 1891 ἐξουσίαν
1902 1824 2000 1891 τῆς

2091 542 2204 596 sole
2247 539 2502 595 videlicet
2549 552 2738 593 rursus
2783 537 2848 593 ab
2898 537 3186 606 aquiloniis
3233 539 3538 606 regionibus
3592 539 3657 593 ad

2087 634 2363 690 austrinas
2393 640 2688 687 remeante.
2727 628 2821 685 liae
2855 630 3009 700 ipsze,
3036 645 3156 700 quas
3187 631 3314 685 solis
3348 641 3549 687 motum
3575 646 3656 686 se-

2091 734 2354 795 quuntur,
2403 729 2710 791 temporum
2754 719 3178 786 vicissitudines,
3210 719 3372 774 vitam
3421 732 3659 775 nostram

2091 816 2465 871 moderantur.
2495 813 2637 879 Sint,
2663 814 2860 883 inquit,
2886 823 2933 867 et
2957 815 3011 867 in
3035 813 3169 878 dies,
3194 828 3297 867 non
3327 821 3382 866 ut
3405 813 3520 867 dies
3545 829 3664 868 con-

2093 909 2298 972 ficiant,
2331 908 2425 962 sed
2459 914 2518 960 ut
2543 905 2734 961 diebus
2760 906 3003 975 praesint.
3037 904 3162 960 Dies
3190 905 3332 960 enim
3375 915 3429 959 et
3454 921 3554 958 nox
3583 906 3665 958 lu-

2094 995 2388 1054 minarium
2411 1007 2588 1054 ortum
2621 1006 3048 1052 antecesserunt.
3077 996 3311 1068 ldipsum
3343 998 3484 1052 enim
3511 999 3665 1052 nobis

2093 1093 2332 1162 psalmus
2369 1092 2640 1154 declarat,
2689 1091 2740 1144 in
2777 1106 2886 1160 quo
2914 1091 3148 1144 dicitur:
3193 1090 3380 1143 Posuit
3419 1089 3577 1143 solem
3613 1091 3664 1142 in

2091 1193 2398 1253 potestatem
2441 1183 2567 1247 diei,
2619 1182 2798 1236 limam
2838 1189 2886 1235 et
2929 1181 3107 1234 stellas
3144 1182 3197 1234 in
3229 1191 3532 1251 potestatem
3574 1199 3667 1234 no-

2095 1279 2190 1332 ctis
2213 1277 2300 1332 ⁸⁸⁵.
2335 1278 2615 1345 Quomodo
2639 1277 2802 1346 igitur
2830 1277 2910 1332 sol
2942 1279 3046 1332 diei
3079 1277 3285 1331 obtinet
3311 1279 3669 1346 potestatem?

2095 1371 2228 1436 Quia
2261 1370 2434 1424 lucem
2467 1371 2518 1423 in
2547 1370 2726 1438 seipso
2756 1368 3180 1433 circumferens,
3209 1370 3296 1422 ubi
3329 1371 3541 1423 tandem
3577 1371 3664 1422 lm-

2099 1464 2357 1516 rizontem
2405 1469 2650 1517 nostrum
2696 1460 2858 1515 fuerit
2895 1471 3348 1530 praetergressus,
3391 1461 3669 1515 dissolutis

2102 1555 2407 1623 fugatisque
2445 1554 2685 1609 tenebris
2729 1554 2869 1608 diem
2920 1551 3096 1608 affert.
3147 1554 3509 1619 Quamobrem
3565 1570 3667 1606 non

2100 1648 2387 1707 erraverit,
2419 1647 2509 1716 qui
2541 1646 2682 1701 diem
2716 1647 2786 1699 ita
2821 1645 3060 1710 definiet,
3095 1654 3150 1698 ut
3183 1659 3360 1700 aerem
3391 1660 3508 1699 esse
3531 1644 3674 1698 dicat

2102 1755 2128 1789 a
2160 1737 2272 1791 sole
2316 1737 2714 1798 illuminatum,
2747 1745 2838 1787 aut
2875 1735 3133 1803 temporis
3177 1749 3514 1797 mensuram,
3568 1749 3675 1801 quo

2103 1828 2182 1882 sol
2215 1841 2377 1896 super
2413 1837 2612 1881 terram
2647 1827 2697 1879 in
2731 1835 2920 1880 nostro
2961 1824 3340 1892 hemispbatrio
3369 1821 3672 1878 commora-

414 1940 628 2013 ἡμέρας
654 1938 682 1990 ὁ
705 1937 890 2007 ﬁlios;
924 1934 1046 1986 Ὅτι
1077 1931 1137 1983 τὸ
1176 1927 1291 1998 φῶς
1333 1929 1390 1978 ὲν
1434 1921 1610 1992 ἐαυτῷ
1662 1917 1995 1990 περιφέρων,

2114 1936 2208 1974 .ur.
2247 1920 2351 1973 Sed
2378 1929 2431 1972 et
2463 1920 2513 1972 in
2544 1933 2715 1971 annos
2747 1917 2826 1971 sol
2853 1927 2905 1969 et
2932 1917 3053 1970 luna
3082 1917 3313 1971 ordinati
3343 1926 3488 1970 sunt.
3526 1914 3673 1970 Luna

415 2011 637 2087 ἐπειδάν
668 2047 798 2084 ποτε
829 2029 920 2082 τὸν
950 2026 1068 2080 καθ’
1099 2025 1244 2096 ἡμᾶς
1279 2019 1530 2092 ὁρίζοντα
1554 2016 1824 2087 ύπεράρῃ,
1866 2011 2001 2083 ἡμέ-

420 2143 519 2200 ραν
555 2124 780 2196 παρέχει
829 2119 1088 2181 διαλύσας
1129 2117 1189 2169 τὸ
1227 2113 1435 2173 σκότος.
1484 2111 1647 2161 Ὥστε
1675 2105 1776 2160 οὐκ
1811 2105 1876 2158 ἄν
1918 2121 2001 2166 τις

416 2194 676 2289 ἀμάρτοι,
706 2213 918 2285 ἡμέραν
945 2210 1272 2282 ὁρισάμενος
1305 2202 1445 2258 εἶναι
1466 2204 1554 2256 τὸν
1589 2199 1692 2252 ὑπὸ
1717 2196 1809 2250 τοῦ
1851 2194 2001 2266 ἡλίου

417 2307 830 2380 πεφωτισμένον
860 2305 1017 2377 ἀέρα⁶
1068 2303 1123 2374 ἢ,
1157 2299 1366 2371 ἡμέραν
1393 2293 1530 2350 εἶναι
1579 2293 1772 2365 χρόνου
1811 2289 2006 2359 μέτρον

420 2402 478 2454 ὲν
579 2401 636 2452 ὲν
676 2379 760 2469 τῷ
796 2398 937 2468 ὑπὲρ
963 2395 1068 2465 γῆν
1090 2389 1435 2464 ἡμισφαιρίῳ
1477 2386 1675 2456 ὁῆλιος
1713 2379 1999 2450 διατρίϐει.

432 2493 593 2545 Ἀλλά
624 2492 718 2545 καὶ
747 2493 826 2554 είς
861 2488 1138 2550 ἐνιαυτοὺς
1185 2482 1489 2553 ἐτάχθησαν
1539 2478 1690 2547 ἥλιος
1718 2475 1809 2527 καὶ
1847 2472 2002 2543 σελή-

394 2578 508 2655 νη.
541 2583 744 2654 Σελήνη
793 2582 911 2652 μὲν,
968 2576 1185 2631 ἐπειδὰν
1220 2572 1518 2632 δωδεκάκις
1553 2568 1644 2620 τὸν
1681 2564 1877 2633 έαυτῆς
1915 2565 2005 2614 ἐκ-

2100 2013 2318 2081 quidem
2353 2020 2635 2080 postquam
2666 2009 2958 2063 duodecies
2990 2023 3144 2062 suum
3177 2006 3402 2077 perfecit
3434 2022 3675 2070 cursum,

2106 2120 2304 2159 annum
2354 2105 2564 2174 peragit
2595 2123 2606 2158 :
2651 2102 2754 2158 nisi
2792 2104 2933 2171 quod
2969 2116 3154 2156 mense
3189 2099 3499 2155 intercalari
3538 2114 3680 2167 saepe

2107 2212 2244 2268 opus
2283 2207 2366 2253 est
2413 2197 2479 2251 ad
2534 2207 2845 2251 accuratum
2895 2204 3271 2264 tempestatum
3326 2207 3678 2255 concursum,

2110 2289 2256 2342 velut
2288 2289 2588 2357 antiquitus
2622 2289 2854 2352 Hebrmi,
2894 2299 2947 2341 et
2983 2286 3294 2342 Graecorum
3332 2285 3680 2338 vetustissimi

2112 2394 2310 2433 annum
2359 2379 2742 2436 metiebantur.
2783 2380 2970 2432 Annus
3008 2387 3186 2430 autem
3222 2375 3438 2439 solaris,
3480 2373 3681 2427 reditus

2111 2481 2192 2527 est
2224 2472 2356 2528 solis
2385 2486 2452 2526 ex
2494 2472 2682 2526 eodem
2724 2471 2880 2540 signo
2923 2470 2973 2523 in
3017 2469 3156 2524 idem
3195 2471 3406 2538 signum
3437 2481 3532 2536 per
3561 2480 3684 2535 pro-

2113 2563 2289 2630 prium
2319 2571 2547 2616 motum.

421 2651 615 2750 τελέσῃ
665 2651 887 2746 δρόμον,
951 2666 1198 2723 ἐνιαυτοῦ
1243 2668 1358 2717 ἐστι
1404 2660 1681 2730 ποιητική·
1737 2656 1874 2725 πλὴν
1926 2655 2005 2706 ὅτι
2049 2653 2213 2724 μηνὸς
2262 2653 2560 2724 ἐμϐολίμου
2592 2653 2759 2706 δεῖται
2823 2654 3081 2717 πολλάκις
3127 2653 3257 2723 πρὸς
3320 2653 3417 2724 τὴν
3486 2651 3688 2724 ἀκριϐῆ

422 2770 536 2826 τῶν
567 2741 724 2840 (δρῶν
768 2741 1091 2835 συνδρομὴν,
1125 2760 1200 2821 ὡς
1240 2756 1477 2826 Ἑϐραῖοι
1511 2751 1572 2804 τὸ
1619 2747 2000 2816 «altum-(49)
2041 2745 2132 2798 τὸν
2174 2745 2418 2799 ἐνιαυτὸν
2451 2741 2584 2818 ἦγον
2614 2744 2843 2800 καὶτῶν
2887 2747 3150 2818 Ἑλλήνων
3216 2750 3263 2799 οί
3321 2745 3686 2817 ἀρχαιότατοι.

435 2838 688 2923 νΗλιακὸς
717 2858 772 2912 δέ
795 2858 940 2910 ἐστιν
981 2851 1222 2913 ἐνιαυτὸς
1261 2851 1294 2918 ἡ
1329 2847 1436 2901 ἀπὸ
1464 2844 1557 2898 τοῦ
1582 2839 1744 2896 αὐτοῦ
1776 2839 2000 2910 σημείου
2041 2838 2132 2890 ἐπὶ
2152 2838 2212 2890 τὸ
2236 2838 2366 2892 αὐτὸ
2389 2842 2611 2910 σημεῖον
2632 2839 2772 2892 κατά
2795 2841 2894 2911 τὴν
2917 2840 3118 2894 οἰκείαν
3156 2840 3365 2909 κίνησιν
3411 2839 3502 2891 τοῦ
3541 2838 3690 2908 ἡλίου

424 2954 889 3014 ἀποκατάστασις.

498 3049 552 3104 9.
580 3046 686 3100 Καὶ
715 3044 1005 3110 ἐποίησεν
1020 3044 1060 3108 ὁ.
1072 3040 1215 3106 Θεὸς
1245 3035 1387 3101 τοὺς
1408 3035 1516 3088 δύο
1536 3029 1856 3102 φωστῆρας
1878 3024 2010 3089 τοὺς

2192 3023 2244 3078 9.
2275 3022 2345 3076 Et
2372 3023 2493 3093 fecit
2518 3023 2654 3078 Deus
2680 3027 2785 3077 duo
2810 3025 3095 3078 luminaria
3120 3041 3306 3095 magna
3324 3025 3389 3079 ⁸⁷.
3415 3025 3546 3079 Cum
3579 3043 3694 3081 nia-

426 3139 749 3212 μεγάλους.
787 3133 1006 3204 Ἐπειδὴ
1048 3133 1110 3186 τὸ
1171 3132 1314 3202 μέγα
1337 3127 1424 3184 ,τὸ
1470 3125 1567 3198 μὲν
1599 3121 1862 3176 ἀπόλυτον
1905 3116 2010 3188 ἔχει

2120 3133 2287 3187 gnum
2321 3118 2480 3172 modo
2508 3117 2812 3172 absolutam
2839 3117 3037 3172 habeat
3064 3117 3496 3187 intelligentiam,
3526 3118 3690 3173 veluti

432 3237 531 3307 τὴν
553 3233 782 3287 ἔννοιαν·
822 3231 897 3293 ὡς
933 3228 1106 3300 μέγας
1141 3229 1168 3279 6
1203 3221 1454 3295 οὐρανὸς,
1496 3219 1590 3272 καὶ
1632 3214 1896 3288 μεγάληὴ

434 3305 528 3382 κει
578 3325 787 3398 μεγάλη
847 3321 957 3393 (50)
1000 3323 1033 3392 ἡ
1092 3318 1354 3372 θάλασσα’
1391 3313 1459 3366 τὰ
1513 3312 1571 3366 δὲ
1624 3311 1698 3374 ὡς
1741 3307 1812 3361 τὰ
1849 3305 2020 3359 πολλά

435 3421 647 3489 πέφυκε
685 3417 823 3489 πρὸς
850 3416 1033 3486 ἕτερον
1061 3408 1448 3482 ἀναφέρεσθαι,
1473 3406 1547 3468 ὡς
1585 3403 1758 3474 μέγας
1779 3402 1808 3454 ὁ
1831 3400 2016 3489 ἵππος,

437 3488 530 3567 καί
558 3514 586 3565 6
616 3488 742 3582 βοῦς
766 3510 794 3562 ὁ
829 3507 1000 3579 μέγας
1051 3503 1130 3575 (οὐ
1163 3502 1272 3573 γὰρ
1300 3501 1359 3553 ἐν
1385 3501 1453 3568 τῇ
1482 3493 1754 3566 ὑπερϐολῇ
1789 3491 1894 3582 τῶν
1923 3488 2019 3582 τοῦ

439 3581 689 3675 σώματος
715 3601 915 3669 ὄγκων,
939 3596 1051 3650 ἀλλ’
1083 3597 1140 3649 ὲν
1164 3596 1230 3664 τῇ
1256 3590 1390 3664 πρὸς
1428 3588 1496 3642 τὰ
1523 3588 1683 3657 ὅμοια
1721 3581 2020 3655 παραθέσει

436 3696 534 3766 τὴν
572 3692 874 3766 μαρτυρίαν
905 3690 996 3743 τοῦ
1043 3687 1303 3760 μεγέθους
1349 3685 1416 3739 τά
1448 3680 1672 3737 τοιαῦτα
1704 3677 2016 3750 λαμϐάνειν

439 3787 556 3850 πῶς
584 3784 759 3839 τοίνυν
795 3780 904 3853 (Eii)
936 3780 1030 3834 τοῦ
1055 3779 1289 3852 μεγάλου
1311 3775 1409 3847 τὴν
1438 3773 1646 3828 έννοιαν
1659 3767 2016 3839 ὲκδεξόμεθα;

440 3881 674 3950 Πότερον
698 3875 774 3940 ὡς
797 3875 888 3928 τὸν
912 3873 1198 3944 μύρμηκα,
1217 3869 1250 3940 ἦ
1268 3867 1393 3924 ἀλλο
1413 3884 1466 3919 τι
1484 3864 1594 3918 τῶν
1611 3862 1768 3933 φύσει
1789 3859 2017 3932 μικρῶν,

444 3971 587 4043 μέγα
621 3964 1099 4042 προσαγορεύομεν
1123 3961 1213 4016 διὰ
1243 3961 1343 4032 τὴν
1378 3958 1514 4031 πρὸς
1538 3956 1607 4010 τὰ
1624 3956 1859 4025 ὁμογενῆ
1895 3950 2022 4043 σύγ-

442 4042 624 4135 κρισιν
649 4061 746 4132 τὴν
779 4056 1050 4129 ὑπεροχὴν
1094 4051 1526 4126 μαρτυροῦντες;
1566 4049 1600 4120 ἢ
1640 4046 1701 4101 τὸ
1744 4045 1884 4117 μέγα
1926 4042 2020 4097 νῦν

443 4156 636 4220 οὕτως,
664 4155 738 4217 ὡς
790 4154 846 4205 έν
892 4153 960 4222 τῇ
1008 4148 1186 4220 οἰκεία
1213 4146 1319 4199 τῶν
1369 4144 1670 4214 φωστήρων
1706 4138 2018 4207 κατασκευῇ

443 4248 538 4302 τοῦ
573 4245 832 4318 μεγέθους
865 4240 1301 4318 ἐμφαινομένους
1349 4236 1490 4304 Ἐγὼ
1523 4234 1620 4306 μὲν
1649 4228 1800 4303 οἶμαι
1843 4228 2018 4282 τοῦτο.

447 4344 522 4397 Ού
549 4341 656 4410 γὰρ
684 4337 868 4408 ἐπειδὴ
902 4334 1117 4406 μείζους
1147 4332 1256 4386 τῶν
1282 4327 1616 4402 μικροτέρων
1641 4324 1904 4396 ἀστέρων,
1937 4321 2023 4428 διὰ
2053 4368 2100 4428 D

445 4433 602 4488 τοῦτο
635 4431 874 4503 μεγάλοιο
911 4427 1025 4482 ἀλλ’
1054 4423 1239 4494 ἐπειδὴ
1263 4420 1506 4476 τοσοῦτοι
1539 4420 1637 4489 τὴν
1653 4413 2019 4489 περιγραφὴν,

448 4530 587 4583 ὥστε
631 4525 879 4596 ἐξαρκεῖν
928 4521 1025 4592 τὴν
1080 4520 1174 4573 ἀπ’
1207 4516 1385 4572 αὐτῶν
1426 4513 1794 4585 ἀναχεομένην
1849 4509 2022 4581 αύγὴν

448 4621 542 4676 καὶ
568 4618 795 4691 οὐρανὸν
821 4613 1184 4686 περιλάμπειν
1215 4609 1310 4664 καὶ
1335 4608 1424 4662 τὸν
1453 4606 1611 4678 ἀέρα,
1638 4605 1733 4658 καὶ
1756 4601 1892 4674 ὁμοῦ
1920 4601 2024 4654 πά-

451 4729 521 4786 σῃ
557 4715 622 4783 τῇ
657 4714 727 4782 γῇ
758 4710 853 4762 καὶ
888 4710 953 4778 τῇ
985 4705 1230 4776 θαλάσσῃ
1263 4697 1849 4772 συμπαρεκτείνεσθαι.
1877 4697 1944 4749 Οἵ
1960 4710 2023 4762 γε

450 4806 592 4861 κατά
618 4807 721 4856 πᾶν
755 4803 918 4872 μέρος
956 4799 1052 4852 τοῦ
1091 4796 1320 4868 ούρανοῦ
1350 4793 1645 4864 γινόμενοι,
1680 4789 1776 4843 καὶ
1798 4788 2024 4842 ἀνατέλ-

450 4900 634 4960 λοντες
688 4897 782 4949 καὶ
814 4895 1062 4964 δυόμενοι
1109 4891 1201 4944 καὶ
1238 4889 1300 4942 τὸ
1355 4887 1516 4958 μέσον
1560 4883 1866 4953 ἐπέχοντες,
1921 4879 2026 4932 ἴσοι

454 4985 788 5058 πανταχόθεν
818 4987 930 5049 τοῖς
970 4982 1274 5053 ἀνθρώποις
1313 4977 1722 5050 προφαίνονται,
1744 4974 1878 5044 ὅπερ
1899 4971 2032 5024 ἀπό-

522 5174 589 5205 3“
628 5171 772 5228 Psal.
797 5184 994 5238 cxxxv,
1019 5167 1072 5234 8,
1101 5168 1154 5224 9.
1230 5168 1272 5198 ⁸⁷
1312 5165 1445 5222 Gen.
1488 5180 1526 5230 ι,
1560 5163 1644 5218 16.

678 5313 811 5386 Reg.
854 5318 1038 5386 sextus
1062 5302 1850 5386 ποταειτιξῦν·ἀποτελεσματικὴΓ

529 5368 642 5455 (48)
682 5368 794 5436 Τοῧ
809 5380 1083 5455 πνίγους.
1118 5380 1187 5455 Et
1215 5379 1302 5432 hic
1327 5379 1378 5432 in
1411 5368 1660 5455 margine
1692 5368 1844 5455 lieg‘ij
1871 5368 2029 5453 primi

458 5440 805 5508 inveniuntur
835 5440 946 5511 illa,
975 5440 1068 5502 τοῦ
1097 5449 1321 5517 πνίγους
1347 5446 1440 5501 τοῦ
1470 5445 1768 5517 καύματος.
1799 5440 2032 5517 ῌνιγεὺς

458 5525 568 5596 γὰρ
592 5527 620 5578 ό
644 5522 917 5596 κλίϐανος.
961 5512 1373 5596 ξΕντεῦθένααὶ
1415 5512 1759 5596 πεπνιγμένη
1796 5512 1965 5596 ὄρνις,
1995 5513 2026 5578 ἡ

459 5582 517 5652 έν
539 5582 782 5666 ¹κλιϐάνῳ
813 5582 1414 5666 ὀπτηθεῖσαῇ-Πνίγους,
1468 5589 1516 5666 id
1548 5582 1646 5642 ρει.
1680 5582 2029 5666 ω.ξ1ιιδ.μζκίιιιι

461 5668 698 5721 clibanus
723 5654 796 5719 est
824 5654 1059 5732 pnigeus.
1095 5660 1230 5714 Hinc
1258 5654 1410 5713 etiam
1433 5661 1564 5721 uvis,
1590 5674 1705 5728 qua:
1734 5657 1784 5708 in
1821 5654 2025 5707 clibano

463 5747 598 5792 tosta
619 5748 716 5793 est.
751 5745 997 5789 a'stnnsse
1021 5733 1235 5784 dicimr.

533 5809 643 5877 (i9)
796 5792 1040 5871 'Effp(t70r
1065 5802 1122 5853 tv"
1145 5817 1226 5855 .‘m
1246 5806 1415 5855 Μῦν.
1437 5802 1576 5870 Lege
1594 5809 1742 5852 “01:15
1776 5794 1949 5848 Diluti
1979 5802 2026 5845 υἱ

2123 3227 2374 3280 magnum
2401 3222 2480 3267 est
2513 3212 2731 3277 caelum,
2772 3226 2963 3282 magna
3003 3221 3086 3266 est
3115 3221 3279 3274 terra,
3319 3226 3572 3281 magnum
3607 3221 3693 3267 est

2123 3321 2274 3361 mare
2311 3324 2326 3361 :
2363 3307 2522 3360 modo
2556 3319 2706 3370 vero,
2740 3305 2881 3374 quod
2922 3305 3079 3374 vulgo
3117 3305 3196 3367 fit,
3227 3304 3294 3357 ad
3339 3303 3568 3358 alterum
3610 3320 3696 3359 re-

2122 3399 2252 3456 ferri
2299 3399 2510 3455 soleat:
2548 3398 2779 3467 exempli
2831 3411 3018 3463 causa,
3067 3411 3296 3467 magnus
3345 3411 3551 3467 equus,
3602 3408 3696 3450 aut

2123 3507 2349 3561 magnus
2377 3491 2514 3546 bos:
2549 3505 2654 3546 non
2685 3490 2830 3545 enim
2857 3490 2925 3544 ob
2957 3488 3190 3558 amplam
3217 3502 3496 3557 corporea:
3536 3489 3696 3542 molis

2121 3587 2499 3657 quantitatem,
2541 3584 2636 3638 sed
2664 3583 2734 3638 ob
2765 3582 3066 3638 institutam
3099 3595 3222 3635 eum
3254 3579 3519 3645 similibus
3549 3594 3698 3634 com-

2123 3681 2479 3750 parationem,
2524 3674 2897 3730 testimonium
2935 3672 3326 3742 magnitudinis
3352 3685 3698 3738 consequun-

2126 3781 2249 3828 tur:
2283 3768 2552 3840 quomodo
2576 3767 2738 3837 igitur
2769 3765 2949 3836 magni
2977 3763 3430 3834 signiﬁcationem
3464 3763 3697 3830 accipie-

2125 3860 2283 3916 mus?
2331 3857 2520 3915 Utrum
2574 3856 3029 3927 quemadmodum
3082 3855 3364 3908 formicam
3411 3863 3504 3907 aut
3554 3854 3706 3907 aliud

2123 3950 2353 4023 quodvis
2377 3949 2580 4005 animal
2602 3955 2794 4018 suapte
2822 3955 3016 4000 natura
3042 3960 3293 4016 parvum,
3323 3960 3574 4014 magnum
3603 3959 3692 4013 ap-

2124 4045 2411 4115 pellamus,
2439 4041 2507 4096 ob
2531 4040 2732 4096 factam
2757 4053 2879 4094 cum
2913 4037 3036 4093 aliis
3057 4037 3294 4108 ejusdem
3322 4037 3534 4106 generis
3557 4050 3699 4089 com-

2125 4137 2502 4208 parationem,
2550 4132 2744 4188 molem
2791 4129 2952 4186 solito
3001 4129 3258 4199 majorem
3308 4128 3698 4183 testiﬁcantes?

2127 4244 2195 4282 an
2224 4241 2370 4282 nunc
2396 4237 2649 4294 magnum
2680 4219 3052 4290 accipiendum
3085 4229 3186 4282 est,
3215 4218 3286 4271 ita
3312 4229 3367 4271 ut
3395 4219 3447 4272 in
3481 4219 3698 4287 prepria

2129 4318 2477 4374 luminarium
2498 4314 2886 4371 constitutione
2909 4327 2974 4368 ac
2987 4321 3178 4367 natura
3198 4311 3504 4382 magnitudo
3523 4327 3657 4380 appa
3671 4340 3696 4350 -

2131 4412 2253 4467 ret?
2273 4410 2384 4481 Ego
2402 4408 2651 4479 equidem
2676 4407 2756 4463 sic
2783 4406 2978 4463 sentio.
3005 4403 3121 4460 Non
3153 4403 3260 4475 59
3279 4405 3421 4459 enim
3441 4404 3564 4472 quia
3585 4405 3702 4459 haec

2130 4502 2421 4560 luminaria
2455 4501 2658 4570 majora
2687 4507 2813 4554 sunt
2841 4497 3143 4553 minoribus
3173 4495 3362 4559 stellis.
3391 4496 3460 4552 ob
3493 4496 3544 4551 id
3581 4512 3700 4548 ma-

2130 4577 2234 4667 gna
2261 4605 2387 4651 sunt
2411 4611 2424 4648 :
2457 4594 2551 4648 sed
2577 4593 2702 4662 quia
2734 4600 2941 4646 tantum
2967 4588 3166 4644 habent
3195 4588 3476 4653 ambitum,
3511 4597 3570 4641 ut
3596 4588 3702 4644 dif-

2135 4689 2285 4743 fusus
2309 4687 2376 4740 ab
2407 4685 2535 4755 ipsis
2565 4683 2817 4754 splendor
2846 4681 2982 4738 caalo
3006 4688 3061 4735 et
3091 4679 3206 4735 aeri
3231 4678 3546 4734 illustrando
3572 4681 3704 4736 satis

2132 4780 2223 4846 sit,
2268 4793 2436 4847 seque
2475 4776 2636 4832 simul
2664 4774 2730 4829 ad
2769 4788 2984 4828 onmem
3016 4779 3216 4828 terram
3257 4781 3312 4825 et
3341 4786 3488 4827 mare
3521 4783 3705 4827 exten-

2133 4875 2245 4928 dat.
2271 4872 2402 4940 Qua:
2429 4884 2560 4926 sane
2584 4869 2636 4924 in
2659 4881 2983 4937 quacunque
3003 4865 3124 4920 cteli
3149 4873 3304 4934 parte
3335 4866 3554 4932 fuerint,
3582 4867 3706 4920 dum

2139 4978 2194 5025 et
2222 4967 2496 5030 oriuntur,
2533 4971 2589 5018 et
2620 4960 2896 5024 occidunt,
2938 4967 2992 5013 et
3032 4958 3267 5014 medium
3294 4965 3580 5027 occupant,
3609 4972 3707 5010 un-

2135 5291 2360 5349 Morelli.

2354 5362 2425 5416 Ita
2457 5357 2609 5433 Regii
2635 5357 2946 5433 qnintuset
2965 5363 3168 5433 sextus.
3188 5344 3713 5433 .Ab'estujteydlqab

2133 5418 2378 5492 editis'et
2400 5447 2429 5484 a
2461 5418 2804 5483 inultis'mss.
2838 5425 3038 5479 Ibidem
3072 5423 3238 5492 editio
3267 5418 3431 5473 Basil.
3457 5429 3710 5492 cumsex

2135 5487 2362 5561 ἶιὶέέῖτά
2392 5501 2469 5555 δέ.
2506 5499 2682 5554 Editio
2711 5498 2883 5552 Paris.
2909 5495 3062 5548 τὺδέ.
3090 5491 3284 5545 Statim
3313 5503 3444 5544 mss.
3473 5487 3715 5557 plerique

2135 5585 2321 5630 onmes
2355 5575 2382 5624 6
2411 5571 2535 5643 βοῦς
2568 5569 2759 5643 μέγας.
2799 5567 2933 5620 Editi
2967 5563 3149 5643 βοῦς-ό
3182 5561 3374 5642 μέγας.

2206 5643 2317 5715 (Si)
2357 5629 2816 5715 Coilices_:iliqitot
2847 5629 3193 5715 _cuttii_edit(is'
3220 5629 3559 5715 rftbgfoiyov.
3579 5629 3713 5715 Ιξὶιιιι

2138 5697 2416 5776 ιιιέεξπιῦς
2438 5714 2549 5766 νῦν.
2583 5697 2719 5778 Reg.-
2739 5698 2936 5778 tertius.
2953 5705 3065 5769 πῶς
3087 5701 3177 5758 οὖν
3200 5704 3314 5756 νῦν.
3347 5701 3544 5757 ibidem
3578 5697 3710 5766 ιίης.

2140 5796 2320 5843 sextus
2349 5785 2552 5840 ἔννοιαν
2582 5777 2824 5851 ἐκληψόμ
2837 5777 2949 5830 :01.
