4082 6398
292 443 388 499 ιιι

1389 436 1676 493 HOMILIA
1715 437 1782 492 Vl
1822 437 1888 494 ΙΝ
1929 437 2422 495 HEXAEMERON.

3445 442 3543 496 142

280 558 476 628 Μέγας
498 549 594 610 οὖν
630 556 660 609 ό
690 556 936 628 φωστὴρ,
969 556 1112 610 κατά
1139 556 1238 626 τὴν
1268 556 1366 626 τῆς
1413 557 1635 628 Γραφῆς
1669 574 1856 628 μαρτυ

1974 558 2106 612 libet
2135 543 2370 622 constat,
2403 557 2456 611 in
2486 555 2738 610 maximis
2767 556 3065 612 intervallis
3093 573 3198 610 non
3227 559 3544 628 perlectam,

281 650 431 727 ρίαν,
465 649 558 703 καὶ
588 647 1034 721 άπειροπλασίων
1063 647 1157 702 τοῦ
1182 648 1526 720 φαινομένου.

354 927 440 983 10.
472 927 710 980 Κάκεῖνο
763 924 820 979 δέ
868 943 950 978 σοι
1003 925 1230 998 ἐναργὲς
1274 924 1413 980 ἔστω
1454 924 1548 977 τοῦ
1602 922 1864 995 μεγέθους

279 1023 525 1093 σημεῖον.
577 1017 844 1090 ’ἀπείρων
868 1019 1035 1071 ὄντων
1058 1017 1136 1088 τῷ
1158 1017 1349 1090 πλήθει
1370 1017 1476 1070 τῶν
1492 1018 1612 1071 κατ’
1637 1015 1863 1088 οὐρανὸν

276 1115 546 1186 ἀστέρων,
581 1113 644 1166 τὸ
676 1113 807 1184 παρ’
861 1112 1040 1165 αὐτῶν
1084 1111 1562 1184 συνερανιζόμενον
1606 1110 1722 1180 φῶς
1762 1110 1862 1163 οὐκ

275 1207 499 1277 ἐξαρκεῖ
528 1206 627 1277 τῆς
658 1203 851 1268 νυκτὸς
883 1203 981 1276 τὴν
1023 1206 1329 1276 κατήφειαν
1375 1204 1642 1258 διαλῦσαι.
1687 1203 1861 1266 Μόνος

272 1299 329 1352 δὲ
362 1293 542 1361 οὗτος,
577 1296 912 1368 ὑπερφανεὶς
944 1295 1037 1348 τοῦ
1089 1297 1385 1368 ὁρίζοντος,
1433 1295 1634 1366 μᾶλλον
1668 1294 1726 1348 δὲ
1780 1294 1858 1347 ἔτι

275 1393 371 1447 καὶ
424 1391 888 1465 προσδοκώμενος,
935 1391 1064 1461 πρὶν
1111 1391 1204 1443 καὶ
1253 1391 1544 1460 ὑπερσχεῖν
1577 1386 1687 1458 (62)
1721 1385 1860 1449 ὅλως

272 1485 374 1554 τῆς
405 1483 529 1553 γῆς,
561 1482 790 1553 ἠφάνισε
828 1483 926 1552 μὲν
951 1481 1012 1534 τὸ
1042 1481 1252 1548 σκότος,
1285 1481 1634 1553 ὑπερηύγασε
1655 1480 1714 1533 δὲ
1732 1481 1857 1542 τοὺς

270 1573 534 1644 ἀστέρας,
569 1574 663 1626 καὶ
716 1573 1004 1644 πεπηγότα
1054 1572 1190 1636 τέως
1236 1571 1330 1626 καὶ
1375 1570 1856 1642 συμπεπιλημένον

270 1666 365 1719 τὸν
398 1665 523 1736 περὶ
550 1666 654 1737 γῆν
695 1666 833 1738 ἀέρα
879 1665 1141 1736 κατέτηξε
1175 1665 1268 1718 κα)⁵
1295 1663 1524 1734 διέχεεν.
1563 1663 1724 1717 Ὅθεν
1763 1666 1854 1716 καὶ

272 1759 469 1830 ἄνεμοι
520 1759 734 1812 ἑωθινοὶ
770 1758 868 1824 ,καὶ
892 1758 1069 1829 δρόσοι
1111 1758 1168 1810 ὲν
1201 1755 1387 1827 αἰθρίᾳ
1408 1755 1507 1827 τὴν
1536 1758 1638 1826 γῆν
1661 1761 1855 1828 περιρ-

274 1852 482 1923 ῥέουσι.
518 1851 798 1923 Τοσαύτην
829 1852 886 1906 δὲ
923 1849 1089 1906 οὖσαν
1113 1850 1212 1923 τὴν
1240 1851 1344 1921 γῆν
1369 1849 1484 1914 πῶς
1518 1849 1583 1903 ἂν
1613 1849 1852 1920 ἠδυνήθη

272 1943 333 1995 ἐν
357 1943 456 2013 μιᾷ
482 1940 674 2014 καιροῦ
711 1943 850 2013 ῥοπῇ
881 1941 985 2012 ,τὴν
1018 1942 1199 1994 πᾶσαν
1232 1941 1656 2010 καταφωτίζειν,
1694 1943 1742 1993 εί
1785 1941 1858 2014 μὴ

270 2033 381 2087 dna
434 2033 671 2105 μεγάλου
718 2031 814 2087 τοῦ
855 2032 1054 2086 κύκλου
1109 2031 1219 2104 (65)
1258 2031 1356 2105 τὴν
1403 2034 1577 2104 αὐγὴν
1603 2034 1857 2104 ὲπηφίεις

282 2126 553 2181 Ἐνταύθά
585 2144 676 2198 μοι
707 2127 804 2198 τὴν
832 2127 1022 2196 σοφίαν
1043 2125 1136 2180 τοῦ
1155 2127 1397 2197 τεχνίτου
1423 2126 1860 2198 κατάμαθε,πῶς

267 2217 349 2288 τῷ
379 2217 708 2288 διαστήματι
759 2216 933 2288 τούτῳ
975 2217 1287 2289 σύμμετρον
1335 2217 1534 2270 ἔδωκεν
1563 2216 1715 2288 αὐτῷ
1763 2217 1860 2288 τὴν

269 2307 603 2380 θερμότητα.
637 2307 902 2361 Τοσοῦτον
937 2308 1046 2380 γάρ
1085 2310 1232 2361 ἐστιν
1270 2308 1437 2362 αὐτοῦ
1478 2309 1540 2362 τὸ
1593 2309 1857 2381 πυρῶδες,

268 2398 345 2459 ὡς
367 2399 505 2469 μήτε
531 2397 597 2450 δι’
632 2397 936 2470 ὑπερϐολὴν
966 2397 1299 2467 καταφλέξαι
1322 2400 1420 2469 τὴν
1446 2399 1572 2468 γῆν,
1606 2400 1742 2470 μήτε
1773 2399 1860 2452 διὰ

268 2486 368 2558 τὴν
398 2485 633 2556 ἔλλειψιν
675 2487 1096 2558 κατεψυγμένην
1125 2489 1296 2560 αὐτὴν
1326 2491 1420 2542 καὶ
1447 2489 1639 2558 ἄγονον
1668 2490 1858 2544 ἀπολι-

270 2581 414 2634 πεῖν.
455 2580 683 2652 Ἀδελφὰ
711 2581 768 2634 δὲ
788 2584 900 2645 τοῖς
937 2581 1248 2653 εἰρημένοις
1265 2583 1359 2636 καὶ
1386 2582 1454 2636 τά
1485 2585 1613 2655 περὶ
1645 2584 1744 2654 τῆς
1780 2600 1860 2636 σε·

269 2673 441 2744 λήνης
481 2672 722 2728 νοείσθω.
753 2675 911 2742 Μέγα
943 2674 1054 2746 γὰρ
1089 2676 1181 2728 καὶ
1225 2674 1288 2728 τὸ
1310 2675 1516 2747 ταύτης
1539 2676 1720 2748 σῶμα,
1765 2679 1860 2732 καὶ

270 2767 575 2832 φανότατὸν
604 2785 668 2836 γε
700 2767 841 2839 μετά
868 2768 959 2821 τὸν
991 2769 1163 2839 ἥλιον.
1195 2770 1306 2822 Οὐκ
1340 2771 1429 2823 ἀεὶ
1463 2770 1644 2840 μέντοι
1664 2772 1858 2844 ὁρατὸν

269 2861 444 2931 αὐτῆς
469 2860 711 2931 διαμένει
744 2861 804 2915 τὸ
838 2861 1085 2932 μέγεθος·
1107 2861 1240 2917 ἀλλά
1273 2862 1366 2916 νῦν
1391 2863 1488 2933 μὲν
1521 2864 1859 2935 ἀπηρτισμέ-

269 2972 338 3024 νη
366 2953 444 3025 τῷ
477 2954 683 3025 κύκλῳ,
724 2954 819 3008 νῦν
851 2955 908 3007 δὲ
940 2955 1264 3009 ἐλλείπουσα
1296 2955 1407 3027 (64)
1438 2957 1531 3010 καὶ
1564 2958 1855 3028 μειουμένη

272 3045 545 3114 φαίνεται,
571 3045 692 3100 καθ’
734 3044 922 3116 ’ἕτερον
959 3045 1156 3115 ἑαυτῆς
1203 3046 1370 3117 μέρος
1413 3046 1774 3116 προδεικνῖωα
1797 3047 1858 3100 τὸ

270 3136 480 3191 λεῖπον.
536 3135 711 3207 Ἀλλῳ
749 3135 850 3206 μὲν
879 3135 986 3208 γὰρ
1021 3136 1176 3208 μέρει
1233 3137 1514 3201 σκιάζεται
1561 3137 1855 3211 αὐξομένη,

1975 650 2071 704 sed
2113 649 2396 708 confusam
2437 663 2726 719 corporum
2765 647 2994 717 eﬂigiem
3034 650 3385 718 apprehendi.
3436 651 3546 704 Ma-

1975 760 2140 814 gnum
2182 743 2346 812 igitur
2367 751 2450 796 est
2479 739 2763 804 luminare,
2793 738 2946 810 juxta
2986 738 3280 809 Scripturze
3305 741 3546 796 testimo-

1975 833 2150 896 nium,
2187 848 2253 887 ac
2293 830 2504 885 inﬁnito
2539 829 2714 897 majus
2756 844 2918 899 quam
2947 838 3188 897 apparet.

2041 925 2152 997 60
2177 923 2262 978 l0.
2305 923 2412 979 Sed
2436 931 2491 978 et
2525 921 2658 977 illud
2689 922 2782 977 tibi
2809 922 3031 976 evidens
3053 921 3124 975 sit
3161 921 3545 990 magnitudinis

1966 1017 2202 1086 signum.
2235 1015 2497 1083 Quamvis
2547 1015 2832 1069 innumera
2863 1015 2935 1068 sit
2976 1013 3028 1067 in
3071 1013 3210 1068 ςωιυ
3259 1013 3541 1068 stellarum

1967 1108 2281 1173 multitudo;
2313 1107 2595 1162 collectum
2646 1106 2882 1174 ipsarum
2911 1104 3088 1159 lumen
3118 1103 3182 1158 ad
3225 1105 3399 1159 noctis
3442 1104 3539 1157 tri-

1962 1201 2168 1256 stitiam
2202 1199 2596 1255 dissolvendam
2627 1213 2729 1253 non
2757 1197 2974 1252 sulIicit.
2999 1198 3068 1251 At
3098 1197 3268 1252 solum
3301 1197 3426 1251 illud
3463 1197 3544 1250 lu-

1963 1295 2192 1358 minare,
2233 1291 2394 1347 simul
2439 1301 2497 1345 ut
2544 1306 2709 1360 super
2753 1291 3094 1346 horizontem
3141 1299 3388 1357 apparet,
3434 1288 3542 1341 imo

1961 1388 2090 1440 dum
2131 1385 2310 1440 adhuc
2349 1394 2721 1454 exspectatur,
2765 1384 3085 1454 priusquam
3121 1383 3281 1436 etiam
3319 1381 3541 1436 omnino

1960 1492 2122 1545 supra
2157 1485 2356 1530 terram
2383 1474 2640 1538 emineat,
2675 1479 2728 1524 et
2766 1471 3018 1526 tenebras
3048 1469 3297 1538 dissipat,
3326 1478 3378 1522 et
3409 1465 3537 1522 stel-

1961 1570 2038 1624 las
2078 1570 2363 1641 splendore
2424 1577 2667 1638 superat,
2733 1575 2787 1620 et
2831 1563 3312 1633 cirenmjacentem
3361 1559 3539 1616 telluri

1957 1678 2138 1718 aerem
2172 1669 2327 1716 antea
2364 1671 2677 1714 concretum
2720 1667 2775 1711 et
2818 1657 3106 1712 densatum
3141 1655 3427 1724 liquefacit
3467 1669 3532 1708 ac

1957 1753 2204 1808 eﬂuudit.
2251 1750 2408 1806 Unde
2450 1763 2506 1805 et
2555 1750 2699 1804 venti
2752 1749 3003 1804 matutini
3053 1757 3108 1801 et
3157 1763 3246 1801 ros
3294 1749 3348 1800 in
3402 1747 3538 1801 sudo

1963 1860 2163 1903 terram
2213 1845 2618 1901 circumﬂuunt.
2661 1843 2942 1911 Quomodo
2981 1850 3164 1895 autem
3217 1851 3418 1894 terram
3453 1848 3538 1894 to-

1967 1954 2094 2003 tam,
2131 1956 2253 1994 cum
2290 1949 2434 1993 tanta
2472 1938 2578 2000 sit,
2629 1952 2736 1990 uno
2785 1934 3044 2004 temporis
3099 1943 3370 1987 momento
3417 1931 3535 1984 illii-

1930 2057 1933 2060 ·
1964 2047 2145 2089 Str-are
2179 2043 2386 2104 posset,
2421 2032 2522 2086 nisi
2555 2046 2583 2084 a
2615 2044 2812 2098 magno
2848 2029 2980 2084 orbe
3018 2027 3197 2081 lumen
3231 2026 3538 2080 emitteret?

1965 2127 2060 2180 llic
2120 2127 2288 2189 disce,
2331 2139 2538 2194 quaeso,
2583 2123 2794 2192 opiﬁcis
2851 2121 3210 2190 sapientiam,
3264 2118 3538 2187 quomodo

1962 2219 2197 2272 calorem
2249 2217 2346 2284 ipsi
2393 2216 2622 2271 contulit
2663 2225 2809 2270 tanto
2857 2209 2943 2268 hic
2995 2212 3280 2268 intervallo
3337 2225 3537 2264 conve-

1964 2311 2216 2365 nientem.
2277 2308 2324 2364 ls
2362 2319 2445 2364 est
2490 2309 2634 2364 enim
2677 2308 2846 2378 ipsius
2893 2306 3063 2373 calor,
3107 2315 3164 2359 ut
3207 2319 3379 2373 neque
3410 2318 3536 2372 pro-

1963 2413 2083 2469 pter
2126 2401 2458 2455 nimietatem
2515 2399 2707 2453 adurat
2747 2397 3016 2461 tellurem,
3074 2410 3247 2463 neque
3292 2409 3388 2463 per
3446 2393 3538 2445 de-

1963 2494 2158 2548 lectum
2203 2493 2614 2565 perfrigeratam
2672 2491 2821 2545 illam
2869 2489 3324 2555 inlecundamque
3372 2485 3534 2540 relin-

1961 2596 2108 2656 quat.
2159 2585 2277 2640 Jam
2323 2600 2639 2656 germanum
2683 2583 2937 2652 quiddam
2983 2598 3046 2635 ac
3083 2581 3256 2636 simile
3300 2582 3384 2634 his
3417 2595 3536 2648 qum

1960 2680 2100 2732 dicta
2139 2689 2284 2739 sunt.
2313 2679 2380 2733 de
2420 2679 2542 2730 luna
2590 2677 2751 2732 etiam
2793 2676 3146 2746 intelligatur.
3178 2675 3271 2728 Est
3297 2674 3440 2727 enim
3479 2681 3534 2726 et

1959 2787 2156 2841 corpus
2183 2773 2349 2840 ipsius
2377 2786 2655 2842 magnum,
2685 2780 2738 2824 et
2776 2781 2896 2838 post
2935 2769 3104 2823 solem
3135 2780 3266 2821 sane
3297 2764 3485 2833 splend
3507 2792 3536 2804 «-

1959 2865 2262 2918 dissimum.
2316 2864 2430 2920 Non
2488 2873 2665 2917 tamen
2717 2877 2932 2930 semper
2975 2859 3206 2914 visibilis
3255 2864 3536 2926 permanet

1959 2955 2128 3026 ipsius
2155 2956 2467 3026 magnitudo
2507 2971 2522 3008 :
2563 2956 2655 3008 sed
2706 2968 2848 3008 nunc
2885 2952 3098 3022 quidem
3127 2952 3179 3005 in
3209 2965 3309 3004 suo
3332 2947 3536 3002 circulo

1961 3050 2229 3115 absoluta,
2277 3064 2421 3103 nunc
2449 3062 2578 3103 vero
2608 3045 2868 3099 deliciens
2901 3053 3062 3112 atque
3094 3043 3374 3097 imminuta
3403 3054 3531 3093 con-

1958 3143 2207 3213 spicitur,
2248 3152 2304 3196 et
2339 3140 2509 3196 altera
2550 3140 2630 3194 sui
2663 3150 2819 3208 parte
2844 3137 3112 3192 defectum
3143 3135 3400 3190 ostendit.
3443 3133 3530 3185 Et-

269 3227 402 3284 ἄλλο
436 3228 493 3281 δὲ
545 3227 708 3299 μέρος
737 3228 907 3299 αὐτῆς
937 3229 996 3282 έν
1027 3226 1104 3299 τῷ
1147 3227 1325 3300 καιρῷ
1351 3228 1451 3299 τῆς
1487 3229 1693 3297 λήξεως
1721 3230 1856 3284 ἀπο-

1961 3238 2103 3291 enim
2137 3237 2266 3290 dum
2297 3235 2514 3297 crescit,
2538 3234 2705 3287 altera
2738 3243 2890 3302 parte
2926 3230 3281 3286 obumbratur
3315 3246 3327 3280 :
3365 3227 3533 3282 altera

273 3323 600 3390 κρύπτεται.
633 3319 804 3388 Λόγος
826 3319 884 3372 δέ
912 3337 996 3382 τις
1021 3319 1259 3392 ἄρῤητος
1279 3320 1371 3373 τοῦ
1405 3319 1570 3391 σοφοῦ
1591 3320 1858 3392 ,δημιουρ-

269 3414 373 3484 γοῦ
404 3413 504 3484 τῆς
532 3415 783 3485 ποικίλης
817 3414 1022 3484 ταύτης
1070 3413 1372 3484 ὲναλλαγῆς
1397 3413 1505 3467 τῶν
1536 3414 1853 3485 σχημάτων.

272 3508 346 3561 ἸΙ
379 3506 489 3578 γὰρ
522 3506 663 3560 ὥστε
694 3508 828 3577 ἡμῖν
860 3506 1166 3577 ὑπόδειγμα
1203 3507 1436 3578 ἐναργὲς
1467 3508 1727 3579 παρέχειν
1747 3508 1856 3579 (65)

269 3599 374 3668 τῆς
405 3598 680 3670 ἡμετέρας
707 3597 941 3668 φύσεωςο
969 3598 1053 3651 ὅτι
1074 3596 1226 3650 οὐδὲν
1257 3597 1483 3666 μόνιμον
1507 3598 1614 3650 τῶν
1645 3597 1858 3670 ἀνθρω-

271 3691 467 3753 πίνων,
496 3689 631 3744 ἀλλὰ
658 3690 726 3744 τά
753 3691 850 3761 μὲν
889 3692 953 3744 ὲκ
985 3689 1080 3745 τοῦ
1115 3689 1188 3763 μὴ
1217 3689 1368 3754 δντος
1413 3693 1659 3764 πρόεισιν
1699 3695 1779 3756 είς
1797 3693 1859 3746 τὸ

268 3785 500 3845 τέλειον,
535 3783 605 3837 τά
627 3784 684 3838 δὲ
720 3784 856 3854 πρὸς
883 3783 982 3856 τὴν
1015 3783 1220 3837 οίκείαν
1254 3784 1438 3856 ἀκμὴν
1463 3785 1743 3855 φθάσαντα
1767 3790 1858 3840 καὶ

271 3876 336 3928 τὸ
362 3876 660 3947 ἀκρότατον
691 3877 888 3948 μέτρον
917 3876 1124 3930 ἑαυτῶν
1163 3876 1487 3948 αὐξηθέντα,
1519 3877 1679 3933 πάλιν
1740 3882 1860 3940 ταῖς

273 3968 419 4022 κατά
452 3970 645 4040 μικρὸν
686 3969 1006 4040 ὑφαιρέσεσι
1023 3969 1200 4037 φθίνει
1227 3987 1287 4023 τε
1321 3971 1415 4024 καὶ
1452 3971 1740 4038 διόλλυται,
1765 3975 1860 4027 καὶ

275 4061 579 4132 μειούμενα
599 4062 962 4132 καθαιρεῖται.
1001 4061 1164 4113 Ὥστε
1195 4063 1258 4114 ὲκ
1279 4061 1374 4114 τοῦ
1406 4063 1548 4116 κατά
1573 4064 1671 4136 τὴν
1706 4064 1859 4135 σελή-

269 4172 374 4226 νην
402 4153 673 4224 θεάματος
705 4153 1054 4207 παιδεύεσθαι
1095 4156 1240 4226 ἡμᾶς
1261 4155 1329 4208 τὰ
1355 4156 1621 4227 ἡμέτερα,
1645 4158 1860 4228 καὶτῆς

270 4247 500 4318 ταχείας
555 4245 665 4299 τῶν
701 4245 1058 4316 ἀνθρωπίνων
1109 4247 1449 4318 περιτροπῆς
1485 4247 1863 4318 λαμϐάνοντας

271 4339 519 4404 ἔννοιαν,
575 4338 651 4411 μὴ
715 4339 857 4411 μέγα
919 4341 1134 4410 φρονεῖν
1197 4342 1320 4403 ταῖς
1381 4340 1706 4413 εὐημερίαις
1764 4341 1857 4395 τοῦ

273 4433 432 4505 βίου,
506 4433 581 4504 μὴ
658 4431 1059 4501 ὲπαγάλλεσθαι
1125 4432 1496 4496 δυναστείαις,
1567 4433 1642 4505 μὴ
1700 4434 1858 4488 ἐπαί-

273 4526 468 4597 ρεσθαι
515 4524 744 4578 πλούτου
800 4524 1108 4596 ἀδηλότητι,
1151 4530 1499 4598 περιφρονεῖν
1523 4527 1624 4597 τῆς
1660 4527 1860 4599 σαρκὸς

271 4617 406 4689 περὶ
438 4617 506 4689 ἣν
551 4618 584 4688 ὴ
638 4615 955 4681 ἀλλοίωσις,
1004 4615 1384 4687 ἐπιμελεῖσθαι
1431 4617 1488 4670 δὲ
1532 4618 1632 4688 τῆς
1679 4617 1860 4688 ψυχῆς

268 4705 342 4782 ἧς
382 4710 443 4763 τὸ
498 4708 702 4778 ἀγαθόν
741 4710 890 4762 ἐστιν
949 4707 1226 4780 ἀκίνητον.
1287 4709 1350 4762 Εἰ
1379 4708 1436 4762 δὲ
1489 4709 1648 4762 λυπεῖ
1705 4727 1765 4763 σε
1823 4712 1855 4779 ἡ

273 4803 473 4874 σελήνη
531 4805 651 4867 ταῖς
711 4801 854 4855 κατά
908 4801 1102 4874 μικρὸν
1151 4801 1472 4872 ὑφαιρέσεσι
1531 4803 1594 4855 τὸ
1644 4804 1854 4873 φέγγος

270 4895 705 4960 ἐξαναλίσκουσα
737 4911 750 4924 ο
821 4895 1062 4948 λυπείτω
1118 4911 1176 4948 σε
1229 4895 1392 4949 πλέον
1451 4895 1597 4968 ψυχὴ
1655 4899 1856 4970 ἀρετὴν

270 4988 594 5059 κτησαμένη
631 4987 765 5058 (66),
797 4990 892 5042 καὶ
918 4988 1005 5042 διὰ
1028 4987 1358 5058 ἀπροσεξίας
1389 4988 1450 5042 τὸ
1482 4989 1645 5043 καλὸν
1660 4991 1851 5060 ἀφανί-

271 5079 480 5144 ζουσα,
516 5081 608 5134 καὶ
647 5079 916 5152 μηδέποτε
949 5081 1044 5134 ἐπὶ
1084 5081 1185 5152 τῆς
1217 5082 1390 5152 αὐτῆς
1427 5081 1720 5149 διαθέσεως
1757 5085 1852 5154 μέ-

267 5190 470 5237 νουσα,
512 5172 648 5228 ἀλλά
693 5172 875 5228 πυκνά
909 5174 1221 5246 τρεπομένη
1268 5174 1364 5228 καὶ
1410 5175 1850 5248 μεταϐαλλομένη

345 5375 461 5443 (6‘2)
498 5375 630 5448 Reg.
670 5375 893 5444 quintus
921 5375 1054 5448 πρὶν
1089 5375 1181 5430 καὶ
1224 5377 1529 5448 ὑπερσχεῖν.
1565 5377 1717 5432 Colh.
1749 5380 1853 5448 pri-

270 5463 395 5501 mus
443 5446 539 5498 καὶ
583 5447 864 5516 ὑποσχεῖν.
919 5446 1056 5500 Editi
1107 5464 1228 5500 cum
1275 5446 1545 5516 aliquibus
1590 5465 1719 5503 mss.
1753 5446 1857 5502 καὶ

269 5519 588 5642 ξῖρσχεῖν.
624 5517 690 5572 Et
732 5517 892 5586 paulo
922 5525 1045 5588 post
1070 5516 1220 5571 Colb.
1266 5521 1536 5575 secundus
1563 5535 1855 5591 συμπεπη-

376 5605 431 5640 α.

268 5604 431 5659 γοτα.

347 5659 458 5731 (65)
491 5658 722 5715 Codices
769 5673 874 5731 non
911 5659 1078 5731 pauci
1113 5657 1208 5711 τοῦ
1247 5659 1464 5713 κύκλου.
1507 5660 1852 5714 Desmeratur

274 5728 536 5802 articulus
565 5733 616 5784 in
641 5728 1054 5802 excusisslnira
1078 5745 1204 5782 tnss.
1238 5731 1388 5784 lllllill
1414 5732 1513 5802 τὴν
1539 5733 1660 5801 γῆν.
1688 5733 1852 5786 Abest

275 5800 536 5855 articulus
561 5802 629 5854 ab
659 5801 839 5856 editis.
866 5799 1105 5853 Subinde
1140 5802 1353 5853 codices
1378 5799 1483 5853 duo
1510 5799 1845 5856 κάέαλιπεῖν,

277 5872 472 5952 ﬁlatim
502 5870 755 5952 permulti
791 5886 918 5926 mss.
962 5870 1058 5940 τῆς
1103 5870 1351 5941 σελήνης.
1389 5871 1543 5927 Dcest
1589 5875 1850 5928 articulus

279 5959 332 5997 ιιι
367 5956 601 5997 CXCUSIS.

1959 3342 2094 3382 vero
2150 3326 2294 3381 illius
2351 3341 2478 3396 pars
2540 3335 2786 3394 tempore
2832 3322 3162 3378 decrementi
3206 3321 3532 3375 occultatur.

1959 3420 2132 3475 Porro
2155 3419 2385 3489 sapienti
2413 3416 2592 3488 opillei
2618 3419 2669 3470 in
2699 3418 2800 3470 hac
2827 3414 2975 3468 varia
3001 3413 3293 3484 ﬁgurarum
3326 3423 3570 3480 pernm--

1963 3513 2168 3567 latione
2198 3527 2304 3566 non
2341 3510 2511 3564 defuit
2545 3525 2744 3563 arcana
2781 3509 3026 3578 quzedam
3059 3505 3218 3559 ratio.
3249 3505 3357 3558 Aut
3388 3504 3530 3556 enim

1961 3606 2014 3661 id
2039 3607 2118 3671 lit,
2141 3614 2200 3660 ut
2220 3604 2376 3659 nobis
2400 3613 2599 3658 nostra
2621 3611 2826 3656 natura!
2849 3601 3194 3670 perspicuum
3219 3599 3524 3663 exemplum

1962 3700 2219 3768 przebeat.
2251 3697 2456 3752 scilicet
2477 3695 2609 3750 nihil
2643 3693 2863 3748 humani
2889 3681 3084 3746 stabile
3108 3706 3226 3745 esse
3257 3715 3269 3743 -.
3299 3691 3394 3741 sed
3425 3689 3530 3741 alia

1961 3790 2180 3860 quidem
2204 3804 2326 3859 quae
2359 3802 2463 3842 non
2497 3787 2853 3849 exsistebant,
2882 3787 2947 3839 ad
2987 3781 3378 3854 perfectionem
3405 3797 3500 3848 per
3519 3811 3530 3818 -

1961 3882 2125 3937 duci:
2159 3883 2265 3935 alia
2309 3895 2439 3936 vero
2487 3878 2554 3934 ad
2597 3878 2876 3949 proprium
2919 3877 3157 3946 vigorem
3206 3888 3532 3941 progressa,

1961 3987 2344 4042 summumque
2361 3984 2628 4025 mensura:
2645 3970 2882 4038 ipsorum
2905 3968 3296 4021 incrementum
3320 3965 3531 4032 adepta,

1961 4069 2156 4121 iterum
2182 4065 2436 4135 paulatim
2461 4062 2823 4118 decrescendo
2846 4059 3144 4125 corrumpi,
3175 4057 3529 4124 dissolvique,

1960 4171 2012 4215 et
2049 4159 2335 4214 imminuta
2377 4157 2600 4214 destrui.
2631 4157 2812 4223 Quare
2855 4170 2921 4209 ex
2974 4154 3113 4206 lunae
3164 4163 3385 4220 aspectu
3439 4166 3537 4204 nos

1961 4259 2145 4303 nostra
2190 4248 2507 4311 erudimur,
2557 4257 2616 4300 ut
2655 4244 2888 4301 celerem
2931 4259 3113 4298 rerum
3177 4242 3536 4296 humanarum

1963 4341 2314 4396 mutationem
2393 4340 2800 4411 percipientes,
2866 4338 2934 4392 ob
3014 4337 3140 4390 vita:
3217 4335 3536 4389 felicitatem

1963 4451 2069 4489 non
2107 4433 2336 4489 nimium
2385 4435 2542 4490 nobis
2582 4446 2925 4501 arrogemus,
2977 4443 3152 4498 neque
3195 4429 3248 4482 in
3297 4425 3536 4494 potentia

1969 4529 2286 4597 gloriemur,
2333 4543 2510 4597 neque
2562 4526 2878 4582 divitiarum
2928 4525 3133 4577 incerto
3181 4521 3537 4583 attollamur,

1892 4600 1936 4653 D
1965 4621 2058 4675 sed
2094 4635 2315 4676 carnem
2361 4637 2482 4689 quae
2531 4619 2792 4683 muiatur,
2841 4633 3200 4688 aspernemur
3231 4658 3245 4682 ,
3296 4616 3536 4668 animam

1969 4728 2094 4767 vero
2144 4712 2300 4783 cujus
2340 4713 2620 4767 immotum
2668 4718 2753 4766 est
2799 4713 3019 4773 bonum,
3063 4723 3336 4764 curemus.
3385 4704 3537 4773 Quod

1960 4806 2005 4860 si
2062 4805 2185 4859 luna
2241 4805 2366 4859 dum
2433 4805 2779 4874 splendorem
2845 4802 3103 4874 paulatim
3171 4799 3540 4856 decrescendo

1959 4897 2218 4962 absumit,
2263 4895 2357 4950 tibi
2393 4897 2671 4950 tristitiam
2700 4907 2850 4951 creat
2884 4912 2899 4950 :
2932 4895 3116 4949 dolore
3143 4903 3193 4948 te
3225 4894 3430 4962 majore
3460 4893 3540 4944 af-

1963 4989 2106 5042 liciat
2139 4988 2340 5050 anima,
2374 5003 2516 5058 quae,
2548 4999 2832 5057 postquam
2863 4987 3115 5040 virtutem
3144 4994 3391 5039 assecuta
3432 4992 3538 5048 est,

1962 5083 2160 5133 bonum
2193 5080 2392 5134 amittit
2420 5081 2489 5135 ob
2530 5080 2933 5150 negligentiam,
2964 5089 3020 5133 et
3054 5094 3327 5147 nunquam
3367 5077 3416 5129 in
3452 5092 3542 5130 ea»

1963 5176 2080 5229 dem
2118 5175 2359 5245 persistit
2402 5175 2707 5241 aﬂectione,
2750 5176 2844 5230 sed
2898 5173 3214 5244 frequenter
3261 5173 3330 5228 ob
3375 5171 3539 5224 animi

2036 5380 2332 5448 (64)(3011).
2381 5381 2588 5450 primus
2637 5378 2950 5434 ὲλλιποῦσα.
3005 5377 3364 5450 Statim_duo_
3412 5391 3540 5450 mss.

1964 5447 2138 5523 αὐτῆς
2169 5451 2352 5521 μέρος.
2381 5447 2588 5523 ibidem
2619 5450 2762 5523 lieg.
2790 5452 3011 5523 quintus
3033 5466 3155 5503 cum
3188 5447 3306 5501 aliis
3335 5447 3545 5523 duobus

1967 5518 2102 5594 mss.
2135 5518 2582 5594 προδεικνύουσα.
2626 5522 2766 5574 ΕιΙιιί
2799 5537 2918 5594 cum
2955 5521 3234 5594 [iuglierl
3260 5518 3544 5594 (r-xpoaat—

1967 5593 2155 5649 κνῦσα.
2183 5588 2311 5668 "Mox
2345 5595 2476 5672 lleg.
2515 5603 2699 5646 sextus
2732 5589 3015 5672 σκιάζεται
3039 5588 3400 5672 αὐξανομένη.

2036 5667 2148 5731 (65)
2188 5666 2338 5719 Coll).
2371 5659 2578 5729 primus
2616 5665 2940 5733 παρασχεῖν.
2989 5660 3128 5713 Infra
3165 5659 3296 5729 Reg.
3340 5661 3546 5727 primus

1962 5737 2274 5806 ἀφαιρέσεσι
2307 5735 2500 5803 φθίνει.

2033 5802 2142 5876 (ϋὺ)
2169 5802 2326 5860 Lit-Ib.
2359 5805 2626 5859 secundus
2652 5804 2724 5874 μὴ
2754 5803 3090 5873 κτησαμένη.
3128 5803 3230 5854 Aut
3264 5802 3412 5863 nihil,
3453 5807 3546 5855 uti.

1962 5896 2147 5946 parum
2179 5877 2364 5941 refert,
2402 5876 2567 5930 addas
2597 5893 2662 5929 an
2696 5879 2945 5930 detrahas
2971 5887 3330 5944 negationem.
