  <div class='ocr_page' id='page_1' title='image "/cluster/home/n/w/nwhite01/storage/ocr_20150623/29/hvd.32044011320256/505.png"; bbox 0 0 4082 6398; ppageno 0'>
   <div class='ocr_carea' id='block_1_1' title="bbox 599 525 695 579">
    <p class='ocr_par' dir='ltr' id='par_1_1' title="bbox 599 525 695 579">
     <span class='ocr_line' id='line_1_1' title="bbox 599 525 695 579; baseline 0 -1"><span class='ocrx_word' id='word_1_1' title='bbox 599 525 695 579; x_wconf 70' lang='lat' dir='ltr'>HS</span> 
     </span>
    </p>
   </div>
   <div class='ocr_carea' id='block_1_2' title="bbox 1933 497 3837 567">
    <p class='ocr_par' dir='ltr' id='par_1_2' title="bbox 1933 497 3837 567">
     <span class='ocr_line' id='line_1_2' title="bbox 1933 497 3837 567; baseline -0.008 0"><span class='ocrx_word' id='word_1_2' title='bbox 1933 514 1968 567; x_wconf 89' lang='lat' dir='ltr'>S</span> <span class='ocrx_word' id='word_1_3' title='bbox 2035 509 2281 566; x_wconf 83' lang='lat' dir='ltr'><strong>BASILII</strong></span> <span class='ocrx_word' id='word_1_4' title='bbox 2325 506 2538 563; x_wconf 74' lang='lat' dir='ltr'><strong>MAGNI</strong></span> <span class='ocrx_word' id='word_1_5' title='bbox 3744 497 3837 551; x_wconf 63' lang='lat' dir='ltr'><strong>H5</strong></span> 
     </span>
    </p>
   </div>
   <div class='ocr_carea' id='block_1_3' title="bbox 595 613 2152 693">
    <p class='ocr_par' dir='ltr' id='par_1_3' title="bbox 595 627 2152 693">
     <span class='ocr_line' id='line_1_3' title="bbox 595 627 2152 693; baseline -0.004 -5"><span class='ocrx_word' id='word_1_6' title='bbox 595 631 1009 688; x_wconf 80' lang='lat' dir='ltr'><strong>inconstantiam</strong></span> <span class='ocrx_word' id='word_1_7' title='bbox 1063 632 1288 685; x_wconf 78' lang='lat' dir='ltr'><strong>vertitur</strong></span> <span class='ocrx_word' id='word_1_8' title='bbox 1346 647 1408 684; x_wconf 84' lang='lat' dir='ltr'><strong>ac</strong></span> <span class='ocrx_word' id='word_1_9' title='bbox 1447 641 1706 685; x_wconf 80' lang='lat' dir='ltr'><strong>imitatur.</strong></span> <span class='ocrx_word' id='word_1_10' title='bbox 1739 627 1876 684; x_wconf 81' lang='lat' dir='ltr'><strong>Vere</strong></span> <span class='ocrx_word' id='word_1_11' title='bbox 1901 631 2065 693; x_wconf 88' lang='lat' dir='ltr'><strong>enim,</strong></span> <span class='ocrx_word' id='word_1_12' title='bbox 2103 640 2152 682; x_wconf 93' lang='lat' dir='ltr'><strong>ut</strong></span> 
     </span>
    </p>
   </div>
   <div class='ocr_carea' id='block_1_4' title="bbox 2257 613 3835 693">
    <p class='ocr_par' dir='ltr' id='par_1_4' title="bbox 2263 613 3835 693">
     <span class='ocr_line' id='line_1_4' title="bbox 2263 613 3835 693; baseline -0.005 -15"><span class='ocrx_word' id='word_1_13' title='bbox 2263 626 2350 678; x_wconf 71' lang='grc' dir='ltr'>διὰ</span> <span class='ocrx_word' id='word_1_14' title='bbox 2394 626 2454 676; x_wconf 83' lang='grc' dir='ltr'><strong>τὸ</strong></span> <span class='ocrx_word' id='word_1_15' title='bbox 2501 625 2598 693; x_wconf 88' lang='grc' dir='ltr'><strong>τῆς</strong></span> <span class='ocrx_word' id='word_1_16' title='bbox 2638 620 2861 691; x_wconf 84' lang='grc' dir='ltr'>γνώμης</span> <span class='ocrx_word' id='word_1_17' title='bbox 2903 620 3200 690; x_wconf 80' lang='grc' dir='ltr'>ἀνίδρυτον.</span> <span class='ocrx_word' id='word_1_18' title='bbox 3243 616 3331 687; x_wconf 80' lang='grc' dir='ltr'><strong>Τῷ</strong></span> <span class='ocrx_word' id='word_1_19' title='bbox 3370 617 3482 668; x_wconf 78' lang='grc' dir='ltr'>ὄντι</span> <span class='ocrx_word' id='word_1_20' title='bbox 3533 613 3672 684; x_wconf 81' lang='grc' dir='ltr'>γάρ,</span> <span class='ocrx_word' id='word_1_21' title='bbox 3710 616 3835 670; x_wconf 78' lang='grc' dir='ltr'><strong>κατὰ</strong></span> 
     </span>
    </p>
   </div>
   <div class='ocr_carea' id='block_1_5' title="bbox 586 721 2158 789">
    <p class='ocr_par' dir='ltr' id='par_1_5' title="bbox 586 721 2158 789">
     <span class='ocr_line' id='line_1_5' title="bbox 586 721 2158 789; baseline -0.004 -8"><span class='ocrx_word' id='word_1_22' title='bbox 586 727 788 782; x_wconf 84' lang='lat' dir='ltr'><strong>dictum</strong></span> <span class='ocrx_word' id='word_1_23' title='bbox 815 735 919 789; x_wconf 87' lang='lat' dir='ltr'><strong>est,</strong></span> <span class='ocrx_word' id='word_1_24' title='bbox 947 724 1151 779; x_wconf 82' lang='lat' dir='ltr'><strong>Stultus</strong></span> <span class='ocrx_word' id='word_1_25' title='bbox 1168 725 1298 776; x_wconf 78' lang='lat' dir='ltr'><strong>sic-ut</strong></span> <span class='ocrx_word' id='word_1_26' title='bbox 1325 723 1451 776; x_wconf 80' lang='lat' dir='ltr'><strong>luna</strong></span> <span class='ocrx_word' id='word_1_27' title='bbox 1477 732 1709 776; x_wconf 85' lang='lat' dir='ltr'><strong>mutatur</strong></span> <span class='ocrx_word' id='word_1_28' title='bbox 1735 721 1799 776; x_wconf 83' lang='grc'><strong>⁸⁸.</strong></span> <span class='ocrx_word' id='word_1_29' title='bbox 1830 721 1966 787; x_wconf 85' lang='lat' dir='ltr'><strong>Quin</strong></span> <span class='ocrx_word' id='word_1_30' title='bbox 1993 723 2158 775; x_wconf 83' lang='lat' dir='ltr'><strong>etiam</strong></span> 
     </span>
    </p>
   </div>
   <div class='ocr_carea' id='block_1_6' title="bbox 585 816 2161 884">
    <p class='ocr_par' dir='ltr' id='par_1_6' title="bbox 585 816 2161 884">
     <span class='ocr_line' id='line_1_6' title="bbox 585 816 2161 884; baseline 0.001 -16"><span class='ocrx_word' id='word_1_31' title='bbox 585 822 651 872; x_wconf 86' lang='lat' dir='ltr'><strong>ad</strong></span> <span class='ocrx_word' id='word_1_32' title='bbox 686 816 940 871; x_wconf 88' lang='lat' dir='ltr'><strong>animalia</strong></span> <span class='ocrx_word' id='word_1_33' title='bbox 973 817 1378 878; x_wconf 86' lang='lat' dir='ltr'><strong>constituenda,</strong></span> <span class='ocrx_word' id='word_1_34' title='bbox 1425 828 1480 870; x_wconf 87' lang='lat' dir='ltr'><strong>et</strong></span> <span class='ocrx_word' id='word_1_35' title='bbox 1510 817 1575 869; x_wconf 91' lang='lat' dir='ltr'><strong>ad</strong></span> <span class='ocrx_word' id='word_1_36' title='bbox 1627 831 1713 870; x_wconf 89' lang='lat' dir='ltr'><strong>res</strong></span> <span class='ocrx_word' id='word_1_37' title='bbox 1769 826 1995 870; x_wconf 58' lang='lat' dir='ltr'><strong>caeteras</strong></span> <span class='ocrx_word' id='word_1_38' title='bbox 2039 830 2161 884; x_wconf 77' lang='lat' dir='ltr'><strong>qua:</strong></span> 
     </span>
    </p>
   </div>
   <div class='ocr_carea' id='block_1_7' title="bbox 584 908 2156 977">
    <p class='ocr_par' dir='ltr' id='par_1_7' title="bbox 584 908 2156 977">
     <span class='ocr_line' id='line_1_7' title="bbox 584 908 2156 977; baseline -0.003 -14"><span class='ocrx_word' id='word_1_39' title='bbox 584 925 647 963; x_wconf 78' lang='lat' dir='ltr'><strong>ex</strong></span> <span class='ocrx_word' id='word_1_40' title='bbox 687 917 831 964; x_wconf 87' lang='lat' dir='ltr'><strong>terra</strong></span> <span class='ocrx_word' id='word_1_41' title='bbox 869 918 1168 964; x_wconf 88' lang='lat' dir='ltr'><strong>nascuntur</strong></span> <span class='ocrx_word' id='word_1_42' title='bbox 1197 909 1582 977; x_wconf 86' lang='lat' dir='ltr'><strong>perticiendas,</strong></span> <span class='ocrx_word' id='word_1_43' title='bbox 1624 908 1766 963; x_wconf 70' lang='lat' dir='ltr'><strong>luna:</strong></span> <span class='ocrx_word' id='word_1_44' title='bbox 1799 909 2156 962; x_wconf 84' lang='lat' dir='ltr'><strong>mutationem</strong></span> 
     </span>
    </p>
   </div>
   <div class='ocr_carea' id='block_1_8' title="bbox 587 999 2161 1071">
    <p class='ocr_par' dir='ltr' id='par_1_8' title="bbox 587 999 2161 1071">
     <span class='ocr_line' id='line_1_8' title="bbox 587 999 2161 1071; baseline -0.001 -17"><span class='ocrx_word' id='word_1_45' title='bbox 587 1017 692 1056; x_wconf 89' lang='lat' dir='ltr'><strong>non</strong></span> <span class='ocrx_word' id='word_1_46' title='bbox 737 1017 926 1071; x_wconf 88' lang='lat' dir='ltr'><strong>parum</strong></span> <span class='ocrx_word' id='word_1_47' title='bbox 956 1001 1262 1054; x_wconf 85' lang='lat' dir='ltr'><strong>conducere</strong></span> <span class='ocrx_word' id='word_1_48' title='bbox 1291 999 1554 1053; x_wconf 75' lang='lat' dir='ltr'><strong>arbitror.</strong></span> <span class='ocrx_word' id='word_1_49' title='bbox 1584 999 1760 1054; x_wconf 86' lang='lat' dir='ltr'><strong>Aliter</strong></span> <span class='ocrx_word' id='word_1_50' title='bbox 1807 1000 1949 1054; x_wconf 87' lang='lat' dir='ltr'><strong>enim</strong></span> <span class='ocrx_word' id='word_1_51' title='bbox 1979 1015 2040 1052; x_wconf 84' lang='lat' dir='ltr'><strong>ea</strong></span> <span class='ocrx_word' id='word_1_52' title='bbox 2069 1001 2161 1053; x_wconf 89' lang='lat' dir='ltr'><strong>de-</strong></span> 
     </span>
    </p>
   </div>
   <div class='ocr_carea' id='block_1_9' title="bbox 586 1090 2159 1149">
    <p class='ocr_par' dir='ltr' id='par_1_9' title="bbox 586 1090 2159 1149">
     <span class='ocr_line' id='line_1_9' title="bbox 586 1090 2159 1149; baseline 0 -5"><span class='ocrx_word' id='word_1_53' title='bbox 586 1103 887 1149; x_wconf 78' lang='lat' dir='ltr'><strong>crescente.</strong></span> <span class='ocrx_word' id='word_1_54' title='bbox 915 1090 1072 1145; x_wconf 77' lang='lat' dir='ltr'><strong>aliter</strong></span> <span class='ocrx_word' id='word_1_55' title='bbox 1095 1090 1283 1144; x_wconf 85' lang='lat' dir='ltr'><strong>eadcm</strong></span> <span class='ocrx_word' id='word_1_56' title='bbox 1319 1090 1664 1146; x_wconf 87' lang='lat' dir='ltr'><strong>increscente</strong></span> <span class='ocrx_word' id='word_1_57' title='bbox 1695 1090 2003 1144; x_wconf 80' lang='lat' dir='ltr'><strong>aﬂiciuntur</strong></span> <span class='ocrx_word' id='word_1_58' title='bbox 2034 1106 2159 1144; x_wconf 91' lang='lat' dir='ltr'><strong>cor-</strong></span> 
     </span>
    </p>
   </div>
   <div class='ocr_carea' id='block_1_10' title="bbox 587 1181 2160 1250">
    <p class='ocr_par' dir='ltr' id='par_1_10' title="bbox 587 1181 2160 1250">
     <span class='ocr_line' id='line_1_10' title="bbox 587 1181 2160 1250; baseline 0.002 -19"><span class='ocrx_word' id='word_1_59' title='bbox 587 1197 735 1248; x_wconf 88' lang='lat' dir='ltr'><strong>pora.</strong></span> <span class='ocrx_word' id='word_1_60' title='bbox 771 1181 928 1235; x_wconf 83' lang='lat' dir='ltr'><strong>Nune</strong></span> <span class='ocrx_word' id='word_1_61' title='bbox 956 1181 1197 1250; x_wconf 77' lang='lat' dir='ltr'><strong>quidem,</strong></span> <span class='ocrx_word' id='word_1_62' title='bbox 1230 1196 1291 1234; x_wconf 90' lang='lat' dir='ltr'><strong>ea</strong></span> <span class='ocrx_word' id='word_1_63' title='bbox 1319 1181 1622 1246; x_wconf 76' lang='lat' dir='ltr'><strong>desinente,</strong></span> <span class='ocrx_word' id='word_1_64' title='bbox 1671 1197 1790 1235; x_wconf 85' lang='lat' dir='ltr'><strong>rara</strong></span> <span class='ocrx_word' id='word_1_65' title='bbox 1825 1184 2034 1236; x_wconf 77' lang='lat' dir='ltr'><strong>[inritet</strong></span> <span class='ocrx_word' id='word_1_66' title='bbox 2067 1198 2160 1235; x_wconf 80' lang='lat' dir='ltr'><strong>va-</strong></span> 
     </span>
    </p>
   </div>
   <div class='ocr_carea' id='block_1_11' title="bbox 586 1272 2161 1342">
    <p class='ocr_par' dir='ltr' id='par_1_11' title="bbox 586 1272 2161 1342">
     <span class='ocr_line' id='line_1_11' title="bbox 586 1272 2161 1342; baseline 0.003 -21"><span class='ocrx_word' id='word_1_67' title='bbox 586 1289 683 1327; x_wconf 62' lang='lat' dir='ltr'><strong>cua</strong></span> <span class='ocrx_word' id='word_1_68' title='bbox 719 1293 733 1327; x_wconf 87' lang='lat'><strong>:</strong></span> <span class='ocrx_word' id='word_1_69' title='bbox 766 1288 910 1326; x_wconf 90' lang='lat' dir='ltr'><strong>nunc</strong></span> <span class='ocrx_word' id='word_1_70' title='bbox 943 1288 1094 1338; x_wconf 76' lang='lat' dir='ltr'><strong>vero,</strong></span> <span class='ocrx_word' id='word_1_71' title='bbox 1125 1283 1450 1341; x_wconf 80' lang='lat' dir='ltr'><strong>augescente</strong></span> <span class='ocrx_word' id='word_1_72' title='bbox 1477 1283 1530 1326; x_wconf 91' lang='lat' dir='ltr'><strong>et</strong></span> <span class='ocrx_word' id='word_1_73' title='bbox 1556 1274 1623 1328; x_wconf 89' lang='lat' dir='ltr'><strong>ad</strong></span> <span class='ocrx_word' id='word_1_74' title='bbox 1659 1273 2042 1342; x_wconf 84' lang='lat' dir='ltr'><strong>plenitudinem</strong></span> <span class='ocrx_word' id='word_1_75' title='bbox 2090 1272 2161 1327; x_wconf 79' lang='lat' dir='ltr'><strong>fc-</strong></span> 
     </span>
    </p>
   </div>
   <div class='ocr_carea' id='block_1_12' title="bbox 584 1364 2159 1433">
    <p class='ocr_par' dir='ltr' id='par_1_12' title="bbox 584 1364 2159 1433">
     <span class='ocr_line' id='line_1_12' title="bbox 584 1364 2159 1433; baseline 0 -15"><span class='ocrx_word' id='word_1_76' title='bbox 584 1366 838 1429; x_wconf 86' lang='lat' dir='ltr'><strong>stinante,</strong></span> <span class='ocrx_word' id='word_1_77' title='bbox 859 1365 1021 1418; x_wconf 79' lang='lat' dir='ltr'><strong>etiam</strong></span> <span class='ocrx_word' id='word_1_78' title='bbox 1043 1365 1155 1432; x_wconf 87' lang='lat' dir='ltr'><strong>ipsa</strong></span> <span class='ocrx_word' id='word_1_79' title='bbox 1172 1379 1362 1418; x_wconf 90' lang='lat' dir='ltr'><strong>rursus</strong></span> <span class='ocrx_word' id='word_1_80' title='bbox 1384 1364 1660 1433; x_wconf 85' lang='lat' dir='ltr'><strong>replentur</strong></span> <span class='ocrx_word' id='word_1_81' title='bbox 1682 1383 1696 1430; x_wconf 88' lang='lat'><strong>;</strong></span> <span class='ocrx_word' id='word_1_82' title='bbox 1719 1375 1999 1432; x_wconf 82' lang='lat' dir='ltr'><strong>propterea</strong></span> <span class='ocrx_word' id='word_1_83' title='bbox 2017 1367 2159 1432; x_wconf 88' lang='lat' dir='ltr'><strong>quod</strong></span> 
     </span>
    </p>
   </div>
   <div class='ocr_carea' id='block_1_13' title="bbox 584 1450 2158 1522">
    <p class='ocr_par' dir='ltr' id='par_1_13' title="bbox 584 1450 2158 1522">
     <span class='ocr_line' id='line_1_13' title="bbox 584 1450 2158 1522; baseline 0.005 -22"><span class='ocrx_word' id='word_1_84' title='bbox 584 1450 866 1504; x_wconf 82' lang='lat' dir='ltr'><strong>humorem</strong></span> <span class='ocrx_word' id='word_1_85' title='bbox 904 1452 1196 1520; x_wconf 83' lang='lat' dir='ltr'><strong>quemdam</strong></span> <span class='ocrx_word' id='word_1_86' title='bbox 1230 1453 1396 1507; x_wconf 91' lang='lat' dir='ltr'><strong>calori</strong></span> <span class='ocrx_word' id='word_1_87' title='bbox 1419 1453 1739 1516; x_wconf 82' lang='lat' dir='ltr'><strong>immistum,</strong></span> <span class='ocrx_word' id='word_1_88' title='bbox 1770 1453 1861 1521; x_wconf 86' lang='lat' dir='ltr'><strong>qui</strong></span> <span class='ocrx_word' id='word_1_89' title='bbox 1889 1456 1954 1508; x_wconf 92' lang='lat' dir='ltr'><strong>ad</strong></span> <span class='ocrx_word' id='word_1_90' title='bbox 1976 1464 2158 1522; x_wconf 89' lang='lat' dir='ltr'><strong>partes</strong></span> 
     </span>
    </p>
   </div>
   <div class='ocr_carea' id='block_1_14' title="bbox 585 1542 2155 1615">
    <p class='ocr_par' dir='ltr' id='par_1_14' title="bbox 585 1542 2155 1615">
     <span class='ocr_line' id='line_1_14' title="bbox 585 1542 2155 1615; baseline 0.006 -25"><span class='ocrx_word' id='word_1_91' title='bbox 585 1556 756 1610; x_wconf 88' lang='lat' dir='ltr'><strong>usque</strong></span> <span class='ocrx_word' id='word_1_92' title='bbox 808 1542 1101 1597; x_wconf 88' lang='lat' dir='ltr'><strong>interiores</strong></span> <span class='ocrx_word' id='word_1_93' title='bbox 1163 1544 1429 1609; x_wconf 77' lang='lat' dir='ltr'><strong>pervenit,</strong></span> <span class='ocrx_word' id='word_1_94' title='bbox 1482 1543 1717 1598; x_wconf 80' lang='lat' dir='ltr'><strong>latenter</strong></span> <span class='ocrx_word' id='word_1_95' title='bbox 1747 1545 1851 1615; x_wconf 79' lang='lat'><strong>61</strong></span> <span class='ocrx_word' id='word_1_96' title='bbox 1891 1546 2155 1600; x_wconf 89' lang='lat' dir='ltr'><strong>immittit.</strong></span> 
     </span>
    </p>
   </div>
   <div class='ocr_carea' id='block_1_15' title="bbox 581 1633 2158 1708">
    <p class='ocr_par' dir='ltr' id='par_1_15' title="bbox 581 1633 2158 1708">
     <span class='ocr_line' id='line_1_15' title="bbox 581 1633 2158 1708; baseline 0.006 -23"><span class='ocrx_word' id='word_1_97' title='bbox 581 1633 636 1686; x_wconf 91' lang='lat' dir='ltr'><strong>ld</strong></span> <span class='ocrx_word' id='word_1_98' title='bbox 663 1633 945 1689; x_wconf 84' lang='lat' dir='ltr'><strong>declarant</strong></span> <span class='ocrx_word' id='word_1_99' title='bbox 975 1645 1086 1688; x_wconf 90' lang='lat' dir='ltr'><strong>tum</strong></span> <span class='ocrx_word' id='word_1_100' title='bbox 1114 1635 1176 1701; x_wconf 80' lang='lat' dir='ltr'><strong>ii,</strong></span> <span class='ocrx_word' id='word_1_101' title='bbox 1213 1637 1302 1704; x_wconf 85' lang='lat' dir='ltr'><strong>qui</strong></span> <span class='ocrx_word' id='word_1_102' title='bbox 1333 1637 1433 1689; x_wconf 85' lang='lat' dir='ltr'><strong>sub</strong></span> <span class='ocrx_word' id='word_1_103' title='bbox 1460 1636 1585 1691; x_wconf 91' lang='lat' dir='ltr'><strong>luna</strong></span> <span class='ocrx_word' id='word_1_104' title='bbox 1616 1637 1912 1704; x_wconf 89' lang='lat' dir='ltr'><strong>dormiunt,</strong></span> <span class='ocrx_word' id='word_1_105' title='bbox 1939 1640 2158 1708; x_wconf 87' lang='lat' dir='ltr'><strong>copioso</strong></span> 
     </span>
    </p>
   </div>
   <div class='ocr_carea' id='block_1_16' title="bbox 581 1727 2155 1799">
    <p class='ocr_par' dir='ltr' id='par_1_16' title="bbox 581 1727 2155 1799">
     <span class='ocr_line' id='line_1_16' title="bbox 581 1727 2155 1799; baseline 0.004 -19"><span class='ocrx_word' id='word_1_106' title='bbox 581 1727 811 1781; x_wconf 83' lang='lat' dir='ltr'><strong>humore</strong></span> <span class='ocrx_word' id='word_1_107' title='bbox 851 1729 1050 1797; x_wconf 86' lang='lat' dir='ltr'><strong>capitis</strong></span> <span class='ocrx_word' id='word_1_108' title='bbox 1084 1744 1273 1782; x_wconf 87' lang='lat' dir='ltr'><strong>eorum</strong></span> <span class='ocrx_word' id='word_1_109' title='bbox 1315 1731 1650 1799; x_wconf 88' lang='lat' dir='ltr'><strong>capacitates</strong></span> <span class='ocrx_word' id='word_1_110' title='bbox 1700 1732 2002 1799; x_wconf 85' lang='lat' dir='ltr'><strong>implente:</strong></span> <span class='ocrx_word' id='word_1_111' title='bbox 2043 1742 2155 1786; x_wconf 90' lang='lat' dir='ltr'><strong>tum</strong></span> 
     </span>
    </p>
   </div>
   <div class='ocr_carea' id='block_1_17' title="bbox 579 1822 2156 1894">
    <p class='ocr_par' dir='ltr' id='par_1_17' title="bbox 579 1822 2156 1894">
     <span class='ocr_line' id='line_1_17' title="bbox 579 1822 2156 1894; baseline 0.002 -20"><span class='ocrx_word' id='word_1_112' title='bbox 579 1835 774 1875; x_wconf 87' lang='lat' dir='ltr'><strong>carnes</strong></span> <span class='ocrx_word' id='word_1_113' title='bbox 802 1835 992 1875; x_wconf 81' lang='lat' dir='ltr'><strong>recens</strong></span> <span class='ocrx_word' id='word_1_114' title='bbox 1024 1830 1251 1885; x_wconf 60' lang='lat' dir='ltr'><strong>necatas,</strong></span> <span class='ocrx_word' id='word_1_115' title='bbox 1274 1822 1400 1874; x_wconf 90' lang='lat' dir='ltr'><strong>dum</strong></span> <span class='ocrx_word' id='word_1_116' title='bbox 1433 1822 1540 1876; x_wconf 91' lang='lat' dir='ltr'><strong>cito</strong></span> <span class='ocrx_word' id='word_1_117' title='bbox 1588 1831 1973 1890; x_wconf 81' lang='lat' dir='ltr'><strong>permutantur</strong></span> <span class='ocrx_word' id='word_1_118' title='bbox 2012 1824 2156 1894; x_wconf 70' lang='lat' dir='ltr'><strong>luna;</strong></span> 
     </span>
    </p>
   </div>
   <div class='ocr_carea' id='block_1_18' title="bbox 581 1912 2153 1978">
    <p class='ocr_par' dir='ltr' id='par_1_18' title="bbox 581 1912 2153 1978">
     <span class='ocr_line' id='line_1_18' title="bbox 581 1912 2153 1978; baseline 0.003 -13"><span class='ocrx_word' id='word_1_119' title='bbox 581 1912 852 1967; x_wconf 68' lang='grc' dir='ltr'>ἀρουνὶοι</span> <span class='ocrx_word' id='word_1_120' title='bbox 899 1923 1006 1966; x_wconf 85' lang='grc' dir='ltr'>ιυιιι</span> <span class='ocrx_word' id='word_1_121' title='bbox 1040 1914 1355 1968; x_wconf 87' lang='lat' dir='ltr'><strong>animalium</strong></span> <span class='ocrx_word' id='word_1_122' title='bbox 1394 1915 1701 1978; x_wconf 83' lang='lat' dir='ltr'><strong>cerebrum,</strong></span> <span class='ocrx_word' id='word_1_123' title='bbox 1738 1924 1792 1968; x_wconf 85' lang='lat' dir='ltr'><strong>et</strong></span> <span class='ocrx_word' id='word_1_124' title='bbox 1822 1919 2153 1970; x_wconf 88' lang='lat' dir='ltr'><strong>marinorum</strong></span> 
     </span>
    </p>
   </div>
   <div class='ocr_carea' id='block_1_19' title="bbox 2265 707 3833 785">
    <p class='ocr_par' dir='ltr' id='par_1_19' title="bbox 2265 707 3833 785">
     <span class='ocr_line' id='line_1_19' title="bbox 2265 707 3833 785; baseline -0.003 -17"><span class='ocrx_word' id='word_1_125' title='bbox 2265 717 2324 768; x_wconf 81' lang='grc' dir='ltr'><strong>τὸ</strong></span> <span class='ocrx_word' id='word_1_126' title='bbox 2371 714 2657 785; x_wconf 85' lang='grc' dir='ltr'>είρημένον</span> <span class='ocrx_word' id='word_1_127' title='bbox 2685 753 2696 774; x_wconf 89' lang='grc'><strong>,</strong></span> <span class='ocrx_word' id='word_1_128' title='bbox 2743 713 2804 764; x_wconf 76' lang='lat'><strong>&#39;0</strong></span> <span class='ocrx_word' id='word_1_129' title='bbox 2848 713 3052 778; x_wconf 59' lang='grc' dir='ltr'>ἄφρων</span> <span class='ocrx_word' id='word_1_130' title='bbox 3091 711 3170 773; x_wconf 81' lang='grc' dir='ltr'>ὡς</span> <span class='ocrx_word' id='word_1_131' title='bbox 3213 707 3444 774; x_wconf 61' lang='grc' dir='ltr'>σελήνη</span> <span class='ocrx_word' id='word_1_132' title='bbox 3476 708 3833 765; x_wconf 70' lang='grc' dir='ltr'>ἀλλοιοῦται.</span> 
     </span>
    </p>
   </div>
   <div class='ocr_carea' id='block_1_20' title="bbox 2266 799 3836 875">
    <p class='ocr_par' dir='ltr' id='par_1_20' title="bbox 2266 799 3836 875">
     <span class='ocr_line' id='line_1_20' title="bbox 2266 799 3836 875; baseline -0.001 -19"><span class='ocrx_word' id='word_1_133' title='bbox 2266 802 2432 875; x_wconf 71' lang='grc' dir='ltr'>Οἶμαι</span> <span class='ocrx_word' id='word_1_134' title='bbox 2483 803 2540 856; x_wconf 81' lang='grc' dir='ltr'>δὲ</span> <span class='ocrx_word' id='word_1_135' title='bbox 2581 805 2675 857; x_wconf 74' lang='grc' dir='ltr'><strong>καὶ</strong></span> <span class='ocrx_word' id='word_1_136' title='bbox 2729 806 2794 872; x_wconf 79' lang='grc' dir='ltr'>τῇ</span> <span class='ocrx_word' id='word_1_137' title='bbox 2838 801 2946 853; x_wconf 81' lang='grc' dir='ltr'><strong>τῶν</strong></span> <span class='ocrx_word' id='word_1_138' title='bbox 2999 799 3152 865; x_wconf 81' lang='grc' dir='ltr'>ζώων</span> <span class='ocrx_word' id='word_1_139' title='bbox 3201 803 3551 870; x_wconf 77' lang='grc' dir='ltr'><strong>κατασκευῇ,</strong></span> <span class='ocrx_word' id='word_1_140' title='bbox 3600 802 3696 853; x_wconf 70' lang='grc' dir='ltr'>καὶ</span> <span class='ocrx_word' id='word_1_141' title='bbox 3735 807 3836 868; x_wconf 86' lang='grc' dir='ltr'>τοῖς</span> 
     </span>
    </p>
   </div>
   <div class='ocr_carea' id='block_1_21' title="bbox 2263 896 3838 969">
    <p class='ocr_par' dir='ltr' id='par_1_21' title="bbox 2263 896 3838 969">
     <span class='ocr_line' id='line_1_21' title="bbox 2263 896 3838 969; baseline -0.002 -16"><span class='ocrx_word' id='word_1_142' title='bbox 2263 901 2467 963; x_wconf 79' lang='grc' dir='ltr'><strong>λοιποῖς</strong></span> <span class='ocrx_word' id='word_1_143' title='bbox 2512 902 2623 962; x_wconf 86' lang='grc' dir='ltr'>τοῖς</span> <span class='ocrx_word' id='word_1_144' title='bbox 2659 900 2764 952; x_wconf 78' lang='grc' dir='ltr'><strong>απὸ</strong></span> <span class='ocrx_word' id='word_1_145' title='bbox 2807 898 2909 968; x_wconf 84' lang='grc' dir='ltr'><strong>γῆς</strong></span> <span class='ocrx_word' id='word_1_146' title='bbox 2958 896 3265 967; x_wconf 80' lang='grc' dir='ltr'>φυομένοις,</span> <span class='ocrx_word' id='word_1_147' title='bbox 3320 897 3393 966; x_wconf 82' lang='grc' dir='ltr'>μὴ</span> <span class='ocrx_word' id='word_1_148' title='bbox 3439 897 3642 967; x_wconf 80' lang='grc' dir='ltr'>μικράν</span> <span class='ocrx_word' id='word_1_149' title='bbox 3672 898 3838 969; x_wconf 85' lang='grc' dir='ltr'>ὑπάρ-</span> 
     </span>
    </p>
   </div>
   <div class='ocr_carea' id='block_1_22' title="bbox 2270 988 3836 1064">
    <p class='ocr_par' dir='ltr' id='par_1_22' title="bbox 2270 988 3836 1064">
     <span class='ocr_line' id='line_1_22' title="bbox 2270 988 3836 1064; baseline -0.003 -18"><span class='ocrx_word' id='word_1_150' title='bbox 2270 1012 2389 1064; x_wconf 88' lang='grc' dir='ltr'>χειν</span> <span class='ocrx_word' id='word_1_151' title='bbox 2428 995 2492 1045; x_wconf 83' lang='grc' dir='ltr'><strong>ὲκ</strong></span> <span class='ocrx_word' id='word_1_152' title='bbox 2519 992 2618 1062; x_wconf 83' lang='grc' dir='ltr'><strong>τῆς</strong></span> <span class='ocrx_word' id='word_1_153' title='bbox 2645 992 2784 1045; x_wconf 74' lang='grc' dir='ltr'>κατὰ</span> <span class='ocrx_word' id='word_1_154' title='bbox 2809 989 2906 1062; x_wconf 81' lang='grc' dir='ltr'><strong>τήν</strong></span> <span class='ocrx_word' id='word_1_155' title='bbox 2931 989 3159 1061; x_wconf 80' lang='grc' dir='ltr'>σελήνην</span> <span class='ocrx_word' id='word_1_156' title='bbox 3194 988 3498 1059; x_wconf 74' lang='grc' dir='ltr'>μεταϐολῆς</span> <span class='ocrx_word' id='word_1_157' title='bbox 3527 989 3629 1060; x_wconf 79' lang='grc' dir='ltr'><strong>τὴν</strong></span> <span class='ocrx_word' id='word_1_158' title='bbox 3656 990 3836 1042; x_wconf 88' lang='grc' dir='ltr'>συντέ-</span> 
     </span>
    </p>
   </div>
   <div class='ocr_carea' id='block_1_23' title="bbox 2262 1079 3837 1153">
    <p class='ocr_par' dir='ltr' id='par_1_23' title="bbox 2262 1079 3837 1153">
     <span class='ocr_line' id='line_1_23' title="bbox 2262 1079 3837 1153; baseline -0.004 -15"><span class='ocrx_word' id='word_1_159' title='bbox 2262 1087 2430 1140; x_wconf 88' lang='grc' dir='ltr'>λειαν.</span> <span class='ocrx_word' id='word_1_160' title='bbox 2469 1084 2679 1147; x_wconf 78' lang='grc' dir='ltr'>Ἀλλως</span> <span class='ocrx_word' id='word_1_161' title='bbox 2709 1083 2818 1153; x_wconf 86' lang='grc' dir='ltr'><strong>γάρ</strong></span> <span class='ocrx_word' id='word_1_162' title='bbox 2851 1081 3146 1136; x_wconf 75' lang='grc' dir='ltr'>διατίθεται</span> <span class='ocrx_word' id='word_1_163' title='bbox 3187 1079 3513 1151; x_wconf 82' lang='grc' dir='ltr'>μειουμένης</span> <span class='ocrx_word' id='word_1_164' title='bbox 3533 1079 3726 1150; x_wconf 77' lang='grc' dir='ltr'>αὐτῆς,</span> <span class='ocrx_word' id='word_1_165' title='bbox 3751 1081 3837 1132; x_wconf 68' lang='grc' dir='ltr'><strong>καὶ</strong></span> 
     </span>
    </p>
   </div>
   <div class='ocr_carea' id='block_1_24' title="bbox 2262 1173 3837 1248">
    <p class='ocr_par' dir='ltr' id='par_1_24' title="bbox 2262 1173 3837 1248">
     <span class='ocr_line' id='line_1_24' title="bbox 2262 1173 3837 1248; baseline -0.004 -16"><span class='ocrx_word' id='word_1_166' title='bbox 2262 1179 2437 1242; x_wconf 80' lang='grc' dir='ltr'>ἄλλως</span> <span class='ocrx_word' id='word_1_167' title='bbox 2483 1178 2790 1248; x_wconf 78' lang='grc' dir='ltr'>αὐξομένης</span> <span class='ocrx_word' id='word_1_168' title='bbox 2835 1177 2902 1228; x_wconf 82' lang='grc' dir='ltr'><strong>τά</strong></span> <span class='ocrx_word' id='word_1_169' title='bbox 2945 1173 3171 1244; x_wconf 80' lang='grc' dir='ltr'>σώματα</span> <span class='ocrx_word' id='word_1_170' title='bbox 3199 1191 3210 1204; x_wconf 90' lang='grc'><strong>·</strong></span> <span class='ocrx_word' id='word_1_171' title='bbox 3269 1173 3363 1227; x_wconf 80' lang='grc' dir='ltr'>νῦν</span> <span class='ocrx_word' id='word_1_172' title='bbox 3415 1174 3513 1244; x_wconf 85' lang='grc' dir='ltr'><strong>μὲν</strong></span> <span class='ocrx_word' id='word_1_173' title='bbox 3571 1173 3837 1244; x_wconf 78' lang='grc' dir='ltr'><strong>ληγούσης</strong></span> 
     </span>
    </p>
   </div>
   <div class='ocr_carea' id='block_1_25' title="bbox 2260 1266 3837 1343">
    <p class='ocr_par' dir='ltr' id='par_1_25' title="bbox 2260 1266 3837 1343">
     <span class='ocr_line' id='line_1_25' title="bbox 2260 1266 3837 1343; baseline -0.004 -18"><span class='ocrx_word' id='word_1_174' title='bbox 2260 1272 2432 1343; x_wconf 77' lang='grc' dir='ltr'>ἀραιὰ</span> <span class='ocrx_word' id='word_1_175' title='bbox 2469 1272 2766 1341; x_wconf 83' lang='grc' dir='ltr'>γιγνόμενα</span> <span class='ocrx_word' id='word_1_176' title='bbox 2811 1269 2904 1321; x_wconf 66' lang='grc' dir='ltr'><strong>καὶ⁹</strong></span> <span class='ocrx_word' id='word_1_177' title='bbox 2949 1268 3111 1331; x_wconf 76' lang='grc' dir='ltr'>κενά,</span> <span class='ocrx_word' id='word_1_178' title='bbox 3153 1267 3246 1319; x_wconf 83' lang='grc' dir='ltr'>νῦν</span> <span class='ocrx_word' id='word_1_179' title='bbox 3300 1266 3356 1319; x_wconf 83' lang='grc' dir='ltr'>δὲ</span> <span class='ocrx_word' id='word_1_180' title='bbox 3406 1267 3713 1338; x_wconf 81' lang='grc' dir='ltr'>αὐξομένης</span> <span class='ocrx_word' id='word_1_181' title='bbox 3750 1269 3837 1320; x_wconf 78' lang='grc' dir='ltr'><strong>καὶ</strong></span> 
     </span>
    </p>
   </div>
   <div class='ocr_carea' id='block_1_26' title="bbox 2261 1357 3834 1434">
    <p class='ocr_par' dir='ltr' id='par_1_26' title="bbox 2261 1357 3834 1434">
     <span class='ocr_line' id='line_1_26' title="bbox 2261 1357 3834 1434; baseline -0.004 -17"><span class='ocrx_word' id='word_1_182' title='bbox 2261 1365 2396 1434; x_wconf 80' lang='grc' dir='ltr'>πρὸς</span> <span class='ocrx_word' id='word_1_183' title='bbox 2443 1365 2502 1417; x_wconf 85' lang='grc' dir='ltr'><strong>τὸ</strong></span> <span class='ocrx_word' id='word_1_184' title='bbox 2547 1363 2751 1434; x_wconf 85' lang='grc' dir='ltr'>πλῆρες</span> <span class='ocrx_word' id='word_1_185' title='bbox 2804 1361 3167 1431; x_wconf 78' lang='grc' dir='ltr'>ἐπειγομένης</span> <span class='ocrx_word' id='word_1_186' title='bbox 3217 1360 3312 1412; x_wconf 78' lang='grc' dir='ltr'><strong>καὶ</strong></span> <span class='ocrx_word' id='word_1_187' title='bbox 3352 1357 3492 1412; x_wconf 86' lang='grc' dir='ltr'><strong>αὑτά</strong></span> <span class='ocrx_word' id='word_1_188' title='bbox 3534 1359 3694 1411; x_wconf 86' lang='grc' dir='ltr'>πάλιν</span> <span class='ocrx_word' id='word_1_189' title='bbox 3731 1359 3834 1428; x_wconf 84' lang='grc'>(67)</span> 
     </span>
    </p>
   </div>
   <div class='ocr_carea' id='block_1_27' title="bbox 2261 1449 3835 1526">
    <p class='ocr_par' dir='ltr' id='par_1_27' title="bbox 2261 1449 3835 1526">
     <span class='ocr_line' id='line_1_27' title="bbox 2261 1449 3835 1526; baseline -0.003 -19"><span class='ocrx_word' id='word_1_190' title='bbox 2261 1454 2755 1526; x_wconf 66' lang='grc' dir='ltr'>ἀναπληρούμεναθ</span> <span class='ocrx_word' id='word_1_191' title='bbox 2789 1453 2925 1506; x_wconf 82' lang='grc' dir='ltr'>διότι</span> <span class='ocrx_word' id='word_1_192' title='bbox 2959 1450 3236 1523; x_wconf 76' lang='grc' dir='ltr'>ὑγρότητα</span> <span class='ocrx_word' id='word_1_193' title='bbox 3263 1467 3383 1502; x_wconf 90' lang='grc' dir='ltr'>τινα</span> <span class='ocrx_word' id='word_1_194' title='bbox 3427 1449 3722 1521; x_wconf 78' lang='grc' dir='ltr'>θερμότητι</span> <span class='ocrx_word' id='word_1_195' title='bbox 3754 1467 3835 1502; x_wconf 87' lang='grc' dir='ltr'>κε-</span> 
     </span>
    </p>
   </div>
   <div class='ocr_carea' id='block_1_28' title="bbox 2259 1540 3830 1618">
    <p class='ocr_par' dir='ltr' id='par_1_28' title="bbox 2259 1540 3830 1618">
     <span class='ocr_line' id='line_1_28' title="bbox 2259 1540 3830 1618; baseline -0.003 -20"><span class='ocrx_word' id='word_1_196' title='bbox 2259 1548 2538 1618; x_wconf 85' lang='grc' dir='ltr'>κραμένην</span> <span class='ocrx_word' id='word_1_197' title='bbox 2567 1548 2660 1599; x_wconf 80' lang='grc' dir='ltr'>ἐπὶ</span> <span class='ocrx_word' id='word_1_198' title='bbox 2690 1546 2749 1598; x_wconf 81' lang='grc' dir='ltr'><strong>τὸ</strong></span> <span class='ocrx_word' id='word_1_199' title='bbox 2776 1544 2939 1614; x_wconf 83' lang='grc' dir='ltr'>βάθος</span> <span class='ocrx_word' id='word_1_200' title='bbox 2969 1543 3278 1612; x_wconf 85' lang='grc' dir='ltr'>φθάνουσαν</span> <span class='ocrx_word' id='word_1_201' title='bbox 3309 1540 3610 1611; x_wconf 82' lang='grc' dir='ltr'>λεληθότως</span> <span class='ocrx_word' id='word_1_202' title='bbox 3643 1541 3830 1607; x_wconf 71' lang='grc' dir='ltr'>ἐνίησι.</span> 
     </span>
    </p>
   </div>
   <div class='ocr_carea' id='block_1_29' title="bbox 2257 1633 3836 1710">
    <p class='ocr_par' dir='ltr' id='par_1_29' title="bbox 2257 1633 3836 1710">
     <span class='ocr_line' id='line_1_29' title="bbox 2257 1633 3836 1710; baseline -0.003 -20"><span class='ocrx_word' id='word_1_203' title='bbox 2257 1638 2485 1710; x_wconf 82' lang='grc' dir='ltr'>Δηλοῦσι</span> <span class='ocrx_word' id='word_1_204' title='bbox 2521 1639 2577 1691; x_wconf 87' lang='grc' dir='ltr'>δὲ</span> <span class='ocrx_word' id='word_1_205' title='bbox 2617 1639 2666 1691; x_wconf 77' lang='lat' dir='ltr'><strong>oi</strong></span> <span class='ocrx_word' id='word_1_206' title='bbox 2710 1636 3062 1698; x_wconf 83' lang='grc' dir='ltr'>καθεύδοντες</span> <span class='ocrx_word' id='word_1_207' title='bbox 3104 1633 3209 1686; x_wconf 81' lang='grc' dir='ltr'><strong>ὑπὸ</strong></span> <span class='ocrx_word' id='word_1_208' title='bbox 3253 1633 3504 1704; x_wconf 83' lang='grc' dir='ltr'>σελήνην,</span> <span class='ocrx_word' id='word_1_209' title='bbox 3546 1634 3836 1706; x_wconf 79' lang='grc' dir='ltr'>ὑγρότητος</span> 
     </span>
    </p>
   </div>
   <div class='ocr_carea' id='block_1_30' title="bbox 2258 1726 3830 1803">
    <p class='ocr_par' dir='ltr' id='par_1_30' title="bbox 2258 1726 3830 1803">
     <span class='ocr_line' id='line_1_30' title="bbox 2258 1726 3830 1803; baseline -0.005 -19"><span class='ocrx_word' id='word_1_210' title='bbox 2258 1731 2520 1803; x_wconf 76' lang='grc' dir='ltr'>περισσῆς</span> <span class='ocrx_word' id='word_1_211' title='bbox 2550 1730 2649 1791; x_wconf 77' lang='grc' dir='ltr'><strong>τὰς</strong></span> <span class='ocrx_word' id='word_1_212' title='bbox 2676 1733 2770 1800; x_wconf 78' lang='grc' dir='ltr'><strong>τῆς</strong></span> <span class='ocrx_word' id='word_1_213' title='bbox 2796 1729 3037 1797; x_wconf 80' lang='grc' dir='ltr'>κεφαλῆς</span> <span class='ocrx_word' id='word_1_214' title='bbox 3068 1728 3407 1799; x_wconf 76' lang='grc' dir='ltr'>εὐρυχωρίας</span> <span class='ocrx_word' id='word_1_215' title='bbox 3442 1726 3830 1796; x_wconf 82' lang='grc' dir='ltr'>πληρούμενοι·</span> 
     </span>
    </p>
   </div>
   <div class='ocr_carea' id='block_1_31' title="bbox 2258 1809 3833 1892">
    <p class='ocr_par' dir='ltr' id='par_1_31' title="bbox 2258 1809 3833 1892">
     <span class='ocr_line' id='line_1_31' title="bbox 2258 1809 3833 1892; baseline -0.004 -15"><span class='ocrx_word' id='word_1_216' title='bbox 2258 1824 2350 1877; x_wconf 73' lang='grc' dir='ltr'><strong>καὶ</strong></span> <span class='ocrx_word' id='word_1_217' title='bbox 2396 1823 2463 1877; x_wconf 71' lang='grc' dir='ltr'>τὰ</span> <span class='ocrx_word' id='word_1_218' title='bbox 2518 1822 2794 1892; x_wconf 79' lang='grc' dir='ltr'>νεοσφαγῆ</span> <span class='ocrx_word' id='word_1_219' title='bbox 2849 1809 2956 1874; x_wconf 83' lang='grc' dir='ltr'>τῶν</span> <span class='ocrx_word' id='word_1_220' title='bbox 3015 1821 3190 1892; x_wconf 80' lang='grc' dir='ltr'>κρεῶν</span> <span class='ocrx_word' id='word_1_221' title='bbox 3238 1821 3373 1889; x_wconf 86' lang='grc' dir='ltr'><strong>ταχὺ</strong></span> <span class='ocrx_word' id='word_1_222' title='bbox 3415 1818 3726 1890; x_wconf 82' lang='grc' dir='ltr'>τρεπόμενα</span> <span class='ocrx_word' id='word_1_223' title='bbox 3770 1822 3833 1889; x_wconf 82' lang='grc' dir='ltr'>τῇ</span> 
     </span>
    </p>
   </div>
   <div class='ocr_carea' id='block_1_32' title="bbox 2259 1910 3835 1985">
    <p class='ocr_par' dir='ltr' id='par_1_32' title="bbox 2259 1910 3835 1985">
     <span class='ocr_line' id='line_1_32' title="bbox 2259 1910 3835 1985; baseline -0.003 -19"><span class='ocrx_word' id='word_1_224' title='bbox 2259 1914 2529 1985; x_wconf 68' lang='grc' dir='ltr'>προσϐολῇ</span> <span class='ocrx_word' id='word_1_225' title='bbox 2558 1915 2656 1984; x_wconf 85' lang='grc' dir='ltr'><strong>τῆς</strong></span> <span class='ocrx_word' id='word_1_226' title='bbox 2682 1912 2909 1983; x_wconf 87' lang='grc' dir='ltr'>σελήνης</span> <span class='ocrx_word' id='word_1_227' title='bbox 2925 1931 2936 1941; x_wconf 93' lang='grc'><strong>·</strong></span> <span class='ocrx_word' id='word_1_228' title='bbox 2976 1914 3068 1965; x_wconf 75' lang='grc' dir='ltr'><strong>καὶ</strong></span> <span class='ocrx_word' id='word_1_229' title='bbox 3094 1912 3249 1976; x_wconf 77' lang='grc' dir='ltr'>ζώων</span> <span class='ocrx_word' id='word_1_230' title='bbox 3272 1910 3586 1979; x_wconf 76' lang='grc' dir='ltr'>ἐγκέφαλοι,</span> <span class='ocrx_word' id='word_1_231' title='bbox 3613 1912 3706 1964; x_wconf 69' lang='grc' dir='ltr'><strong>καὶ</strong></span> <span class='ocrx_word' id='word_1_232' title='bbox 3732 1911 3835 1962; x_wconf 80' lang='grc' dir='ltr'>τῶν</span> 
     </span>
    </p>
   </div>
   <div class='ocr_carea' id='block_1_33' title="bbox 583 1988 2152 2077">
    <p class='ocr_par' dir='ltr' id='par_1_33' title="bbox 583 2005 2152 2075">
     <span class='ocr_line' id='line_1_33' title="bbox 583 2005 2152 2075; baseline 0.006 -21"><span class='ocrx_word' id='word_1_233' title='bbox 583 2005 896 2058; x_wconf 73' lang='lat' dir='ltr'><strong>animalium</strong></span> <span class='ocrx_word' id='word_1_234' title='bbox 940 2006 1338 2072; x_wconf 87' lang='lat' dir='ltr'><strong>humidissima,</strong></span> <span class='ocrx_word' id='word_1_235' title='bbox 1365 2016 1420 2060; x_wconf 87' lang='lat' dir='ltr'><strong>et</strong></span> <span class='ocrx_word' id='word_1_236' title='bbox 1447 2007 1702 2060; x_wconf 84' lang='lat' dir='ltr'><strong>arborum</strong></span> <span class='ocrx_word' id='word_1_237' title='bbox 1735 2008 1998 2063; x_wconf 66' lang='lat' dir='ltr'><strong>medullae.</strong></span> <span class='ocrx_word' id='word_1_238' title='bbox 2027 2010 2152 2075; x_wconf 79' lang='lat' dir='ltr'><strong>Qua:</strong></span> 
     </span>
    </p>
   </div>
   <div class='ocr_carea' id='block_1_34' title="bbox 2257 1988 3837 2077">
    <p class='ocr_par' dir='ltr' id='par_1_34' title="bbox 2257 2002 3837 2077">
     <span class='ocr_line' id='line_1_34' title="bbox 2257 2002 3837 2077; baseline -0.003 -18"><span class='ocrx_word' id='word_1_239' title='bbox 2257 2007 2558 2060; x_wconf 82' lang='grc' dir='ltr'>θαλαττίων</span> <span class='ocrx_word' id='word_1_240' title='bbox 2596 2006 2663 2059; x_wconf 85' lang='grc' dir='ltr'>τὰ</span> <span class='ocrx_word' id='word_1_241' title='bbox 2693 2007 2986 2077; x_wconf 85' lang='grc' dir='ltr'>ὑγρότατα,</span> <span class='ocrx_word' id='word_1_242' title='bbox 3016 2004 3110 2057; x_wconf 77' lang='grc' dir='ltr'><strong>καὶ</strong></span> <span class='ocrx_word' id='word_1_243' title='bbox 3138 2005 3192 2058; x_wconf 85' lang='grc' dir='ltr'>αἱ</span> <span class='ocrx_word' id='word_1_244' title='bbox 3218 2005 3324 2056; x_wconf 85' lang='grc' dir='ltr'><strong>τῶν</strong></span> <span class='ocrx_word' id='word_1_245' title='bbox 3343 2002 3572 2073; x_wconf 83' lang='grc' dir='ltr'>δένδρων</span> <span class='ocrx_word' id='word_1_246' title='bbox 3589 2003 3837 2075; x_wconf 84' lang='grc' dir='ltr'>ἐντεριῶ-</span> 
     </span>
    </p>
   </div>
   <div class='ocr_carea' id='block_1_35' title="bbox 580 2097 2151 2168">
    <p class='ocr_par' dir='ltr' id='par_1_35' title="bbox 580 2097 2151 2168">
     <span class='ocr_line' id='line_1_35' title="bbox 580 2097 2151 2168; baseline 0.005 -23"><span class='ocrx_word' id='word_1_247' title='bbox 580 2109 711 2150; x_wconf 74' lang='lat' dir='ltr'><strong>sane</strong></span> <span class='ocrx_word' id='word_1_248' title='bbox 741 2097 920 2149; x_wconf 84' lang='lat' dir='ltr'><strong>omnia</strong></span> <span class='ocrx_word' id='word_1_249' title='bbox 952 2097 1252 2152; x_wconf 85' lang='lat' dir='ltr'><strong>mutatione</strong></span> <span class='ocrx_word' id='word_1_250' title='bbox 1293 2113 1388 2152; x_wconf 88' lang='lat' dir='ltr'><strong>sua</strong></span> <span class='ocrx_word' id='word_1_251' title='bbox 1430 2109 1763 2154; x_wconf 89' lang='lat' dir='ltr'><strong>commutare</strong></span> <span class='ocrx_word' id='word_1_252' title='bbox 1807 2114 1912 2152; x_wconf 92' lang='lat' dir='ltr'><strong>non</strong></span> <span class='ocrx_word' id='word_1_253' title='bbox 1947 2112 2151 2168; x_wconf 85' lang='lat' dir='ltr'><strong>posset,</strong></span> 
     </span>
    </p>
   </div>
   <div class='ocr_carea' id='block_1_36' title="bbox 581 2190 2152 2265">
    <p class='ocr_par' dir='ltr' id='par_1_36' title="bbox 581 2190 2152 2265">
     <span class='ocr_line' id='line_1_36' title="bbox 581 2190 2152 2265; baseline 0.006 -23"><span class='ocrx_word' id='word_1_254' title='bbox 581 2190 707 2253; x_wconf 67' lang='lat' dir='ltr'><strong>nisi,</strong></span> <span class='ocrx_word' id='word_1_255' title='bbox 736 2192 888 2257; x_wconf 80' lang='lat' dir='ltr'><strong>juxta</strong></span> <span class='ocrx_word' id='word_1_256' title='bbox 915 2190 1213 2260; x_wconf 78' lang='lat' dir='ltr'><strong>Scripturze</strong></span> <span class='ocrx_word' id='word_1_257' title='bbox 1245 2193 1632 2260; x_wconf 87' lang='lat' dir='ltr'><strong>testimonium,</strong></span> <span class='ocrx_word' id='word_1_258' title='bbox 1660 2196 1708 2249; x_wconf 93' lang='lat' dir='ltr'><strong>ei</strong></span> <span class='ocrx_word' id='word_1_259' title='bbox 1758 2195 1962 2250; x_wconf 89' lang='lat' dir='ltr'><strong>inesset</strong></span> <span class='ocrx_word' id='word_1_260' title='bbox 1995 2199 2152 2265; x_wconf 90' lang='lat' dir='ltr'><strong>quid-</strong></span> 
     </span>
    </p>
   </div>
   <div class='ocr_carea' id='block_1_37' title="bbox 582 2280 1672 2351">
    <p class='ocr_par' dir='ltr' id='par_1_37' title="bbox 582 2280 1672 2351">
     <span class='ocr_line' id='line_1_37' title="bbox 582 2280 1672 2351; baseline 0.009 -22"><span class='ocrx_word' id='word_1_261' title='bbox 582 2280 725 2341; x_wconf 75' lang='lat' dir='ltr'><strong>piam</strong></span> <span class='ocrx_word' id='word_1_262' title='bbox 751 2281 964 2349; x_wconf 87' lang='lat' dir='ltr'><strong>ingens,</strong></span> <span class='ocrx_word' id='word_1_263' title='bbox 999 2295 1060 2336; x_wconf 86' lang='lat' dir='ltr'><strong>ac</strong></span> <span class='ocrx_word' id='word_1_264' title='bbox 1099 2281 1303 2336; x_wconf 87' lang='lat' dir='ltr'><strong>viribus</strong></span> <span class='ocrx_word' id='word_1_265' title='bbox 1329 2283 1672 2351; x_wconf 53' lang='lat' dir='ltr'><strong>praepollens.</strong></span> 
     </span>
    </p>
   </div>
   <div class='ocr_carea' id='block_1_38' title="bbox 655 2371 2152 2447">
    <p class='ocr_par' dir='ltr' id='par_1_38' title="bbox 655 2371 2152 2447">
     <span class='ocr_line' id='line_1_38' title="bbox 655 2371 2152 2447; baseline 0.008 -24"><span class='ocrx_word' id='word_1_266' title='bbox 655 2371 741 2425; x_wconf 83' lang='lat' dir='ltr'><strong>lt.</strong></span> <span class='ocrx_word' id='word_1_267' title='bbox 802 2371 906 2426; x_wconf 85' lang='lat' dir='ltr'><strong>Sed</strong></span> <span class='ocrx_word' id='word_1_268' title='bbox 945 2382 996 2427; x_wconf 88' lang='lat' dir='ltr'><strong>et</strong></span> <span class='ocrx_word' id='word_1_269' title='bbox 1025 2389 1146 2443; x_wconf 83' lang='lat' dir='ltr'><strong>quae</strong></span> <span class='ocrx_word' id='word_1_270' title='bbox 1177 2375 1289 2428; x_wconf 89' lang='lat' dir='ltr'><strong>aeri</strong></span> <span class='ocrx_word' id='word_1_271' title='bbox 1342 2377 1595 2432; x_wconf 90' lang='lat' dir='ltr'><strong>accidunt</strong></span> <span class='ocrx_word' id='word_1_272' title='bbox 1642 2378 1992 2447; x_wconf 74' lang='lat' dir='ltr'><strong>affectiones,</strong></span> <span class='ocrx_word' id='word_1_273' title='bbox 2031 2397 2152 2437; x_wconf 87' lang='lat' dir='ltr'><strong>cum</strong></span> 
     </span>
    </p>
   </div>
   <div class='ocr_carea' id='block_1_39' title="bbox 576 2439 2154 2538">
    <p class='ocr_par' dir='ltr' id='par_1_39' title="bbox 576 2439 2154 2538">
     <span class='ocr_line' id='line_1_39' title="bbox 576 2439 2154 2538; baseline 0.011 -26"><span class='ocrx_word' id='word_1_274' title='bbox 576 2439 718 2516; x_wconf 53' lang='lat' dir='ltr'><strong>binae</strong></span> <span class='ocrx_word' id='word_1_275' title='bbox 760 2465 1152 2520; x_wconf 89' lang='lat' dir='ltr'><strong>mutationibus</strong></span> <span class='ocrx_word' id='word_1_276' title='bbox 1181 2469 1550 2538; x_wconf 87' lang='lat' dir='ltr'><strong>consentiunt,</strong></span> <span class='ocrx_word' id='word_1_277' title='bbox 1580 2471 1726 2526; x_wconf 88' lang='lat' dir='ltr'><strong>velut</strong></span> <span class='ocrx_word' id='word_1_278' title='bbox 1761 2482 2025 2529; x_wconf 81' lang='lat' dir='ltr'><strong>testantur</strong></span> <span class='ocrx_word' id='word_1_279' title='bbox 2057 2491 2154 2529; x_wconf 90' lang='lat' dir='ltr'><strong>no-</strong></span> 
     </span>
    </p>
   </div>
   <div class='ocr_carea' id='block_1_40' title="bbox 579 2555 2154 2630">
    <p class='ocr_par' dir='ltr' id='par_1_40' title="bbox 579 2555 2154 2630">
     <span class='ocr_line' id='line_1_40' title="bbox 579 2555 2154 2630; baseline 0.008 -24"><span class='ocrx_word' id='word_1_280' title='bbox 579 2555 662 2607; x_wconf 87' lang='lat' dir='ltr'><strong>bis</strong></span> <span class='ocrx_word' id='word_1_281' title='bbox 695 2562 748 2608; x_wconf 82' lang='lat' dir='ltr'><strong>et</strong></span> <span class='ocrx_word' id='word_1_282' title='bbox 777 2555 1072 2622; x_wconf 74' lang='lat' dir='ltr'><strong>repentinae</strong></span> <span class='ocrx_word' id='word_1_283' title='bbox 1108 2559 1569 2627; x_wconf 86' lang='lat' dir='ltr'><strong>perturbationes,</strong></span> <span class='ocrx_word' id='word_1_284' title='bbox 1597 2577 1717 2630; x_wconf 66' lang='lat' dir='ltr'><strong>quae</strong></span> <span class='ocrx_word' id='word_1_285' title='bbox 1751 2563 1878 2617; x_wconf 91' lang='lat' dir='ltr'><strong>dum</strong></span> <span class='ocrx_word' id='word_1_286' title='bbox 1910 2565 2154 2619; x_wconf 88' lang='lat' dir='ltr'><strong>nascitur</strong></span> 
     </span>
    </p>
   </div>
   <div class='ocr_carea' id='block_1_41' title="bbox 577 2648 2151 2726">
    <p class='ocr_par' dir='ltr' id='par_1_41' title="bbox 577 2648 2151 2726">
     <span class='ocr_line' id='line_1_41' title="bbox 577 2648 2151 2726; baseline 0.008 -29"><span class='ocrx_word' id='word_1_287' title='bbox 577 2649 724 2710; x_wconf 49' lang='lat' dir='ltr'><strong>iiuna,</strong></span> <span class='ocrx_word' id='word_1_288' title='bbox 759 2648 990 2703; x_wconf 87' lang='lat' dir='ltr'><strong>nubibus</strong></span> <span class='ocrx_word' id='word_1_289' title='bbox 1020 2652 1315 2720; x_wconf 79' lang='lat' dir='ltr'><strong>exagitatis</strong></span> <span class='ocrx_word' id='word_1_290' title='bbox 1355 2668 1416 2707; x_wconf 90' lang='lat' dir='ltr'><strong>ac</strong></span> <span class='ocrx_word' id='word_1_291' title='bbox 1449 2654 1554 2708; x_wconf 90' lang='lat' dir='ltr'><strong>sibi</strong></span> <span class='ocrx_word' id='word_1_292' title='bbox 1580 2653 1814 2726; x_wconf 83' lang='lat' dir='ltr'><strong>invicem</strong></span> <span class='ocrx_word' id='word_1_293' title='bbox 1852 2671 2151 2710; x_wconf 85' lang='lat' dir='ltr'><strong>oecurren-</strong></span> 
     </span>
    </p>
   </div>
   <div class='ocr_carea' id='block_1_42' title="bbox 579 2741 2151 2817">
    <p class='ocr_par' dir='ltr' id='par_1_42' title="bbox 579 2741 2151 2817">
     <span class='ocr_line' id='line_1_42' title="bbox 579 2741 2151 2817; baseline 0.008 -28"><span class='ocrx_word' id='word_1_294' title='bbox 579 2741 741 2805; x_wconf 77' lang='lat' dir='ltr'><strong>tibus,</strong></span> <span class='ocrx_word' id='word_1_295' title='bbox 776 2754 918 2810; x_wconf 67' lang='lat' dir='ltr'><strong>saepe</strong></span> <span class='ocrx_word' id='word_1_296' title='bbox 945 2752 1066 2810; x_wconf 88' lang='lat' dir='ltr'><strong>post</strong></span> <span class='ocrx_word' id='word_1_297' title='bbox 1091 2744 1540 2812; x_wconf 85' lang='lat' dir='ltr'><strong>tranquillitatem</strong></span> <span class='ocrx_word' id='word_1_298' title='bbox 1574 2757 1969 2817; x_wconf 86' lang='lat' dir='ltr'><strong>ventorumque</strong></span> <span class='ocrx_word' id='word_1_299' title='bbox 1995 2749 2151 2802; x_wconf 84' lang='lat' dir='ltr'><strong>silen-</strong></span> 
     </span>
    </p>
   </div>
   <div class='ocr_carea' id='block_1_43' title="bbox 579 2835 2152 2907">
    <p class='ocr_par' dir='ltr' id='par_1_43' title="bbox 579 2835 2152 2907">
     <span class='ocr_line' id='line_1_43' title="bbox 579 2835 2152 2907; baseline 0.007 -23"><span class='ocrx_word' id='word_1_300' title='bbox 579 2835 710 2886; x_wconf 83' lang='lat' dir='ltr'><strong>titttn</strong></span> <span class='ocrx_word' id='word_1_301' title='bbox 755 2835 1079 2888; x_wconf 80' lang='lat' dir='ltr'><strong>exoriuntur</strong></span> <span class='ocrx_word' id='word_1_302' title='bbox 1115 2853 1128 2888; x_wconf 88' lang='lat'><strong>:</strong></span> <span class='ocrx_word' id='word_1_303' title='bbox 1173 2836 1323 2902; x_wconf 88' lang='lat' dir='ltr'><strong>item,</strong></span> <span class='ocrx_word' id='word_1_304' title='bbox 1385 2839 1702 2907; x_wconf 87' lang='lat' dir='ltr'><strong>euriporum</strong></span> <span class='ocrx_word' id='word_1_305' title='bbox 1741 2840 2026 2907; x_wconf 86' lang='lat' dir='ltr'><strong>reﬂuxus;</strong></span> <span class='ocrx_word' id='word_1_306' title='bbox 2089 2857 2152 2895; x_wconf 92' lang='lat' dir='ltr'><strong>ac</strong></span> 
     </span>
    </p>
   </div>
   <div class='ocr_carea' id='block_1_44' title="bbox 579 2927 2154 3003">
    <p class='ocr_par' dir='ltr' id='par_1_44' title="bbox 579 2927 2154 3003">
     <span class='ocr_line' id='line_1_44' title="bbox 579 2927 2154 3003; baseline 0.008 -26"><span class='ocrx_word' id='word_1_307' title='bbox 579 2927 766 2992; x_wconf 90' lang='lat' dir='ltr'><strong>maris,</strong></span> <span class='ocrx_word' id='word_1_308' title='bbox 790 2928 931 2994; x_wconf 85' lang='lat' dir='ltr'><strong>quod</strong></span> <span class='ocrx_word' id='word_1_309' title='bbox 952 2936 1174 2983; x_wconf 88' lang='lat' dir='ltr'><strong>vocatur</strong></span> <span class='ocrx_word' id='word_1_310' title='bbox 1213 2928 1484 2996; x_wconf 88' lang='lat' dir='ltr'><strong>Oceanus,</strong></span> <span class='ocrx_word' id='word_1_311' title='bbox 1523 2942 1689 2987; x_wconf 60' lang='lat' dir='ltr'><strong>aestus</strong></span> <span class='ocrx_word' id='word_1_312' title='bbox 1712 2933 1994 3003; x_wconf 86' lang='lat' dir='ltr'><strong>reciproci,</strong></span> <span class='ocrx_word' id='word_1_313' title='bbox 2017 2950 2154 3002; x_wconf 86' lang='lat' dir='ltr'><strong>quos</strong></span> 
     </span>
    </p>
   </div>
   <div class='ocr_carea' id='block_1_45' title="bbox 577 3022 2152 3086">
    <p class='ocr_par' dir='ltr' id='par_1_45' title="bbox 577 3022 2152 3086">
     <span class='ocr_line' id='line_1_45' title="bbox 577 3022 2152 3086; baseline 0.006 -15"><span class='ocrx_word' id='word_1_314' title='bbox 577 3030 896 3086; x_wconf 84' lang='lat' dir='ltr'><strong>repererunt</strong></span> <span class='ocrx_word' id='word_1_315' title='bbox 943 3022 1141 3076; x_wconf 80' lang='lat' dir='ltr'><strong>accolae</strong></span> <span class='ocrx_word' id='word_1_316' title='bbox 1193 3023 1647 3079; x_wconf 88' lang='lat' dir='ltr'><strong>conversionibus</strong></span> <span class='ocrx_word' id='word_1_317' title='bbox 1709 3025 1851 3079; x_wconf 74' lang='lat' dir='ltr'><strong>luna:</strong></span> <span class='ocrx_word' id='word_1_318' title='bbox 1900 3027 2152 3081; x_wconf 84' lang='lat' dir='ltr'><strong>ordinate</strong></span> 
     </span>
    </p>
   </div>
   <div class='ocr_carea' id='block_1_46' title="bbox 579 3113 2150 3188">
    <p class='ocr_par' dir='ltr' id='par_1_46' title="bbox 579 3113 2150 3188">
     <span class='ocr_line' id='line_1_46' title="bbox 579 3113 2150 3188; baseline 0.007 -26"><span class='ocrx_word' id='word_1_319' title='bbox 579 3113 924 3173; x_wconf 87' lang='lat' dir='ltr'><strong>respondere.</strong></span> <span class='ocrx_word' id='word_1_320' title='bbox 955 3113 1090 3168; x_wconf 81' lang='lat' dir='ltr'><strong>Nam</strong></span> <span class='ocrx_word' id='word_1_321' title='bbox 1118 3114 1292 3184; x_wconf 85' lang='lat' dir='ltr'><strong>euripi</strong></span> <span class='ocrx_word' id='word_1_322' title='bbox 1319 3116 1464 3170; x_wconf 89' lang='lat' dir='ltr'><strong>inter</strong></span> <span class='ocrx_word' id='word_1_323' title='bbox 1495 3115 1736 3185; x_wconf 88' lang='lat' dir='ltr'><strong>reliquas</strong></span> <span class='ocrx_word' id='word_1_324' title='bbox 1773 3117 1915 3173; x_wconf 72' lang='lat' dir='ltr'><strong>luna:</strong></span> <span class='ocrx_word' id='word_1_325' title='bbox 1945 3119 2150 3188; x_wconf 84' lang='lat' dir='ltr'><strong>tignras</strong></span> 
     </span>
    </p>
   </div>
   <div class='ocr_carea' id='block_1_47' title="bbox 578 3204 2150 3280">
    <p class='ocr_par' dir='ltr' id='par_1_47' title="bbox 578 3204 2150 3280">
     <span class='ocr_line' id='line_1_47' title="bbox 578 3204 2150 3280; baseline 0.004 -22"><span class='ocrx_word' id='word_1_326' title='bbox 578 3204 798 3260; x_wconf 80' lang='lat' dir='ltr'><strong>ctlluunt</strong></span> <span class='ocrx_word' id='word_1_327' title='bbox 827 3206 881 3261; x_wconf 92' lang='lat' dir='ltr'><strong>in</strong></span> <span class='ocrx_word' id='word_1_328' title='bbox 909 3217 1197 3277; x_wconf 86' lang='lat' dir='ltr'><strong>utramque</strong></span> <span class='ocrx_word' id='word_1_329' title='bbox 1221 3219 1431 3280; x_wconf 88' lang='lat' dir='ltr'><strong>partem</strong></span> <span class='ocrx_word' id='word_1_330' title='bbox 1458 3227 1473 3264; x_wconf 89' lang='lat'>:</span> <span class='ocrx_word' id='word_1_331' title='bbox 1507 3211 1600 3264; x_wconf 91' lang='lat' dir='ltr'><strong>sed</strong></span> <span class='ocrx_word' id='word_1_332' title='bbox 1629 3221 1784 3266; x_wconf 86' lang='lat' dir='ltr'><strong>ortus</strong></span> <span class='ocrx_word' id='word_1_333' title='bbox 1818 3211 1988 3280; x_wconf 89' lang='lat' dir='ltr'><strong>ipsius</strong></span> <span class='ocrx_word' id='word_1_334' title='bbox 2014 3221 2150 3265; x_wconf 90' lang='lat' dir='ltr'><strong>tem-</strong></span> 
     </span>
    </p>
   </div>
   <div class='ocr_carea' id='block_1_48' title="bbox 2258 2092 3835 2166">
    <p class='ocr_par' dir='ltr' id='par_1_48' title="bbox 2258 2092 3835 2166">
     <span class='ocr_line' id='line_1_48' title="bbox 2258 2092 3835 2166; baseline -0.005 -11"><span class='ocrx_word' id='word_1_335' title='bbox 2258 2119 2364 2155; x_wconf 90' lang='grc' dir='ltr'>ναι.</span> <span class='ocrx_word' id='word_1_336' title='bbox 2408 2102 2475 2153; x_wconf 80' lang='grc' dir='ltr'><strong>Ἃ</strong></span> <span class='ocrx_word' id='word_1_337' title='bbox 2512 2099 2690 2152; x_wconf 89' lang='grc' dir='ltr'>πάντα</span> <span class='ocrx_word' id='word_1_338' title='bbox 2720 2098 2820 2149; x_wconf 86' lang='grc' dir='ltr'><strong>οὐκ</strong></span> <span class='ocrx_word' id='word_1_339' title='bbox 2845 2095 2910 2149; x_wconf 82' lang='grc' dir='ltr'><strong>ἂν</strong></span> <span class='ocrx_word' id='word_1_340' title='bbox 2942 2095 3201 2166; x_wconf 79' lang='grc' dir='ltr'>ἐξήρκεσε</span> <span class='ocrx_word' id='word_1_341' title='bbox 3229 2096 3295 2164; x_wconf 85' lang='grc' dir='ltr'>τῇ</span> <span class='ocrx_word' id='word_1_342' title='bbox 3330 2093 3530 2164; x_wconf 78' lang='grc' dir='ltr'>ἑαυτῆς</span> <span class='ocrx_word' id='word_1_343' title='bbox 3559 2092 3835 2147; x_wconf 84' lang='grc' dir='ltr'>ἀλλοιώσει</span> 
     </span>
    </p>
   </div>
   <div class='ocr_carea' id='block_1_49' title="bbox 2259 2182 3838 2264">
    <p class='ocr_par' dir='ltr' id='par_1_49' title="bbox 2259 2182 3838 2264">
     <span class='ocr_line' id='line_1_49' title="bbox 2259 2182 3838 2264; baseline -0.004 -18"><span class='ocrx_word' id='word_1_344' title='bbox 2259 2192 2656 2264; x_wconf 82' lang='grc' dir='ltr'>συμμεθιστᾷν,</span> <span class='ocrx_word' id='word_1_345' title='bbox 2709 2193 2757 2243; x_wconf 86' lang='grc' dir='ltr'>εἰ</span> <span class='ocrx_word' id='word_1_346' title='bbox 2812 2191 2886 2260; x_wconf 85' lang='grc' dir='ltr'><strong>μὴ</strong></span> <span class='ocrx_word' id='word_1_347' title='bbox 2923 2187 3198 2258; x_wconf 72' lang='grc' dir='ltr'>ὑπερφυές</span> <span class='ocrx_word' id='word_1_348' title='bbox 3243 2203 3295 2238; x_wconf 89' lang='grc' dir='ltr'><strong>τι</strong></span> <span class='ocrx_word' id='word_1_349' title='bbox 3334 2182 3401 2258; x_wconf 82' lang='grc' dir='ltr'><strong>ῆν</strong></span> <span class='ocrx_word' id='word_1_350' title='bbox 3435 2186 3529 2238; x_wconf 79' lang='grc' dir='ltr'><strong>καὶ</strong></span> <span class='ocrx_word' id='word_1_351' title='bbox 3575 2187 3838 2258; x_wconf 82' lang='grc' dir='ltr'>ὑπερέχον</span> 
     </span>
    </p>
   </div>
   <div class='ocr_carea' id='block_1_50' title="bbox 2255 2280 3521 2356">
    <p class='ocr_par' dir='ltr' id='par_1_50' title="bbox 2255 2280 3521 2356">
     <span class='ocr_line' id='line_1_50' title="bbox 2255 2280 3521 2356; baseline -0.004 -17"><span class='ocrx_word' id='word_1_352' title='bbox 2255 2287 2480 2356; x_wconf 79' lang='grc' dir='ltr'>δυνάμει</span> <span class='ocrx_word' id='word_1_353' title='bbox 2510 2286 2651 2338; x_wconf 79' lang='grc' dir='ltr'>κατὰ</span> <span class='ocrx_word' id='word_1_354' title='bbox 2680 2284 2778 2355; x_wconf 84' lang='grc' dir='ltr'>τὴν</span> <span class='ocrx_word' id='word_1_355' title='bbox 2807 2283 2906 2353; x_wconf 86' lang='grc' dir='ltr'><strong>τῆς</strong></span> <span class='ocrx_word' id='word_1_356' title='bbox 2942 2281 3165 2352; x_wconf 69' lang='grc' dir='ltr'>Γραφῆς</span> <span class='ocrx_word' id='word_1_357' title='bbox 3197 2280 3521 2352; x_wconf 85' lang='grc' dir='ltr'>μαρτυρίαν.</span> 
     </span>
    </p>
   </div>
   <div class='ocr_carea' id='block_1_51' title="bbox 2325 2373 3834 2446">
    <p class='ocr_par' dir='ltr' id='par_1_51' title="bbox 2325 2373 3834 2446">
     <span class='ocr_line' id='line_1_51' title="bbox 2325 2373 3834 2446; baseline -0.004 -14"><span class='ocrx_word' id='word_1_358' title='bbox 2325 2379 2382 2432; x_wconf 75' lang='lat' dir='ltr'><strong>ll</strong></span> <span class='ocrx_word' id='word_1_359' title='bbox 2399 2422 2412 2434; x_wconf 95' lang='lat'><strong>.</strong></span> <span class='ocrx_word' id='word_1_360' title='bbox 2448 2379 2558 2431; x_wconf 76' lang='grc' dir='ltr'><strong>Καὶ</strong></span> <span class='ocrx_word' id='word_1_361' title='bbox 2579 2376 2646 2430; x_wconf 79' lang='grc' dir='ltr'>τὰ</span> <span class='ocrx_word' id='word_1_362' title='bbox 2674 2375 2801 2446; x_wconf 74' lang='grc' dir='ltr'>περὶ</span> <span class='ocrx_word' id='word_1_363' title='bbox 2833 2373 2925 2426; x_wconf 85' lang='grc' dir='ltr'><strong>τὸν</strong></span> <span class='ocrx_word' id='word_1_364' title='bbox 2952 2375 3088 2444; x_wconf 82' lang='grc' dir='ltr'>ἀέρα</span> <span class='ocrx_word' id='word_1_365' title='bbox 3113 2373 3167 2425; x_wconf 84' lang='grc' dir='ltr'><strong>δὲ</strong></span> <span class='ocrx_word' id='word_1_366' title='bbox 3193 2373 3340 2442; x_wconf 80' lang='grc' dir='ltr'>πάθη</span> <span class='ocrx_word' id='word_1_367' title='bbox 3364 2375 3484 2437; x_wconf 89' lang='grc' dir='ltr'>ταῖς</span> <span class='ocrx_word' id='word_1_368' title='bbox 3516 2373 3834 2444; x_wconf 76' lang='grc' dir='ltr'>μεταϐολαῖς</span> 
     </span>
    </p>
   </div>
   <div class='ocr_carea' id='block_1_52' title="bbox 2253 2464 3832 2542">
    <p class='ocr_par' dir='ltr' id='par_1_52' title="bbox 2253 2464 3832 2542">
     <span class='ocr_line' id='line_1_52' title="bbox 2253 2464 3832 2542; baseline -0.004 -16"><span class='ocrx_word' id='word_1_369' title='bbox 2253 2472 2457 2542; x_wconf 85' lang='grc' dir='ltr'>ταύτης</span> <span class='ocrx_word' id='word_1_370' title='bbox 2502 2468 2934 2532; x_wconf 88' lang='grc' dir='ltr'>συνδιατίθεται,</span> <span class='ocrx_word' id='word_1_371' title='bbox 2983 2467 3056 2528; x_wconf 86' lang='grc' dir='ltr'>ὡς</span> <span class='ocrx_word' id='word_1_372' title='bbox 3094 2464 3463 2536; x_wconf 80' lang='grc' dir='ltr'>μαρτυροῦσιν</span> <span class='ocrx_word' id='word_1_373' title='bbox 3497 2467 3629 2536; x_wconf 87' lang='grc' dir='ltr'>ήμῖν</span> <span class='ocrx_word' id='word_1_374' title='bbox 3672 2467 3732 2519; x_wconf 83' lang='grc' dir='ltr'><strong>αῖ</strong></span> <span class='ocrx_word' id='word_1_375' title='bbox 3775 2485 3832 2519; x_wconf 87' lang='grc' dir='ltr'><strong>τε</strong></span> 
     </span>
    </p>
   </div>
   <div class='ocr_carea' id='block_1_53' title="bbox 2255 2557 3831 2634">
    <p class='ocr_par' dir='ltr' id='par_1_53' title="bbox 2255 2557 3831 2634">
     <span class='ocr_line' id='line_1_53' title="bbox 2255 2557 3831 2634; baseline -0.005 -17"><span class='ocrx_word' id='word_1_376' title='bbox 2255 2565 2394 2617; x_wconf 86' lang='grc' dir='ltr'><strong>κατά</strong></span> <span class='ocrx_word' id='word_1_377' title='bbox 2419 2563 2516 2634; x_wconf 81' lang='grc' dir='ltr'><strong>τήν</strong></span> <span class='ocrx_word' id='word_1_378' title='bbox 2551 2561 2849 2632; x_wconf 82' lang='grc' dir='ltr'>νουμηνίαν</span> <span class='ocrx_word' id='word_1_379' title='bbox 2886 2559 3146 2621; x_wconf 86' lang='grc' dir='ltr'>πολλάκις</span> <span class='ocrx_word' id='word_1_380' title='bbox 3196 2557 3302 2611; x_wconf 79' lang='grc' dir='ltr'><strong>ἀπὸ</strong></span> <span class='ocrx_word' id='word_1_381' title='bbox 3337 2558 3578 2630; x_wconf 89' lang='grc' dir='ltr'>γαλήνης</span> <span class='ocrx_word' id='word_1_382' title='bbox 3609 2559 3702 2611; x_wconf 73' lang='grc' dir='ltr'>καὶ</span> <span class='ocrx_word' id='word_1_383' title='bbox 3737 2578 3831 2632; x_wconf 65' lang='grc' dir='ltr'>νη-</span> 
     </span>
    </p>
   </div>
   <div class='ocr_carea' id='block_1_54' title="bbox 2254 2652 3836 2730">
    <p class='ocr_par' dir='ltr' id='par_1_54' title="bbox 2254 2652 3836 2730">
     <span class='ocr_line' id='line_1_54' title="bbox 2254 2652 3836 2730; baseline -0.004 -18"><span class='ocrx_word' id='word_1_384' title='bbox 2254 2659 2447 2729; x_wconf 84' lang='grc' dir='ltr'>νεμίας</span> <span class='ocrx_word' id='word_1_385' title='bbox 2491 2657 2746 2726; x_wconf 77' lang='grc' dir='ltr'>αἰφνίδιοι</span> <span class='ocrx_word' id='word_1_386' title='bbox 2789 2656 3049 2730; x_wconf 69' lang='grc' dir='ltr'>ταραχαὶ,</span> <span class='ocrx_word' id='word_1_387' title='bbox 3097 2652 3276 2723; x_wconf 74' lang='grc' dir='ltr'>νεφῶν</span> <span class='ocrx_word' id='word_1_388' title='bbox 3322 2653 3696 2723; x_wconf 79' lang='grc' dir='ltr'>κλονουμένων</span> <span class='ocrx_word' id='word_1_389' title='bbox 3742 2660 3836 2707; x_wconf 76' lang='grc' dir='ltr'>καὶ</span> 
     </span>
    </p>
   </div>
   <div class='ocr_carea' id='block_1_55' title="bbox 2256 2745 3832 2822">
    <p class='ocr_par' dir='ltr' id='par_1_55' title="bbox 2256 2745 3832 2822">
     <span class='ocr_line' id='line_1_55' title="bbox 2256 2745 3832 2822; baseline -0.005 -17"><span class='ocrx_word' id='word_1_390' title='bbox 2256 2752 2677 2822; x_wconf 85' lang='grc' dir='ltr'>συμπιπτόντων</span> <span class='ocrx_word' id='word_1_391' title='bbox 2707 2748 2981 2820; x_wconf 88' lang='grc' dir='ltr'>ἀλλήλοις,</span> <span class='ocrx_word' id='word_1_392' title='bbox 3025 2746 3119 2800; x_wconf 77' lang='grc' dir='ltr'><strong>καὶ</strong></span> <span class='ocrx_word' id='word_1_393' title='bbox 3160 2747 3218 2798; x_wconf 83' lang='grc' dir='ltr'>αἱ</span> <span class='ocrx_word' id='word_1_394' title='bbox 3253 2746 3379 2817; x_wconf 76' lang='grc' dir='ltr'>περὶ</span> <span class='ocrx_word' id='word_1_395' title='bbox 3410 2745 3535 2808; x_wconf 73' lang='grc' dir='ltr'>τοὺς</span> <span class='ocrx_word' id='word_1_396' title='bbox 3579 2745 3832 2816; x_wconf 87' lang='grc' dir='ltr'>εὑρίπους</span> 
     </span>
    </p>
   </div>
   <div class='ocr_carea' id='block_1_56' title="bbox 2255 2837 3833 2915">
    <p class='ocr_par' dir='ltr' id='par_1_56' title="bbox 2255 2837 3833 2915">
     <span class='ocr_line' id='line_1_56' title="bbox 2255 2837 3833 2915; baseline -0.006 -18"><span class='ocrx_word' id='word_1_397' title='bbox 2255 2845 2591 2915; x_wconf 72' lang='grc' dir='ltr'>παλίρροιαι,</span> <span class='ocrx_word' id='word_1_398' title='bbox 2638 2843 2731 2894; x_wconf 67' lang='grc' dir='ltr'><strong>καί¹</strong></span> <span class='ocrx_word' id='word_1_399' title='bbox 2771 2843 2805 2912; x_wconf 92' lang='grc' dir='ltr'><strong>ή</strong></span> <span class='ocrx_word' id='word_1_400' title='bbox 2847 2841 2976 2911; x_wconf 77' lang='grc' dir='ltr'>περὶ</span> <span class='ocrx_word' id='word_1_401' title='bbox 3003 2841 3094 2892; x_wconf 79' lang='grc' dir='ltr'><strong>τὸν</strong></span> <span class='ocrx_word' id='word_1_402' title='bbox 3129 2838 3241 2910; x_wconf 80' lang='lat'><strong>(68)</strong></span> <span class='ocrx_word' id='word_1_403' title='bbox 3275 2837 3565 2910; x_wconf 87' lang='grc' dir='ltr'>λεγόμενον</span> <span class='ocrx_word' id='word_1_404' title='bbox 3595 2838 3833 2891; x_wconf 69' lang='grc' dir='ltr'>ὠκεανὸν</span> 
     </span>
    </p>
   </div>
   <div class='ocr_carea' id='block_1_57' title="bbox 2253 2929 3834 3006">
    <p class='ocr_par' dir='ltr' id='par_1_57' title="bbox 2253 2929 3834 3006">
     <span class='ocr_line' id='line_1_57' title="bbox 2253 2929 3834 3006; baseline -0.006 -16"><span class='ocrx_word' id='word_1_405' title='bbox 2253 2937 2528 3006; x_wconf 84' lang='grc' dir='ltr'>ἄμπωτις,</span> <span class='ocrx_word' id='word_1_406' title='bbox 2579 2935 2645 3006; x_wconf 82' lang='grc' dir='ltr'>ἢν</span> <span class='ocrx_word' id='word_1_407' title='bbox 2687 2937 2810 2996; x_wconf 88' lang='grc' dir='ltr'>ταῖς</span> <span class='ocrx_word' id='word_1_408' title='bbox 2846 2933 3114 3003; x_wconf 84' lang='grc' dir='ltr'>περιόδοις</span> <span class='ocrx_word' id='word_1_409' title='bbox 3151 2933 3250 3001; x_wconf 85' lang='grc' dir='ltr'><strong>τῆς</strong></span> <span class='ocrx_word' id='word_1_410' title='bbox 3295 2931 3524 3001; x_wconf 81' lang='grc' dir='ltr'>σελήνης</span> <span class='ocrx_word' id='word_1_411' title='bbox 3568 2929 3834 2998; x_wconf 74' lang='grc' dir='ltr'>τεταγμέο</span> 
     </span>
    </p>
   </div>
   <div class='ocr_carea' id='block_1_58' title="bbox 2253 3021 3837 3101">
    <p class='ocr_par' dir='ltr' id='par_1_58' title="bbox 2253 3021 3837 3101">
     <span class='ocr_line' id='line_1_58' title="bbox 2253 3021 3837 3101; baseline -0.005 -19"><span class='ocrx_word' id='word_1_412' title='bbox 2253 3048 2356 3092; x_wconf 81' lang='grc' dir='ltr'><strong>νως</strong></span> <span class='ocrx_word' id='word_1_413' title='bbox 2382 3029 2656 3101; x_wconf 78' lang='grc' dir='ltr'>ἑπομένην</span> <span class='ocrx_word' id='word_1_414' title='bbox 2689 3025 2911 3094; x_wconf 73' lang='grc' dir='ltr'>ἐξεῦρον</span> <span class='ocrx_word' id='word_1_415' title='bbox 2945 3027 2992 3078; x_wconf 78' lang='grc' dir='ltr'>οἱ</span> <span class='ocrx_word' id='word_1_416' title='bbox 3037 3021 3476 3092; x_wconf 81' lang='grc' dir='ltr'>προσοικοῦντες.</span> <span class='ocrx_word' id='word_1_417' title='bbox 3503 3023 3565 3075; x_wconf 85' lang='grc' dir='ltr'><strong>Οἱ</strong></span> <span class='ocrx_word' id='word_1_418' title='bbox 3601 3024 3698 3093; x_wconf 82' lang='grc' dir='ltr'><strong>μὲν</strong></span> <span class='ocrx_word' id='word_1_419' title='bbox 3729 3021 3837 3091; x_wconf 74' lang='grc' dir='ltr'><strong>γάρ</strong></span> 
     </span>
    </p>
   </div>
   <div class='ocr_carea' id='block_1_59' title="bbox 2253 3114 3837 3193">
    <p class='ocr_par' dir='ltr' id='par_1_59' title="bbox 2253 3114 3837 3193">
     <span class='ocr_line' id='line_1_59' title="bbox 2253 3114 3837 3193; baseline -0.006 -18"><span class='ocrx_word' id='word_1_420' title='bbox 2253 3121 2468 3193; x_wconf 70' lang='grc' dir='ltr'>εὔριποι</span> <span class='ocrx_word' id='word_1_421' title='bbox 2523 3119 2914 3192; x_wconf 75' lang='grc' dir='ltr'>μεταρῤέουσιν</span> <span class='ocrx_word' id='word_1_422' title='bbox 2961 3119 3044 3186; x_wconf 74' lang='grc' dir='ltr'><strong>ἐφ’</strong></span> <span class='ocrx_word' id='word_1_423' title='bbox 3093 3118 3328 3188; x_wconf 78' lang='grc' dir='ltr'>ἑκάτερα</span> <span class='ocrx_word' id='word_1_424' title='bbox 3379 3115 3521 3169; x_wconf 82' lang='grc' dir='ltr'>κατὰ</span> <span class='ocrx_word' id='word_1_425' title='bbox 3564 3115 3631 3168; x_wconf 77' lang='grc' dir='ltr'>τὰ</span> <span class='ocrx_word' id='word_1_426' title='bbox 3677 3114 3837 3168; x_wconf 86' lang='grc' dir='ltr'>λοιπά</span> 
     </span>
    </p>
   </div>
   <div class='ocr_carea' id='block_1_60' title="bbox 2253 3212 3834 3290">
    <p class='ocr_par' dir='ltr' id='par_1_60' title="bbox 2253 3212 3834 3290">
     <span class='ocr_line' id='line_1_60' title="bbox 2253 3212 3834 3290; baseline -0.006 -18"><span class='ocrx_word' id='word_1_427' title='bbox 2253 3223 2507 3290; x_wconf 85' lang='grc' dir='ltr'>σχήματα</span> <span class='ocrx_word' id='word_1_428' title='bbox 2555 3217 2655 3286; x_wconf 88' lang='grc' dir='ltr'><strong>τῆς</strong></span> <span class='ocrx_word' id='word_1_429' title='bbox 2700 3216 2956 3286; x_wconf 82' lang='grc' dir='ltr'>σελήνης·</span> <span class='ocrx_word' id='word_1_430' title='bbox 3007 3216 3064 3268; x_wconf 82' lang='grc' dir='ltr'><strong>ὲν</strong></span> <span class='ocrx_word' id='word_1_431' title='bbox 3108 3214 3165 3267; x_wconf 85' lang='grc' dir='ltr'>δὲ</span> <span class='ocrx_word' id='word_1_432' title='bbox 3213 3214 3291 3283; x_wconf 82' lang='grc' dir='ltr'>τῷ</span> <span class='ocrx_word' id='word_1_433' title='bbox 3336 3212 3515 3282; x_wconf 85' lang='grc' dir='ltr'>καιρῴ</span> <span class='ocrx_word' id='word_1_434' title='bbox 3552 3214 3649 3284; x_wconf 81' lang='grc' dir='ltr'><strong>τῆς</strong></span> <span class='ocrx_word' id='word_1_435' title='bbox 3683 3212 3834 3279; x_wconf 83' lang='grc' dir='ltr'>γενέ-</span> 
     </span>
    </p>
   </div>
   <div class='ocr_carea' id='block_1_61' title="bbox 579 3301 2152 3404">
    <p class='ocr_par' dir='ltr' id='par_1_61' title="bbox 579 3301 2147 3374">
     <span class='ocr_line' id='line_1_61' title="bbox 579 3301 2147 3374; baseline 0.006 -26"><span class='ocrx_word' id='word_1_436' title='bbox 579 3313 730 3365; x_wconf 82' lang='lat' dir='ltr'><strong>pore,</strong></span> <span class='ocrx_word' id='word_1_437' title='bbox 757 3313 824 3354; x_wconf 90' lang='lat' dir='ltr'><strong>ne</strong></span> <span class='ocrx_word' id='word_1_438' title='bbox 852 3301 1175 3357; x_wconf 82' lang='lat' dir='ltr'><strong>brevissimo</strong></span> <span class='ocrx_word' id='word_1_439' title='bbox 1208 3302 1426 3372; x_wconf 88' lang='lat' dir='ltr'><strong>quidem</strong></span> <span class='ocrx_word' id='word_1_440' title='bbox 1474 3312 1747 3359; x_wconf 90' lang='lat' dir='ltr'><strong>momento</strong></span> <span class='ocrx_word' id='word_1_441' title='bbox 1809 3305 2104 3374; x_wconf 89' lang='lat' dir='ltr'><strong>quiescunt</strong></span> <span class='ocrx_word' id='word_1_442' title='bbox 2132 3343 2147 3368; x_wconf 90' lang='lat'><strong>,</strong></span> 
     </span>
    </p>
   </div>
   <div class='ocr_carea' id='block_1_62' title="bbox 2257 3301 3836 3404">
    <p class='ocr_par' dir='ltr' id='par_1_62' title="bbox 2257 3304 3836 3382">
     <span class='ocr_line' id='line_1_62' title="bbox 2257 3304 3836 3382; baseline -0.004 -18"><span class='ocrx_word' id='word_1_443' title='bbox 2257 3329 2393 3375; x_wconf 85' lang='grc' dir='ltr'>σεως</span> <span class='ocrx_word' id='word_1_444' title='bbox 2433 3311 2544 3382; x_wconf 82' lang='grc'>(69)</span> <span class='ocrx_word' id='word_1_445' title='bbox 2585 3309 2706 3363; x_wconf 82' lang='grc' dir='ltr'>οὑδὲ</span> <span class='ocrx_word' id='word_1_446' title='bbox 2753 3309 2814 3362; x_wconf 82' lang='grc' dir='ltr'>τὸ</span> <span class='ocrx_word' id='word_1_447' title='bbox 2857 3307 3194 3380; x_wconf 86' lang='grc' dir='ltr'>βραχύτατον</span> <span class='ocrx_word' id='word_1_448' title='bbox 3223 3306 3574 3378; x_wconf 83' lang='grc' dir='ltr'>ἀτρεμοῦσιν,</span> <span class='ocrx_word' id='word_1_449' title='bbox 3625 3304 3739 3359; x_wconf 84' lang='grc' dir='ltr'>ἀλλ’</span> <span class='ocrx_word' id='word_1_450' title='bbox 3779 3307 3836 3358; x_wconf 83' lang='grc' dir='ltr'>ἐν</span> 
     </span>
    </p>
   </div>
   <div class='ocr_carea' id='block_1_63' title="bbox 578 3394 2151 3467">
    <p class='ocr_par' dir='ltr' id='par_1_63' title="bbox 578 3394 2151 3467">
     <span class='ocr_line' id='line_1_63' title="bbox 578 3394 2151 3467; baseline 0.003 -19"><span class='ocrx_word' id='word_1_451' title='bbox 578 3394 671 3448; x_wconf 81' lang='lat' dir='ltr'><strong>sed</strong></span> <span class='ocrx_word' id='word_1_452' title='bbox 699 3395 752 3448; x_wconf 91' lang='lat' dir='ltr'><strong>in</strong></span> <span class='ocrx_word' id='word_1_453' title='bbox 783 3395 1102 3465; x_wconf 76' lang='lat' dir='ltr'><strong>agitatione,</strong></span> <span class='ocrx_word' id='word_1_454' title='bbox 1133 3406 1298 3465; x_wconf 85' lang='lat' dir='ltr'><strong>atque</strong></span> <span class='ocrx_word' id='word_1_455' title='bbox 1328 3397 1382 3449; x_wconf 94' lang='lat' dir='ltr'><strong>in</strong></span> <span class='ocrx_word' id='word_1_456' title='bbox 1409 3397 1668 3451; x_wconf 86' lang='lat' dir='ltr'><strong>continua</strong></span> <span class='ocrx_word' id='word_1_457' title='bbox 1706 3396 1996 3452; x_wconf 87' lang='lat' dir='ltr'><strong>libratione</strong></span> <span class='ocrx_word' id='word_1_458' title='bbox 2030 3413 2151 3467; x_wconf 90' lang='lat' dir='ltr'><strong>per-</strong></span> 
     </span>
    </p>
   </div>
   <div class='ocr_carea' id='block_1_64' title="bbox 578 3491 2152 3562">
    <p class='ocr_par' dir='ltr' id='par_1_64' title="bbox 578 3491 2152 3562">
     <span class='ocr_line' id='line_1_64' title="bbox 578 3491 2152 3562; baseline 0.004 -22"><span class='ocrx_word' id='word_1_459' title='bbox 578 3501 849 3556; x_wconf 80' lang='lat' dir='ltr'><strong>severant,</strong></span> <span class='ocrx_word' id='word_1_460' title='bbox 868 3491 1038 3546; x_wconf 88' lang='lat' dir='ltr'><strong>donec</strong></span> <span class='ocrx_word' id='word_1_461' title='bbox 1074 3505 1263 3546; x_wconf 85' lang='lat' dir='ltr'><strong>rursus</strong></span> <span class='ocrx_word' id='word_1_462' title='bbox 1286 3505 1557 3560; x_wconf 87' lang='lat' dir='ltr'><strong>apparens</strong></span> <span class='ocrx_word' id='word_1_463' title='bbox 1594 3492 1719 3548; x_wconf 86' lang='lat' dir='ltr'><strong>huic</strong></span> <span class='ocrx_word' id='word_1_464' title='bbox 1737 3492 2152 3562; x_wconf 79' lang='lat' dir='ltr'><strong>reciprocationi</strong></span> 
     </span>
    </p>
   </div>
   <div class='ocr_carea' id='block_1_65' title="bbox 575 3581 2154 3652">
    <p class='ocr_par' dir='ltr' id='par_1_65' title="bbox 575 3581 2154 3652">
     <span class='ocr_line' id='line_1_65' title="bbox 575 3581 2154 3652; baseline 0.001 -14"><span class='ocrx_word' id='word_1_465' title='bbox 575 3583 827 3638; x_wconf 80' lang='lat' dir='ltr'><strong>ordinem</strong></span> <span class='ocrx_word' id='word_1_466' title='bbox 873 3583 1109 3652; x_wconf 87' lang='lat' dir='ltr'><strong>aliquem</strong></span> <span class='ocrx_word' id='word_1_467' title='bbox 1155 3583 1366 3639; x_wconf 85' lang='lat' dir='ltr'><strong>dederit</strong></span> <span class='ocrx_word' id='word_1_468' title='bbox 1441 3581 1744 3638; x_wconf 88' lang='lat' dir='ltr'><strong>Occiduum</strong></span> <span class='ocrx_word' id='word_1_469' title='bbox 1790 3595 1970 3639; x_wconf 89' lang='lat' dir='ltr'><strong>autem</strong></span> <span class='ocrx_word' id='word_1_470' title='bbox 2005 3600 2154 3640; x_wconf 89' lang='lat' dir='ltr'><strong>mare</strong></span> 
     </span>
    </p>
   </div>
   <div class='ocr_carea' id='block_1_66' title="bbox 577 3677 2152 3748">
    <p class='ocr_par' dir='ltr' id='par_1_66' title="bbox 577 3677 2152 3748">
     <span class='ocr_line' id='line_1_66' title="bbox 577 3677 2152 3748; baseline 0.001 -17"><span class='ocrx_word' id='word_1_471' title='bbox 577 3677 800 3733; x_wconf 73' lang='lat' dir='ltr'><strong>restibus</strong></span> <span class='ocrx_word' id='word_1_472' title='bbox 832 3677 1130 3747; x_wconf 88' lang='lat' dir='ltr'><strong>reciprocis</strong></span> <span class='ocrx_word' id='word_1_473' title='bbox 1154 3677 1448 3732; x_wconf 77' lang='lat' dir='ltr'><strong>obnoxium</strong></span> <span class='ocrx_word' id='word_1_474' title='bbox 1487 3687 1590 3744; x_wconf 87' lang='lat' dir='ltr'><strong>est,</strong></span> <span class='ocrx_word' id='word_1_475' title='bbox 1621 3693 1766 3733; x_wconf 91' lang='lat' dir='ltr'><strong>nunc</strong></span> <span class='ocrx_word' id='word_1_476' title='bbox 1813 3678 2033 3748; x_wconf 89' lang='lat' dir='ltr'><strong>quidem</strong></span> <span class='ocrx_word' id='word_1_477' title='bbox 2068 3692 2152 3732; x_wconf 89' lang='lat' dir='ltr'><strong>re-</strong></span> 
     </span>
    </p>
   </div>
   <div class='ocr_carea' id='block_1_67' title="bbox 581 3769 2151 3840">
    <p class='ocr_par' dir='ltr' id='par_1_67' title="bbox 581 3769 2151 3840">
     <span class='ocr_line' id='line_1_67' title="bbox 581 3769 2151 3840; baseline 0.003 -21"><span class='ocrx_word' id='word_1_478' title='bbox 581 3779 824 3835; x_wconf 79' lang='lat' dir='ltr'><strong>vertens,</strong></span> <span class='ocrx_word' id='word_1_479' title='bbox 857 3785 1000 3824; x_wconf 91' lang='lat' dir='ltr'><strong>nunc</strong></span> <span class='ocrx_word' id='word_1_480' title='bbox 1047 3784 1176 3825; x_wconf 85' lang='lat' dir='ltr'><strong>vero</strong></span> <span class='ocrx_word' id='word_1_481' title='bbox 1230 3779 1597 3840; x_wconf 75' lang='lat' dir='ltr'><strong>restagnans:</strong></span> <span class='ocrx_word' id='word_1_482' title='bbox 1653 3769 1810 3839; x_wconf 88' lang='lat' dir='ltr'><strong>quasi</strong></span> <span class='ocrx_word' id='word_1_483' title='bbox 1855 3778 2151 3824; x_wconf 88' lang='lat' dir='ltr'><strong>retrorsum</strong></span> 
     </span>
    </p>
   </div>
   <div class='ocr_carea' id='block_1_68' title="bbox 577 3861 2156 3932">
    <p class='ocr_par' dir='ltr' id='par_1_68' title="bbox 577 3861 2156 3932">
     <span class='ocr_line' id='line_1_68' title="bbox 577 3861 2156 3932; baseline 0.004 -20"><span class='ocrx_word' id='word_1_484' title='bbox 577 3862 996 3916; x_wconf 76' lang='lat' dir='ltr'><strong>subtralteretur</strong></span> <span class='ocrx_word' id='word_1_485' title='bbox 1020 3861 1160 3916; x_wconf 75' lang='lat' dir='ltr'><strong>luna:</strong></span> <span class='ocrx_word' id='word_1_486' title='bbox 1185 3862 1657 3932; x_wconf 80' lang='lat' dir='ltr'><strong>respirationibus,</strong></span> <span class='ocrx_word' id='word_1_487' title='bbox 1685 3877 1747 3916; x_wconf 89' lang='lat' dir='ltr'><strong>ac</strong></span> <span class='ocrx_word' id='word_1_488' title='bbox 1768 3862 1962 3916; x_wconf 86' lang='lat' dir='ltr'><strong>iterum</strong></span> <span class='ocrx_word' id='word_1_489' title='bbox 1989 3862 2156 3931; x_wconf 86' lang='lat' dir='ltr'><strong>ipsius</strong></span> 
     </span>
    </p>
   </div>
   <div class='ocr_carea' id='block_1_69' title="bbox 575 3954 2154 4025">
    <p class='ocr_par' dir='ltr' id='par_1_69' title="bbox 575 3954 2154 4025">
     <span class='ocr_line' id='line_1_69' title="bbox 575 3954 2154 4025; baseline 0.001 -18"><span class='ocrx_word' id='word_1_490' title='bbox 575 3955 1038 4024; x_wconf 77' lang='lat' dir='ltr'><strong>exspirationibus</strong></span> <span class='ocrx_word' id='word_1_491' title='bbox 1068 3956 1134 4009; x_wconf 91' lang='lat' dir='ltr'><strong>ad</strong></span> <span class='ocrx_word' id='word_1_492' title='bbox 1177 3955 1452 4025; x_wconf 86' lang='lat' dir='ltr'><strong>propriam</strong></span> <span class='ocrx_word' id='word_1_493' title='bbox 1503 3970 1814 4010; x_wconf 86' lang='lat' dir='ltr'><strong>mensuram</strong></span> <span class='ocrx_word' id='word_1_494' title='bbox 1851 3954 2154 4023; x_wconf 86' lang='lat' dir='ltr'><strong>impellere-</strong></span> 
     </span>
    </p>
   </div>
   <div class='ocr_carea' id='block_1_70' title="bbox 582 4045 2154 4108">
    <p class='ocr_par' dir='ltr' id='par_1_70' title="bbox 582 4045 2154 4108">
     <span class='ocr_line' id='line_1_70' title="bbox 582 4045 2154 4108; baseline 0.003 -11"><span class='ocrx_word' id='word_1_495' title='bbox 582 4059 685 4100; x_wconf 87' lang='lat' dir='ltr'><strong>tur.</strong></span> <span class='ocrx_word' id='word_1_496' title='bbox 725 4045 852 4102; x_wconf 69' lang='lat' dir='ltr'><strong>lla&#39;c</strong></span> <span class='ocrx_word' id='word_1_497' title='bbox 882 4063 912 4102; x_wconf 89' lang='lat' dir='ltr'><strong>a</strong></span> <span class='ocrx_word' id='word_1_498' title='bbox 953 4063 1039 4102; x_wconf 91' lang='lat' dir='ltr'><strong>me</strong></span> <span class='ocrx_word' id='word_1_499' title='bbox 1073 4048 1215 4103; x_wconf 91' lang='lat' dir='ltr'><strong>dicta</strong></span> <span class='ocrx_word' id='word_1_500' title='bbox 1249 4057 1392 4108; x_wconf 88' lang='lat' dir='ltr'><strong>sunt,</strong></span> <span class='ocrx_word' id='word_1_501' title='bbox 1436 4057 1495 4100; x_wconf 93' lang='lat' dir='ltr'><strong>ut</strong></span> <span class='ocrx_word' id='word_1_502' title='bbox 1528 4046 1880 4101; x_wconf 90' lang='lat' dir='ltr'><strong>luminarium</strong></span> <span class='ocrx_word' id='word_1_503' title='bbox 1928 4049 2154 4102; x_wconf 81' lang='lat' dir='ltr'><strong>deinon-</strong></span> 
     </span>
    </p>
   </div>
   <div class='ocr_carea' id='block_1_71' title="bbox 583 4142 2150 4211">
    <p class='ocr_par' dir='ltr' id='par_1_71' title="bbox 583 4142 2150 4211">
     <span class='ocr_line' id='line_1_71' title="bbox 583 4142 2150 4211; baseline 0.003 -19"><span class='ocrx_word' id='word_1_504' title='bbox 583 4149 854 4195; x_wconf 83' lang='lat' dir='ltr'><strong>straretur</strong></span> <span class='ocrx_word' id='word_1_505' title='bbox 887 4142 1232 4211; x_wconf 80' lang='lat' dir='ltr'><strong>magnitudo,</strong></span> <span class='ocrx_word' id='word_1_506' title='bbox 1269 4152 1434 4210; x_wconf 89' lang='lat' dir='ltr'><strong>utque</strong></span> <span class='ocrx_word' id='word_1_507' title='bbox 1460 4151 1740 4196; x_wconf 87' lang='lat' dir='ltr'><strong>constaret</strong></span> <span class='ocrx_word' id='word_1_508' title='bbox 1779 4142 1830 4195; x_wconf 91' lang='lat' dir='ltr'><strong>in</strong></span> <span class='ocrx_word' id='word_1_509' title='bbox 1868 4143 2047 4197; x_wconf 79' lang='lat' dir='ltr'><strong>verbis</strong></span> <span class='ocrx_word' id='word_1_510' title='bbox 2067 4144 2150 4197; x_wconf 86' lang='lat' dir='ltr'><strong>di-</strong></span> 
     </span>
    </p>
   </div>
   <div class='ocr_carea' id='block_1_72' title="bbox 574 4232 2155 4304">
    <p class='ocr_par' dir='ltr' id='par_1_72' title="bbox 574 4232 2155 4304">
     <span class='ocr_line' id='line_1_72' title="bbox 574 4232 2155 4304; baseline 0.003 -21"><span class='ocrx_word' id='word_1_511' title='bbox 574 4233 777 4288; x_wconf 77' lang='lat' dir='ltr'><strong>vinitus</strong></span> <span class='ocrx_word' id='word_1_512' title='bbox 822 4232 1104 4302; x_wconf 88' lang='lat' dir='ltr'><strong>inspiratis</strong></span> <span class='ocrx_word' id='word_1_513' title='bbox 1142 4248 1210 4287; x_wconf 90' lang='lat' dir='ltr'><strong>ne</strong></span> <span class='ocrx_word' id='word_1_514' title='bbox 1246 4232 1412 4287; x_wconf 88' lang='lat' dir='ltr'><strong>ullam</strong></span> <span class='ocrx_word' id='word_1_515' title='bbox 1451 4233 1672 4303; x_wconf 89' lang='lat' dir='ltr'><strong>quidem</strong></span> <span class='ocrx_word' id='word_1_516' title='bbox 1715 4234 1979 4304; x_wconf 86' lang='lat' dir='ltr'><strong>syllabam</strong></span> <span class='ocrx_word' id='word_1_517' title='bbox 2032 4249 2155 4291; x_wconf 87' lang='lat' dir='ltr'><strong>esse</strong></span> 
     </span>
    </p>
   </div>
   <div class='ocr_carea' id='block_1_73' title="bbox 570 4325 2151 4396">
    <p class='ocr_par' dir='ltr' id='par_1_73' title="bbox 570 4325 2151 4396">
     <span class='ocr_line' id='line_1_73' title="bbox 570 4325 2151 4396; baseline 0.003 -17"><span class='ocrx_word' id='word_1_518' title='bbox 570 4325 803 4382; x_wconf 90' lang='lat' dir='ltr'><strong>otiosam</strong></span> <span class='ocrx_word' id='word_1_519' title='bbox 835 4344 848 4380; x_wconf 90' lang='lat'><strong>:</strong></span> <span class='ocrx_word' id='word_1_520' title='bbox 881 4341 1190 4396; x_wconf 85' lang='lat' dir='ltr'><strong>quanquam</strong></span> <span class='ocrx_word' id='word_1_521' title='bbox 1223 4326 1338 4381; x_wconf 83' lang='lat' dir='ltr'><strong>fere</strong></span> <span class='ocrx_word' id='word_1_522' title='bbox 1367 4328 1501 4381; x_wconf 87' lang='lat' dir='ltr'><strong>nihil</strong></span> <span class='ocrx_word' id='word_1_523' title='bbox 1519 4343 1709 4382; x_wconf 91' lang='lat' dir='ltr'><strong>eorum</strong></span> <span class='ocrx_word' id='word_1_524' title='bbox 1753 4343 1873 4395; x_wconf 69' lang='lat' dir='ltr'><strong>qua:</strong></span> <span class='ocrx_word' id='word_1_525' title='bbox 1897 4329 2151 4384; x_wconf 90' lang='lat' dir='ltr'><strong>momenti</strong></span> 
     </span>
    </p>
   </div>
   <div class='ocr_carea' id='block_1_74' title="bbox 573 4418 2152 4489">
    <p class='ocr_par' dir='ltr' id='par_1_74' title="bbox 573 4418 2152 4489">
     <span class='ocr_line' id='line_1_74' title="bbox 573 4418 2152 4489; baseline 0.003 -19"><span class='ocrx_word' id='word_1_526' title='bbox 573 4418 804 4489; x_wconf 82' lang='lat' dir='ltr'><strong>alicujus</strong></span> <span class='ocrx_word' id='word_1_527' title='bbox 830 4429 956 4474; x_wconf 89' lang='lat' dir='ltr'><strong>sunt</strong></span> <span class='ocrx_word' id='word_1_528' title='bbox 995 4435 1060 4474; x_wconf 87' lang='lat' dir='ltr'><strong>ac</strong></span> <span class='ocrx_word' id='word_1_529' title='bbox 1109 4419 1495 4489; x_wconf 88' lang='lat' dir='ltr'><strong>principaliora</strong></span> <span class='ocrx_word' id='word_1_530' title='bbox 1522 4461 1536 4485; x_wconf 89' lang='lat'><strong>,</strong></span> <span class='ocrx_word' id='word_1_531' title='bbox 1586 4420 1764 4475; x_wconf 86' lang='lat' dir='ltr'><strong>oratio</strong></span> <span class='ocrx_word' id='word_1_532' title='bbox 1799 4432 1984 4474; x_wconf 88' lang='lat' dir='ltr'><strong>nostra</strong></span> <span class='ocrx_word' id='word_1_533' title='bbox 2026 4421 2152 4475; x_wconf 91' lang='lat' dir='ltr'><strong>atti-</strong></span> 
     </span>
    </p>
   </div>
   <div class='ocr_carea' id='block_1_75' title="bbox 572 4513 2151 4582">
    <p class='ocr_par' dir='ltr' id='par_1_75' title="bbox 572 4513 2151 4582">
     <span class='ocr_line' id='line_1_75' title="bbox 572 4513 2151 4582; baseline 0.001 -17"><span class='ocrx_word' id='word_1_534' title='bbox 572 4515 650 4576; x_wconf 75' lang='lat' dir='ltr'><strong>git</strong></span> <span class='ocrx_word' id='word_1_535' title='bbox 686 4532 696 4566; x_wconf 89' lang='lat'>:</span> <span class='ocrx_word' id='word_1_536' title='bbox 736 4513 886 4580; x_wconf 87' lang='lat' dir='ltr'><strong>plura</strong></span> <span class='ocrx_word' id='word_1_537' title='bbox 913 4527 1147 4582; x_wconf 87' lang='lat' dir='ltr'><strong>namque</strong></span> <span class='ocrx_word' id='word_1_538' title='bbox 1175 4513 1241 4566; x_wconf 91' lang='lat' dir='ltr'><strong>de</strong></span> <span class='ocrx_word' id='word_1_539' title='bbox 1265 4513 1660 4581; x_wconf 74' lang='lat' dir='ltr'><strong>magnitudine,</strong></span> <span class='ocrx_word' id='word_1_540' title='bbox 1678 4513 1850 4582; x_wconf 89' lang='lat' dir='ltr'><strong>deque</strong></span> <span class='ocrx_word' id='word_1_541' title='bbox 1879 4513 2151 4567; x_wconf 86' lang='lat' dir='ltr'><strong>distantiis</strong></span> 
     </span>
    </p>
   </div>
   <div class='ocr_carea' id='block_1_76' title="bbox 574 4602 2146 4671">
    <p class='ocr_par' dir='ltr' id='par_1_76' title="bbox 574 4602 2146 4671">
     <span class='ocr_line' id='line_1_76' title="bbox 574 4602 2146 4671; baseline 0.001 -17"><span class='ocrx_word' id='word_1_542' title='bbox 574 4603 706 4657; x_wconf 80' lang='lat' dir='ltr'><strong>solis</strong></span> <span class='ocrx_word' id='word_1_543' title='bbox 738 4618 802 4656; x_wconf 90' lang='lat' dir='ltr'><strong>ac</strong></span> <span class='ocrx_word' id='word_1_544' title='bbox 834 4602 976 4656; x_wconf 80' lang='lat' dir='ltr'><strong>luna:</strong></span> <span class='ocrx_word' id='word_1_545' title='bbox 1003 4603 1381 4658; x_wconf 81' lang='lat' dir='ltr'><strong>ratiocinando</strong></span> <span class='ocrx_word' id='word_1_546' title='bbox 1417 4604 1730 4671; x_wconf 79' lang='lat' dir='ltr'><strong>excogitare</strong></span> <span class='ocrx_word' id='word_1_547' title='bbox 1772 4603 1994 4670; x_wconf 89' lang='lat' dir='ltr'><strong>poterit,</strong></span> <span class='ocrx_word' id='word_1_548' title='bbox 2055 4602 2146 4670; x_wconf 90' lang='lat' dir='ltr'><strong>qui</strong></span> 
     </span>
    </p>
   </div>
   <div class='ocr_carea' id='block_1_77' title="bbox 2259 3397 3836 3476">
    <p class='ocr_par' dir='ltr' id='par_1_77' title="bbox 2259 3397 3836 3476">
     <span class='ocr_line' id='line_1_77' title="bbox 2259 3397 3836 3476; baseline -0.006 -19"><span class='ocrx_word' id='word_1_549' title='bbox 2259 3405 2405 3476; x_wconf 82' lang='grc' dir='ltr'>σάλῳ</span> <span class='ocrx_word' id='word_1_550' title='bbox 2447 3404 2541 3458; x_wconf 82' lang='grc' dir='ltr'>καὶ</span> <span class='ocrx_word' id='word_1_551' title='bbox 2592 3401 2928 3456; x_wconf 84' lang='grc' dir='ltr'>ταλαντώσει</span> <span class='ocrx_word' id='word_1_552' title='bbox 2976 3401 3216 3471; x_wconf 85' lang='grc' dir='ltr'>διηνεκεῖ</span> <span class='ocrx_word' id='word_1_553' title='bbox 3265 3398 3688 3469; x_wconf 85' lang='grc' dir='ltr'>καθεστήκασιν,</span> <span class='ocrx_word' id='word_1_554' title='bbox 3734 3397 3836 3458; x_wconf 77' lang='grc' dir='ltr'><strong>ἕως</strong></span> 
     </span>
    </p>
   </div>
   <div class='ocr_carea' id='block_1_78' title="bbox 2257 3488 3835 3566">
    <p class='ocr_par' dir='ltr' id='par_1_78' title="bbox 2257 3488 3835 3566">
     <span class='ocr_line' id='line_1_78' title="bbox 2257 3488 3835 3566; baseline -0.008 -15"><span class='ocrx_word' id='word_1_555' title='bbox 2257 3497 2342 3561; x_wconf 84' lang='grc' dir='ltr'><strong>ἂν,</strong></span> <span class='ocrx_word' id='word_1_556' title='bbox 2380 3498 2675 3566; x_wconf 85' lang='grc' dir='ltr'>ὲκφανεῖσα</span> <span class='ocrx_word' id='word_1_557' title='bbox 2715 3494 2907 3558; x_wconf 87' lang='grc' dir='ltr'>πάλιν,</span> <span class='ocrx_word' id='word_1_558' title='bbox 2941 3491 3262 3548; x_wconf 82' lang='grc' dir='ltr'>ἀκολουθίαν</span> <span class='ocrx_word' id='word_1_559' title='bbox 3293 3489 3413 3544; x_wconf 89' lang='grc' dir='ltr'><strong>τινά</strong></span> <span class='ocrx_word' id='word_1_560' title='bbox 3446 3493 3510 3560; x_wconf 77' lang='grc' dir='ltr'>τῇ</span> <span class='ocrx_word' id='word_1_561' title='bbox 3548 3488 3835 3560; x_wconf 66' lang='grc' dir='ltr'>παλιρροία</span> 
     </span>
    </p>
   </div>
   <div class='ocr_carea' id='block_1_79' title="bbox 2259 3580 3838 3660">
    <p class='ocr_par' dir='ltr' id='par_1_79' title="bbox 2259 3580 3838 3660">
     <span class='ocr_line' id='line_1_79' title="bbox 2259 3580 3838 3660; baseline -0.007 -17"><span class='ocrx_word' id='word_1_562' title='bbox 2259 3589 2629 3660; x_wconf 82' lang='grc' dir='ltr'>παράσχηται.</span> <span class='ocrx_word' id='word_1_563' title='bbox 2679 3587 2744 3639; x_wconf 85' lang='grc' dir='ltr'><strong>Ἦ</strong></span> <span class='ocrx_word' id='word_1_564' title='bbox 2782 3585 2840 3640; x_wconf 80' lang='grc' dir='ltr'>δὲ</span> <span class='ocrx_word' id='word_1_565' title='bbox 2882 3585 3122 3655; x_wconf 48' lang='grc' dir='ltr'>έσπερίαλ</span> <span class='ocrx_word' id='word_1_566' title='bbox 3146 3585 3390 3638; x_wconf 89' lang='grc' dir='ltr'>θάλασσα</span> <span class='ocrx_word' id='word_1_567' title='bbox 3422 3582 3522 3646; x_wconf 79' lang='grc' dir='ltr'><strong>τὰς</strong></span> <span class='ocrx_word' id='word_1_568' title='bbox 3555 3580 3838 3652; x_wconf 80' lang='grc' dir='ltr'>ἀμπώτεις</span> 
     </span>
    </p>
   </div>
   <div class='ocr_carea' id='block_1_80' title="bbox 2259 3672 3836 3752">
    <p class='ocr_par' dir='ltr' id='par_1_80' title="bbox 2259 3672 3836 3752">
     <span class='ocr_line' id='line_1_80' title="bbox 2259 3672 3836 3752; baseline -0.008 -15"><span class='ocrx_word' id='word_1_569' title='bbox 2259 3683 2570 3752; x_wconf 83' lang='grc' dir='ltr'>ὑφίσταται,</span> <span class='ocrx_word' id='word_1_570' title='bbox 2605 3672 2699 3733; x_wconf 69' lang='grc' dir='ltr'>νῦν</span> <span class='ocrx_word' id='word_1_571' title='bbox 2739 3680 2836 3750; x_wconf 85' lang='grc' dir='ltr'><strong>μὲν</strong></span> <span class='ocrx_word' id='word_1_572' title='bbox 2866 3676 3237 3731; x_wconf 81' lang='grc' dir='ltr'>ὑπονοστοῦσα</span> <span class='ocrx_word' id='word_1_573' title='bbox 3274 3676 3408 3747; x_wconf 86' lang='grc'>(70),</span> <span class='ocrx_word' id='word_1_574' title='bbox 3446 3674 3605 3729; x_wconf 87' lang='grc' dir='ltr'>πάλιν</span> <span class='ocrx_word' id='word_1_575' title='bbox 3631 3673 3686 3725; x_wconf 80' lang='grc' dir='ltr'><strong>δὲ</strong></span> <span class='ocrx_word' id='word_1_576' title='bbox 3718 3674 3836 3725; x_wconf 79' lang='grc' dir='ltr'>ἐπι-</span> 
     </span>
    </p>
   </div>
   <div class='ocr_carea' id='block_1_81' title="bbox 2257 3766 3832 3844">
    <p class='ocr_par' dir='ltr' id='par_1_81' title="bbox 2257 3766 3832 3844">
     <span class='ocr_line' id='line_1_81' title="bbox 2257 3766 3832 3844; baseline -0.007 -16"><span class='ocrx_word' id='word_1_577' title='bbox 2257 3775 2544 3839; x_wconf 80' lang='grc' dir='ltr'>κλύζουσα,</span> <span class='ocrx_word' id='word_1_578' title='bbox 2571 3771 2758 3844; x_wconf 83' lang='grc' dir='ltr'>ὥσπερ</span> <span class='ocrx_word' id='word_1_579' title='bbox 2787 3771 3080 3835; x_wconf 83' lang='grc' dir='ltr'>ἀναπνοαῖς</span> <span class='ocrx_word' id='word_1_580' title='bbox 3108 3770 3210 3840; x_wconf 86' lang='grc' dir='ltr'><strong>τῆς</strong></span> <span class='ocrx_word' id='word_1_581' title='bbox 3235 3768 3461 3840; x_wconf 82' lang='grc' dir='ltr'>σελήνης</span> <span class='ocrx_word' id='word_1_582' title='bbox 3494 3766 3832 3837; x_wconf 75' lang='grc' dir='ltr'>ὑφελκομένη</span> 
     </span>
    </p>
   </div>
   <div class='ocr_carea' id='block_1_82' title="bbox 2258 3857 3834 3938">
    <p class='ocr_par' dir='ltr' id='par_1_82' title="bbox 2258 3857 3834 3938">
     <span class='ocr_line' id='line_1_82' title="bbox 2258 3857 3834 3938; baseline -0.009 -17"><span class='ocrx_word' id='word_1_583' title='bbox 2258 3869 2392 3938; x_wconf 83' lang='grc' dir='ltr'>πρὸς</span> <span class='ocrx_word' id='word_1_584' title='bbox 2424 3867 2486 3919; x_wconf 85' lang='grc' dir='ltr'><strong>τὸ</strong></span> <span class='ocrx_word' id='word_1_585' title='bbox 2507 3866 2703 3929; x_wconf 78' lang='grc' dir='ltr'>ὀπίσω,</span> <span class='ocrx_word' id='word_1_586' title='bbox 2741 3865 2838 3918; x_wconf 74' lang='grc' dir='ltr'><strong>καὶ</strong></span> <span class='ocrx_word' id='word_1_587' title='bbox 2864 3863 3024 3917; x_wconf 87' lang='grc' dir='ltr'>πάλιν</span> <span class='ocrx_word' id='word_1_588' title='bbox 3053 3863 3172 3924; x_wconf 88' lang='grc' dir='ltr'>ταῖς</span> <span class='ocrx_word' id='word_1_589' title='bbox 3204 3862 3298 3913; x_wconf 85' lang='grc' dir='ltr'>ἀπ’</span> <span class='ocrx_word' id='word_1_590' title='bbox 3333 3859 3502 3930; x_wconf 84' lang='grc' dir='ltr'>αὑτῆς</span> <span class='ocrx_word' id='word_1_591' title='bbox 3536 3857 3834 3919; x_wconf 59' lang='grc' dir='ltr'>ἓκπνοίαις,</span> 
     </span>
    </p>
   </div>
   <div class='ocr_carea' id='block_1_83' title="bbox 2256 3949 3836 4024">
    <p class='ocr_par' dir='ltr' id='par_1_83' title="bbox 2256 3949 3836 4024">
     <span class='ocr_line' id='line_1_83' title="bbox 2256 3949 3836 4024; baseline -0.006 -15"><span class='ocrx_word' id='word_1_592' title='bbox 2256 3958 2334 4019; x_wconf 89' lang='grc' dir='ltr'>εἰς</span> <span class='ocrx_word' id='word_1_593' title='bbox 2355 3956 2415 4008; x_wconf 86' lang='grc' dir='ltr'><strong>τὸ</strong></span> <span class='ocrx_word' id='word_1_594' title='bbox 2441 3956 2640 4006; x_wconf 74' lang='grc' dir='ltr'>οἰκεῖον</span> <span class='ocrx_word' id='word_1_595' title='bbox 2674 3954 2872 4024; x_wconf 88' lang='grc' dir='ltr'>μέτρον</span> <span class='ocrx_word' id='word_1_596' title='bbox 2904 3950 3317 4024; x_wconf 87' lang='grc' dir='ltr'>προωθουμένη.</span> <span class='ocrx_word' id='word_1_597' title='bbox 3349 3949 3531 4004; x_wconf 77' lang='grc' dir='ltr'>Ταῦτά</span> <span class='ocrx_word' id='word_1_598' title='bbox 3556 3966 3644 4019; x_wconf 89' lang='grc' dir='ltr'><strong>μοι</strong></span> <span class='ocrx_word' id='word_1_599' title='bbox 3687 3950 3836 4018; x_wconf 78' lang='grc' dir='ltr'>εἴρη-</span> 
     </span>
    </p>
   </div>
   <div class='ocr_carea' id='block_1_84' title="bbox 2255 4041 3834 4120">
    <p class='ocr_par' dir='ltr' id='par_1_84' title="bbox 2255 4041 3834 4120">
     <span class='ocr_line' id='line_1_84' title="bbox 2255 4041 3834 4120; baseline -0.004 -19"><span class='ocrx_word' id='word_1_600' title='bbox 2255 4066 2343 4102; x_wconf 88' lang='grc' dir='ltr'><strong>ται</strong></span> <span class='ocrx_word' id='word_1_601' title='bbox 2373 4046 2509 4120; x_wconf 81' lang='grc' dir='ltr'>πρὸς</span> <span class='ocrx_word' id='word_1_602' title='bbox 2541 4046 2817 4111; x_wconf 81' lang='grc' dir='ltr'>ἀπόδειξιν</span> <span class='ocrx_word' id='word_1_603' title='bbox 2856 4046 2949 4099; x_wconf 84' lang='grc' dir='ltr'>τοῦ</span> <span class='ocrx_word' id='word_1_604' title='bbox 2995 4045 3136 4099; x_wconf 88' lang='grc' dir='ltr'><strong>κατά</strong></span> <span class='ocrx_word' id='word_1_605' title='bbox 3171 4045 3295 4108; x_wconf 80' lang='grc' dir='ltr'>τοὺς</span> <span class='ocrx_word' id='word_1_606' title='bbox 3332 4043 3624 4114; x_wconf 82' lang='grc' dir='ltr'>φωστῆρας</span> <span class='ocrx_word' id='word_1_607' title='bbox 3673 4041 3834 4112; x_wconf 83' lang='grc' dir='ltr'>μεγέ-</span> 
     </span>
    </p>
   </div>
   <div class='ocr_carea' id='block_1_85' title="bbox 2257 4133 3836 4209">
    <p class='ocr_par' dir='ltr' id='par_1_85' title="bbox 2257 4133 3836 4209">
     <span class='ocr_line' id='line_1_85' title="bbox 2257 4133 3836 4209; baseline -0.005 -16"><span class='ocrx_word' id='word_1_608' title='bbox 2257 4141 2403 4205; x_wconf 85' lang='grc' dir='ltr'>θους,</span> <span class='ocrx_word' id='word_1_609' title='bbox 2445 4140 2541 4192; x_wconf 77' lang='grc' dir='ltr'><strong>καὶ</strong></span> <span class='ocrx_word' id='word_1_610' title='bbox 2575 4139 2836 4194; x_wconf 86' lang='grc' dir='ltr'>σύστασιν</span> <span class='ocrx_word' id='word_1_611' title='bbox 2861 4137 2955 4192; x_wconf 79' lang='grc' dir='ltr'>τοῦ</span> <span class='ocrx_word' id='word_1_612' title='bbox 2998 4138 3131 4209; x_wconf 79' lang='grc' dir='ltr'>μηδὲ</span> <span class='ocrx_word' id='word_1_613' title='bbox 3167 4137 3329 4208; x_wconf 89' lang='grc' dir='ltr'>μέχρι</span> <span class='ocrx_word' id='word_1_614' title='bbox 3366 4136 3632 4206; x_wconf 77' lang='grc' dir='ltr'>συλλαϐῆς</span> <span class='ocrx_word' id='word_1_615' title='bbox 3665 4133 3836 4205; x_wconf 86' lang='grc' dir='ltr'>ἀργόν</span> 
     </span>
    </p>
   </div>
   <div class='ocr_carea' id='block_1_86' title="bbox 2255 4227 3835 4302">
    <p class='ocr_par' dir='ltr' id='par_1_86' title="bbox 2255 4227 3835 4302">
     <span class='ocr_line' id='line_1_86' title="bbox 2255 4227 3835 4302; baseline -0.006 -13"><span class='ocrx_word' id='word_1_616' title='bbox 2255 4253 2308 4288; x_wconf 88' lang='grc' dir='ltr'><strong>τι</strong></span> <span class='ocrx_word' id='word_1_617' title='bbox 2337 4231 2475 4288; x_wconf 76' lang='grc' dir='ltr'>εἶναι</span> <span class='ocrx_word' id='word_1_618' title='bbox 2499 4235 2607 4288; x_wconf 86' lang='grc' dir='ltr'><strong>τῶν</strong></span> <span class='ocrx_word' id='word_1_619' title='bbox 2642 4231 3015 4287; x_wconf 86' lang='grc' dir='ltr'>θεοπνεύστων</span> <span class='ocrx_word' id='word_1_620' title='bbox 3053 4231 3346 4302; x_wconf 78' lang='grc' dir='ltr'>ρημάτων’</span> <span class='ocrx_word' id='word_1_621' title='bbox 3393 4230 3568 4283; x_wconf 86' lang='grc' dir='ltr'>καίτοι</span> <span class='ocrx_word' id='word_1_622' title='bbox 3595 4245 3656 4297; x_wconf 90' lang='grc' dir='ltr'><strong>γε</strong></span> <span class='ocrx_word' id='word_1_623' title='bbox 3687 4227 3835 4280; x_wconf 82' lang='grc' dir='ltr'>οὐδε-</span> 
     </span>
    </p>
   </div>
   <div class='ocr_carea' id='block_1_87' title="bbox 2257 4326 3835 4402">
    <p class='ocr_par' dir='ltr' id='par_1_87' title="bbox 2257 4326 3835 4402">
     <span class='ocr_line' id='line_1_87' title="bbox 2257 4326 3835 4402; baseline -0.004 -18"><span class='ocrx_word' id='word_1_624' title='bbox 2257 4331 2343 4396; x_wconf 72' lang='grc' dir='ltr'><strong>νὸς</strong></span> <span class='ocrx_word' id='word_1_625' title='bbox 2383 4330 2558 4402; x_wconf 78' lang='grc' dir='ltr'>ἥψατο</span> <span class='ocrx_word' id='word_1_626' title='bbox 2595 4329 2778 4401; x_wconf 83' lang='grc' dir='ltr'>σχεδὸν</span> <span class='ocrx_word' id='word_1_627' title='bbox 2815 4329 2924 4382; x_wconf 80' lang='grc' dir='ltr'>τῶν</span> <span class='ocrx_word' id='word_1_628' title='bbox 2955 4329 3184 4399; x_wconf 84' lang='grc' dir='ltr'>καιρίων</span> <span class='ocrx_word' id='word_1_629' title='bbox 3224 4330 3252 4381; x_wconf 85' lang='grc' dir='ltr'>ὁ</span> <span class='ocrx_word' id='word_1_630' title='bbox 3283 4329 3468 4396; x_wconf 81' lang='grc' dir='ltr'>λόγος·</span> <span class='ocrx_word' id='word_1_631' title='bbox 3513 4327 3684 4379; x_wconf 80' lang='grc' dir='ltr'>πολλὰ</span> <span class='ocrx_word' id='word_1_632' title='bbox 3725 4326 3835 4397; x_wconf 72' lang='grc' dir='ltr'><strong>γάρ</strong></span> 
     </span>
    </p>
   </div>
   <div class='ocr_carea' id='block_1_88' title="bbox 2258 4419 3836 4497">
    <p class='ocr_par' dir='ltr' id='par_1_88' title="bbox 2258 4419 3836 4497">
     <span class='ocr_line' id='line_1_88' title="bbox 2258 4419 3836 4497; baseline -0.005 -19"><span class='ocrx_word' id='word_1_633' title='bbox 2258 4426 2384 4497; x_wconf 60' lang='grc' dir='ltr'><strong>περὶ⁵</strong></span> <span class='ocrx_word' id='word_1_634' title='bbox 2421 4424 2666 4496; x_wconf 84' lang='grc' dir='ltr'>μεγεθῶν</span> <span class='ocrx_word' id='word_1_635' title='bbox 2705 4423 2796 4477; x_wconf 72' lang='grc' dir='ltr'>καὶ</span> <span class='ocrx_word' id='word_1_636' title='bbox 2833 4423 3238 4492; x_wconf 84' lang='grc' dir='ltr'>ἀποστημάτων</span> <span class='ocrx_word' id='word_1_637' title='bbox 3282 4421 3431 4490; x_wconf 82' lang='grc' dir='ltr'>ἡλίου</span> <span class='ocrx_word' id='word_1_638' title='bbox 3477 4421 3570 4473; x_wconf 75' lang='grc' dir='ltr'><strong>καὶ</strong></span> <span class='ocrx_word' id='word_1_639' title='bbox 3609 4419 3836 4490; x_wconf 83' lang='grc' dir='ltr'>σελήνης</span> 
     </span>
    </p>
   </div>
   <div class='ocr_carea' id='block_1_89' title="bbox 2257 4510 3839 4588">
    <p class='ocr_par' dir='ltr' id='par_1_89' title="bbox 2257 4510 3839 4588">
     <span class='ocr_line' id='line_1_89' title="bbox 2257 4510 3839 4588; baseline -0.007 -16"><span class='ocrx_word' id='word_1_640' title='bbox 2257 4520 2401 4572; x_wconf 81' lang='grc' dir='ltr'>ἔστιν</span> <span class='ocrx_word' id='word_1_641' title='bbox 2443 4518 2681 4588; x_wconf 76' lang='grc' dir='ltr'>ἐξευρεῖν</span> <span class='ocrx_word' id='word_1_642' title='bbox 2721 4518 2828 4578; x_wconf 85' lang='grc' dir='ltr'>τοῖς</span> <span class='ocrx_word' id='word_1_643' title='bbox 2875 4515 3156 4583; x_wconf 85' lang='grc' dir='ltr'>λογισμοῖς</span> <span class='ocrx_word' id='word_1_644' title='bbox 3183 4513 3272 4565; x_wconf 78' lang='grc' dir='ltr'><strong>τὸν</strong></span> <span class='ocrx_word' id='word_1_645' title='bbox 3304 4511 3378 4583; x_wconf 83' lang='grc' dir='ltr'>μὴ</span> <span class='ocrx_word' id='word_1_646' title='bbox 3413 4512 3706 4581; x_wconf 80' lang='grc' dir='ltr'>παρέργως</span> <span class='ocrx_word' id='word_1_647' title='bbox 3738 4510 3839 4571; x_wconf 74' lang='grc' dir='ltr'>τὰς</span> 
     </span>
    </p>
   </div>
   <div class='ocr_carea' id='block_1_90' title="bbox 2255 4604 3836 4684">
    <p class='ocr_par' dir='ltr' id='par_1_90' title="bbox 2255 4604 3836 4684">
     <span class='ocr_line' id='line_1_90' title="bbox 2255 4604 3836 4684; baseline -0.007 -19"><span class='ocrx_word' id='word_1_648' title='bbox 2255 4612 2532 4684; x_wconf 78' lang='grc' dir='ltr'>ἐνεργείας</span> <span class='ocrx_word' id='word_1_649' title='bbox 2579 4609 2757 4664; x_wconf 80' lang='grc' dir='ltr'>αὐτῶν</span> <span class='ocrx_word' id='word_1_650' title='bbox 2812 4609 2904 4661; x_wconf 75' lang='grc' dir='ltr'><strong>καὶ</strong></span> <span class='ocrx_word' id='word_1_651' title='bbox 2955 4607 3052 4670; x_wconf 81' lang='grc' dir='ltr'><strong>τάς</strong></span> <span class='ocrx_word' id='word_1_652' title='bbox 3106 4606 3360 4676; x_wconf 82' lang='grc' dir='ltr'>δυνάμεις</span> <span class='ocrx_word' id='word_1_653' title='bbox 3403 4604 3836 4672; x_wconf 75' lang='grc' dir='ltr'>ἐπεσκεμμένον.</span> 
     </span>
    </p>
   </div>
   <div class='ocr_carea' id='block_1_91' title="bbox 574 4686 2152 4779">
    <p class='ocr_par' dir='ltr' id='par_1_91' title="bbox 574 4686 2150 4764">
     <span class='ocr_line' id='line_1_91' title="bbox 574 4686 2150 4764; baseline 0 -17"><span class='ocrx_word' id='word_1_654' title='bbox 574 4696 682 4748; x_wconf 80' lang='lat' dir='ltr'><strong>vim</strong></span> <span class='ocrx_word' id='word_1_655' title='bbox 705 4704 760 4749; x_wconf 87' lang='lat' dir='ltr'><strong>et</strong></span> <span class='ocrx_word' id='word_1_656' title='bbox 787 4695 1042 4750; x_wconf 84' lang='lat' dir='ltr'><strong>virtutem</strong></span> <span class='ocrx_word' id='word_1_657' title='bbox 1075 4710 1265 4750; x_wconf 87' lang='lat' dir='ltr'><strong>eorum</strong></span> <span class='ocrx_word' id='word_1_658' title='bbox 1293 4695 1433 4749; x_wconf 88' lang='lat' dir='ltr'><strong>baud</strong></span> <span class='ocrx_word' id='word_1_659' title='bbox 1458 4686 1834 4764; x_wconf 77' lang='lat' dir='ltr'><strong>perfunctorie</strong></span> <span class='ocrx_word' id='word_1_660' title='bbox 1878 4697 2150 4763; x_wconf 77' lang='lat' dir='ltr'><strong>expende-</strong></span> 
     </span>
    </p>
   </div>
   <div class='ocr_carea' id='block_1_92' title="bbox 2257 4686 3840 4779">
    <p class='ocr_par' dir='ltr' id='par_1_92' title="bbox 2262 4697 3840 4775">
     <span class='ocr_line' id='line_1_92' title="bbox 2262 4697 3840 4775; baseline -0.007 -16"><span class='ocrx_word' id='word_1_661' title='bbox 2262 4705 2628 4775; x_wconf 81' lang='grc' dir='ltr'>Εὑγνωμόνως</span> <span class='ocrx_word' id='word_1_662' title='bbox 2654 4699 2745 4756; x_wconf 80' lang='grc' dir='ltr'>οὖν</span> <span class='ocrx_word' id='word_1_663' title='bbox 2791 4703 2870 4755; x_wconf 86' lang='grc' dir='ltr'><strong>δεῖ</strong></span> <span class='ocrx_word' id='word_1_664' title='bbox 2902 4703 3231 4771; x_wconf 82' lang='grc' dir='ltr'>κατηγορεῖν</span> <span class='ocrx_word' id='word_1_665' title='bbox 3273 4701 3418 4769; x_wconf 77' lang='grc' dir='ltr'>ἡμᾶς</span> <span class='ocrx_word' id='word_1_666' title='bbox 3455 4699 3566 4766; x_wconf 82' lang='lat' dir='ltr'><strong>(7i)</strong></span> <span class='ocrx_word' id='word_1_667' title='bbox 3596 4699 3697 4775; x_wconf 77' lang='grc' dir='ltr'><strong>τῆς</strong></span> <span class='ocrx_word' id='word_1_668' title='bbox 3720 4697 3840 4748; x_wconf 83' lang='grc' dir='ltr'>ἐαυ-</span> 
     </span>
    </p>
   </div>
   <div class='ocr_carea' id='block_1_93' title="bbox 577 4788 2145 4856">
    <p class='ocr_par' dir='ltr' id='par_1_93' title="bbox 577 4788 2145 4856">
     <span class='ocr_line' id='line_1_93' title="bbox 577 4788 2145 4856; baseline 0.002 -18"><span class='ocrx_word' id='word_1_669' title='bbox 577 4789 664 4842; x_wconf 88' lang='lat' dir='ltr'><strong>rit.</strong></span> <span class='ocrx_word' id='word_1_670' title='bbox 695 4788 877 4856; x_wconf 87' lang='lat' dir='ltr'><strong>Itaque</strong></span> <span class='ocrx_word' id='word_1_671' title='bbox 929 4790 1161 4855; x_wconf 71' lang='lat' dir='ltr'><strong>ingenue</strong></span> <span class='ocrx_word' id='word_1_672' title='bbox 1198 4788 1509 4842; x_wconf 85' lang='lat' dir='ltr'><strong>accusanda</strong></span> <span class='ocrx_word' id='word_1_673' title='bbox 1555 4797 1638 4840; x_wconf 86' lang='lat' dir='ltr'><strong>est</strong></span> <span class='ocrx_word' id='word_1_674' title='bbox 1684 4797 1867 4842; x_wconf 83' lang='lat' dir='ltr'><strong>nostra</strong></span> <span class='ocrx_word' id='word_1_675' title='bbox 1905 4789 2145 4856; x_wconf 88' lang='lat' dir='ltr'><strong>ipsorum</strong></span> 
     </span>
    </p>
   </div>
   <div class='ocr_carea' id='block_1_94' title="bbox 575 4879 2147 4951">
    <p class='ocr_par' dir='ltr' id='par_1_94' title="bbox 575 4879 2147 4951">
     <span class='ocr_line' id='line_1_94' title="bbox 575 4879 2147 4951; baseline 0.001 -19"><span class='ocrx_word' id='word_1_676' title='bbox 575 4881 941 4946; x_wconf 87' lang='lat' dir='ltr'><strong>imbecillitas,</strong></span> <span class='ocrx_word' id='word_1_677' title='bbox 972 4899 1038 4939; x_wconf 88' lang='lat' dir='ltr'><strong>ne</strong></span> <span class='ocrx_word' id='word_1_678' title='bbox 1091 4882 1216 4951; x_wconf 88' lang='lat' dir='ltr'><strong>quis</strong></span> <span class='ocrx_word' id='word_1_679' title='bbox 1256 4881 1473 4950; x_wconf 85' lang='lat' dir='ltr'><strong>cpiticia</strong></span> <span class='ocrx_word' id='word_1_680' title='bbox 1515 4879 1752 4932; x_wconf 74' lang='lat' dir='ltr'><strong>maxima</strong></span> <span class='ocrx_word' id='word_1_681' title='bbox 1797 4881 1993 4935; x_wconf 90' lang='lat' dir='ltr'><strong>nostris</strong></span> <span class='ocrx_word' id='word_1_682' title='bbox 2029 4895 2147 4934; x_wconf 85' lang='lat' dir='ltr'><strong>ver-</strong></span> 
     </span>
    </p>
   </div>
   <div class='ocr_carea' id='block_1_95' title="bbox 640 5015 1206 5081">
    <p class='ocr_par' dir='ltr' id='par_1_95' title="bbox 640 5015 1206 5081">
     <span class='ocr_line' id='line_1_95' title="bbox 640 5015 1206 5081; baseline 0.005 -14"><span class='ocrx_word' id='word_1_683' title='bbox 640 5017 683 5046; x_wconf 79' lang='grc'><strong>⁸¹¹</strong></span> <span class='ocrx_word' id='word_1_684' title='bbox 722 5015 886 5071; x_wconf 86' lang='lat' dir='ltr'><strong>Eccli.</strong></span> <span class='ocrx_word' id='word_1_685' title='bbox 910 5031 1076 5081; x_wconf 75' lang='lat' dir='ltr'><strong>xxvu,</strong></span> <span class='ocrx_word' id='word_1_686' title='bbox 1122 5019 1206 5070; x_wconf 70' lang='lat'><strong>19..</strong></span> 
     </span>
    </p>
   </div>
   <div class='ocr_carea' id='block_1_96' title="bbox 643 5105 2155 5178">
    <p class='ocr_par' dir='ltr' id='par_1_96' title="bbox 643 5105 2155 5178">
     <span class='ocr_line' id='line_1_96' title="bbox 643 5105 2155 5178; baseline 0.001 -18"><span class='ocrx_word' id='word_1_687' title='bbox 643 5106 754 5177; x_wconf 81' lang='grc'>(67)</span> <span class='ocrx_word' id='word_1_688' title='bbox 785 5105 899 5158; x_wconf 84' lang='lat' dir='ltr'><strong>Dno</strong></span> <span class='ocrx_word' id='word_1_689' title='bbox 928 5121 1056 5178; x_wconf 85' lang='lat' dir='ltr'><strong>mss.</strong></span> <span class='ocrx_word' id='word_1_690' title='bbox 1092 5110 1180 5160; x_wconf 76' lang='grc' dir='ltr'><strong>καὶ</strong></span> <span class='ocrx_word' id='word_1_691' title='bbox 1210 5109 1382 5163; x_wconf 84' lang='grc' dir='ltr'>ταῦτα</span> <span class='ocrx_word' id='word_1_692' title='bbox 1443 5108 1620 5163; x_wconf 85' lang='grc' dir='ltr'>πάλιν.</span> <span class='ocrx_word' id='word_1_693' title='bbox 1663 5106 1805 5161; x_wconf 81' lang='lat' dir='ltr'><strong>Infra</strong></span> <span class='ocrx_word' id='word_1_694' title='bbox 1834 5107 1967 5178; x_wconf 78' lang='lat' dir='ltr'><strong>Reg.</strong></span> <span class='ocrx_word' id='word_1_695' title='bbox 1997 5111 2155 5176; x_wconf 68' lang='lat' dir='ltr'><strong>quino</strong></span> 
     </span>
    </p>
   </div>
   <div class='ocr_carea' id='block_1_97' title="bbox 569 5177 1445 5252">
    <p class='ocr_par' dir='ltr' id='par_1_97' title="bbox 569 5177 1445 5252">
     <span class='ocr_line' id='line_1_97' title="bbox 569 5177 1445 5252; baseline 0 0"><span class='ocrx_word' id='word_1_696' title='bbox 569 5190 657 5252; x_wconf 70' lang='grc' dir='ltr'>ιιιε,</span> <span class='ocrx_word' id='word_1_697' title='bbox 675 5177 1017 5252; x_wconf 54' lang='grc' dir='ltr'>εῠρνκωρίας</span> <span class='ocrx_word' id='word_1_698' title='bbox 1045 5179 1445 5252; x_wconf 67' lang='grc' dir='ltr'>πληρωμένης·</span> 
     </span>
    </p>
   </div>
   <div class='ocr_carea' id='block_1_98' title="bbox 641 5248 2154 5320">
    <p class='ocr_par' dir='ltr' id='par_1_98' title="bbox 641 5248 2154 5320">
     <span class='ocr_line' id='line_1_98' title="bbox 641 5248 2154 5320; baseline 0.002 -19"><span class='ocrx_word' id='word_1_699' title='bbox 641 5248 891 5320; x_wconf 3' lang='grc' dir='ltr'><strong>(68)(ΙΙΙιι,</strong></span> <span class='ocrx_word' id='word_1_700' title='bbox 919 5251 1014 5300; x_wconf 75' lang='grc' dir='ltr'>καὶ</span> <span class='ocrx_word' id='word_1_701' title='bbox 1044 5250 1076 5318; x_wconf 86' lang='grc' dir='ltr'><strong>ή</strong></span> <span class='ocrx_word' id='word_1_702' title='bbox 1104 5248 1230 5320; x_wconf 73' lang='grc' dir='ltr'>περὶ</span> <span class='ocrx_word' id='word_1_703' title='bbox 1255 5248 1521 5316; x_wconf 66' lang='grc' dir='ltr'>τόν,ξθι(ῐ.,</span> <span class='ocrx_word' id='word_1_704' title='bbox 1541 5251 1620 5306; x_wconf 89' lang='lat' dir='ltr'><strong>sic</strong></span> <span class='ocrx_word' id='word_1_705' title='bbox 1637 5251 1874 5320; x_wconf 76' lang='lat' dir='ltr'><strong>explicat</strong></span> <span class='ocrx_word' id='word_1_706' title='bbox 1895 5251 2031 5304; x_wconf 84' lang='lat' dir='ltr'><strong>idem</strong></span> <span class='ocrx_word' id='word_1_707' title='bbox 2066 5251 2154 5304; x_wconf 91' lang='lat' dir='ltr'><strong>illc</strong></span> 
     </span>
    </p>
   </div>
   <div class='ocr_carea' id='block_1_99' title="bbox 570 5319 2153 5391">
    <p class='ocr_par' dir='ltr' id='par_1_99' title="bbox 570 5319 2153 5391">
     <span class='ocr_line' id='line_1_99' title="bbox 570 5319 2153 5391; baseline 0.003 -24"><span class='ocrx_word' id='word_1_708' title='bbox 570 5319 724 5391; x_wconf 75' lang='lat' dir='ltr'><strong>mijus</strong></span> <span class='ocrx_word' id='word_1_709' title='bbox 747 5319 861 5391; x_wconf 85' lang='lat' dir='ltr'><strong>jam</strong></span> <span class='ocrx_word' id='word_1_710' title='bbox 895 5319 1223 5391; x_wconf 83' lang='lat' dir='ltr'><strong>mentionem</strong></span> <span class='ocrx_word' id='word_1_711' title='bbox 1249 5323 1474 5376; x_wconf 78' lang='lat' dir='ltr'><strong>fecimus</strong></span> <span class='ocrx_word' id='word_1_712' title='bbox 1497 5319 1752 5376; x_wconf 86' lang='lat' dir='ltr'><strong>librarius</strong></span> <span class='ocrx_word' id='word_1_713' title='bbox 1782 5340 1795 5374; x_wconf 91' lang='lat'><strong>:</strong></span> <span class='ocrx_word' id='word_1_714' title='bbox 1825 5322 2153 5391; x_wconf 84' lang='grc' dir='ltr'>τικτομένης</span> 
     </span>
    </p>
   </div>
   <div class='ocr_carea' id='block_1_100' title="bbox 569 5388 2152 5462">
    <p class='ocr_par' dir='ltr' id='par_1_100' title="bbox 569 5388 2152 5462">
     <span class='ocr_line' id='line_1_100' title="bbox 569 5388 2152 5462; baseline 0.001 -19"><span class='ocrx_word' id='word_1_715' title='bbox 569 5390 805 5462; x_wconf 73' lang='grc' dir='ltr'>γάρτῆς</span> <span class='ocrx_word' id='word_1_716' title='bbox 851 5388 1101 5461; x_wconf 86' lang='grc' dir='ltr'>σελήνης,</span> <span class='ocrx_word' id='word_1_717' title='bbox 1132 5391 1195 5462; x_wconf 75' lang='grc' dir='ltr'><strong>έν</strong></span> <span class='ocrx_word' id='word_1_718' title='bbox 1249 5390 1444 5462; x_wconf 80' lang='grc' dir='ltr'>ἐκείνῳ</span> <span class='ocrx_word' id='word_1_719' title='bbox 1473 5391 1551 5462; x_wconf 81' lang='grc' dir='ltr'>τῷ</span> <span class='ocrx_word' id='word_1_720' title='bbox 1593 5392 1741 5462; x_wconf 85' lang='grc' dir='ltr'>τόπῳ</span> <span class='ocrx_word' id='word_1_721' title='bbox 1782 5393 1875 5445; x_wconf 79' lang='grc' dir='ltr'>τοῦ</span> <span class='ocrx_word' id='word_1_722' title='bbox 1913 5388 2152 5445; x_wconf 80' lang='grc' dir='ltr'>ὠκεανοῦ</span> 
     </span>
    </p>
   </div>
   <div class='ocr_carea' id='block_1_101' title="bbox 568 5459 2154 5534">
    <p class='ocr_par' dir='ltr' id='par_1_101' title="bbox 568 5459 2154 5534">
     <span class='ocr_line' id='line_1_101' title="bbox 568 5459 2154 5534; baseline 0.003 -24"><span class='ocrx_word' id='word_1_723' title='bbox 568 5459 948 5534; x_wconf 68' lang='grc' dir='ltr'>ἀποδιίσταται</span> <span class='ocrx_word' id='word_1_724' title='bbox 981 5459 1046 5513; x_wconf 63' lang='grc' dir='ltr'><strong>τό</strong></span> <span class='ocrx_word' id='word_1_725' title='bbox 1089 5461 1260 5531; x_wconf 77' lang='grc' dir='ltr'>κῦμα,</span> <span class='ocrx_word' id='word_1_726' title='bbox 1313 5459 1470 5534; x_wconf 59' lang='grc' dir='ltr'>καίὴ</span> <span class='ocrx_word' id='word_1_727' title='bbox 1495 5459 1569 5532; x_wconf 69' lang='grc' dir='ltr'><strong>γῆ</strong></span> <span class='ocrx_word' id='word_1_728' title='bbox 1611 5459 1828 5534; x_wconf 79' lang='grc' dir='ltr'>φαίνετε</span> <span class='ocrx_word' id='word_1_729' title='bbox 1878 5465 1999 5533; x_wconf 84' lang='lat' dir='ltr'><strong>(sic,</strong></span> <span class='ocrx_word' id='word_1_730' title='bbox 2061 5481 2154 5532; x_wconf 87' lang='lat' dir='ltr'><strong>pro</strong></span> 
     </span>
    </p>
   </div>
   <div class='ocr_carea' id='block_1_102' title="bbox 571 5524 2147 5600">
    <p class='ocr_par' dir='ltr' id='par_1_102' title="bbox 571 5524 2147 5600">
     <span class='ocr_line' id='line_1_102' title="bbox 571 5524 2147 5600; baseline 0.002 -16"><span class='ocrx_word' id='word_1_731' title='bbox 571 5532 867 5598; x_wconf 73' lang='grc' dir='ltr'>φαίνεται),</span> <span class='ocrx_word' id='word_1_732' title='bbox 908 5524 1039 5585; x_wconf 84' lang='lat' dir='ltr'><strong>Cum</strong></span> <span class='ocrx_word' id='word_1_733' title='bbox 1087 5524 1225 5599; x_wconf 59' lang='lat' dir='ltr'><strong>enim</strong></span> <span class='ocrx_word' id='word_1_734' title='bbox 1249 5524 1399 5587; x_wconf 28' lang='lat' dir='ltr'><strong>virum</strong></span> <span class='ocrx_word' id='word_1_735' title='bbox 1428 5524 1588 5600; x_wconf 59' lang='lat' dir='ltr'><strong>p&#39;arii,</strong></span> <span class='ocrx_word' id='word_1_736' title='bbox 1615 5524 1667 5586; x_wconf 73' lang='lat' dir='ltr'><strong>in</strong></span> <span class='ocrx_word' id='word_1_737' title='bbox 1693 5533 1784 5586; x_wconf 80' lang='lat' dir='ltr'><strong>illo</strong></span> <span class='ocrx_word' id='word_1_738' title='bbox 1810 5524 1994 5587; x_wconf 72' lang='lat' dir='ltr'><strong>oceani</strong></span> <span class='ocrx_word' id='word_1_739' title='bbox 2033 5524 2147 5587; x_wconf 76' lang='lat' dir='ltr'><strong>loco</strong></span> 
     </span>
    </p>
   </div>
   <div class='ocr_carea' id='block_1_103' title="bbox 571 5604 1504 5670">
    <p class='ocr_par' dir='ltr' id='par_1_103' title="bbox 571 5604 1504 5670">
     <span class='ocr_line' id='line_1_103' title="bbox 571 5604 1504 5670; baseline 0.006 -18"><span class='ocrx_word' id='word_1_740' title='bbox 571 5611 774 5668; x_wconf 61' lang='lat' dir='ltr'><strong>separat</strong></span> <span class='ocrx_word' id='word_1_741' title='bbox 796 5604 1013 5665; x_wconf 81' lang='lat' dir='ltr'><strong>undam,</strong></span> <span class='ocrx_word' id='word_1_742' title='bbox 1038 5615 1084 5656; x_wconf 85' lang='lat' dir='ltr'><strong>el</strong></span> <span class='ocrx_word' id='word_1_743' title='bbox 1103 5613 1242 5657; x_wconf 84' lang='lat' dir='ltr'><strong>terra</strong></span> <span class='ocrx_word' id='word_1_744' title='bbox 1270 5614 1504 5670; x_wconf 80' lang='lat' dir='ltr'><strong>apparet.</strong></span> 
     </span>
    </p>
   </div>
   <div class='ocr_carea' id='block_1_104' title="bbox 643 5671 2145 5744">
    <p class='ocr_par' dir='ltr' id='par_1_104' title="bbox 643 5671 2145 5744">
     <span class='ocr_line' id='line_1_104' title="bbox 643 5671 2145 5744; baseline 0.002 -20"><span class='ocrx_word' id='word_1_745' title='bbox 643 5671 754 5741; x_wconf 72' lang='grc' dir='ltr'><strong>(ϐυ)</strong></span> <span class='ocrx_word' id='word_1_746' title='bbox 804 5671 983 5728; x_wconf 73' lang='lat' dir='ltr'><strong>Editio</strong></span> <span class='ocrx_word' id='word_1_747' title='bbox 1029 5674 1199 5729; x_wconf 78' lang='lat' dir='ltr'><strong>Paris.</strong></span> <span class='ocrx_word' id='word_1_748' title='bbox 1261 5675 1528 5743; x_wconf 86' lang='grc' dir='ltr'>γενέσεως</span> <span class='ocrx_word' id='word_1_749' title='bbox 1584 5674 1773 5744; x_wconf 80' lang='grc' dir='ltr'>αὐτῆς.</span> <span class='ocrx_word' id='word_1_750' title='bbox 1833 5674 1992 5730; x_wconf 86' lang='lat' dir='ltr'><strong>Deest</strong></span> <span class='ocrx_word' id='word_1_751' title='bbox 2047 5676 2145 5728; x_wconf 81' lang='grc' dir='ltr'>αὑ-</span> 
     </span>
    </p>
   </div>
   <div class='ocr_carea' id='block_1_105' title="bbox 569 5742 2142 5814">
    <p class='ocr_par' dir='ltr' id='par_1_105' title="bbox 569 5742 2142 5814">
     <span class='ocr_line' id='line_1_105' title="bbox 569 5742 2142 5814; baseline 0 -17"><span class='ocrx_word' id='word_1_752' title='bbox 569 5742 669 5811; x_wconf 78' lang='grc' dir='ltr'><strong>τῆς</strong></span> <span class='ocrx_word' id='word_1_753' title='bbox 725 5745 776 5796; x_wconf 90' lang='lat' dir='ltr'><strong>in</strong></span> <span class='ocrx_word' id='word_1_754' title='bbox 822 5744 1058 5814; x_wconf 87' lang='lat' dir='ltr'><strong>editione</strong></span> <span class='ocrx_word' id='word_1_755' title='bbox 1103 5744 1265 5800; x_wconf 78' lang='lat' dir='ltr'><strong>Basil.</strong></span> <span class='ocrx_word' id='word_1_756' title='bbox 1295 5758 1349 5801; x_wconf 90' lang='lat' dir='ltr'><strong>et</strong></span> <span class='ocrx_word' id='word_1_757' title='bbox 1382 5747 1433 5798; x_wconf 95' lang='lat' dir='ltr'><strong>in</strong></span> <span class='ocrx_word' id='word_1_758' title='bbox 1480 5745 1662 5799; x_wconf 86' lang='lat' dir='ltr'><strong>multis</strong></span> <span class='ocrx_word' id='word_1_759' title='bbox 1693 5742 1821 5800; x_wconf 85' lang='lat' dir='ltr'><strong>mss.</strong></span> <span class='ocrx_word' id='word_1_760' title='bbox 1859 5745 1972 5798; x_wconf 81' lang='lat' dir='ltr'><strong>Mox</strong></span> <span class='ocrx_word' id='word_1_761' title='bbox 2013 5746 2142 5814; x_wconf 70' lang='lat' dir='ltr'><strong>licg.</strong></span> 
     </span>
    </p>
   </div>
   <div class='ocr_carea' id='block_1_106' title="bbox 569 5813 2145 5886">
    <p class='ocr_par' dir='ltr' id='par_1_106' title="bbox 569 5813 2145 5886">
     <span class='ocr_line' id='line_1_106' title="bbox 569 5813 2145 5886; baseline 0.001 -21"><span class='ocrx_word' id='word_1_762' title='bbox 569 5823 756 5886; x_wconf 68' lang='lat' dir='ltr'><strong>sextus</strong></span> <span class='ocrx_word' id='word_1_763' title='bbox 785 5813 926 5884; x_wconf 80' lang='grc' dir='ltr'>σάλῳ</span> <span class='ocrx_word' id='word_1_764' title='bbox 955 5816 1046 5865; x_wconf 67' lang='grc' dir='ltr'><strong>καὶ</strong></span> <span class='ocrx_word' id='word_1_765' title='bbox 1075 5820 1280 5886; x_wconf 71' lang='grc' dir='ltr'>ταραχῇ</span> <span class='ocrx_word' id='word_1_766' title='bbox 1319 5818 1574 5885; x_wconf 74' lang='grc' dir='ltr'>διηνεκεῖ.</span> <span class='ocrx_word' id='word_1_767' title='bbox 1609 5816 1762 5879; x_wconf 88' lang='lat' dir='ltr'><strong>llltnl,</strong></span> <span class='ocrx_word' id='word_1_768' title='bbox 1795 5813 2145 5874; x_wconf 69' lang='grc' dir='ltr'>ταλαντώσςι,</span> 
     </span>
    </p>
   </div>
   <div class='ocr_carea' id='block_1_107' title="bbox 573 5885 2143 5966">
    <p class='ocr_par' dir='ltr' id='par_1_107' title="bbox 573 5885 2143 5966">
     <span class='ocr_line' id='line_1_107' title="bbox 573 5885 2143 5966; baseline 0.004 -32"><span class='ocrx_word' id='word_1_769' title='bbox 573 5885 946 5966; x_wconf 65' lang='lat' dir='ltr'><strong>interpretatur</strong></span> <span class='ocrx_word' id='word_1_770' title='bbox 1003 5885 1264 5944; x_wconf 72' lang='lat' dir='ltr'><strong>laudatus</strong></span> <span class='ocrx_word' id='word_1_771' title='bbox 1289 5891 1395 5957; x_wconf 78' lang='lat' dir='ltr'><strong>jam</strong></span> <span class='ocrx_word' id='word_1_772' title='bbox 1429 5889 1681 5944; x_wconf 76' lang='lat' dir='ltr'><strong>librarius</strong></span> <span class='ocrx_word' id='word_1_773' title='bbox 1722 5904 1813 5956; x_wconf 84' lang='lat' dir='ltr'><strong>per</strong></span> <span class='ocrx_word' id='word_1_774' title='bbox 1848 5905 2024 5943; x_wconf 72' lang='lat' dir='ltr'><strong>mrem</strong></span> <span class='ocrx_word' id='word_1_775' title='bbox 2067 5907 2143 5940; x_wconf 50' lang='lat' dir='ltr'><strong>xz-</strong></span> 
     </span>
    </p>
   </div>
   <div class='ocr_carea' id='block_1_108' title="bbox 569 5968 741 6022">
    <p class='ocr_par' dir='ltr' id='par_1_108' title="bbox 569 5968 741 6022">
     <span class='ocr_line' id='line_1_108' title="bbox 569 5968 741 6022; baseline 0.012 -20"><span class='ocrx_word' id='word_1_776' title='bbox 569 5968 741 6022; x_wconf 70' lang='grc' dir='ltr'>νησει.</span> 
     </span>
    </p>
   </div>
   <div class='ocr_carea' id='block_1_109' title="bbox 2255 4785 3840 4861">
    <p class='ocr_par' dir='ltr' id='par_1_109' title="bbox 2255 4785 3840 4861">
     <span class='ocr_line' id='line_1_109' title="bbox 2255 4785 3840 4861; baseline -0.006 -13"><span class='ocrx_word' id='word_1_777' title='bbox 2255 4796 2362 4850; x_wconf 79' lang='grc' dir='ltr'><strong>τῶν</strong></span> <span class='ocrx_word' id='word_1_778' title='bbox 2379 4794 2681 4855; x_wconf 81' lang='grc' dir='ltr'>ἀσθενείας,</span> <span class='ocrx_word' id='word_1_779' title='bbox 2715 4792 2800 4846; x_wconf 81' lang='grc' dir='ltr'><strong>ἵνα</strong></span> <span class='ocrx_word' id='word_1_780' title='bbox 2819 4792 2891 4861; x_wconf 79' lang='grc' dir='ltr'>μὴ</span> <span class='ocrx_word' id='word_1_781' title='bbox 2913 4789 2989 4860; x_wconf 78' lang='grc' dir='ltr'>τῷ</span> <span class='ocrx_word' id='word_1_782' title='bbox 3009 4790 3262 4860; x_wconf 76' lang='grc' dir='ltr'>ἡμετέρῳ</span> <span class='ocrx_word' id='word_1_783' title='bbox 3278 4789 3420 4857; x_wconf 80' lang='grc' dir='ltr'>λόγῳ</span> <span class='ocrx_word' id='word_1_784' title='bbox 3443 4788 3705 4858; x_wconf 83' lang='grc' dir='ltr'>μετρῆται</span> <span class='ocrx_word' id='word_1_785' title='bbox 3723 4785 3840 4855; x_wconf 66' lang='lat'><strong>(72)</strong></span> 
     </span>
    </p>
   </div>
   <div class='ocr_carea' id='block_1_110' title="bbox 2258 4878 3841 4958">
    <p class='ocr_par' dir='ltr' id='par_1_110' title="bbox 2258 4878 3841 4958">
     <span class='ocr_line' id='line_1_110' title="bbox 2258 4878 3841 4958; baseline -0.008 -17"><span class='ocrx_word' id='word_1_786' title='bbox 2258 4888 2364 4941; x_wconf 77' lang='grc' dir='ltr'><strong>τῶν</strong></span> <span class='ocrx_word' id='word_1_787' title='bbox 2416 4883 2909 4958; x_wconf 82' lang='grc' dir='ltr'>δημιουργημάτων</span> <span class='ocrx_word' id='word_1_788' title='bbox 2950 4880 3016 4934; x_wconf 70' lang='grc' dir='ltr'><strong>τὰ</strong></span> <span class='ocrx_word' id='word_1_789' title='bbox 3072 4881 3324 4951; x_wconf 86' lang='grc' dir='ltr'>μέγιστα,</span> <span class='ocrx_word' id='word_1_790' title='bbox 3375 4879 3509 4933; x_wconf 76' lang='grc' dir='ltr'>ἀλλὰ</span> <span class='ocrx_word' id='word_1_791' title='bbox 3545 4879 3602 4946; x_wconf 77' lang='grc' dir='ltr'>ἐξ</span> <span class='ocrx_word' id='word_1_792' title='bbox 3641 4878 3841 4947; x_wconf 83' lang='grc' dir='ltr'>ὀλίγων</span> 
     </span>
    </p>
   </div>
   <div class='ocr_carea' id='block_1_111' title="bbox 2329 5105 3842 5180">
    <p class='ocr_par' dir='ltr' id='par_1_111' title="bbox 2329 5105 3842 5180">
     <span class='ocr_line' id='line_1_111' title="bbox 2329 5105 3842 5180; baseline -0.003 -19"><span class='ocrx_word' id='word_1_793' title='bbox 2329 5109 2439 5180; x_wconf 82' lang='grc'>(70)</span> <span class='ocrx_word' id='word_1_794' title='bbox 2465 5109 2576 5180; x_wconf 81' lang='lat' dir='ltr'><strong>Duo</strong></span> <span class='ocrx_word' id='word_1_795' title='bbox 2609 5124 2737 5180; x_wconf 81' lang='lat' dir='ltr'><strong>mss.</strong></span> <span class='ocrx_word' id='word_1_796' title='bbox 2763 5106 3162 5180; x_wconf 59' lang='grc' dir='ltr'><strong>ὁιτιονοσαιοὺσοι,Δ</strong></span> <span class='ocrx_word' id='word_1_797' title='bbox 3177 5105 3371 5160; x_wconf 88' lang='lat' dir='ltr'><strong>Statim</strong></span> <span class='ocrx_word' id='word_1_798' title='bbox 3395 5106 3610 5160; x_wconf 87' lang='lat' dir='ltr'><strong>codices</strong></span> <span class='ocrx_word' id='word_1_799' title='bbox 3635 5105 3842 5180; x_wconf 79' lang='lat' dir='ltr'><strong>aliquot</strong></span> 
     </span>
    </p>
   </div>
   <div class='ocr_carea' id='block_1_112' title="bbox 2255 5177 3843 5250">
    <p class='ocr_par' dir='ltr' id='par_1_112' title="bbox 2255 5177 3843 5250">
     <span class='ocr_line' id='line_1_112' title="bbox 2255 5177 3843 5250; baseline -0.006 -16"><span class='ocrx_word' id='word_1_800' title='bbox 2255 5177 2444 5250; x_wconf 74' lang='grc' dir='ltr'>ὥσπερ</span> <span class='ocrx_word' id='word_1_801' title='bbox 2498 5179 2838 5250; x_wconf 86' lang='grc' dir='ltr'>ἀναπνοίαις.</span> <span class='ocrx_word' id='word_1_802' title='bbox 2880 5180 2983 5232; x_wconf 85' lang='lat' dir='ltr'><strong>Alii</strong></span> <span class='ocrx_word' id='word_1_803' title='bbox 3037 5177 3264 5250; x_wconf 82' lang='lat' dir='ltr'><strong>quidam</strong></span> <span class='ocrx_word' id='word_1_804' title='bbox 3316 5192 3444 5250; x_wconf 54' lang='lat' dir='ltr'><strong>uisa.</strong></span> <span class='ocrx_word' id='word_1_805' title='bbox 3509 5192 3630 5250; x_wconf 82' lang='lat' dir='ltr'><strong>eum</strong></span> <span class='ocrx_word' id='word_1_806' title='bbox 3677 5177 3843 5228; x_wconf 73' lang='lat' dir='ltr'><strong>editis</strong></span> 
     </span>
    </p>
   </div>
   <div class='ocr_carea' id='block_1_113' title="bbox 2256 5247 3843 5310">
    <p class='ocr_par' dir='ltr' id='par_1_113' title="bbox 2256 5247 3843 5310">
     <span class='ocr_line' id='line_1_113' title="bbox 2256 5247 3843 5310; baseline -0.007 -4"><span class='ocrx_word' id='word_1_807' title='bbox 2256 5247 2573 5310; x_wconf 76' lang='grc' dir='ltr'>ἀναπνοαῖς.</span> <span class='ocrx_word' id='word_1_808' title='bbox 2639 5249 2881 5303; x_wconf 81' lang='lat' dir='ltr'><strong>Subinde</strong></span> <span class='ocrx_word' id='word_1_809' title='bbox 2917 5250 3084 5302; x_wconf 89' lang='lat' dir='ltr'><strong>editio</strong></span> <span class='ocrx_word' id='word_1_810' title='bbox 3148 5248 3336 5308; x_wconf 85' lang='lat' dir='ltr'><strong>Basi|.,</strong></span> <span class='ocrx_word' id='word_1_811' title='bbox 3396 5247 3558 5301; x_wconf 81' lang='lat' dir='ltr'><strong>Coisl.</strong></span> <span class='ocrx_word' id='word_1_812' title='bbox 3611 5256 3843 5306; x_wconf 79' lang='lat' dir='ltr'><strong>uterque</strong></span> 
     </span>
    </p>
   </div>
   <div class='ocr_carea' id='block_1_114' title="bbox 2255 5317 3833 5389">
    <p class='ocr_par' dir='ltr' id='par_1_114' title="bbox 2255 5317 3833 5389">
     <span class='ocr_line' id='line_1_114' title="bbox 2255 5317 3833 5389; baseline -0.006 -12"><span class='ocrx_word' id='word_1_813' title='bbox 2255 5337 2306 5377; x_wconf 91' lang='lat' dir='ltr'><strong>et.</strong></span> <span class='ocrx_word' id='word_1_814' title='bbox 2365 5323 2453 5373; x_wconf 86' lang='lat' dir='ltr'><strong>alii</strong></span> <span class='ocrx_word' id='word_1_815' title='bbox 2495 5321 2734 5388; x_wconf 73' lang='lat' dir='ltr'><strong>(ptinquc</strong></span> <span class='ocrx_word' id='word_1_816' title='bbox 2788 5335 2915 5373; x_wconf 88' lang='lat' dir='ltr'><strong>mss.</strong></span> <span class='ocrx_word' id='word_1_817' title='bbox 2950 5319 3258 5389; x_wconf 80' lang='grc' dir='ltr'>έμπνοίαις.</span> <span class='ocrx_word' id='word_1_818' title='bbox 3318 5319 3490 5389; x_wconf 69' lang='grc' dir='ltr'>ΙὶιΙὶιίο</span> <span class='ocrx_word' id='word_1_819' title='bbox 3540 5317 3712 5369; x_wconf 83' lang='lat' dir='ltr'><strong>Paris.</strong></span> <span class='ocrx_word' id='word_1_820' title='bbox 3745 5319 3833 5389; x_wconf 62' lang='grc' dir='ltr'>ὲκτ</span> 
     </span>
    </p>
   </div>
   <div class='ocr_carea' id='block_1_115' title="bbox 2256 5386 3839 5457">
    <p class='ocr_par' dir='ltr' id='par_1_115' title="bbox 2256 5386 3839 5457">
     <span class='ocr_line' id='line_1_115' title="bbox 2256 5386 3839 5457; baseline -0.004 -10"><span class='ocrx_word' id='word_1_821' title='bbox 2256 5386 2678 5453; x_wconf 44' lang='lat' dir='ltr'><strong>maiorne—llaec</strong></span> <span class='ocrx_word' id='word_1_822' title='bbox 2728 5391 2864 5443; x_wconf 78' lang='lat' dir='ltr'><strong>luna:</strong></span> <span class='ocrx_word' id='word_1_823' title='bbox 2933 5386 3218 5457; x_wconf 70' lang='lat' dir='ltr'><strong>respiratio</strong></span> <span class='ocrx_word' id='word_1_824' title='bbox 3275 5388 3606 5457; x_wconf 81' lang='lat' dir='ltr'><strong>philosophis</strong></span> <span class='ocrx_word' id='word_1_825' title='bbox 3669 5386 3839 5440; x_wconf 86' lang='lat' dir='ltr'><strong>nostri</strong></span> 
     </span>
    </p>
   </div>
   <div class='ocr_carea' id='block_1_116' title="bbox 2256 5459 3843 5529">
    <p class='ocr_par' dir='ltr' id='par_1_116' title="bbox 2256 5459 3843 5529">
     <span class='ocr_line' id='line_1_116' title="bbox 2256 5459 3843 5529; baseline -0.007 -12"><span class='ocrx_word' id='word_1_826' title='bbox 2256 5463 2512 5529; x_wconf 79' lang='lat' dir='ltr'><strong>temporis</strong></span> <span class='ocrx_word' id='word_1_827' title='bbox 2548 5477 2650 5512; x_wconf 90' lang='lat' dir='ltr'><strong>non</strong></span> <span class='ocrx_word' id='word_1_828' title='bbox 2682 5465 2875 5528; x_wconf 77' lang='lat' dir='ltr'><strong>placet.</strong></span> <span class='ocrx_word' id='word_1_829' title='bbox 2910 5459 3106 5514; x_wconf 83' lang='lat' dir='ltr'><strong>Putant</strong></span> <span class='ocrx_word' id='word_1_830' title='bbox 3142 5461 3357 5527; x_wconf 86' lang='lat' dir='ltr'><strong>quidem</strong></span> <span class='ocrx_word' id='word_1_831' title='bbox 3399 5469 3564 5512; x_wconf 71' lang='lat' dir='ltr'><strong>aestus</strong></span> <span class='ocrx_word' id='word_1_832' title='bbox 3598 5459 3843 5529; x_wconf 81' lang='lat' dir='ltr'><strong>recipro-</strong></span> 
     </span>
    </p>
   </div>
   <div class='ocr_carea' id='block_1_117' title="bbox 2252 5527 3847 5598">
    <p class='ocr_par' dir='ltr' id='par_1_117' title="bbox 2252 5527 3847 5598">
     <span class='ocr_line' id='line_1_117' title="bbox 2252 5527 3847 5598; baseline -0.006 -11"><span class='ocrx_word' id='word_1_833' title='bbox 2252 5527 2520 5587; x_wconf 82' lang='lat' dir='ltr'><strong>cationcm</strong></span> <span class='ocrx_word' id='word_1_834' title='bbox 2541 5546 2570 5582; x_wconf 88' lang='lat' dir='ltr'><strong>a</strong></span> <span class='ocrx_word' id='word_1_835' title='bbox 2609 5527 2730 5582; x_wconf 89' lang='lat' dir='ltr'><strong>luna</strong></span> <span class='ocrx_word' id='word_1_836' title='bbox 2759 5541 3015 5598; x_wconf 78' lang='lat' dir='ltr'><strong>tanquam</strong></span> <span class='ocrx_word' id='word_1_837' title='bbox 3047 5548 3074 5582; x_wconf 87' lang='lat' dir='ltr'><strong>a</strong></span> <span class='ocrx_word' id='word_1_838' title='bbox 3105 5547 3266 5584; x_wconf 86' lang='lat' dir='ltr'><strong>causa</strong></span> <span class='ocrx_word' id='word_1_839' title='bbox 3297 5529 3564 5596; x_wconf 84' lang='lat' dir='ltr'><strong>pendere:</strong></span> <span class='ocrx_word' id='word_1_840' title='bbox 3601 5527 3692 5581; x_wconf 84' lang='lat' dir='ltr'><strong>sed</strong></span> <span class='ocrx_word' id='word_1_841' title='bbox 3727 5543 3847 5580; x_wconf 85' lang='lat' dir='ltr'><strong>rem</strong></span> 
     </span>
    </p>
   </div>
   <div class='ocr_carea' id='block_1_118' title="bbox 2253 5600 3850 5670">
    <p class='ocr_par' dir='ltr' id='par_1_118' title="bbox 2253 5600 3850 5670">
     <span class='ocr_line' id='line_1_118' title="bbox 2253 5600 3850 5670; baseline -0.005 -14"><span class='ocrx_word' id='word_1_842' title='bbox 2253 5607 2409 5670; x_wconf 70' lang='lat' dir='ltr'><strong>longe</strong></span> <span class='ocrx_word' id='word_1_843' title='bbox 2450 5602 2606 5654; x_wconf 88' lang='lat' dir='ltr'><strong>aliter</strong></span> <span class='ocrx_word' id='word_1_844' title='bbox 2638 5603 2933 5669; x_wconf 72' lang='lat' dir='ltr'><strong>cpriCant.</strong></span> <span class='ocrx_word' id='word_1_845' title='bbox 2962 5601 3195 5654; x_wconf 80' lang='lat' dir='ltr'><strong>Possunt</strong></span> <span class='ocrx_word' id='word_1_846' title='bbox 3229 5615 3416 5654; x_wconf 89' lang='lat' dir='ltr'><strong>eorum</strong></span> <span class='ocrx_word' id='word_1_847' title='bbox 3449 5600 3568 5653; x_wconf 91' lang='lat' dir='ltr'><strong>libri</strong></span> <span class='ocrx_word' id='word_1_848' title='bbox 3611 5616 3638 5650; x_wconf 89' lang='lat' dir='ltr'><strong>a</strong></span> <span class='ocrx_word' id='word_1_849' title='bbox 3669 5600 3850 5650; x_wconf 88' lang='lat' dir='ltr'><strong>curio-</strong></span> 
     </span>
    </p>
   </div>
   <div class='ocr_carea' id='block_1_119' title="bbox 2251 5674 2465 5739">
    <p class='ocr_par' dir='ltr' id='par_1_119' title="bbox 2251 5674 2465 5739">
     <span class='ocr_line' id='line_1_119' title="bbox 2251 5674 2465 5739; baseline -0.023 -9"><span class='ocrx_word' id='word_1_850' title='bbox 2251 5679 2322 5730; x_wconf 79' lang='lat' dir='ltr'><strong>sis</strong></span> <span class='ocrx_word' id='word_1_851' title='bbox 2347 5674 2465 5739; x_wconf 70' lang='lat' dir='ltr'><strong>legi.</strong></span> 
     </span>
    </p>
   </div>
   <div class='ocr_carea' id='block_1_120' title="bbox 2325 5732 3849 5812">
    <p class='ocr_par' dir='ltr' id='par_1_120' title="bbox 2325 5732 3849 5812">
     <span class='ocr_line' id='line_1_120' title="bbox 2325 5732 3849 5812; baseline -0.004 -17"><span class='ocrx_word' id='word_1_852' title='bbox 2325 5732 2638 5812; x_wconf 67' lang='lat' dir='ltr'><strong>(7l)lﬁditio</strong></span> <span class='ocrx_word' id='word_1_853' title='bbox 2682 5742 2846 5795; x_wconf 79' lang='lat' dir='ltr'><strong>u..su.</strong></span> <span class='ocrx_word' id='word_1_854' title='bbox 2891 5757 3014 5796; x_wconf 89' lang='lat' dir='ltr'><strong>cum</strong></span> <span class='ocrx_word' id='word_1_855' title='bbox 3068 5740 3217 5812; x_wconf 79' lang='lat' dir='ltr'><strong>Bodl.</strong></span> <span class='ocrx_word' id='word_1_856' title='bbox 3254 5750 3306 5794; x_wconf 78' lang='lat' dir='ltr'><strong>et</strong></span> <span class='ocrx_word' id='word_1_857' title='bbox 3336 5755 3455 5792; x_wconf 91' lang='lat' dir='ltr'><strong>cum</strong></span> <span class='ocrx_word' id='word_1_858' title='bbox 3484 5732 3667 5792; x_wconf 79' lang='lat' dir='ltr'><strong>audtis</strong></span> <span class='ocrx_word' id='word_1_859' title='bbox 3715 5738 3849 5790; x_wconf 83' lang='lat' dir='ltr'><strong>aliis</strong></span> 
     </span>
    </p>
   </div>
   <div class='ocr_carea' id='block_1_121' title="bbox 2257 5811 3848 5882">
    <p class='ocr_par' dir='ltr' id='par_1_121' title="bbox 2257 5811 3848 5882">
     <span class='ocr_line' id='line_1_121' title="bbox 2257 5811 3848 5882; baseline -0.005 -14"><span class='ocrx_word' id='word_1_860' title='bbox 2257 5811 2384 5868; x_wconf 71' lang='lat' dir='ltr'><strong>MISS.</strong></span> <span class='ocrx_word' id='word_1_861' title='bbox 2419 5817 2737 5882; x_wconf 79' lang='grc' dir='ltr'>κατηγορεῖν</span> <span class='ocrx_word' id='word_1_862' title='bbox 2774 5813 2934 5880; x_wconf 68' lang='grc' dir='ltr'>ἡμᾶς.</span> <span class='ocrx_word' id='word_1_863' title='bbox 2968 5813 3141 5866; x_wconf 71' lang='lat' dir='ltr'><strong>I&#39;Iditio</strong></span> <span class='ocrx_word' id='word_1_864' title='bbox 3167 5811 3336 5866; x_wconf 73' lang='lat' dir='ltr'><strong>Paris.</strong></span> <span class='ocrx_word' id='word_1_865' title='bbox 3373 5827 3465 5879; x_wconf 85' lang='lat' dir='ltr'><strong>per</strong></span> <span class='ocrx_word' id='word_1_866' title='bbox 3494 5812 3848 5864; x_wconf 77' lang='lat' dir='ltr'><strong>oscitantiutn</strong></span> 
     </span>
    </p>
   </div>
   <div class='ocr_carea' id='block_1_122' title="bbox 2261 5885 2912 5951">
    <p class='ocr_par' dir='ltr' id='par_1_122' title="bbox 2261 5885 2912 5951">
     <span class='ocr_line' id='line_1_122' title="bbox 2261 5885 2912 5951; baseline -0.009 -13"><span class='ocrx_word' id='word_1_867' title='bbox 2261 5888 2713 5950; x_wconf 67' lang='lat' dir='ltr'><strong>l\htl‘.{l&#39;:t|lilt)lllttl</strong></span> <span class='ocrx_word' id='word_1_868' title='bbox 2751 5885 2912 5951; x_wconf 66' lang='grc' dir='ltr'>ὑμᾶς.</span> 
     </span>
    </p>
   </div>
   <div class='ocr_carea' id='block_1_123' title="bbox 2341 5950 3848 6021">
    <p class='ocr_par' dir='ltr' id='par_1_123' title="bbox 2341 5950 3848 6021">
     <span class='ocr_line' id='line_1_123' title="bbox 2341 5950 3848 6021; baseline -0.003 -15"><span class='ocrx_word' id='word_1_869' title='bbox 2341 5958 2444 6009; x_wconf 58' lang='lat' dir='ltr'><strong>till</strong></span> <span class='ocrx_word' id='word_1_870' title='bbox 2479 5955 2549 6009; x_wconf 64' lang='lat' dir='ltr'><strong>lt]</strong></span> <span class='ocrx_word' id='word_1_871' title='bbox 2604 5973 2726 6008; x_wconf 44' lang='lat' dir='ltr'><strong>mw.</strong></span> <span class='ocrx_word' id='word_1_872' title='bbox 2761 5950 2809 6007; x_wconf 71' lang='lat' dir='ltr'><strong>ct</strong></span> <span class='ocrx_word' id='word_1_873' title='bbox 2837 5965 3062 6021; x_wconf 75' lang='lat' dir='ltr'><strong>utraque</strong></span> <span class='ocrx_word' id='word_1_874' title='bbox 3101 5964 3280 6009; x_wconf 82' lang='lat' dir='ltr'><strong>nostra</strong></span> <span class='ocrx_word' id='word_1_875' title='bbox 3313 5953 3493 6009; x_wconf 75' lang='lat' dir='ltr'><strong>editio.</strong></span> <span class='ocrx_word' id='word_1_876' title='bbox 3523 5950 3700 6017; x_wconf 74' lang='lat' dir='ltr'><strong>Quare</strong></span> <span class='ocrx_word' id='word_1_877' title='bbox 3734 5966 3848 6005; x_wconf 85' lang='lat' dir='ltr'><strong>non</strong></span> 
     </span>
    </p>
   </div>
  </div>
