4082 6398
501 403 606 460 145

1594 408 1880 465 HOMILIA
1927 409 1993 466 Vl
2032 409 2098 464 IN
2141 409 2638 469 HEXAEMERON.

3656 415 3752 474 με

494 521 607 575 τῶν
659 521 966 593 εἰρημένων
1007 527 1136 595 παρ’
1174 523 1386 587 ἑαυτοῖς
1439 524 1878 595 ἀναλογίζεσθαι,
1941 527 2069 580 πόσα

2191 529 2274 584 liis
2315 530 2608 585 metiatur:
2646 529 2740 586 sed
2769 545 2832 586 ex
2875 533 3063 603 paucis
3113 547 3232 603 quae
3276 532 3591 599 retulimus,
3627 542 3758 604 quot

493 616 618 669 τινά
642 617 756 668 ἐστι
791 617 884 669 καὶ
910 617 1115 686 πηλίκα
1154 617 1219 670 τά
1255 617 1582 688 παρεθέντα.
1612 618 1703 690 Μὴ
1735 619 1914 672 τοίνυν
1941 619 2077 692 μηδὲ

496 707 724 779 σελήνην
741 707 1004 780 ὀφθαλμῴ
1040 711 1336 781 μετρήσῃς,
1367 709 1502 763 ἀλλά
1531 710 1796 782 λογισμῷ,
1817 711 1874 774 ὃς
1900 710 2078 780 πολλῷ

494 799 602 852 τῶν
633 800 926 871 ὀφθαλμῶν
955 801 1342 872 ἀκριϐέστερος
1375 804 1490 854 ἐστι
1518 801 1652 872 πρὸς
1699 801 1954 871 ἀληθείας
1989 801 2078 854 εὐ-

496 909 665 964 ρεσιν.
696 891 873 944 Μῦθοί
901 909 1044 956 τινες
1086 892 1480 962 καταγέλαστοι
1527 893 1630 946 ὑπὸ
1668 893 1929 964 γραῖδίων
1978 911 2080 947 κω-

495 983 870 1054 θωνιζομένων
910 984 1392 1056 παραληρούμενοι
1420 985 1694 1056 πανταχοῦ
1738 986 2072 1057 διεδόθησαν,

492 1079 572 1131 ὅτι
607 1078 967 1147 μαγγανείαις
991 1080 1103 1131 τισὶ
1127 1080 1227 1149 τῆς
1265 1080 1472 1143 οἰκείας
1499 1081 1661 1151 ἕδρας
1683 1080 2075 1150 ἀποκινηθεῖσα

495 1169 690 1238 σελήνη
730 1167 864 1237 πρὸς
895 1169 996 1239 γῆν
1027 1169 1419 1240 καταφέρεται.
1457 1170 1578 1233 Πῶς
1614 1171 1714 1240 μὲν
1740 1167 1831 1224 οὖν
1861 1173 2073 1243 κινήσει

495 1261 706 1329 γοήτων
741 1259 966 1332 ἐπαοιδὴ
987 1302 1000 1325 ,
1039 1261 1102 1330 ἢν
1139 1263 1302 1325 αὐτὸς
1328 1261 1690 1332 ὲθεμελίωσεν
1724 1266 1752 1316 ὀ
1775 1265 2070 1333 Ὕψιστος;

495 1351 653 1413 Ποῖος
689 1350 734 1403 δ’
764 1351 829 1404 ἂν
869 1353 961 1404 καὶ
1005 1353 1166 1417 τόπος
1218 1354 1696 1408 κατασπασθεῖσαν
1740 1353 1906 1425 αὐτὴν
1967 1355 2071 1406 ὑπ-

488 1443 734 1510 εδέξατο;
783 1444 968 1498 Βούλει
1017 1446 1124 1499 ἀπὸ
1150 1447 1363 1519 μικρῶν
1393 1448 1708 1521 τεκμηρίων
1742 1448 1926 1502 λαϐεῖν
1976 1448 2070 1501 τοῦ

491 1537 754 1604 μεγέθους
787 1537 961 1608 αὐτῆς
996 1539 1095 1611 τὴν
1141 1540 1446 1605 ἀπόδειξιν;
1489 1543 1552 1594 At
1586 1543 1726 1594 κατὰ
1751 1544 1849 1612 τήν
1890 1545 2070 1596 οἰκου-

491 1628 656 1699 μένην
693 1629 872 1693 πόλεις
922 1630 1172 1684 πλεῖστον
1213 1632 1458 1703 ἀλλήλων
1507 1635 1894 1705 ἀπῳκισμέναι
1950 1637 2071 1698 ταῖς

486 1721 628 1772 κατά
659 1721 756 1790 τὴν
785 1721 1050 1792 ἀνατολὴν
1073 1724 1475 1793 τετραμμέναις
1513 1724 1870 1794 ρυμοτομίαις
1891 1725 2069 1790 ἐξίσου

489 1815 661 1866 πᾶσαι
698 1815 757 1866 τὸ
783 1814 1065 1886 σεληναῖον
1095 1816 1211 1885 φῶς
1246 1817 1612 1888 ὑποδέχονται.
1642 1813 1739 1880 Ai;
1769 1820 1816 1870 εί
1857 1819 1930 1888 μὴ
1963 1817 2068 1870 πά-

2186 631 2240 676 et
2267 631 2468 690 quanta
2507 622 2616 676 sint
2640 637 2704 676 ea
2748 638 2867 692 qum
2912 625 3113 679 omissa
3165 625 3341 691 fuere,
3373 628 3512 695 apud
3543 643 3642 682 vos
3674 645 3758 682 re-

2185 721 2378 781 putare
2405 713 2635 767 debetis.
2663 711 2742 768 Ne
2773 713 2937 784 igitur
2964 715 3122 770 oculo
3150 713 3331 768 lunam
3369 717 3616 781 metiare,
3662 717 3755 772 sed

2189 806 2420 870 ratione,
2453 820 2573 875 quae
2595 807 2662 860 ad
2686 806 3061 862 inveniendam
3083 808 3366 861 veritatem
3400 809 3571 864 oculis
3601 809 3759 877 longe

2182 895 2492 950 accuratior
2524 905 2605 949 est
2643 909 2706 950 ac
2732 897 2954 950 certior.
2986 895 3246 951 Ridiculae
3285 897 3532 966 quaedam
3562 898 3758 951 fabula:

2183 987 2250 1040 ab
2290 986 2521 1041 aniculis
2560 986 2868 1042 temulentis
2899 986 3220 1054 insipienter
3249 985 3513 1051 conﬁctae,
3555 989 3754 1054 ubique

2179 1076 2514 1146 pervulgata:
2547 1085 2696 1141 sunt,
2724 1077 2867 1146 quod
2893 1077 3017 1131 luna
3043 1077 3500 1132 incantationibus
3523 1077 3752 1146 quibus—

2181 1169 2301 1222 dam
2339 1183 2400 1221 ex
2440 1169 2658 1236 prOpria
2704 1170 2834 1223 sede
2879 1178 3080 1233 emota,
3116 1170 3182 1222 ad
3227 1179 3424 1222 terram
3455 1169 3750 1225 deferatur.

2180 1261 2461 1327 Quomodo
2493 1276 2622 1330 ergo
2654 1262 3110 1332 pratstigiatorum
3139 1263 3599 1317 incantamentum
3628 1278 3750 1317 eam

2176 1354 2468 1420 emovebit,
2500 1369 2661 1423 quam
2689 1355 2802 1424 ipse
2825 1355 3136 1410 Altissimus
3175 1355 3464 1410 fundavit?
3491 1356 3750 1422 Quisnam

2177 1461 2306 1500 vero
2361 1447 2512 1501 locus
2570 1446 2868 1500 detractam
2921 1448 3094 1517 ipsam
3127 1447 3401 1517 suscipere
3439 1449 3754 1518 potuisset?

2177 1537 2272 1592 Vis
2305 1555 2370 1592 ex
2405 1539 2616 1608 exiguis
2672 1538 2888 1594 indiciis
2947 1541 3372 1613 magnitudinem
3425 1542 3569 1596 illius
3606 1557 3752 1597 com-

2175 1641 2382 1702 pertam
2398 1631 2632 1687 habere?
2656 1630 2827 1687 Urbes
2849 1631 2998 1686 orbis
3021 1642 3308 1697 terrarum,
3337 1649 3498 1702 quam
3546 1634 3750 1703 longis-

2175 1727 2312 1780 simo
2377 1725 2502 1780 licet
2561 1725 2704 1779 inter
2747 1740 2807 1779 se
2857 1726 3062 1781 dissita:
3119 1727 3429 1792 intervallo,
3477 1743 3544 1782 ex
3589 1743 3747 1797 aequo

2174 1833 2363 1872 omnes
2386 1819 2438 1872 in
2469 1818 2533 1872 iis
2571 1819 2662 1887 qui
2690 1817 2884 1871 orienti
2929 1819 3143 1873 obversi
3173 1827 3300 1872 sunt
3329 1819 3467 1874 vicis
3488 1860 3503 1884 ,
3555 1819 3748 1876 lunare

489 1925 610 1972 σαις
660 1909 1073 1979 ἀντιπρόσωπος
1120 1904 1209 1980 ἦν,
1254 1910 1380 1973 τοὺς
1437 1910 1535 1980 μὲν
1592 1911 1678 1962 ἐπ’
1713 1910 1931 1973 εὐθείας
1961 1910 2067 1963 τῶν

2178 1913 2355 1966 lumen
2381 1913 2681 1982 excipiunt.
2705 1913 2912 1979 Quibus
2939 1912 3192 1968 omnibus
3212 1913 3314 1967 nisi
3334 1916 3636 1983 Oppositam
3669 1914 3749 1968 fa-

488 2002 777 2054 στενωπῶν
805 2002 1020 2065 πάντως
1045 2001 1110 2055 ἂν
1144 2001 1506 2071 κατεφῶτισε,
1535 2004 1662 2065 τοὺς
1691 2002 1747 2055 δὲ
1782 2002 1845 2054 τὸ
1867 2002 2068 2064 πλάτος

485 2093 653 2163 αὐτῆς
685 2093 1129 2164 ὑπερπίπτοντας
1155 2094 1572 2164 ἐγκεκλιμέναις
1612 2095 1676 2148 ἂν
1716 2098 1837 2158 ταῖς
1875 2096 2068 2162 αὐγαῖς

488 2187 580 2238 ἐπὶ
616 2186 682 2240 τὰ
742 2187 946 2256 πλάγια
987 2188 1471 2258 παραφερομέναις
1524 2188 1890 2259 προσέϐαλλεν
1929 2189 2065 2257 (75).

488 2278 664 2350 Ὅπερ
705 2280 798 2332 καὶ
853 2281 945 2332 ἐπὶ
986 2280 1095 2332 τῶν
1133 2279 1339 2348 λύχνων
1386 2279 1532 2332 ἔστιν
1585 2279 1710 2331 ἰδεῖν
1755 2279 1895 2332 κατά
1943 2280 2070 2342 τοὺς

485 2371 665 2436 οἴκους
695 2374 996 2445 γινόμενον.
1047 2373 1300 2426 Ἐπειδὰν
1337 2373 1554 2435 πλείους
1604 2371 1930 2442 περιστῶσιν
1972 2373 2068 2425 αὐ-

483 2471 594 2534 τὸν,
639 2472 672 2541 ἡ
719 2471 817 2540 μὲν
860 2471 956 2524 τοῦ
994 2473 1112 2525 κατ’
1149 2471 1364 2525 εὐθεῖαν
1408 2472 1644 2532 ἑστῶτος
1676 2472 1802 2524 σκιά
1832 2473 1968 2544 πρὸς
2008 2473 2068 2526 τὸ

484 2565 664 2637 ὄρθιον
685 2566 1050 2630 ἀποτείνεται,
1079 2568 1134 2621 αί
1166 2567 1221 2619 δὲ
1243 2567 1428 2619 λοιπαὶ
1467 2566 1587 2619 καθ’
1612 2566 1872 2636 ἑκάτερον
1907 2565 2069 2635 μέρος

484 2659 820 2712 ἐκκλίνουσιν
859 2660 991 2728 (74).
1037 2661 1223 2724 Ὥστε,
1260 2664 1308 2713 εί
1361 2660 1435 2731 μὴ
1490 2659 1719 2713 ἄπλετόν
1764 2676 1817 2710 τι
1861 2655 1930 2728 ἦν
1976 2658 2070 2709 καὶ

487 2751 749 2821 ὑπερέχον
779 2749 1000 2820 μεγέθει
1023 2750 1084 2802 τὸ
1115 2750 1434 2819 σεληνιακὸν
1454 2749 1632 2820 σῶμα,
1661 2751 1760 2803 οὐκ
1782 2749 1848 2803 ἂν
1868 2750 2070 2820 ὁμοίιος

485 2844 960 2914 ἁντιπαρετείνετο
992 2844 1179 2896 πᾶσιν.
1228 2844 1460 2913 Ὁμοίως
1491 2843 1599 2912 γάρ
1629 2843 1799 2912 αὐτῆς
1831 2842 1939 2896 ἀπὸ
1961 2842 2068 2895 τῶν

489 2935 817 3006 ίσημερινῶν
847 2935 1028 2988 τόπων
1059 2934 1458 3005 ἀνατελλούσης
1483 2934 1537 2987 οἵ
1563 2952 1621 2986 τε
1656 2933 2070 3006 προσοικοῦντες

485 3029 550 3097 τῇ
582 3026 966 3098 κατεψυγμένη
1003 3027 1098 3080 καὶ
1139 3027 1244 3079 ὑπὸ
1287 3027 1397 3097 (75)
1432 3026 1530 3088 τάς
1570 3024 1939 3099 περιστροφάς
1973 3025 2070 3098 τῆς

485 3121 688 3191 ἄρκτου
742 3120 984 3190 κείμενοι
1029 3119 1536 3190 μεταλαμϐάνουσι,
1574 3120 1666 3171 καὶ
1712 3120 1762 3171 οί
1815 3117 1954 3171 κατά
2001 3118 2071 3172 τὰ

2175 2006 2313 2059 ciem
2340 2006 2588 2070 haberet,
2615 2009 2934 2075 angiportus
2962 2005 3179 2074 quidem
3214 2014 3361 2060 recta
3383 2006 3483 2074 ipsi
3511 2021 3746 2076 respon-

2172 2103 2364 2155 dentes
2381 2101 2604 2154 omnino
2636 2099 2968 2166 illustraret;
3003 2101 3054 2153 in
3084 2115 3178 2155 eos
3209 2113 3338 2154 vero
3366 2099 3473 2170 62
3501 2100 3592 2169 qui
3625 2101 3748 2155 lati-

2175 2193 2411 2247 tudinem
2441 2193 2610 2262 ipsius
2641 2194 2933 2255 excedunt,
2967 2193 3260 2246 inclinatos
3298 2194 3476 2246 radios
3510 2192 3560 2246 in
3606 2193 3745 2247 obli-

2172 2302 2277 2354 qua
2312 2287 2563 2356 delapsos
2591 2287 2930 2340 immitteret.
2956 2285 3008 2340 ld
3039 2287 3183 2356 quod
3211 2286 3375 2340 etiam
3411 2301 3473 2340 ex
3501 2287 3746 2340 accensis

2173 2383 2224 2435 in
2258 2381 2508 2435 domibus
2538 2379 2774 2435 lucernis
2797 2381 3090 2435 observare
3113 2379 3259 2434 licet.
3295 2379 3425 2432 Nam
3464 2395 3588 2434 cum
3623 2380 3744 2450 plu-

2171 2491 2260 2530 res
2313 2475 2776 2529 circumsteterint
2830 2475 2999 2541 ipsam
3042 2473 3351 2538 lucernam,
3393 2473 3581 2526 umbra
3627 2476 3744 2541 ejus

2171 2568 2262 2637 qui
2288 2567 2497 2622 directo
2532 2576 2661 2631 stat,
2697 2567 2750 2621 in
2798 2565 3068 2620 directum
3114 2565 3414 2635 porrigitur
3445 2607 3461 2632 ,
3521 2565 3744 2636 reliqua:

2170 2674 2300 2714 vero
2346 2659 2399 2713 in
2439 2668 2725 2728 utramque
2777 2659 3055 2714 declinant
3110 2670 3342 2729 partem.
3405 2659 3610 2726 Quare,
3640 2661 3741 2714 nisi

2171 2767 2365 2820 corpus
2422 2751 2610 2805 lunare
2650 2759 2797 2804 esset
2840 2751 3163 2805 immensum
3222 2750 3480 2820 quiddam
3519 2759 3574 2804 et
3606 2765 3744 2820 pra:-

2171 2843 2392 2912 grande,
2427 2858 2532 2896 non
2576 2843 2764 2911 utique
2809 2842 2876 2896 ad
2926 2857 3116 2897 omnes
3164 2842 3415 2896 similiter
3451 2844 3745 2897 extendere

2172 2951 2232 2989 se
2256 2945 2460 3004 posset.
2498 2933 2656 2987 Enim
2686 2948 2815 2989 vero
2857 2933 2949 3002 qui
3000 2941 3056 2987 et
3083 2948 3274 2987 zonam
3302 2934 3564 3002 rigentem
3594 2948 3746 2988 acco-

2173 3027 2310 3092 lunt,
2347 3037 2402 3081 et
2435 3026 2536 3080 sub
2561 3041 2701 3080 ursa:
2741 3025 2830 3080 siti
2855 3033 2984 3080 sunt
3007 3025 3480 3091 conversionibus,
3508 3035 3560 3079 et
3590 3024 3744 3092 juxta

2175 3119 2422 3173 meridiei
2449 3133 2581 3173 cava
2615 3117 2779 3171 vieini
2815 3127 2943 3172 sunt
2973 3132 3124 3172 zona-
3150 3117 3389 3181 torridte,
3424 3117 3477 3172 lii
3520 3117 3643 3171 luna
3677 3117 3746 3170 ab

487 3212 640 3266 κοῖλα
668 3214 764 3283 τῆς
797 3213 1144 3284 μεσημϐρίας
1169 3213 1267 3282 τῆς
1300 3211 1741 3281 διακεκαυμένης
1788 3211 2026 3278 γείτονες
2050 3226 2062 3238 °

2175 3209 2642 3279 tequinoctialibus
2688 3207 2820 3264 locis
2850 3209 3058 3265 oriente
3102 3210 3304 3277 pariter
3332 3209 3621 3263 fruuntur:
3679 3209 3746 3263 ad

485 3301 567 3368 οἷς
599 3306 732 3358 πᾶσι
769 3305 911 3358 κατά
937 3304 998 3356 τὸ
1042 3305 1242 3368 πλάτος
1287 3305 1759 3375 ἀντιπαρήκουσα,
1797 3302 2068 3371 σαφεστά-

485 3415 585 3469 την
629 3399 932 3472 μαρτυρίαν
979 3397 1072 3452 τοῦ
1134 3397 1398 3468 μεγέθους
1459 3397 1778 3467 παρέχεται.
1830 3397 1928 3459 Τίς
1976 3392 2070 3449 οὖν

484 3493 702 3564 ἀντερεῖ
731 3492 806 3563 μὴ
831 3493 952 3562 οὐχὶ
982 3490 1337 3562 παμμέγεθες
1370 3490 1540 3561 αὐτῆς
1568 3484 1707 3541 εἶναι
1760 3488 1822 3541 τὸ
1873 3487 2034 3558 σῶμα
2052 3530 2067 3552 ,

483 3585 547 3639 τὸ
570 3584 908 3656 τηλικούτοις
941 3583 1074 3654 ὁμοῦ
1123 3584 1216 3636 καὶ
1255 3582 1532 3645 τοσούτοις
1575 3583 1936 3654 διαστήμασιν
1987 3580 2071 3646 ἐξ·

487 3677 768 3749 ισούμενον
793 3695 807 3742 ;
835 3677 946 3730 Καὶ
967 3675 1032 3730 τὰ
1065 3676 1162 3746 μὲν
1194 3677 1320 3746 περὶ
1350 3675 1598 3746 μεγεθῶν
1626 3675 1778 3745 ἡλίου
1801 3676 1892 3727 καὶ
1919 3673 2070 3745 σελή-

486 3767 583 3841 νης
601 3773 692 3824 ἐπὶ
721 3770 993 3824 τοσοῦτον.
1037 3771 1198 3840 Ἡμῖν
1224 3769 1279 3822 δὲ
1301 3770 1329 3820 ὁ
1352 3770 1721 3840 χαρισάμενος
1740 3769 1983 3822 διάνοιαν
2007 3770 2070 3822 ὲκ

486 3863 595 3915 τῶν
626 3863 967 3935 μικροτάτων
990 3863 1088 3932 τῆς
1123 3862 1353 3924 κτίσεως
1381 3863 1480 3932 τὴν
1516 3861 1757 3932 μεγάλην
1772 3861 1866 3914 τοῦ
1898 3862 2074 3933 τεχνί-

485 3970 580 4005 του
597 3952 916 4022 σοφίαν(76)
949 3952 1412 4023 καταμανθάνειν,
1442 3952 1718 4024 παράσχοι
1750 3954 1844 4006 καὶ
1869 3955 1934 4006 ὲκ
1959 3953 2070 4006 τῶν

489 4047 742 4118 μεγάλων
775 4046 1026 4118 μείζονας
1049 4045 1292 4116 λαμϐάνε
1303 4064 1348 4098 ιν
1375 4046 1472 4110 τάς
1499 4047 1709 4109 ἐννοίας
1727 4046 1822 4099 τοῦ
1857 4047 2071 4100 κτίσαν-

484 4159 596 4206 τος.
624 4141 885 4209 Καίτοιγε
917 4140 1200 4212 συγκρίσει
1218 4139 1310 4192 τοῦ
1337 4141 1562 4211 ποιητοῦ
1588 4140 1736 4210 ἥλιος
1761 4141 1854 4193 καὶ
1874 4139 2067 4210 σελήνη

488 4234 711 4304 ἐμπίδος
745 4235 838 4286 καὶ
881 4234 1170 4304 μύρμηκος
1212 4233 1468 4303 ἐπέχουσι
1499 4233 1654 4301 λόγον
1695 4233 1829 4302 (77).
1861 4234 1934 4286 Οὐ
1962 4231 2069 4302 γάρ

487 4328 633 4380 ἔστιν
659 4327 816 4390 ἀξίαν
845 4327 940 4379 τοῦ
973 4327 1238 4396 μεγέθους
1266 4327 1358 4379 τοῦ
1388 4327 1522 4378 Θεοῦ
1551 4325 1660 4378 τῶν
1699 4327 1833 4378 ὅλων
1862 4328 1926 4377 ἐκ
1957 4323 2072 4378 τού-

486 4436 594 4471 των
620 4418 806 4470 λαὸεῖν
829 4418 928 4488 τὴν
963 4417 1216 4486 θεωρίαν,
1241 4415 1376 4469 ἀλλά
1408 4420 1630 4488 μικραῖς
1654 4435 1764 4469 τισι
1793 4417 1888 4470 καὶ
1927 4418 2069 4486 ἀμυ-

485 4513 638 4582 δραῖς
663 4510 933 4580 ἐμφάσεσι
955 4509 1022 4562 δι’
1039 4509 1217 4563 αὐτῶν
1253 4509 1686 4579 προϐιϐασθῆναι
1720 4509 1856 4579 (78),
1881 4508 2069 4578 ῶσπερ

2172 3317 2311 3372 quos
2352 3315 2542 3356 omnes
2590 3300 2887 3356 secundum
2933 3300 3271 3354 latitudinem
3304 3314 3366 3352 ex
3391 3300 3619 3354 adverso
3654 3315 3745 3354 ac-

2171 3395 2393 3460 cedens,
2433 3393 2820 3463 magnitudinis
2851 3408 2960 3447 sua:
3013 3393 3381 3446 testimonium
3417 3391 3744 3447 manifestis-

2174 3489 2370 3544 simum
2401 3487 2626 3556 przebet.
2669 3484 2804 3551 Quis
2835 3485 2998 3554 igitur
3046 3485 3257 3539 inﬁcias
3288 3484 3414 3539 ierit
3448 3487 3742 3538 maximum

2172 3592 2294 3631 esse
2319 3576 2488 3646 ipsius
2522 3590 2739 3644 corpus,
2773 3589 2896 3628 cum
2924 3583 3002 3626 tot
3036 3587 3099 3627 ac
3130 3574 3292 3627 tantis
3339 3573 3502 3626 simul
3543 3573 3746 3627 distan-

2180 3672 2269 3724 tiis
2302 3668 2662 3740 adaequetur?
2691 3669 2754 3722 Et
2781 3668 2996 3736 quidem
3023 3669 3088 3720 de
3115 3666 3246 3721 solis
3277 3681 3338 3720 ac
3371 3665 3510 3720 lunae
3542 3667 3745 3736 magni-

2177 3764 2363 3820 tudine
2386 3763 2669 3818 hactenus.
2699 3759 2966 3814 Caeterum
3014 3759 3106 3826 qui
3157 3773 3277 3810 eam
3333 3756 3745 3824 intelligentiam

2176 3859 2388 3920 tribuit,
2425 3867 2484 3911 ut
2511 3871 2577 3910 ex
2609 3853 2851 3908 minimis
2888 3853 3049 3905 rebus
3083 3851 3284 3904 creatis
3317 3864 3563 3918 magnam
3587 3849 3745 3918 opili-

2174 3951 2290 4005 ticis
2319 3948 2636 4017 sapientiam
2664 3943 3124 4006 condisceremus,
3149 3942 3352 3996 tribuat
3387 3941 3550 3997 etiam
3581 3951 3639 3994 ut
3679 3955 3746 3994 ex

2175 4039 2385 4108 magnis
2413 4035 2616 4103 majora
2655 4034 2722 4088 de
2755 4042 3003 4086 creatore
3032 4032 3331 4085 sentiamus
3359 4032 3750 4102 concipiamus

2173 4147 2298 4198 quc.
2331 4130 2654 4195 Quanquam
2679 4125 2978 4180 conditoris
2995 4123 3420 4193 comparatione,
3443 4123 3521 4177 sol
3545 4132 3597 4178 et
3621 4122 3745 4177 luna

2173 4220 2361 4274 culicis
2389 4233 2452 4272 ac
2485 4217 2724 4271 formicae
2774 4216 3034 4269 rationem
3079 4215 3350 4269 obtinent.
3385 4213 3543 4268 Notio
3581 4213 3747 4282 siqui—

2171 4311 2292 4364 dem
2325 4325 2446 4378 qum
2484 4309 2576 4361 Dei
2625 4309 3002 4360 universorum
3037 4307 3407 4376 magnitudine
3454 4307 3612 4375 digna
3653 4307 3744 4371 sit,

2171 4419 2237 4457 ex
2271 4403 2335 4458 iis
2362 4402 2566 4456 desumi
2598 4414 2703 4454 non
2733 4407 2909 4469 potest
2946 4398 3078 4452 :Srd
3114 4413 3180 4453 ex
3220 4399 3400 4466 parvis
3423 4399 3747 4468 quibusdam

2172 4507 2227 4551 et
2263 4497 2515 4550 tenuibus
2539 4493 2754 4548 indiciis
2787 4509 2882 4564 per
2923 4494 3040 4563 ipsa
3081 4494 3537 4563 quemadmodum
3567 4505 3621 4547 et
3652 4510 3748 4564 per

488 4605 582 4657 καὶ
607 4604 672 4656 δι’
706 4604 935 4657 ἑκάστου
966 4603 1074 4655 τῶν
1107 4602 1448 4674 μικροτάτων
1477 4603 1534 4655 ὲν
1565 4601 1724 4666 ζώοις
1749 4603 1782 4672 ἦ
1818 4603 1875 4655 ἐν
1911 4603 2064 4673 βοτά-

2175 4590 2384 4660 singula
2420 4588 2782 4644 minutissima
2811 4587 3090 4650 animalia,
3139 4597 3231 4640 aut
3259 4585 3423 4640 etiam
3454 4602 3552 4657 per
3574 4588 3748 4641 minu-

486 4715 623 4760 ναις.
678 4695 1059 4766 Ἀρκεσθῶμεν
1088 4699 1198 4758 τοῖς
1239 4695 1576 4765 εἰρημένοις·
1616 4693 1727 4764 ἐγὼ
1777 4693 1875 4763 μὲν
1905 4694 2064 4763 εὐχα-

487 4789 748 4860 ριστήσας
774 4786 852 4856 τῷ
877 4787 974 4858 τήν
1009 4786 1209 4856 μικράν
1262 4803 1350 4855 μοι
1399 4785 1602 4854 ταύτην
1647 4785 1922 4839 διακονίαν
1970 4785 2062 4838 τοῦ

485 4879 646 4948 λόγου
688 4879 1070 4951 χαρισαμένῳ,
1121 4880 1278 4949 ὑμεῖς
1325 4878 1382 4930 δὲ
1429 4876 1506 4946 τῷ
1549 4877 1889 4949 διατρέφοντι
1921 4879 2063 4947 ὑμᾶς

486 4973 607 5032 ταῖς
649 4971 1047 5039 πνευματικαῖς
1087 4971 1346 5039 τροφαῖς,
1399 4967 1458 5030 ὃς
1499 4969 1593 5020 καὶ
1645 4965 1740 5019 νῦν
1781 4968 1924 5037 ὑμᾶς
1955 4963 2063 5020 οἷον

489 5059 712 5131 κριθίνῳ
749 5061 856 5112 τινί¹
898 5060 1048 5130 ἄρτῳ
1085 5061 1150 5130 τῇ
1178 5057 1422 5129 εὐτελείᾳ
1451 5059 1550 5128 τῆς
1571 5059 1844 5130 ἡμετέρας
1883 5058 2067 5126 φωνῆς

483 5151 729 5222 ὃιέθρεψε
750 5168 763 5180 ·
801 5151 894 5204 καὶ
915 5151 1194 5224 διατρέφοι
1231 5167 1294 5219 γε
1318 5153 1398 5214 εἰς
1437 5151 1544 5215 ἀεὶ,
1576 5151 1718 5203 κατὰ
1742 5149 1838 5221 τὴν
1877 5150 2067 5204 ἀναλο-

490 5395 653 5470 secuti
685 5409 872 5469 sumus
906 5393 1180 5470 Ducgcum,
1207 5395 1313 5470 qui
1335 5397 1411 5450 ait
1435 5395 1827 5470 legt‘op‘ortere
1859 5395 2064 5470 μετρῆ-

487 5482 563 5536 τε.
600 5465 731 5536 Vult
754 5480 941 5518 rursus
975 5465 1054 5518 vi'r
1089 5466 1441 5520 doctissimus
1465 5467 1567 5536 legi
1599 5468 1686 5520 hic
1709 5465 1908 5520 debere
1936 5465 2064 5519 m-

484 5533 796 5605 λογίσησθε,
819 5550 924 5588 non
952 5536 1366 5605 ἀναλογίσασθε,
1398 5549 1452 5589 ut
1480 5533 1540 5590 ili
1564 5537 1788 5605 vulgatis
1819 5538 2062 5590 habetur.

486 5605 601 5677 Sed
626 5607 792 5677 nostri
823 5621 1027 5658 novem.
1059 5625 1185 5661 mss.
1231 5624 1402 5676 neque
1439 5607 1851 5677 ἀναλογίσησθε,
1893 5624 2066 5676 neque

486 5675 878 5743 ἀναλογίσασθε
914 5677 1229 5743 praeferunt,
1269 5675 1359 5730 sed
1384 5675 1812 5743 ἀναλογίζεσθαι.

559 5747 668 5818 (75)
699 5746 939 5800 ltatnulti
974 5764 1100 5800 mss.
1139 5751 1197 5798 Λι
1229 5749 1355 5801 editi
1389 5749 1740 5818 προσέϐαλεν.

529 5817 671 5887 ,(Ἱί)
725 5819 828 5870 Sex
890 5835 1019 5872 mss.
1075 5819 1432 5870 ἐκκλίνουσιν.
1501 5819 1636 5872 Ι⁴ὶιιίιί
1699 5819 2053 5882 ἐγκλίνουσιν.

492 5884 839 5958 λέληψιυιιι
869 5906 977 5942 mss
1027 5904 1219 5958 puricr
1261 5891 1478 5945 (lutiibcl
1539 5890 1766 5942 ἅπλ;τὸν
1793 5908 1841 5941 τι
1892 5896 2053 5944 Abest

2178 4687 2419 4740 tissimus
2445 4685 2644 4737 herbas
2683 4683 2998 4735 incitamur.
3045 4679 3140 4734 His
3186 4695 3306 4748 quae
3340 4678 3481 4733 dicta
3545 4678 3696 4734 fuere
3732 4719 3746 4741 ,

2173 4781 2344 4833 simus
2375 4781 2635 4832 contenti.
2669 4776 2778 4844 Ego
2809 4777 3022 4843 quidem
3054 4773 3258 4843 gratias
3295 4789 3392 4843 ago
3419 4773 3488 4836 ei,
3522 4774 3612 4841 qui
3639 4775 3751 4827 exi-

2170 4886 2328 4940 guam
2357 4870 2497 4922 lianc
2527 4868 2675 4923 verbi
2701 4866 3228 4920 adminiStrationem
3252 4865 3381 4918 milii
3410 4865 3704 4933 impertivit
3731 4882 3747 4932 ;

2172 4980 2272 5018 vos
2308 4979 2436 5016 vero
2463 4970 2646 5031 grates
2676 4960 2998 5028 persolvatis
3031 4959 3079 5013 ei
3112 4960 3201 5028 qui
3241 4973 3335 5011 vos
3378 4959 3749 5026 spiritualibus

2178 5055 2350 5109 nutrit
2378 5054 2675 5117 alimentis,
2700 5053 2790 5119 qui
2823 5053 2986 5105 etiam
3013 5067 3154 5104 nunc
3184 5065 3280 5104 vos
3301 5050 3450 5103 vocis
3479 5064 3611 5103 mete
3633 5054 3750 5101 cxi-

2176 5149 2328 5203 litate
2383 5156 2636 5214 tanquam
2684 5147 2986 5202 hordeaceo
3035 5144 3268 5214 quodam
3337 5158 3474 5212 pane
3541 5145 3750 5197 enutri-

2168 5410 2221 5445 τι
2247 5394 2312 5444 alt
2345 5390 2526 5445 editis.

2243 5463 2356 5532 (75)
2382 5461 2559 5516 Editio
2584 5459 2747 5514 Basil.
2769 5474 2898 5532 cum
2921 5460 3162 5529 quinque
3190 5469 3320 5510 mss.
3353 5453 3449 5509 καὶ
3489 5452 3614 5507 ὑπό.
3637 5452 3754 5506 Edi-

2173 5530 2443 5588 tio‘Paris.
2467 5533 2562 5586 καὶ
2586 5534 2634 5584 οἱ
2677 5530 2801 5584 ὑπό.

2241 5603 2352 5674 (76)
2401 5602 2474 5657 lta
2531 5619 2722 5658 novcm
2769 5616 2901 5656 mss.
2933 5601 3002 5653 At
3032 5598 3162 5653 editi
3198 5594 3442 5668 μεγάλην
3469 5594 3564 5650 τοῦ
3614 5591 3754 5647 Θεοῦ

2171 5692 2379 5728 σονσιαν.

2242 5729 2352 5813 (77)
2388 5745 2498 5796 Duo
2532 5760 2660 5796 mss.
2689 5741 2866 5812 ἔχουσι
2901 5740 3077 5813 λόγον.

2241 5811 2350 5884 (78)
2399 5816 2624 5866 (ludii-rs
2666 5830 2752 5864 sev
2793 5811 3261 5884 προσϐιϐασθῆναι
3312 5814 3448 5869 Editi
3487 5831 3606 5869 cum
3635 5813 3752 5868 .tli’z

2168 5885 2336 5942 ltltm‘s
2368 5904 2489 5941 mss.
2525 5883 2972 5956 προίῑιὸκτθῆναι.
