4082 6398
400 341 501 398 147

1709 337 1772 393 S.
1813 335 2060 391 BASlLll
2101 336 2318 391 MAGNI

3535 341 3634 396 HS

394 459 492 512 vit.
521 457 587 511 Et
621 455 826 510 utinam
860 456 971 509 alat
1014 467 1248 522 semper,
1283 452 1436 522 juxta
1497 450 1618 506 ﬁdei
1662 453 1957 520 portionem

2068 455 2192 522 γίαν
2225 457 2322 524 τῆς
2351 456 2586 519 πίστεως
2629 456 2986 528 χαριζόμενος
3021 457 3148 527 ὑμῖν
3195 457 3294 527 τὴν
3332 457 3632 529 φανέρωσιν

397 550 444 605 la
458 550 636 619 rgieus
668 548 820 600 vobis
849 546 1087 613 Spiritus
1127 544 1620 600 tnanifestationem
1648 544 1695 575 "
1730 546 1779 597 in
1807 543 1962 597 (ibri-

394 650 478 695 sto
506 638 632 694 Jesu
665 638 892 692 Domino
932 649 1136 702 nostro,
1162 637 1246 691 cui
1281 637 1451 707 gloria
1501 647 1555 692 et
1586 635 1873 705 imperium
1905 635 1959 688 in

393 733 589 788 Saecula
616 731 959 785 saeculorum.
991 731 1188 784 Amen.

952 945 1229 1001 llOilllJA
1275 947 1384 1000 VII.

968 1037 1048 1090 De
1071 1037 1365 1104 reptilibns.

451 1132 502 1186 I.
545 1131 612 1186 Et
637 1131 771 1185 dixit
805 1130 978 1184 Deus:
1015 1127 1318 1183 Praducant
1343 1144 1494 1198 aqua:
1518 1127 1728 1197 reptilia
1747 1128 1956 1183 anima-

392 1240 508 1277 rum
539 1223 816 1278 virentium
841 1221 1000 1290 juxta
1034 1237 1218 1292 genus,
1248 1231 1297 1274 et
1315 1220 1564 1274 volatilia
1611 1219 1839 1274 volantia
1871 1237 1955 1274 se-

389 1315 619 1369 cundum
647 1313 1040 1382 ﬁrmamentum
1078 1311 1194 1365 caeli
1220 1314 1380 1380 juxta
1428 1327 1590 1382 genus
1616 1312 1684 1365 ⁸ο.
1722 1311 1851 1367 Post
1877 1313 1958 1365 lu—

393 1406 681 1460 tninarium
711 1403 1042 1459 creationem
1103 1418 1228 1458 mox
1279 1417 1434 1471 aqua;
1482 1402 1645 1457 etiam
1683 1403 1959 1472 replentur

390 1497 777 1561 animantibus,
813 1504 875 1551 ut
917 1504 971 1551 et
1007 1495 1121 1550 haec
1172 1496 1348 1565 portio
1382 1503 1761 1551 exornaretur.
1788 1493 1957 1550 Acce-

391 1600 542 1657 perat
573 1588 718 1643 enim
771 1597 914 1642 terra
949 1602 1013 1642 ex
1046 1587 1282 1656 propriis
1315 1587 1649 1658 germinibus
1678 1597 1954 1648 ornatum,

388 1679 583 1734 cmlum
605 1693 817 1749 quoque
841 1687 1130 1748 acceperat
1155 1678 1435 1734 stellarum
1459 1676 1619 1733 ﬂores
1646 1717 1661 1742 ,
1699 1692 1764 1734 ac
1791 1676 1955 1731 veluti

2069 545 2161 598 τοῦ
2197 545 2512 616 Πνεύματος
2543 547 2602 599 ἐν
2638 547 2854 618 Χριστῷ
2894 547 3067 618 Ἰησοῦ
3108 546 3186 617 τῷ
3227 549 3417 618 Κυρίῳ
3457 547 3630 618 ἡμῶν,

2065 631 2110 703 ᾧ
2138 639 2171 706 ἡ
2189 637 2316 704 δόξα
2341 640 2434 691 καὶ
2452 638 2511 691 τὸ
2541 639 2738 710 κράτος
2770 641 2849 702 εἰς
2877 640 3002 702 τοὺς
3039 639 3240 702 αἰῶνας
3267 640 3373 692 τῶν
3402 639 3630 694 αἰώνων.

2078 729 2273 800 Ἀμήν.
3641 736 3652 779 i

2669 946 2928 1000 'OMIAIA
2962 949 3037 1000 Z'.

2551 1037 2689 1106 Περὶ
2716 1036 2977 1106 ἑρπετῶν
3005 1037 3139 1108 (79).

2133 1129 2184 1183 1.
2202 1128 2310 1182 Kal
2325 1124 2493 1183 εἶπεν
2511 1131 2544 1182 ό
2568 1129 2730 1196 Θεός·
2749 1131 2804 1181 Ἐ
2809 1129 3106 1199 ξαγαγέτω
3123 1127 3195 1182 τὰ
3211 1129 3398 1185 ὕδατα
3416 1129 3630 1199 ἑρπετὰ

2059 1220 2275 1290 ψυχῶν
2299 1220 2499 1280 ζωσῶν
2524 1221 2674 1274 κατὰ
2703 1220 2898 1290 γένος,
2925 1220 3025 1273 καὶ
3067 1220 3305 1274 πετεινὰ
3335 1224 3630 1290 πετόμενα

2062 1313 2211 1366 κατὰ
2236 1313 2302 1366 τὸ
2330 1312 2633 1382 στερέωμα
2657 1313 2762 1367 τοῦ
2788 1314 3044 1382 οὐρανοῦ
3067 1312 3216 1367 κατὰ
3245 1313 3437 1383 γένος.
3473 1315 3626 1368 Μετὰ

2059 1403 2159 1476 τὴν
2186 1404 2293 1456 τῶν
2327 1405 2510 1475 φωστή
2519 1422 2626 1474 ρων
2652 1403 3009 1476 δημιουργίαν
3037 1406 3130 1458 καὶ
3155 1405 3220 1458 τὰ
3249 1404 3414 1458 ὕδατα
3441 1405 3626 1460 λοιπὸν

2062 1493 2361 1564 πληροῦται
2386 1492 2558 1559 ζώων,
2586 1492 2724 1546 ὥστε
2751 1495 2843 1546 καὶ
2862 1493 3066 1565 ταύτην
3088 1494 3627 1566 διακοσμηθῆναιτὴν

2061 1583 2231 1656 λῆξιν.
2276 1585 2535 1637 Ἀπέλαΰε
2584 1584 2684 1655 μὲν
2728 1584 2838 1656 γὰρ
2872 1587 2905 1656 ἡ
2940 1585 3015 1656 γῆ
3055 1585 3144 1638 τὸν
3174 1588 3236 1639 ἐκ
3265 1587 3371 1638 τῶν
3411 1588 3626 1641 οἰκείων

2065 1674 2458 1745 βλαστημάτων
2502 1673 2736 1744 κόσμον⁸
2786 1674 3026 1729 ἀπέλαϐε
3072 1675 3128 1728 δὲ
3171 1678 3199 1729 ό
3250 1677 3474 1748 οὑρανὸς
3516 1677 3626 1731 τῶν

388 1772 729 1839 geminorum
763 1769 1044 1825 oculorum
1079 1769 1353 1840 conjecta,
1386 1784 1705 1840 magnorum
1749 1769 1956 1823 scilicet

2062 1767 2276 1837 ἄστρων
2320 1765 2432 1836 (80)
2466 1764 2534 1819 τὰ
2563 1766 2720 1837 ἄνθη,
2765 1767 2856 1820 καὶ
2880 1767 3042 1820 οἱονεὶ
3073 1766 3305 1838 διδύμων
3334 1767 3625 1838 ὀφθαλμῶν

391 1862 733 1916 hnninarium
757 1861 1171 1932 coniugatione,
1209 1861 1387 1916 fuerat
1419 1861 1764 1915 adornatum.
1811 1860 1954 1914 Reli-

388 1969 552 2023 quum
587 1963 726 2020 eral,
761 1962 821 2007 ut
848 1953 1004 2021 aquis
1024 1953 1186 2007 etiam
1217 1969 1374 2009 suum
1418 1953 1750 2008 tribueretur
1794 1967 1956 2006 orna-

393 2057 659 2101 mentum.
693 2044 853 2101 Venit
887 2055 1211 2115 przeceptum
1234 2083 1250 2111 ,
1278 2053 1333 2098 et
1371 2044 1552 2098 statim
1577 2043 1725 2097 fluvii
1755 2043 1956 2096 donan-

394 2151 478 2192 tur
512 2139 559 2192 vi
608 2137 958 2208 producendi,
999 2147 1052 2192 et
1097 2137 1308 2206 singula
1348 2147 1539 2207 stagna
1591 2137 1811 2205 pariunt
1859 2150 1952 2189 sua

389 2229 766 2298 naturaliaqne
787 2242 1006 2298 genera.
1040 2227 1178 2292 Quin
1214 2235 1269 2281 et
1293 2241 1444 2282 mare
1465 2225 1776 2280 omnimoda
1803 2236 1957 2278 nata-

392 2323 562 2375 tilium
595 2335 791 2390 genera
826 2321 1201 2387 parturtehat:
1251 2327 1308 2373 et
1365 2333 1432 2372 ne
1460 2332 1522 2372 ea
1558 2317 1775 2386 quidem
1819 2331 1954 2384 aqua

389 2425 510 2480 qua:
556 2418 672 2464 erat
718 2408 772 2462 in
806 2408 1012 2472 limosis
1043 2421 1107 2460 ac
1128 2407 1366 2462 caenosis
1401 2407 1556 2472 locis,
1608 2409 1958 2476 permanebat

387 2506 560 2556 otiosa
589 2523 600 2556 :
631 2515 805 2570 neque
827 2515 856 2553 a
893 2499 996 2554 line
1027 2500 1080 2553 in
1114 2500 1394 2556 creatione
1430 2500 1706 2570 proposito
1731 2499 1951 2556 aberra-

389 2596 503 2649 bat.
533 2593 667 2646 Nam
695 2602 846 2647 certe
874 2607 938 2645 ex
973 2592 1105 2662 ipsis
1144 2590 1356 2646 abunde
1404 2593 1758 2660 emergebant
1792 2607 1954 2654 ranae,

390 2685 675 2746 muliones,
695 2683 914 2738 culices.
939 2682 1067 2750 Qua‘,
1085 2683 1227 2736 enim
1245 2682 1351 2753 63
1375 2684 1671 2737 etiamnmn
1688 2684 1952 2746 videntur,

388 2784 767 2844 argumentum
817 2784 944 2828 sunt
981 2772 1400 2840 prazteritorum.
1431 2773 1524 2828 Sic
1581 2789 1718 2842 aqua
1781 2774 1956 2828 omnis

389 2868 609 2936 exsequi
642 2866 940 2920 conditoris
967 2867 1047 2918 sui
1089 2865 1371 2932 imperium
1394 2864 1683 2918 festinabat
1711 2882 1723 2916 :
1751 2874 1803 2917 et
1826 2878 1957 2930 quo-

391 2975 508 3012 rmu
538 2974 604 3013 ne
642 2973 838 3027 genera
873 2957 1088 3026 quidem
1133 2955 1272 3009 ullus
1299 2970 1618 3008 enumerare
1642 2955 1829 3022 possit,
1863 2955 1956 3008 bo-

391 3067 507 3104 rum
541 3050 726 3103 statim
759 3050 922 3102 vilam
962 3064 1152 3118 magna
1183 3063 1246 3101 ac
1271 3046 1558 3100 ineﬂ'ahilis
1594 3046 1683 3098 Dei
1719 3046 1954 3115 potentia

2059 1858 2237 1928 βολαῖς
2307 1862 2374 1929 τῇ
2419 1858 2651 1929 συζυγία
2694 1857 2801 1910 τῶν
2858 1858 3107 1930 μεγάλων
3152 1861 3451 1930 φωστήρων
3492 1877 3626 1912 κατ-

2057 1949 2356 2020 εκοσμήθη.
2391 1950 2723 2020 Λειπόμενον
2759 1945 2826 2020 ἦν
2869 1950 3097 2012 καὶτοῖς
3133 1950 3286 2003 ὕδασι
3315 1952 3403 2003 τὸν
3427 1953 3624 2003 οἰκεῖον

2057 2041 2256 2110 κόσμον
2277 2041 2620 2110 ἀποδοθῆναι.
2650 2036 2822 2093 Ἦλθε
2852 2040 3200 2112 πρόσταγμα,
3227 2042 3322 2094 καὶ
3345 2041 3506 2106 εὐθὺς
3529 2043 3623 2094 καὶ

2058 2131 2289 2201 ποταμοὶ
2316 2131 2562 2202 ἐνεργοὶ,
2619 2133 2714 2185 καὶ
2762 2130 2948 2203 λίμναι
2998 2132 3210 2204 γόνιμοι
3253 2131 3362 2184 τῶν
3408 2134 3624 2185 οἰκείων

2056 2223 2284 2276 ἕκαστον
2311 2223 2490 2276 αὑτῶν
2508 2225 2600 2276 καὶ
2617 2223 2757 2277 κατὰ
2780 2222 2939 2291 φύσιν
2963 2221 3155 2290 γενῶν.
3182 2221 3292 2277 Καὶ
3319 2225 3352 2294 ἡ
3381 2223 3625 2276 θάλασσα

2055 2316 2124 2368 τὰ
2167 2314 2486 2369 παντοδαπὰ
2530 2315 2663 2386 γένη
2711 2315 2818 2370 τῶν
2871 2316 3099 2369 πλωτῶν
3137 2315 3314 2380 ὢδινε,
3359 2315 3451 2368 καὶ
3503 2316 3621 2368 οὑδὲ

2056 2411 2176 2462 ὅσον
2207 2410 2265 2461 ἐν
2297 2407 2434 2460 ῖλύσι
2467 2408 2561 2460 καὶ
2591 2408 2824 2479 τέλμασι
2855 2409 2946 2461 τοῦ
2982 2408 3172 2471 ὓδατος
3207 2403 3295 2479 ἦν,
3324 2408 3443 2460 οὑδέ
3466 2407 3623 2459 τοῦτο

2056 2500 2243 2571 ἀργὸν,
2265 2500 2382 2552 οὑδέ
2410 2499 2634 2571 ἄμοιρον
2672 2500 2772 2568 τῆς
2806 2499 2947 2553 κατὰ
2977 2501 3075 2570 τὴν
3104 2499 3278 2552 κτίσιν
3315 2497 3620 2560 συντελείας

2056 2593 2337 2663 ἁπέμεινε.
2393 2592 2662 2662 Βάτραχοι
2692 2591 2801 2661 γὰρ
2830 2593 2924 2645 καὶ
2970 2592 3193 2663 ἐμπίδες
3225 2591 3318 2644 καὶ
3365 2589 3622 2652 κώνωπες

2055 2684 2114 2748 ἐξ
2145 2683 2324 2736 αὑτῶν
2362 2683 2719 2748 ἁπεζέννυντο
2750 2684 2858 2754 (81)
2883 2684 3141 2754 δηλονότι.
3179 2682 3259 2736 Τὰ
3281 2685 3386 2754 γὰρ
3421 2683 3500 2736 ἔτι
3530 2685 3622 2736 καὶ

2055 2776 2148 2829 νῦν
2173 2774 2423 2847 ὁρώμενα
2461 2775 2732 2839 ἀπόδειξίς
2762 2778 2877 2831 ἐστι
2899 2776 3007 2829 τῶν
3038 2775 3436 2847 παρελθόντων.
3465 2773 3623 2828 Οῦτω

2055 2866 2163 2918 πᾶν
2211 2864 2353 2936 ὕδωρ
2398 2865 2656 2935 ἠπείγετο
2703 2865 2782 2934 τῷ
2825 2865 3199 2938 δημιουργικῷ
3245 2865 3622 2937 προστάγματι

2055 2957 2380 3027 ὑπουργεῖν·
2431 2972 2526 3009 και
2560 2951 2633 3009 ὧν
2675 2957 2782 3008 οὐδ’
2822 2956 2887 3011 ἂν
2918 2957 2989 3011 τὰ
3026 2958 3158 3028 γένη
3201 2974 3284 3020 τις
3331 2955 3625 3026 ἐξαριθμήο

2057 3047 2254 3100 σασθαι
2303 3047 2578 3118 δυνηθείη,
2627 3048 2831 3101 τούτων
2878 3048 2976 3119 τὴν
3015 3048 3157 3120 ζωὴν
3190 3048 3348 3110 εὑθὺς
3404 3048 3625 3119 ἐνεργὸν

388 3140 657 3194 cllieaeem
681 3155 745 3191 ac
773 3150 916 3192 motu
953 3140 1234 3208 prmditam
1280 3139 1544 3200 reddidit,
1596 3139 1684 3191 ubi
1725 3138 1952 3206 primum

2060 3139 2150 3192 xui.
2182 3139 2506 3210 κινουμένην
2531 3139 2811 3205 ἀπέδειξεν
2846 3140 2955 3209 (82)
2993 3142 3026 3210 η
3059 3140 3266 3210 μεγάλη
3297 3143 3387 3192 καὶ
3420 3140 3624 3208 άφατος

391 3250 543 3304 aqua:
559 3248 655 3301 per
678 3233 804 3286 illud
835 3234 1113 3301 imperium
1142 3232 1207 3285 ad
1231 3231 1592 3300 generandum
1613 3230 1809 3284 animal
1839 3231 1956 3285 ido-

393 3344 508 3382 ηεαδ
537 3327 742 3381 θίῐεειεε
764 3337 906 3379 sunt.
942 3325 1247 3379 Producant
1273 3341 1422 3394 aqua’
1440 3325 1645 3391 reptilia
1661 3325 1954 3377 animarum

392 3416 690 3468 viventium.
722 3413 873 3468 Nunc
899 3413 1130 3484 primum
1157 3415 1454 3467 animatum
1489 3425 1542 3468 et
1574 3429 1762 3468 sensus
1787 3429 1846 3482 pa
1860 3415 1957 3468 rti-

391 3521 517 3572 ceps
539 3506 736 3558 animal
766 3515 1002 3558 creatur.
1036 3503 1170 3557 Nam
1199 3504 1394 3573 planta:
1417 3513 1473 3559 et
1502 3505 1721 3557 arbores
1743 3505 1954 3558 etiamsi

395 3598 574 3650 vivere
605 3595 874 3660 dicantur,
907 3608 1190 3666 propterea
1229 3599 1369 3667 quod
1395 3595 1706 3650 facultatem
1762 3612 1956 3665 quaut-

397 3687 518 3740 dam
560 3703 663 3754 qua
697 3689 1011 3741 nutriuntur
1038 3697 1428 3758 augenturque,
1475 3688 1678 3756 pariter
1713 3687 1911 3740 habent
1941 3703 1954 3748 ;

393 3794 500 3833 non
533 3789 710 3834 tamen
743 3780 995 3833 animalia
1027 3789 1173 3844 sunt,
1204 3795 1378 3848 neque
1402 3794 1489 3834 res
1517 3771 1788 3835 animatae.
1829 3778 1956 3831 Eam

393 3871 460 3924 ob
483 3887 723 3936 causam,
760 3872 1064 3926 Producant
1088 3889 1238 3943 aqua:
1273 3874 1498 3941 reptilia.
1525 3871 1754 3926 Natatile
1783 3870 1956 3939 quod-

393 3963 548 4026 libet,
579 3962 694 4017 sive
727 3963 781 4016 in
815 3963 1100 4031 superﬁcie
1128 3978 1281 4032 aqua:
1309 3965 1536 4026 innatet,
1567 3963 1681 4016 sive
1709 3963 1758 4016 in
1796 3961 1960 4015 l‘undo

393 4069 588 4122 aquam
613 4064 783 4118 secet,
816 4053 882 4109 ad
907 4057 1178 4125 reptilium
1220 4056 1412 4110 attinet
1455 4067 1725 4122 naturam,
1764 4057 1960 4125 quippe

392 4151 534 4219 quod
561 4163 656 4215 per
701 4163 856 4219 aquae
907 4163 1106 4218 corpus
1136 4164 1260 4203 sese
1291 4148 1490 4204 trahat.
1519 4147 1835 4218 Quanquam
1868 4165 1960 4200 au-

397 4249 500 4291 tem
533 4237 781 4308 quadam
809 4253 876 4292 ex
905 4237 1258 4307 aquatilibus,
1289 4240 1455 4309 pedes
1491 4241 1712 4302 habent,
1740 4255 1803 4293 ac
1835 4255 1958 4309 gra-

394 4331 616 4385 diuntur
641 4331 901 4401 (maxime
931 4347 1055 4386 cum
1081 4334 1272 4389 borum
1316 4332 1575 4404 pleraque
1609 4333 1717 4387 sint
1753 4332 1962 4400 amphi-

394 4420 482 4472 bia
503 4460 519 4485 ,
573 4420 715 4475 velut
743 4423 951 4489 phocae,
1000 4423 1280 4487 crocodili,
1310 4423 1600 4477 ﬂuviatiles
1632 4421 1782 4491 equi,
1816 4437 1958 4475 rana:

2055 3231 2147 3285 τοῦ
2180 3231 2314 3284 Θεοῦ
2350 3231 2598 3302 δύναμις,
2641 3231 2777 3302 όμοῦ
2805 3231 2886 3302 τῷ
2916 3234 3293 3302 προστάγματι
3336 3232 3438 3301 τῆς
3488 3233 3625 3303 πρὸς

2054 3323 2115 3376 τὸ
2131 3323 2411 3390 ζωογονεῖν
2435 3321 2865 3392 ἐπιτηδειότητος
2894 3323 3252 3393 ἐγγενομένης
3279 3326 3388 3384 τοῖς
3417 3321 3621 3376 ὕδασιν.

2069 3413 2426 3484 Ἐξαγαγέτω
2455 3413 2527 3468 τὰ
2556 3413 2742 3467 ὕδατα
2775 3415 2992 3482 ἑρπετὰ
3020 3413 3237 3484 ψυχῶν
3259 3413 3480 3474 ζωσῶν.
3503 3415 3618 3467 Νῦν

2059 3504 2271 3576 πρῶτον
2312 3504 2552 3576 ἔμψυχον
2601 3505 2696 3558 καὶ
2740 3504 3044 3574 αἰσθήσεως
3087 3504 3311 3574 μετέχον
3343 3505 3457 3574 (85)
3485 3504 3624 3568 ζῶον

2056 3596 2484 3668 δημιουργεῖται.
2520 3597 2664 3649 Φυτὰ
2694 3595 2803 3667 γὰρ
2827 3597 2922 3650 καὶ
2953 3596 3162 3668 δένδρα,
3194 3596 3295 3649 κᾶν
3331 3596 3429 3667 ζῇν
3461 3596 3624 3666 λέγη-

2056 3706 2143 3741 ται
2181 3687 2267 3741 διὰ
2297 3688 2357 3741 τὸ
2406 3688 2651 3758 μετέχειν
2697 3690 2796 3758 τῆς
2841 3687 3137 3760 θρεπτικῆς
3187 3689 3283 3742 καὶ
3330 3688 3626 3757 αὑῂτικῆς

2056 3781 2354 3851 δυνάμεως,
2390 3779 2501 3833 ἀλλ’
2537 3779 2656 3849 οὐχὶ
2699 3778 2793 3832 καὶ
2832 3779 2966 3842 ζῶα,
3003 3780 3120 3833 οὑδέ
3155 3780 3389 3850 ἔμψυχα.
3423 3780 3623 3832 Τούτου

2057 3891 2119 3942 γε
2158 3873 2340 3938 ἕνεκα,
2383 3871 2750 3941 Ἐξαγαγέτω
2781 3870 2852 3924 τὰ
2904 3871 3092 3925 ὕδατα
3125 3872 3357 3940 ἑρπετά.
3401 3875 3516 3927 Πᾶν
3562 3872 3642 3924 τδ

2058 3966 2332 4038 νηκτικδν,
2364 3965 2465 4018 κᾶν
2506 3968 2571 4035 τῇ
2615 3965 2903 4036 ἐπιφανείᾳ
2927 3964 3020 4017 τοῦ
3067 3965 3255 4028 ὓδατος
3281 3966 3619 4036 ἐπινήχηται,

2061 4058 2164 4112 κᾶν
2191 4059 2277 4111 διὰ
2311 4058 2506 4128 βάθους
2536 4056 2708 4129 τέμνῃ
2736 4056 2796 4110 τὸ
2819 4057 2980 4129 ὕδωρ,
3016 4058 3113 4128 τῆς
3151 4057 3255 4110 τῶν
3279 4057 3625 4129 ὲρπηστικῶν

2061 4152 2174 4203 ἐστι
2209 4149 2442 4220 φύσεως,
2491 4148 2883 4219 ἐπισυρόμενον
2913 4148 2990 4218 τῷ
3033 4148 3126 4201 τοῦ
3173 4149 3361 4212 ὓδατος
3393 4148 3619 4220 σώματι.

2060 4240 2176 4295 Κᾶν
2220 4240 2462 4292 ὑπόποδα
2506 4239 2562 4292 δὲ
2601 4239 2695 4292 καὶ
2747 4240 3049 4309 πορευτικὰ
3091 4239 3310 4312 ὑπάρχῃ
3350 4239 3468 4293 τινὰ
3518 4239 3628 4292 τῶν

2059 4330 2294 4399 ἐνύδρων
2348 4329 2605 4399 (μάλιστα
2655 4330 2753 4398 μέν
2799 4330 3038 4398 ἀμφίϐια
3084 4329 3154 4383 τὰ
3209 4330 3377 4384 πολλὰ
3422 4330 3627 4383 τούτων

2062 4418 2206 4472 ἐστίν
2225 4435 2240 4450 ο
2283 4415 2392 4471 οἷον
2427 4419 2626 4487 φῶκαι,
2653 4420 2745 4473 καὶ
2787 4420 3137 4491 κροκόδειλοι,
3169 4421 3263 4473 καὶ
3293 4421 3341 4473 οἱ
3371 4422 3629 4491 ποτάμιοι

395 4523 448 4565 et
473 4512 703 4583 cancri),
743 4521 980 4568 attamen
1016 4515 1240 4569 natatile
1274 4515 1448 4571 locum
1499 4514 1825 4584 praecipuum
1855 4513 1956 4565 Ob--

2063 4511 2238 4575 ἵπποι,
2288 4511 2380 4564 καὶ
2428 4511 2708 4580 βάτραχοι,
2758 4512 2851 4564 καὶ
2880 4512 3170 4584 καρκῖνοι),
3211 4513 3325 4566 ἀλλ’
3362 4508 3453 4566 οῦν
3493 4530 3626 4584 προ-

398 4600 552 4655 tinet.
605 4601 933 4672 Propterea,
989 4604 1294 4658 Producant
1325 4622 1476 4676 aqua:
1513 4605 1741 4674 reptilia.
1773 4601 1829 4656 ln
1879 4603 1962 4655 his

396 4693 604 4762 exiguis
632 4694 812 4748 verbis
845 4695 1116 4762 quodnam
1152 4695 1408 4750 omissum
1459 4705 1540 4750 est
1575 4695 1784 4764 genus?
1831 4695 1958 4762 quid

398 4801 505 4837 nun
537 4788 989 4856 comprehensum
1021 4798 1104 4842 est
1156 4789 1206 4840 iu
1249 4787 1350 4842 hoc
1403 4787 1601 4857 opiﬁcii
1643 4785 1965 4856 praacepto?

399 4875 587 4930 Nonne
638 4891 703 4932 ea
754 4892 872 4946 (nne
926 4879 1122 4932 animal
1190 4879 1448 4948 pariunt,
1503 4877 1963 4946 comprehendun-

469 5013 557 5068 "l
590 5013 716 5070 Cor.
750 5031 846 5079 xu,
873 5015 924 5071 7.
999 5018 1046 5050 ’°
1074 5016 1207 5072 Gen.
1254 5033 1294 5079 ι,
1317 5016 1407 5079 90,
1440 5016 1530 5069 21.

469 5129 580 5202 (Ῑ9)
607 5129 768 5202 C_oisl.
814 5130 1016 5202 primus
1046 5131 1362 5202 simpliciter
1388 5097 1574 5202 ὁμιλία
1603 5130 1825 5202 ἑϐδόμη.

471 5200 580 5270 (80)
632 5199 770 5272 Edili
819 5217 939 5254 cum
968 5201 1117 5255 Colb.
1145 5199 1383 5254 Secundo
1411 5199 1679 5272 ἀστέρων.
1715 5199 1968 5272 Atquin-

398 5285 662 5343 que_ntss_.
682 5271 928 5343 aestatum

472 5340 583 5406 (8i)
614 5339 808 5394 Editio'
837 5341 1006 5395 Paris.
1039 5339 1384 5404 ἀπεξένυντο.
1423 5341 1598 5394 ΕιΙὶΙίο
1658 5341 1819 5396 Basil.
1857 5344 1961 5395 ἁπ-

400 5409 699 5474 εξέννυντο,
748 5423 974 5480 utraque
1021 5411 1176 5464 male.
1213 5410 1362 5480 Regii
1395 5410 1602 5478 tertius,
1655 5414 1870 5480 quintus
1911 5424 1964 5466 et

405 5489 588 5533 sextus
631 5497 749 5532 cum
796 5479 963 5536 Cui’sl.
1005 5482 1176 5549 primo
1207 5479 1584 5542 ἀπεζέννυντο,
1615 5479 1681 5536 ad
1717 5485 1959 5544 verbum,

404 5549 689 5613 fervebant,
719 5555 816 5605 hoc
837 5562 938 5614 est,
970 5549 1474 5614 scatebaut,abunde
1499 5555 1841 5614 emerqebant.
1869 5554 1962 5605 lie-

404 5619 472 5681 uii
507 5634 632 5671 vero
662 5631 886 5688 quartus
933 5633 986 5674 et
1013 5633 1234 5674 octavus
1257 5636 1377 5673 cum
1415 5621 1564 5674 Colb.
1597 5627 1828 5675 secumto
1859 5627 1961 5676 άπ-

408 5688 689 5752 εζωοῦντο,
720 5690 968 5742 animalia
1021 5691 1237 5757 ﬁebant,
1287 5691 1676 5745 animabunmr.
1732 5691 1955 5748 l’os'suut

405 5759 522 5812 dua:
554 5757 751 5813 ultima:
784 5761 1041 5816 lectiones
1065 5763 1129 5814 ad
1160 5760 1440 5816 arbitrium
1476 5761 1706 5817 admitti.

2061 4601 2363 4672 ηγούμενον
2391 4601 2503 4672 ἔχει
2535 4603 2595 4655 τὸ
2623 4602 2898 4673 νηκτικόν.
2930 4605 3029 4659 Διὰ
3063 4605 3241 4668 τοῦτο,
3274 4606 3631 4676 Ἐξαγαγέτω

2063 4691 2134 4744 τὰ
2165 4691 2352 4745 ὕδατα
2388 4693 2624 4762 ἑρπετά.
2663 4695 2749 4748 Ἐν
2783 4695 2995 4760 τούτοις
3023 4700 3134 4761 τοῖς
3178 4701 3392 4768 μικροῖς
3423 4701 3629 4769 ῥήμασι

2063 4784 2115 4835 τί
2165 4786 2416 4854 παρεῖται
2447 4785 2556 4854 (Sil)
2591 4785 2786 4854 γένος;
2826 4787 2879 4838 τί
2917 4788 3016 4841 οὑκ
3055 4789 3510 4859 ἐμπεριεῖληπται
3552 4789 3631 4860 τῷ

2066 4879 2451 4948 προστάγματι
2506 4878 2604 4947 τῆς
2669 4879 3080 4951 δημιουργίαςς
3158 4879 3236 4935 Οὐ
3309 4882 3378 4936 τὰ
3438 4882 3631 4946 ζωοτο-

2143 5131 2252 5202 (82)
2275 5131 2498 5187 Codices
2527 5133 2630 5186 duo
2662 5129 2959 5202 ἐπέδειξεν.
3002 5129 3248 5202 Subinde
3277 5129 3411 5202 Reg.
3450 5137 3635 5202 serius

2073 5198 2193 5256 eum
2231 5198 2383 5257 Colb.
2420 5205 2595 5270 primo
2626 5201 2718 5254 τοῦ
2747 5201 2883 5254 Θεοῦ
2921 5201 3080 5268 σοφία
3103 5201 3197 5254 καὶ
3230 5199 3474 5267 δύναμις.
3526 5198 3633 5248 Nec.

2075 5275 2146 5325 ita
2177 5274 2341 5324 multo
2359 5284 2478 5341 post
2507 5289 2642 5325 unus
2675 5288 2774 5325 ms.
2805 5271 3160 5341 ἐγγινομένης
3184 5274 3313 5332 τοῖς.

2140 5343 2250 5411 (85)
2283 5334 2393 5396 Ι)υύ
2445 5359 2573 5396 mss.
2618 5334 2860 5411 μέτοχον.
2883 5334 3079 5394 ’διειίίιιι
3116 5334 3346 5411 quatuor
3376 5351 3507 5411 mss.

2069 5406 2303 5480 λέγεται.
2341 5413 2501 5480 ΕιΙίιὶΑί
2544 5406 2662 5464 cuin
2714 5406 2820 5465 uiio
2869 5426 2968 5464 ms.
3009 5406 3244 5478 λέγεται.
3281 5407 3444 5480 Paulo
3496 5406 3632 5480 intra

2068 5473 2232 5535 codex
2262 5483 2410 5536 Bodl.
2445 5476 2556 5535 οἷον
2589 5480 2768 5550 φῶκαι
2801 5482 2892 5534 καὶ
2911 5473 3152 5549 δελφῖνες
3186 5480 3278 5532 καὶ
3301 5478 3498 5548 νάρκαι
3543 5473 3635 5527 καὶ

2067 5554 2114 5604 οἱ
2139 5553 2411 5621 ποτάμιοι,
2440 5563 2544 5605 etc.

2140 5622 2252 5690 (84)
2284 5619 2433 5675 Coll).
2479 5623 2749 5675 secundus
2777 5622 2827 5674 τί
2856 5623 2916 5674 οὑ
2942 5625 3217 5694 παρεῖται,
3255 5619 3437 5694 invitis
3462 5629 3523 5694 ac
3553 5628 3632 5694 re-

2067 5685 2421 5762 rla'tua'ulilms
2461 5705 2568 5744 lunt
2611 5693 2835 5762 reliquis
2864 5711 2992 5748 mss.
3023 5685 3140 5748 iuttt
3183 5692 3343 5747 editis
3377 5688 3545 5749 libris,
3580 5685 3631 5738 ill

2064 5761 2255 5828 quibus
2278 5764 2418 5816 tiCCsl
2445 5765 2524 5816 οὐ.
