4082 6398
346 324 450 381 U9

1429 324 1716 382 HOMILIA
1761 327 1847 382 ΥΠ
1884 327 1949 382 IN
1985 326 2478 382 HEXAEMERON.

3473 328 3575 385 150

338 441 558 504 κοῦντα,
594 434 704 495 οἷον
738 441 917 510 φῶκαι
947 440 1041 494 καὶ
1066 440 1308 510 δελφῖνες
1341 444 1436 496 καὶ
1467 444 1686 514 νάρκαι,
1727 444 1820 496 καὶ
1842 443 1900 496 τό

2018 454 2143 506 tur,
2196 454 2252 496 ut
2307 443 2540 512 phocae,
2589 441 2910 508 delphines,
2977 441 3327 510 torpedines,
3381 450 3436 496 et
3489 443 3577 498 his

336 534 500 604 ὅμοια
538 532 778 596 τούτοις,
818 533 886 586 τὰ
917 532 1113 603 σελάχη
1143 531 1440 602 λεγόμενα;
1478 535 1538 586 ού
1569 535 1637 586 τὰ
1667 534 1911 597 ὼοτόκα,

337 621 486 694 ἅπερ
521 623 638 676 ἐστὶ
675 622 854 675 πάντα
896 622 1080 692 σχεδὸν
1121 621 1230 675 τῶν
1272 621 1467 691 ἰχθύων
1499 623 1564 676 τὰ
1601 624 1764 692 γένη;
1814 625 1912 695 οὐχ

336 717 441 769 ὅσα
463 714 752 778 λεπιδωτὰ,
767 715 866 784 οὐχ
892 715 991 767 ὃσα
1016 715 1279 782 φολιδωτὰ
1301 715 1433 784 (85),
1447 716 1546 786 οὺχ
1561 710 1642 779 οἷς
1658 719 1772 769 ἐστι
1791 733 1914 769 πτε-

337 808 502 879 ρύγια
525 807 622 859 καὶ
654 803 735 869 οἷς
771 807 844 877 μή
877 808 1057 869 ὲστιν;
1100 807 1164 858 Ἦ
1199 807 1298 876 μὲν
1340 807 1492 878 φωνὴ
1539 806 1634 861 τοῦ
1671 809 1909 879 προστά-

334 916 547 970 γματος
606 899 796 970 μικρὰ,
853 898 1051 968 μᾶλλον
1099 898 1155 950 δὲ
1199 899 1321 952 οὐδὲ
1356 899 1525 969 φωνὴ,
1577 899 1714 953 ἀλλὰ
1769 900 1908 971 ῥοπὴ

340 993 500 1062 μόνον
540 992 633 1044 κα)⁸
668 992 810 1064 ὁρμὴ
852 991 946 1044 τοῦ
986 990 1316 1061 θελήματος’
1371 993 1432 1045 τὸ
1479 993 1536 1045 δὲ
1580 994 1679 1064 τῆς
1724 995 1783 1046 ἐν
1830 992 1908 1063 τῷ

337 1084 726 1154 προστάγματι
753 1083 992 1146 διανοίας
1020 1082 1285 1152 πολύχουν
1312 1083 1565 1137 τοσοῦτόν
1591 1085 1757 1147 ὲστιν,
1788 1083 1907 1135 ὅσαι

335 1177 432 1228 καὶ
477 1174 586 1241 (86)
632 1177 686 1227 αἱ
736 1173 842 1227 τῶν
898 1172 1093 1244 ἰχθύων
1130 1174 1383 1245 διαφοραὶ
1430 1174 1526 1228 καὶ
1578 1174 1905 1244 κοινότητες,

332 1261 418 1330 οἷς
450 1268 586 1319 πᾶσι
622 1267 688 1319 δι’
718 1265 1000 1336 ἀκριϐείας
1047 1264 1355 1330 ἐπεξελθεῖν
1387 1267 1498 1318 ίσον
1530 1266 1645 1318 ἐστὶ
1685 1266 1780 1318 καὶ
1810 1263 1908 1318 κύ-

338 1375 488 1427 ματα
526 1357 792 1424 πελάγους
821 1356 1271 1427 ἁπαριθμεῖσθαι,
1307 1357 1339 1427 ἢ
1368 1361 1487 1420 ταῖς
1511 1357 1762 1420 κοτύλαις
1789 1374 1908 1409 πει-

339 1447 540 1517 ρᾶσθαι
573 1447 632 1498 τὸ
659 1445 801 1516 ὕδωρ
831 1447 928 1516 τῆς
959 1447 1228 1516 θαλάσσης
1271 1447 1617 1518 ἀπομετρεῖν.
1663 1449 1906 1518 Ἐξαγα-

332 1539 483 1609 γέτω
507 1539 578 1592 τὰ
607 1539 795 1591 ὕδατα
820 1537 1055 1605 ἑρπετά.
1091 1539 1177 1590 Ἐν
1197 1537 1406 1602 τούτοις
1433 1539 1509 1593 ἔνι
1534 1540 1606 1593 τὰ
1629 1539 1902 1608 πελάγια,

332 1632 402 1684 τὰ
431 1629 747 1700 αἱγιαλώδη,
771 1628 840 1682 τὰ
875 1629 1054 1699 βύθια,
1078 1631 1147 1684 τὰ
1179 1630 1446 1704 πετρώδη,
1472 1632 1539 1686 τὰ
1568 1631 1812 1700 ἀγελαῖα,
1838 1632 1905 1686 τὰ

333 1721 658 1792 σποραδικά,
692 1721 759 1774 τὰ
812 1723 975 1792 κήτη,
1017 1722 1087 1774 τὰ
1133 1724 1444 1794 ὑπέρογκα,
1491 1723 1559 1776 τὰ
1602 1723 1903 1776 λεπτότατα

2012 535 2209 588 similia
2241 574 2257 598 ,
2305 550 2426 603 quae
2489 535 2739 588 dicuntur
2802 531 3235 601 cartilaginosa?
3290 551 3468 589 annon
3511 550 3573 590 ea
3628 532 3637 540 ’

2010 629 2394 695 comprehensa
2446 637 2570 680 sunt
2624 641 2744 697 qua:
2801 640 2902 682 ova
2961 627 3161 692 edunt,
3215 627 3393 696 qualia
3448 638 3576 684 sunt

2007 723 2183 776 omnia
2213 723 2328 776 fcre
2378 722 2602 790 piscium
2659 735 2856 790 genera
2881 721 2904 774 ?
2937 735 3112 774 nonne
3139 735 3423 790 squamosa
3453 736 3571 776 om-

2009 814 2094 867 nia
2115 815 2138 867 ?
2162 828 2338 868 nonne
2368 815 2544 868 omnia
2593 813 2856 867 eorticosa
2885 813 2908 866 ί
2936 827 3109 866 nonne
3143 813 3336 881 quibus
3394 813 3577 869 insunt

2006 906 2205 974 pinnae,
2229 915 2284 958 et
2315 905 2508 972 quibus
2553 918 2655 958 non
2712 903 2884 958 sunt?
2910 904 3025 958 Vox
3074 905 3289 971 quidem
3321 905 3572 975 praecepti

2007 1009 2194 1062 parva,
2229 995 2338 1048 imo
2367 1009 2434 1047 ne
2473 1009 2574 1048 vox
2607 994 2844 1064 quidem,
2877 994 2969 1048 sed
2997 993 3168 1048 solum
3204 1002 3364 1049 nutus
3394 1004 3449 1049 et
3476 1010 3571 1049 vo-

2007 1083 2230 1138 luntatis
2263 1084 2530 1152 impetus:
2567 1091 2618 1136 at
2653 1098 2780 1136 vero
2823 1084 3125 1148 sententiae,
3149 1098 3267 1149 quae
3288 1087 3342 1138 in
3369 1100 3570 1154 praece-

2006 1184 2096 1244 pto
2119 1175 2403 1239 delitescit,
2438 1183 2582 1228 tanta
2607 1185 2692 1229 est
2743 1175 2996 1236 varietas,
3029 1185 3228 1245 quanta
3268 1184 3322 1230 et
3353 1175 3465 1245 ipsa
3493 1175 3573 1243 pi-

2005 1267 2175 1319 scium
2205 1265 2526 1329 diﬂ‘erentia,
2555 1275 2646 1318 aut
2671 1266 2924 1320 societas.
2958 1267 3087 1332 Quae
3107 1267 3284 1320 omnia
3321 1279 3571 1322 accurate

2007 1373 2308 1422 recensere,
2333 1357 2552 1425 perinde
2575 1367 2656 1410 est
2689 1370 2849 1428 atque
2883 1358 2927 1411 si
2963 1359 3229 1428 quispiam
3258 1358 3452 1413 ﬂuctus
3480 1373 3572 1427 pe-

2008 1442 2106 1508 lagi
2140 1457 2481 1507 enumerare,
2520 1452 2612 1496 aut
2663 1459 2852 1499 manus
2895 1446 3009 1500 vola
3042 1463 3234 1516 aquam
3289 1448 3450 1502 maris
3479 1449 3570 1501 atl-

2007 1533 2181 1587 metiri
2240 1547 2545 1588 conaretur.
2591 1535 2892 1589 Prorlucant
2943 1554 3092 1606 aqua:
3145 1539 3364 1603 replilia.
3396 1539 3449 1592 In
3489 1541 3572 1594 his

2004 1635 2132 1679 sunt
2152 1626 2377 1694 pelagio,
2412 1626 2646 1693 litterea,
2676 1629 2778 1682 alia
2806 1628 2858 1683 in
2892 1631 3152 1699 profundo
3177 1632 3439 1700 degentia,
3468 1633 3572 1687 alia

2006 1716 2173 1786 petris
2206 1717 2534 1771 adhaerentia
2575 1735 2590 1770 :
2625 1729 2752 1774 sunt
2807 1722 3065 1792 gregalia,
3119 1722 3390 1791 solivaga,
3431 1735 3569 1790 cete,

331 1813 441 1866 τῶν
491 1814 703 1884 ἰχθύων,
764 1815 841 1885 Τῇ
888 1813 996 1884 γὰρ
1043 1815 1178 1886 αὐτῇ
1230 1814 1474 1885 δυνάμει,
1537 1815 1630 1867 καὶ
1683 1813 1760 1884 τῷ
1806 1814 1900 1884 ἴσῳ

2007 1811 2221 1863 maximi
2253 1820 2308 1865 et
2342 1812 2688 1866 minutissimi
2714 1811 2908 1883 pisces.
2941 1814 3224 1870 Enimvero
3254 1818 3450 1873 virtute
3481 1833 3572 1874 ea-

332 1905 736 1975 προστάγματι,
769 1906 831 1958 τό
856 1923 914 1959 τε
952 1906 1092 1976 μέγα
1125 1907 1217 1959 καὶ
1247 1907 1306 1959 τὸ
1339 1907 1532 1978 μικρὸν
1569 1905 1905 1976 μεταλαγχά-

330 2013 413 2048 νει
437 1996 528 2048 to?)
555 1993 709 2050 εἶναι.
750 1996 1114 2066 Ἐξαγαγέτω
1135 1997 1207 2050 τὰ
1228 1997 1434 2051 ὕδατα.
1468 1997 1673 2064 Ἔδειξέ
1703 2015 1784 2050 σοι
1804 1997 1901 2066 τὴν

331 2088 569 2157 φυσικὴν
625 2087 733 2139 τῶν
779 2089 989 2158 νηκτῶν
1047 2090 1181 2160 πρὸς
1234 2089 1294 2142 τὸ
1346 2089 1491 2160 ὕδωρ
1553 2089 1896 2156 συγγένειαν·

330 2178 412 2231 διδ
457 2178 567 2248 (87)
610 2180 802 2250 μικρὸν
837 2182 885 2232 οἱ
937 2180 1115 2250 ἰχθύες
1165 2180 1520 2250 χωρισθέντες
1565 2178 1658 2232 τοῦ
1712 2179 1902 2242 ὕδατος

329 2270 750 2340 διαφθείρονται.
804 2272 936 2324 Οὐδὲ
983 2273 1092 2344 γὰρ
1149 2272 1360 2342 ἔχουσιν
1410 2273 1700 2342 ἀναπνοὴν,
1761 2270 1900 2324 ὥστε

330 2362 511 2414 ’ἐλκειν
555 2361 643 2414 τὸν
685 2363 820 2432 ἀέρα
855 2362 1077 2415 τοῦτονο
1131 2363 1245 2415 ἀλλ’
1288 2365 1424 2433 ὅπερ
1471 2366 1582 2425 τοῖς
1629 2363 1900 2433 χερσαίοις

331 2457 481 2507 ἐστὶν
516 2455 643 2525 ἀὴρ,
678 2455 837 2508 τοῦτο
884 2455 963 2526 τῷ
1009 2454 1206 2524 πλωτῷ
1237 2455 1380 2524 γένει
1415 2456 1475 2507 τὸ
1507 2455 1668 2524 ὕδωρ.
1705 2455 1814 2507 Καὶ
1866 2455 1898 2525 ἡ

331 2543 484 2595 αἰτία
537 2543 688 2613 δήλη.
741 2544 862 2596 ’Ότι
922 2545 1052 2614 ἡμῖν
1111 2544 1206 2612 μὲν
1253 2546 1281 2596 ὁ
1326 2544 1580 2614 πνεύμων
1637 2543 1897 2612 ἔγκειται,

330 2634 522 2702 ἀραιὸν
557 2635 648 2686 καὶ
682 2633 986 2705 πολύπορον
1015 2634 1336 2704 σπλάγχνον,
1366 2636 1394 2687 ὂ
1425 2635 1512 2688 διὰ
1548 2636 1646 2704 τῆς
1676 2635 1768 2687 τοῦ
1799 2633 1902 2687 θώ-

335 2743 497 2796 ρακος
531 2727 811 2796 διαστολῆς
843 2726 932 2779 τὸν
961 2727 1100 2797 ἀέρα
1135 2729 1442 2798 δεχόμενον,
1477 2727 1537 2780 τὸ
1567 2728 1712 2780 ἔνδον
1743 2728 1900 2798 ἡμῶν

333 2817 535 2887 θερμὸν
559 2818 888 2886 διαρῤιπίζει
929 2820 1020 2870 καὶ
1053 2819 1350 2888 ἀναψύχει·
1377 2819 1604 2882 ἐκείνοις
1641 2819 1696 2871 δὲ
1728 2821 1760 2890 ἡ
1791 2819 1900 2872 τῶν

335 2906 610 2976 βραγχίων
663 2906 913 2977 διαστολὴ
969 2907 1060 2958 καὶ
1114 2907 1416 2972 ἐπίπτυξις,
1479 2908 1779 2978 δεχομένων
1841 2906 1900 2959 τὸ

335 3001 479 3070 ὕδωρ
505 3001 599 3053 καὶ
627 3000 888 3063 διιέντων,
924 2999 1012 3051 τὸν
1042 3000 1138 3069 τῆς
1186 3001 1458 3071 ἀναπνοῆς
1483 3001 1636 3070 λόγον
1663 3000 1901 3073 ὰποπλη-
1945 3049 1952 3058 .

2004 1901 2124 1954 dem
2159 1909 2214 1955 ct
2241 1902 2431 1970 aequali
2464 1912 2732 1972 praecepto
2766 1904 2967 1957 animal
3016 1913 3126 1958 tum
3174 1920 3424 1974 magnum
3459 1917 3568 1960 tum

2003 2008 2223 2063 parvum
2254 1994 2306 2047 in
2336 1993 2510 2049 lucem
2543 1993 2743 2049 editur.
2782 1993 3093 2050 Producnnt
3125 2014 3294 2067 aqum.
3328 1997 3574 2054 Ostendit

2002 2086 2099 2142 tibi
2128 2102 2244 2140 eam
2277 2101 2436 2154 quam
2470 2086 2712 2142 natatilia
2771 2103 2892 2142 cum
2933 2090 3084 2159 aquis
3119 2089 3318 2144 habent
3342 2089 3572 2144 allinila-

2003 2191 2108 2233 tem
2135 2195 2150 2244 ;
2187 2193 2357 2248 eoque
2381 2181 2556 2248 pisces
2585 2180 2853 2251 paululum
2881 2183 2949 2236 ab
2992 2196 3131 2253 aqua
3169 2182 3381 2248 semoti,
3407 2182 3573 2236 inter-

2000 2283 2150 2328 eunt.
2193 2272 2381 2343 Neque
2427 2273 2569 2328 enim
2617 2273 2748 2343 ipsis
2799 2273 2939 2328 inest
2983 2273 3300 2342 respiratio,
3329 2283 3387 2327 ut
3432 2274 3572 2329 hunc

2003 2364 2208 2432 possint
2264 2364 2480 2418 trahere
2511 2378 2689 2419 aerem
2720 2381 2735 2416 :
2771 2365 2865 2418 sed
2917 2365 3058 2434 quod
3117 2364 3467 2418 terrestribus
3490 2372 3571 2420 est

2001 2469 2112 2518 aer,
2151 2454 2202 2507 id
2233 2469 2371 2522 aqua
2408 2465 2490 2508 est
2541 2455 2666 2509 huic
2720 2456 3025 2509 natatilium
3079 2455 3285 2523 generi.
3317 2456 3379 2509 Et
3407 2470 3566 2510 causa

2002 2545 2144 2598 clara
2167 2554 2253 2599 est
2284 2555 2338 2598 et
2361 2545 2668 2600 manifesta.
2693 2544 2955 2599 Nimirum
2984 2545 3037 2598 in
3067 2547 3218 2600 nobis
3252 2555 3334 2599 est
3365 2545 3566 2614 pulmo,

1999 2637 2177 2691 viscus
2204 2652 2385 2690 rarum
2427 2651 2492 2692 ac
2529 2637 2711 2692 multis
2748 2637 3013 2692 meatibus
3041 2648 3254 2705 patens,
3289 2638 3430 2703 quod
3477 2650 3572 2704 per

2004 2727 2242 2782 thoracis
2293 2727 2676 2783 distensionem
2736 2742 2914 2782 aerem
2973 2728 3256 2796 recipiens,
3300 2728 3568 2781 internum

2003 2825 2247 2871 nostrum
2297 2816 2528 2871 calorem
2589 2817 2810 2872 ventilat
2861 2817 3297 2886 refrigeratque:
3365 2819 3416 2872 in
3468 2815 3572 2872 illis

2001 2922 2129 2964 vero
2177 2910 2562 2964 branchiarum
2627 2911 2887 2965 distensio
2950 2920 3004 2966 et
3060 2911 3397 2975 contractio,
3451 2926 3568 2980 quae

2003 3015 2195 3070 aquam
2220 3003 2522 3071 suscipiunt
2557 3011 2610 3056 et
2633 3003 2907 3067 emittunt,
2933 3018 3127 3056 munus
3161 3018 3225 3057 ac
3259 3003 3426 3056 vicem
3473 3017 3572 3056 cx-

334 3097 438 3163 ροί.
490 3094 647 3156 Ἰδιος
699 3093 896 3164 κλῆρος
949 3093 1054 3145 τῶν
1109 3093 1322 3164 ἰχθύων,
1367 3094 1470 3148 ίδία
1504 3094 1683 3164 φύσις,
1723 3094 1900 3147 δίαιτα

2001 3095 2147 3165 plent
2173 3095 2564 3163 respirationis.
2605 3095 2822 3163 Propria
2856 3095 3078 3164 piscium
3105 3105 3186 3148 est
3211 3109 3349 3153 sors,
3381 3101 3568 3146 natura

334 3184 735 3254 κεχωρισμένη,
777 3185 1071 3255 ἱδιότροπος
1107 3186 1138 3254 ἡ
1176 3185 1306 3256 ζωή.
1350 3187 1446 3240 Διά
1485 3187 1629 3239 τοῦτο
1667 3186 1785 3239 ούδὲ
1821 3201 1901 3238 τι-

333 3275 692 3329 θασσεύεσθαί
723 3293 775 3328 τι
802 3276 910 3329 τῶν
949 3276 1161 3346 νηκτῶν
1202 3277 1576 3348 καταδέχεται,
1609 3277 1728 3331 οὐδὲ
1766 3276 1900 3341 ὅλως

333 3367 594 3439 ὑπομένει
629 3367 808 3439 χειρὸς
833 3369 1178 3439 ἀνθρωπίνης
1201 3369 1477 3439 ἐπιϐολήν.

401 3458 456 3512 2.
511 3456 874 3526 Ἐξαλγηιιτέτω
904 3457 974 3511 τὰ
995 3457 1182 3512 ὕδατα
1208 3457 1424 3527 ἑρπετὰ
1452 3457 1668 3527 ψυχῶν
1701 3456 1900 3520 ζωσῶν

333 3549 483 3604 κατὰ
528 3547 718 3617 γένος.
778 3547 1036 3601 Ἐκὰστου
1090 3548 1280 3617 γένους
1325 3549 1425 3612 τὰς
1472 3549 1724 3620 ἀπαρχὰς
1781 3548 1896 3612 νῦν,

329 3641 495 3694 οἱονεὶ
525 3639 816 3711 σπέρματά
845 3657 964 3694 τινα
996 3643 1094 3711 τῆς
1127 3640 1359 3709 φύσεως,
1403 3641 1770 3712 προϐληθῆναι
1811 3658 1899 3693 κε-

331 3730 474 3782 λεύει
517 3730 660 3800 (88)·
695 3732 756 3783 τὸ
787 3731 842 3784 δὲ
879 3730 1078 3800 πλῆθος
1123 3731 1300 3784 αὐτῶν
1343 3734 1398 3784 ὲν
1445 3735 1511 3803 τῇ
1546 3732 1682 3802 μετὰ
1730 3733 1899 3786 ταῦτα

329 3822 545 3892 διαδοχῇ
579 3822 928 3892 ταμιεύεται,
963 3825 1088 3876 ὅταν
1119 3825 1439 3889 αὐξάνεσθαι
1463 3825 1601 3878 αὐτὰ
1635 3827 1727 3879 καὶ
1759 3827 1897 3897 πλη-

330 3910 585 3963 θύνεσθαι
623 3911 737 3983 δέῃ.
783 3913 975 3964 Ἀλλου
1011 3914 1200 3982 γένους
1237 3916 1352 3966 ἐστὶ
1384 3915 1448 3968 τὰ
1489 3915 1900 3987 ὀστρακόδερμα

329 4005 877 4074 προσαγορευόμεναι
909 4000 1018 4057 οἷον
1047 4006 1271 4075 κόγχαι,
1304 4008 1395 4059 καὶ
1423 4007 1608 4070 κτένες
1627 4047 1642 4071 ,
1679 4009 1771 4060 καὶ
1812 4025 1898 4060 κο-

328 4095 474 4164 χλίαι
519 4094 817 4161 θαλάσσιοι,
858 4099 952 4149 καὶ
999 4099 1279 4168 οῖρόμὸοι,
1325 4099 1418 4150 καὶ
1457 4100 1510 4150 αἱ
1555 4099 1744 4170 μυρίαι
1788 4100 1896 4153 τῶν

327 4187 564 4257 ὀστρέων
590 4188 858 4258 διαφοραί.
892 4189 1053 4241 Ἄλλο
1075 4189 1232 4242 πάλιν
1263 4190 1409 4260 παρὰ
1432 4189 1600 4242 ταῦτα
1624 4190 1798 4258 γένος,
1830 4191 1898 4244 τὰ

332 4279 756 4350 μαλακόστρακα
778 4297 1040 4352 προσειρη
1051 4280 1204 4351 μένα,
1232 4282 1482 4352 κάραϐοι,
1507 4283 1600 4335 καὶ
1627 4286 1894 4353 καρκῖνοι,

328 4375 420 4426 καὶ
444 4373 508 4425 τὰ
538 4373 892 4445 παραπλήσια
922 4373 1149 4438 τούτοις.
1186 4376 1409 4446 Ἕτερον
1437 4376 1584 4446 παρὰ
1606 4376 1774 4430 ταῦτα
1802 4377 1895 4445 γέ-

2001 3185 2238 3253 propria,
2272 3184 2444 3239 victus
2476 3195 2772 3253 separatus,
2824 3183 3108 3252 peculiaris
3143 3185 3265 3237 vita.
3308 3183 3429 3236 Ideo
3480 3198 3574 3236 ne.

2000 3287 2104 3341 que
2133 3274 2363 3330 cicurari
2401 3275 2692 3344 quidquam
2731 3290 2796 3328 ex
2830 3274 3141 3328 natatilihus
3169 3283 3364 3342 potest,
3401 3286 3571 3342 neque

2002 3364 2109 3418 ullo
2150 3366 2308 3419 modo
2340 3351 2595 3420 humanae
2622 3381 2814 3420 manus
2844 3375 3148 3419 contactum
3184 3364 3405 3434 patitur.

2069 3456 2122 3509 2.
2152 3456 2636 3526 Producantaquw
2677 3458 2884 3520 reptilia
2931 3459 3222 3510 animarum
3261 3455 3568 3528 “viven-

1999 3548 2128 3601 tium
2151 3547 2432 3602 secundum
2456 3565 2637 3616 genus.
2675 3547 3111 3616 Uuiuscujusque
3136 3549 3346 3616 generis
3381 3547 3570 3615 primi-

2004 3635 2105 3690 tias
2133 3651 2296 3698 nunc,
2333 3637 2486 3706 quasi
2534 3637 2776 3706 quaedam
2821 3647 3026 3692 naturae
3071 3639 3270 3693 semina
3294 3679 3309 3700 ,
3348 3640 3566 3708 produci

1993 3727 2148 3797 jubet
2179 3744 2192 3779 :
2222 3742 2406 3784 eorum
2467 3739 2645 3782 autem
2691 3729 2975 3783 multitudo
3011 3730 3062 3783 in
3101 3740 3402 3783 secuturam
3454 3745 3570 3783 suc—

1999 3822 2297 3876 cessionem
2336 3823 2657 3886 remittitur,
2699 3838 2817 3877 cum
2869 3837 2930 3875 ea
2981 3832 3133 3876 aucta
3174 3822 3469 3890 oportuerit
3505 3836 3568 3876 ac

2006 3913 2377 3983 multiplicata.
2426 3915 2663 3969 Alterius
2713 3915 2924 3983 generis
2972 3922 3096 3970 sunt
3146 3929 3207 3968 ea
3250 3928 3367 3983 quae
3417 3914 3568 3968 testis

1998 4015 2183 4074 operta
2248 4006 2530 4069 dicuntur,
2584 4021 2680 4061 ceu
2726 4007 2964 4070 conclue,
3020 4006 3289 4075 pectines,
3335 4005 3566 4060 cochleae

1999 4098 2239 4162 marium,
2276 4099 2523 4164 strombi,
2557 4109 2609 4152 et
2644 4099 2942 4153 innumera:
2986 4110 3287 4153 ostreorum
3317 4097 3566 4152 dill‘eren—

2001 4191 2104 4243 tite.
2143 4188 2346 4243 Prwter
2381 4190 2493 4243 haec
2520 4189 2663 4243 aliud
2700 4205 2890 4244 rursus
2917 4205 3084 4257 genus
3117 4198 3241 4244 sunt
3281 4206 3400 4259 quae
3439 4205 3565 4243 cru-

1998 4292 2176 4336 stacea
2235 4293 2536 4335 vocantur:
2568 4282 2819 4336 nimirum
2864 4283 3084 4346 carabi,
3125 4281 3328 4344 cancri,
3379 4290 3430 4335 et
3481 4281 3566 4334 his

1998 4372 2214 4426 similia.
2257 4373 2414 4426 Aliud
2461 4384 2656 4442 prmter
2710 4375 2821 4428 lucc
2871 4389 3036 4444 genus
3079 4383 3160 4428 est
3212 4387 3396 4427 eorum
3441 4387 3561 4441 quae

325 4485 414 4530 νος
451 4469 568 4520 ἐστι
599 4466 668 4520 τὰ
704 4468 942 4537 μαλάκια
980 4468 1120 4521 οὓτω
1158 4469 1666 4540 προσαγορευθέντα
1688 4510 1701 4531 ,
1755 4470 1894 4522 ὅσων

2001 4468 2174 4520 mollia
2209 4467 2476 4537 appellant
2510 4485 2524 4522 :
2560 4483 2789 4538 quorum
2827 4485 2955 4524 caro
2997 4480 3180 4525 tenera
3211 4477 3296 4523 est
3333 4478 3386 4523 et
3414 4469 3553 4534 laxa,

324 4565 358 4632 ἡ
411 4562 545 4633 σὰρξ
588 4562 771 4633 ἁπαλὴ
802 4563 896 4614 καὶ
946 4560 1150 4632 χαύνη·
1188 4561 1516 4628 πολύποδες,
1552 4563 1644 4615 καὶ
1679 4561 1891 4632 σηπίαι,

324 4656 419 4706 καὶ
449 4656 516 4708 τὰ
553 4655 712 4725 ὃμοια
737 4654 968 4716 τούτοις.
1000 4655 1110 4706 Καὶ
1139 4655 1196 4705 ὲν
1219 4653 1427 4717 τούτοις
1449 4654 1612 4707 πάλιν
1637 4653 1895 4725 διαφοραὶ

327 4746 535 4817 μυρίαι.
567 4747 870 4815 Δράκοντες
907 4745 1015 4816 γὰρ
1046 4745 1140 4799 καὶ
1179 4745 1434 4818 μύραιναι
1466 4745 1578 4817 (89)
1616 4747 1710 4799 καὶ
1740 4745 1894 4816 ἐγχέ-

324 4839 465 4902 λυες,
495 4840 550 4891 αἱ
576 4831 718 4890 κατὰ
747 4839 869 4900 τοὺς
901 4837 1140 4901 ίλυώδεις
1170 4840 1445 4908 ποταμοὺς
1471 4838 1561 4891 καὶ
1586 4837 1780 4908 λίμνας
1805 4854 1889 4906 γι-

319 4928 560 4997 νόμεναι,
595 4929 709 4990 τοῖς
750 4928 970 4990 ἰοϐόλοις
1017 4927 1216 4997 μᾶλλον
1260 4928 1366 4981 τῶν
1401 4929 1663 4998 ἑρπετῶν,
1703 4928 1736 4999 ἢ
1774 4929 1888 4990 τοῖς

323 5021 499 5090 ἰχθύσι
541 5021 682 5075 κατὰ
720 5022 816 5091 τὴν
859 5023 1151 5093 ὁμοιότητα
1191 5023 1288 5092 τῆς
1333 5022 1546 5090 φύσεως
1597 5020 1887 5095 προσεγγί-

319 5114 522 5176 ξουσιν.
575 5113 737 5165 ’Ἄλλο
766 5114 920 5182 γένος
948 5115 1009 5166 τὸ
1035 5115 1143 5168 τῶν
1187 5114 1582 5177 ὠοτοκούντων,
1628 5113 1722 5166 καὶ⁹
1760 5111 1889 5165 ἄλλο

318 5205 377 5256 τὸ
405 5203 514 5257 τῶν
548 5203 974 5270 ζωοτοκούντων.
1016 5208 1282 5260 Ζωοτοκεῖ
1305 5205 1361 5259 δὲ
1401 5205 1468 5260 τὰ
1505 5202 1747 5275 γαλεώδη
1793 5201 1887 5256 καὶ

388 5473 501 5548 (85)
531 5477 620 5529 Sic
654 5477 787 5531 Duc.
833 5486 1059 5547 uterque
1095 5489 1146 5532 et
1180 5478 1424 5532 Combef.
1460 5493 1578 5548 curn
1616 5475 1737 5531 aliis
1768 5476 1886 5545 qui-

316 5547 537 5604 b-isilatn
567 5565 691 5603 mss.
727 5547 914 5602 [Nostra
943 5549 1107 5602 editio
1137 5548 1308 5600 Paris.
1335 5547 1635 5615 φωλιδωτά.

387 5620 498 5682 (86)
529 5619 600 5668 Ita
633 5634 759 5671 mss.
795 5619 968 5670 multi.
1007 5619 1165 5671 Abest
1205 5617 1295 5670 καί
1325 5622 1390 5669 ab
1423 5620 1601 5673 editis.

388 5688 497 5756 (87)
532 5688 677 5741 Unus
731 5705 827 5739 ms.
879 5688 946 5740 δι’
999 5689 1101 5740 ὅτι.
1152 5689 1438 5754 Aliquanto
1487 5699 1603 5756 post
1647 5689 1879 5756 quinque

317 5773 445 5814 mss.
477 5759 558 5811 ὅτι
607 5760 739 5827 ἡμῖν
797 5759 893 5828 μὲν
943 5761 988 5810 ὁ.
1041 5760 1193 5813 Deest
1244 5756 1341 5828 μέν
1384 5757 1434 5812 in
1507 5769 1730 5826 utraqm:
1768 5760 1875 5813 edi-

1993 4559 2069 4611 uti
2094 4558 2291 4628 polypi,
2324 4567 2376 4612 et
2405 4560 2586 4629 sepiae,
2620 4568 2917 4630 caeteraque
2960 4560 3240 4628 ejusmodi.
3271 4559 3338 4614 Et
3367 4560 3419 4613 in
3453 4559 3554 4614 illis

1993 4652 2188 4704 iterum
2245 4650 2469 4705 infinitae
2519 4651 2861 4720 reperiuntur
2924 4651 3232 4705 varietates.
3288 4650 3560 4704 Dracones

1992 4744 2156 4811 enim,
2190 4759 2463 4809 murteum,
2495 4753 2549 4798 et
2583 4745 2830 4815 anguilla:
2855 4745 2907 4799 in
2937 4744 3143 4799 limosis
3168 4743 3476 4798 ﬂuminibus
3505 4752 3560 4797 et

1995 4838 2045 4890 in
2103 4837 2310 4906 stagnis
2361 4847 2680 4902 nascentes,
2717 4837 2999 4905 reptilibus
3052 4836 3334 4890 venenatis
3390 4835 3562 4906 magis

1993 4943 2151 4996 quam
2178 4927 2576 4996 piscibusjuxta
2605 4937 2815 4982 natura:
2838 4927 3243 4982 similitudinem
3274 4929 3559 4982 accedunt.

1992 5017 2270 5073 Pertiuent
2299 5021 2363 5073 ad
2423 5019 2566 5073 aliud
2621 5035 2790 5089 genus
2841 5034 2902 5074 ea
2955 5034 3075 5088 quae
3112 5034 3295 5083 ovum,
3328 5018 3393 5070 ad
3418 5017 3559 5072 aliud

1994 5126 2120 5165 vero
2142 5127 2202 5165 ea
2235 5127 2353 5179 quae
2389 5111 2590 5193 animal
2633 5113 2866 5181 pariunt.
2898 5109 3195 5166 I'rocreant
3238 5119 3417 5164 autem
3444 5111 3562 5164 ani-

1992 5202 2187 5259 malea
2223 5218 2340 5272 quae
2381 5204 2656 5260 mustelini
2699 5204 2912 5274 generis
2950 5201 3396 5272 suutetcynisci,
3427 5200 3559 5254 etin

1989 5475 2150 5530 tione.

2061 5547 2171 5616 (88)
2229 5549 2360 5616 Reg.
2407 5557 2592 5600 sextus
2635 5562 2756 5598 cum
2802 5545 2951 5599 Colb.
3003 5545 3176 5616 primo
3201 5540 3555 5616 Δἐμὸληῐὴτινειι

1988 5613 2212 5670 κελεύει.
2259 5613 2455 5672 Ibidem
2502 5627 2731 5684 quatuor
2773 5632 2900 5668 mss.
2928 5616 2989 5668 τὸ
3016 5614 3069 5668 δὲ
3125 5613 3342 5682 πλῆθος.
3394 5615 3556 5667 Abest

1984 5686 2037 5740 δέ
2062 5691 2128 5739 ab
2158 5694 2391 5742 excusis.

2057 5761 2166 5829 (89)
2196 5760 2343 5813 Multi
2379 5774 2506 5814 mss.
2543 5758 2635 5810 καὶ
2664 5755 2976 5827 σμύραιναι.
