4082 6398
521 310 620 368 εει

1866 313 1924 368 S.
1970 314 2216 369 BASILll
2258 315 2473 371 MAGNI

3677 314 3797 370 l52

513 445 748 495 summa,
784 445 846 486 ea
873 445 990 501 quae
1035 432 1415 503 cartilaginosa
1456 441 1737 486 vocantur.
1764 431 1903 498 Quin
1935 435 2101 487 etiam

2229 435 2254 486 ›ἰ
2306 433 2553 487 κυνίσκοι
2598 432 2730 504 (90),
2775 433 2868 486 καὶ
2904 431 3238 496 ἁπαξαπλῶς
3274 431 3342 484 τὰ
3386 431 3584 502 σελαχη
3633 431 3793 500 λεγό-

517 523 661 580 inter
689 531 841 589 cete,
874 524 1103 593 plurima
1140 533 1267 579 sunt
1317 537 1437 594 quae
1482 524 1680 577 animal
1715 524 1960 594 gignunt,
1989 523 2103 577 del-

520 612 718 680 phines
747 621 802 667 et
826 613 1036 682 phocae,
1065 628 1187 682 quae
1220 627 1346 668 suos
1384 613 1592 668 catulos
1635 622 1882 668 recentes
1927 613 2106 668 adhuc

520 717 582 754 ac
616 714 852 766 teneros,
885 703 1064 772 aliqua
1098 719 1163 759 ex
1198 719 1361 758 causa
1403 704 1746 773 perterritos,
1779 705 1832 758 in
1863 714 2104 758 ventrem

523 797 699 849 denuo
731 795 1020 860 admissos,
1053 794 1106 849 in
1149 793 1370 849 tutelam
1418 809 1570 848 suam
1595 795 1836 863 recipere
1872 809 2104 848 narran-

527 895 631 938 tur.
675 884 982 940 Producant
1004 902 1154 956 aqua:
1173 887 1329 955 juxta
1353 902 1533 956 genus.
1553 884 1710 939 Aliud
1744 897 1984 940 cetorum
2017 901 2107 955 ge-

527 992 649 1039 nus,
674 977 820 1032 aliud
843 979 1158 1048 exiguarum
1189 978 1438 1046 piscium.
1464 977 1740 1032 Rursusin
1769 977 2006 1046 piscibus
2031 979 2110 1032 in-

518 1078 766 1123 numera:
800 1078 926 1124 sunt
956 1069 1275 1124 dilferentiae
1315 1070 1610 1124 secundum
1645 1086 1841 1138 genera
1876 1071 2063 1125 divisa:
2093 1088 2107 1124 :

524 1177 749 1230 quarum
780 1171 837 1218 et
864 1162 1078 1217 nomina
1105 1162 1342 1231 propria,
1375 1172 1430 1218 et
1459 1162 1773 1217 alimentum
1807 1164 2106 1230 diversum,

524 1262 578 1307 et
626 1251 828 1323 ﬁgura,
883 1261 938 1306 et
968 1254 1302 1322 magnitudo,
1354 1262 1410 1307 et
1468 1254 1713 1308 carnium
1770 1254 2105 1322 qualitates:

524 1345 706 1400 omnia
757 1345 1009 1399 maximis
1054 1346 1198 1399 inter
1250 1360 1308 1400 se
1354 1345 1675 1400 dill‘erentiis
1732 1347 2003 1409 distincta,
2059 1345 2109 1399 in

530 1439 650 1492 aliis
681 1446 842 1508 atque
891 1437 1013 1491 aliis
1053 1437 1339 1506 speciebus
1379 1439 1798 1492 constituuntur.
1837 1438 1936 1504 Qui
1987 1446 2112 1492 sunt

529 1530 695 1598 igitur
757 1529 1087 1584 thunnorum
1118 1529 1511 1599 exploratores,
1544 1531 1635 1598 qui
1667 1530 1876 1584 diversa
1928 1544 2110 1583 eorum

530 1635 727 1692 genera
790 1621 947 1676 nobis
997 1635 1318 1675 enumerare
1376 1621 1586 1690 possint
1630 1622 1652 1674 ?
1690 1622 2005 1688 Quanquam
2061 1621 2145 1672 in”

533 1713 744 1780 magnis
802 1713 1032 1782 piscium
1089 1713 1343 1781 gregibus
1389 1712 1650 1767 dicuntur
1694 1711 1858 1764 etiam
1901 1709 2112 1763 illorum

534 1820 816 1859 numerum
836 1803 1281 1870 declarare.Quis
1308 1819 1436 1858 vero
1461 1818 1527 1858 ex
1558 1803 1624 1856 iis
1649 1803 1738 1871 qui
1764 1803 1908 1856 circa
1932 1801 2110 1854 littora

2211 541 2369 595 μενα.
2402 525 2512 578 Καὶ
2540 524 2648 577 τῶν
2679 524 2860 596 κητῶν
2889 524 2957 577 τὰ
2985 525 3212 577 πλεῖστα
3243 523 3484 586 ζωοτόκα
3502 541 3514 552 ·
3543 525 3794 594 δελφῖνες

2209 616 2304 668 καὶ
2335 614 2552 684 φῶκαι,
2585 615 2620 668 ἃ
2655 617 2747 668 καὶ
2791 616 3018 686 νεαροὺς
3049 614 3127 667 ἔτι
3159 615 3286 679 τοὺς
3321 614 3628 686 σκύμνους,
3669 615 3794 670 δια-

2208 704 2543 775 πτοηθέντας
2569 705 2672 757 ὑπὸ
2694 705 2872 769 αἰτίας
2892 706 3058 768 τινὸς,
3082 705 3299 773 λέγεται
3321 707 3478 760 πάλιν
3493 710 3559 778 τῇ
3591 709 3797 780 γαστρὶ

2209 797 2579 867 ὑποδεχόμενα
2629 797 3018 867 περιστέλλειν.
3068 796 3434 867 Ἐξαγαγέτω
3478 798 3548 851 τὰ
3599 799 3799 852 ὕδατα

2211 890 2361 944 κατὰ
2397 890 2508 958 (9i)
2542 889 2734 959 γένος.
2781 890 3007 961 Ἕτερον
3045 891 3206 958 γένος
3232 891 3292 943 τὸ
3320 890 3577 961 κητῶδες,
3612 893 3708 945 καὶ
3735 892 3800 944 τὸ

2211 979 2318 1033 τῶν
2347 979 2562 1033 λεπτῶν
2598 979 2793 1050 ἰχθύων
2820 980 3025 1051 ἕτερον.
3060 980 3230 1034 Πάλιν
3262 968 3324 1033 ἐν
3343 983 3455 1043 τοῖς
3487 981 3665 1051 ἰχθύσι
3699 999 3800 1052 μυ-

2215 1075 2325 1145 ρίαι
2352 1075 2605 1146 διαφοραὶ
2627 1073 2766 1128 κατὰ
2789 1074 2918 1144 γένη
2944 1073 3269 1146 διῃρημέναι
3289 1091 3302 1104 ο
3327 1067 3401 1127 ὧν
3432 1075 3524 1127 καὶ
3550 1075 3800 1145 ὀνόματα

2213 1167 2338 1227 ἴδια,
2375 1166 2468 1219 καὶ
2502 1166 2672 1237 τροφὴ
2694 1165 3144 1236 παρηλλαγμένη,
3179 1167 3272 1219 καὶ
3312 1168 3518 1238 σχῆμα,
3558 1169 3652 1220 καὶ
3692 1169 3795 1238 μέ-

2213 1259 2395 1326 γεθος,
2427 1260 2520 1312 καὶ
2549 1257 2766 1330 σαρκῶν
2793 1258 3092 1328 ποιότητες,
3120 1259 3296 1313 πάντα
3315 1261 3798 1330 μεγίσταιςδιαιρο-

2218 1355 2335 1422 ραῑς
2367 1352 2610 1422 ἀλλήλων
2642 1351 3023 1422 κεχωρισμένα
3043 1390 3056 1413 ,
3095 1353 3188 1404 καὶ
3218 1355 3276 1405 ὲν
3309 1353 3515 1424 ἑτέροις
3553 1354 3645 1406 καὶ
3680 1354 3794 1406 ἑτέ-

2218 1463 2330 1516 ροις
2362 1445 2526 1498 εἴδεσι
2565 1445 2902 1498 καθεστῶτα.
2953 1446 3101 1498 Ποῖοι
3153 1445 3250 1515 μὲν
3295 1442 3388 1500 οὖν
3439 1445 3797 1501 θυννοσκόποι

2214 1539 2320 1590 τῶν
2354 1539 2526 1608 γενῶν
2571 1540 2670 1604 τὰς
2707 1539 2971 1610 διαφορὰς
3006 1541 3140 1610 ἡμῖν
3175 1541 3665 1612 ἁπαριθμήσασθαι
3707 1541 3798 1594 δύ-

2216 1649 2434 1698 νανταις
2483 1633 2675 1686 Καίτοι
2720 1635 2881 1701 φασὶν
2921 1634 3117 1698 αὐτοὺς
3156 1635 3213 1686 ὲν
3272 1633 3531 1704 μεγάλαις
3570 1633 3796 1702 ἀγέλαις

2222 1721 2418 1792 ἰχθύων
2441 1723 2642 1776 καὶτὸν
2663 1724 2893 1794 ἀριθμὸν
2919 1725 3300 1793 ἀπαγγέλλειν.
3328 1725 3423 1788 Τίς
3449 1724 3504 1776 δὲ
3533 1723 3641 1776 τῶν
3665 1742 3733 1776 πε
3745 1727 3796 1794 ρί

2221 1812 2497 1879 αἰγιαλοὺς
2531 1812 2622 1865 καὶ
2655 1811 2828 1876 ἀκτὰς
2869 1813 3366 1884 καταγηρασάντων
3399 1813 3620 1867 δύναται
3662 1815 3796 1885 ἡμῖν
3847 1811 3850 1813 ’

534 1910 600 1948 ac
634 1895 778 1964 ripas
807 1909 1164 1961 consenuere,
1205 1896 1448 1949 omnium
1509 1894 1662 1947 nobis
1707 1893 1989 1948 historiam
2029 1908 2118 1946 ac-

2229 1903 2315 1974 τὴν
2359 1904 2596 1975 ἱστορίαν
2633 1905 2850 1958 πάντων
2877 1906 2944 1958 δι’
2975 1907 3256 1978 ἀκριϐείας
3289 1909 3590 1980 γνωρίσαι;
3627 1909 3800 1963 ’Δλλιι

534 1995 723 2040 curate
767 1984 1074 2054 patefacere
1108 1999 1173 2040 ac
1210 1986 1451 2041 indicare
1494 1985 1713 2038 valeat?
1747 1983 1866 2038 Alia
1925 1998 2116 2054 genera

535 2088 863 2149 cognoscunt
902 2080 992 2149 qui
1028 2080 1082 2133 in
1117 2079 1302 2134 Indico
1333 2078 1466 2132 mari
1511 2078 1791 2146 piscantur
1823 2093 1835 2128 :
1871 2075 1995 2142 alia,
2027 2078 2119 2146 qui

537 2172 590 2226 in
641 2171 896 2242 Egyptio
949 2172 1117 2226 sinu:
1167 2171 1301 2236 alia,
1362 2171 1630 2226 insulares
1673 2186 1686 2221 :
1736 2170 1865 2235 alia,
1900 2168 2121 2222 Mauru-

536 2265 622 2318 sii.
651 2263 841 2318 Omnia
890 2277 1071 2318 autem
1115 2263 1395 2334 mqualiter
1431 2273 1541 2317 tum
1577 2279 1741 2332 parva
1787 2272 1897 2316 tum
1929 2277 2120 2332 magna

539 2357 768 2424 primum
807 2356 934 2410 illud
984 2357 1322 2421 mandatum,
1360 2366 1414 2410 et
1475 2355 1856 2409 inenarrabilis
1890 2354 1977 2408 illa
2035 2371 2123 2425 po-

541 2450 708 2503 tentia
756 2450 1086 2517 procreavit.
1135 2448 1297 2502 Multa
1330 2450 1542 2502 vivendi
1601 2448 1889 2502 diversitas
1933 2465 1946 2499 :
1989 2448 2126 2501 mul-

539 2552 650 2596 tum
714 2543 862 2597 circa
949 2541 1372 2611 uniuscujusque
1449 2543 1664 2608 generis
1725 2541 2123 2596 successionem

538 2635 850 2690 discrimen.
913 2632 1026 2688 Non
1081 2643 1138 2686 ut
1197 2648 1360 2699 aves,
1401 2634 1518 2689 ovis
1587 2635 1847 2689 incubant
1897 2633 2123 2704 piscium

541 2725 756 2796 plurimi
789 2740 933 2782 :non
984 2732 1308 2780 construunt
1359 2727 1537 2790 nidos,
1567 2741 1741 2796 neque
1776 2741 1898 2780 cum
1946 2725 2126 2779 labore

539 2836 668 2874 suos
700 2819 976 2875 enutriunt
1003 2820 1144 2875 fetus
1171 2837 1187 2877 :
1217 2820 1311 2875 sed
1347 2835 1487 2890 aqua
1533 2819 1779 2888 elapsum
1822 2834 1982 2874 ovum
2015 2835 2128 2873 sus-

541 2913 764 2980 cipiens,
790 2912 987 2966 animal
1017 2913 1199 2970 etIicit.
1240 2912 1378 2980 Quin
1412 2923 1466 2967 et
1519 2914 1871 2970 immutabilis
1920 2925 1974 2970 et
2005 2930 2126 2969 cum

545 3004 716 3058 altera
774 3013 964 3059 natura
1019 3005 1354 3062 insociabilis
1411 3007 1689 3062 successio
1747 3007 1887 3061 inest
1946 3005 2125 3074 generi

548 3096 860 3166 unicuique.
913 3096 1029 3153 Non
1087 3099 1234 3154 velut
1272 3099 1537 3154 mulorum
1574 3099 1629 3153 in
1677 3109 1843 3162 terra,
1880 3106 2131 3166 antqua-

2223 1995 2581 2066 γνωρίζουσιν
2612 1997 2661 2049 οἱ
2703 1998 2800 2068 τὴν
2861 1997 3083 2068 Ἰνδικὴν
3134 1998 3437 2064 ἁλιεύοντες
3487 1999 3796 2054 θάλασσαν·

2220 2087 2350 2141 ἄλλα
2379 2089 2426 2140 oi
2464 2089 2554 2141 τὸν
2584 2087 2879 2157 Αἰγύπτιον
2908 2090 3235 2160 ἀγρεύοντες
3267 2091 3495 2144 κόλπον’
3529 2092 3665 2146 ἄλλα
3699 2110 3798 2163 νεη-

2224 2181 2444 2234 σιῶταιο
2487 2182 2578 2234 καὶ
2609 2180 2742 2235 ἄλλα
2782 2181 3139 2253 Μαυρούσιοι.
3180 2182 3362 2235 Πάντα
3397 2183 3453 2234 δὲ
3479 2183 3680 2253 ὁμοίως
3710 2202 3800 2255 μισ

2222 2274 2330 2344 κρά
2359 2291 2418 2325 τε
2442 2274 2534 2326 καὶ
2562 2271 2769 2342 μεγάλα
2800 2271 2859 2324 τὸ
2893 2271 3108 2341 πρῶτον
3141 2273 3316 2325 ἐκεῖνο
3350 2274 3679 2343 πρόσταγμα
3707 2276 3800 2327 καὶ

2223 2368 2255 2436 ἡ
2281 2366 2484 2434 ἄφατος
2511 2363 2689 2433 ἐκείνη
2721 2365 3011 2434 παρήγαγε
3035 2362 3282 2432 δύναμις.
3314 2363 3508 2417 Πολλα).
3531 2365 3640 2418 τῶν
3669 2365 3800 2434 βίων

2223 2459 2280 2510 αἰ
2332 2454 2704 2526 παραλλαγαί·
2749 2454 2939 2507 πολλαὶ
2986 2453 3080 2506 κα)¹
3128 2456 3183 2506 αἰ
3221 2454 3348 2525 περὶ
3399 2454 3497 2518 τὰς
3548 2455 3801 2526 διαδοχὰς

2225 2549 2461 2602 ἑκάστου
2481 2547 2672 2616 γένους
2715 2546 2986 2617 διαφοραί.
3023 2546 3138 2598 Ούκ
3171 2545 3509 2608 ὲπωάζουσιν
3553 2548 3604 2599 οἱ
3653 2547 3799 2599 πλεῖ-

2228 2657 2340 2693 στοι
2383 2640 2491 2692 τῶν
2527 2639 2722 2709 ἰχθύων
2749 2637 2936 2709 ὥσπερ
2971 2639 3025 2690 αἰ
3053 2635 3285 2706 ὄρνιθες,
3316 2637 3440 2691 οὔτε
3472 2639 3664 2702 καλιὰς
3696 2642 3802 2711 πή-

2225 2749 2482 2801 γνυνται,
2513 2730 2637 2784 οὔτε
2688 2730 2825 2802 μετὰ
2870 2731 3046 2783 πόνων
3089 2732 3446 2802 ἐκτρέφουσιν
3493 2731 3701 2785 ἑαυτῶν
3735 2733 3802 2786 τὰ

2227 2823 2424 2892 ἔκγονα
2449 2840 2462 2853 ⁸
2514 2823 2650 2877 ἀλλὰ
2699 2824 2758 2876 τὸ
2808 2822 2972 2893 ὕδωρ,
3009 2823 3407 2893 ὑποδεξάμενον
3461 2825 3694 2877 ἐκπεσὸν
3744 2826 3804 2878 τὸ

2227 2916 2354 2980 ὠὸν,
2406 2915 2544 2981 ζῶον
2594 2915 2867 2985 ἐποίησεν.
2903 2915 3012 2968 Καὶ
3054 2915 3266 2984 ἑκάστῳ
3310 2915 3455 2982 γένει
3507 2917 3540 2986 ἡ
3589 2915 3804 2988 διαδοχὴ

2229 3007 2648 3078 ἀπαράλλακτος
2685 3007 2781 3059 καὶ
2813 3006 3165 3076 ἀνεπίμικτος
3200 3005 3337 3077 πρὸς
3373 3005 3564 3076 ἑτέραν
3604 3008 3800 3074 φύσιν

2229 3100 2327 3169 οὔχ
2359 3093 2467 3153 οἷαι
2504 3098 2610 3152 τῶν
2647 3099 2884 3169 ἡμιόνων
2913 3099 3004 3152 ἐπὶ
3032 3099 3129 3169 τῆς
3157 3099 3376 3169 χέρσου,
3431 3099 3464 3169 ἢ
3509 3099 3600 3152 καί
3645 3116 3806 3152 τινων

545 3189 795 3243 rnmdam
841 3189 1122 3244 volucrum
1163 3191 1564 3261 permistiones,
1587 3191 1787 3260 quibus
1816 3191 2126 3244 adulteran-

2233 3188 2461 3260 ὀρνίθων
2486 3187 2780 3241 ὲπιπλοκαὶ
2803 3186 3334 3258 παραχαρασσόντων
3359 3184 3430 3238 τὰ
3459 3185 3612 3256 γένη.
3642 3186 3807 3238 Οὐδὲν

550 3289 636 3333 tur
664 3295 885 3350 genera.
926 3279 1142 3335 Nullum
1177 3283 1403 3352 piscium
1437 3297 1605 3352 genus
1635 3281 1856 3336 dimidia
1880 3296 1946 3336 ex
1978 3289 2132 3351 parte

551 3365 880 3420 instructum
905 3375 987 3422 est
1019 3369 1292 3434 dentibus,
1326 3379 1383 3424 ut
1424 3371 1520 3425 bos
1546 3379 1601 3426 et
1639 3371 1758 3426 ovis
1807 3370 1948 3441 apud
1982 3385 2082 3426 nos
2113 3387 2127 3424 :

551 3473 729 3528 neque
754 3461 898 3514 enim
934 3461 1170 3530 ipsorum
1198 3463 1488 3534 {uisqnam
1523 3465 1778 3528 ruminat,
1813 3464 1915 3519 nisi
1947 3478 2133 3519 scarus

551 3555 698 3609 solus
728 3555 1024 3610 secundum
1066 3558 1423 3626 quorumdam
1467 3557 1858 3612 narrationem.
1893 3557 1962 3610 At
2005 3571 2133 3610 vero

553 3660 745 3700 omnes
805 3647 984 3716 pisces
1019 3648 1333 3702 acutissima
1380 3647 1832 3703 condensatorum
1892 3647 2130 3702 dentium

554 3738 674 3791 acie
699 3741 1153 3807 communiuntur,
1199 3755 1265 3794 ne
1295 3755 1418 3794 esca
1463 3739 1590 3793 dum
1625 3740 1824 3795 diutius
1860 3740 2137 3794 manditur

553 3827 760 3883 dillluat
808 3851 819 3886 :
863 3830 964 3884 nisi
1011 3830 1156 3885 enim
1198 3831 1452 3886 celeriter
1514 3832 1748 3887 dissecta
1793 3833 1845 3888 in
1891 3845 2134 3889 ventrem

553 3921 953 3988 dctruderetur,
985 3931 1272 3978 extenuata
1324 3939 1420 3994 per
1454 3939 1650 3993 aquam
1682 3926 2062 3995 dissiparetnr.

623 4013 731 4084 65
756 4015 789 4067 '5
844 4015 1001 4068 Aliud
1047 4025 1224 4070 autem
1255 4015 1378 4070 aliis
1415 4016 1653 4085 piscibus
1695 4018 2022 4072 destinatum
2059 4029 2139 4074 cst

556 4105 874 4160 alimentum
897 4111 1192 4162 secundum
1220 4124 1412 4177 genus.
1433 4109 1659 4174 Quidam
1685 4110 1828 4164 enim
1850 4111 2000 4174 limo,
2022 4112 2139 4182 qni-

557 4199 681 4253 dam
714 4214 842 4254 vero
893 4200 1010 4270 alga
1055 4211 1376 4267 vescuntur;
1403 4201 1492 4256 alii
1543 4199 1726 4258 herbis
1769 4204 1821 4256 in
1871 4217 2010 4272 aqua
2047 4218 2140 4256 na--

557 4294 840 4348 scentibns
891 4305 1020 4349 sunt
1075 4297 1341 4349 contenti.
1381 4296 1606 4361 Contra,
1653 4297 1879 4364 piscium
1932 4297 2139 4367 plurimi

560 4392 753 4437 vorant
783 4399 841 4438 se
877 4383 1127 4450 invicem,
1168 4385 1452 4454 minorque
1494 4387 1634 4456 apud
1680 4387 1798 4441 illos
1826 4386 2139 4440 alimentum

560 4484 644 4528 est
679 4475 919 4543 majoris.
950 4475 1015 4529 Et
1046 4476 1087 4530 si
1121 4491 1354 4544 unquam
1401 4478 1710 4547 contigerit,
1754 4487 1809 4531 ut
1845 4478 1887 4532 is
1914 4478 2005 4547 qui
2039 4480 2143 4530 mi-

2234 3279 2386 3351 παρὰ
2412 3280 2525 3342 τοῖς
2551 3277 2760 3349 ἰχθύσιν
2794 3277 2853 3342 ἐξ
2874 3277 3129 3348 ἡμισείας
3155 3275 3421 3329 ὥπλισται
3445 3278 3555 3339 τοῖς
3579 3276 3806 3339 ὀδοῦσιν,

2233 3373 2307 3435 ὡς
2337 3370 2462 3442 βοῦς
2495 3372 2626 3441 παρ’
2655 3371 2785 3440 ἡμῖν
2814 3370 2908 3422 καὶ
2950 3369 3222 3440 πρόϐατον
3244 3387 3256 3399 ·
3285 3369 3405 3421 οὐδὲ
3439 3368 3547 3440 γὰρ
3579 3371 3807 3440 μηρυκί-

2235 3461 2314 3526 ζει
2340 3479 2392 3515 τι
2421 3461 2547 3532 παρ’
2579 3461 2782 3523 αὐτοῖς,
2813 3461 2860 3513 εί
2893 3459 2966 3531 μὴ
2992 3459 3083 3512 τὸν
3114 3460 3312 3530 σκάρον
3347 3459 3508 3530 μόνον
3539 3459 3807 3531 ἱστοροῦσί

2234 3573 2394 3619 τινες.
2436 3554 2620 3608 Πάντα
2653 3553 2708 3606 δὲ
2741 3552 3027 3619 ὀξυτάταις
3065 3554 3271 3622 ακμαῖς
3310 3551 3537 3604 ὀδόντων
3569 3568 3808 3605 καταπε-

2238 3645 2538 3711 πύκνωται,
2577 3644 2663 3697 ἵνα
2695 3643 2769 3714 μὴ
2807 3644 2871 3712 τῇ
2906 3640 3096 3713 χρονίᾳ
3128 3640 3362 3710 μασήσει
3390 3641 3421 3709 ὴ
3451 3639 3624 3710 τροφὴ
3659 3639 3807 3710 διαρ-

2240 3738 2371 3810 ρέῃ·
2406 3736 2595 3808 ἔμελλε
2648 3735 2774 3805 γὰρ,
2813 3735 2860 3786 εἰ
2921 3733 2994 3803 μὴ
3034 3731 3198 3795 ὀξέως
3247 3731 3695 3801 κατατεμνομένη
3741 3731 3806 3802 τῇ

2237 3829 2435 3900 γαστρὶ
2470 3826 2883 3900 παρεπέμπετο,
2929 3827 2987 3876 ὲν
3018 3827 3084 3896 τῇ
3125 3823 3505 3894 λεπτοποιήσει
3537 3821 3808 3893 διαφορεῖ-

2240 3925 2362 3977 σθαι
2389 3921 2538 3993 παρὰ
2573 3921 2682 3992 (92)
2710 3919 2804 3972 τοῦ
2837 3918 3044 3981 ὓδατος.

2310 4014 2361 4067 3.
2405 4012 2589 4084 Τροφὴ
2615 4011 2670 4064 δὲ
2717 4009 2926 4080 ἰχθύσιν
2972 4008 3150 4072 ἄλλοις
3181 4007 3312 4078 ἄλλη
3357 4007 3499 4062 κατὰ
3528 4007 3682 4076 γένος
3737 4006 3810 4061 δι-

2239 4106 2538 4179 ωρισμένη.
2571 4105 2634 4157 Ui
2671 4104 2768 4174 μὲν
2793 4102 2902 4174 γὰρ
2935 4102 3039 4155 ἰλύῖ
3062 4102 3370 4171 τρέφονται,
3401 4102 3449 4152 οἰ
3477 4100 3531 4152 δὲ
3558 4101 3671 4163 τοῖς
3711 4117 3801 4169 φυ-

2242 4200 2408 4260 κίοις’
2456 4197 2602 4251 ἄλλοι
2651 4196 2761 4266 (95)
2803 4198 2924 4258 ταῖς
2965 4195 3211 4265 βοτάναις
3250 4196 3368 4255 ταῖς
3398 4192 3810 4264 ἐντρεφομέναις

2242 4293 2319 4362 τῷ
2351 4291 2503 4345 ὕδατι
2531 4290 2850 4360 ἀρκοῦνται.
2904 4287 3294 4359 Ἀλληλοφάγοι
3319 4286 3374 4338 δὲ
3400 4287 3505 4339 τῶν
3545 4284 3740 4356 ἰχθύων
3765 4286 3812 4337 οἱ

2245 4386 2505 4448 πλεῖστοι,
2541 4383 2634 4437 καὶ
2658 4385 2686 4436 ὁ
2718 4381 3036 4453 μικρότερος
3063 4380 3191 4451 παρ’
3223 4379 3450 4441 ἐκείνοις
3479 4377 3673 4449 βρῶμά
3703 4380 3813 4430 ἐστι

2245 4477 2338 4530 τοῦ
2385 4474 2645 4545 μείζονος.
2692 4473 2810 4526 Κᾶν
2859 4488 2989 4524 ποτε
3043 4471 3218 4540 συμϐῇ
3267 4471 3355 4523 τὸν
3397 4469 3491 4522 τοῦ
3541 4469 3814 4532 ἐλάττονος

563 4581 748 4620 norem
808 4577 1179 4638 superaverat,
1216 4569 1440 4622 alterius
1482 4570 1576 4622 liat
1613 4569 1796 4638 prwda
1835 4587 1847 4622 :
1892 4571 2051 4624 ambo
2085 4571 2126 4624 it

2247 4569 2592 4640 κρατήσαντα
2629 4566 2814 4635 ἐτέρου
2845 4562 3096 4630 γενέσθαι
3142 4562 3384 4633 θήραμα,
3423 4561 3526 4614 ὑπὸ
3556 4561 3655 4630 τὴν
3692 4560 3816 4630 μίαν

564 4676 728 4713 unum
751 4671 804 4714 et
831 4662 1076 4716 eumdem
1109 4661 1426 4731 posterioris
1460 4671 1701 4715 ventrem
1747 4661 2143 4730 ingrediuntur.

565 4752 702 4818 Quid
726 4753 888 4823 igitur
934 4755 1076 4808 aliud
1106 4771 1204 4809 nos
1246 4754 1493 4809 homines
1524 4755 1754 4823 agimus,
1798 4755 1922 4808 dum
1963 4765 2147 4825 tyran-

568 4844 691 4897 nide
748 4852 801 4898 ct
855 4847 1093 4913 potentia
1139 4846 1497 4914 opprimimus
1558 4846 1843 4898 inferiores
1883 4847 1905 4898 ?
1945 4846 2072 4914 quid
2116 4861 2143 4899 a

570 4947 842 5007 postremo
873 4939 1020 5008 pisce
1052 4937 1229 4993 diﬂert
1257 4940 1322 5000 is,
1360 4938 1451 5008 qui
1492 4953 1601 5007 pra:
1629 4940 1807 4991 voraci
1833 4938 2144 4991 divitiarum

569 5033 863 5102 cupiditate
914 5033 965 5086 in
1004 5031 1424 5102 inexplebilibus
1488 5032 1730 5085 avaritia:
1784 5046 1895 5086 sua:
1941 5031 2137 5086 linibus

643 5210 755 5280 (90)
778 5210 882 5264 Kal
909 5212 962 5263 oi
992 5211 1292 5266 κυνίσκοι.
1323 5213 1493 5267 Piscis
1514 5211 1601 5266 ille
1626 5213 1708 5266 cui
1739 5211 1926 5266 Grtece
1943 5222 2137 5263 nomen

570 5294 654 5335 est
695 5280 968 5346 κυνίσκας,
1005 5281 1190 5337 Latine
1235 5285 1431 5338 dicitur
1480 5285 1548 5337 ab
1589 5283 1870 5337 Enstatltiu
1926 5280 2138 5333 asellus.

578 5355 702 5414 l'ljns
728 5356 839 5406 haec
861 5363 987 5406 Sunt
1019 5354 1180 5406 verba
1213 5372 1226 5408 :
1253 5353 1407 5407 Facit
1440 5363 1611 5407 autem
1647 5353 1848 5405 catulos
1877 5350 2143 5411 nmstelln,

575 5433 624 5474 et
658 5421 873 5493 (melius,
905 5432 950 5474 et
981 5423 1157 5477 omnia
1201 5442 1317 5493 quw
1340 5425 1450 5477 sine
1480 5425 1710 5492 squamis
1744 5432 1889 5484 situt,
1917 5437 2034 5491 qua’
2057 5438 2146 5474 sa-

578 5491 710 5544 latia
731 5491 902 5563 (ἶναυεὶ
931 5491 1223 5548 nominth
1262 5495 1367 5550 Sed
1391 5510 1485 5563 pro
1520 5495 1710 5546 solatia
1736 5493 2015 5559 legendum
2049 5505 2117 5563 pu

583 5571 636 5612 lu
660 5561 910 5626 selachia,
936 5566 1005 5618 ob
1025 5565 1152 5618 illud
1184 5559 1403 5629 Basilii;
1425 5565 1493 5616 τὰ
1529 5563 1749 5632 σελάχη.
1817 5563 2021 5615 Plinius
2049 5559 2140 5613 lib.

587 5648 663 5691 tv,
691 5648 807 5700 cap.
831 5633 923 5696 21,
955 5637 1031 5688 sic
1057 5635 1290 5702 loquitur
1324 5655 1336 5690 :
1386 5634 1513 5688 "(vc
1538 5632 1717 5686 (ἔταττε
1755 5636 1806 5685 in
1849 5633 2141 5684 universum

587 5702 786 5760 srlnr‘tc
809 5705 1083 5771 appellavit
1115 5706 1418 5760 Aristoteles
1443 5707 1667 5772 primus,
1719 5705 1811 5756 huc
1844 5702 2046 5754 Matutine
2071 5703 2144 5752 ris

590 5774 846 5837 ""l’O'olw.
890 5773 1000 5828 Nos
1018 5777 1332 5847 distinguere
1365 5795 1463 5832 non
1487 5774 1901 5845 possumus,nisi
1936 5773 2146 5825 t'nrtilu-

2245 4660 2466 4727 ἄγονται
2519 4656 2764 4725 γαστέρα
2810 4653 2904 4706 τοῦ
2951 4652 3277 4706 τελευταίου.
3328 4651 3394 4703 Τί
3433 4645 3527 4703 οὖν
3563 4652 3724 4720 ἡμεῖς
3768 4650 3815 4702 oi

2245 4751 2523 4822 ἄνθρωποι
2554 4747 2682 4802 ἄλλο
2709 4764 2762 4799 τι
2788 4744 3049 4816 ποιοῦμεν
3078 4747 3135 4798 ὲν
3163 4747 3229 4814 τῇ
3260 4743 3686 4814 καταδυναστείᾳ
3711 4743 3816 4795 τῶν

2246 4839 2682 4911 ύποδεεστέρων;
2728 4838 2779 4889 τί
2817 4837 3061 4908 διαφέρει
3103 4835 3196 4888 τοῦ
3229 4835 3535 4888 τελευταίου
3580 4833 3756 4904 ἰχθύος
3788 4836 3815 4885 ὁ

2245 4935 2310 5002 τῇ
2333 4932 2421 4984 λαι
2429 4931 2623 5002 μάργῳ
2644 4927 2996 4998 φιλοπλουτίᾳ.
3017 4929 3133 4988 τοῖς
3153 4926 3296 4996 ἀπλη
3307 4924 3493 4996 ρὼτοις
3514 4926 3611 4996 τῆς
3634 4925 3808 4977 πλεον-

2244 5029 2392 5095 εξίας
2439 5021 2599 5078 αὐτοῦ
2631 5022 2852 5085 κόλποις
2895 5019 3318 5089 ὲναποκρύπτων
3360 5019 3486 5081 τοῖος
3539 5016 3808 5080 ἀσθενεῖςς

2245 5207 2396 5272 ginea
2423 5203 2686 5272 appellare
2714 5201 2887 5253 libeat.

2245 5263 2268 5276 ”
2320 5275 2428 5346 (91)
2458 5263 2638 5328 ’(3011),
2699 5271 2972 5346 secundus
3027 5267 3194 5346 ’ύδατα
3248 5265 3466 5346 ἐριπετὰ.
3505 5265 3664 5346 κατά.
3702 5263 3811 5346 Mox

2251 5333 2383 5416 Ιιιξς.
2412 5333 2621 5400 ἐοχιυε
2667 5357 2787 5396 cum
2837 5340 2989 5395 Colb.
3048 5342 3222 5409 primo
3271 5333 3334 5390 τὸ
3401 5334 3508 5388 τῶν
3557 5333 3814 5388 λεπτοτά-

2249 5434 2356 5469 των
2364 5456 2376 5469 .
3828 5429 3835 5458 l

2324 5486 2434 5556 (9‘2)
2469 5484 2540 5538 Ita
2586 5479 3048 5556 rcodex__C_om_ltel'_.
3092 5493 3214 5532 cum
3257 5477 3382 5556 alus
3419 5475 3652 5544 qninqne
3693 5489 3810 5556 nisi.

2255 5542 2429 5610 Deest,
2455 5555 2604 5624 ποιρά
2636 5555 2684 5606 in
2718 5552 2900 5624 editis.
2935 5549 3134 5624 Ibidem
3169 5549 3385 5624 rodich
3412 5542 3534 5600 octo
3564 5542 3735 5615 τροφὴ
3763 5542 3816 5597 δὲ

2257 5627 2484 5696 ἰχθύσιν,
2518 5617 2609 5677 aut
2637 5626 2745 5696 τοῖς
2774 5621 3002 5690 ἰχθύσιν.
3219 5617 3436 5696 ἰχθύων.

2294 5685 2437 5764 ⁸ιξὶὶὅ)
2475 5683 2573 5747 Sic
2627 5683 3044 5764 quiinqiimtuss.
3105 5683 3442 5764 Ειίἰιῖἄλλοι
3506 5685 3579 5763 δέ.
3630 5683 3814 5736 Statim

2415 5758 2597 5822 Sextus
2630 5758 2747 5818 cum
2779 5758 2933 5818 Culb.
2971 5762 3140 5830 primo
3169 5758 3317 5812 ὕδατι
3352 5758 3718 5826 διαρκοῦνται.
