4082 6398
401 329 505 385 153

1501 337 1784 394 IIOMILIA
1829 337 1913 394 VII
1955 339 2018 394 IN
2062 339 2558 402 ΙΙΕΧΑΕΜΕΒΟΝ.

3551 358 3656 414 154

410 471 651 531 Ἐκεῖνος
679 465 792 540 εἶχε
829 468 896 522 τά
926 469 1018 522 τοῦ
1052 472 1310 542 πένητος·
1343 475 1405 527 σὺ
1439 474 1622 530 τοῦτον
1653 478 1763 544 (SM)
1795 477 1964 532 λαϐὼν

2083 461 2376 518 imbecilles
2400 466 2682 520 abscondit
2707 467 2728 520 ?
2754 467 2844 522 Ille
2876 469 3181 536 possidebat
3207 474 3459 541 pauperis
3480 475 3614 530 bona
3638 495 3650 528 :

400 560 566 632 μέρος
594 561 834 631 ἐποιῆσω
859 562 956 631 τῆς
981 563 1293 633 περιουσίας
1323 566 1571 620 σεαυτοῦ.
1612 567 1835 620 Ἀδίκων
1860 569 1973 622 ἀδι-

397 650 637 719 κώτερος
691 651 998 722 ἀνεφάνης,
1059 653 1150 706 καὶ
1208 654 1728 727 πλεονεκτικιὲηερος
1781 657 1970 710 πλεον-

395 745 580 798 έκτου.
620 743 758 814 Ὅρα
782 745 855 814 μὴ
901 744 962 797 τὺ
993 745 1125 798 αὑτό
1159 762 1217 798 σε
1244 747 1414 817 πέρας
1452 748 1557 801 τῶν
1595 749 1792 819 ἰχθύων
1821 753 1974 804 ἐκδέ-

399 833 578 905 ξηται,
606 835 898 906 ἀγκιστρόν
932 854 1055 902 που,
1085 837 1116 908 ἢ
1153 837 1372 909 κύρτος,
1418 840 1450 910 ἢ
1479 841 1713 895 δίκτυον.
1748 842 1972 906 Πάντως

394 929 506 999 γὰρ
543 928 634 980 καὶ
666 929 826 998 ἡμεῖς
861 929 1030 983 πολλά
1064 930 1170 984 τῶν
1202 932 1402 986 ἀδίκων
1448 932 1804 998 διεξελθόντες
1827 935 1969 1004 (95).

395 1021 495 1091 τὴν
518 1022 830 1075 τελευταίαν
855 1024 1127 1094 τιμωρίαν
1151 1025 1250 1078 οὐκ
1280 1025 1714 1098 ἀποδρασόμεθα.
1749 1028 1883 1097 Ἤδη
1915 1027 1972 1080 δὲ

396 1115 492 1168 καὶ
518 1115 574 1166 ἐν
598 1113 814 1168 ἀσθενεῖ
837 1115 959 1186 ζώῳ
989 1117 1128 1170 πολὺ
1155 1117 1214 1170 τὸ
1237 1118 1540 1190 πανοῦργον
1567 1118 1660 1171 καὶ
1691 1119 1971 1171 ἐπίϐουλον

395 1206 749 1276 καταμαθὼν,
779 1207 1038 1278 βούλομαί
1071 1226 1129 1261 σε
1166 1213 1357 1278 φυγεῖν
1386 1209 1493 1262 τῶν
1525 1209 1846 1282 κακούργων
1875 1210 1970 1281 τὴν

399 1294 650 1364 μίμησιν.
721 1296 780 1347 Ὀ
841 1300 1094 1368 καρκίνος
1147 1299 1246 1369 τῆς
1307 1299 1506 1371 σαρκὸς
1559 1299 1817 1370 ἐπιθυμεῖ
1873 1299 1970 1352 τοῦ

393 1385 617 1457 ὀστρέου
637 1405 652 1419 ο
695 1388 831 1440 ἀλλά
872 1389 1178 1453 δυσάλωτος
1210 1393 1243 1461 ἡ
1271 1391 1418 1463 ἀγρα
1448 1391 1596 1462 αύτῴ
1631 1391 1717 1444 διὰ
1745 1391 1842 1463 τὴν
1871 1407 1969 1444 πε-

400 1472 614 1550 ριϐολὴν
645 1478 736 1533 τοῦ
767 1481 1033 1552 ὀστράκου
1073 1483 1305 1551 γίνεται.
1347 1485 1606 1557 Ἀρραγεῖ
1648 1483 1756 1556 γάρ
1800 1485 1971 1555 ἐρκίῳ

394 1571 457 1625 τὸ
495 1572 700 1625 ἁπαλὸν
739 1573 839 1642 τῆς
866 1575 1066 1646 σαρκὸς
1105 1577 1136 1646 ἡ
1175 1575 1334 1644 φύσις
1381 1576 1844 1646 κατησφαλίσατο.
1879 1578 1972 1630 Διὸ

394 1665 490 1718 καὶ
523 1667 1000 1736 ὀστρακόδερμον
1031 1668 1483 1741 προσηγόρευται.
1520 1669 1630 1724 Καὶ
1657 1669 1843 1741 ἐπειδὴ
1876 1669 1970 1722 δύο

396 1755 701 1826 κοιλότητες
749 1757 990 1829 ἀκριϐῶς
1055 1759 1308 1830 ἀλλήλαις
1372 1759 1858 1832 προσηρμοσμέναι
1907 1761 1968 1814 τὸ

395 1846 616 1917 ὄστρεον
658 1848 1142 1919 περιπτύσσονται,
1177 1851 1487 1918 ἀναγκαίως
1532 1851 1803 1922 ἄπρακτοί
1830 1853 1966 1905 εἰσιν

394 1938 451 1990 αἱ
479 1939 640 2010 χηλαὶ
686 1939 781 1992 τοῦ
812 1941 1094 2012 καρκίνου.
1132 1942 1196 1994 Τί
1237 1937 1328 1995 οὖν
1358 1944 1532 2008 ποιεῖ;
1564 1943 1731 1995 Ὅταν
1781 1943 1866 2016 ῐδῃ
1909 1945 1967 1998 ἐν

396 2032 694 2104 ἀπηνέμοις
732 2034 951 2104 χωρίοις
999 2033 1117 2104 μεθ’
1145 2035 1337 2106 ἡδονῆς
1365 2034 1791 2106 διαθαλπόμενον
1811 2077 1825 2101 ,
1874 2037 1966 2089 καὶ

395 2126 532 2196 πρὸς
563 2125 660 2196 τὴν
692 2127 884 2179 ἀκτῖνα
932 2127 1025 2179 τοῦ
1059 2127 1210 2198 ἡλίου
1257 2127 1355 2190 τάς
1397 2125 1606 2195 πτύχας
1638 2124 1832 2179 ἑαυτοῦ
1887 2125 1966 2180 δι-

395 2216 742 2280 απλώσαντα,
773 2218 893 2270 τότε
919 2217 1008 2288 δὴ,
1026 2217 1200 2289 λάθρα
1227 2218 1431 2288 ψηφῖδα
1449 2217 1836 2289 παρεμϐαλὼν,
1852 2218 1967 2273 δια-

394 2307 595 2361 κωλύει
647 2308 744 2379 τὴν
795 2308 1131 2378 σύμπτυξιν’
1187 2309 1281 2361 καὶ
1332 2309 1648 2380 εὑρίσκεται
1688 2309 1750 2362 τὸ
1802 2309 1969 2362 ἐλλεῖ-

395 2418 494 2453 πον
540 2400 650 2472 (96)
689 2401 786 2471 τῆς
839 2400 1118 2471 δυνάμεως
1164 2401 1251 2454 διά
1296 2402 1394 2472 τῆς
1432 2401 1671 2464 ἐπινοίας
1712 2404 1964 2472 περιεχό-

395 2510 573 2562 μενος.
622 2491 766 2563 Λύτη
796 2494 829 2562 ἡ
872 2493 1040 2546 κακία
1081 2492 1190 2545 τῶν
1226 2494 1360 2564 μήτε
1393 2493 1551 2560 λόγου
1599 2494 1732 2564 μήτε
1783 2493 1966 2562 φωνῆς

397 2586 750 2654 μετεχόντων.
791 2584 930 2653 Ἐγὼ
951 2585 1007 2638 δέ
1040 2601 1099 2636 σε
1131 2583 1412 2654 βούλομαι,
1441 2585 1502 2638 τὸ
1534 2588 1846 2656 ποριστικὸν
1875 2585 1967 2637 καὶ

392 2675 698 2744 εὐμήχανον
726 2675 832 2728 τῶν
873 2675 1148 2746 καρκίνων
1185 2675 1468 2746 ζηλοῦντα,
1503 2677 1600 2746 τῆς
1633 2675 1834 2745 βλάϐης
1859 2676 1966 2728 τῶν

393 2764 619 2835 πλησίον
659 2763 977 2834 ἀπέχεσθαι.
1016 2764 1266 2828 Τοιοῦτός
1293 2767 1440 2819 ἐστιν
1479 2767 1508 2817 ό
1534 2765 1670 2836 πρὸς
1695 2765 1783 2817 τὸν
1816 2765 1967 2817 ἁδελ-

394 2855 493 2924 φδν
523 2856 883 2926 πορευόμενος
909 2855 1068 2926 δόλῳ,
1098 2857 1194 2909 καὶ
1227 2859 1348 2918 ταῖς
1386 2855 1494 2909 τῶν
1540 2856 1766 2927 πλησίον
1806 2856 1966 2909 ἀκαι-

397 2945 539 3016 ρίαις
587 2947 977 3016 ἐπιτιθέμενος,
1023 2947 1118 3000 καὶ
1156 2949 1277 3010 ταῖς
1307 2948 1616 3020 ἀλλοτρίαις
1661 2951 1965 3019 συμφοραῖς

393 3039 692 3109 ἐντρυφῶν.
728 3038 897 3107 Φεῦγε
928 3040 1024 3103 τὰς
1051 3041 1306 3110 μιμήσεις
1342 3040 1448 3093 τῶν
1479 3041 1962 3110 κατεγνωσμένων.

2078 563 2131 606 tu
2155 555 2328 624 ipsum
2365 558 2761 624 apprehensum
2809 561 2983 614 fecisti
3027 571 3130 615 tute
3164 563 3334 632 ipsius
3369 567 3656 635 opulentiae

2073 656 2301 713 partem.
2348 647 2567 714 lnjustis
2627 647 3002 716 injustiorcni,
3041 661 3096 704 et
3142 668 3307 707 avaro
3355 657 3653 712 avariorem

2073 746 2126 792 te
2154 740 2461 793 ostendisti.
2493 739 2636 794 Cave
2685 742 2920 810 excipiat
2952 753 3003 798 te
3051 745 3190 799 idem
3246 747 3404 814 ﬁnis,
3440 751 3530 818 qui
3571 753 3653 820 pi-

2071 845 2189 886 sces
2217 848 2231 884 :
2266 830 2457 885 hamus
2492 832 2763 897 videlicet,
2793 845 2884 887 aut
2917 850 3098 899 nassa,
3131 845 3224 890 aut
3256 849 3387 893 rete.
3424 838 3657 895 Omnino

2069 923 2212 976 enim
2237 931 2291 978 et
2324 937 2445 987 nos,
2474 924 2518 977 si
2548 924 2775 978 multum
2800 927 3183 984 admiserimus
3215 930 3541 1000 iniquitatis.
3569 933 3652 986 ul-

2073 1013 2256 1068 timam
2309 1030 2414 1069 non
2444 1014 2762 1086 eﬂugiemus
2804 1031 3041 1087 pmnam.
3074 1018 3191 1074 Jam
3223 1035 3351 1076 vero
3389 1021 3554 1078 etiam
3599 1025 3653 1077 in

2071 1107 2286 1162 inﬁrmo
2343 1107 2564 1162 animali
2622 1110 2852 1165 astutias
2906 1111 3102 1166 multas
3158 1121 3213 1165 et
3255 1113 3484 1169 insidias
3530 1130 3654 1169 cum

2071 1199 2356 1268 perspicis,
2381 1200 2774 1256 maleﬁciorum
2813 1203 3171 1258 imitationem
3215 1203 3401 1273 lugere
3432 1215 3482 1260 te
3509 1205 3654 1262 volo.

2069 1290 2282 1362 Appetit
2309 1301 2503 1346 ostreae
2541 1308 2760 1348 carnem
2814 1308 3014 1349 cancer
3048 1313 3060 1348 :
3100 1297 3194 1349 sed
3225 1295 3456 1352 diﬁicilis
3493 1308 3654 1367 captu

2071 1396 2155 1440 est
2185 1385 2232 1440 ei
2272 1385 2387 1440 hare
2417 1387 2618 1455 praeda,
2644 1395 2865 1456 propter
2897 1396 3045 1442 testae
3081 1389 3494 1444 munimentum.
3519 1390 3652 1445 Nam

2071 1478 2304 1550 infragili
2335 1489 2488 1548 septo
2517 1481 2699 1535 carnis
2744 1481 3160 1535 teneritudinem
3185 1490 3378 1536 natura
3408 1497 3652 1538 commu-

2071 1572 2224 1626 nivit.
2243 1571 2582 1640 Quapropter
2611 1579 2666 1625 et
2695 1571 2796 1626 hoc
2827 1571 3027 1625 animal
3050 1573 3472 1627 ostracodermon
3492 1588 3653 1629 voca-

2072 1671 2178 1718 tur.
2207 1663 2274 1718 Et
2303 1663 2556 1732 quoniam
2587 1662 2692 1716 duo
2708 1676 2840 1717 cava
2859 1672 3112 1719 accurate
3143 1664 3242 1719 sibi
3272 1664 3500 1719 invicem
3521 1679 3652 1722 con-

2069 1757 2277 1824 juncta,
2301 1763 2542 1810 ostream
2567 1753 2815 1809 ambiunt
2837 1763 2892 1808 et
2919 1755 3454 1825 circumplectuntur,
3490 1755 3654 1812 forci-

2077 1862 2172 1916 pes
2211 1847 2392 1901 cancri
2440 1846 2751 1902 necessario
2781 1844 3086 1901 ineﬁicaces
3113 1857 3262 1900 sunt.
3307 1846 3445 1912 Quid
3487 1847 3656 1917 igitur

2073 1938 2293 1994 molitur
2323 1937 2503 1994 ?Cum
2533 1938 2732 1993 viderit
2771 1946 3007 1992 ostream
3055 1938 3107 1992 in
3155 1938 3460 2007 tranquillis
3518 1939 3651 1994 locis

2071 2047 2176 2085 non
2229 2032 2347 2086 sine
2402 2031 2678 2100 voluptate
2735 2031 3109 2100 apricantem,
3148 2037 3202 2085 et
3262 2031 3327 2085 ad
3383 2029 3513 2084 solis
3563 2045 3650 2084 ra-

2069 2126 2186 2179 dios
2219 2124 2399 2179 valvas
2445 2138 2575 2179 suas
2616 2121 2974 2192 explicantem
3007 2141 3020 2176 :
3054 2132 3181 2177 tunc
3231 2121 3532 2177 clanculum
3569 2122 3654 2176 in-

2063 2207 2206 2276 jecto
2241 2209 2470 2274 calculo,
2517 2209 2838 2278 plicaturam
2874 2210 3128 2280 impedit;
3159 2220 3323 2280 atque
3351 2212 3493 2280 quod
3518 2210 3652 2266 viri-

2069 2303 2170 2356 bus
2203 2302 2409 2366 deerat,
2443 2301 2494 2356 id
2528 2310 2648 2355 astu
2691 2309 2746 2356 et
2782 2299 2905 2356 dolo
2934 2301 3180 2356 obtinere
3207 2301 3649 2372 deprehenditur.

2070 2393 2194 2448 llaec
2222 2402 2304 2448 est
2336 2408 2521 2449 eorum
2551 2408 2669 2463 quas
2694 2409 2868 2463 neque
2894 2394 3123 2462 ratione,
3143 2409 3317 2464 neque
3351 2410 3483 2450 voce
3513 2411 3647 2466 pra:-

2068 2485 2175 2541 dita
2206 2497 2349 2551 sunt,
2389 2485 2611 2540 malitia.
2635 2486 2744 2554 Ego
2773 2497 2953 2541 autem
2984 2489 3124 2552 volo,
3155 2498 3212 2542 nt
3243 2499 3297 2543 tu
3327 2503 3648 2544 cancrorum

2069 2581 2122 2634 in
2153 2579 2297 2634 victu
2325 2580 2696 2648 comparando
2732 2588 2901 2634 artem
2938 2596 3001 2636 ac
3023 2574 3353 2635 industriam
3384 2582 3646 2645 imitatus,

2066 2685 2096 2724 a
2139 2672 2504 2740 proximorum
2537 2688 2674 2727 noxa
2721 2673 3184 2744 incommodisque
3224 2675 3318 2728 tibi
3356 2687 3644 2745 temperes.

2066 2761 2211 2816 Talis
2271 2770 2355 2817 est
2421 2762 2513 2831 qui
2572 2762 2638 2816 ad
2703 2761 2926 2816 fratrem
2975 2762 3344 2820 fraudulenter
3404 2766 3646 2830 accedit,

2067 2855 2459 2924 adversamque
2509 2854 2740 2924 proximi
2789 2853 3056 2910 fortunam
3105 2856 3363 2912 insidiose
3410 2857 3646 2928 impetit,

2065 2946 2331 3000 etalicnis
2357 2945 2580 3001 insultat
2605 2946 3022 3002 calamitatibus.
3061 2947 3200 3004 Cave
3242 2951 3510 3006 aemuleris
3551 2953 3645 3006 lto-

2067 3037 2236 3091 mincs
2266 3036 2613 3107 improbatus.
2635 3037 2764 3093 Tuis
2790 3039 2866 3093 sis
2895 3049 3181 3094 contentus
3207 3040 3385 3096 rebus.
3414 3041 3647 3112 Pauper-

391 3131 517 3195 Τοῖς
553 3133 772 3195 οἰκείοις
817 3131 1008 3203 ἀρκοῦ.
1058 3133 1225 3187 Πενία
1275 3133 1413 3204 μετά
1451 3134 1785 3205 αὐταρκείας
1834 3134 1963 3204 ἀλη-

2070 3142 2171 3198 tas,
2196 3148 2318 3188 cum
2359 3148 2538 3188 rerum
2567 3135 2998 3189 necessariarum
3037 3135 3192 3205 copia
3220 3151 3349 3190 vere
3380 3140 3645 3208 suppetit,

392 3223 517 3286 Θοῦς
557 3224 734 3295 πάσης
769 3223 1115 3288 ἀπολαύσεως
1160 3227 1270 3288 τοῖς
1323 3223 1660 3297 σωφρονοῦσι
1708 3242 1968 3296 προτιμο-

389 3313 542 3386 τέρα.
586 3317 699 3369 υύκ
733 3316 798 3369 ἂν
832 3317 1153 3388 παρέλθοιμι
1187 3317 1246 3369 τὸ
1290 3315 1384 3370 τοῦ
1427 3316 1723 3379 πολύποδος
1752 3316 1965 3387 δολερὸν

391 3408 486 3460 καὶ
511 3407 820 3472 ἐπίκλοπον,
848 3407 906 3471 ὃς
931 3409 1091 3480 ὁποίᾳ
1129 3410 1244 3462 ποτ’
1271 3409 1336 3462 ἂν
1369 3408 1624 3461 ἑκάστοτε
1665 3408 1839 3479 πέτρᾳ
1873 3425 1966 3460 πε-

393 3500 628 3571 ριπλακῇ
672 3501 804 3569 (97),
844 3501 942 3572 τὴν
980 3502 1195 3571 ἐκείνης
1239 3501 1537 3572 ὑπέρχεται
1577 3501 1747 3572 χρόαν
1775 3517 1788 3530 ·
1824 3500 1963 3552 ὥστε

389 3594 516 3657 τοὺς
557 3593 782 3657 πολλοὺς
809 3594 916 3647 τῶν
953 3595 1149 3664 ίχθύων
1180 3594 1503 3663 ἁπροόπτως
1535 3592 1863 3663 νηχομένους
1889 3592 1964 3663 τῷ

391 3682 649 3736 πολύποδι
683 3683 1052 3754 περιπίπτειν,
1085 3684 1157 3746 ὡς
1197 3686 1262 3754 τῇ
1293 3682 1468 3753 πέτρᾳ
1495 3682 1675 3750 δῆθεν.
1709 3682 1800 3734 καὶ
1829 3681 1965 3734 ἕτοι-

393 3789 492 3843 μον
518 3772 764 3841 γίνεσθαι
797 3772 1018 3844 θήραμα
1044 3772 1122 3843 τῷ
1155 3772 1467 3842 πανούργῳ.
1497 3771 1736 3824 Τοιοῦτοί
1771 3772 1876 3823 είσι
1903 3771 1964 3823 τὸ

386 3859 518 3935 ἦθος
555 3866 602 3917 οἱ
642 3866 737 3927 τὰς
767 3866 853 3918 ἀεὶ
882 3865 1190 3935 κρατούσας
1230 3864 1548 3927 δυναστείας
1581 3864 1960 3936 ὑπερχόμενοι,

389 3954 484 4007 καὶ
515 3953 650 4025 πρὸς
689 3954 784 4017 τάς
821 3955 1075 4008 ἑκάστοτε
1118 3953 1304 4024 χρείας
1356 3951 1840 4024 μεθαρμοζόμενοι,
1880 3954 1962 4024 μὴ

389 4044 482 4097 ἐπὶ
507 4045 606 4114 τῆς
632 4045 801 4115 αὐτῆς
823 4045 912 4097 ἀεὶ
938 4045 1306 4116 προαιρέσεως
1331 4044 1640 4114 βεϐηκότες,
1672 4044 1786 4098 ἀλλ’
1814 4044 1961 4099 ἄλλοι

389 4135 485 4189 καὶ
529 4135 676 4189 ἄλλοι
712 4136 908 4207 ῥᾳδίως
952 4137 1249 4207 γινόμενοι,
1305 4136 1656 4208 σωφροσύνην
1696 4137 1961 4206 τιμῶντες

390 4227 528 4298 μετά
567 4229 878 4299 σωφρόνων,
917 4229 1205 4282 ἀκόλαστοι
1255 4228 1311 4281 δὲ
1349 4231 1406 4280 ἐν
1452 4229 1792 4292 ἀκολάστοις,
1828 4229 1961 4300 πρὸς

385 4321 486 4392 τὴν
523 4321 753 4374 ἑκάστου
796 4321 1088 4391 ἀρέσκειαν
1128 4320 1227 4384 τὰς
1266 4320 1488 4391 γνώμας
1528 4321 1956 4392 μετατιθέμενοι.

387 4413 495 4476 Οὓς
523 4413 643 4466 οὐδὲ
679 4414 858 4484 ῥᾴδιον
889 4414 1153 4480 ἐκκλῖναι,
1189 4413 1309 4467 οὐδὲ
1340 4414 1439 4483 τὴν
1467 4415 1560 4466 ἀπ’
1583 4413 1760 4466 αὐτῶν
1789 4414 1959 4483 φυλά-

2069 3223 2322 3292 voluptati
2344 3223 2488 3277 omni
2521 3238 2549 3276 a
2570 3225 2903 3293 sapientibus
2931 3227 3292 3294 auteponitur.
3328 3226 3444 3282 Non
3471 3231 3647 3301 polypi

2069 3313 2417 3382 praeterierim
2459 3314 2638 3368 dolum
2669 3330 2732 3370 ac
2765 3315 3101 3370 furacitatem
3122 3357 3137 3382 ,
3168 3320 3254 3387 qui
3284 3319 3646 3390 qualicunque

2071 3406 2279 3461 tandem
2302 3421 2432 3460 saxo
2461 3407 2765 3473 adhmserit,
2793 3408 2932 3461 illius
2967 3409 3135 3462 induit
3167 3409 3421 3465 colorem.
3449 3411 3649 3478 Quaru-

2066 3499 2250 3552 obrem
2285 3499 2525 3567 plerique
2565 3499 2742 3569 pisces
2777 3500 3072 3568 improvide
3117 3510 3364 3556 natantes
3393 3502 3448 3556 in
3492 3504 3645 3573 poly-

2067 3603 2189 3656 pum
2225 3589 2300 3642 uti
2334 3589 2386 3642 in
2418 3597 2620 3657 petram
2655 3589 2917 3654 incidunt,
2947 3601 3298 3660 paratamque
3326 3606 3542 3650 versuto
3571 3597 3647 3650 illi

2067 3683 2299 3749 praedam
2327 3695 2444 3735 sese
2475 3679 2725 3736 oﬂ‘erunt.
2751 3681 2968 3736 Talibus
3000 3683 3238 3736 moribus
3261 3694 3387 3738 sunt
3416 3685 3644 3754 praediti,

2066 3774 2154 3842 qui
2185 3789 2398 3842 semper
2439 3775 2792 3842 potestatibus
2838 3775 3236 3830 dominantibus
3279 3789 3644 3844 assentantur,

2065 3880 2290 3934 seseque
2318 3865 2383 3918 ad
2423 3865 2690 3934 quoslibet
2723 3865 2909 3919 modos
2956 3881 3190 3936 ususque
3216 3871 3642 3936 accommodant,

2065 3969 2164 4009 nec
2205 3955 2257 4008 in
2304 3955 2490 4010 eadem
2544 3955 2703 4008 animi
2767 3957 3032 4010 sententia
3076 3973 3290 4028 semper
3327 3962 3642 4028 persistum,

2063 4051 2157 4106 sed
2200 4050 2290 4104 alii
2325 4060 2484 4118 atque
2516 4049 2604 4102 alii
2643 4048 2801 4104 facile
2839 4049 3046 4114 elfccti,
3076 4055 3482 4122 temperantiam
3521 4072 3644 4111 cum

2066 4142 2489 4210 temperantibus
2529 4151 2870 4206 venerantes,
2905 4143 3158 4212 impudici
3185 4161 3305 4198 cum
3339 4148 3642 4215 impudicis,

2063 4233 2392 4288 sententiam
2426 4243 2640 4286 mutant
2664 4233 2730 4285 ad
2766 4233 3182 4302 uniuscujusque
3208 4238 3432 4305 gratiam
3465 4239 3644 4290 conci;

2064 4325 2314 4380 liandam.
2345 4325 2489 4390 Quos
2521 4324 2731 4378 dillicile
2762 4335 2843 4378 est
2893 4324 3118 4389 evitare,
3149 4325 3359 4394 sibique
3393 4327 3462 4381 ab
3503 4327 3635 4396 ipso-

2065 4433 2179 4471 rum
2203 4417 2539 4471 noculnentis
2561 4432 2771 4482 cavere,
2807 4425 3089 4486 propterea
3116 4417 3257 4484 quod
3293 4431 3480 4472 eorum
3513 4435 3643 4474 con-

385 4505 581 4571 ξασθαι
620 4505 842 4575 βλάϐην,
885 4505 972 4558 διὰ
1012 4505 1074 4558 τὸ
1117 4507 1175 4557 ἐν
1224 4505 1302 4576 τῷ
1345 4506 1694 4576 προσχήματι
1731 4505 1828 4574 τῆς
1869 4523 1957 4573 φι-

2068 4508 2280 4562 cinnata
2317 4508 2560 4576 pravitas
2585 4508 2684 4561 sub
2717 4507 2966 4561 amicitia:
2986 4507 3164 4576 specie
3184 4507 3289 4562 alta
3319 4510 3640 4579 contegitur.

384 4599 505 4662 λίας
563 4598 672 4666 (98)
717 4597 924 4668 βαθέως
983 4598 1498 4668 κατεσκευασμένην
1549 4598 1647 4669 τὴν
1703 4599 1964 4669 πονηρίαν

387 4691 856 4761 κατακεκρύφθαι.
906 4691 986 4743 Τὰ
1032 4690 1258 4743 τοιαῦτα
1313 4691 1418 4761 ἤθη
1473 4690 1667 4754 λύκους
1711 4691 1964 4762 ἅρπαγας

384 4781 641 4852 ὀνομάζει
665 4785 694 4835 ό
715 4781 938 4852 Κύριος,
967 4783 1024 4835 ἐν
1051 4781 1310 4851 ἐνδύμασι
1352 4781 1639 4852 προϐάτων
1673 4800 1964 4854 προφαινο-

389 4878 599 4946 μένους.
646 4875 816 4944 Φεῦγε
855 4876 914 4927 τὸ
966 4874 1306 4927 παντοδαπὸν
1356 4873 1446 4927 καὶ
1495 4874 1832 4928 πολλαπλοῦν
1869 4875 1961 4928 τοῦ

381 4968 585 5036 τρόπου
610 4984 622 4996 ·
669 4966 830 5019 δίωκε
863 4966 919 5018 δὲ
952 4965 1226 5035 ἀλήθειαν,
1259 4965 1627 5035 εἰλικρίνειαν,
1657 4966 1951 5036 ἁπλότητα.

396 5059 453 5112 ὐ
482 5059 604 5128 ὄφις
636 5059 903 5123 ποικίλος·
942 5057 1031 5110 διά
1057 5057 1215 5112 τοῦτο
1242 5057 1332 5110 καὶ
1361 5057 1547 5130 ἕρπειν
1570 5057 1953 5129 κατεδικάσθη.

453 5243 496 5274 ’⁸
539 5241 725 5297 Matth.
759 5255 854 5305 vn,
891 5239 979 5294 15.
1054 5240 1100 5272 ⁹¹
1134 5239 1268 5296 Gen.
1326 5251 1450 5301 xxv,
1475 5237 1565 5291 27.

455 5377 566 5450 (94)
595 5379 670 5450 Ita
717 5374 883 5429 editio
937 5373 1128 5450 Ba_si_l_.‘
1150 5390 1270 5450 cu_m
1305 5375 1536 5450 _duobns
1563 5376 1806 5450 _l)uc._ct_
1831 5389 1952 5450 cum

386 5445 508 5504 aliis
543 5445 781 5518 quinque
821 5459 947 5518 mss.
993 5445 1370 5518 Editiol’aris.
1407 5445 1472 5498 σὺ
1496 5445 1956 5518 τούτοηὸιιιιὶιηίο

382 5514 615 5589 quatuor
646 5514 777 5571 mss.
832 5515 1055 5587 ἐφάνης.
1084 5514 1224 5569 Editi
1255 5531 1376 5569 cum
1411 5531 1517 5569 uno
1547 5516 1826 5571 :utaltero
1853 5531 1952 5568 IIIS.

383 5591 674 5658 ἀνεφάνης.

457 5629 570 5728 (δῦ)
603 5629 732 5718 (ἶρις.
767 5666 947 5710 sextus
973 5655 1266 5728 cumColli.
1299 5655 1470 5722 primo
1503 5655 1698 5714 ἀδίκων
1728 5655 1951 5721 6:33).-

384 5727 584 5792 οόντες,
619 5730 904 5793 Aliqumth
939 5735 1054 5791 pust
1093 5727 1226 5777 idem
1271 5740 1372 5776 IIIS.
1409 5741 1526 5777 t'ttm
1562 5730 1744 5782 eodem
1799 5730 1947 5779 (ltili).

385 5819 556 5872 primo
587 5802 773 5868 φυγῖῖν
809 5799 910 5849 τῶν
937 5797 1118 5848 κακῶν
1148 5796 1243 5866 τὴν
1282 5795 1528 5863 μὶμητιν.

2070 4599 2241 4654 Mores
2277 4599 2578 4668 hnjusmodi
2613 4598 2844 4668 appellat
2899 4599 3156 4654 Dominus
3198 4615 3418 4668 rapaces
3464 4603 3641 4672 lupos,

2067 4696 2118 4746 in
2143 4694 2322 4746 ovium
2357 4694 2682 4746 indumentis
2716 4707 2836 4747 sese
2870 4695 3286 4746 ostentantes“.
3307 4693 3449 4764 Fuge
3480 4696 3641 4750 hosce

2068 4797 2244 4836 mores
2265 4782 2442 4836 varios
2474 4797 2534 4836 ac
2571 4780 2892 4850 nntltiplices
2917 4800 2928 4834 :
2957 4783 3066 4836 imo
3091 4789 3302 4838 sectare
3333 4784 3638 4846 veritatem,

2071 4876 2455 4938 sinceritatem,
2487 4874 2910 4944 simplicitatem.
2932 4873 3124 4930 Varius
3136 4887 3217 4930 est
3232 4892 3477 4945 serpens,
3496 4887 3548 4932 et
3572 4879 3642 4931 ob

2066 4969 2116 5021 id
2139 4969 2202 5020 ad
2224 4967 2335 5037 66
2353 4967 2667 5037 reptandnm
2702 4967 3090 5022 condemnatus
3121 4981 3222 5025 εει.
3256 4969 3439 5025 Justus
3464 4969 3638 5024 ﬁctio-

2065 5074 2130 5112 ne
2163 5068 2332 5123 cat-ct,
2359 5056 2534 5126 qualis
2574 5055 2674 5109 fuit
2720 5054 2885 5110 Jacob
2914 5057 2980 5109 ".
3018 5056 3356 5128 Quapmpter
3387 5059 3641 5114 Dominus

2142 5369 2251 5440 (96)
2289 5369 2361 5440 ita
2392 5383 2486 5423 sex
2525 5383 2653 5422 mss.
2693 5368 2868 5423 Editio
2901 5380 3129 5440 utraque
3155 5367 3215 5420 τὸ
3243 5367 3447 5440 λεῖπον.

2139 5435 2251 5512 (97)
2270 5439 2415 5512 lteg.
2444 5448 2638 5512 (sextus
2659 5454 2781 5492 cuin
2818 5435 3174 5512 Colb.‘primo
3188 5437 3364 5512 πέτρᾳ
3391 5435 3641 5512 συμπλα-

2069 5507 2161 5583 κῇ.
2201 5507 2338 5564 Infra
2363 5507 2601 5577 quinque
2633 5524 2761 5583 tnss.
2799 5508 3152 5583 περιπίπτειν
3185 5509 3273 5583 τῇ.
3326 5507 3466 5562 Ειίίιί
3515 5522 3639 5562 cum

2071 5578 2202 5645 lt'eg.
2237 5591 2428 5633 octavo
2457 5579 2809 5649 περιπίπτειν
2841 5578 2916 5641 ὡς
2942 5580 3032 5647 τῇ,
3067 5578 3288 5649 rectius.

2143 5653 2250 5718 (98)
2279 5651 2351 5702 Ita
2382 5646 2585 5716 septeni
2629 5665 2755 5702 lllSS.
2798 5650 2935 5701 Editi
2967 5646 3023 5701 ἐν
3058 5646 3133 5718 τῷ
3163 5649 3509 5718 προσχήματι
3541 5651 3635 5716 τῆς

2065 5724 2367 5787 εὐλαϐείας,
2403 5723 2493 5775 sub
2522 5721 2730 5788 pictatis
2752 5720 2935 5786 specie.
