4082 6398
483 321 593 376 155

1833 309 1891 364 S.
1937 305 2180 362 BASlLll
2213 305 2424 362 MAGNI

3632 306 3657 358 1
3676 306 3752 360 '56

484 437 785 496 inhabitare
813 433 941 503 facit
996 432 1151 486 unius
1185 430 1346 484 moris
1381 431 1435 482 in
1482 431 1635 482 domo
1665 428 1729 483 ”.
1770 427 1884 482 Hoc
1926 445 2068 481 mare

2181 427 2238 480 Ὀ
2259 426 2462 488 δίκαιος
2488 424 2779 487 ἄπλαστος,
2813 423 2992 485 ὁποῖος
3014 423 3042 474 ὁ
3079 421 3271 475 ’ἰακώὸ
3303 420 3432 493 (99).
3460 421 3558 474 Διά
3585 422 3756 475 τοῦτο

483 545 730 599 magnum
779 535 829 580 et
881 525 1171 593 spatiosum
1205 538 1223 576 :
1259 522 1370 575 illic
1410 521 1649 589 reptilia,
1693 536 1912 591 quorum
1962 536 2065 573 non

482 627 559 671 est
605 631 850 670 numerus
890 629 909 667 :
958 613 1213 666 animalia
1261 611 1453 678 pusilla
1480 627 1596 663 cum
1636 612 1842 679 magnis
1867 609 1935 664 ν’.
1962 610 2066 664 Sed

487 722 669 764 tamen
687 717 772 762 est
799 708 852 761 in
880 706 990 760 illis
1024 705 1237 774 sapiens
1265 703 1507 772 quaedam
1537 711 1592 756 et
1620 702 1787 770 probe
1819 702 2067 756 ordinata

485 800 790 870 dispositio.
817 797 932 852 Non
971 797 1114 851 enim
1167 794 1337 850 solum
1373 808 1629 850 accusare
1661 794 1836 864 pisces
1877 809 2068 864 possu-

488 905 644 955 mus;
673 890 766 944 sed
796 896 922 944 sunt
939 887 1103 941 etiam
1134 899 1254 953 quae
1277 897 1454 952 operae
1475 883 1703 952 pretium
1735 893 1820 938 est
1846 883 2063 936 imitari.

484 981 769 1051 Quomodo
788 976 994 1048 singula
1018 975 1245 1046 piscium
1275 989 1468 1045 genera
1501 976 1774 1045 regionem
1802 976 1905 1030 sibi
1937 975 2068 1045 ipsis

489 1071 736 1127 idoneam
758 1069 975 1139 partita,
994 1067 1098 1123 alia
1115 1068 1168 1122 in
1198 1067 1425 1121 aliorum
1451 1067 1608 1121 sedes
1632 1082 1736 1121 non
1763 1074 2065 1132 transeunt,

487 1163 584 1218 sed
616 1164 756 1217 intra
781 1161 1032 1231 proprios
1059 1161 1194 1214 lines
1219 1159 1607 1214 diversantur?
1637 1157 1926 1215 Geometra
1951 1159 2069 1214 nul-

491 1255 573 1310 lus
595 1254 953 1310 habitationes
978 1253 1115 1323 apud
1137 1253 1254 1308 haec
1289 1254 1512 1323 piscium
1543 1265 1738 1322 genera
1766 1251 2066 1317 distribuit;

488 1359 596 1399 non
647 1342 1058 1413 circumscripta
1103 1353 1230 1397 sunt
1267 1343 1456 1405 muris,
1490 1357 1594 1397 non
1630 1341 1828 1397 ﬁnibus
1875 1343 2068 1406 divisa,

488 1448 546 1494 et
578 1440 719 1509 quod
768 1437 962 1506 cuique
1001 1437 1243 1507 prodest,
1286 1437 1337 1490 id
1393 1436 1585 1504 cuique
1623 1443 1813 1504 Sponte
1867 1444 2071 1489 natura:

487 1531 813 1586 destinatum
876 1540 978 1586 est.
1034 1531 1132 1585 Hic
1185 1530 1327 1585 enim
1365 1529 1515 1583 sinus
1552 1529 1796 1596 quaedam
1846 1528 2068 1597 piscium

491 1636 687 1691 genera
743 1622 938 1690 pascit,
977 1621 1065 1675 ille
1120 1620 1222 1675 alia
1259 1629 1352 1674 :et
1397 1636 1516 1688 qua:
1550 1619 1639 1674 hic
1689 1619 1983 1683 abundant,
2007 1634 2070 1673 ea

493 1710 623 1766 alibi
669 1711 759 1764 vix
819 1711 1083 1766 invenias.
1135 1709 1323 1764 Nullus
1377 1723 1530 1762 mons
1571 1708 1744 1762 acutis
1785 1707 2072 1762 verticibus

2167 517 2482 578 Κατοικίζει
2524 518 2736 584 Κύριος
2765 515 3181 585 μονοτρόπους
3209 515 3278 567 ἐν
3309 512 3472 578 οἴκῳ.
3508 514 3673 580 Αὕτη
3708 515 3751 582 ή

2166 607 2449 664 θάλασσα
2484 609 2520 666 ἡ
2553 607 2788 677 μεγάλη
2816 607 2913 660 καὶ
2941 607 3275 675 εὐρύχωρος
3295 622 3308 635 ·
3343 605 3473 659 ἐκεῖ
3504 605 3752 674 ἑρπετὰ,

2165 693 2252 752 ὧν
2275 700 2386 753 οὐκ
2416 700 2589 753 ἐστιν
2611 699 2873 768 ἀριθμός·
2910 697 3021 758 ζῶα
3042 699 3224 767 μικρά
3264 697 3413 768 μετὰ
3439 697 3750 767 μεγάλων.

2179 791 2317 844 Ἀλλ’
2342 791 2492 862 ὅμως
2525 792 2662 861 σοφή
2695 791 2778 854 τίς
2826 792 2942 843 ἐστι
2970 792 3098 860 παρ’
3129 791 3313 853 αὺτοῖς
3357 791 3449 842 καὶ
3483 789 3755 852 εὔτακτος

2164 883 2540 955 διακόσμησις.
2582 883 2655 935 Οὺ
2697 882 2806 953 γὰρ
2841 883 3000 952 μόνον
3038 885 3362 952 κατηγορεῖν
3403 881 3601 953 ἔχομεν
3635 883 3757 935 τῶν

2167 975 2367 1046 ἰχθύων
2392 976 2490 1045 (1),
2526 975 2640 1028 ἀλλ’
2683 974 2829 1028 ἐστιν
2852 974 2888 1028 δι
2917 976 3012 1028 καὶ
3049 975 3392 1046 μιμήσασθαι
3418 975 3589 1040 ἀξιον.
3620 974 3754 1036 Πῶς

2166 1068 2233 1121 τὰ
2257 1067 2391 1137 γένη
2429 1067 2538 1120 τῶν
2584 1066 2780 1137 ἰχθύων
2817 1067 3022 1120 ἓκαστα
3061 1069 3158 1138 τὴν
3188 1067 3498 1139 ἐπιτηδείαν
3534 1069 3755 1130 ἑαυτοῖς

2166 1159 2560 1229 διανειμάμενα
2587 1159 2793 1230 χώραν,
2825 1161 2924 1212 οὐκ
2950 1161 3266 1230 ἐπεμϐαίνει
3297 1161 3564 1232 ἀλλήλοις,
3609 1161 3757 1215 ἀλλά

2168 1257 2277 1317 τοῖς
2327 1254 2546 1317 οἰκείοις
2595 1256 2742 1325 ὅροις
2781 1253 3137 1324 ἐνδιατρίϐεις
3186 1254 3376 1316 Οὐδεὶς
3425 1255 3754 1325 γεωμέτρης

2171 1361 2282 1416 παρ
2342 1347 2522 1408 αὐτοῖς
2563 1345 2847 1414 κατένειμε
2880 1344 2978 1408 τάς
3007 1347 3278 1414 οἰκήσειςο
3320 1346 3380 1398 οὐ
3414 1346 3617 1414 τείχεσι
3651 1363 3758 1398 πε-

2173 1436 2533 1507 ριγέγραπται
2562 1455 2574 1467 ·
2624 1438 2722 1506 οὐχ
2777 1435 3070 1506 ὁροθεσίοις
3117 1435 3404 1506 διῄρηται·
3444 1437 3539 1490 καὶ
3583 1439 3752 1490 αὺτο-

2176 1529 2359 1598 μάτως
2395 1530 2609 1600 ἑκάστῳ
2634 1531 2690 1582 τὸ
2722 1531 2989 1600 χρήσιμον
3021 1528 3405 1584 ἀποτέτακται.
3439 1524 3606 1592 Οὗτος
3647 1529 3752 1598 μὲν

2173 1615 2281 1689 γὰρ
2321 1621 2349 1670 ὁ
2383 1619 2580 1682 κόλπος
2603 1619 2728 1674 τάδε
2751 1619 2873 1672 τινὰ
2904 1620 2976 1688 (‘2)
3004 1620 3135 1689 γένη
3160 1619 3266 1672 τῶν
3310 1617 3506 1688 ἰχθύων
3541 1618 3750 1687 βόσκει,

2173 1712 2424 1774 κάκεῖνος
2461 1711 2622 1782 ’ἑτερο
2645 1729 2658 1741 ο
2690 1713 2783 1765 καὶ
2803 1711 2870 1764 τά
2898 1705 2999 1764 ὦδε
3035 1711 3369 1782 πληθύνοντα
3399 1712 3582 1782 ἄπορα
3616 1713 3750 1782 παρ’

491 1814 794 1873 porreetus,
832 1818 896 1856 ea
928 1803 1194 1872 seiungit;
1225 1817 1329 1854 non
1368 1799 1654 1854 transitum
1701 1798 1950 1853 discindit
1979 1797 2070 1852 llu-

2175 1803 2402 1874 ἐτὲροις.
2439 1801 2602 1855 Οὐδὲν
2639 1801 2762 1872 ὅρος
2802 1801 3002 1868 ὀξείαις
3043 1803 3307 1872 κορυφαῖς
3346 1801 3752 1871 ἀνατεταμένον

490 1896 613 1950 vius
645 1913 658 1951 :
689 1895 783 1949 sed
812 1892 1055 1964 quaedam
1081 1903 1164 1948 est
1192 1903 1397 1946 naturm
1427 1892 1541 1955 lex,
1575 1905 1693 1960 quae
1717 1905 1871 1960 teque
1902 1889 2070 1959 juste-

492 2002 599 2057 que
624 2002 721 2055 pro
766 1986 1187 2056 uniuscujusque
1234 1986 1517 2041 commodo
1558 1983 1769 2040 vivendi
1809 1985 2069 2038 rationem

493 2079 652 2149 quasi
685 2079 878 2133 sortito
909 2078 1136 2148 singulis
1166 2075 1483 2146 praescribit.

564 2276 618 2331 4.
646 2273 755 2331 Nos
790 2291 920 2331 vero
938 2290 1276 2346 nequaquam
1309 2275 1445 2330 tales
1468 2291 1674 2330 sumus.
1707 2274 1896 2331 Unde?
1919 2274 2073 2342 Quod

495 2367 595 2438 ipsi
619 2369 878 2423 terminos
909 2377 1139 2423 aeternos
1194 2367 1589 2429 transierimus,
1624 2383 1756 2435 quos
1803 2368 1848 2400 ⁸⁵
1892 2379 2072 2436 patres

495 2456 663 2510 nostri
730 2465 1042 2524 posuerunt.
1098 2455 1384 2523 Perperam
1442 2455 1738 2509 scindimus
1788 2454 2068 2521 tellurem;

495 2549 715 2603 domum
751 2546 954 2610 domui,
986 2562 1172 2617 agrum
1202 2563 1334 2615 agro
1359 2547 1721 2616 adjungimus,
1754 2557 1812 2600 ut
1833 2563 1860 2600 a
1886 2549 2072 2616 proxi-

497 2651 585 2690 mo
619 2635 820 2704 aliquid
870 2635 1198 2690 auleramus.
1245 2635 1454 2690 Norunt
1491 2645 1610 2690 cete
1659 2635 1870 2690 vivendi
1903 2650 2072 2704 genus

495 2729 596 2784 sibi
628 2744 656 2781 a
693 2738 886 2782 natura
920 2729 1290 2783 constitutum.
1325 2728 1604 2797 Occupant
1647 2728 1696 2782 id
1724 2742 1894 2791 mare,
1929 2728 2073 2797 quod

495 2821 635 2875 ultra
686 2821 1006 2875 habitabiles
1042 2822 1225 2891 plagas
1280 2822 1465 2884 situm,
1507 2820 1697 2874 insulis
1748 2829 1933 2885 caret,
1986 2819 2072 2874 cui

496 2911 776 2966 continens
807 2911 946 2964 nulla
994 2921 1134 2964 terra
1177 2926 1208 2964 e
1253 2911 1471 2982 regione
1511 2909 1819 2978 opponitur.
1875 2907 2074 2987 Quam-

494 3003 680 3059 obrem
717 3002 1074 3072 inuavigabile
1106 3011 1210 3065 est,
1254 3018 1352 3056 nec
1378 3002 1541 3054 ullum
1566 3001 1920 3069 cognoscendi
1961 3009 2075 3053 stu-

497 3095 685 3158 dium,
738 3110 838 3149 nec
885 3094 988 3148 ulla
1043 3096 1343 3150 necessitas
1393 3095 1524 3148 illud
1582 3103 1790 3148 tentare
1837 3107 2070 3162 unquam

2169 1894 2463 1965 διίστησιν,
2511 1894 2574 1946 oo
2621 1893 2862 1964 ποταμὸς
2902 1894 3002 1962 τὴν
3059 1893 3303 1947 διάϐασιν
3348 1895 3747 1964 ἀποτέμνεται·

2170 1986 2304 2040 ἀλλά
2339 1987 2501 2057 νόμος
2537 1986 2618 2048 τίς
2657 1987 2772 2038 ἐστι
2803 1985 3017 2056 φύσεως
3061 1987 3190 2050 ῐσως
3217 1987 3310 2038 καὶ
3347 1987 3570 2050 δικαίως
3605 1988 3751 2040 κατά

2169 2078 2230 2132 τὺ
2269 2079 2498 2133 ἑκάστου
2541 2077 2799 2150 χρειῶδες
2844 2077 2944 2149 τὴν
2980 2077 3186 2131 δίαιταν
3226 2078 3475 2142 ἑκάστοις
3503 2078 3751 2150 ἀποκλη-

2173 2168 2284 2240 ρῶν
2314 2169 2414 2240 (δ).
2886 2223 2890 2227 ,
3445 2203 3476 2232 .

2240 2261 2294 2316 4.
2347 2260 2604 2331 Ἀ.λλόύχ
2635 2263 2798 2332 ἡμεῖς
2841 2261 3090 2316 τοιοῦτοι.
3142 2263 3346 2327 Πόθεν;
3385 2265 3514 2332 Οἴγε
3563 2265 3753 2332 μεταί-

2174 2372 2340 2426 ρομεν
2407 2354 2529 2425 ὅρια
2579 2353 2808 2411 αἰώνια.
2862 2354 2899 2408 ἃ
2939 2354 3119 2407 ἔθεντο
3169 2357 3217 2407 οἱ
3276 2356 3509 2426 πατέρες
3569 2356 3748 2427 ήμῶν.

2173 2445 2638 2518 Παρατεμνόμεθα
2681 2445 2756 2518 (4)
2806 2447 2931 2516 γῆν,
2989 2447 3330 2517 συναπτομεν
3385 2447 3561 2501 οἰκίαν
3613 2448 3753 2520 πρὸς

2171 2539 2345 2592 οἰκίαν
2376 2540 2466 2592 καὶ
2505 2539 2674 2606 ἀγρὸν
2709 2539 2844 2607 πρὸς
2889 2539 3076 2609 ἀγρὸν,
3106 2540 3192 2592 ἵνα
3224 2539 3316 2591 τοῦ
3373 2539 3603 2611 πλησίον
3639 2541 3749 2609 ἀφ-

2173 2628 2421 2698 ελώμεθά
2453 2647 2524 2681 τι.
2555 2625 2674 2682 Οἷδε
2718 2628 2784 2681 τὰ
2831 2631 2969 2700 κήτη
2991 2630 3089 2701 τὴν
3135 2630 3523 2701 ἀφωρισμένην
3567 2631 3750 2694 αὐτοῖς

2176 2725 2327 2794 παρὰ
2354 2722 2452 2793 τῆς
2486 2725 2699 2790 φύσεως
2727 2721 2955 2784 δίαιταν,
2996 2724 3092 2794 τὴν
3141 2722 3244 2788 ἔξω
3275 2723 3383 2777 τῶν
3418 2725 3754 2795 οἰκουμένων

2175 2815 2386 2885 χωρίων
2429 2816 2722 2886 κατείληφε
2757 2815 3049 2880 Θάλασσαν,
3092 2815 3188 2886 τὴν
3232 2817 3445 2886 ἐρήμην
3479 2818 3680 2887 νήσων,

2181 2907 2419 2976 μηδεμία
2451 2907 2588 2976 πρὸς
2607 2908 2668 2959 τὸ
2695 2906 2989 2978 ἀντιπέρας
3021 2908 3476 2978 ἀντικαθέστηκεν
3503 2909 3746 2980 ἤπειρος.

2177 2997 2376 3067 Διόπερ
2405 2997 2607 3060 ἄπλους
2629 2998 2796 3062 ἐστὶν,
2824 2997 2947 3051 οὔτε
2980 2999 3216 3070 ἱστορίας
3240 2998 3362 3052 οὔτε
3388 3000 3532 3063 τινὸς
3562 3001 3748 3071 χρείας

2125 3154 2140 3171 ἱ
2178 3088 2521 3159 κατατολμᾷν
2575 3089 2744 3160 αὐτῆς
2806 3090 2932 3153 τοὺς
2987 3089 3278 3161 πλωτῆρας
3331 3091 3745 3163 ἀναπειθούσης.

500 3183 680 3236 nautis
704 3183 992 3253 persuasit.
1021 3180 1130 3235 Hoc
1161 3197 1312 3237 mare
1350 3191 1617 3250 occupant
1645 3192 1784 3245 cete,
1821 3177 2070 3233 maximis

2187 3154 2430 3251 Ἐκείνην
2467 3154 2849 3236 ’καταλαόόντα
2878 3181 2944 3236 τὰ
2979 3184 3139 3254 κήτη,
3163 3154 3296 3246 ’τοῖς
3341 3184 3616 3254 μεγίστοις
3645 3154 3750 3237 τέω

499 3273 770 3329 montibus
795 3273 1168 3344 magnitudine
1187 3273 1406 3338 similia,
1438 3273 1583 3327 velut
1614 3272 1667 3326 bi
1690 3273 1782 3342 qui
1826 3271 2073 3326 viderunt

497 3372 765 3420 narrant:
797 3373 1018 3419 manent
1048 3364 1187 3418 intra
1224 3365 1473 3434 proprios
1520 3362 1804 3428 terminos,
1847 3377 1947 3418 nec
1990 3363 2072 3416 in-

496 3461 642 3516 sulas
681 3476 856 3530 neque
889 3463 1050 3517 urbes
1086 3464 1386 3518 maritimas
1430 3463 1705 3518 infestant.
1763 3462 1852 3518 Sic
1913 3463 2075 3532 igitur

497 3556 916 3625 unumquodque
941 3572 1107 3626 genus
1146 3557 1198 3611 in
1221 3557 1457 3613 deﬁnitis
1485 3557 1586 3612 sibi
1619 3558 1782 3611 maris
1809 3559 2071 3627 partibus,

494 3647 718 3716 perinde
743 3657 904 3718 atque
933 3649 984 3702 in
1046 3649 1373 3711 civitatibus,
1427 3659 1520 3702 aut
1560 3649 1694 3703 vicis
1724 3647 2071 3718 quibusdam.

497 3749 589 3794 aut
618 3741 854 3810 antiquis
887 3740 1097 3809 patriis,
1144 3741 1488 3800 immoratur.
1535 3737 1654 3794 Jam
1686 3755 1815 3796 vero
1853 3741 2072 3810 quidam

495 3845 562 3885 ex
585 3831 821 3901 piscibus
855 3832 1284 3902 peregrinantes,
1307 3833 1452 3886 velut
1489 3847 1518 3886 a
1553 3831 1823 3887 comumni
1845 3832 1992 3886 curia
2023 3832 2074 3884 in

495 3933 749 3978 externas
787 3927 1032 3994 regiones
1071 3925 1341 3993 ablegati,
1379 3939 1569 3980 oznnes
1619 3925 1718 3979 sub
1770 3938 1875 3978 uno
1921 3924 2076 3992 signo

498 4015 937 4083 proficiscuntur.
961 4018 1096 4072 Cum
1133 4019 1276 4071 enim
1301 4019 1676 4086 praescriptum
1705 4015 1905 4070 fetandi
1938 4026 2076 4070 tem-

499 4120 597 4178 pus
623 4107 897 4170 institerit,
924 4109 1011 4163 alii
1037 4111 1104 4163 ab
1133 4109 1254 4164 aliis
1280 4110 1610 4178 emigrautes
1643 4108 1871 4170 sinibus,
1922 4123 2074 4162 com-

501 4199 649 4254 muni
677 4214 884 4256 natura:
941 4202 1055 4272 lege
1088 4202 1366 4268 concitati,
1420 4201 1486 4254 ad
1536 4217 1685 4255 mare
1741 4200 2074 4270 aquilonium

500 4287 776 4345 festinant.
805 4291 868 4346 Et
897 4293 1111 4357 quidem
1149 4293 1266 4359 ipso
1315 4308 1576 4348 ascensus
1603 4303 1842 4362 tempore
1899 4292 2077 4362 pisces

499 4391 721 4437 coactos
757 4397 853 4452 per
895 4382 1275 4452 Propontidem
1321 4384 1373 4437 in
1425 4384 1691 4438 Euxinum
1729 4384 1959 4439 Pontum
1997 4385 2077 4437 in-

2174 3273 2315 3343 ὀρῶν
2363 3274 2504 3327 κατὰ
2559 3274 2620 3327 τὸ
2669 3273 2896 3344 μέγεθος
2929 3275 3168 3338 ἐοικότα,
3217 3275 3292 3338 ὡς
3335 3277 3384 3328 οἱ
3432 3276 3747 3347 τεθεαμένοι

2176 3366 2329 3434 φασὶ,
2373 3364 2521 3435 μένει
2551 3365 2607 3417 ἐν
2641 3365 2753 3426 τοῖς
2787 3363 3005 3427 οἰκείοις
3033 3365 3199 3436 ὅροις,
3243 3367 3378 3436 μήτε
3405 3368 3524 3430 ταῖς
3545 3368 3746 3438 νήσοις,

2179 3460 2313 3531 μήτε
2354 3461 2470 3522 ταῖς
2498 3457 2781 3529 παραλίοις
2823 3456 2900 3528 (5)
2927 3458 3115 3512 πόλεσι
3160 3460 3548 3530 λυμαινόμενα.
3594 3461 3747 3513 Οὖτω

2179 3555 2277 3624 μὲν
2315 3548 2407 3607 οὖν
2455 3553 2685 3606 ’ἑκαστον
2720 3552 2910 3622 γένος,
2942 3555 3128 3625 ὥσπερ
3169 3553 3407 3618 πόλεσιν,
3457 3555 3490 3624 ἦ
3536 3554 3746 3624 κώμαις

2178 3646 2339 3711 τισὶν,
2370 3646 2404 3717 ἢ
2435 3645 2691 3716 πατρίσιν
2719 3645 2994 3716 ἀρχαίαις,
3017 3649 3126 3709 τοῖς
3160 3646 3618 3717 ἀποτεταγμένοις
3655 3647 3746 3699 αὖ·-

2176 3742 2288 3802 τοῖς
2337 3740 2436 3810 τῆς
2500 3737 2774 3809 θαλάσσης
2827 3737 3048 3809 μέρεσιν
3103 3737 3460 3802 ἐναυλίζεται.
3508 3739 3647 3809 Ἤδη
3690 3739 3744 3792 δέ

2175 3847 2321 3894 τινες
2378 3832 2473 3884 καὶ
2529 3829 2926 3901 ἀποδημητικοὶ
2978 3829 3086 3882 τῶν
3149 3829 3363 3900 ἰχθύων,
3409 3830 3598 3902 ὧσπερ
3641 3831 3746 3884 ἀπὸ

2176 3923 2358 3977 κοινοῦ
2403 3923 2782 3994 βουλευτηρίου
2829 3923 2968 3994 πρὸς
3012 3923 3109 3994 τὴν
3143 3925 3439 3996 ὑπερορίαν
3475 3925 3744 3994 στελλόμε-

2186 4034 2289 4080 νοι,
2315 4017 2405 4085 ὑφ’
2434 4017 2515 4070 ἑνὶ
2550 4015 2850 4088 συνθήματι
2893 4015 3092 4078 πάντες
3121 4016 3464 4084 ἀπαίρουσιν.
3503 4017 3742 4072 Ἐπειδὰε)

2177 4107 2285 4180 γὰρ
2315 4109 2344 4160 ὁ
2366 4106 2696 4178 τεταγμένος
2720 4106 2911 4178 καιρὸς
2949 4107 3046 4175 τῆς
3069 4106 3315 4176 κυήσεως
3340 4104 3416 4176 (6)
3443 4106 3738 4176 καταλάϐῃ,

2177 4199 2324 4253 ἄλλοι
2357 4199 2451 4252 ἀπ’
2503 4198 2676 4254 ἄλλων
2708 4198 2922 4252 κόλπων
2958 4198 3418 4269 μεταναστάντες,
3460 4198 3537 4268 τῷ
3586 4198 3743 4266 κοινῷ

2176 4294 2275 4364 τῆς
2327 4292 2543 4363 φύσεως
2590 4292 2738 4363 νόμῳ
2780 4291 3178 4362 διεγερθέντες,
3213 4291 3306 4344 ἐπὶ
3354 4291 3452 4363 τὴν
3507 4291 3742 4363 βορεινὴν

2178 4385 2485 4454 ἐπείγονται
2525 4385 2817 4443 θάλασσαν,
2847 4385 2957 4438 Καὶ
2989 4385 3119 4448 ἴδοις
3150 4385 3216 4438 ἂν
3244 4385 3387 4439 κατά
3424 4386 3516 4438 τὸν
3559 4385 3743 4459 καιρὸν

496 4470 762 4538 ﬂuentes,
809 4474 883 4527 uti
945 4482 1237 4529 torrentem
1287 4475 1579 4543 quemdam
1637 4475 1822 4528 videre
1879 4476 2070 4542 possis.

2179 4479 2279 4548 τῆς
2327 4479 2514 4532 ἀνόδου
2560 4477 2749 4550 ὥσπερ
2796 4495 2850 4531 τι
2905 4477 3084 4549 ῥεῦμα
3140 4477 3266 4541 τοὺς
3322 4477 3474 4548 ἰχθῦς
3535 4477 3742 4549 ἡνωμέ-

560 4582 611 4616 ³³
649 4583 791 4642 Psal.
823 4601 987 4649 vau,
1019 4587 1072 4640 7.
1146 4587 1193 4618 ⁹⁸
1227 4586 1370 4641 Psal.
1407 4601 1523 4650 cut,
1555 4586 1626 4640 25
1673 4587 1765 4639 26.

564 4694 682 4768 (99)
701 4697 783 4768 ita
812 4707 1042 4768 quatuor
1067 4712 1198 4752 mss.
1238 4699 1394 4751 Deest
1430 4697 1687 4768 articulus
1731 4700 1781 4751 in
1803 4699 1979 4755 editis.
2014 4701 2068 4755 lu

497 4766 818 4840 aliistrjbus
846 4782 975 4840 mss.
1007 4767 1204 4840 legitur
1237 4770 1379 4840 καιὸ
1427 4767 1638 4823 Ἰακώϐ.
1667 4768 1824 4822 Coll).
1866 4772 2072 4840 prinms

497 4837 592 4890 καὶ
614 4837 642 4887 ὁ
673 4831 813 4886 Ἰὼϐ.
841 4835 952 4908 _Ncc
978 4831 1290 4908 aliterlegit
1314 4839 1649 4902 Eustathius,
1679 4842 1766 4907 qui
1798 4831 1878 4895 sic
1908 4843 2073 4896 inter-

499 4914 787 4983 pretatur}
821 4905 1331 4983 Jufltt-utt'htlhttite!
1350 4905 1848 4983 [ictumsicutlo‘h
1885 4911 2075 4980 liespi-

496 4972 572 5049 cit
593 4972 820 5049 [iasilius
845 4975 912 5028 ad
932 4975 1089 5049 illud,
1133 4978 1324 5031 Ἰακὼϐ
1347 4972 1426 5039 δὲ,
1461 4977 1743 5049 ἄνθρωπος
1768 4972 2069 5046 ἄπλαστος,

494 5043 658 5098 οἰκῶν
683 5041 876 5116 οἰκίαν,
915 5044 1300 5116 Ιοεοθηαιιιεηι
1351 5053 1504 5101 Immo
1545 5041 1785 5116 ε’ξιηρίρξε,
1818 5041 2064 5105 habitans

495 5119 708 5168 domum
732 5112 1029 5185 (Gemxxv,
1055 5114 1167 5182 ‘27).
1203 5116 1470 5170 Particnla
1498 5115 1612 5180 καί,
1646 5112 1792 5185 qum,
1820 5129 1877 5172 ut
1913 5131 2066 5173 nota-

497 5185 697 5254 vimus,
723 5187 773 5236 iu
805 5183 1175 5254 aliquotmss.
1221 5187 1506 5254 reperitur,
1542 5183 1679 5241 fere
1705 5187 1836 5242 facit
1879 5199 1938 5244 ut
1985 5190 2064 5244 le-

495 5253 725 5325 gendum
742 5255 995 5325 suspicer
1015 5253 1199 5318 ὁποῖος
1229 5257 1257 5307 ό
1285 5253 1497 5325 Ἰακὼϐ
1521 5257 1614 5310 κα)⁸
1636 5258 1665 5311 ὁ
1705 5258 1844 5312 Ἰὼϐ.

569 5321 810 5397 (1)(Σο11).
842 5321 1107 5397 secundus
1126 5325 1235 5377 τῶν
1260 5323 1514 5380 τοιούτων
1538 5325 1756 5397 ἰχθύων.
1789 5329 1910 5383 Mox
1935 5329 2074 5385 idem

499 5393 600 5449 ms.
637 5394 728 5446 καὶ
764 5393 1068 5464 μιμεῖσθαι.

541 5464 648 5535 ζιῖ)
684 5465 782 5535 δίο
810 5463 1044 5532 quatuor
1073 5479 1199 5518 mss.
1246 5463 1384 5518 Editi
1412 5480 1534 5518 cum
1574 5467 1781 5522 duobus
1813 5484 1944 5523 mss.
1999 5471 2069 5524 τά

499 5532 556 5586 δέ
579 5532 696 5585 τινα
835 5535 1030 5607 Statim
1062 5537 1189 5607 editi
1219 5535 1400 5605 ἄπορα
1435 5538 1563 5607 παρ’
1602 5537 1848 5601 ἐκείνοις.
1885 5541 1947 5592 At
1971 5555 2067 5595 sex

503 5619 633 5656 mss.
675 5604 803 5674 παρ’
827 5606 1051 5674 ἑτέροις.
1085 5604 1280 5658 Ibidem
1317 5606 1481 5659 editio
1506 5604 1668 5660 Basil.
1693 5622 1814 5661 cum
1835 5610 1981 5663 Bodl.
2011 5621 2067 5663 et

500 5687 627 5792 gum
651 5685 852 5742 septem
889 5675 1006 5729 aliis
1034 5691 1161 5730 mss.
1198 5676 1348 5730 οὐδὲν
1381 5677 1525 5747 ὅρος.
1553 5677 1726 5734 Editio
1752 5677 1921 5736 Paris.
1943 5680 2063 5734 οὐδὲ

540 5757 652 5792 aoc.

540 5757 652 5811 ρος.

1863 4587 1908 4617 ’³
1936 4587 2092 4643 Prov.
2123 4607 2258 4655 χιιι,
2277 4590 2370 4646 ‘28.

2250 4702 2328 4772 ('5)
2365 4703 2508 4776 Editi
2537 4719 2657 4776 cum
2682 4705 2813 4776 Reg.
2847 4703 3006 4776 tertio
3029 4715 3079 4757 et
3097 4721 3218 4759 cum
3239 4705 3394 4760 Coll).
3431 4704 3605 4774 primo
3626 4705 3741 4759 ἑκά-

2182 4789 2326 4835 στοις
2351 4773 2699 4844 ἀποκληρῶν.
2728 4773 2908 4830 Codex
2938 4775 3182 4832 Combet‘.
3216 4792 3336 4830 cum
3369 4773 3489 4829 aliis
3517 4788 3742 4844 quatuor

2183 4857 2319 4915 mss.
2336 4844 2551 4915 ἀποπλη
2562 4844 2690 4915 ρῶν.

2253 4913 2332 4977 (ι)
2359 4913 2523 4967 Nolui
2543 4913 2772 4969 [iocatus
2795 4913 2893 4984 legi
2926 4915 2977 4968 in
3009 4916 3243 4969 editione
3270 4914 3552 4970 Basiliensi
3579 4925 3744 4982 poste-

2185 4982 2312 5055 riori
2344 4985 2752 5055 παραπείνομεν
2773 5027 2790 5051 ,
2823 4982 3005 5055 aitque
3035 4985 3354 5055 Corttarium
3387 4985 3524 5038 male
3572 5000 3743 5040 emen-

2181 5053 2357 5128 dasse,
2381 5053 2501 5108 cum
2533 5073 2596 5108 ex
2649 5053 3056 5128 παραπείνομεν
3097 5053 3296 5128 effecit
3325 5056 3739 5128 παρατείνομεν,

2174 5126 2495 5196 ampliamus
2543 5125 2759 5180 terram.
2811 5125 3077 5196 Caeterum
3103 5125 3300 5196 Δθυι-αὴ
3334 5125 3562 5181 Codices
3595 5125 3739 5196 aeque

2172 5204 2236 5244 ac
2255 5195 2439 5266 nostri
2459 5197 2679 5266 illabent
2701 5193 3184 5266 παρατεμνόμεθα,
3208 5211 3462 5266 secamus.

2244 5263 2322 5337 (5)
2355 5265 2586 5337 Codices
2620 5263 2842 5337 aliquot
2911 5263 3053 5337 cuni,
3089 5267 3334 5337 editione
3380 5265 3545 5321 Basil.
3607 5283 3740 5337 παρ-

2180 5333 2377 5456 αξξαις.
2413 5335 2585 5388 Εάἰιίο
2619 5333 2785 5391 Paris.
2813 5351 2937 5390 cum
2967 5335 3429 5405 aliislquibusdam
3449 5353 3575 5393 mss.
3602 5333 3736 5409 παρ-

2180 5420 2215 5456 α.
2253 5421 2368 5456 .οιε.

2180 5420 2368 5466 αιιοις.

2253 5475 2329 5544 (6)
2362 5473 2730 5548 Editio_Basi_l.
2758 5476 2949 5547 καιρὸς
2981 5475 3079 5547 τῆς
3108 5477 3397 5548 κινήσεως,
3429 5488 3482 5530 et
3510 5479 3583 5530 ita
3614 5477 3736 5547 legit

2179 5544 2488 5616 Coruarius.
2529 5545 2631 5598 Sed
2692 5546 2820 5600 Duc.
2853 5544 3081 5614 uterque
3137 5559 3191 5600 et
3220 5544 3442 5616 'Angltci
3500 5563 3631 5602 mss.
3671 5544 3736 5599 ὀι

2180 5615 2419 5688 (Zombel'.
2444 5630 2565 5667 cum
2612 5631 2705 5669 sex
2739 5617 2938 5688 nostris
2965 5617 3156 5688 καιρὸς
3206 5618 3302 5688 τῆς
3326 5615 3597 5688 κυήσεως.
3637 5616 3735 5671 Nec

2183 5685 2336 5736 aliter
2362 5684 2604 5753 legerunt
2633 5687 2944 5742 Ambrosius
2968 5697 3023 5742 et
3057 5684 3392 5743 Eustathius.
