4082 6398
475 319 582 375 159

1815 320 1872 375 S.
1917 316 2156 373 BASlLll
2201 311 2418 369 MAGNI

3634 312 3728 366 160

476 437 618 489 bona
680 435 834 490 nobis
868 433 1187 489 vindicanda
1233 448 1371 497 esse,
1428 435 1585 488 noxia
1639 450 1766 491 vero
1807 437 2055 505 fugienda

2167 430 2352 494 καλοῦ,
2403 429 2493 482 καὶ
2544 427 2893 499 ἀλλοτρίωσιν
2945 429 3054 481 ἀπὸ
3093 429 3198 483 τῶν
3269 428 3547 500 βλαϐερῶν
3599 431 3716 483 ὑπο-

476 529 789 583 submonet.
826 529 865 582 A
899 529 1122 582 marinis
1143 528 1404 597 exemplis
1435 543 1767 598 nequaquam
1810 530 2053 585 discedo:

475 619 698 686 quando
730 620 946 688 quidem
977 619 1166 672 istliaac
1191 619 1345 673 nobis
1369 620 1718 689 expendenda
1747 635 2057 692 preponun-

481 717 587 760 tur.
617 709 811 762 Audivi
848 724 875 762 a
898 710 1131 777 quodam
1164 711 1454 774 maritimo,
1481 695 1731 765 echintim
1763 713 2052 778 marinum,

477 813 705 868 parvqu
734 816 954 869 prorsus
977 811 1030 855 et
1062 803 1403 870 aspernabile
1422 803 1641 868 animal,
1682 819 2054 875 saepenumero

481 892 898 962 tranquillitatis
932 901 986 946 et
1015 893 1348 964 tempestatis
1393 895 1798 965 navigatorihus
1824 897 2058 952 monito-

479 997 595 1037 rem
634 985 772 1040 lieri.
817 985 918 1052 Qui
968 1000 1089 1039 cum
1122 994 1400 1041 ventorum
1434 989 1780 1054 praesenserit
1809 1003 2053 1044 commov

481 1074 705 1139 tionem,
731 1075 966 1129 validum
992 1075 1221 1144 aliquem
1247 1075 1512 1130 calculum
1543 1075 1707 1143 subit,
1744 1087 1799 1130 et
1840 1076 1894 1130 in
1942 1078 2054 1145 ipso

481 1176 736 1236 tanquam
762 1167 813 1221 in
848 1167 1086 1221 anchora
1119 1165 1346 1220 firmiter
1391 1166 1638 1232 fluctuat,
1680 1168 1902 1236 ejusque
1925 1183 2058 1239 pop-

476 1253 607 1309 dere
633 1255 918 1320 detinetur,
953 1271 1018 1308 ne
1046 1255 1203 1311 facile
1225 1271 1253 1309 a
1277 1255 1532 1311 ﬂuctibus
1561 1258 1926 1312 abstrahatur.
1944 1257 2056 1314 Hoc

476 1347 688 1416 signum
737 1349 826 1402 ubi
876 1348 1109 1403 viderint
1158 1349 1376 1410 nautici,
1428 1350 1719 1403 violentam
1772 1361 2054 1405 ventorum

477 1443 826 1510 agitationem
855 1444 1140 1500 imminere
1163 1446 1358 1500 sciunt.
1383 1446 1497 1516 68
1521 1445 1831 1516 Astrologus
1855 1447 2054 1514 nullus,

477 1535 656 1590 nullus
682 1534 987 1602 Chaldaeus,
1021 1551 1088 1592 ex
1137 1546 1403 1592 astrorum
1446 1548 1568 1593 ortn
1606 1539 1746 1593 aeris
1787 1540 2054 1594 turbatio-

478 1641 574 1681 nes
618 1627 956 1696 conjectans,
987 1629 1177 1684 istlnec
1218 1629 1468 1683 echinum
1510 1628 1729 1684 docuit:
1765 1631 1858 1685 sed
1892 1631 2056 1685 maris

475 1729 531 1774 et
553 1730 836 1775 ventorum
859 1719 1118 1774 Dominus
1163 1719 1247 1774 vel
1279 1734 1446 1790 parvo
1486 1720 1705 1775 animali
1758 1721 1978 1776 evidens
2000 1730 2055 1777 et

478 1823 728 1879 apertum
762 1827 972 1881 magnae
1000 1827 1112 1866 sua:
1139 1813 1418 1880 sapientia:
1445 1812 1728 1883 vestigium
1762 1813 2050 1882 impressit.

477 1903 840 1973 lmprovidum
867 1903 1020 1967 nihil,
1052 1903 1184 1958 nihil
1210 1919 1238 1957 a
1268 1905 1376 1958 Deo
1403 1903 1504 1958 fuit
1564 1905 1886 1974 neglectum.
1919 1904 2055 1975 Spe-

478 1994 690 2048 culatur
720 1993 902 2050 omhia
939 1994 1127 2049 oculus
1162 1994 1252 2048 ille
1283 1995 1568 2063 insopitus.
1591 1994 1855 2050 Omnibus
1880 1996 2052 2063 adest,

477 2086 768 2156 unicuique
791 2085 978 2141 salutis
1022 2087 1413 2155 consequentia:
1447 2084 1754 2141 facultatem
1797 2087 2049 2158 largiens.

478 2179 622 2234 Deus
654 2178 699 2233 si
733 2179 987 2234 echinum
1039 2191 1069 2230 a
1114 2193 1210 2232 sua
1263 2177 1598 2248 providentia
1658 2194 1764 2233 non
1794 2180 2052 2248 excludit,

477 2271 642 2324 rebus
685 2269 791 2323 tuis
838 2285 941 2325 non
1002 2269 1298 2339 prospicit?
1353 2267 1483 2334 Viri,
1528 2270 1728 2340 diligite
1765 2289 1954 2327 uxores
1984 2274 2050 2328 ".

475 2359 737 2426 Quamvis
765 2360 974 2416 externi
1009 2360 1148 2414 inter
1175 2375 1268 2414 vos
1320 2360 1458 2427 silis,
1494 2372 1668 2416 tamen
1714 2363 1765 2416 in
1817 2363 2052 2433 conjugii

477 2454 799 2509 societatem
834 2453 1180 2508 convenistis.
1215 2451 1328 2507 Hoc
1376 2461 1582 2506 natura:
1638 2453 1929 2519 vinculum,
1955 2457 2055 2510 hoc

473 2545 660 2616 iugum
682 2559 778 2615 per
807 2544 1235 2599 benedictionem
1285 2543 1616 2613 impositum,
1643 2546 1953 2601 distantium
1985 2549 2056 2602 sit

477 2636 808 2706 conjunctio.
832 2633 1025 2706 Vipera
1047 2635 1316 2704 reptilium
1341 2636 1721 2694 exitiosissima
1745 2640 1810 2692 ad
1833 2641 2055 2694 marina:

480 2740 733 2782 muraena:
766 2727 977 2795 nuptias
1000 2728 1269 2782 accurrit:
1297 2737 1351 2783 et
1379 2728 1468 2783 ubi
1522 2729 1679 2784 sibilo
1720 2746 1870 2785 suam
1917 2747 2052 2800 pra:-

481 2821 709 2874 sentiam
734 2819 1104 2882 denuntiavit,
1150 2819 1317 2889 ipsam
1353 2836 1382 2874 a
1416 2819 1580 2875 fundo
1642 2823 1709 2875 ad
1759 2823 2052 2892 nuptialem

479 2910 820 2978 complexmn
870 2921 1080 2965 evocat.
1121 2911 1208 2964 Illa
1240 2919 1418 2966 autem
1453 2901 1812 2981 obtemperat,
1843 2923 1896 2968 et
1931 2929 2050 2967 cum

482 3012 746 3059 venenata
769 3003 937 3058 bestia
972 3001 1271 3074 copulatur.
1305 3001 1440 3068 Quid
1460 3003 1560 3057 sibi
1592 3003 1703 3057 vult
1725 3003 1812 3058 hic
1840 3006 2054 3060 sermo?

481 3093 744 3148 Nimirum
776 3108 1000 3148 necesse
1028 3107 1172 3158 esse,
1213 3102 1270 3146 ut
1301 3092 1493 3161 conjux
1515 3094 1764 3149 maritum
1796 3095 2049 3165 perferat,

487 3186 612 3242 licet
638 3200 914 3255 asperum,
949 3187 1075 3241 licet
1126 3187 1366 3242 moribus
1422 3184 1618 3251 ferum,
1653 3204 1750 3243 nec
1793 3190 1860 3245 ob
1893 3190 2052 3245 ullam

484 3294 700 3335 causam
762 3278 1198 3345 conjunctionem
1261 3279 1516 3332 dirimere
1563 3280 1712 3334 velit.
1765 3279 2056 3339 Percussor

481 3371 620 3428 est?
671 3370 778 3426 Sed
839 3371 922 3425 vir
975 3381 1097 3426 tuus
1165 3380 1267 3427 est.
1321 3371 1784 3428 Tcmulentusne?
1839 3378 1908 3430 At
1960 3378 2053 3432 tibi

485 3475 568 3522 est
617 3474 808 3520 natura
861 3463 1199 3534 coniunctus.
1231 3465 1478 3520 Durusne
1506 3474 1560 3520 et
1589 3466 1944 3536 implacidus?
1985 3473 2053 3528 At

485 3556 784 3610 membrum
812 3554 920 3624 iam
951 3565 1100 3610 tuum
1138 3564 1246 3621 est,
1274 3565 1329 3611 et
1382 3557 1746 3612 membrorum
1794 3571 2052 3629 praestari.

485 3647 774 3703 tissimum.

555 3739 607 3793 6.
630 3740 823 3794 Audiat
845 3749 1021 3795 autem
1049 3748 1105 3794 et
1133 3739 1208 3794 vit
1258 3740 1662 3795 convenientem
1694 3741 1793 3797 sibi
1818 3743 2058 3798 admoni-

487 3830 706 3887 tionem.
737 3829 926 3899 Vipera
977 3831 1188 3899 nuptias
1261 3832 1515 3896 reverita,
1556 3832 1704 3887 virns
1733 3833 1965 3889 evomit:
2003 3844 2056 3888 tu

487 3924 650 3977 animi
703 3923 955 3978 duritiam
1003 3934 1058 3979 et
1106 3925 1549 3979 inhumanitatem
1577 3925 1647 3979 ob
1671 3926 2059 3994 coniunctionis

487 4013 849 4067 reverentiam
908 4029 1012 4066 non
1049 4014 1327 4082 depones?
1375 4015 1481 4066 Aut
1529 4012 1776 4067 fortassis
1799 4013 1952 4068 nobis
2004 4022 2058 4066 et

485 4107 595 4160 alio
635 4106 794 4161 modo
828 4106 1064 4175 proderit
1092 4107 1288 4176 viperae
1309 4104 1612 4174 exemplum
1639 4121 1654 4160 :
1685 4104 1829 4173 quod
1857 4112 2059 4159 natura:

487 4198 810 4253 adulterium
842 4198 1108 4267 quoddam
1154 4207 1236 4252 est
1281 4197 1367 4252 hic
1393 4196 1480 4250 ille
1515 4197 1709 4265 vipera:
1732 4205 1785 4250 et
1810 4209 2060 4250 murmnze

485 4289 820 4359 complexus.
881 4288 1102 4344 Discant
1153 4289 1314 4359 igitur
1357 4289 1446 4358 qui
1507 4287 1697 4343 alienis
1743 4288 2062 4343 insidiantur

488 4381 711 4449 nuptiis,
743 4379 890 4449 quali
922 4379 1095 4450 reptili
1127 4379 1236 4432 sint
1267 4378 1594 4433 consimiles.
1618 4377 1914 4433 Ecclesiam
1957 4393 2059 4432 un-

2163 525 2378 585 δεικνὺς
2407 523 2872 592 ὲγκατέσπαρται.
2900 522 3013 574 Οὐκ
3045 523 3350 592 ἀφίσταμαι
3394 523 3500 576 τῶν
3531 522 3730 576 θαλασ-

2159 615 2288 667 σίων
2339 615 2774 684 ὑποδειγμάτων,
2825 613 3012 684 ἐπειδὴ
3064 613 3235 667 ταῦτα
3284 615 3414 685 ἡμῖν
3448 615 3732 684 πρόκειται

2157 709 2238 769 εἰς
2276 706 2520 770 ἐξέτασιν
2565 707 2696 774 (15).
2747 707 2991 758 Ἤκουσα
3031 705 3142 773 ἐγὼ
3173 706 3281 759 τῶν
3330 707 3617 776 παραλίων
3653 724 3704 758 τι

2157 800 2266 862 νὸς,
2299 801 2380 852 ὅτι
2414 801 2442 852 6
2471 797 2759 862 θαλάσσιος
2791 801 2985 869 ἐχῖνος,
3013 800 3074 852 τὸ
3108 801 3302 871 μικρὸν
3335 799 3612 864 παντελῶς
3642 800 3734 853 καὶ

2155 891 2624 962 εὐκαταφρόνητον
2655 891 2810 955 ζῶον,
2837 892 3155 957 διδάσκαλος
3194 894 3452 958 πολλάκις
3492 895 3733 967 γαλήνης

2157 983 2251 1034 καὶ
2285 982 2550 1046 κλύδωνος
2579 985 2690 1046 τοῖς
2717 983 2937 1036 πλέουσι
2977 987 3204 1053 γίνεται.
3240 990 3353 1052 Ὃς,
3383 989 3510 1042 ὅταν
3540 989 3735 1060 προῖδῃ

2155 1073 2397 1144 ταραχὴν
2425 1073 2484 1140 ἐξ
2514 1073 2753 1146 ἀνέμων,
2793 1075 2999 1146 ψηφῖδά
3026 1095 3146 1130 τινα
3175 1079 3419 1132 ὑπελθὼν
3457 1081 3732 1148 γενναίαν,

2156 1166 2242 1218 ἐπ’
2279 1166 2472 1236 αὑτῆς,
2524 1165 2711 1238 ὥσπερ
2760 1168 2846 1220 ἐπ’
2887 1169 3161 1240 ἀγκύρας,
3214 1170 3446 1239 βεϐαίως
3480 1171 3593 1241 (14)
3637 1191 3735 1226 σα-

2156 1258 2321 1321 λεύει,
2351 1259 2711 1328 κατεχόμενος
2747 1258 2823 1329 τῷ
2851 1259 3005 1330 βάρει
3031 1262 3168 1331 πρὸς
3195 1263 3256 1315 τὸ
3285 1263 3357 1333 μὴ
3401 1263 3596 1334 ῥᾳδίως
3623 1267 3736 1328 τοῖς

2158 1350 2401 1421 κύμασιν
2437 1350 2822 1422 ὑποσύρεσθαι.
2855 1352 3025 1406 Τοῦτο
3053 1355 3179 1407 ὅταν
3209 1355 3388 1408 ἴδωσιν
3417 1359 3465 1409 οἱ
3491 1360 3736 1411 ναυτικοὶ

2157 1443 2218 1495 τὸ
2246 1446 2488 1512 σημεῖον,
2521 1442 2664 1495 ἴσασι
2695 1443 2792 1513 τὴν
2826 1445 3278 1516 προσδοκωμένην
3305 1448 3486 1516 βιαίαν
3520 1449 3734 1521 κίνησιν

2155 1534 2263 1586 τῶν
2318 1535 2554 1605 ἀνέμων.
2607 1535 2796 1600 Οὐδεὶς
2829 1538 3178 1608 ἀστρολόγος,
3230 1540 3402 1604 οὐδεὶς
3447 1541 3728 1604 Χαλδαῖος,

2157 1631 2277 1692 ταῖς
2311 1627 2590 1692 ἐπιτολαῖς
2619 1627 2728 1681 τῶν
2756 1629 2972 1700 ἄστρων
3003 1631 3100 1694 τὰς
3141 1632 3248 1684 τῶν
3279 1633 3458 1703 ἀέρων
3488 1635 3733 1705 ταραχάς

2157 1716 2617 1787 τεκμαιρόμενος,
2665 1717 2834 1770 ταῦτα
2886 1718 2979 1770 τὸν
3020 1720 3194 1787 ἐχῖνον
3243 1720 3500 1785 ἐδίδαξεν,
3548 1722 3663 1775 ἀλλ’
3705 1725 3734 1774 ὁ

2157 1809 2430 1879 θαλάσσης
2461 1811 2554 1862 καὶ
2603 1811 2818 1882 ἀνέμων
2871 1810 3073 1880 Κύριος
3121 1814 3214 1865 καὶ
3252 1813 3328 1884 τῷ
3381 1814 3562 1884 μικρῷ
3607 1813 3731 1884 ζώω

2155 1900 2252 1970 τῆς
2287 1901 2529 1972 μεγάλης
2554 1901 2749 1955 ἑαυτοῦ
2787 1902 2978 1971 σοφίας
3015 1904 3242 1973 ἐναργὲς
3275 1903 3418 1974 ῐχνος
3455 1906 3726 1976 ἐνέθηκεν.

2155 1990 2320 2042 Οὑδὲν
2342 1991 2696 2062 ἀπρονόητον,
2719 1992 2868 2044 οὐδὲν
2893 1992 3234 2063 ἠμελημένον
3268 1994 3417 2064 παρὰ
3436 1994 3571 2047 Θεοῦ
3597 1996 3727 2065 (l5).

2157 2083 2340 2137 Πάντα
2387 2083 2641 2138 σκοπεύει
2669 2087 2698 2138 6
2731 2084 3030 2155 ἀκοίμητος
3069 2083 3363 2155 ὀφθαλμός.
3403 2087 3543 2139 llam
3594 2089 3736 2159 πάρ-

2157 2191 2323 2241 εστιν,
2353 2176 2659 2247 ἐκπορίζων
2700 2177 2913 2246 ἑκάστῳ
2962 2178 3059 2247 τὴν
3109 2179 3399 2248 σωτηρίαν.
3446 2179 3509 2230 Εἰ
3558 2181 3733 2249 ἐχῖνον

2156 2267 2259 2332 ἔξω
2306 2269 2406 2338 τῆς
2453 2269 2644 2322 ἐαυτοῦ
2681 2270 2984 2340 ἐπισκοπῆς
3024 2273 3053 2323 6
3106 2269 3236 2333 Θεὸς
3278 2271 3377 2322 οὑκ
3427 2271 3630 2341 ἀφῆκε,
3664 2273 3730 2326 τὰ

2159 2361 2225 2414 σὰ
2256 2360 2354 2414 οὑκ
2393 2362 2714 2425 ἐπισκοπεῖ;
2754 2364 2819 2414 Ol
2849 2361 3086 2428 ἄνδρες.
3111 2359 3377 2430 ἀγαπᾶτε
3407 2362 3510 2427 τὰς
3526 2363 3729 2433 γυναῖ-

2156 2472 2286 2520 κας,
2324 2453 2425 2507 κᾶν
2455 2454 2732 2526 ὑπερόριοι
2761 2453 3005 2523 ἀλλήλοις
3049 2455 3184 2524 πρὸς
3231 2455 3512 2507 κοινωνίαν
3552 2455 3730 2526 γάμου

2157 2545 2464 2617 συνέλθητε.
2504 2547 2560 2598 '0
2599 2545 2695 2616 τῆς
2743 2546 2956 2615 φύσεως
2987 2545 3204 2616 δεσμὸς,
3250 2547 3278 2598 6
3309 2545 3404 2617 διὰ,
3431 2547 3530 2614 τῆς
3579 2546 3730 2599 εὑλο-

2155 2637 2273 2706 γίας
2314 2638 2509 2706 ζυγὸς,
2553 2639 2744 2701 ἓνωσις
2789 2637 2927 2690 ἔστω
2970 2636 3083 2690 τῶν
3125 2636 3445 2691 διεστώτων.
3481 2638 3728 2708 Ἔχιδνα,

2155 2729 2215 2782 τὸ
2260 2729 2638 2799 χαλεπώτατον
2676 2730 2782 2782 τῶν
2822 2729 3083 2800 ἑρπετῶν,
3127 2730 3262 2800 πρὸς
3301 2731 3476 2798 γάμον
3521 2729 3730 2800 ἀπαντᾷ

2155 2821 2254 2889 τῆς
2299 2821 2595 2904 θαλασσίας
2648 2822 2918 2892 μυραίνης
2971 2821 3113 2889 (l6),
3169 2823 3263 2875 καὶ
3326 2820 3578 2891 συριγμῷ
3633 2822 3732 2893 τὴν

2157 2915 2456 2984 παρουσίαν
2499 2915 2784 2984 σημήνασα
2833 2913 3142 2966 ἐκκαλεῖται
3189 2913 3358 2983 αὐτὴν
3388 2914 3453 2966 ἐκ
3491 2913 3599 2965 τῶν
3642 2913 3730 2982 βυ-

2157 3005 2264 3058 θῶν
2312 3006 2445 3076 πρὸς
2479 3005 2720 3076 γαμικὴν
2753 3005 3086 3076 συμπλοκήν.
3127 3004 3190 3056 Ἢ
3225 3004 3279 3056 δὲ
3315 3005 3596 3068 ὑπακούει,
3640 3005 3731 3058 καὶ

2155 3097 2368 3149 ἑνοῦται
2393 3096 2472 3166 τῷ
2503 3096 2709 3164 ίοϐὁλῳ.
2743 3097 2806 3148 Τί
2836 3096 3080 3166 βούλεταί
3118 3113 3207 3166 μοι
3247 3099 3274 3149 6
3303 3095 3491 3164 λόγος;
3522 3098 3603 3149 ὃτι
3631 3097 3731 3150 κᾶν

2156 3187 2358 3259 τραχὺς
2389 3183 2445 3262 ᾗ,
2479 3188 2580 3242 κᾶν
2626 3190 2814 3257 ἄγριος
2861 3189 2922 3240 τὺ
2957 3184 3088 3258 ἦθος
3129 3188 3157 3240 ὁ
3194 3187 3467 3251 σύνοικος,
3517 3189 3729 3257 ἀνάγκη

2158 3281 2342 3352 φέρειν
2372 3281 2468 3352 τὴν
2492 3281 2754 3352 ὁμόζυγα,
2776 3281 2870 3334 καὶ
2891 3283 2954 3333 ἐκ
2980 3281 3248 3351 μηδεμιᾶς
3276 3283 3597 3350 προφάσεως
3621 3282 3729 3351 (l7)

2158 3374 2552 3444 καταδέχεσθαι
2601 3374 2696 3444 τὴν
2725 3373 2920 3427 ἕνωσιν
2970 3373 3226 3443 διασπᾷν.
3269 3372 3553 3442 “Mm-qq;
3592 3372 3729 3424 Ἀλλ’

2159 3469 2316 3538 ἀνήρ.
2365 3467 2658 3538 Πάροινος;
2723 3466 2860 3518 Ἀλλ’
2905 3466 3180 3536 ἡνωμένος
3231 3464 3372 3518 κατὰ
3417 3465 3514 3533 τὴν
3548 3465 3726 3532 φύσιν.

2159 3559 2372 3628 Τραχὺς
2409 3559 2502 3610 καὶ
2537 3556 2900 3626 δυσάρεστος;
2943 3554 3101 3607 Ἀλλά
3140 3554 3298 3624 μέλος
3332 3554 3430 3624 ἥδη
3483 3554 3594 3617 σὺν,
3641 3557 3731 3607 καὶ

2163 3647 2338 3717 μελῶν
2371 3647 2432 3698 τὸ
2458 3645 2799 3715 τιμιώτατον.

2228 3739 2278 3792 6.
2326 3737 2591 3791 Ἀκουέτω
2613 3737 2669 3790 δὲ
2706 3737 2799 3790 καὶ
2831 3738 2860 3788 ὁ
2887 3735 3025 3805 ἀνὴρ
3056 3735 3152 3804 τῆς
3181 3734 3558 3806 προσηκούσης
3585 3735 3734 3804 αὑτῷ

2161 3829 2549 3900 παραινέσεως.
2602 3830 2663 3880 Ἡ
2712 3827 2892 3897 ἔχιδνα
2937 3827 3028 3878 τὸν
3077 3827 3151 3879 ἰὸν
3193 3826 3406 3895 ἐξεμεῖ,
3444 3826 3732 3896 αἰδουμένη

2159 3920 2250 3972 τὸν
2284 3921 2490 3990 γάμον·
2529 3920 2592 3971 σὺ
2623 3919 2682 3971 τὸ
2708 3919 2804 3988 τῆς
2838 3918 3016 3988 ψυχῆς
3063 3918 3264 3987 ἀπηνὲς
3309 3918 3401 3970 καὶ
3435 3917 3729 3988 ἀπάνθρω-

2161 4029 2260 4064 πον
2292 4013 2391 4063 οὑκ
2419 4010 2736 4064 άποτίθεσαι
2783 4011 2921 4064 αἰδοῖ
2950 4011 3047 4078 τῆς
3089 4009 3370 4072 ἐνώσεωςς
3405 4011 3476 4061 Ἢ
3509 4010 3646 4079 τάχα
3673 4007 3733 4061 τὸ

2159 4105 2256 4173 τῆς
2310 4101 2519 4172 ἐχίδνης
2582 4103 2882 4172 ὑπόδειγμα
2937 4103 3031 4155 καὶ
3087 4101 3287 4172 ἑτέρως
3351 4102 3480 4171 ἡμῖν
3541 4118 3731 4172 χρησι-

2165 4193 2350 4264 μεύσ-ει
2385 4193 2516 4263 (18),
2553 4194 2632 4246 ὅτι
2678 4194 2888 4264 μοιχεία
2917 4193 3000 4256 τίς
3033 4195 3148 4245 ἐστι
3195 4194 3292 4263 τῆς
3323 4193 3536 4261 φύσεως
3568 4195 3600 4262 ὴ
3638 4193 3731 4262 τῆς

2163 4285 2374 4356 ἐχίδνης
2419 4287 2511 4338 καὶ
2546 4286 2642 4356 τῆς
2681 4286 2947 4356 μυραίνης
2990 4285 3278 4355 ἐπιπλοκὴ.
3323 4284 3732 4356 Διδαχθὴτωσαν

2162 4373 2253 4430 οὖν
2291 4381 2402 4441 τοῖς
2445 4377 2744 4449 ἀλλοτρίοις
2778 4378 3218 4442 ἐπιϐουλεύοντες
3251 4379 3472 4448 γάμοις,
3507 4379 3733 4454 ποταπῷ

490 4473 687 4528 delibet
725 4473 992 4527 aediﬁcare
1039 4486 1179 4524 unus
1231 4470 1358 4523 mihi
1396 4484 1591 4537 scopus
1649 4479 1751 4522 cst.
1796 4468 2055 4523 Sedeutur

2167 4471 2305 4522 εἰσιν
2336 4470 2552 4539 ἑρπετῷ
2594 4469 2982 4541 παραπλήσιοι.
3018 4467 3111 4533 Εἷς
3159 4488 3246 4540 μοι
3283 4471 3502 4534 σκοπὸς,
3535 4487 3732 4522 παντα-

494 4563 940 4617 incontinentium
971 4561 1239 4622 libidines,
1273 4569 1384 4613 tum
1423 4559 1652 4613 terrenis
1681 4570 1790 4612 tum
1841 4559 2061 4612 marinis

492 4651 714 4706 frenata:
746 4650 1026 4720 exemplis.
1057 4650 1153 4704 Hic
1185 4661 1239 4705 et
1267 4651 1511 4718 corporis
1539 4651 1825 4704 inlirmitas
1847 4662 1901 4704 et
1924 4658 2062 4705 tcm-

491 4759 593 4814 pus
645 4746 1093 4813 advesperascens
1133 4743 1290 4799 linem
1323 4743 1575 4812 loquendi
1629 4743 1805 4798 facere
1835 4759 1918 4798 me
1967 4760 2058 4799 co-

492 4843 658 4906 gunt,
694 4835 792 4889 etsi
816 4836 899 4889 his
916 4836 1004 4904 qui
1036 4836 1262 4890 libenter
1288 4836 1530 4899 audiunt,
1555 4835 1829 4904 complura
1863 4836 2058 4901 adhuc,

563 4949 612 4982 “
642 4948 835 5003 Euhes.
859 4964 916 5012 v,
938 4949 1029 5003 ‘25.

565 5081 677 5155 (l3)
706 5081 797 5134 Sic
822 5096 955 5136 mss.
980 5084 1055 5155 At
1094 5083 1220 5136 editi
1268 5085 1344 5146 ei;
1379 5084 1476 5155 τὴν
1521 5083 1600 5147 ἐξ.
1632 5080 1741 5136 Nec
1775 5083 1850 5137 ita
1900 5083 2063 5138 multo

495 5162 616 5224 post
640 5154 750 5224 duo
784 5166 920 5224 mss.
944 5153 1005 5224 τὸ
1043 5154 1392 5224 μικρότατον.

567 5171 616 5207 5t
645 5171 750 5206 uno
784 5171 914 5204 mss.
944 5171 1005 5204 το
1038 5171 1392 5274 μικροτατον.

567 5222 683 5292 (Η)
731 5221 804 5274 Ita
839 5222 1004 5277 editio
1083 5224 1202 5277 asil.
1255 5240 1373 5278 enm
1423 5223 1662 5292 quinque
1709 5237 1838 5292 mss.
1882 5219 2060 5275 Editio

496 5291 670 5347 Paris.
689 5307 819 5365 eum
846 5293 978 5365 [ξος.
1003 5303 1198 5365 octavo
1229 5291 1476 5365 ἀγκύρας
1506 5291 1765 5365 βεϐαίαςζ
1786 5291 2060 5365 Tanquam

494 5368 549 5418 in
579 5363 807 5417 anchora
838 5361 1014 5430 ﬁrma.
1047 5361 1340 5431 Aliquanto
1369 5361 1686 5430 post’editio
1736 5361 1908 5415 Paris.
1936 5377 2060 5415 cum

496 5435 700 5502 aliquot
724 5449 852 5504 mss.
885 5433 1278 5504 ὑποσύρεσθαι.
1319 5435 1425 5488 Alii
1463 5435 1682 5502 quidam
1748 5449 1880 5486 mss.
1937 5447 2061 5485 cum

496 5504 647 5558 Bodl.
674 5503 1064 5575 άποσύρεσθαι.

493 5575 682 5696 8(_l5)
737 5573 866 5643 Reg.
915 5578 1186 5631 secundus
1247 5590 1368 5630 cum
1422 5573 1574 5630 Colb.
1628 5574 1862 5628 secundo
1915 5574 2063 5642 παρά

541 5661 632 5696 εω.

541 5661 632 5697 εω.

569 5699 678 5781 (olli)
710 5715 884 5769 Codex
935 5717 1174 5772 Con-.ln'f.
1237 5721 1300 5787 τῇ
1355 5716 1613 5785 θαλαττίᾳ
1648 5713 1904 5787 μυραῃίνῃ.
1946 5714 2060 5767 \lox

495 5785 644 5838 Coll).
703 5789 904 5854 primus
964 5784 1297 5859 amab/111"
1328 5784 1690 5856 ἐγκαλεῖσθαι.
1759 5784 1932 5838 Monet
1985 5787 2062 5835 vir

2168 4562 2321 4634 χόθεν
2397 4562 2788 4632 οἰκοδομεῖσθαι
2844 4563 2942 4633 τὴν
3002 4562 3348 4632 Ἐκκλησίαν.
3422 4563 3735 4616 Καταστελ-

2169 4653 2340 4708 λέσθω
2379 4653 2490 4723 (19)
2539 4654 2607 4705 τὰ
2640 4653 2787 4722 πάθη
2832 4652 2939 4706 τῶν
2985 4654 3320 4717 ἀκολάστων,
3365 4656 3455 4707 καὶ
3499 4655 3736 4721 ἐγγείοις

2169 4748 2261 4800 καὶ
2301 4746 2599 4809 θαλαττίοις
2636 4745 2992 4815 ὑποδείγμασι
3039 4747 3424 4817 παιδευόμενα.
3475 4748 3737 4802 Ἑνταῦθά

2173 4855 2237 4908 με
2284 4838 2471 4907 στῆναι
2526 4837 2618 4889 τοῦ
2667 4837 2822 4904 λόγου
2877 4839 2911 4908 ἦ
2958 4855 3017 4891 τε
3067 4837 3160 4889 τοὺ
3217 4837 3460 4909 σώματος
3479 4855 3744 4908 καταναγ-

2173 5094 2518 5136 uoctussumus
2547 5084 2790 5147 Ducrens,
2818 5093 2960 5153 quod
2993 5099 3077 5138 n.c
3109 5097 3173 5136 oe
3223 5081 3479 5153 murrenis
3513 5081 3731 5153 dicitur.

2174 5154 2223 5204 id
2271 5154 2489 5220 quidem
2552 5171 2580 5206 a
2615 5151 2936 5222 quibusdam
2968 5153 3329 5222 scriptoribus
3353 5151 3606 5204 allirmari
3635 5191 3648 5209 .
3675 5152 3738 5200 al:

2172 5222 2293 5275 aliis
2321 5238 2448 5276 vero
2482 5226 2688 5292 negari.

2243 5294 2354 5360 (17)
2385 5289 2845 5347 (ΖοΙΙ).ἐεοιιιιάιιε
2884 5293 2980 5362 τὴν
3021 5291 3322 5362 ὁμόζυγον,
3362 5290 3454 5343 καὶ
3507 5289 3636 5360 μηδὲ
3679 5290 3740 5362 ἐκ

2176 5364 2302 5433 μιᾶς
2337 5359 2696 5433 προφάσεως.
2742 5365 2870 5432 lleg.
2932 5359 3134 5427 primus
3162 5359 3598 5433 Alialietnqnnqne
3641 5359 3739 5428 τὴν

2173 5431 2459 5502 ὁμόζυγον.
2489 5435 2589 5486 Alii
2625 5450 2753 5488 mss.
2787 5431 2906 5486 cum
2931 5433 3089 5485 editis
3122 5431 3493 5502 τὴνὸμόςυγα
3520 5470 3533 5492 ,
3563 5443 3666 5502 et_r.

2245 5500 2602 5574 (18)(Σοι1ἰοιιδ
2638 5519 2727 5556 sex
2786 5500 3184 5573 χρησιμεύσει.
3229 5501 3373 5554 Ειιίιξ
3429 5516 3546 5553 tum
3609 5500 3737 5565 Iieg.

2173 5577 2358 5641 quiqu
2382 5574 2720 5642 χρησιμεύει.

2246 5643 2355 5709 (Ill)
2383 5639 2559 5695 iam»;
2588 5644 2851 5695 secundus
2915 5641 3483 5696 καταστελλέσθωσαν.
3549 5639 3738 5692 Statim

2174 5713 2312 5767 idem
2343 5730 2438 5765 nis.
2472 5713 2853 5781 παιδευόμεναι.
