4082 6398
374 331 471 386 161

1463 340 1744 396 ιιοιιιιλλ
1789 345 1872 400 VII
1913 345 1978 402 ΙΝ
2020 348 2512 409 llEXAEMERON.

3510 367 3615 426 162

368 445 532 510 κάξει
561 445 855 514 τάσθένεια,
897 450 990 503 καὶ⁵
1036 451 1098 505 τὸ
1140 455 1236 524 τῆς
1267 453 1414 527 ὥρας
1447 457 1546 527 ὀψέ
1569 477 1582 489 ο
1619 461 1740 515 ἐπεὶ
1775 462 1932 517 πολλᾶ

2046 481 2217 537 eaque
2239 470 2592 526 admiratione
2625 472 2807 541 digna,
2836 477 2901 530 de
2933 478 3090 534 relms
3130 479 3182 536 in
3221 484 3352 538 mari
3381 500 3613 544 nascen-

373 537 454 593 ἔτι
498 538 812 611 προσθεῖναι
845 537 988 612 εῐχον
1020 547 1132 610 τοῖς
1169 548 1446 618 φιληκόοις
1496 551 1770 622 θαύματος
1817 555 1942 622 ἄξια

368 629 502 700 περὶ
542 628 651 684 τῶν
683 632 966 703 φυομένων
1008 637 1066 688 ἐν
1097 640 1162 708 τῇ
1194 637 1461 714 θαλάσσῃ·
1499 644 1625 714 περὶ
1668 644 1944 717 θαλάσσης

368 721 564 791 αὐτῆς,
606 722 723 786 πῶς
763 726 841 788 είς
872 725 1004 788 ἃλας
1037 727 1095 780 τὸ
1127 727 1270 801 ὕδωρ
1303 733 1603 802 πήγνυται⁹
1640 735 1755 798 πῶς
1782 738 1810 789 ὁ
1847 754 1941 790 πο·-

369 811 662 884 λυτίμητος
705 813 850 876 λίθος
892 815 952 868 τὸ
985 817 1288 888 κουράλιςν,
1310 821 1436 893 χλόη
1475 824 1574 893 μέν
1609 827 1755 878 ἐστιν
1777 829 1832 879 ἐν
1873 829 1939 898 τῇ

369 904 643 978 θαλάσσῃ,
685 906 903 960 ἐπειδάν
941 909 998 962 δὲ
1042 913 1121 972 είς
1161 912 1250 965 τὸν
1289 915 1426 985 ἀέρα
1470 916 1758 989 ἐξενεχθῇ,
1804 921 1941 990 πρὸς

366 994 519 1050 λίθου
570 999 901 1071 στερρότητα
953 1005 1400 1076 μεταπήγνυται’
1459 1010 1621 1065 πόθεν
1664 1012 1742 1082 τῷ
1787 1014 1939 1067 εύτε-

365 1089 610 1162 λεστάτῳ
651 1091 776 1164 ζώῳ
822 1094 899 1164 τῷ
941 1097 1148 1168 ὀστρέῳ
1193 1100 1281 1152 τὸν
1327 1101 1624 1174 βαρύτιμον
1668 1108 1940 1178 μαργαρί-

363 1201 469 1255 την
503 1184 616 1253 (20)
650 1187 682 1257 ἡ
727 1187 886 1255 φύσις
917 1189 1204 1261 ἐνέθηκεν·
1244 1192 1280 1245 ἃ
1330 1193 1437 1264 γάρ
1472 1197 1796 1268 ἐπιθυμοῦσι
1843 1200 1938 1271 θη-

368 1279 560 1348 σαυροὶ
611 1278 892 1349 βασιλέων,
931 1282 1100 1336 ταῦτα
1137 1285 1262 1355 περὶ
1305 1287 1586 1354 αἰγιαλοὺς
1633 1291 1724 1343 καὶ
1769 1293 1941 1355 ἀκτὰς

363 1371 463 1424 καὶ⁵
499 1372 756 1443 τραχείας
802 1373 1009 1445 πέτρας
1049 1375 1377 1448 διέρῤιπται,
1405 1382 1517 1442 τοῖς
1545 1381 1787 1453 ἐλύτροις
1830 1385 1938 1438 τῶν

363 1463 606 1535 ὀστρέων
632 1465 955 1534 ἐγκείμενα·
991 1468 1152 1520 πόθεν
1184 1469 1244 1521 τὸ
1271 1473 1502 1540 χρυσοῦν
1537 1473 1679 1545 ἔριον
1721 1478 1775 1529 αἱ
1822 1477 1939 1530 πίν-

367 1573 454 1608 ναι
509 1556 816 1626 τρέφουσιν,
863 1559 998 1630 ὅπερ
1033 1561 1209 1625 οὐδεὶς
1259 1564 1366 1616 τῶν
1420 1565 1739 1636 άνθοϐάφων
1775 1568 1936 1641 μέχρι

365 1646 462 1700 νῦν
495 1647 605 1717 (9.1)
651 1650 990 1720 ἐμιμήσατο⁹
1023 1653 1184 1706 πόθεν
1215 1657 1271 1708 αἱ
1301 1657 1479 1728 κόχλοι
1510 1663 1622 1723 τοῖς
1660 1661 1936 1731 βασιλεύοι

363 1739 463 1803 τὰς
491 1739 812 1812 ἁλουργίδας
839 1741 1170 1814 χαρίζονται,
1199 1749 1254 1800 αἳ
1285 1752 1378 1802 καὶ
1421 1752 1489 1804 τὰ
1523 1752 1655 1825 ἄνθη
1690 1756 1799 1808 τῶν
1839 1757 1938 1810 λει-

367 1832 561 1901 μώνων
611 1836 677 1903 τῇ
748 1835 969 1906 εύχροίᾳ
1036 1839 1404 1912 παρέδραμον.
1445 1843 1806 1916 Ἐξαγαγέτω
1863 1850 1933 1902 τὰ
1969 1834 2007 1887 1⁸

363 1924 553 1977 ὕδατα
585 1926 718 1996 (‘22).
757 1929 866 1980 Καὶ¹
898 1929 950 1980 τί
984 1931 1045 1982 ού
1090 1932 1280 2000 γέγονε
1327 1934 1436 1987 τῶν
1482 1936 1832 2005 άναγκαίων;
1880 1941 1932 1993 τί

361 2017 418 2070 δὲ
450 2017 568 2088 ούχὶ
601 2019 708 2071 τῶν
743 2020 1048 2074 πολυτελῶν
1097 2025 1358 2097 ἐχαρίσθη
1405 2027 1480 2097 τῷ
1533 2028 1667 2099 βίῳ;
1717 2031 1784 2084 τά
1837 2033 1933 2102 μὲν

362 2112 443 2174 είς
485 2112 787 2182 ὑπηρεσίαν
842 2113 1163 2185 ἀνθρώπων,
1209 2116 1278 2169 τὰ
1323 2118 1380 2170 δὲ
1423 2121 1503 2183 είς
1556 2121 1788 2194 θεωρίαν
1837 2124 1932 2177 τοῦ

362 2207 489 2278 περ)¹
517 2207 614 2278 τὴν
647 2208 824 2261 κτίσιν
867 2208 1162 2280 θαύματος.
1192 2212 1358 2265 Ἀλλα
1392 2214 1619 2288 φοϐερά,
1663 2218 1936 2287 παιδαγω-

361 2299 562 2366 γοῦντα
605 2299 762 2371 ἡμῶν
794 2301 854 2354 τὸ
894 2302 1133 2373 ῥᾴθυμον
1186 2305 1318 2374 (25).
1366 2307 1680 2376 Ἐποίησεν
1712 2315 1744 2364 ό
1793 2311 1935 2378 Θεὸς

360 2394 434 2447 τὰ
489 2393 639 2462 κήτη
706 2396 776 2448 τὰ
828 2396 1083 2465 μεγάλα.
1133 2399 1247 2453 Οὐκ
1305 2401 1493 2473 ἐπειδὴ
1569 2405 1784 2476 καρίδος
1840 2407 1934 2459 καὶ

363 2486 606 2559 μαινίδος
656 2488 896 2558 μείζονα,
936 2489 1026 2543 διὰ
1065 2490 1224 2544 τοῦτο
1274 2493 1485 2564 μεγάλα
1529 2493 1776 2567 εἴρηται·
1817 2497 1932 2551 ἀλλ’

359 2577 545 2648 ἐπειδὴ
592 2582 702 2642 τοῖς
736 2580 1011 2651 μεγίστοις
1049 2582 1198 2654 ὄρεσι
1230 2584 1307 2655 τῷ
1347 2585 1494 2657 ὄγκῳ
1539 2587 1634 2640 τοῦ
1684 2588 1934 2660 σώματος

358 2669 752 2741 παρισάζεταιο
788 2673 822 2726 ἆ
871 2691 934 2742 γε
980 2674 1072 2727 καὶ
1116 2677 1294 2746 νήσων
1343 2679 1602 2746 πολλάκις
1635 2684 1935 2752 φαντασίαν

359 2763 690 2834 παρέχεται,
738 2766 956 2820 ἐπειδάν
1022 2783 1152 2821 ποτε
1208 2770 1299 2822 ἐπὶ
1346 2771 1444 2842 τὴν
1486 2773 1659 2845 ἄκραν
1733 2777 1933 2846 ἐπιφάι-

358 2873 510 2909 vetas
561 2857 650 2910 τοῦ
694 2857 882 2922 ὕδατος
921 2860 1271 2932 άνανήξηται.
1324 2863 1507 2918 Ταῦτα
1565 2865 1746 2935 μέντοι
1785 2869 1934 2939 τηλι-

360 2949 535 3003 καῦτα
584 2950 711 3004 ὂντα
764 2953 825 3004 ού
881 2953 1010 3024 περὶ
1061 2953 1262 3017 ἀκτάς,
1301 2955 1420 3008 οὐδὲ
1477 2958 1757 3026 αἰγιαλοὺς
1805 2959 1930 3031 (2i)

358 3041 652 3113 διατρίϐει,
700 3044 834 3096 ἀλλὰ
873 3045 935 3098 τὸ
981 3046 1319 3100 Ἀτλαντικὸν
1363 3049 1650 3120 λεγόμενον
1699 3053 1933 3123 πέλαγος

359 3137 574 3188 ἐνοικεῖ.
607 3136 844 3191 Τοιαῦτά
883 3140 999 3190 ἐστι
1041 3139 1110 3190 τὰ
1159 3140 1293 3210 πρὸς
1351 3141 1514 3208 φόϐον
1547 3143 1641 3195 καὶ
1671 3143 1932 3214 ἔκπληξιν

357 3227 630 3300 ἡμετέραν
684 3229 1152 3301 δημιουργηθέντα
1193 3231 1324 3295 ζῶα.
1375 3233 1499 3286 Ἐάν
1545 3235 1601 3287 δὲ
1654 3236 1925 3307 ἀκούσης,

355 3318 438 3372 ὅτι
472 3321 539 3374 τὰ
572 3321 807 3390 μέγιστα
841 3322 950 3375 τῶν
1005 3322 1202 3377 πλοίων
1249 3326 1586 3396 ἡπλωμένοις
1641 3328 1826 3391 ἱστίοις
1870 3330 1928 3397 ἐξ

355 3412 546 3481 ούρίας
584 3415 855 3484 φερόμενα
883 3414 942 3467 τὺ
995 3415 1320 3487 μικρότατον
1382 3418 1671 3490 ἰχθύδιονή
1715 3421 1931 3491 ὲχενηῒς

355 3502 499 3558 οὕτω
537 3506 732 3578 ῥᾳδίως
774 3507 1005 3578 ἵστησιν,
1036 3507 1174 3560 ὥστε
1232 3510 1484 3580 ἀκίνητον
1539 3512 1633 3564 ἐπὶ
1682 3511 1930 3564 πλεῖστον

357 3598 650 3667 φυλάσσειν
701 3598 798 3670 τὴν
845 3599 976 3652 ναῦν
1023 3599 1213 3670 ὥσπερ
1266 3601 1764 3673 καταρριζωθεῖσαν

353 3694 413 3746 ὲν
447 3695 595 3764 αύτῷ
614 3693 692 3765 τῷ
720 3695 963 3764 πελάγει,
993 3693 1081 3767 ἆρ’
1106 3697 1224 3766 οὐχὶ¹
1247 3699 1338 3750 καὶ
1365 3701 1421 3750 ὲν
1448 3698 1524 3770 τῷ
1554 3698 1733 3770 μικρῷ
1755 3699 1930 3770 τούτῳ

353 3787 452 3856 τὴν
499 3786 669 3858 αὐτὴν
727 3787 826 3858 τῆς
862 3787 954 3840 τοῦ
989 3788 1270 3852 κτίσαντος
1301 3789 1581 3861 δυνάμεως
1632 3791 1928 3860 λαμϐάνεις

355 3877 629 3944 ἀπόδειξιν
649 3894 663 3941 ;
682 3880 756 3932 Οὐ
781 3879 890 3951 γὰρ
920 3880 1066 3950 μόνοι
1086 3881 1196 3951 (26)
1228 3881 1421 3949 ξιφίαι,
1451 3884 1545 3936 καὶ
1571 3883 1808 3954 πρίονες,
1833 3885 1928 3938 καὶ

355 3966 538 4031 κύνες,
571 3969 664 4022 καὶ
695 3969 951 4039 φάλαιναι
980 3972 1073 4025 ’καλ⁴
1105 3959 1376 4041 ζύγαιναι,
1407 3973 1632 4046 φοϐερὰ,
1669 3975 1803 4028 ἀλλὰ
1833 3974 1928 4028 καὶ

353 4061 614 4134 τρυγόνος
645 4063 866 4133 κέντρον
887 4064 987 4133 τῆς
1018 4064 1334 4130 θαλασσίας,
1353 4068 1446 4120 καὶ
1471 4066 1673 4137 ταύτης
1705 4068 1924 4137 νεκρᾶς,

357 4153 452 4205 καὶ
475 4152 684 4222 λαγωὸς
711 4154 738 4205 ὁ
762 4153 1070 4219 θαλάσσιος,
1107 4158 1204 4226 οὐχ
1237 4151 1395 4228 ἧττόν
1427 4158 1541 4209 ἐστι
1574 4156 1798 4228 φοϐερά,
1829 4174 1926 4210 τα-

357 4245 507 4314 χεῖαν
523 4243 616 4296 καὶ
638 4244 1006 4317 ἀπαραίτητον
1042 4244 1139 4316 τὴν
1167 4245 1368 4316 φθορὰν
1397 4247 1741 4317 ἐπιφέροντα.
1773 4245 1928 4300 Οὕτω

356 4349 416 4388 σε
453 4335 540 4388 διὰ
593 4341 805 4391 πάντων
836 4337 1194 4409 ἐγρηγορέναι
1223 4341 1251 4392 ὁ
1291 4339 1513 4411 κτίστης
1563 4339 1831 4410 βούλεται,
1859 4340 1926 4393 ἵν’

353 4427 412 4480 ὲν
445 4430 508 4498 τῇ
543 4428 678 4499 πρὸς
701 4429 832 4483 Θεὸν
862 4429 1034 4514 ἐλπίδι
1060 4429 1156 4494 τὰς
1197 4432 1291 4484 ἀπ’
1330 4430 1508 4484 αὐτῶν
1541 4431 1744 4501 βλάϐας
1793 4432 1927 4484 ἀπο-

2046 561 2186 616 tihus
2230 577 2501 632 apponere
2546 574 2808 634 poteram.
2866 568 3130 626 Nimirum
3170 575 3236 630 de
3281 577 3398 646 ipso
3436 581 3614 647 mari:

2044 657 2311 722 quomodo
2351 657 2401 710 iu
2427 657 2591 712 salem
2619 667 2920 717 concrescit
2968 680 3106 736 aqua
3136 686 3148 719 :
3181 673 3450 738 quomodo
3489 691 3615 746 pre-

2045 745 2366 801 tiosissimus
2411 748 2543 819 lapis
2601 753 2906 819 corallium,
2936 758 2988 811 in
3015 762 3150 814 mari
3193 764 3406 830 quidem
3446 745 3612 824 herba

2041 845 2146 900 est,
2175 847 2456 906 postquam
2499 857 2628 897 vero
2654 845 2705 898 in
2737 862 2917 902 aerem
2967 853 3190 907 eductus
3223 854 3406 922 fuerit,
3441 860 3494 915 in
3536 862 3616 919 la-

2043 925 2179 991 pidis
2215 927 2536 984 soliditatem
2593 937 2958 1008 compingitur
3003 957 3018 996 :
3078 947 3218 1001 unde
3270 947 3320 1002 in
3353 951 3613 1014 vilissima

2045 1016 2212 1072 bestia
2249 1031 2426 1078 ostrea
2482 1031 2828 1096 margaritam
2893 1049 3152 1106 perquam
3193 1045 3482 1110 pretiosam
3515 1067 3614 1107 na-

2044 1119 2160 1163 tura
2197 1112 2432 1168 inclusit.
2467 1117 2595 1184 Quae
2636 1123 2780 1176 enim
2827 1130 3216 1198 concupiscunt
3267 1152 3453 1209 regum
3496 1145 3614 1200 the-

2041 1203 2208 1272 sauri,
2264 1221 2325 1259 ea
2355 1207 2497 1262 circa
2545 1210 2722 1266 littora
2773 1215 3024 1289 ripasque
3073 1232 3125 1278 et
3163 1203 3382 1296 asperas
3429 1245 3614 1304 petras

2041 1294 2263 1364 disjecta
2291 1309 2434 1365 sunt,
2469 1303 2521 1355 in
2581 1314 2882 1363 ostreorum
2921 1315 3072 1370 testis
3114 1294 3390 1378 recondita
3414 1294 3442 1392 ;'
3475 1331 3615 1386 unde

2040 1387 2215 1456 pinna:
2254 1406 2473 1447 auream
2527 1395 2703 1452 lanam
2741 1406 3026 1472 nutriunt,
3076 1427 3237 1480 quam
3290 1418 3612 1480 infectorum

2043 1481 2219 1537 nullus
2247 1483 2507 1543 hactenus
2536 1501 2618 1545 est
2653 1493 2924 1564 imitatus;
2963 1503 3103 1557 unde
3128 1507 3360 1564 cochleae
3395 1515 3615 1582 regibus

2043 1571 2342 1641 largiuntur
2397 1594 2710 1649 purpuram,
2747 1601 2867 1655 qua:
2928 1603 3204 1658 pratorum
3254 1602 3415 1657 etiam
3450 1606 3613 1662 ﬂores

2039 1664 2236 1720 coloris
2267 1673 2572 1737 praestantia
2627 1689 2902 1745 superant.
2944 1680 3252 1742 Producant
3309 1710 3478 1764 aqum.
3515 1699 3614 1755 Ec-

2041 1759 2166 1826 quid
2198 1765 2621 1820 uecessatiorum
2648 1767 2847 1824 factum
2891 1789 2993 1827 non
3045 1779 3166 1832 est?
3200 1784 3325 1842 quid
3350 1759 3614 1854 pretioso-

2041 1865 2155 1904 rum
2188 1853 2366 1907 dalum
2397 1872 2500 1909 non
2529 1869 2612 1912 est
2639 1861 2795 1915 vitae?
2842 1863 2964 1921 llarc
3006 1871 3219 1939 quidem
3245 1878 3310 1930 ad
3337 1853 3613 1940 hominum

2038 1942 2432 2009 ministerium,
2487 1948 2574 2001 illa
2615 1965 2742 2008 vero
2789 1956 2854 2008 ad
2905 1963 3454 2030 contemplationem:
3505 1989 3613 2045 qua

1985 2035 2327 2091 -creationis
2383 2038 2704 2098 miraculum
2773 2053 3222 2121 contemplamur.
3297 2062 3415 2118 Alia
3484 2035 3612 2126 sunt

2036 2123 2338 2190 horribilia,
2357 2128 2616 2186 desidiam
2639 2147 2875 2192 nostram
2895 2145 3219 2202 erudientia.
3245 2149 3450 2210 Creavit
3470 2157 3611 2217 Deus

2035 2224 2142 2269 cete
2170 2218 2391 2285 grandia
2409 2219 2474 2274 9⁷.
2516 2221 2630 2278 Νοη
2665 2227 2786 2294 quia
2814 2231 3017 2300 majora
3069 2249 3376 2310 Suntquam
3418 2231 3612 2319 sqttilla

2035 2315 2090 2359 et
2121 2309 2534 2367 maena.idcirco
2565 2319 2785 2382 grandia
2812 2322 2952 2376 dicta
2981 2337 3131 2382 sunt:
3169 2309 3261 2386 sed
3290 2336 3413 2405 quia
3441 2309 3611 2398 maxi-

2036 2400 2139 2454 mis
2158 2403 2428 2458 montibus
2447 2407 2586 2461 mole
2605 2413 2844 2478 corporis
2862 2415 3210 2488 adzequantur
3230 2441 3242 2479 :
3262 2400 3381 2494 quae
3403 2445 3548 2487 certe
3565 2434 3612 2491 si

2036 2504 2272 2559 unquam
2291 2498 2356 2548 ad
2375 2511 2639 2553 summam
2659 2517 2810 2570 aqua:
2823 2510 3162 2576 superficiem
3183 2517 3296 2588 69
3313 2524 3609 2591 enatarint,

2035 2595 2404 2649 smpenumero
2438 2590 2670 2655 speciem
2705 2593 2944 2652 referunt
2973 2597 3293 2660 insularum.
3325 2609 3448 2665 Haec
3491 2590 3612 2684 qui?

2036 2673 2156 2728 dem
2183 2684 2352 2740 certe,
2400 2688 2587 2748 utpote
2615 2693 2905 2749 tanta,non
2935 2691 3076 2746 circa
3105 2695 3248 2764 ripas
3271 2714 3442 2770 neque
3463 2673 3610 2762 circa

2035 2765 2219 2823 littora
2247 2769 2626 2831 diversantur:
2663 2779 2758 2833 sed
2791 2780 2843 2834 in
2869 2796 2933 2836 eo
2959 2787 3092 2840 mari
3112 2791 3252 2858 quod
3280 2765 3611 2855 Atlanticum

2035 2871 2280 2928 vocatur,
2316 2865 2639 2926 inhabitant.
2677 2872 2825 2928 Talia
2855 2887 2984 2933 sunt
3037 2882 3352 2953 animantia,
3383 2904 3506 2960 quae
3538 2893 3608 2950 ad

2036 2963 2298 3011 terrorem
2336 2961 2738 3032 istuporemque
2788 2965 2941 3023 nobis
3002 2969 3370 3034 incutiendum
3424 2995 3608 3041 creata

2033 3056 2180 3104 sunt.
2213 3047 2283 3102 At
2315 3049 2357 3104 si
2383 3051 2696 3120 pisciculum
2739 3058 3042 3125 minimum,
3077 3077 3346 3122 remoram
3378 3072 3606 3140 scilicet,

2037 3141 2266 3194 maxima
2297 3142 2530 3213 navigia,
2556 3149 2798 3216 expassis
2836 3149 2966 3206 velis
3004 3164 3164 3210 vento
3187 3161 3426 3216 secundo
3450 3170 3609 3220 uten-

2038 3233 2130 3293 tia,
2156 3231 2314 3287 facile
2347 3233 2537 3290 sistere
2567 3239 2836 3306 audieris;
2873 3241 2944 3295 ita
2996 3255 3054 3298 ut
3091 3245 3269 3300 navim
3301 3248 3611 3310 diutissime

2037 3325 2272 3380 detineat
2319 3328 2630 3395 immotam,
2699 3335 2851 3402 quasi
2912 3335 2964 3389 in
3035 3339 3150 3406 ipso
3209 3343 3345 3397 mari
3396 3345 3610 3404 radices

2036 3415 2274 3482 egisset,
2328 3434 2504 3474 nonne
2544 3423 2708 3476 etiam
2749 3424 2799 3478 in
2856 3426 2956 3481 hoc
3005 3431 3200 3500 exiguo
3242 3435 3389 3503 pisce
3421 3441 3609 3494 eadem

2035 3505 2312 3563 Creatoris
2359 3513 2594 3580 potentia
2633 3516 2726 3568 tibi
2764 3517 3097 3586 signiﬁcatur
3150 3540 3214 3579 ac
3263 3531 3612 3589 ostenditur?

2039 3596 2153 3652 Non
2187 3601 2331 3655 enim
2379 3601 2549 3656 solum
2585 3605 2778 3674 gladii,
2830 3623 3031 3678 serrae,
3070 3627 3268 3683 canes,
3304 3617 3522 3676 balaena:
3556 3632 3612 3678 et.

2036 3707 2270 3762 zygaente
2301 3692 2639 3750 formidanda
2670 3709 2831 3767 sunt;
2868 3703 2960 3755 sed
2988 3714 3041 3757 et
3070 3707 3290 3762 aculeus
3319 3713 3611 3779 pastinaca:

2037 3787 2282 3852 marium,
2324 3787 2550 3858 ejusque
2574 3801 2820 3858 mortuae,
2849 3803 2904 3848 et
2929 3793 3080 3865 lepus
3107 3802 3352 3856 marinus
3384 3820 3485 3859 non
3511 3806 3612 3861 ml-

2037 3895 2138 3932 nus
2177 3889 2302 3935 sunt
2345 3883 2643 3947 metuendi,
2693 3901 2813 3939 cum
2861 3887 3091 3943 celerem
3138 3892 3610 3967 inevitabilemth

2038 3967 2316 4024 interitum
2362 3969 2612 4027 all‘erant.
2649 3973 2723 4028 lta
2777 3985 2826 4030 te
2869 3991 2966 4045 per
3010 3981 3192 4036 omnia
3231 3983 3452 4054 vigilare
3495 3988 3610 4044 vult

2035 4058 2314 4129 Conditor,
2335 4073 2413 4130 ut,
2444 4067 2674 4134 reposita
2705 4067 2756 4120 in
2785 4068 2889 4122 Deo
2907 4085 3020 4139 spe,
3039 4071 3359 4130 detrimenta
3385 4078 3452 4132 ab
3476 4079 3609 4148 ipsis

2036 4154 2400 4224 impendentia
2431 4157 2694 4215 declines.
2735 4159 2838 4216 Sed
2881 4163 3024 4217 enim
3058 4165 3125 4219 ab
3153 4165 3274 4222 imis
3304 4169 3608 4240 gurgitibus

2035 4259 2362 4312 remeantes,
2395 4249 2462 4304 ad
2499 4252 2864 4307 continentem
2897 4255 3202 4313 redeamus.
3233 4257 3366 4313 Nam
3401 4261 3605 4328 opilicii

2035 4339 2291 4394 miracula
2323 4340 2426 4397 alia
2449 4358 2515 4396 ex
2545 4343 2667 4398 aliis
2697 4345 2852 4399 nobis
2881 4349 3220 4404 occurrentia
3241 4389 3257 4414 ,
3297 4353 3441 4406 velut
3471 4355 3598 4422 qui-

2033 4433 2155 4486 dam
2187 4431 2410 4501 ﬂuctus,
2441 4435 2650 4490 crebris
2691 4435 3024 4508 alternisque
3053 4441 3462 4499 excursionibus
3510 4459 3608 4499 no-

352 4517 664 4594 διδράσκῃς.
705 4522 866 4576 Ἀλλά
899 4522 1006 4594 γὰρ
1048 4523 1448 4594 ἀναδραμόντες
1483 4525 1546 4577 ἐκ
1581 4523 1690 4576 τῶν
1727 4524 1924 4593 βυθῶν,

2034 4537 2203 4579 strum
2244 4529 2586 4583 submersero
2632 4544 2960 4584 sermonem.
3013 4531 3332 4602 Quanquam
3376 4535 3428 4589 id
3473 4537 3605 4594 mihi

351 4609 447 4664 ἐπὶ
471 4613 570 4683 τὴν
613 4613 841 4684 ηπειρον
891 4613 1312 4686 καταφύγωμεν.
1358 4614 1468 4668 Καὶ
1498 4615 1606 4686 γάρ
1641 4632 1757 4678 πως
1797 4613 1931 4669 ἄλλα

2038 4615 2222 4685 utique
2252 4617 2416 4672 fuerit
2453 4618 2838 4683 admirationi,
2873 4620 2920 4675 si
2969 4636 3122 4678 meus
3172 4637 3355 4680 nostra
3379 4665 3394 4690 ,
3440 4629 3608 4685 admi-

417 4730 461 4762 ’⁷
492 4729 627 4787 Gen.
652 4747 690 4791 ι,
713 4730 803 4784 2|.
1294 4789 1296 4793 ,

431 4845 545 4916 (‘30)
601 4845 857 4902 Nonnulli
923 4863 1054 4903 mss.
1113 4846 1205 4900 τὸν
1261 4846 1558 4918 πολύτιμον
1639 4848 1914 4921 μαργαρί-

418 4935 446 4968 ν

420 4955 532 5059 (ἐι)
564 4986 656 5061 Sic
683 5003 815 5061 mss.
847 4998 1073 5058 septem.
1110 4989 1282 5044 Voces
1339 4989 1502 5061 μέχρι
1549 4988 1643 5041 νῦν
1693 4987 1912 5044 deside-

347 5068 543 5112 rantur
570 5060 620 5110 in
661 5059 912 5126 vulgatis.

420 5127 530 5200 (22)
552 5128 705 5181 Colh.
721 5130 939 5200 primus
977 5129 1254 5196 aliquanto
1283 5126 1477 5200 fusius,
1508 5127 1827 5198 ὲξαγαγὲτω
1848 5130 1916 5184 τά

345 5197 746 5271 ὓδατανὲρπετὰ
773 5197 960 5270 ψυχῶν
1004 5200 1214 5264 ζωσῶν,
1259 5199 1546 5265 producant
1575 5197 1726 5270 aqua:
1755 5203 1916 5268 repti-

341 5270 416 5325 lia
442 5270 740 5321 animarum
769 5271 1044 5322 viventium

414 5339 524 5412 (ἓξ)
553 5337 760 5412 Ιξιιιξειιε
784 5339 938 5394 Coll).
969 5341 1189 5412 primus,
1214 5336 1371 5412 ἡμῶν
1401 5339 1500 5412 τὴν
1531 5338 1840 5412 ῥᾳθυμίαν.

415 5409 528 5480 (24)
556 5410 778 5480 Codices
801 5419 943 5474 octo,
966 5409 1087 5462 οὐδὲ
1113 5409 1411 5478 αἰγιαλούς.
1448 5409 1600 5464 Editi
1617 5427 1736 5462 cum
1759 5411 1909 5465 Colb.

342 5481 580 5550 secundo
608 5479 730 5532 οὐδὲ
763 5481 892 5550 περι
927 5480 1226 5548 αἰγιαλούς.
1278 5481 1477 5550 ΙΙιιιΙιιῐη
1529 5480 1681 5534 Coll).
1719 5496 1914 5535 secun-

341 5548 540 5634 dusn'rg)
564 5548 895 5634 ξᾼτλαντικῷ
923 5550 1198 5620 λεγομένῳ
1219 5549 1442 5634 πελάγει
1478 5551 1694 5634 ὲνρικεῖ,
1790 5631 1798 5634 _
1848 5623 1883 5634 γ.

414 5621 530 5690 (25)
564 5619 786 5674 Variant
830 5619 972 5674 inter
999 5637 1057 5674 se
1092 5619 1298 5675 veteres
1326 5629 1437 5690 tum
1472 5622 1680 5675 calamo
1715 5623 1904 5686 notati,

344 5701 454 5742 tutu
489 5688 630 5760 typis
653 5691 909 5761 deseripti
935 5691 1077 5744 libri.
1099 5690 1293 5761 Editio
1321 5688 1488 5745 Basil.
1515 5706 1637 5745 cum
1674 5690 1826 5746 Bodl.
1853 5705 1908 5746 et

339 5773 462 5815 cum
493 5763 613 5817 aliis
639 5762 822 5814 multis
841 5760 983 5816 'tuss.
1023 5760 1315 5829 φυλάσσειν
1343 5761 1531 5834 ὥσπερ
1563 5763 1907 5834 καταρριζω-

657 5854 928 5915 Ριτιιοι..
977 5855 1097 5914 Gn.
1150 5855 1360 5914 XXIX

2023 4847 2114 4902 θεν
2137 4847 2220 4923 ὲν,
2241 4845 2598 4923 Henriciapus
2630 4847 2794 4902 codex
2825 4849 3072 4923 etC‘oisAl.
3110 4851 3379 4908 secundus
3402 4853 3603 4923 φυλάς.

2023 4937 2138 4972 σειν
2171 4919 2270 4989 τὴν
2314 4915 2668 4992 ναύνλῶσπερ
2696 4919 3131 4992 καταρῤιζωθέν,
3180 4915 3434 4991 tauquam
3469 4927 3514 4980 si
3549 4926 3603 4981 id

2021 4993 2086 5043 ad
2121 4985 2302 5044 vocem
2325 4985 2558 5062 ἰχθύδιον
2586 4985 2923 5062 [έίρῐειιιιίιὶιι
2944 4993 3033 5045 sit.
3066 4985 3601 5062 Metllt'RI-IS,C0mb.,

2020 5059 2173 5113 Coll).
2203 5059 2552 5136 SCClllhllliehl
2591 5057 2722 5136 Beg.
2760 5072 2986 5136 octavus
3017 5062 3441 5136 φυλάσσειν-τὴν
3471 5057 3604 5120 ναῦν

2020 5129 2208 5202 ὥσπερ
2258 5127 2969 5202 -καταρριζωθεῖσανουειιὶ
3029 5127 3249 5186 lectioni
3317 5127 3499 5189 fav'ent
3547 5145 3606 5191 et

2018 5197 2340 5252 Ambrosius
2382 5197 2437 5251 et
2466 5197 2805 5254 Eustathius.
2842 5199 3038 5257 Nostra
3071 5206 3238 5260 editio
3277 5203 3450 5260 Paris.
3497 5223 3604 5260 κα-

2017 5269 2417 5342 ταρρωθείσαν.

2094 5338 2219 5415 (261
2255 5340 2478 5415 Codices
2506 5338 2742 5415 quinque
2767 5340 2827 5393 ού
2854 5340 2964 5413 γὰρ
2991 5343 3160 5413 μόνοι.
3186 5343 3321 5398 Editi
3349 5342 3411 5396 ού
3441 5342 3606 5415 μόνον

2017 5410 2146 5482 γάρ.
2173 5409 2292 5464 Mox
2312 5409 2666 5482 etlitio_Basil.
2696 5425 2816 5482 cum
2855 5409 2959 5466 ms;
2985 5409 3230 5469 Coutbel'.
3249 5425 3304 5465 et
3330 5409 3454 5468 cuni
3481 5415 3605 5469 aliis

2023 5479 2212 5555 norem
2245 5491 2438 5547 praeter
2470 5479 2621 5534 Bodl.
2672 5479 2920 5555 φοϐεραί.
2976 5485 3152 5538 Editio
3202 5484 3388 5555 Paris.
3443 5482 3606 5555 φοϐε-

1955 5562 1959 5566 ·
2024 5551 2132 5620 ραί.
2167 5551 2393 5620 Ζγςτιξιιο
2427 5563 2603 5624 autem
2634 5552 2797 5624 piscis
2822 5563 2926 5617 est,
2957 5570 3116 5624 quem
3170 5554 3414 5609 nonnulli
3455 5551 3605 5610 libato.

2018 5624 2126 5672 lam
2181 5631 2393 5676 vocant.
2450 5621 2600 5675 llanc
2654 5623 2857 5690 piscem
2911 5621 3070 5680 vocat
3134 5625 3454 5681 Tilmatmus
3508 5641 3602 5680 or-

2015 5707 2150 5744 cam.

3235 5858 3281 5918 Β
