  <div class='ocr_page' id='page_1' title='image "/cluster/home/n/w/nwhite01/storage/ocr_20150623/29/hvd.32044011320256/515.png"; bbox 0 0 4082 6398; ppageno 0'>
   <div class='ocr_carea' id='block_1_1' title="bbox 488 346 652 424">
    <p class='ocr_par' dir='ltr' id='par_1_1' title="bbox 488 346 652 424">
     <span class='ocr_line' id='line_1_1' title="bbox 488 346 652 424; baseline 0.012 -2"><span class='ocrx_word' id='word_1_1' title='bbox 488 346 492 350; x_wconf 74' lang='grc'><em>’</em></span> <span class='ocrx_word' id='word_1_2' title='bbox 546 364 652 424; x_wconf 71' lang='lat' dir='ltr'><strong>tes</strong></span> 
     </span>
    </p>
   </div>
   <div class='ocr_carea' id='block_1_2' title="bbox 1878 375 2476 436">
    <p class='ocr_par' dir='ltr' id='par_1_2' title="bbox 1878 375 2476 436">
     <span class='ocr_line' id='line_1_2' title="bbox 1878 375 2476 436; baseline 0.005 -3"><span class='ocrx_word' id='word_1_3' title='bbox 1878 379 1934 433; x_wconf 89' lang='lat' dir='ltr'><strong>S.</strong></span> <span class='ocrx_word' id='word_1_4' title='bbox 1978 375 2219 436; x_wconf 69' lang='lat' dir='ltr'><strong>BASILII</strong></span> <span class='ocrx_word' id='word_1_5' title='bbox 2262 379 2476 436; x_wconf 80' lang='lat' dir='ltr'><strong>MAGNI</strong></span> 
     </span>
    </p>
   </div>
   <div class='ocr_carea' id='block_1_3' title="bbox 3701 383 3802 435">
    <p class='ocr_par' dir='ltr' id='par_1_3' title="bbox 3701 383 3802 435">
     <span class='ocr_line' id='line_1_3' title="bbox 3701 383 3802 435; baseline 0 0"><span class='ocrx_word' id='word_1_6' title='bbox 3701 383 3802 435; x_wconf 76' lang='grc' dir='ltr'><strong>ιηι</strong></span> 
     </span>
    </p>
   </div>
   <div class='ocr_carea' id='block_1_4' title="bbox 547 484 2089 565">
    <p class='ocr_par' dir='ltr' id='par_1_4' title="bbox 547 484 2089 552">
     <span class='ocr_line' id='line_1_4' title="bbox 547 484 2089 552; baseline 0.007 -15"><span class='ocrx_word' id='word_1_7' title='bbox 547 484 796 537; x_wconf 82' lang='lat' dir='ltr'><strong>rabiliora</strong></span> <span class='ocrx_word' id='word_1_8' title='bbox 821 500 871 538; x_wconf 85' lang='lat' dir='ltr'><strong>In</strong></span> <span class='ocrx_word' id='word_1_9' title='bbox 898 484 1088 540; x_wconf 80' lang='lat' dir='ltr'><strong>tellure</strong></span> <span class='ocrx_word' id='word_1_10' title='bbox 1116 495 1292 552; x_wconf 79' lang='lat' dir='ltr'><strong>uarta,</strong></span> <span class='ocrx_word' id='word_1_11' title='bbox 1326 504 1510 542; x_wconf 81' lang='lat' dir='ltr'><strong>rursus</strong></span> <span class='ocrx_word' id='word_1_12' title='bbox 1549 492 1604 544; x_wconf 89' lang='lat' dir='ltr'><strong>in</strong></span> <span class='ocrx_word' id='word_1_13' title='bbox 1645 494 1807 545; x_wconf 87' lang='lat' dir='ltr'><strong>mare</strong></span> <span class='ocrx_word' id='word_1_14' title='bbox 1853 493 1918 547; x_wconf 92' lang='lat' dir='ltr'><strong>ad</strong></span> <span class='ocrx_word' id='word_1_15' title='bbox 1963 491 2089 548; x_wconf 81' lang='lat' dir='ltr'><strong>Jona</strong></span> 
     </span>
    </p>
   </div>
   <div class='ocr_carea' id='block_1_5' title="bbox 2189 484 3800 565">
    <p class='ocr_par' dir='ltr' id='par_1_5' title="bbox 2217 494 3800 565">
     <span class='ocr_line' id='line_1_5' title="bbox 2217 494 3800 565; baseline 0.002 -19"><span class='ocrx_word' id='word_1_16' title='bbox 2217 495 2304 546; x_wconf 84' lang='grc' dir='ltr'>ἐπ’</span> <span class='ocrx_word' id='word_1_17' title='bbox 2353 494 2534 557; x_wconf 82' lang='grc' dir='ltr'>ἄλλοις</span> <span class='ocrx_word' id='word_1_18' title='bbox 2591 494 2964 547; x_wconf 76' lang='grc' dir='ltr'>καταλαόὀντα</span> <span class='ocrx_word' id='word_1_19' title='bbox 3002 494 3149 565; x_wconf 83' lang='grc' dir='ltr'>ἡμᾶς</span> <span class='ocrx_word' id='word_1_20' title='bbox 3187 494 3284 565; x_wconf 80' lang='grc' dir='ltr'>τῆς</span> <span class='ocrx_word' id='word_1_21' title='bbox 3337 495 3696 565; x_wconf 87' lang='grc' dir='ltr'>δημιουργιας</span> <span class='ocrx_word' id='word_1_22' title='bbox 3731 494 3800 549; x_wconf 67' lang='grc' dir='ltr'>τὰ</span> 
     </span>
    </p>
   </div>
   <div class='ocr_carea' id='block_1_6' title="bbox 541 574 2114 649">
    <p class='ocr_par' dir='ltr' id='par_1_6' title="bbox 541 574 2114 649">
     <span class='ocr_line' id='line_1_6' title="bbox 541 574 2114 649; baseline 0.004 -21"><span class='ocrx_word' id='word_1_23' title='bbox 541 574 842 644; x_wconf 76' lang='lat' dir='ltr'><strong>exemplum</strong></span> <span class='ocrx_word' id='word_1_24' title='bbox 886 593 993 631; x_wconf 91' lang='lat' dir='ltr'><strong>non</strong></span> <span class='ocrx_word' id='word_1_25' title='bbox 1037 579 1295 649; x_wconf 78' lang='lat' dir='ltr'><strong>aufugiat.</strong></span> <span class='ocrx_word' id='word_1_26' title='bbox 1333 578 1557 633; x_wconf 83' lang='lat' dir='ltr'><strong>Videtur</strong></span> <span class='ocrx_word' id='word_1_27' title='bbox 1593 591 1775 635; x_wconf 87' lang='lat' dir='ltr'><strong>autem</strong></span> <span class='ocrx_word' id='word_1_28' title='bbox 1822 585 1951 636; x_wconf 90' lang='lat' dir='ltr'><strong>mihi</strong></span> <span class='ocrx_word' id='word_1_29' title='bbox 1985 599 2114 634; x_wconf 90' lang='lat' dir='ltr'><strong>ora-</strong></span> 
     </span>
    </p>
   </div>
   <div class='ocr_carea' id='block_1_7' title="bbox 543 667 2110 738">
    <p class='ocr_par' dir='ltr' id='par_1_7' title="bbox 543 667 2110 738">
     <span class='ocr_line' id='line_1_7' title="bbox 543 667 2110 738; baseline 0.005 -20"><span class='ocrx_word' id='word_1_30' title='bbox 543 667 616 721; x_wconf 91' lang='lat' dir='ltr'><strong>tio</strong></span> <span class='ocrx_word' id='word_1_31' title='bbox 637 667 853 738; x_wconf 87' lang='lat' dir='ltr'><strong>delapsa</strong></span> <span class='ocrx_word' id='word_1_32' title='bbox 878 670 930 723; x_wconf 93' lang='lat' dir='ltr'><strong>in</strong></span> <span class='ocrx_word' id='word_1_33' title='bbox 965 671 1242 724; x_wconf 88' lang='lat' dir='ltr'><strong>innumera</strong></span> <span class='ocrx_word' id='word_1_34' title='bbox 1273 672 1554 735; x_wconf 84' lang='lat' dir='ltr'><strong>miracula,</strong></span> <span class='ocrx_word' id='word_1_35' title='bbox 1592 673 1731 727; x_wconf 89' lang='lat' dir='ltr'><strong>modi</strong></span> <span class='ocrx_word' id='word_1_36' title='bbox 1765 675 1932 729; x_wconf 87' lang='lat' dir='ltr'><strong>oblita</strong></span> <span class='ocrx_word' id='word_1_37' title='bbox 1971 690 2110 737; x_wconf 85' lang='lat' dir='ltr'><strong>esse,</strong></span> 
     </span>
    </p>
   </div>
   <div class='ocr_carea' id='block_1_8' title="bbox 539 761 2113 836">
    <p class='ocr_par' dir='ltr' id='par_1_8' title="bbox 539 761 2113 836">
     <span class='ocr_line' id='line_1_8' title="bbox 539 761 2113 836; baseline 0.006 -25"><span class='ocrx_word' id='word_1_38' title='bbox 539 768 594 812; x_wconf 92' lang='lat' dir='ltr'><strong>et</strong></span> <span class='ocrx_word' id='word_1_39' title='bbox 641 761 779 814; x_wconf 89' lang='lat' dir='ltr'><strong>idem</strong></span> <span class='ocrx_word' id='word_1_40' title='bbox 828 775 1079 831; x_wconf 87' lang='lat' dir='ltr'><strong>perpessa</strong></span> <span class='ocrx_word' id='word_1_41' title='bbox 1129 762 1292 818; x_wconf 78' lang='lat' dir='ltr'><strong>fuisse</strong></span> <span class='ocrx_word' id='word_1_42' title='bbox 1338 766 1478 834; x_wconf 92' lang='lat' dir='ltr'><strong>quod</strong></span> <span class='ocrx_word' id='word_1_43' title='bbox 1521 765 1559 819; x_wconf 93' lang='lat' dir='ltr'><strong>ii</strong></span> <span class='ocrx_word' id='word_1_44' title='bbox 1612 767 1703 835; x_wconf 88' lang='lat' dir='ltr'><strong>qui</strong></span> <span class='ocrx_word' id='word_1_45' title='bbox 1753 767 2009 836; x_wconf 88' lang='lat' dir='ltr'><strong>navigant</strong></span> <span class='ocrx_word' id='word_1_46' title='bbox 2060 767 2113 820; x_wconf 92' lang='lat' dir='ltr'><strong>in</strong></span> 
     </span>
    </p>
   </div>
   <div class='ocr_carea' id='block_1_9' title="bbox 537 850 2114 926">
    <p class='ocr_par' dir='ltr' id='par_1_9' title="bbox 537 850 2114 926">
     <span class='ocr_line' id='line_1_9' title="bbox 537 850 2114 926; baseline 0.005 -22"><span class='ocrx_word' id='word_1_47' title='bbox 537 850 757 922; x_wconf 83' lang='lat' dir='ltr'><strong>pelago,</strong></span> <span class='ocrx_word' id='word_1_48' title='bbox 802 853 893 921; x_wconf 88' lang='lat' dir='ltr'><strong>qui</strong></span> <span class='ocrx_word' id='word_1_49' title='bbox 939 868 1006 908; x_wconf 81' lang='lat' dir='ltr'><strong>ex</strong></span> <span class='ocrx_word' id='word_1_50' title='bbox 1051 854 1198 909; x_wconf 92' lang='lat' dir='ltr'><strong>nullo</strong></span> <span class='ocrx_word' id='word_1_51' title='bbox 1241 856 1472 909; x_wconf 84' lang='lat' dir='ltr'><strong>termino</strong></span> <span class='ocrx_word' id='word_1_52' title='bbox 1518 857 1626 911; x_wconf 75' lang='lat' dir='ltr'><strong>ﬁxo</strong></span> <span class='ocrx_word' id='word_1_53' title='bbox 1675 868 1878 912; x_wconf 92' lang='lat' dir='ltr'><strong>motum</strong></span> <span class='ocrx_word' id='word_1_54' title='bbox 1935 856 2114 926; x_wconf 81' lang='lat' dir='ltr'><strong>conje-</strong></span> 
     </span>
    </p>
   </div>
   <div class='ocr_carea' id='block_1_10' title="bbox 539 945 2112 1016">
    <p class='ocr_par' dir='ltr' id='par_1_10' title="bbox 539 945 2112 1016">
     <span class='ocr_line' id='line_1_10' title="bbox 539 945 2112 1016; baseline 0.007 -21"><span class='ocrx_word' id='word_1_55' title='bbox 539 953 780 1009; x_wconf 75' lang='lat' dir='ltr'><strong>clames,</strong></span> <span class='ocrx_word' id='word_1_56' title='bbox 847 945 1044 1013; x_wconf 63' lang='lat' dir='ltr'><strong>smpius</strong></span> <span class='ocrx_word' id='word_1_57' title='bbox 1106 956 1369 1016; x_wconf 89' lang='lat' dir='ltr'><strong>quantum</strong></span> <span class='ocrx_word' id='word_1_58' title='bbox 1411 948 1479 1002; x_wconf 85' lang='lat' dir='ltr'><strong>ab</strong></span> <span class='ocrx_word' id='word_1_59' title='bbox 1525 948 1655 1016; x_wconf 86' lang='lat' dir='ltr'><strong>ipsis</strong></span> <span class='ocrx_word' id='word_1_60' title='bbox 1701 950 1771 1004; x_wconf 88' lang='lat' dir='ltr'><strong>sit</strong></span> <span class='ocrx_word' id='word_1_61' title='bbox 1826 951 2112 1006; x_wconf 85' lang='lat' dir='ltr'><strong>decursum</strong></span> 
     </span>
    </p>
   </div>
   <div class='ocr_carea' id='block_1_11' title="bbox 537 1033 2114 1103">
    <p class='ocr_par' dir='ltr' id='par_1_11' title="bbox 537 1033 2114 1103">
     <span class='ocr_line' id='line_1_11' title="bbox 537 1033 2114 1103; baseline 0.004 -15"><span class='ocrx_word' id='word_1_62' title='bbox 537 1034 692 1103; x_wconf 83' lang='lat' dir='ltr'><strong>Spatii</strong></span> <span class='ocrx_word' id='word_1_63' title='bbox 755 1033 1022 1103; x_wconf 86' lang='lat' dir='ltr'><strong>iguOrant.</strong></span> <span class='ocrx_word' id='word_1_64' title='bbox 1068 1035 1218 1102; x_wconf 86' lang='lat' dir='ltr'><strong>Quod</strong></span> <span class='ocrx_word' id='word_1_65' title='bbox 1270 1051 1402 1091; x_wconf 85' lang='lat' dir='ltr'><strong>sane</strong></span> <span class='ocrx_word' id='word_1_66' title='bbox 1461 1039 1615 1092; x_wconf 86' lang='lat' dir='ltr'><strong>nobis</strong></span> <span class='ocrx_word' id='word_1_67' title='bbox 1675 1041 1836 1093; x_wconf 90' lang='lat' dir='ltr'><strong>etiam</strong></span> <span class='ocrx_word' id='word_1_68' title='bbox 1900 1041 2114 1095; x_wconf 85' lang='lat' dir='ltr'><strong>videtur</strong></span> 
     </span>
    </p>
   </div>
   <div class='ocr_carea' id='block_1_12' title="bbox 537 1124 2110 1202">
    <p class='ocr_par' dir='ltr' id='par_1_12' title="bbox 537 1124 2110 1202">
     <span class='ocr_line' id='line_1_12' title="bbox 537 1124 2110 1202; baseline 0.006 -24"><span class='ocrx_word' id='word_1_69' title='bbox 537 1124 839 1189; x_wconf 87' lang='lat' dir='ltr'><strong>accidisse,</strong></span> <span class='ocrx_word' id='word_1_70' title='bbox 909 1129 1103 1196; x_wconf 69' lang='lat' dir='ltr'><strong>quippe</strong></span> <span class='ocrx_word' id='word_1_71' title='bbox 1179 1143 1426 1182; x_wconf 90' lang='lat' dir='ltr'><strong>sermone</strong></span> <span class='ocrx_word' id='word_1_72' title='bbox 1499 1139 1804 1184; x_wconf 84' lang='lat' dir='ltr'><strong>creaturam</strong></span> <span class='ocrx_word' id='word_1_73' title='bbox 1891 1148 2110 1202; x_wconf 84' lang='lat' dir='ltr'><strong>percur-</strong></span> 
     </span>
    </p>
   </div>
   <div class='ocr_carea' id='block_1_13' title="bbox 534 1217 2109 1289">
    <p class='ocr_par' dir='ltr' id='par_1_13' title="bbox 534 1217 2109 1289">
     <span class='ocr_line' id='line_1_13' title="bbox 534 1217 2109 1289; baseline 0.007 -24"><span class='ocrx_word' id='word_1_74' title='bbox 534 1223 723 1276; x_wconf 87' lang='lat' dir='ltr'><strong>rente,</strong></span> <span class='ocrx_word' id='word_1_75' title='bbox 775 1228 958 1267; x_wconf 90' lang='lat' dir='ltr'><strong>eormn</strong></span> <span class='ocrx_word' id='word_1_76' title='bbox 1022 1229 1141 1283; x_wconf 62' lang='lat' dir='ltr'><strong>quae</strong></span> <span class='ocrx_word' id='word_1_77' title='bbox 1188 1217 1356 1269; x_wconf 81' lang='lat' dir='ltr'><strong>relata</strong></span> <span class='ocrx_word' id='word_1_78' title='bbox 1402 1228 1527 1270; x_wconf 90' lang='lat' dir='ltr'><strong>sunt</strong></span> <span class='ocrx_word' id='word_1_79' title='bbox 1573 1220 1780 1286; x_wconf 81' lang='lat' dir='ltr'><strong>copiazu</strong></span> <span class='ocrx_word' id='word_1_80' title='bbox 1829 1236 1934 1273; x_wconf 92' lang='lat' dir='ltr'><strong>non</strong></span> <span class='ocrx_word' id='word_1_81' title='bbox 1983 1237 2109 1289; x_wconf 86' lang='lat' dir='ltr'><strong>per-</strong></span> 
     </span>
    </p>
   </div>
   <div class='ocr_carea' id='block_1_14' title="bbox 532 1301 2108 1386">
    <p class='ocr_par' dir='ltr' id='par_1_14' title="bbox 532 1301 2108 1386">
     <span class='ocr_line' id='line_1_14' title="bbox 532 1301 2108 1386; baseline 0.006 -29"><span class='ocrx_word' id='word_1_82' title='bbox 532 1304 790 1372; x_wconf 81' lang='lat' dir='ltr'><strong>cepimus.</strong></span> <span class='ocrx_word' id='word_1_83' title='bbox 829 1301 1024 1386; x_wconf 84' lang='lat' dir='ltr'><strong>Verum</strong></span> <span class='ocrx_word' id='word_1_84' title='bbox 1067 1305 1190 1360; x_wconf 89' lang='lat' dir='ltr'><strong>licet</strong></span> <span class='ocrx_word' id='word_1_85' title='bbox 1219 1309 1529 1364; x_wconf 77' lang='lat' dir='ltr'><strong>venerabile</strong></span> <span class='ocrx_word' id='word_1_86' title='bbox 1563 1311 1693 1364; x_wconf 89' lang='lat' dir='ltr'><strong>illud</strong></span> <span class='ocrx_word' id='word_1_87' title='bbox 1731 1311 1998 1366; x_wconf 73' lang='lat' dir='ltr'><strong>theatrum</strong></span> <span class='ocrx_word' id='word_1_88' title='bbox 2045 1314 2108 1367; x_wconf 88' lang='lat' dir='ltr'><strong>li-</strong></span> 
     </span>
    </p>
   </div>
   <div class='ocr_carea' id='block_1_15' title="bbox 2220 579 3798 657">
    <p class='ocr_par' dir='ltr' id='par_1_15' title="bbox 2220 579 3798 657">
     <span class='ocr_line' id='line_1_15' title="bbox 2220 579 3798 657; baseline 0.001 -20"><span class='ocrx_word' id='word_1_89' title='bbox 2220 585 2494 656; x_wconf 84' lang='grc' dir='ltr'>θαύματα,</span> <span class='ocrx_word' id='word_1_90' title='bbox 2519 579 2631 638; x_wconf 73' lang='grc' dir='ltr'>οἷόν</span> <span class='ocrx_word' id='word_1_91' title='bbox 2662 603 2782 638; x_wconf 88' lang='grc' dir='ltr'>τινα</span> <span class='ocrx_word' id='word_1_92' title='bbox 2807 585 3047 657; x_wconf 79' lang='grc' dir='ltr'>κύματα,</span> <span class='ocrx_word' id='word_1_93' title='bbox 3081 588 3201 648; x_wconf 88' lang='grc' dir='ltr'>ταῖς</span> <span class='ocrx_word' id='word_1_94' title='bbox 3235 586 3483 656; x_wconf 80' lang='grc' dir='ltr'><strong>συνεχέσι</strong></span> <span class='ocrx_word' id='word_1_95' title='bbox 3509 586 3603 639; x_wconf 61' lang='grc' dir='ltr'><strong>καὶ⁸</strong></span> <span class='ocrx_word' id='word_1_96' title='bbox 3631 587 3798 640; x_wconf 80' lang='grc' dir='ltr'>ἐπαλ-</span> 
     </span>
    </p>
   </div>
   <div class='ocr_carea' id='block_1_16' title="bbox 2217 675 3799 749">
    <p class='ocr_par' dir='ltr' id='par_1_16' title="bbox 2217 675 3799 749">
     <span class='ocr_line' id='line_1_16' title="bbox 2217 675 3799 749; baseline 0.004 -22"><span class='ocrx_word' id='word_1_97' title='bbox 2217 675 2397 747; x_wconf 89' lang='grc' dir='ltr'>λήλοις</span> <span class='ocrx_word' id='word_1_98' title='bbox 2435 677 2754 748; x_wconf 80' lang='grc' dir='ltr'><strong>ἐπιδρομαῖς</strong></span> <span class='ocrx_word' id='word_1_99' title='bbox 2785 677 3112 748; x_wconf 75' lang='grc' dir='ltr'>ὑποϐρύχιον</span> <span class='ocrx_word' id='word_1_100' title='bbox 3135 680 3168 748; x_wconf 88' lang='grc' dir='ltr'><strong>ή</strong></span> <span class='ocrx_word' id='word_1_101' title='bbox 3178 677 3293 748; x_wconf 81' lang='grc' dir='ltr'><strong>μῶν</strong></span> <span class='ocrx_word' id='word_1_102' title='bbox 3316 678 3406 731; x_wconf 76' lang='grc' dir='ltr'><strong>τὸν</strong></span> <span class='ocrx_word' id='word_1_103' title='bbox 3435 678 3592 747; x_wconf 87' lang='grc' dir='ltr'>λόγον</span> <span class='ocrx_word' id='word_1_104' title='bbox 3625 680 3799 749; x_wconf 70' lang='grc' dir='ltr'>ἤγαγε</span> 
     </span>
    </p>
   </div>
   <div class='ocr_carea' id='block_1_17' title="bbox 2217 767 3797 840">
    <p class='ocr_par' dir='ltr' id='par_1_17' title="bbox 2217 767 3797 840">
     <span class='ocr_line' id='line_1_17' title="bbox 2217 767 3797 840; baseline 0.003 -20"><span class='ocrx_word' id='word_1_105' title='bbox 2217 767 2352 837; x_wconf 72' lang='grc'>(27).</span> <span class='ocrx_word' id='word_1_106' title='bbox 2376 767 2564 820; x_wconf 77' lang='grc' dir='ltr'><strong>Καίτοι</strong></span> <span class='ocrx_word' id='word_1_107' title='bbox 2599 767 2938 839; x_wconf 84' lang='grc' dir='ltr'>θαυμάσαιμι</span> <span class='ocrx_word' id='word_1_108' title='bbox 2975 769 3062 834; x_wconf 84' lang='grc' dir='ltr'>ἂν,</span> <span class='ocrx_word' id='word_1_109' title='bbox 3089 771 3136 822; x_wconf 83' lang='grc' dir='ltr'><strong>εί</strong></span> <span class='ocrx_word' id='word_1_110' title='bbox 3171 769 3266 840; x_wconf 85' lang='grc' dir='ltr'>μὴ,</span> <span class='ocrx_word' id='word_1_111' title='bbox 3301 768 3510 840; x_wconf 74' lang='grc' dir='ltr'>μείζοσι</span> <span class='ocrx_word' id='word_1_112' title='bbox 3533 774 3646 835; x_wconf 89' lang='grc' dir='ltr'>τοῖς</span> <span class='ocrx_word' id='word_1_113' title='bbox 3677 774 3797 825; x_wconf 84' lang='grc' dir='ltr'>κατ’</span> 
     </span>
    </p>
   </div>
   <div class='ocr_carea' id='block_1_18' title="bbox 2215 858 3799 932">
    <p class='ocr_par' dir='ltr' id='par_1_18' title="bbox 2215 858 3799 932">
     <span class='ocr_line' id='line_1_18' title="bbox 2215 858 3799 932; baseline 0.003 -22"><span class='ocrx_word' id='word_1_114' title='bbox 2215 858 2447 930; x_wconf 81' lang='grc' dir='ltr'>ήπειρον</span> <span class='ocrx_word' id='word_1_115' title='bbox 2479 859 2801 927; x_wconf 78' lang='grc' dir='ltr'><strong>παραδόξοις</strong></span> <span class='ocrx_word' id='word_1_116' title='bbox 2849 861 2880 929; x_wconf 90' lang='grc' dir='ltr'><strong>ή</strong></span> <span class='ocrx_word' id='word_1_117' title='bbox 2914 859 3120 912; x_wconf 84' lang='grc' dir='ltr'>διάνοια</span> <span class='ocrx_word' id='word_1_118' title='bbox 3152 858 3310 930; x_wconf 86' lang='grc' dir='ltr'>ήμῶν</span> <span class='ocrx_word' id='word_1_119' title='bbox 3343 859 3658 932; x_wconf 75' lang='grc' dir='ltr'><strong>ἐντυχοῦσα,</strong></span> <span class='ocrx_word' id='word_1_120' title='bbox 3687 861 3799 914; x_wconf 77' lang='grc' dir='ltr'><strong>πάο</strong></span> 
     </span>
    </p>
   </div>
   <div class='ocr_carea' id='block_1_19' title="bbox 2213 948 3791 1023">
    <p class='ocr_par' dir='ltr' id='par_1_19' title="bbox 2213 948 3791 1023">
     <span class='ocr_line' id='line_1_19' title="bbox 2213 948 3791 1023; baseline 0.004 -23"><span class='ocrx_word' id='word_1_121' title='bbox 2213 948 2299 1001; x_wconf 90' lang='grc' dir='ltr'><strong>λιν</strong></span> <span class='ocrx_word' id='word_1_122' title='bbox 2341 949 2482 1002; x_wconf 84' lang='grc' dir='ltr'>κατὰ</span> <span class='ocrx_word' id='word_1_123' title='bbox 2512 949 2602 1002; x_wconf 82' lang='grc' dir='ltr'>τὸν</span> <span class='ocrx_word' id='word_1_124' title='bbox 2639 950 2823 1002; x_wconf 81' lang='grc' dir='ltr'>Ίωνᾶν</span> <span class='ocrx_word' id='word_1_125' title='bbox 2845 951 2935 1002; x_wconf 79' lang='grc' dir='ltr'>ἐπὶ</span> <span class='ocrx_word' id='word_1_126' title='bbox 2967 949 3066 1020; x_wconf 80' lang='grc' dir='ltr'>τὴν</span> <span class='ocrx_word' id='word_1_127' title='bbox 3098 949 3371 1004; x_wconf 79' lang='grc' dir='ltr'>θάλασσαν</span> <span class='ocrx_word' id='word_1_128' title='bbox 3418 951 3791 1023; x_wconf 80' lang='grc' dir='ltr'>δραπετεύσει.</span> 
     </span>
    </p>
   </div>
   <div class='ocr_carea' id='block_1_20' title="bbox 2217 1039 3794 1114">
    <p class='ocr_par' dir='ltr' id='par_1_20' title="bbox 2217 1039 3794 1114">
     <span class='ocr_line' id='line_1_20' title="bbox 2217 1039 3794 1114; baseline 0.001 -22"><span class='ocrx_word' id='word_1_129' title='bbox 2217 1040 2403 1092; x_wconf 86' lang='grc' dir='ltr'>Ἐοικε</span> <span class='ocrx_word' id='word_1_130' title='bbox 2430 1040 2488 1092; x_wconf 90' lang='grc' dir='ltr'><strong>δέ</strong></span> <span class='ocrx_word' id='word_1_131' title='bbox 2545 1057 2634 1110; x_wconf 88' lang='grc' dir='ltr'><strong>μοι</strong></span> <span class='ocrx_word' id='word_1_132' title='bbox 2670 1041 2699 1092; x_wconf 88' lang='grc' dir='ltr'><strong>ό</strong></span> <span class='ocrx_word' id='word_1_133' title='bbox 2749 1040 2904 1106; x_wconf 82' lang='grc' dir='ltr'>λόγος</span> <span class='ocrx_word' id='word_1_134' title='bbox 2934 1039 3191 1110; x_wconf 86' lang='grc' dir='ltr'>ἐμπεσὼν</span> <span class='ocrx_word' id='word_1_135' title='bbox 3252 1043 3331 1105; x_wconf 83' lang='grc' dir='ltr'><strong>είς</strong></span> <span class='ocrx_word' id='word_1_136' title='bbox 3365 1041 3433 1095; x_wconf 83' lang='grc' dir='ltr'>τὰ</span> <span class='ocrx_word' id='word_1_137' title='bbox 3468 1043 3635 1114; x_wconf 88' lang='grc' dir='ltr'>μυρία</span> <span class='ocrx_word' id='word_1_138' title='bbox 3666 1042 3794 1096; x_wconf 79' lang='grc' dir='ltr'>θαύ-</span> 
     </span>
    </p>
   </div>
   <div class='ocr_carea' id='block_1_21' title="bbox 2213 1130 3794 1203">
    <p class='ocr_par' dir='ltr' id='par_1_21' title="bbox 2213 1130 3794 1203">
     <span class='ocr_line' id='line_1_21' title="bbox 2213 1130 3794 1203; baseline 0.002 -19"><span class='ocrx_word' id='word_1_139' title='bbox 2213 1148 2354 1201; x_wconf 83' lang='grc' dir='ltr'><strong>ματα</strong></span> <span class='ocrx_word' id='word_1_140' title='bbox 2402 1130 2752 1202; x_wconf 87' lang='grc' dir='ltr'>ἐπιλελῆσθαι</span> <span class='ocrx_word' id='word_1_141' title='bbox 2791 1131 2891 1201; x_wconf 82' lang='grc' dir='ltr'>τῆς</span> <span class='ocrx_word' id='word_1_142' title='bbox 2926 1133 3300 1203; x_wconf 80' lang='grc' dir='ltr'><strong>συμμετρίας,</strong></span> <span class='ocrx_word' id='word_1_143' title='bbox 3338 1133 3432 1187; x_wconf 79' lang='grc' dir='ltr'>καὶ</span> <span class='ocrx_word' id='word_1_144' title='bbox 3497 1135 3665 1187; x_wconf 82' lang='grc' dir='ltr'>ταυτὸ</span> <span class='ocrx_word' id='word_1_145' title='bbox 3698 1153 3794 1188; x_wconf 86' lang='grc' dir='ltr'>πε-</span> 
     </span>
    </p>
   </div>
   <div class='ocr_carea' id='block_1_22' title="bbox 2209 1223 3794 1296">
    <p class='ocr_par' dir='ltr' id='par_1_22' title="bbox 2209 1223 3794 1296">
     <span class='ocr_line' id='line_1_22' title="bbox 2209 1223 3794 1296; baseline 0.001 -21"><span class='ocrx_word' id='word_1_146' title='bbox 2209 1223 2463 1277; x_wconf 85' lang='grc' dir='ltr'>πονθέναι</span> <span class='ocrx_word' id='word_1_147' title='bbox 2495 1225 2606 1287; x_wconf 88' lang='grc' dir='ltr'>τοῖς</span> <span class='ocrx_word' id='word_1_148' title='bbox 2648 1224 2706 1276; x_wconf 87' lang='grc' dir='ltr'><strong>ἐν</strong></span> <span class='ocrx_word' id='word_1_149' title='bbox 2740 1223 2966 1292; x_wconf 80' lang='grc' dir='ltr'>πελάγει</span> <span class='ocrx_word' id='word_1_150' title='bbox 3015 1224 3472 1294; x_wconf 78' lang='grc' dir='ltr'><strong>ναυτιλλομένοις,</strong></span> <span class='ocrx_word' id='word_1_151' title='bbox 3515 1225 3564 1277; x_wconf 82' lang='grc' dir='ltr'><strong>οἳ</strong></span> <span class='ocrx_word' id='word_1_152' title='bbox 3590 1266 3604 1286; x_wconf 94' lang='grc'><strong>,</strong></span> <span class='ocrx_word' id='word_1_153' title='bbox 3657 1226 3794 1296; x_wconf 73' lang='grc' dir='ltr'>πρὸς</span> 
     </span>
    </p>
   </div>
   <div class='ocr_carea' id='block_1_23' title="bbox 2214 1311 3790 1386">
    <p class='ocr_par' dir='ltr' id='par_1_23' title="bbox 2214 1311 3790 1386">
     <span class='ocr_line' id='line_1_23' title="bbox 2214 1311 3790 1386; baseline 0.001 -21"><span class='ocrx_word' id='word_1_154' title='bbox 2214 1313 2380 1384; x_wconf 78' lang='grc' dir='ltr'>μηδὲν</span> <span class='ocrx_word' id='word_1_155' title='bbox 2436 1313 2682 1383; x_wconf 83' lang='grc' dir='ltr'>πεπηγὸς</span> <span class='ocrx_word' id='word_1_156' title='bbox 2734 1313 2843 1382; x_wconf 68' lang='lat'><strong>(28)</strong></span> <span class='ocrx_word' id='word_1_157' title='bbox 2902 1311 3001 1384; x_wconf 85' lang='grc' dir='ltr'>τὴν</span> <span class='ocrx_word' id='word_1_158' title='bbox 3053 1315 3265 1385; x_wconf 88' lang='grc' dir='ltr'>κίνησιν</span> <span class='ocrx_word' id='word_1_159' title='bbox 3326 1314 3790 1386; x_wconf 84' lang='grc' dir='ltr'>τεκμαιρόμενοι,</span> 
     </span>
    </p>
   </div>
   <div class='ocr_carea' id='block_1_24' title="bbox 531 1397 2089 1477">
    <p class='ocr_par' dir='ltr' id='par_1_24' title="bbox 531 1397 2079 1463">
     <span class='ocr_line' id='line_1_24' title="bbox 531 1397 2079 1463; baseline 0.009 -14"><span class='ocrx_word' id='word_1_160' title='bbox 531 1397 722 1450; x_wconf 90' lang='lat' dir='ltr'><strong>benter</strong></span> <span class='ocrx_word' id='word_1_161' title='bbox 750 1398 964 1461; x_wconf 85' lang='lat' dir='ltr'><strong>audiat,</strong></span> <span class='ocrx_word' id='word_1_162' title='bbox 995 1409 1046 1453; x_wconf 90' lang='lat' dir='ltr'><strong>et</strong></span> <span class='ocrx_word' id='word_1_163' title='bbox 1075 1400 1454 1455; x_wconf 83' lang='lat' dir='ltr'><strong>miraculorum</strong></span> <span class='ocrx_word' id='word_1_164' title='bbox 1489 1404 1735 1458; x_wconf 85' lang='lat' dir='ltr'><strong>herilium</strong></span> <span class='ocrx_word' id='word_1_165' title='bbox 1766 1407 2008 1461; x_wconf 86' lang='lat' dir='ltr'><strong>narratio</strong></span> <span class='ocrx_word' id='word_1_166' title='bbox 2035 1409 2079 1463; x_wconf 88' lang='lat' dir='ltr'><strong>si</strong></span> 
     </span>
    </p>
   </div>
   <div class='ocr_carea' id='block_1_25' title="bbox 2189 1397 3786 1477">
    <p class='ocr_par' dir='ltr' id='par_1_25' title="bbox 2207 1403 3786 1477">
     <span class='ocr_line' id='line_1_25' title="bbox 2207 1403 3786 1477; baseline 0.001 -20"><span class='ocrx_word' id='word_1_167' title='bbox 2207 1403 2455 1472; x_wconf 75' lang='grc' dir='ltr'>ἀγνοοῦσι</span> <span class='ocrx_word' id='word_1_168' title='bbox 2499 1405 2756 1468; x_wconf 79' lang='grc' dir='ltr'><strong>πολλάκις</strong></span> <span class='ocrx_word' id='word_1_169' title='bbox 2810 1405 2932 1458; x_wconf 84' lang='grc' dir='ltr'>ὅσον</span> <span class='ocrx_word' id='word_1_170' title='bbox 2970 1404 3277 1476; x_wconf 78' lang='grc' dir='ltr'><strong>διέδραμον.</strong></span> <span class='ocrx_word' id='word_1_171' title='bbox 3309 1407 3373 1458; x_wconf 78' lang='grc' dir='ltr'>Ὀ</span> <span class='ocrx_word' id='word_1_172' title='bbox 3422 1405 3488 1476; x_wconf 80' lang='grc' dir='ltr'>δὴ</span> <span class='ocrx_word' id='word_1_173' title='bbox 3528 1406 3622 1458; x_wconf 78' lang='grc' dir='ltr'>καὶ</span> <span class='ocrx_word' id='word_1_174' title='bbox 3658 1407 3786 1477; x_wconf 76' lang='grc' dir='ltr'>περὶ</span> 
     </span>
    </p>
   </div>
   <div class='ocr_carea' id='block_1_26' title="bbox 529 1489 2089 1568">
    <p class='ocr_par' dir='ltr' id='par_1_26' title="bbox 529 1489 2089 1559">
     <span class='ocr_line' id='line_1_26' title="bbox 529 1489 2089 1559; baseline 0.007 -17"><span class='ocrx_word' id='word_1_175' title='bbox 529 1503 804 1542; x_wconf 72' lang='lat' dir='ltr'><strong>snrvorum</strong></span> <span class='ocrx_word' id='word_1_176' title='bbox 845 1490 1064 1546; x_wconf 88' lang='lat' dir='ltr'><strong>auribus</strong></span> <span class='ocrx_word' id='word_1_177' title='bbox 1103 1489 1335 1559; x_wconf 86' lang='lat' dir='ltr'><strong>iucunda</strong></span> <span class='ocrx_word' id='word_1_178' title='bbox 1381 1512 1393 1548; x_wconf 94' lang='lat'><strong>:</strong></span> <span class='ocrx_word' id='word_1_179' title='bbox 1443 1495 1531 1550; x_wconf 90' lang='lat' dir='ltr'><strong>hic</strong></span> <span class='ocrx_word' id='word_1_180' title='bbox 1578 1506 1756 1550; x_wconf 90' lang='lat' dir='ltr'><strong>tamen</strong></span> <span class='ocrx_word' id='word_1_181' title='bbox 1803 1499 2089 1553; x_wconf 85' lang='lat' dir='ltr'><strong>orationeu</strong></span> 
     </span>
    </p>
   </div>
   <div class='ocr_carea' id='block_1_27' title="bbox 2189 1489 3788 1568">
    <p class='ocr_par' dir='ltr' id='par_1_27' title="bbox 2204 1493 3788 1568">
     <span class='ocr_line' id='line_1_27' title="bbox 2204 1493 3788 1568; baseline 0.003 -23"><span class='ocrx_word' id='word_1_182' title='bbox 2204 1495 2352 1564; x_wconf 80' lang='grc' dir='ltr'>ἡμᾶς</span> <span class='ocrx_word' id='word_1_183' title='bbox 2379 1493 2521 1547; x_wconf 83' lang='grc' dir='ltr'>ἔοικε</span> <span class='ocrx_word' id='word_1_184' title='bbox 2550 1494 2878 1564; x_wconf 81' lang='grc' dir='ltr'>γεγενῆσθαι</span> <span class='ocrx_word' id='word_1_185' title='bbox 2901 1537 2916 1560; x_wconf 88' lang='grc'><strong>,</strong></span> <span class='ocrx_word' id='word_1_186' title='bbox 2947 1495 3230 1567; x_wconf 80' lang='grc' dir='ltr'><strong>τρέχοντος</strong></span> <span class='ocrx_word' id='word_1_187' title='bbox 3262 1495 3354 1549; x_wconf 76' lang='grc' dir='ltr'>τοῦ</span> <span class='ocrx_word' id='word_1_188' title='bbox 3389 1497 3546 1564; x_wconf 80' lang='grc' dir='ltr'>λόγου</span> <span class='ocrx_word' id='word_1_189' title='bbox 3579 1496 3666 1550; x_wconf 79' lang='grc' dir='ltr'>διὰ</span> <span class='ocrx_word' id='word_1_190' title='bbox 3690 1499 3788 1568; x_wconf 80' lang='grc' dir='ltr'>τῆς</span> 
     </span>
    </p>
   </div>
   <div class='ocr_carea' id='block_1_28' title="bbox 527 1581 2089 1659">
    <p class='ocr_par' dir='ltr' id='par_1_28' title="bbox 527 1581 2089 1656">
     <span class='ocr_line' id='line_1_28' title="bbox 527 1581 2089 1656; baseline 0.006 -22"><span class='ocrx_word' id='word_1_191' title='bbox 527 1581 811 1644; x_wconf 86' lang='lat' dir='ltr'><strong>sistentes,</strong></span> <span class='ocrx_word' id='word_1_192' title='bbox 844 1582 984 1635; x_wconf 90' lang='lat' dir='ltr'><strong>diem</strong></span> <span class='ocrx_word' id='word_1_193' title='bbox 1021 1583 1088 1635; x_wconf 86' lang='lat' dir='ltr'><strong>ad</strong></span> <span class='ocrx_word' id='word_1_194' title='bbox 1117 1598 1178 1638; x_wconf 88' lang='lat' dir='ltr'><strong>ea</strong></span> <span class='ocrx_word' id='word_1_195' title='bbox 1213 1599 1334 1652; x_wconf 79' lang='lat' dir='ltr'><strong>qua:</strong></span> <span class='ocrx_word' id='word_1_196' title='bbox 1378 1587 1574 1640; x_wconf 83' lang='lat' dir='ltr'><strong>desunt</strong></span> <span class='ocrx_word' id='word_1_197' title='bbox 1606 1587 1932 1642; x_wconf 84' lang='lat' dir='ltr'><strong>absolvenda</strong></span> <span class='ocrx_word' id='word_1_198' title='bbox 1959 1631 1972 1656; x_wconf 90' lang='lat'><strong>,</strong></span> <span class='ocrx_word' id='word_1_199' title='bbox 2011 1605 2089 1644; x_wconf 83' lang='lat' dir='ltr'><strong>ex-</strong></span> 
     </span>
    </p>
   </div>
   <div class='ocr_carea' id='block_1_29' title="bbox 2189 1581 3786 1659">
    <p class='ocr_par' dir='ltr' id='par_1_29' title="bbox 2204 1585 3786 1659">
     <span class='ocr_line' id='line_1_29' title="bbox 2204 1585 3786 1659; baseline 0.001 -21"><span class='ocrx_word' id='word_1_200' title='bbox 2204 1587 2454 1652; x_wconf 79' lang='grc' dir='ltr'><strong>κτίσεως,</strong></span> <span class='ocrx_word' id='word_1_201' title='bbox 2497 1587 2571 1658; x_wconf 82' lang='grc' dir='ltr'>μὴ</span> <span class='ocrx_word' id='word_1_202' title='bbox 2605 1585 2787 1638; x_wconf 72' lang='grc' dir='ltr'>λαϐεῖν</span> <span class='ocrx_word' id='word_1_203' title='bbox 2813 1587 2906 1639; x_wconf 76' lang='grc' dir='ltr'><strong>τοῦ</strong></span> <span class='ocrx_word' id='word_1_204' title='bbox 2949 1587 3185 1657; x_wconf 79' lang='grc' dir='ltr'>πλήθους</span> <span class='ocrx_word' id='word_1_205' title='bbox 3212 1587 3320 1640; x_wconf 81' lang='grc' dir='ltr'><strong>τῶν</strong></span> <span class='ocrx_word' id='word_1_206' title='bbox 3355 1588 3657 1659; x_wconf 79' lang='grc' dir='ltr'>εἰρημένων</span> <span class='ocrx_word' id='word_1_207' title='bbox 3689 1589 3786 1659; x_wconf 69' lang='grc' dir='ltr'><strong>τήν</strong></span> 
     </span>
    </p>
   </div>
   <div class='ocr_carea' id='block_1_30' title="bbox 524 1672 2089 1752">
    <p class='ocr_par' dir='ltr' id='par_1_30' title="bbox 524 1672 2089 1752">
     <span class='ocr_line' id='line_1_30' title="bbox 524 1672 2089 1752; baseline 0.006 -26"><span class='ocrx_word' id='word_1_208' title='bbox 524 1684 849 1744; x_wconf 86' lang='lat' dir='ltr'><strong>spectemus.</strong></span> <span class='ocrx_word' id='word_1_209' title='bbox 886 1672 1086 1728; x_wconf 87' lang='lat' dir='ltr'><strong>Omnes</strong></span> <span class='ocrx_word' id='word_1_210' title='bbox 1133 1675 1295 1744; x_wconf 80' lang='lat' dir='ltr'><strong>igitur</strong></span> <span class='ocrx_word' id='word_1_211' title='bbox 1326 1690 1679 1748; x_wconf 81' lang='lat' dir='ltr'><strong>exsurgentes</strong></span> <span class='ocrx_word' id='word_1_212' title='bbox 1726 1696 1822 1748; x_wconf 89' lang='lat' dir='ltr'><strong>pro</strong></span> <span class='ocrx_word' id='word_1_213' title='bbox 1866 1681 1951 1734; x_wconf 84' lang='lat' dir='ltr'><strong>his</strong></span> <span class='ocrx_word' id='word_1_214' title='bbox 1984 1697 2089 1752; x_wconf 75' lang='lat' dir='ltr'><strong>qua</strong></span> 
     </span>
    </p>
   </div>
   <div class='ocr_carea' id='block_1_31' title="bbox 2189 1672 3786 1752">
    <p class='ocr_par' dir='ltr' id='par_1_31' title="bbox 2202 1678 3786 1751">
     <span class='ocr_line' id='line_1_31' title="bbox 2202 1678 3786 1751; baseline 0.001 -20"><span class='ocrx_word' id='word_1_215' title='bbox 2202 1678 2472 1749; x_wconf 75' lang='grc' dir='ltr'>αἴσθησιν.</span> <span class='ocrx_word' id='word_1_216' title='bbox 2533 1678 2673 1731; x_wconf 86' lang='grc' dir='ltr'>Ἀλλ’</span> <span class='ocrx_word' id='word_1_217' title='bbox 2727 1681 2776 1731; x_wconf 88' lang='grc' dir='ltr'><strong>εί</strong></span> <span class='ocrx_word' id='word_1_218' title='bbox 2826 1679 2921 1733; x_wconf 78' lang='grc' dir='ltr'>καὶ</span> <span class='ocrx_word' id='word_1_219' title='bbox 2968 1679 3226 1751; x_wconf 81' lang='grc' dir='ltr'>φιλήκοον</span> <span class='ocrx_word' id='word_1_220' title='bbox 3281 1680 3344 1734; x_wconf 87' lang='grc' dir='ltr'>τὸ</span> <span class='ocrx_word' id='word_1_221' title='bbox 3388 1682 3584 1751; x_wconf 83' lang='grc' dir='ltr'>σεμνὸν</span> <span class='ocrx_word' id='word_1_222' title='bbox 3628 1679 3786 1733; x_wconf 83' lang='grc' dir='ltr'>τοῦτο</span> 
     </span>
    </p>
   </div>
   <div class='ocr_carea' id='block_1_32' title="bbox 525 1765 2089 1841">
    <p class='ocr_par' dir='ltr' id='par_1_32' title="bbox 525 1765 2089 1841">
     <span class='ocr_line' id='line_1_32' title="bbox 525 1765 2089 1841; baseline 0.006 -25"><span class='ocrx_word' id='word_1_223' title='bbox 525 1774 949 1816; x_wconf 86' lang='lat' dir='ltr'><strong>commemorata</strong></span> <span class='ocrx_word' id='word_1_224' title='bbox 986 1773 1133 1827; x_wconf 88' lang='lat' dir='ltr'><strong>sunt,</strong></span> <span class='ocrx_word' id='word_1_225' title='bbox 1174 1765 1378 1834; x_wconf 81' lang='lat' dir='ltr'><strong>gratias</strong></span> <span class='ocrx_word' id='word_1_226' title='bbox 1416 1781 1680 1836; x_wconf 83' lang='lat' dir='ltr'><strong>agamus;</strong></span> <span class='ocrx_word' id='word_1_227' title='bbox 1718 1778 1771 1823; x_wconf 89' lang='lat' dir='ltr'><strong>et</strong></span> <span class='ocrx_word' id='word_1_228' title='bbox 1807 1778 1866 1823; x_wconf 92' lang='lat' dir='ltr'><strong>ut</strong></span> <span class='ocrx_word' id='word_1_229' title='bbox 1890 1785 1951 1825; x_wconf 90' lang='lat' dir='ltr'><strong>ea</strong></span> <span class='ocrx_word' id='word_1_230' title='bbox 1982 1787 2089 1841; x_wconf 75' lang='lat' dir='ltr'><strong>quat</strong></span> 
     </span>
    </p>
   </div>
   <div class='ocr_carea' id='block_1_33' title="bbox 2189 1765 3788 1841">
    <p class='ocr_par' dir='ltr' id='par_1_33' title="bbox 2204 1769 3788 1841">
     <span class='ocr_line' id='line_1_33' title="bbox 2204 1769 3788 1841; baseline 0.003 -18"><span class='ocrx_word' id='word_1_231' title='bbox 2204 1769 2451 1841; x_wconf 87' lang='grc' dir='ltr'>θέατρον,</span> <span class='ocrx_word' id='word_1_232' title='bbox 2506 1772 2599 1825; x_wconf 74' lang='grc' dir='ltr'>καὶ</span> <span class='ocrx_word' id='word_1_233' title='bbox 2649 1771 2876 1840; x_wconf 86' lang='grc' dir='ltr'>γλυκεῖα</span> <span class='ocrx_word' id='word_1_234' title='bbox 2935 1771 3138 1826; x_wconf 80' lang='grc' dir='ltr'>δούλων</span> <span class='ocrx_word' id='word_1_235' title='bbox 3195 1773 3385 1837; x_wconf 86' lang='grc' dir='ltr'>ἀκοαῖς</span> <span class='ocrx_word' id='word_1_236' title='bbox 3453 1772 3788 1828; x_wconf 71' lang='grc' dir='ltr'>δεσππικῶν</span> 
     </span>
    </p>
   </div>
   <div class='ocr_carea' id='block_1_34' title="bbox 524 1845 2089 1937">
    <p class='ocr_par' dir='ltr' id='par_1_34' title="bbox 524 1855 2089 1927">
     <span class='ocr_line' id='line_1_34' title="bbox 524 1855 2089 1927; baseline 0.005 -18"><span class='ocrx_word' id='word_1_237' title='bbox 524 1867 816 1924; x_wconf 84' lang='lat' dir='ltr'><strong>supersunt</strong></span> <span class='ocrx_word' id='word_1_238' title='bbox 844 1855 1235 1924; x_wconf 86' lang='lat' dir='ltr'><strong>compleantur,</strong></span> <span class='ocrx_word' id='word_1_239' title='bbox 1274 1859 1625 1927; x_wconf 85' lang='lat' dir='ltr'><strong>postulenms.</strong></span> <span class='ocrx_word' id='word_1_240' title='bbox 1659 1860 1878 1916; x_wconf 87' lang='lat' dir='ltr'><strong>Utinam</strong></span> <span class='ocrx_word' id='word_1_241' title='bbox 1917 1875 2089 1918; x_wconf 87' lang='lat' dir='ltr'><strong>autem</strong></span> 
     </span>
    </p>
   </div>
   <div class='ocr_carea' id='block_1_35' title="bbox 2189 1845 3781 1937">
    <p class='ocr_par' dir='ltr' id='par_1_35' title="bbox 2203 1863 3781 1937">
     <span class='ocr_line' id='line_1_35' title="bbox 2203 1863 3781 1937; baseline 0.003 -23"><span class='ocrx_word' id='word_1_242' title='bbox 2203 1863 2495 1932; x_wconf 78' lang='grc' dir='ltr'>θαυμάτων</span> <span class='ocrx_word' id='word_1_243' title='bbox 2548 1863 2823 1934; x_wconf 84' lang='grc' dir='ltr'>διήγησις,</span> <span class='ocrx_word' id='word_1_244' title='bbox 2864 1863 3095 1918; x_wconf 78' lang='grc' dir='ltr'>ἐνταῦθα</span> <span class='ocrx_word' id='word_1_245' title='bbox 3135 1863 3226 1917; x_wconf 79' lang='grc' dir='ltr'>τὸν</span> <span class='ocrx_word' id='word_1_246' title='bbox 3256 1865 3412 1933; x_wconf 88' lang='grc' dir='ltr'>λόγον</span> <span class='ocrx_word' id='word_1_247' title='bbox 3438 1866 3781 1937; x_wconf 84' lang='grc' dir='ltr'>ὁρμίσαντες,</span> 
     </span>
    </p>
   </div>
   <div class='ocr_carea' id='block_1_36' title="bbox 523 1949 2089 2030">
    <p class='ocr_par' dir='ltr' id='par_1_36' title="bbox 523 1949 2089 2018">
     <span class='ocr_line' id='line_1_36' title="bbox 523 1949 2089 2018; baseline 0.006 -18"><span class='ocrx_word' id='word_1_248' title='bbox 523 1957 576 2000; x_wconf 90' lang='lat' dir='ltr'><strong>et</strong></span> <span class='ocrx_word' id='word_1_249' title='bbox 612 1950 751 2001; x_wconf 88' lang='lat' dir='ltr'><strong>inter</strong></span> <span class='ocrx_word' id='word_1_250' title='bbox 797 1949 1088 2003; x_wconf 89' lang='lat' dir='ltr'><strong>sumendos</strong></span> <span class='ocrx_word' id='word_1_251' title='bbox 1116 1949 1269 2004; x_wconf 84' lang='lat' dir='ltr'><strong>cibos</strong></span> <span class='ocrx_word' id='word_1_252' title='bbox 1314 1952 1423 2006; x_wconf 88' lang='lat' dir='ltr'><strong>sint</strong></span> <span class='ocrx_word' id='word_1_253' title='bbox 1451 1952 1601 2006; x_wconf 85' lang='lat' dir='ltr'><strong>vobis</strong></span> <span class='ocrx_word' id='word_1_254' title='bbox 1631 1953 1681 2006; x_wconf 94' lang='lat' dir='ltr'><strong>in</strong></span> <span class='ocrx_word' id='word_1_255' title='bbox 1726 1970 1934 2018; x_wconf 86' lang='lat' dir='ltr'><strong>mensa,</strong></span> <span class='ocrx_word' id='word_1_256' title='bbox 1980 1955 2089 2010; x_wconf 83' lang='lat' dir='ltr'><strong>loco</strong></span> 
     </span>
    </p>
   </div>
   <div class='ocr_carea' id='block_1_37' title="bbox 2189 1949 3784 2030">
    <p class='ocr_par' dir='ltr' id='par_1_37' title="bbox 2206 1955 3784 2030">
     <span class='ocr_line' id='line_1_37' title="bbox 2206 1955 3784 2030; baseline 0.004 -24"><span class='ocrx_word' id='word_1_257' title='bbox 2206 1955 2478 2025; x_wconf 81' lang='grc' dir='ltr'>μείνωμεν</span> <span class='ocrx_word' id='word_1_258' title='bbox 2541 1955 2638 2027; x_wconf 83' lang='grc' dir='ltr'>τὴν</span> <span class='ocrx_word' id='word_1_259' title='bbox 2685 1957 2898 2028; x_wconf 80' lang='grc' dir='ltr'>ἡμέραν</span> <span class='ocrx_word' id='word_1_260' title='bbox 2963 1957 3101 2027; x_wconf 82' lang='grc' dir='ltr'>πρὸς</span> <span class='ocrx_word' id='word_1_261' title='bbox 3138 1966 3236 2030; x_wconf 81' lang='grc' dir='ltr'><strong>τήν</strong></span> <span class='ocrx_word' id='word_1_262' title='bbox 3287 1958 3393 2012; x_wconf 81' lang='grc' dir='ltr'>τῶν</span> <span class='ocrx_word' id='word_1_263' title='bbox 3449 1957 3784 2029; x_wconf 80' lang='grc' dir='ltr'>λειπομένων</span> 
     </span>
    </p>
   </div>
   <div class='ocr_carea' id='block_1_38' title="bbox 523 2039 2096 2113">
    <p class='ocr_par' dir='ltr' id='par_1_38' title="bbox 523 2039 2096 2113">
     <span class='ocr_line' id='line_1_38' title="bbox 523 2039 2096 2113; baseline 0.007 -22"><span class='ocrx_word' id='word_1_264' title='bbox 523 2039 798 2108; x_wconf 69' lang='lat' dir='ltr'><strong>colloquii,</strong></span> <span class='ocrx_word' id='word_1_265' title='bbox 830 2055 890 2094; x_wconf 87' lang='lat' dir='ltr'><strong>ea</strong></span> <span class='ocrx_word' id='word_1_266' title='bbox 921 2057 1038 2110; x_wconf 77' lang='lat' dir='ltr'><strong>qua:</strong></span> <span class='ocrx_word' id='word_1_267' title='bbox 1067 2039 1474 2096; x_wconf 78' lang='lat' dir='ltr'><strong>tum&#39;matutina</strong></span> <span class='ocrx_word' id='word_1_268' title='bbox 1505 2054 1614 2096; x_wconf 92' lang='lat' dir='ltr'><strong>tum</strong></span> <span class='ocrx_word' id='word_1_269' title='bbox 1645 2046 1948 2113; x_wconf 81' lang='lat' dir='ltr'><strong>vespertina</strong></span> <span class='ocrx_word' id='word_1_270' title='bbox 1973 2062 2096 2102; x_wconf 83' lang='lat' dir='ltr'><strong>ora-</strong></span> 
     </span>
    </p>
   </div>
   <div class='ocr_carea' id='block_1_39' title="bbox 522 2131 2094 2206">
    <p class='ocr_par' dir='ltr' id='par_1_39' title="bbox 522 2131 2094 2206">
     <span class='ocr_line' id='line_1_39' title="bbox 522 2131 2094 2206; baseline 0.004 -23"><span class='ocrx_word' id='word_1_271' title='bbox 522 2131 666 2184; x_wconf 91' lang='lat' dir='ltr'><strong>tione</strong></span> <span class='ocrx_word' id='word_1_272' title='bbox 696 2131 990 2200; x_wconf 81' lang='lat' dir='ltr'><strong>explicavi:</strong></span> <span class='ocrx_word' id='word_1_273' title='bbox 1021 2131 1224 2186; x_wconf 88' lang='lat' dir='ltr'><strong>utinam</strong></span> <span class='ocrx_word' id='word_1_274' title='bbox 1253 2133 1416 2187; x_wconf 89' lang='lat' dir='ltr'><strong>etiam</strong></span> <span class='ocrx_word' id='word_1_275' title='bbox 1447 2133 1638 2186; x_wconf 88' lang='lat' dir='ltr'><strong>barum</strong></span> <span class='ocrx_word' id='word_1_276' title='bbox 1671 2149 1850 2188; x_wconf 90' lang='lat' dir='ltr'><strong>rerum</strong></span> <span class='ocrx_word' id='word_1_277' title='bbox 1887 2136 2094 2206; x_wconf 84' lang='lat' dir='ltr'><strong>cogita-</strong></span> 
     </span>
    </p>
   </div>
   <div class='ocr_carea' id='block_1_40' title="bbox 522 2223 2094 2294">
    <p class='ocr_par' dir='ltr' id='par_1_40' title="bbox 522 2223 2094 2294">
     <span class='ocr_line' id='line_1_40' title="bbox 522 2223 2094 2294; baseline 0.004 -18"><span class='ocrx_word' id='word_1_278' title='bbox 522 2223 757 2276; x_wconf 85' lang='lat' dir='ltr'><strong>tionibus</strong></span> <span class='ocrx_word' id='word_1_279' title='bbox 801 2237 896 2292; x_wconf 90' lang='lat' dir='ltr'><strong>per</strong></span> <span class='ocrx_word' id='word_1_280' title='bbox 939 2239 1187 2278; x_wconf 89' lang='lat' dir='ltr'><strong>somnum</strong></span> <span class='ocrx_word' id='word_1_281' title='bbox 1226 2226 1498 2294; x_wconf 79' lang='lat' dir='ltr'><strong>oceupati,</strong></span> <span class='ocrx_word' id='word_1_282' title='bbox 1542 2225 1723 2280; x_wconf 59' lang='lat' dir='ltr'><strong>Iustitia</strong></span> <span class='ocrx_word' id='word_1_283' title='bbox 1771 2227 1964 2282; x_wconf 87' lang='lat' dir='ltr'><strong>diurna</strong></span> <span class='ocrx_word' id='word_1_284' title='bbox 2013 2228 2094 2283; x_wconf 87' lang='lat' dir='ltr'><strong>vel</strong></span> 
     </span>
    </p>
   </div>
   <div class='ocr_carea' id='block_1_41' title="bbox 519 2301 2094 2387">
    <p class='ocr_par' dir='ltr' id='par_1_41' title="bbox 519 2301 2094 2387">
     <span class='ocr_line' id='line_1_41' title="bbox 519 2301 2094 2387; baseline 0.004 -19"><span class='ocrx_word' id='word_1_285' title='bbox 519 2314 847 2369; x_wconf 89' lang='lat' dir='ltr'><strong>dormientes</strong></span> <span class='ocrx_word' id='word_1_286' title='bbox 873 2314 1146 2380; x_wconf 82' lang='lat' dir='ltr'><strong>fruamini,</strong></span> <span class='ocrx_word' id='word_1_287' title='bbox 1179 2327 1235 2371; x_wconf 87' lang='lat' dir='ltr'><strong>ut</strong></span> <span class='ocrx_word' id='word_1_288' title='bbox 1255 2317 1437 2372; x_wconf 89' lang='lat' dir='ltr'><strong>dicere</strong></span> <span class='ocrx_word' id='word_1_289' title='bbox 1461 2301 1720 2387; x_wconf 80' lang='lat' dir='ltr'><strong>possitis:</strong></span> <span class='ocrx_word' id='word_1_290' title='bbox 1741 2315 1851 2386; x_wconf 86' lang='lat' dir='ltr'><strong>Ego</strong></span> <span class='ocrx_word' id='word_1_291' title='bbox 1863 2319 2094 2386; x_wconf 82' lang='lat' dir='ltr'><strong>dormio,</strong></span> 
     </span>
    </p>
   </div>
   <div class='ocr_carea' id='block_1_42' title="bbox 517 2407 2094 2480">
    <p class='ocr_par' dir='ltr' id='par_1_42' title="bbox 517 2407 2094 2480">
     <span class='ocr_line' id='line_1_42' title="bbox 517 2407 2094 2480; baseline 0.004 -20"><span class='ocrx_word' id='word_1_292' title='bbox 517 2417 564 2460; x_wconf 83' lang='lat' dir='ltr'><strong>et</strong></span> <span class='ocrx_word' id='word_1_293' title='bbox 610 2424 700 2461; x_wconf 81' lang='lat' dir='ltr'><strong>cor</strong></span> <span class='ocrx_word' id='word_1_294' title='bbox 741 2423 911 2461; x_wconf 81' lang='lat' dir='ltr'><strong>meum</strong></span> <span class='ocrx_word' id='word_1_295' title='bbox 943 2407 1122 2478; x_wconf 77' lang='lat' dir='ltr'><strong>vigilat</strong></span> <span class='ocrx_word' id='word_1_296' title='bbox 1154 2409 1258 2475; x_wconf 84' lang='lat'><strong>&quot;&#39;,</strong></span> <span class='ocrx_word' id='word_1_297' title='bbox 1291 2419 1472 2478; x_wconf 86' lang='lat' dir='ltr'><strong>utpote</strong></span> <span class='ocrx_word' id='word_1_298' title='bbox 1513 2409 1656 2478; x_wconf 91' lang='lat' dir='ltr'><strong>quod</strong></span> <span class='ocrx_word' id='word_1_299' title='bbox 1701 2420 1857 2464; x_wconf 86' lang='lat' dir='ltr'><strong>nocte</strong></span> <span class='ocrx_word' id='word_1_300' title='bbox 1905 2411 2094 2480; x_wconf 86' lang='lat' dir='ltr'><strong>dieque</strong></span> 
     </span>
    </p>
   </div>
   <div class='ocr_carea' id='block_1_43' title="bbox 516 2499 2090 2573">
    <p class='ocr_par' dir='ltr' id='par_1_43' title="bbox 516 2499 2090 2573">
     <span class='ocr_line' id='line_1_43' title="bbox 516 2499 2090 2573; baseline 0.004 -21"><span class='ocrx_word' id='word_1_301' title='bbox 516 2499 687 2569; x_wconf 87' lang='lat' dir='ltr'><strong>legem</strong></span> <span class='ocrx_word' id='word_1_302' title='bbox 728 2500 934 2554; x_wconf 84' lang='lat' dir='ltr'><strong>Domini</strong></span> <span class='ocrx_word' id='word_1_303' title='bbox 975 2501 1281 2565; x_wconf 85' lang='lat' dir='ltr'><strong>meditetur,</strong></span> <span class='ocrx_word' id='word_1_304' title='bbox 1317 2501 1400 2556; x_wconf 91' lang='lat' dir='ltr'><strong>cui</strong></span> <span class='ocrx_word' id='word_1_305' title='bbox 1441 2500 1610 2573; x_wconf 85' lang='lat' dir='ltr'><strong>gloria</strong></span> <span class='ocrx_word' id='word_1_306' title='bbox 1639 2509 1692 2555; x_wconf 90' lang='lat' dir='ltr'><strong>et</strong></span> <span class='ocrx_word' id='word_1_307' title='bbox 1722 2501 2006 2572; x_wconf 89' lang='lat' dir='ltr'><strong>imperium</strong></span> <span class='ocrx_word' id='word_1_308' title='bbox 2037 2503 2090 2557; x_wconf 90' lang='lat' dir='ltr'><strong>in</strong></span> 
     </span>
    </p>
   </div>
   <div class='ocr_carea' id='block_1_44' title="bbox 517 2591 1317 2649">
    <p class='ocr_par' dir='ltr' id='par_1_44' title="bbox 517 2591 1317 2649">
     <span class='ocr_line' id='line_1_44' title="bbox 517 2591 1317 2649; baseline 0.005 -4"><span class='ocrx_word' id='word_1_309' title='bbox 517 2591 711 2645; x_wconf 62' lang='lat' dir='ltr'><strong>saecula</strong></span> <span class='ocrx_word' id='word_1_310' title='bbox 746 2591 1087 2646; x_wconf 69' lang='lat' dir='ltr'><strong>saeculorum.</strong></span> <span class='ocrx_word' id='word_1_311' title='bbox 1121 2593 1317 2649; x_wconf 82' lang='lat' dir='ltr'><strong>Amen.</strong></span> 
     </span>
    </p>
   </div>
   <div class='ocr_carea' id='block_1_45' title="bbox 2201 2047 3780 2123">
    <p class='ocr_par' dir='ltr' id='par_1_45' title="bbox 2201 2047 3780 2123">
     <span class='ocr_line' id='line_1_45' title="bbox 2201 2047 3780 2123; baseline 0.001 -23"><span class='ocrx_word' id='word_1_312' title='bbox 2201 2047 2475 2100; x_wconf 83' lang='grc' dir='ltr'>ἀπόδοσιν.</span> <span class='ocrx_word' id='word_1_313' title='bbox 2537 2049 2896 2114; x_wconf 84' lang='grc' dir='ltr'>Ἀναστάντες</span> <span class='ocrx_word' id='word_1_314' title='bbox 2949 2050 3004 2104; x_wconf 84' lang='grc' dir='ltr'>δὲ</span> <span class='ocrx_word' id='word_1_315' title='bbox 3047 2051 3245 2115; x_wconf 79' lang='grc' dir='ltr'>πάντες</span> <span class='ocrx_word' id='word_1_316' title='bbox 3297 2051 3780 2123; x_wconf 80' lang='grc' dir='ltr'>εὐχαριστήσωμεν</span> 
     </span>
    </p>
   </div>
   <div class='ocr_carea' id='block_1_46' title="bbox 2204 2139 3782 2215">
    <p class='ocr_par' dir='ltr' id='par_1_46' title="bbox 2204 2139 3782 2215">
     <span class='ocr_line' id='line_1_46' title="bbox 2204 2139 3782 2215; baseline 0.003 -23"><span class='ocrx_word' id='word_1_317' title='bbox 2204 2139 2344 2210; x_wconf 83' lang='grc' dir='ltr'>ὑπὲρ</span> <span class='ocrx_word' id='word_1_318' title='bbox 2370 2140 2477 2194; x_wconf 85' lang='grc' dir='ltr'><strong>τῶν</strong></span> <span class='ocrx_word' id='word_1_319' title='bbox 2511 2140 2838 2212; x_wconf 74' lang='grc' dir='ltr'>εἰρημένων,</span> <span class='ocrx_word' id='word_1_320' title='bbox 2878 2144 2971 2196; x_wconf 74' lang='grc' dir='ltr'>καὶ</span> <span class='ocrx_word' id='word_1_321' title='bbox 3024 2144 3336 2213; x_wconf 76' lang='grc' dir='ltr'>αἰτήσωμέν</span> <span class='ocrx_word' id='word_1_322' title='bbox 3376 2142 3483 2196; x_wconf 78' lang='grc' dir='ltr'>τῶν</span> <span class='ocrx_word' id='word_1_323' title='bbox 3527 2142 3782 2215; x_wconf 88' lang='grc' dir='ltr'>λειπομέ-</span> 
     </span>
    </p>
   </div>
   <div class='ocr_carea' id='block_1_47' title="bbox 2199 2229 3777 2302">
    <p class='ocr_par' dir='ltr' id='par_1_47' title="bbox 2199 2229 3777 2302">
     <span class='ocr_line' id='line_1_47' title="bbox 2199 2229 3777 2302; baseline 0 -20"><span class='ocrx_word' id='word_1_324' title='bbox 2199 2247 2304 2283; x_wconf 88' lang='grc' dir='ltr'><strong>νων</strong></span> <span class='ocrx_word' id='word_1_325' title='bbox 2358 2229 2456 2302; x_wconf 83' lang='grc' dir='ltr'><strong>τήν</strong></span> <span class='ocrx_word' id='word_1_326' title='bbox 2494 2231 2772 2302; x_wconf 84' lang='grc' dir='ltr'>πλήρωσιν</span> <span class='ocrx_word' id='word_1_327' title='bbox 2803 2231 2934 2301; x_wconf 66' lang='lat'><strong>(29).</strong></span> <span class='ocrx_word' id='word_1_328' title='bbox 2967 2231 3182 2284; x_wconf 88' lang='grc' dir='ltr'>Γένοιτο</span> <span class='ocrx_word' id='word_1_329' title='bbox 3215 2231 3269 2284; x_wconf 77' lang='grc' dir='ltr'>δὲ</span> <span class='ocrx_word' id='word_1_330' title='bbox 3310 2233 3437 2301; x_wconf 78' lang='grc' dir='ltr'>ὑμῖν</span> <span class='ocrx_word' id='word_1_331' title='bbox 3483 2230 3573 2284; x_wconf 76' lang='grc' dir='ltr'>καὶ</span> <span class='ocrx_word' id='word_1_332' title='bbox 3605 2232 3661 2283; x_wconf 85' lang='grc' dir='ltr'><strong>ἐν</strong></span> <span class='ocrx_word' id='word_1_333' title='bbox 3712 2233 3777 2301; x_wconf 79' lang='grc' dir='ltr'><strong>τῇ</strong></span> 
     </span>
    </p>
   </div>
   <div class='ocr_carea' id='block_1_48' title="bbox 2202 2320 3779 2395">
    <p class='ocr_par' dir='ltr' id='par_1_48' title="bbox 2202 2320 3779 2395">
     <span class='ocr_line' id='line_1_48' title="bbox 2202 2320 3779 2395; baseline 0.001 -23"><span class='ocrx_word' id='word_1_334' title='bbox 2202 2320 2501 2392; x_wconf 67' lang='grc' dir='ltr'>μεταλήψει</span> <span class='ocrx_word' id='word_1_335' title='bbox 2539 2321 2638 2392; x_wconf 78' lang='grc' dir='ltr'>τῆς</span> <span class='ocrx_word' id='word_1_336' title='bbox 2680 2322 2889 2393; x_wconf 77' lang='grc' dir='ltr'>τροφῆς</span> <span class='ocrx_word' id='word_1_337' title='bbox 2919 2321 3285 2395; x_wconf 77' lang='grc' dir='ltr'>ἐπιτραπέζια</span> <span class='ocrx_word' id='word_1_338' title='bbox 3315 2321 3642 2393; x_wconf 81' lang='grc' dir='ltr'>διηγήματα,</span> <span class='ocrx_word' id='word_1_339' title='bbox 3677 2322 3779 2376; x_wconf 83' lang='grc' dir='ltr'>ὅσα</span> 
     </span>
    </p>
   </div>
   <div class='ocr_carea' id='block_1_49' title="bbox 2197 2411 3778 2484">
    <p class='ocr_par' dir='ltr' id='par_1_49' title="bbox 2197 2411 3778 2484">
     <span class='ocr_line' id='line_1_49' title="bbox 2197 2411 3778 2484; baseline 0.002 -22"><span class='ocrx_word' id='word_1_340' title='bbox 2197 2427 2256 2463; x_wconf 87' lang='grc' dir='ltr'><strong>τε</strong></span> <span class='ocrx_word' id='word_1_341' title='bbox 2289 2411 2455 2465; x_wconf 76' lang='grc' dir='ltr'>ἕωθεν</span> <span class='ocrx_word' id='word_1_342' title='bbox 2486 2413 2635 2483; x_wconf 81' lang='grc' dir='ltr'>ὑμῖν,</span> <span class='ocrx_word' id='word_1_343' title='bbox 2665 2413 2759 2467; x_wconf 59' lang='grc' dir='ltr'><strong>καὶ⁸</strong></span> <span class='ocrx_word' id='word_1_344' title='bbox 2785 2413 2882 2465; x_wconf 77' lang='grc' dir='ltr'>ὅσα</span> <span class='ocrx_word' id='word_1_345' title='bbox 2911 2413 3049 2466; x_wconf 74' lang='grc' dir='ltr'>κατὰ</span> <span class='ocrx_word' id='word_1_346' title='bbox 3077 2412 3173 2484; x_wconf 77' lang='grc' dir='ltr'>τὴν</span> <span class='ocrx_word' id='word_1_347' title='bbox 3202 2411 3438 2484; x_wconf 66' lang='grc' dir='ltr'>ἑσπέραν</span> <span class='ocrx_word' id='word_1_348' title='bbox 3489 2411 3717 2480; x_wconf 75' lang='grc' dir='ltr'>ἐπῆλθεν</span> <span class='ocrx_word' id='word_1_349' title='bbox 3748 2413 3778 2465; x_wconf 86' lang='grc' dir='ltr'>ὁ</span> 
     </span>
    </p>
   </div>
   <div class='ocr_carea' id='block_1_50' title="bbox 2195 2501 3772 2576">
    <p class='ocr_par' dir='ltr' id='par_1_50' title="bbox 2195 2501 3772 2576">
     <span class='ocr_line' id='line_1_50' title="bbox 2195 2501 3772 2576; baseline 0.001 -21"><span class='ocrx_word' id='word_1_350' title='bbox 2195 2501 2353 2572; x_wconf 81' lang='grc' dir='ltr'>λόγος</span> <span class='ocrx_word' id='word_1_351' title='bbox 2372 2521 2385 2534; x_wconf 78' lang='grc' dir='ltr'><strong>ο</strong></span> <span class='ocrx_word' id='word_1_352' title='bbox 2418 2505 2511 2557; x_wconf 73' lang='grc' dir='ltr'>καὶ</span> <span class='ocrx_word' id='word_1_353' title='bbox 2548 2507 2668 2568; x_wconf 87' lang='grc' dir='ltr'>ταῖς</span> <span class='ocrx_word' id='word_1_354' title='bbox 2700 2505 2828 2576; x_wconf 72' lang='grc' dir='ltr'>περὶ</span> <span class='ocrx_word' id='word_1_355' title='bbox 2858 2503 3062 2558; x_wconf 87' lang='grc' dir='ltr'>τούτων</span> <span class='ocrx_word' id='word_1_356' title='bbox 3092 2505 3324 2569; x_wconf 78' lang='grc' dir='ltr'>ἐννοίαις</span> <span class='ocrx_word' id='word_1_357' title='bbox 3355 2504 3458 2558; x_wconf 82' lang='grc' dir='ltr'><strong>ὑπὸ</strong></span> <span class='ocrx_word' id='word_1_358' title='bbox 3485 2505 3578 2558; x_wconf 75' lang='grc' dir='ltr'>τοῦ</span> <span class='ocrx_word' id='word_1_359' title='bbox 3606 2503 3772 2557; x_wconf 74' lang='grc' dir='ltr'>ὕπνου</span> 
     </span>
    </p>
   </div>
   <div class='ocr_carea' id='block_1_51' title="bbox 2194 2595 3773 2669">
    <p class='ocr_par' dir='ltr' id='par_1_51' title="bbox 2194 2595 3773 2669">
     <span class='ocr_line' id='line_1_51' title="bbox 2194 2595 3773 2669; baseline 0 -21"><span class='ocrx_word' id='word_1_360' title='bbox 2194 2595 2666 2667; x_wconf 82' lang='grc' dir='ltr'>καταληφθέντες,</span> <span class='ocrx_word' id='word_1_361' title='bbox 2698 2600 2797 2669; x_wconf 82' lang='grc' dir='ltr'>τῆς</span> <span class='ocrx_word' id='word_1_362' title='bbox 2856 2597 3227 2669; x_wconf 85' lang='grc' dir='ltr'>μεθημερινῆς</span> <span class='ocrx_word' id='word_1_363' title='bbox 3281 2597 3619 2668; x_wconf 72' lang='grc' dir='ltr'>εὐφροσύνης</span> <span class='ocrx_word' id='word_1_364' title='bbox 3680 2596 3773 2651; x_wconf 71' lang='grc' dir='ltr'><strong>καὶ</strong></span> 
     </span>
    </p>
   </div>
   <div class='ocr_carea' id='block_1_52' title="bbox 515 2682 3772 2760">
    <p class='ocr_par' dir='ltr' id='par_1_52' title="bbox 515 2682 3772 2760">
     <span class='ocr_line' id='line_1_52' title="bbox 515 2682 3772 2760; baseline 0.002 -23"><span class='ocrx_word' id='word_1_365' title='bbox 515 2682 864 2747; x_wconf 78' lang='grc' dir='ltr'>καθεύδοντες</span> <span class='ocrx_word' id='word_1_366' title='bbox 890 2683 1267 2747; x_wconf 75' lang='grc' dir='ltr'>ἁπολαύσοιτε,</span> <span class='ocrx_word' id='word_1_367' title='bbox 1306 2685 1390 2739; x_wconf 84' lang='grc' dir='ltr'><strong>ἴνα</strong></span> <span class='ocrx_word' id='word_1_368' title='bbox 1419 2685 1512 2758; x_wconf 80' lang='grc' dir='ltr'><strong>ἐξῇ</strong></span> <span class='ocrx_word' id='word_1_369' title='bbox 1540 2688 1668 2759; x_wconf 88' lang='grc' dir='ltr'>ὑμῖν</span> <span class='ocrx_word' id='word_1_370' title='bbox 1727 2687 1940 2756; x_wconf 80' lang='grc' dir='ltr'>λέγειν’</span> <span class='ocrx_word' id='word_1_371' title='bbox 1987 2685 2133 2756; x_wconf 64' lang='grc' dir='ltr'><strong>Ἐγὼ</strong></span> <span class='ocrx_word' id='word_1_372' title='bbox 2171 2688 2462 2754; x_wconf 66' lang='grc' dir='ltr'>καθεύδω,</span> <span class='ocrx_word' id='word_1_373' title='bbox 2528 2690 2628 2743; x_wconf 75' lang='grc' dir='ltr'><strong>καί</strong></span> <span class='ocrx_word' id='word_1_374' title='bbox 2662 2692 2699 2757; x_wconf 75' lang='grc' dir='ltr'>ἡ</span> <span class='ocrx_word' id='word_1_375' title='bbox 2741 2689 2853 2760; x_wconf 81' lang='lat'><strong>(50)</strong></span> <span class='ocrx_word' id='word_1_376' title='bbox 2895 2689 3105 2758; x_wconf 78' lang='grc' dir='ltr'>καρδία</span> <span class='ocrx_word' id='word_1_377' title='bbox 3129 2707 3247 2760; x_wconf 84' lang='grc' dir='ltr'><strong>μου</strong></span> <span class='ocrx_word' id='word_1_378' title='bbox 3279 2689 3585 2758; x_wconf 79' lang='grc' dir='ltr'>ἀγρυπνεῖ,</span> <span class='ocrx_word' id='word_1_379' title='bbox 3619 2690 3772 2760; x_wconf 79' lang='grc' dir='ltr'>μελε-</span> 
     </span>
    </p>
   </div>
   <div class='ocr_carea' id='block_1_53' title="bbox 515 2772 3688 2855">
    <p class='ocr_par' dir='ltr' id='par_1_53' title="bbox 515 2772 3688 2855">
     <span class='ocr_line' id='line_1_53' title="bbox 515 2772 3688 2855; baseline 0.003 -27"><span class='ocrx_word' id='word_1_380' title='bbox 515 2775 666 2829; x_wconf 82' lang='grc' dir='ltr'>τῶσα</span> <span class='ocrx_word' id='word_1_381' title='bbox 690 2777 878 2839; x_wconf 76' lang='grc' dir='ltr'>νυκτὸς</span> <span class='ocrx_word' id='word_1_382' title='bbox 912 2779 1002 2829; x_wconf 67' lang='grc' dir='ltr'>καί</span> <span class='ocrx_word' id='word_1_383' title='bbox 1022 2776 1234 2848; x_wconf 74' lang='grc' dir='ltr'>ἡμέρας</span> <span class='ocrx_word' id='word_1_384' title='bbox 1263 2779 1319 2829; x_wconf 79' lang='grc' dir='ltr'><strong>ἐν</strong></span> <span class='ocrx_word' id='word_1_385' title='bbox 1348 2777 1424 2848; x_wconf 79' lang='grc' dir='ltr'>τῷ</span> <span class='ocrx_word' id='word_1_386' title='bbox 1447 2779 1596 2850; x_wconf 78' lang='grc' dir='ltr'>νόμῳ</span> <span class='ocrx_word' id='word_1_387' title='bbox 1637 2780 1866 2851; x_wconf 81' lang='grc' dir='ltr'>Κυρίου,</span> <span class='ocrx_word' id='word_1_388' title='bbox 1896 2772 1940 2847; x_wconf 80' lang='grc' dir='ltr'><strong>ᾧ</strong></span> <span class='ocrx_word' id='word_1_389' title='bbox 1969 2780 2001 2850; x_wconf 80' lang='grc' dir='ltr'><strong>ή</strong></span> <span class='ocrx_word' id='word_1_390' title='bbox 2037 2777 2161 2844; x_wconf 78' lang='grc' dir='ltr'>δόξα</span> <span class='ocrx_word' id='word_1_391' title='bbox 2189 2781 2368 2833; x_wconf 77' lang='grc' dir='ltr'>καὶτὸ</span> <span class='ocrx_word' id='word_1_392' title='bbox 2401 2781 2600 2853; x_wconf 73' lang='grc' dir='ltr'>κράτος</span> <span class='ocrx_word' id='word_1_393' title='bbox 2624 2783 2704 2844; x_wconf 87' lang='grc' dir='ltr'><strong>είς</strong></span> <span class='ocrx_word' id='word_1_394' title='bbox 2733 2783 2859 2845; x_wconf 74' lang='grc' dir='ltr'>τοὺς</span> <span class='ocrx_word' id='word_1_395' title='bbox 2896 2781 3098 2846; x_wconf 83' lang='grc' dir='ltr'>αἰῶνας</span> <span class='ocrx_word' id='word_1_396' title='bbox 3122 2781 3230 2835; x_wconf 85' lang='grc' dir='ltr'>τῶν</span> <span class='ocrx_word' id='word_1_397' title='bbox 3246 2781 3479 2836; x_wconf 77' lang='grc' dir='ltr'>αἰώνων.</span> <span class='ocrx_word' id='word_1_398' title='bbox 3498 2783 3688 2855; x_wconf 82' lang='grc' dir='ltr'>Ἀμήν.</span> 
     </span>
    </p>
   </div>
   <div class='ocr_carea' id='block_1_54' title="bbox 1069 3031 1520 3089">
    <p class='ocr_par' dir='ltr' id='par_1_54' title="bbox 1069 3031 1520 3089">
     <span class='ocr_line' id='line_1_54' title="bbox 1069 3031 1520 3089; baseline 0.007 -3"><span class='ocrx_word' id='word_1_399' title='bbox 1069 3031 1346 3088; x_wconf 71' lang='lat' dir='ltr'><strong>IIOMILIA</strong></span> <span class='ocrx_word' id='word_1_400' title='bbox 1391 3033 1520 3089; x_wconf 78' lang='lat' dir='ltr'><strong>Vill.</strong></span> 
     </span>
    </p>
   </div>
   <div class='ocr_carea' id='block_1_55' title="bbox 903 3124 1689 3194">
    <p class='ocr_par' dir='ltr' id='par_1_55' title="bbox 903 3124 1689 3194">
     <span class='ocr_line' id='line_1_55' title="bbox 903 3124 1689 3194; baseline 0.004 -17"><span class='ocrx_word' id='word_1_401' title='bbox 903 3124 974 3177; x_wconf 79' lang='lat' dir='ltr'><strong>De</strong></span> <span class='ocrx_word' id='word_1_402' title='bbox 1005 3124 1304 3177; x_wconf 67' lang='lat' dir='ltr'><strong>vm’atilibus</strong></span> <span class='ocrx_word' id='word_1_403' title='bbox 1331 3134 1378 3179; x_wconf 85' lang='lat' dir='ltr'><strong>et</strong></span> <span class='ocrx_word' id='word_1_404' title='bbox 1410 3126 1689 3194; x_wconf 75' lang='lat' dir='ltr'><strong>aquaticis.</strong></span> 
     </span>
    </p>
   </div>
   <div class='ocr_carea' id='block_1_56' title="bbox 584 3215 2085 3289">
    <p class='ocr_par' dir='ltr' id='par_1_56' title="bbox 584 3215 2085 3289">
     <span class='ocr_line' id='line_1_56' title="bbox 584 3215 2085 3289; baseline -0.001 -18"><span class='ocrx_word' id='word_1_405' title='bbox 584 3217 690 3289; x_wconf 80' lang='grc' dir='ltr'><strong>⁷ο</strong></span> <span class='ocrx_word' id='word_1_406' title='bbox 716 3217 762 3273; x_wconf 86' lang='lat' dir='ltr'><strong>l.</strong></span> <span class='ocrx_word' id='word_1_407' title='bbox 785 3216 848 3270; x_wconf 87' lang='lat' dir='ltr'><strong>Et</strong></span> <span class='ocrx_word' id='word_1_408' title='bbox 873 3217 1009 3270; x_wconf 66' lang='lat' dir='ltr'><strong>dixit</strong></span> <span class='ocrx_word' id='word_1_409' title='bbox 1032 3215 1208 3271; x_wconf 78' lang='lat' dir='ltr'><strong>Deus:</strong></span> <span class='ocrx_word' id='word_1_410' title='bbox 1234 3215 1494 3271; x_wconf 84' lang='lat' dir='ltr'><strong>Producat</strong></span> <span class='ocrx_word' id='word_1_411' title='bbox 1514 3229 1651 3272; x_wconf 88' lang='lat' dir='ltr'><strong>terra</strong></span> <span class='ocrx_word' id='word_1_412' title='bbox 1667 3219 1898 3271; x_wconf 83' lang='lat' dir='ltr'><strong>animam</strong></span> <span class='ocrx_word' id='word_1_413' title='bbox 1915 3219 2085 3272; x_wconf 84' lang='lat' dir='ltr'><strong>viven-</strong></span> 
     </span>
    </p>
   </div>
   <div class='ocr_carea' id='block_1_57' title="bbox 511 3309 2082 3381">
    <p class='ocr_par' dir='ltr' id='par_1_57' title="bbox 511 3309 2082 3381">
     <span class='ocr_line' id='line_1_57' title="bbox 511 3309 2082 3381; baseline -0.003 -15"><span class='ocrx_word' id='word_1_414' title='bbox 511 3320 613 3366; x_wconf 80' lang='lat' dir='ltr'><strong>tem</strong></span> <span class='ocrx_word' id='word_1_415' title='bbox 633 3311 794 3381; x_wconf 71' lang='lat' dir='ltr'><strong>juxta</strong></span> <span class='ocrx_word' id='word_1_416' title='bbox 824 3327 982 3379; x_wconf 81' lang='lat' dir='ltr'><strong>genus</strong></span> <span class='ocrx_word' id='word_1_417' title='bbox 1005 3350 1020 3374; x_wconf 91' lang='lat'><strong>,</strong></span> <span class='ocrx_word' id='word_1_418' title='bbox 1064 3309 1447 3376; x_wconf 69' lang='lat' dir='ltr'><strong>quadrupediu,</strong></span> <span class='ocrx_word' id='word_1_419' title='bbox 1488 3318 1533 3361; x_wconf 85' lang='lat' dir='ltr'><strong>et</strong></span> <span class='ocrx_word' id='word_1_420' title='bbox 1568 3309 1776 3376; x_wconf 77' lang='lat' dir='ltr'><strong>reptilia</strong></span> <span class='ocrx_word' id='word_1_421' title='bbox 1806 3323 1856 3363; x_wconf 87' lang='lat' dir='ltr'><strong>et</strong></span> <span class='ocrx_word' id='word_1_422' title='bbox 1889 3309 2082 3362; x_wconf 80' lang='lat' dir='ltr'><strong>bestias</strong></span> 
     </span>
    </p>
   </div>
   <div class='ocr_carea' id='block_1_58' title="bbox 503 3398 2080 3473">
    <p class='ocr_par' dir='ltr' id='par_1_58' title="bbox 503 3398 2080 3473">
     <span class='ocr_line' id='line_1_58' title="bbox 503 3398 2080 3473; baseline -0.003 -17"><span class='ocrx_word' id='word_1_423' title='bbox 503 3403 658 3473; x_wconf 77' lang='lat' dir='ltr'><strong>juxta</strong></span> <span class='ocrx_word' id='word_1_424' title='bbox 696 3419 875 3472; x_wconf 76' lang='lat' dir='ltr'><strong>genus.</strong></span> <span class='ocrx_word' id='word_1_425' title='bbox 917 3398 981 3453; x_wconf 83' lang='lat' dir='ltr'><strong>Et</strong></span> <span class='ocrx_word' id='word_1_426' title='bbox 1025 3399 1220 3468; x_wconf 75' lang='lat' dir='ltr'><strong>factum</strong></span> <span class='ocrx_word' id='word_1_427' title='bbox 1248 3412 1319 3454; x_wconf 71' lang='lat' dir='ltr'><strong>est</strong></span> <span class='ocrx_word' id='word_1_428' title='bbox 1351 3403 1426 3455; x_wconf 75' lang='lat' dir='ltr'><strong>sic</strong></span> <span class='ocrx_word' id='word_1_429' title='bbox 1460 3400 1526 3454; x_wconf 74' lang='grc'><strong>³⁸.</strong></span> <span class='ocrx_word' id='word_1_430' title='bbox 1561 3399 1720 3454; x_wconf 84' lang='lat' dir='ltr'><strong>Venit</strong></span> <span class='ocrx_word' id='word_1_431' title='bbox 1751 3413 2080 3470; x_wconf 58' lang='lat' dir='ltr'><strong>praceptum</strong></span> 
     </span>
    </p>
   </div>
   <div class='ocr_carea' id='block_1_59' title="bbox 508 3493 2082 3562">
    <p class='ocr_par' dir='ltr' id='par_1_59' title="bbox 508 3493 2082 3562">
     <span class='ocr_line' id='line_1_59' title="bbox 508 3493 2082 3562; baseline 0 -14"><span class='ocrx_word' id='word_1_432' title='bbox 508 3496 696 3548; x_wconf 87' lang='lat' dir='ltr'><strong>ordine</strong></span> <span class='ocrx_word' id='word_1_433' title='bbox 724 3493 1039 3562; x_wconf 81' lang='lat' dir='ltr'><strong>procedens.</strong></span> <span class='ocrx_word' id='word_1_434' title='bbox 1077 3503 1130 3546; x_wconf 91' lang='lat' dir='ltr'><strong>et</strong></span> <span class='ocrx_word' id='word_1_435' title='bbox 1157 3502 1299 3546; x_wconf 86' lang='lat' dir='ltr'><strong>terra</strong></span> <span class='ocrx_word' id='word_1_436' title='bbox 1329 3508 1539 3562; x_wconf 89' lang='lat' dir='ltr'><strong>quoque</strong></span> <span class='ocrx_word' id='word_1_437' title='bbox 1567 3494 1841 3562; x_wconf 90' lang='lat' dir='ltr'><strong>proprium</strong></span> <span class='ocrx_word' id='word_1_438' title='bbox 1869 3495 2082 3562; x_wconf 82' lang='lat' dir='ltr'><strong>accepit</strong></span> 
     </span>
    </p>
   </div>
   <div class='ocr_carea' id='block_1_60' title="bbox 506 3583 2075 3655">
    <p class='ocr_par' dir='ltr' id='par_1_60' title="bbox 506 3583 2075 3655">
     <span class='ocr_line' id='line_1_60' title="bbox 506 3583 2075 3655; baseline -0.003 -12"><span class='ocrx_word' id='word_1_439' title='bbox 506 3595 775 3643; x_wconf 86' lang='lat' dir='ltr'><strong>ornatum.</strong></span> <span class='ocrx_word' id='word_1_440' title='bbox 822 3583 955 3648; x_wconf 87' lang='lat' dir='ltr'><strong>Illic,</strong></span> <span class='ocrx_word' id='word_1_441' title='bbox 1003 3584 1305 3640; x_wconf 84' lang='lat' dir='ltr'><strong>Producaut</strong></span> <span class='ocrx_word' id='word_1_442' title='bbox 1337 3602 1484 3655; x_wconf 69' lang='lat' dir='ltr'><strong>aqua:</strong></span> <span class='ocrx_word' id='word_1_443' title='bbox 1525 3586 1731 3654; x_wconf 84' lang='lat' dir='ltr'><strong>reptilia</strong></span> <span class='ocrx_word' id='word_1_444' title='bbox 1774 3587 2075 3639; x_wconf 77' lang='lat' dir='ltr'><strong>animarum</strong></span> 
     </span>
    </p>
   </div>
   <div class='ocr_carea' id='block_1_61' title="bbox 506 3676 2077 3740">
    <p class='ocr_par' dir='ltr' id='par_1_61' title="bbox 506 3676 2077 3740">
     <span class='ocr_line' id='line_1_61' title="bbox 506 3676 2077 3740; baseline -0.001 -8"><span class='ocrx_word' id='word_1_445' title='bbox 506 3680 783 3733; x_wconf 80' lang='lat' dir='ltr'><strong>viventium</strong></span> <span class='ocrx_word' id='word_1_446' title='bbox 811 3680 855 3712; x_wconf 81' lang='grc'><strong>⁹⁹</strong></span> <span class='ocrx_word' id='word_1_447' title='bbox 885 3696 898 3732; x_wconf 88' lang='lat'><strong>:</strong></span> <span class='ocrx_word' id='word_1_448' title='bbox 929 3678 1033 3740; x_wconf 89' lang='lat' dir='ltr'><strong>hic,</strong></span> <span class='ocrx_word' id='word_1_449' title='bbox 1067 3676 1335 3730; x_wconf 79' lang='lat' dir='ltr'><strong>Producat</strong></span> <span class='ocrx_word' id='word_1_450' title='bbox 1364 3690 1502 3731; x_wconf 85' lang='lat' dir='ltr'><strong>terra</strong></span> <span class='ocrx_word' id='word_1_451' title='bbox 1533 3679 1766 3731; x_wconf 81' lang='lat' dir='ltr'><strong>animum</strong></span> <span class='ocrx_word' id='word_1_452' title='bbox 1805 3678 2077 3732; x_wconf 83' lang='lat' dir='ltr'><strong>viventem.</strong></span> 
     </span>
    </p>
   </div>
   <div class='ocr_carea' id='block_1_62' title="bbox 505 3766 2084 3840">
    <p class='ocr_par' dir='ltr' id='par_1_62' title="bbox 505 3766 2084 3840">
     <span class='ocr_line' id='line_1_62' title="bbox 505 3766 2084 3840; baseline -0.003 -14"><span class='ocrx_word' id='word_1_453' title='bbox 505 3770 758 3840; x_wconf 82' lang='lat' dir='ltr'><strong>Nunquid</strong></span> <span class='ocrx_word' id='word_1_454' title='bbox 804 3772 1039 3823; x_wconf 89' lang='lat' dir='ltr'><strong>animata</strong></span> <span class='ocrx_word' id='word_1_455' title='bbox 1088 3779 1171 3822; x_wconf 87' lang='lat' dir='ltr'><strong>est</strong></span> <span class='ocrx_word' id='word_1_456' title='bbox 1218 3769 1396 3823; x_wconf 84' lang='lat' dir='ltr'><strong>terra?</strong></span> <span class='ocrx_word' id='word_1_457' title='bbox 1438 3766 1629 3822; x_wconf 83' lang='lat' dir='ltr'><strong>Jamne</strong></span> <span class='ocrx_word' id='word_1_458' title='bbox 1662 3769 1836 3822; x_wconf 88' lang='lat' dir='ltr'><strong>locum</strong></span> <span class='ocrx_word' id='word_1_459' title='bbox 1884 3769 2084 3823; x_wconf 88' lang='lat' dir='ltr'><strong>habent</strong></span> 
     </span>
    </p>
   </div>
   <div class='ocr_carea' id='block_1_63' title="bbox 506 3858 2081 3929">
    <p class='ocr_par' dir='ltr' id='par_1_63' title="bbox 506 3858 2081 3929">
     <span class='ocr_line' id='line_1_63' title="bbox 506 3858 2081 3929; baseline -0.001 -15"><span class='ocrx_word' id='word_1_460' title='bbox 506 3861 831 3929; x_wconf 81' lang='lat' dir='ltr'><strong>desipientes</strong></span> <span class='ocrx_word' id='word_1_461' title='bbox 883 3860 1184 3924; x_wconf 73' lang='lat' dir='ltr'><strong>Manicbzei,</strong></span> <span class='ocrx_word' id='word_1_462' title='bbox 1227 3859 1317 3929; x_wconf 91' lang='lat' dir='ltr'><strong>qui</strong></span> <span class='ocrx_word' id='word_1_463' title='bbox 1367 3870 1524 3914; x_wconf 72' lang='lat' dir='ltr'><strong>terra:</strong></span> <span class='ocrx_word' id='word_1_464' title='bbox 1559 3858 1750 3912; x_wconf 89' lang='lat' dir='ltr'><strong>indunt</strong></span> <span class='ocrx_word' id='word_1_465' title='bbox 1795 3861 2081 3914; x_wconf 89' lang='lat' dir='ltr'><strong>animam?</strong></span> 
     </span>
    </p>
   </div>
   <div class='ocr_carea' id='block_1_64' title="bbox 507 3950 2080 4022">
    <p class='ocr_par' dir='ltr' id='par_1_64' title="bbox 507 3950 2080 4022">
     <span class='ocr_line' id='line_1_64' title="bbox 507 3950 2080 4022; baseline -0.001 -15"><span class='ocrx_word' id='word_1_466' title='bbox 507 3952 780 4022; x_wconf 78' lang='lat' dir='ltr'><strong>Nonquia</strong></span> <span class='ocrx_word' id='word_1_467' title='bbox 817 3953 950 4006; x_wconf 70' lang='lat' dir='ltr'><strong>dixit</strong></span> <span class='ocrx_word' id='word_1_468' title='bbox 999 3971 1011 4005; x_wconf 92' lang='lat'>:</span> <span class='ocrx_word' id='word_1_469' title='bbox 1063 3950 1352 4013; x_wconf 82' lang='lat' dir='ltr'><strong>Producut,</strong></span> <span class='ocrx_word' id='word_1_470' title='bbox 1384 3951 1434 4004; x_wconf 90' lang='lat' dir='ltr'><strong>id</strong></span> <span class='ocrx_word' id='word_1_471' title='bbox 1476 3953 1618 4020; x_wconf 91' lang='lat' dir='ltr'><strong>quod</strong></span> <span class='ocrx_word' id='word_1_472' title='bbox 1656 3953 1708 4004; x_wconf 94' lang='lat' dir='ltr'><strong>in</strong></span> <span class='ocrx_word' id='word_1_473' title='bbox 1759 3952 1873 4020; x_wconf 89' lang='lat' dir='ltr'><strong>ipsa</strong></span> <span class='ocrx_word' id='word_1_474' title='bbox 1917 3953 2080 4006; x_wconf 89' lang='lat' dir='ltr'><strong>situm</strong></span> 
     </span>
    </p>
   </div>
   <div class='ocr_carea' id='block_1_65' title="bbox 506 4043 2079 4113">
    <p class='ocr_par' dir='ltr' id='par_1_65' title="bbox 506 4043 2079 4113">
     <span class='ocr_line' id='line_1_65' title="bbox 506 4043 2079 4113; baseline -0.001 -14"><span class='ocrx_word' id='word_1_475' title='bbox 506 4054 646 4108; x_wconf 85' lang='lat' dir='ltr'><strong>erat,</strong></span> <span class='ocrx_word' id='word_1_476' title='bbox 674 4043 897 4113; x_wconf 88' lang='lat' dir='ltr'><strong>protulit</strong></span> <span class='ocrx_word' id='word_1_477' title='bbox 926 4062 940 4097; x_wconf 90' lang='lat'><strong>:</strong></span> <span class='ocrx_word' id='word_1_478' title='bbox 973 4043 1065 4098; x_wconf 89' lang='lat' dir='ltr'><strong>sed</strong></span> <span class='ocrx_word' id='word_1_479' title='bbox 1096 4045 1184 4109; x_wconf 92' lang='lat' dir='ltr'><strong>qni</strong></span> <span class='ocrx_word' id='word_1_480' title='bbox 1215 4053 1540 4113; x_wconf 73' lang='lat' dir='ltr'><strong>prmceptmn</strong></span> <span class='ocrx_word' id='word_1_481' title='bbox 1569 4044 1734 4105; x_wconf 86' lang='lat' dir='ltr'><strong>dedit,</strong></span> <span class='ocrx_word' id='word_1_482' title='bbox 1769 4045 1931 4097; x_wconf 87' lang='lat' dir='ltr'><strong>etiam</strong></span> <span class='ocrx_word' id='word_1_483' title='bbox 1975 4044 2079 4097; x_wconf 79' lang='lat' dir='ltr'><strong>vim</strong></span> 
     </span>
    </p>
   </div>
   <div class='ocr_carea' id='block_1_66' title="bbox 503 4134 2079 4206">
    <p class='ocr_par' dir='ltr' id='par_1_66' title="bbox 503 4134 2079 4206">
     <span class='ocr_line' id='line_1_66' title="bbox 503 4134 2079 4206; baseline -0.001 -14"><span class='ocrx_word' id='word_1_484' title='bbox 503 4149 559 4192; x_wconf 88' lang='lat' dir='ltr'><strong>et</strong></span> <span class='ocrx_word' id='word_1_485' title='bbox 605 4137 914 4191; x_wconf 78' lang='lat' dir='ltr'><strong>facultatem</strong></span> <span class='ocrx_word' id='word_1_486' title='bbox 958 4137 1284 4206; x_wconf 88' lang='lat' dir='ltr'><strong>producendi</strong></span> <span class='ocrx_word' id='word_1_487' title='bbox 1335 4137 1383 4191; x_wconf 93' lang='lat' dir='ltr'><strong>ei</strong></span> <span class='ocrx_word' id='word_1_488' title='bbox 1429 4137 1675 4191; x_wconf 89' lang='lat' dir='ltr'><strong>contulit.</strong></span> <span class='ocrx_word' id='word_1_489' title='bbox 1713 4134 1899 4205; x_wconf 87' lang='lat' dir='ltr'><strong>Neque</strong></span> <span class='ocrx_word' id='word_1_490' title='bbox 1937 4136 2079 4190; x_wconf 86' lang='lat' dir='ltr'><strong>enim</strong></span> 
     </span>
    </p>
   </div>
   <div class='ocr_carea' id='block_1_67' title="bbox 504 4224 2080 4295">
    <p class='ocr_par' dir='ltr' id='par_1_67' title="bbox 504 4224 2080 4295">
     <span class='ocr_line' id='line_1_67' title="bbox 504 4224 2080 4295; baseline -0.002 -12"><span class='ocrx_word' id='word_1_491' title='bbox 504 4245 628 4283; x_wconf 87' lang='lat' dir='ltr'><strong>cum</strong></span> <span class='ocrx_word' id='word_1_492' title='bbox 667 4228 870 4283; x_wconf 81' lang='lat' dir='ltr'><strong>audivit</strong></span> <span class='ocrx_word' id='word_1_493' title='bbox 904 4237 1068 4291; x_wconf 88' lang='lat' dir='ltr'><strong>terra,</strong></span> <span class='ocrx_word' id='word_1_494' title='bbox 1106 4224 1370 4280; x_wconf 83' lang='lat' dir='ltr'><strong>Germinet</strong></span> <span class='ocrx_word' id='word_1_495' title='bbox 1410 4227 1624 4279; x_wconf 86' lang='lat' dir='ltr'><strong>herbam</strong></span> <span class='ocrx_word' id='word_1_496' title='bbox 1655 4226 1763 4295; x_wconf 80' lang='lat' dir='ltr'><strong>[eui</strong></span> <span class='ocrx_word' id='word_1_497' title='bbox 1796 4238 1842 4280; x_wconf 85' lang='lat' dir='ltr'><strong>et</strong></span> <span class='ocrx_word' id='word_1_498' title='bbox 1882 4226 2080 4295; x_wconf 82' lang='lat' dir='ltr'><strong>lignum</strong></span> 
     </span>
    </p>
   </div>
   <div class='ocr_carea' id='block_1_68' title="bbox 503 4318 2080 4394">
    <p class='ocr_par' dir='ltr' id='par_1_68' title="bbox 503 4318 2080 4394">
     <span class='ocr_line' id='line_1_68' title="bbox 503 4318 2080 4394; baseline -0.001 -21"><span class='ocrx_word' id='word_1_499' title='bbox 503 4321 839 4394; x_wconf 69' lang='lat' dir='ltr'><strong>fructiferum</strong></span> <span class='ocrx_word' id='word_1_500' title='bbox 868 4321 909 4386; x_wconf 83' lang='grc'>¹,</span> <span class='ocrx_word' id='word_1_501' title='bbox 942 4319 1122 4374; x_wconf 80' lang='lat' dir='ltr'><strong>fenum</strong></span> <span class='ocrx_word' id='word_1_502' title='bbox 1167 4319 1308 4387; x_wconf 89' lang='lat' dir='ltr'><strong>quod</strong></span> <span class='ocrx_word' id='word_1_503' title='bbox 1349 4318 1488 4372; x_wconf 89' lang='lat' dir='ltr'><strong>inse</strong></span> <span class='ocrx_word' id='word_1_504' title='bbox 1532 4319 1866 4373; x_wconf 89' lang='lat' dir='ltr'><strong>reconditum</strong></span> <span class='ocrx_word' id='word_1_505' title='bbox 1917 4319 2080 4372; x_wconf 85' lang='lat' dir='ltr'><strong>habe-</strong></span> 
     </span>
    </p>
   </div>
   <div class='ocr_carea' id='block_1_69' title="bbox 2805 3031 3166 3088">
    <p class='ocr_par' dir='ltr' id='par_1_69' title="bbox 2805 3031 3166 3088">
     <span class='ocr_line' id='line_1_69' title="bbox 2805 3031 3166 3088; baseline -0.006 0"><span class='ocrx_word' id='word_1_506' title='bbox 2805 3031 3045 3088; x_wconf 84' lang='lat' dir='ltr'><strong>OMlAIA</strong></span> <span class='ocrx_word' id='word_1_507' title='bbox 3084 3032 3166 3087; x_wconf 84' lang='lat' dir='ltr'><strong>H&#39;.</strong></span> 
     </span>
    </p>
   </div>
   <div class='ocr_carea' id='block_1_70' title="bbox 2488 3126 3483 3201">
    <p class='ocr_par' dir='ltr' id='par_1_70' title="bbox 2488 3126 3483 3201">
     <span class='ocr_line' id='line_1_70' title="bbox 2488 3126 3483 3201; baseline 0.006 -21"><span class='ocrx_word' id='word_1_508' title='bbox 2488 3128 2626 3196; x_wconf 77' lang='grc' dir='ltr'>Περὶ</span> <span class='ocrx_word' id='word_1_509' title='bbox 2666 3126 2910 3196; x_wconf 79' lang='grc' dir='ltr'>πτηνῶν</span> <span class='ocrx_word' id='word_1_510' title='bbox 2937 3129 3033 3181; x_wconf 79' lang='grc' dir='ltr'>καὶ</span> <span class='ocrx_word' id='word_1_511' title='bbox 3060 3129 3326 3198; x_wconf 76' lang='grc' dir='ltr'>ἐνύδρων</span> <span class='ocrx_word' id='word_1_512' title='bbox 3353 3130 3483 3201; x_wconf 76' lang='lat' dir='ltr'><strong>(3i).</strong></span> 
     </span>
    </p>
   </div>
   <div class='ocr_carea' id='block_1_71' title="bbox 2259 3208 3767 3292">
    <p class='ocr_par' dir='ltr' id='par_1_71' title="bbox 2259 3208 3767 3292">
     <span class='ocr_line' id='line_1_71' title="bbox 2259 3208 3767 3292; baseline 0.005 -20"><span class='ocrx_word' id='word_1_513' title='bbox 2259 3220 2308 3274; x_wconf 79' lang='grc'>1.</span> <span class='ocrx_word' id='word_1_514' title='bbox 2346 3220 2451 3275; x_wconf 81' lang='grc' dir='ltr'><strong>Καὶ</strong></span> <span class='ocrx_word' id='word_1_515' title='bbox 2482 3215 2653 3274; x_wconf 77' lang='grc' dir='ltr'>εἶπεν</span> <span class='ocrx_word' id='word_1_516' title='bbox 2699 3225 2731 3276; x_wconf 86' lang='grc' dir='ltr'><strong>ό</strong></span> <span class='ocrx_word' id='word_1_517' title='bbox 2768 3221 2911 3285; x_wconf 84' lang='grc' dir='ltr'>Θεός</span> <span class='ocrx_word' id='word_1_518' title='bbox 2936 3237 2949 3250; x_wconf 91' lang='grc'><strong>·</strong></span> <span class='ocrx_word' id='word_1_519' title='bbox 2987 3220 3356 3291; x_wconf 74' lang='grc' dir='ltr'>Ἐξαγαγέτω</span> <span class='ocrx_word' id='word_1_520' title='bbox 3386 3224 3423 3290; x_wconf 76' lang='grc' dir='ltr'><strong>η</strong></span> <span class='ocrx_word' id='word_1_521' title='bbox 3450 3223 3526 3292; x_wconf 78' lang='grc' dir='ltr'>γῆ</span> <span class='ocrx_word' id='word_1_522' title='bbox 3558 3208 3767 3292; x_wconf 47' lang='grc' dir='ltr'><strong>ψυᾷὴν</strong></span> 
     </span>
    </p>
   </div>
   <div class='ocr_carea' id='block_1_72' title="bbox 2188 3312 3761 3384">
    <p class='ocr_par' dir='ltr' id='par_1_72' title="bbox 2188 3312 3761 3384">
     <span class='ocr_line' id='line_1_72' title="bbox 2188 3312 3761 3384; baseline 0.002 -19"><span class='ocrx_word' id='word_1_523' title='bbox 2188 3312 2383 3375; x_wconf 73' lang='grc' dir='ltr'>ζῶσαν</span> <span class='ocrx_word' id='word_1_524' title='bbox 2432 3313 2583 3366; x_wconf 83' lang='grc' dir='ltr'>κατὰ</span> <span class='ocrx_word' id='word_1_525' title='bbox 2642 3312 2836 3383; x_wconf 76' lang='grc' dir='ltr'>γένος,</span> <span class='ocrx_word' id='word_1_526' title='bbox 2886 3314 3216 3382; x_wconf 81' lang='grc' dir='ltr'>τετράποδα</span> <span class='ocrx_word' id='word_1_527' title='bbox 3269 3314 3366 3370; x_wconf 81' lang='grc' dir='ltr'><strong>καί</strong></span> <span class='ocrx_word' id='word_1_528' title='bbox 3416 3315 3632 3384; x_wconf 78' lang='grc' dir='ltr'>ἑρπετὰ</span> <span class='ocrx_word' id='word_1_529' title='bbox 3667 3318 3761 3369; x_wconf 74' lang='grc' dir='ltr'><strong>καί</strong></span> 
     </span>
    </p>
   </div>
   <div class='ocr_carea' id='block_1_73' title="bbox 2185 3403 3765 3476">
    <p class='ocr_par' dir='ltr' id='par_1_73' title="bbox 2185 3403 3765 3476">
     <span class='ocr_line' id='line_1_73' title="bbox 2185 3403 3765 3476; baseline 0 -16"><span class='ocrx_word' id='word_1_530' title='bbox 2185 3405 2362 3473; x_wconf 81' lang='grc' dir='ltr'>θηρία</span> <span class='ocrx_word' id='word_1_531' title='bbox 2422 3404 2569 3458; x_wconf 84' lang='grc' dir='ltr'>κατὰ</span> <span class='ocrx_word' id='word_1_532' title='bbox 2624 3403 2816 3474; x_wconf 76' lang='grc' dir='ltr'>γένος.</span> <span class='ocrx_word' id='word_1_533' title='bbox 2847 3406 2953 3460; x_wconf 77' lang='grc' dir='ltr'><strong>Καὶ</strong></span> <span class='ocrx_word' id='word_1_534' title='bbox 2992 3404 3228 3476; x_wconf 80' lang='grc' dir='ltr'>ἐγένετο</span> <span class='ocrx_word' id='word_1_535' title='bbox 3262 3407 3467 3472; x_wconf 82' lang='grc' dir='ltr'>οὕτως.</span> <span class='ocrx_word' id='word_1_536' title='bbox 3507 3403 3674 3460; x_wconf 85' lang='grc' dir='ltr'>Ἦλθε</span> <span class='ocrx_word' id='word_1_537' title='bbox 3705 3409 3765 3461; x_wconf 79' lang='grc' dir='ltr'><strong>τὺ</strong></span> 
     </span>
    </p>
   </div>
   <div class='ocr_carea' id='block_1_74' title="bbox 2186 3495 3763 3568">
    <p class='ocr_par' dir='ltr' id='par_1_74' title="bbox 2186 3495 3763 3568">
     <span class='ocr_line' id='line_1_74' title="bbox 2186 3495 3763 3568; baseline -0.001 -18"><span class='ocrx_word' id='word_1_538' title='bbox 2186 3496 2517 3568; x_wconf 84' lang='grc' dir='ltr'>πρόσταγμα</span> <span class='ocrx_word' id='word_1_539' title='bbox 2547 3496 2650 3567; x_wconf 84' lang='grc' dir='ltr'><strong>ὁδῷ</strong></span> <span class='ocrx_word' id='word_1_540' title='bbox 2685 3495 2919 3567; x_wconf 77' lang='grc' dir='ltr'>βαδίζον,</span> <span class='ocrx_word' id='word_1_541' title='bbox 2951 3499 3044 3551; x_wconf 77' lang='grc' dir='ltr'>καὶ</span> <span class='ocrx_word' id='word_1_542' title='bbox 3089 3496 3328 3550; x_wconf 77' lang='grc' dir='ltr'>ἀπέλαϐε</span> <span class='ocrx_word' id='word_1_543' title='bbox 3359 3497 3452 3550; x_wconf 74' lang='grc' dir='ltr'>καὶ</span> <span class='ocrx_word' id='word_1_544' title='bbox 3492 3496 3525 3568; x_wconf 82' lang='grc' dir='ltr'><strong>ἡ</strong></span> <span class='ocrx_word' id='word_1_545' title='bbox 3565 3496 3637 3566; x_wconf 86' lang='grc' dir='ltr'>γῆ</span> <span class='ocrx_word' id='word_1_546' title='bbox 3674 3498 3763 3550; x_wconf 78' lang='grc' dir='ltr'>τὸν</span> 
     </span>
    </p>
   </div>
   <div class='ocr_carea' id='block_1_75' title="bbox 2186 3586 3763 3657">
    <p class='ocr_par' dir='ltr' id='par_1_75' title="bbox 2186 3586 3763 3657">
     <span class='ocr_line' id='line_1_75' title="bbox 2186 3586 3763 3657; baseline 0.003 -19"><span class='ocrx_word' id='word_1_547' title='bbox 2186 3586 2313 3640; x_wconf 76' lang='grc' dir='ltr'>ἴδιον</span> <span class='ocrx_word' id='word_1_548' title='bbox 2341 3586 2562 3657; x_wconf 83' lang='grc' dir='ltr'>κόσμον.</span> <span class='ocrx_word' id='word_1_549' title='bbox 2608 3587 2772 3649; x_wconf 86' lang='grc' dir='ltr'>Ἐκεῖ,</span> <span class='ocrx_word' id='word_1_550' title='bbox 2814 3586 3174 3657; x_wconf 66' lang='grc' dir='ltr'>Ἐξαγαγέτω</span> <span class='ocrx_word' id='word_1_551' title='bbox 3206 3587 3278 3640; x_wconf 79' lang='grc' dir='ltr'>τὰ</span> <span class='ocrx_word' id='word_1_552' title='bbox 3324 3587 3510 3640; x_wconf 80' lang='grc' dir='ltr'>ὕδατα</span> <span class='ocrx_word' id='word_1_553' title='bbox 3550 3587 3763 3656; x_wconf 77' lang='grc' dir='ltr'>ἑρπετὰ</span> 
     </span>
    </p>
   </div>
   <div class='ocr_carea' id='block_1_76' title="bbox 2182 3671 3762 3753">
    <p class='ocr_par' dir='ltr' id='par_1_76' title="bbox 2182 3671 3762 3753">
     <span class='ocr_line' id='line_1_76' title="bbox 2182 3671 3762 3753; baseline 0.003 -22"><span class='ocrx_word' id='word_1_554' title='bbox 2182 3677 2401 3747; x_wconf 68' lang='grc' dir='ltr'>ψυχῶν</span> <span class='ocrx_word' id='word_1_555' title='bbox 2453 3675 2684 3738; x_wconf 77' lang='grc' dir='ltr'>ζωσῶν·</span> <span class='ocrx_word' id='word_1_556' title='bbox 2723 3671 2825 3732; x_wconf 83' lang='grc' dir='ltr'>ὧδε</span> <span class='ocrx_word' id='word_1_557' title='bbox 2857 3719 2871 3743; x_wconf 91' lang='grc'><strong>,</strong></span> <span class='ocrx_word' id='word_1_558' title='bbox 2909 3679 3277 3750; x_wconf 78' lang='grc' dir='ltr'>Ἐξαγαγέτω</span> <span class='ocrx_word' id='word_1_559' title='bbox 3333 3680 3371 3748; x_wconf 80' lang='grc' dir='ltr'><strong><em>ἡ</em></strong></span> <span class='ocrx_word' id='word_1_560' title='bbox 3425 3680 3501 3752; x_wconf 81' lang='grc' dir='ltr'>γῆ</span> <span class='ocrx_word' id='word_1_561' title='bbox 3551 3683 3762 3753; x_wconf 73' lang='grc' dir='ltr'>ψυχὴν</span> 
     </span>
    </p>
   </div>
   <div class='ocr_carea' id='block_1_77' title="bbox 2183 3769 3760 3846">
    <p class='ocr_par' dir='ltr' id='par_1_77' title="bbox 2183 3769 3760 3846">
     <span class='ocr_line' id='line_1_77' title="bbox 2183 3769 3760 3846; baseline 0.004 -23"><span class='ocrx_word' id='word_1_562' title='bbox 2183 3769 2398 3830; x_wconf 79' lang='grc' dir='ltr'>ζῶσαν.</span> <span class='ocrx_word' id='word_1_563' title='bbox 2419 3771 2701 3842; x_wconf 78' lang='grc' dir='ltr'>Ἔμψυχος</span> <span class='ocrx_word' id='word_1_564' title='bbox 2744 3773 2850 3843; x_wconf 82' lang='grc' dir='ltr'>ἄρα</span> <span class='ocrx_word' id='word_1_565' title='bbox 2894 3773 2926 3842; x_wconf 79' lang='grc' dir='ltr'><strong>ἡ</strong></span> <span class='ocrx_word' id='word_1_566' title='bbox 2971 3773 3077 3842; x_wconf 84' lang='grc' dir='ltr'><strong>γῆ;</strong></span> <span class='ocrx_word' id='word_1_567' title='bbox 3122 3775 3216 3827; x_wconf 76' lang='grc' dir='ltr'>καὶ</span> <span class='ocrx_word' id='word_1_568' title='bbox 3245 3772 3428 3845; x_wconf 86' lang='grc' dir='ltr'>χώραν</span> <span class='ocrx_word' id='word_1_569' title='bbox 3461 3774 3672 3846; x_wconf 82' lang='grc' dir='ltr'>ἔχουσιν</span> <span class='ocrx_word' id='word_1_570' title='bbox 3710 3778 3760 3830; x_wconf 72' lang='grc' dir='ltr'><strong>οἱ</strong></span> 
     </span>
    </p>
   </div>
   <div class='ocr_carea' id='block_1_78' title="bbox 2186 3863 3754 3936">
    <p class='ocr_par' dir='ltr' id='par_1_78' title="bbox 2186 3863 3754 3936">
     <span class='ocr_line' id='line_1_78' title="bbox 2186 3863 3754 3936; baseline 0.008 -22"><span class='ocrx_word' id='word_1_571' title='bbox 2186 3863 2580 3934; x_wconf 75' lang='grc' dir='ltr'>ματαιόφρονες</span> <span class='ocrx_word' id='word_1_572' title='bbox 2613 3865 2925 3934; x_wconf 86' lang='grc' dir='ltr'>Μανιχαῖοι,</span> <span class='ocrx_word' id='word_1_573' title='bbox 2979 3864 3156 3935; x_wconf 79' lang='grc' dir='ltr'>ψυχήν</span> <span class='ocrx_word' id='word_1_574' title='bbox 3208 3864 3503 3928; x_wconf 83' lang='grc' dir='ltr'>ἐντιθέντες</span> <span class='ocrx_word' id='word_1_575' title='bbox 3536 3868 3600 3936; x_wconf 79' lang='grc' dir='ltr'><strong>τῇ</strong></span> <span class='ocrx_word' id='word_1_576' title='bbox 3640 3869 3708 3936; x_wconf 78' lang='grc' dir='ltr'>γῇ</span> <span class='ocrx_word' id='word_1_577' title='bbox 3741 3884 3754 3927; x_wconf 73' lang='grc' dir='ltr'>ς</span> 
     </span>
    </p>
   </div>
   <div class='ocr_carea' id='block_1_79' title="bbox 2183 3951 3758 4029">
    <p class='ocr_par' dir='ltr' id='par_1_79' title="bbox 2183 3951 3758 4029">
     <span class='ocr_line' id='line_1_79' title="bbox 2183 3951 3758 4029; baseline 0.003 -22"><span class='ocrx_word' id='word_1_578' title='bbox 2183 3955 2296 4009; x_wconf 78' lang='grc' dir='ltr'>Οὐκ</span> <span class='ocrx_word' id='word_1_579' title='bbox 2345 3955 2532 4026; x_wconf 81' lang='grc' dir='ltr'>ἐπειδὴ</span> <span class='ocrx_word' id='word_1_580' title='bbox 2577 3951 2751 4020; x_wconf 73' lang='grc' dir='ltr'>εἷπεν,</span> <span class='ocrx_word' id='word_1_581' title='bbox 2798 3955 3183 4026; x_wconf 67' lang='grc' dir='ltr'>Ἐξαῖαγέτω,</span> <span class='ocrx_word' id='word_1_582' title='bbox 3233 3955 3292 4009; x_wconf 81' lang='grc' dir='ltr'>τὸ</span> <span class='ocrx_word' id='word_1_583' title='bbox 3340 3958 3758 4029; x_wconf 85' lang='grc' dir='ltr'>ἐναποκείμενον</span> 
     </span>
    </p>
   </div>
   <div class='ocr_carea' id='block_1_80' title="bbox 2181 4045 3755 4121">
    <p class='ocr_par' dir='ltr' id='par_1_80' title="bbox 2181 4045 3755 4121">
     <span class='ocr_line' id='line_1_80' title="bbox 2181 4045 3755 4121; baseline 0.002 -21"><span class='ocrx_word' id='word_1_584' title='bbox 2181 4045 2318 4117; x_wconf 80' lang='grc' dir='ltr'>αὐτῇ</span> <span class='ocrx_word' id='word_1_585' title='bbox 2368 4048 2738 4118; x_wconf 86' lang='grc' dir='ltr'>προήνεγκεν·</span> <span class='ocrx_word' id='word_1_586' title='bbox 2792 4047 2905 4101; x_wconf 84' lang='grc' dir='ltr'>ἀλλ’</span> <span class='ocrx_word' id='word_1_587' title='bbox 2950 4052 2977 4101; x_wconf 89' lang='grc' dir='ltr'><strong>ό</strong></span> <span class='ocrx_word' id='word_1_588' title='bbox 3019 4048 3140 4111; x_wconf 79' lang='grc' dir='ltr'>δοὺς</span> <span class='ocrx_word' id='word_1_589' title='bbox 3183 4049 3244 4100; x_wconf 83' lang='grc' dir='ltr'>τὸ</span> <span class='ocrx_word' id='word_1_590' title='bbox 3290 4049 3611 4121; x_wconf 79' lang='grc' dir='ltr'>πρόσταγμα</span> <span class='ocrx_word' id='word_1_591' title='bbox 3663 4051 3755 4103; x_wconf 72' lang='grc' dir='ltr'>καὶ</span> 
     </span>
    </p>
   </div>
   <div class='ocr_carea' id='block_1_81' title="bbox 2180 4136 3752 4213">
    <p class='ocr_par' dir='ltr' id='par_1_81' title="bbox 2180 4136 3752 4213">
     <span class='ocr_line' id='line_1_81' title="bbox 2180 4136 3752 4213; baseline 0.003 -24"><span class='ocrx_word' id='word_1_592' title='bbox 2180 4138 2280 4208; x_wconf 84' lang='grc' dir='ltr'>τὴν</span> <span class='ocrx_word' id='word_1_593' title='bbox 2313 4137 2406 4190; x_wconf 81' lang='grc' dir='ltr'><strong>τοῦ</strong></span> <span class='ocrx_word' id='word_1_594' title='bbox 2463 4138 2751 4208; x_wconf 77' lang='grc' dir='ltr'>ἐξαγαγεῖν</span> <span class='ocrx_word' id='word_1_595' title='bbox 2803 4141 2939 4211; x_wconf 78' lang='grc' dir='ltr'>αὐτῇ</span> <span class='ocrx_word' id='word_1_596' title='bbox 2993 4136 3218 4210; x_wconf 81' lang='grc' dir='ltr'>δύναμιν</span> <span class='ocrx_word' id='word_1_597' title='bbox 3269 4141 3574 4213; x_wconf 82' lang='grc' dir='ltr'>ἐχαρίσατο.</span> <span class='ocrx_word' id='word_1_598' title='bbox 3619 4140 3752 4195; x_wconf 73' lang='grc' dir='ltr'>Οὔτε</span> 
     </span>
    </p>
   </div>
   <div class='ocr_carea' id='block_1_82' title="bbox 2179 4230 3751 4305">
    <p class='ocr_par' dir='ltr' id='par_1_82' title="bbox 2179 4230 3751 4305">
     <span class='ocr_line' id='line_1_82' title="bbox 2179 4230 3751 4305; baseline 0.002 -22"><span class='ocrx_word' id='word_1_599' title='bbox 2179 4230 2406 4304; x_wconf 80' lang='grc' dir='ltr'>γὰρότε</span> <span class='ocrx_word' id='word_1_600' title='bbox 2433 4233 2664 4303; x_wconf 83' lang='grc' dir='ltr'>ήκουσεν</span> <span class='ocrx_word' id='word_1_601' title='bbox 2697 4235 2730 4305; x_wconf 89' lang='grc' dir='ltr'><strong>ή</strong></span> <span class='ocrx_word' id='word_1_602' title='bbox 2776 4233 2869 4305; x_wconf 83' lang='grc' dir='ltr'>γῆ,</span> <span class='ocrx_word' id='word_1_603' title='bbox 2902 4232 3315 4300; x_wconf 80' lang='grc' dir='ltr'>Βλαστησάτω</span> <span class='ocrx_word' id='word_1_604' title='bbox 3336 4233 3610 4300; x_wconf 77' lang='grc' dir='ltr'>βοτάνην</span> <span class='ocrx_word' id='word_1_605' title='bbox 3643 4236 3751 4301; x_wconf 72' lang='lat'><strong>(32)</strong></span> 
     </span>
    </p>
   </div>
   <div class='ocr_carea' id='block_1_83' title="bbox 2181 4322 3751 4395">
    <p class='ocr_par' dir='ltr' id='par_1_83' title="bbox 2181 4322 3751 4395">
     <span class='ocr_line' id='line_1_83' title="bbox 2181 4322 3751 4395; baseline 0.001 -20"><span class='ocrx_word' id='word_1_606' title='bbox 2181 4325 2397 4391; x_wconf 81' lang='grc' dir='ltr'>χόρτου</span> <span class='ocrx_word' id='word_1_607' title='bbox 2420 4323 2517 4376; x_wconf 79' lang='grc' dir='ltr'><strong>καί</strong></span> <span class='ocrx_word' id='word_1_608' title='bbox 2559 4323 2748 4388; x_wconf 77' lang='grc' dir='ltr'>ξύλον</span> <span class='ocrx_word' id='word_1_609' title='bbox 2778 4322 3074 4393; x_wconf 78' lang='grc' dir='ltr'>κάρπιμον</span> <span class='ocrx_word' id='word_1_610' title='bbox 3095 4365 3108 4388; x_wconf 93' lang='grc'><strong>,</strong></span> <span class='ocrx_word' id='word_1_611' title='bbox 3151 4325 3527 4395; x_wconf 85' lang='grc' dir='ltr'>κεκρυμμένον</span> <span class='ocrx_word' id='word_1_612' title='bbox 3558 4323 3751 4394; x_wconf 78' lang='grc' dir='ltr'>ἔχουσα</span> 
     </span>
    </p>
   </div>
   <div class='ocr_carea' id='block_1_84' title="bbox 501 4409 2089 4490">
    <p class='ocr_par' dir='ltr' id='par_1_84' title="bbox 501 4412 2072 4482">
     <span class='ocr_line' id='line_1_84' title="bbox 501 4412 2072 4482; baseline -0.003 -13"><span class='ocrx_word' id='word_1_613' title='bbox 501 4418 614 4478; x_wconf 82' lang='lat' dir='ltr'><strong>bat,</strong></span> <span class='ocrx_word' id='word_1_614' title='bbox 642 4415 896 4482; x_wconf 82' lang='lat' dir='ltr'><strong>protulit;</strong></span> <span class='ocrx_word' id='word_1_615' title='bbox 932 4426 1106 4481; x_wconf 88' lang='lat' dir='ltr'><strong>neque</strong></span> <span class='ocrx_word' id='word_1_616' title='bbox 1143 4412 1396 4480; x_wconf 88' lang='lat' dir='ltr'><strong>palmam,</strong></span> <span class='ocrx_word' id='word_1_617' title='bbox 1431 4421 1520 4464; x_wconf 90' lang='lat' dir='ltr'><strong>aut</strong></span> <span class='ocrx_word' id='word_1_618' title='bbox 1550 4421 1830 4479; x_wconf 87' lang='lat' dir='ltr'><strong>quercum,</strong></span> <span class='ocrx_word' id='word_1_619' title='bbox 1859 4421 1950 4464; x_wconf 88' lang='lat' dir='ltr'><strong>aut</strong></span> <span class='ocrx_word' id='word_1_620' title='bbox 1975 4427 2072 4466; x_wconf 90' lang='lat' dir='ltr'><strong>cu-</strong></span> 
     </span>
    </p>
   </div>
   <div class='ocr_carea' id='block_1_85' title="bbox 2189 4409 3748 4490">
    <p class='ocr_par' dir='ltr' id='par_1_85' title="bbox 2189 4415 3748 4490">
     <span class='ocr_line' id='line_1_85' title="bbox 2189 4415 3748 4490; baseline 0.005 -22"><span class='ocrx_word' id='word_1_621' title='bbox 2189 4415 2265 4470; x_wconf 82' lang='grc' dir='ltr'>ιὸν</span> <span class='ocrx_word' id='word_1_622' title='bbox 2294 4417 2485 4490; x_wconf 90' lang='grc' dir='ltr'>χόρτον</span> <span class='ocrx_word' id='word_1_623' title='bbox 2515 4417 2804 4488; x_wconf 80' lang='grc' dir='ltr'>ἐξήνεγκεν</span> <span class='ocrx_word' id='word_1_624' title='bbox 2824 4434 2838 4448; x_wconf 82' lang='grc'><em>’</em></span> <span class='ocrx_word' id='word_1_625' title='bbox 2860 4418 2979 4470; x_wconf 78' lang='grc' dir='ltr'>οὐδέ</span> <span class='ocrx_word' id='word_1_626' title='bbox 3007 4417 3096 4470; x_wconf 80' lang='grc' dir='ltr'>τὸν</span> <span class='ocrx_word' id='word_1_627' title='bbox 3138 4417 3373 4486; x_wconf 80' lang='grc' dir='ltr'>φοίνικα,</span> <span class='ocrx_word' id='word_1_628' title='bbox 3403 4418 3435 4490; x_wconf 84' lang='grc' dir='ltr'>ἢ</span> <span class='ocrx_word' id='word_1_629' title='bbox 3474 4418 3572 4490; x_wconf 80' lang='grc' dir='ltr'>τὴν</span> <span class='ocrx_word' id='word_1_630' title='bbox 3599 4419 3748 4490; x_wconf 71' lang='grc' dir='ltr'>δρῦν.</span> 
     </span>
    </p>
   </div>
   <div class='ocr_carea' id='block_1_86' title="bbox 501 4503 2110 4578">
    <p class='ocr_par' dir='ltr' id='par_1_86' title="bbox 501 4503 2110 4578">
     <span class='ocr_line' id='line_1_86' title="bbox 501 4503 2110 4578; baseline -0.002 -18"><span class='ocrx_word' id='word_1_631' title='bbox 501 4522 771 4578; x_wconf 89' lang='lat' dir='ltr'><strong>pressum,</strong></span> <span class='ocrx_word' id='word_1_632' title='bbox 807 4508 861 4560; x_wconf 91' lang='lat' dir='ltr'><strong>in</strong></span> <span class='ocrx_word' id='word_1_633' title='bbox 895 4506 1003 4559; x_wconf 90' lang='lat' dir='ltr'><strong>ima</strong></span> <span class='ocrx_word' id='word_1_634' title='bbox 1034 4505 1286 4574; x_wconf 84' lang='lat' dir='ltr'><strong>quapiam</strong></span> <span class='ocrx_word' id='word_1_635' title='bbox 1319 4505 1400 4559; x_wconf 90' lang='lat' dir='ltr'><strong>sui</strong></span> <span class='ocrx_word' id='word_1_636' title='bbox 1429 4505 1564 4558; x_wconf 90' lang='lat' dir='ltr'><strong>uteri</strong></span> <span class='ocrx_word' id='word_1_637' title='bbox 1597 4511 1750 4574; x_wconf 89' lang='lat' dir='ltr'><strong>parte</strong></span> <span class='ocrx_word' id='word_1_638' title='bbox 1777 4503 2071 4568; x_wconf 88' lang='lat' dir='ltr'><strong>occultata,</strong></span> <span class='ocrx_word' id='word_1_639' title='bbox 2108 4538 2110 4540; x_wconf 97' lang='lat'><strong><em>-</em></strong></span> 
     </span>
    </p>
   </div>
   <div class='ocr_carea' id='block_1_87' title="bbox 505 4596 2074 4668">
    <p class='ocr_par' dir='ltr' id='par_1_87' title="bbox 505 4596 2074 4668">
     <span class='ocr_line' id='line_1_87' title="bbox 505 4596 2074 4668; baseline -0.004 -15"><span class='ocrx_word' id='word_1_640' title='bbox 505 4609 658 4654; x_wconf 80' lang='lat' dir='ltr'><strong>extra</strong></span> <span class='ocrx_word' id='word_1_641' title='bbox 683 4597 1024 4668; x_wconf 81' lang='lat' dir='ltr'><strong>superﬁciem</strong></span> <span class='ocrx_word' id='word_1_642' title='bbox 1049 4597 1234 4651; x_wconf 79' lang='lat' dir='ltr'><strong>eduxit</strong></span> <span class='ocrx_word' id='word_1_643' title='bbox 1260 4615 1272 4651; x_wconf 91' lang='lat'>:</span> <span class='ocrx_word' id='word_1_644' title='bbox 1300 4602 1394 4650; x_wconf 87' lang='lat' dir='ltr'><strong>sed</strong></span> <span class='ocrx_word' id='word_1_645' title='bbox 1424 4596 1637 4649; x_wconf 86' lang='lat' dir='ltr'><strong>divinus</strong></span> <span class='ocrx_word' id='word_1_646' title='bbox 1663 4608 1861 4658; x_wconf 81' lang='lat' dir='ltr'><strong>sermo,</strong></span> <span class='ocrx_word' id='word_1_647' title='bbox 1888 4609 2074 4648; x_wconf 91' lang='lat' dir='ltr'><strong>eorum</strong></span> 
     </span>
    </p>
   </div>
   <div class='ocr_carea' id='block_1_88' title="bbox 501 4687 2074 4764">
    <p class='ocr_par' dir='ltr' id='par_1_88' title="bbox 501 4687 2074 4764">
     <span class='ocr_line' id='line_1_88' title="bbox 501 4687 2074 4764; baseline -0.005 -17"><span class='ocrx_word' id='word_1_648' title='bbox 501 4710 621 4764; x_wconf 73' lang='lat' dir='ltr'><strong>qua:</strong></span> <span class='ocrx_word' id='word_1_649' title='bbox 641 4693 770 4747; x_wconf 80' lang='lat' dir='ltr'><strong>fiunt</strong></span> <span class='ocrx_word' id='word_1_650' title='bbox 789 4703 978 4746; x_wconf 84' lang='lat' dir='ltr'><strong>natura</strong></span> <span class='ocrx_word' id='word_1_651' title='bbox 1002 4701 1101 4746; x_wconf 92' lang='lat' dir='ltr'><strong>est.</strong></span> <span class='ocrx_word' id='word_1_652' title='bbox 1119 4689 1379 4745; x_wconf 82' lang='lat' dir='ltr'><strong>Germinet</strong></span> <span class='ocrx_word' id='word_1_653' title='bbox 1405 4700 1544 4742; x_wconf 88' lang='lat' dir='ltr'><strong>terra</strong></span> <span class='ocrx_word' id='word_1_654' title='bbox 1559 4705 1578 4754; x_wconf 92' lang='lat'><strong><em>;</em></strong></span> <span class='ocrx_word' id='word_1_655' title='bbox 1603 4704 1705 4744; x_wconf 90' lang='lat' dir='ltr'><strong>non</strong></span> <span class='ocrx_word' id='word_1_656' title='bbox 1728 4687 1870 4757; x_wconf 92' lang='lat' dir='ltr'><strong>quod</strong></span> <span class='ocrx_word' id='word_1_657' title='bbox 1895 4688 2074 4752; x_wconf 85' lang='lat' dir='ltr'><strong>habet,</strong></span> 
     </span>
    </p>
   </div>
   <div class='ocr_carea' id='block_1_89' title="bbox 499 4779 2076 4853">
    <p class='ocr_par' dir='ltr' id='par_1_89' title="bbox 499 4779 2076 4853">
     <span class='ocr_line' id='line_1_89' title="bbox 499 4779 2076 4853; baseline -0.006 -12"><span class='ocrx_word' id='word_1_658' title='bbox 499 4788 662 4841; x_wconf 88' lang='lat' dir='ltr'><strong>edat:</strong></span> <span class='ocrx_word' id='word_1_659' title='bbox 697 4785 789 4840; x_wconf 88' lang='lat' dir='ltr'><strong>sed</strong></span> <span class='ocrx_word' id='word_1_660' title='bbox 814 4785 956 4853; x_wconf 91' lang='lat' dir='ltr'><strong>quod</strong></span> <span class='ocrx_word' id='word_1_661' title='bbox 997 4799 1100 4837; x_wconf 91' lang='lat' dir='ltr'><strong>non</strong></span> <span class='ocrx_word' id='word_1_662' title='bbox 1135 4784 1315 4847; x_wconf 85' lang='lat' dir='ltr'><strong>habet,</strong></span> <span class='ocrx_word' id='word_1_663' title='bbox 1348 4782 1614 4851; x_wconf 84' lang='lat' dir='ltr'><strong>acquirat,</strong></span> <span class='ocrx_word' id='word_1_664' title='bbox 1640 4779 2076 4849; x_wconf 85' lang='lat' dir='ltr'><strong>quandoquidem</strong></span> 
     </span>
    </p>
   </div>
   <div class='ocr_carea' id='block_1_90' title="bbox 501 4867 2076 4944">
    <p class='ocr_par' dir='ltr' id='par_1_90' title="bbox 501 4867 2076 4944">
     <span class='ocr_line' id='line_1_90' title="bbox 501 4867 2076 4944; baseline -0.005 -15"><span class='ocrx_word' id='word_1_665' title='bbox 501 4876 642 4930; x_wconf 87' lang='lat' dir='ltr'><strong>Deus</strong></span> <span class='ocrx_word' id='word_1_666' title='bbox 676 4875 866 4944; x_wconf 82' lang='lat' dir='ltr'><strong>agendi</strong></span> <span class='ocrx_word' id='word_1_667' title='bbox 892 4883 948 4927; x_wconf 92' lang='lat' dir='ltr'><strong>et</strong></span> <span class='ocrx_word' id='word_1_668' title='bbox 973 4874 1298 4943; x_wconf 88' lang='lat' dir='ltr'><strong>producendi</strong></span> <span class='ocrx_word' id='word_1_669' title='bbox 1323 4875 1427 4926; x_wconf 86' lang='lat' dir='ltr'><strong>vim</strong></span> <span class='ocrx_word' id='word_1_670' title='bbox 1449 4871 1500 4926; x_wconf 88' lang='lat' dir='ltr'><strong>ei</strong></span> <span class='ocrx_word' id='word_1_671' title='bbox 1528 4870 1773 4940; x_wconf 82' lang='lat' dir='ltr'><strong>largitur.</strong></span> <span class='ocrx_word' id='word_1_672' title='bbox 1804 4867 1894 4922; x_wconf 85' lang='lat' dir='ltr'><strong>Sic</strong></span> <span class='ocrx_word' id='word_1_673' title='bbox 1914 4870 2076 4922; x_wconf 88' lang='lat' dir='ltr'><strong>etiam</strong></span> 
     </span>
    </p>
   </div>
   <div class='ocr_carea' id='block_1_91' title="bbox 499 4960 2078 5033">
    <p class='ocr_par' dir='ltr' id='par_1_91' title="bbox 499 4960 2078 5033">
     <span class='ocr_line' id='line_1_91' title="bbox 499 4960 2078 5033; baseline -0.006 -11"><span class='ocrx_word' id='word_1_674' title='bbox 499 4983 660 5033; x_wconf 90' lang='lat' dir='ltr'><strong>nunc,</strong></span> <span class='ocrx_word' id='word_1_675' title='bbox 687 4967 953 5021; x_wconf 84' lang='lat' dir='ltr'><strong>Producat</strong></span> <span class='ocrx_word' id='word_1_676' title='bbox 978 4974 1117 5018; x_wconf 87' lang='lat' dir='ltr'><strong>terra</strong></span> <span class='ocrx_word' id='word_1_677' title='bbox 1143 4966 1397 5029; x_wconf 83' lang='lat' dir='ltr'><strong>animum,</strong></span> <span class='ocrx_word' id='word_1_678' title='bbox 1422 4979 1526 5018; x_wconf 93' lang='lat' dir='ltr'><strong>non</strong></span> <span class='ocrx_word' id='word_1_679' title='bbox 1550 4976 1668 5016; x_wconf 85' lang='lat' dir='ltr'><strong>eam</strong></span> <span class='ocrx_word' id='word_1_680' title='bbox 1684 4976 1803 5030; x_wconf 69' lang='lat' dir='ltr'><strong>qua:</strong></span> <span class='ocrx_word' id='word_1_681' title='bbox 1829 4961 2004 5014; x_wconf 89' lang='lat' dir='ltr'><strong>inerat</strong></span> <span class='ocrx_word' id='word_1_682' title='bbox 2023 4960 2078 5014; x_wconf 71' lang='lat' dir='ltr'><strong>in</strong></span> 
     </span>
    </p>
   </div>
   <div class='ocr_carea' id='block_1_92' title="bbox 497 5053 2077 5130">
    <p class='ocr_par' dir='ltr' id='par_1_92' title="bbox 497 5053 2077 5130">
     <span class='ocr_line' id='line_1_92' title="bbox 497 5053 2077 5130; baseline -0.005 -15"><span class='ocrx_word' id='word_1_683' title='bbox 497 5059 613 5130; x_wconf 87' lang='lat' dir='ltr'><strong>ipsa</strong></span> <span class='ocrx_word' id='word_1_684' title='bbox 637 5078 652 5114; x_wconf 89' lang='lat'><strong>:</strong></span> <span class='ocrx_word' id='word_1_685' title='bbox 677 5059 771 5114; x_wconf 91' lang='lat' dir='ltr'><strong>sed</strong></span> <span class='ocrx_word' id='word_1_686' title='bbox 799 5072 1076 5125; x_wconf 74' lang='lat' dir='ltr'><strong>eam,qu:e</strong></span> <span class='ocrx_word' id='word_1_687' title='bbox 1096 5056 1143 5111; x_wconf 89' lang='lat' dir='ltr'><strong>ei</strong></span> <span class='ocrx_word' id='word_1_688' title='bbox 1168 5071 1262 5124; x_wconf 90' lang='lat' dir='ltr'><strong>per</strong></span> <span class='ocrx_word' id='word_1_689' title='bbox 1284 5063 1607 5126; x_wconf 57' lang='lat' dir='ltr'><strong>praceptum</strong></span> <span class='ocrx_word' id='word_1_690' title='bbox 1633 5069 1660 5106; x_wconf 90' lang='lat' dir='ltr'><strong>a</strong></span> <span class='ocrx_word' id='word_1_691' title='bbox 1691 5054 1798 5107; x_wconf 87' lang='lat' dir='ltr'><strong>Deo</strong></span> <span class='ocrx_word' id='word_1_692' title='bbox 1828 5053 1948 5107; x_wconf 85' lang='lat' dir='ltr'><strong>data</strong></span> <span class='ocrx_word' id='word_1_693' title='bbox 1976 5063 2077 5108; x_wconf 89' lang='lat' dir='ltr'><strong>est.</strong></span> 
     </span>
    </p>
   </div>
   <div class='ocr_carea' id='block_1_93' title="bbox 2173 4508 3748 4582">
    <p class='ocr_par' dir='ltr' id='par_1_93' title="bbox 2173 4508 3748 4582">
     <span class='ocr_line' id='line_1_93' title="bbox 2173 4508 3748 4582; baseline -0.001 -19"><span class='ocrx_word' id='word_1_694' title='bbox 2173 4509 2205 4580; x_wconf 80' lang='grc' dir='ltr'>ἢ</span> <span class='ocrx_word' id='word_1_695' title='bbox 2242 4509 2341 4582; x_wconf 83' lang='grc' dir='ltr'>τὴν</span> <span class='ocrx_word' id='word_1_696' title='bbox 2376 4510 2715 4582; x_wconf 72' lang='grc' dir='ltr'>κυπάρισσον</span> <span class='ocrx_word' id='word_1_697' title='bbox 2767 4510 2915 4564; x_wconf 79' lang='grc' dir='ltr'>κάτω</span> <span class='ocrx_word' id='word_1_698' title='bbox 2955 4528 3056 4562; x_wconf 88' lang='grc' dir='ltr'><strong>που</strong></span> <span class='ocrx_word' id='word_1_699' title='bbox 3103 4511 3161 4562; x_wconf 90' lang='grc' dir='ltr'><strong>ἐν</strong></span> <span class='ocrx_word' id='word_1_700' title='bbox 3208 4512 3328 4572; x_wconf 85' lang='grc' dir='ltr'>ταῖς</span> <span class='ocrx_word' id='word_1_701' title='bbox 3371 4508 3590 4578; x_wconf 83' lang='grc' dir='ltr'>λαγόσιν</span> <span class='ocrx_word' id='word_1_702' title='bbox 3627 4511 3748 4562; x_wconf 80' lang='grc' dir='ltr'>ἐαυ-</span> 
     </span>
    </p>
   </div>
   <div class='ocr_carea' id='block_1_94' title="bbox 2170 4600 3748 4673">
    <p class='ocr_par' dir='ltr' id='par_1_94' title="bbox 2170 4600 3748 4673">
     <span class='ocr_line' id='line_1_94' title="bbox 2170 4600 3748 4673; baseline -0.001 -20"><span class='ocrx_word' id='word_1_703' title='bbox 2170 4601 2269 4671; x_wconf 84' lang='grc' dir='ltr'>τῆς</span> <span class='ocrx_word' id='word_1_704' title='bbox 2307 4601 2774 4673; x_wconf 81' lang='grc' dir='ltr'>ἀποκεκρυμμένα</span> <span class='ocrx_word' id='word_1_705' title='bbox 2837 4602 3006 4671; x_wconf 78' lang='grc' dir='ltr'>ἀνῆκε</span> <span class='ocrx_word' id='word_1_706' title='bbox 3059 4601 3194 4670; x_wconf 76' lang='grc' dir='ltr'>πρὸς</span> <span class='ocrx_word' id='word_1_707' title='bbox 3241 4600 3338 4672; x_wconf 82' lang='grc' dir='ltr'>τὴν</span> <span class='ocrx_word' id='word_1_708' title='bbox 3395 4603 3748 4670; x_wconf 57' lang='grc' dir='ltr'>ἐπιφάνειαν</span> 
     </span>
    </p>
   </div>
   <div class='ocr_carea' id='block_1_95' title="bbox 2172 4691 3745 4765">
    <p class='ocr_par' dir='ltr' id='par_1_95' title="bbox 2172 4691 3745 4765">
     <span class='ocr_line' id='line_1_95' title="bbox 2172 4691 3745 4765; baseline 0.003 -20"><span class='ocrx_word' id='word_1_709' title='bbox 2172 4691 2284 4745; x_wconf 76' lang='grc' dir='ltr'>ἀλλ’</span> <span class='ocrx_word' id='word_1_710' title='bbox 2327 4695 2354 4746; x_wconf 89' lang='grc' dir='ltr'><strong>ό</strong></span> <span class='ocrx_word' id='word_1_711' title='bbox 2403 4691 2542 4756; x_wconf 88' lang='grc' dir='ltr'>θεῖος</span> <span class='ocrx_word' id='word_1_712' title='bbox 2589 4693 2743 4760; x_wconf 81' lang='grc' dir='ltr'>λόγος</span> <span class='ocrx_word' id='word_1_713' title='bbox 2773 4692 2932 4761; x_wconf 79' lang='grc' dir='ltr'>φύσις</span> <span class='ocrx_word' id='word_1_714' title='bbox 2977 4693 3093 4744; x_wconf 75' lang='grc' dir='ltr'>ἐστὶ</span> <span class='ocrx_word' id='word_1_715' title='bbox 3137 4693 3245 4747; x_wconf 82' lang='grc' dir='ltr'>τῶν</span> <span class='ocrx_word' id='word_1_716' title='bbox 3299 4695 3598 4764; x_wconf 85' lang='grc' dir='ltr'>γινομένων</span> <span class='ocrx_word' id='word_1_717' title='bbox 3617 4694 3745 4765; x_wconf 79' lang='grc'>(55).</span> 
     </span>
    </p>
   </div>
   <div class='ocr_carea' id='block_1_96' title="bbox 2173 4782 3742 4856">
    <p class='ocr_par' dir='ltr' id='par_1_96' title="bbox 2173 4782 3742 4856">
     <span class='ocr_line' id='line_1_96' title="bbox 2173 4782 3742 4856; baseline 0.002 -21"><span class='ocrx_word' id='word_1_718' title='bbox 2173 4782 2580 4851; x_wconf 81' lang='grc' dir='ltr'>Βλαστησάτω</span> <span class='ocrx_word' id='word_1_719' title='bbox 2604 4785 2642 4852; x_wconf 80' lang='grc' dir='ltr'>ἡ</span> <span class='ocrx_word' id='word_1_720' title='bbox 2666 4783 2740 4851; x_wconf 75' lang='grc' dir='ltr'>γῆ</span> <span class='ocrx_word' id='word_1_721' title='bbox 2761 4801 2775 4816; x_wconf 77' lang='grc' dir='ltr'><strong><em>ο</em></strong></span> <span class='ocrx_word' id='word_1_722' title='bbox 2810 4784 2907 4853; x_wconf 78' lang='grc' dir='ltr'>οὐχ</span> <span class='ocrx_word' id='word_1_723' title='bbox 2929 4784 3064 4854; x_wconf 81' lang='grc' dir='ltr'>ὅπερ</span> <span class='ocrx_word' id='word_1_724' title='bbox 3093 4783 3203 4854; x_wconf 74' lang='grc' dir='ltr'>ἔχει</span> <span class='ocrx_word' id='word_1_725' title='bbox 3233 4784 3603 4856; x_wconf 81' lang='grc' dir='ltr'>προϐαλλέτω,</span> <span class='ocrx_word' id='word_1_726' title='bbox 3631 4786 3742 4840; x_wconf 79' lang='grc' dir='ltr'>ἀλλ’</span> 
     </span>
    </p>
   </div>
   <div class='ocr_carea' id='block_1_97' title="bbox 2173 4872 3747 4948">
    <p class='ocr_par' dir='ltr' id='par_1_97' title="bbox 2173 4872 3747 4948">
     <span class='ocr_line' id='line_1_97' title="bbox 2173 4872 3747 4948; baseline 0.003 -23"><span class='ocrx_word' id='word_1_727' title='bbox 2173 4872 2202 4925; x_wconf 86' lang='grc' dir='ltr'><strong>ὃ</strong></span> <span class='ocrx_word' id='word_1_728' title='bbox 2239 4873 2313 4944; x_wconf 83' lang='grc' dir='ltr'>μὴ</span> <span class='ocrx_word' id='word_1_729' title='bbox 2349 4872 2460 4942; x_wconf 77' lang='grc' dir='ltr'>ἔχει</span> <span class='ocrx_word' id='word_1_730' title='bbox 2495 4873 2803 4945; x_wconf 83' lang='grc' dir='ltr'>κτησάαθω,</span> <span class='ocrx_word' id='word_1_731' title='bbox 2829 4873 2962 4926; x_wconf 77' lang='grc' dir='ltr'><strong>Θεοῦ</strong></span> <span class='ocrx_word' id='word_1_732' title='bbox 2985 4873 3322 4945; x_wconf 80' lang='grc' dir='ltr'>δωρουμένου</span> <span class='ocrx_word' id='word_1_733' title='bbox 3357 4875 3456 4945; x_wconf 87' lang='grc' dir='ltr'>τῆς</span> <span class='ocrx_word' id='word_1_734' title='bbox 3475 4877 3747 4948; x_wconf 76' lang='grc' dir='ltr'>ἐνεργείας</span> 
     </span>
    </p>
   </div>
   <div class='ocr_carea' id='block_1_98' title="bbox 2173 4962 3746 5040">
    <p class='ocr_par' dir='ltr' id='par_1_98' title="bbox 2173 4962 3746 5040">
     <span class='ocr_line' id='line_1_98' title="bbox 2173 4962 3746 5040; baseline 0.005 -24"><span class='ocrx_word' id='word_1_735' title='bbox 2173 4962 2274 5034; x_wconf 83' lang='grc' dir='ltr'>τὴν</span> <span class='ocrx_word' id='word_1_736' title='bbox 2342 4963 2592 5036; x_wconf 75' lang='grc' dir='ltr'>δύναμιν.</span> <span class='ocrx_word' id='word_1_737' title='bbox 2655 4965 2810 5018; x_wconf 74' lang='grc' dir='ltr'>Οὕτω</span> <span class='ocrx_word' id='word_1_738' title='bbox 2870 4966 2963 5018; x_wconf 67' lang='grc' dir='ltr'><strong>κοιλ⁵</strong></span> <span class='ocrx_word' id='word_1_739' title='bbox 3022 4964 3138 5029; x_wconf 82' lang='grc' dir='ltr'>νῦν,</span> <span class='ocrx_word' id='word_1_740' title='bbox 3184 4965 3545 5037; x_wconf 76' lang='grc' dir='ltr'>Ἐξαγαγέτω</span> <span class='ocrx_word' id='word_1_741' title='bbox 3596 4970 3632 5037; x_wconf 75' lang='grc' dir='ltr'><strong><em>ἡ</em></strong></span> <span class='ocrx_word' id='word_1_742' title='bbox 3672 4969 3746 5040; x_wconf 77' lang='grc' dir='ltr'><strong>τῆ</strong></span> 
     </span>
    </p>
   </div>
   <div class='ocr_carea' id='block_1_99' title="bbox 2175 5054 3748 5132">
    <p class='ocr_par' dir='ltr' id='par_1_99' title="bbox 2175 5054 3748 5132">
     <span class='ocr_line' id='line_1_99' title="bbox 2175 5054 3748 5132; baseline 0.004 -25"><span class='ocrx_word' id='word_1_743' title='bbox 2175 5054 2390 5124; x_wconf 75' lang='grc' dir='ltr'><strong>ψυχὴν</strong></span> <span class='ocrx_word' id='word_1_744' title='bbox 2427 5056 2560 5126; x_wconf 65' lang='grc'><strong>(54),</strong></span> <span class='ocrx_word' id='word_1_745' title='bbox 2585 5056 2647 5110; x_wconf 80' lang='grc' dir='ltr'>οὗ</span> <span class='ocrx_word' id='word_1_746' title='bbox 2671 5057 2768 5130; x_wconf 78' lang='grc' dir='ltr'><strong>τήν</strong></span> <span class='ocrx_word' id='word_1_747' title='bbox 2798 5058 3248 5129; x_wconf 80' lang='grc' dir='ltr'>ἐναποκειμένην,</span> <span class='ocrx_word' id='word_1_748' title='bbox 3285 5059 3422 5114; x_wconf 77' lang='grc' dir='ltr'>ἀλλὰ</span> <span class='ocrx_word' id='word_1_749' title='bbox 3463 5061 3561 5132; x_wconf 81' lang='grc' dir='ltr'><strong>τήν</strong></span> <span class='ocrx_word' id='word_1_750' title='bbox 3615 5061 3748 5115; x_wconf 87' lang='grc' dir='ltr'>δεδο-</span> 
     </span>
    </p>
   </div>
   <div class='ocr_carea' id='block_1_100' title="bbox 573 5145 2089 5214">
    <p class='ocr_par' dir='ltr' id='par_1_100' title="bbox 573 5145 2066 5214">
     <span class='ocr_line' id='line_1_100' title="bbox 573 5145 2066 5214; baseline 0.001 -16"><span class='ocrx_word' id='word_1_751' title='bbox 573 5152 636 5184; x_wconf 74' lang='grc' dir='ltr'><strong>οτ·</strong></span> <span class='ocrx_word' id='word_1_752' title='bbox 675 5151 832 5206; x_wconf 82' lang='lat' dir='ltr'><strong>Cant.</strong></span> <span class='ocrx_word' id='word_1_753' title='bbox 866 5165 920 5214; x_wconf 79' lang='grc' dir='ltr'><strong>ν,</strong></span> <span class='ocrx_word' id='word_1_754' title='bbox 963 5149 1023 5202; x_wconf 76' lang='lat'><strong>‘2.</strong></span> <span class='ocrx_word' id='word_1_755' title='bbox 1097 5149 1143 5181; x_wconf 79' lang='lat'><strong>”</strong></span> <span class='ocrx_word' id='word_1_756' title='bbox 1181 5149 1317 5205; x_wconf 87' lang='lat' dir='ltr'><strong>Gen.</strong></span> <span class='ocrx_word' id='word_1_757' title='bbox 1352 5165 1392 5202; x_wconf 90' lang='lat' dir='ltr'><strong>t.</strong></span> <span class='ocrx_word' id='word_1_758' title='bbox 1422 5148 1513 5202; x_wconf 68' lang='grc'><strong>24.</strong></span> <span class='ocrx_word' id='word_1_759' title='bbox 1588 5149 1633 5180; x_wconf 85' lang='grc'><strong>⁹⁰</strong></span> <span class='ocrx_word' id='word_1_760' title='bbox 1675 5147 1804 5200; x_wconf 89' lang='lat' dir='ltr'><strong>ibid.</strong></span> <span class='ocrx_word' id='word_1_761' title='bbox 1842 5145 1933 5214; x_wconf 70' lang='lat'><strong>20,</strong></span> <span class='ocrx_word' id='word_1_762' title='bbox 1974 5146 2066 5200; x_wconf 74' lang='grc'>21.</span> 
     </span>
    </p>
   </div>
   <div class='ocr_carea' id='block_1_101' title="bbox 2189 5145 2464 5214">
    <p class='ocr_par' dir='ltr' id='par_1_101' title="bbox 2204 5148 2464 5205">
     <span class='ocr_line' id='line_1_101' title="bbox 2204 5148 2464 5205; baseline 0.012 -3"><span class='ocrx_word' id='word_1_763' title='bbox 2204 5148 2340 5203; x_wconf 84' lang='lat' dir='ltr'><strong>ibid.</strong></span> <span class='ocrx_word' id='word_1_764' title='bbox 2377 5149 2464 5205; x_wconf 81' lang='grc' dir='ltr'>Η.</span> 
     </span>
    </p>
   </div>
   <div class='ocr_carea' id='block_1_102' title="bbox 567 5241 1711 5312">
    <p class='ocr_par' dir='ltr' id='par_1_102' title="bbox 567 5241 1711 5312">
     <span class='ocr_line' id='line_1_102' title="bbox 567 5241 1711 5312; baseline -0.005 -16"><span class='ocrx_word' id='word_1_765' title='bbox 567 5243 678 5312; x_wconf 74' lang='lat'><strong>(27)</strong></span> <span class='ocrx_word' id='word_1_766' title='bbox 704 5243 836 5312; x_wconf 75' lang='lat' dir='ltr'><strong>Reg.</strong></span> <span class='ocrx_word' id='word_1_767' title='bbox 870 5251 1052 5296; x_wconf 78' lang='lat' dir='ltr'><strong>sextus</strong></span> <span class='ocrx_word' id='word_1_768' title='bbox 1081 5241 1172 5294; x_wconf 78' lang='grc' dir='ltr'><strong>τὸν</strong></span> <span class='ocrx_word' id='word_1_769' title='bbox 1197 5242 1352 5312; x_wconf 84' lang='grc' dir='ltr'>λόγον</span> <span class='ocrx_word' id='word_1_770' title='bbox 1381 5242 1711 5312; x_wconf 75' lang='grc' dir='ltr'>κατήγαγεν.</span> 
     </span>
    </p>
   </div>
   <div class='ocr_carea' id='block_1_103' title="bbox 567 5261 2065 5384">
    <p class='ocr_par' dir='ltr' id='par_1_103' title="bbox 567 5261 2065 5384">
     <span class='ocr_line' id='line_1_103' title="bbox 567 5261 1711 5312; baseline -0.005 -16"><span class='ocrx_word' id='word_1_771' title='bbox 567 5261 652 5302; x_wconf 75' lang='lat'><strong>(21</strong></span> <span class='ocrx_word' id='word_1_772' title='bbox 704 5261 836 5312; x_wconf 71' lang='lat' dir='ltr'><strong>urg.</strong></span> <span class='ocrx_word' id='word_1_773' title='bbox 870 5261 1052 5296; x_wconf 78' lang='lat' dir='ltr'><strong>sexuls</strong></span> <span class='ocrx_word' id='word_1_774' title='bbox 1081 5261 1172 5294; x_wconf 91' lang='grc' dir='ltr'><strong>τον</strong></span> <span class='ocrx_word' id='word_1_775' title='bbox 1198 5261 1352 5310; x_wconf 80' lang='grc' dir='ltr'>Αογον</span> <span class='ocrx_word' id='word_1_776' title='bbox 1381 5261 1711 5309; x_wconf 77' lang='grc' dir='ltr'>κατήγαγεν.</span> 
     </span>
     <span class='ocr_line' id='line_1_104' title="bbox 567 5261 2065 5384; baseline -0.002 -16"><span class='ocrx_word' id='word_1_777' title='bbox 567 5261 678 5384; x_wconf 57' lang='grc' dir='ltr'><strong>(28ς</strong></span> <span class='ocrx_word' id='word_1_778' title='bbox 724 5313 885 5384; x_wconf 15' lang='lat' dir='ltr'><strong>Colh.,</strong></span> <span class='ocrx_word' id='word_1_779' title='bbox 901 5313 1170 5384; x_wconf 79' lang='lat' dir='ltr'><strong>secundus</strong></span> <span class='ocrx_word' id='word_1_780' title='bbox 1225 5311 1358 5384; x_wconf 79' lang='grc' dir='ltr'>μηδὲ</span> <span class='ocrx_word' id='word_1_781' title='bbox 1393 5311 1587 5383; x_wconf 77' lang='grc' dir='ltr'>μικρὸν</span> <span class='ocrx_word' id='word_1_782' title='bbox 1620 5310 1884 5382; x_wconf 88' lang='grc' dir='ltr'>πεπηγός.</span> <span class='ocrx_word' id='word_1_783' title='bbox 1930 5310 2065 5381; x_wconf 80' lang='lat' dir='ltr'><strong>Reg.</strong></span> 
     </span>
    </p>
   </div>
   <div class='ocr_carea' id='block_1_104' title="bbox 493 5382 1328 5454">
    <p class='ocr_par' dir='ltr' id='par_1_104' title="bbox 493 5382 1328 5454">
     <span class='ocr_line' id='line_1_105' title="bbox 493 5382 1328 5454; baseline -0.007 -13"><span class='ocrx_word' id='word_1_784' title='bbox 493 5382 764 5441; x_wconf 72' lang='lat' dir='ltr'><strong>SCCttltdtlS</strong></span> <span class='ocrx_word' id='word_1_785' title='bbox 791 5382 954 5454; x_wconf 78' lang='grc' dir='ltr'>μηδὲν</span> <span class='ocrx_word' id='word_1_786' title='bbox 988 5382 1328 5454; x_wconf 79' lang='grc' dir='ltr'>ἐμπεπηγός.</span> 
     </span>
    </p>
   </div>
   <div class='ocr_carea' id='block_1_105' title="bbox 587 5451 1828 5523">
    <p class='ocr_par' dir='ltr' id='par_1_105' title="bbox 587 5451 1828 5523">
     <span class='ocr_line' id='line_1_106' title="bbox 587 5451 1828 5523; baseline -0.002 -16"><span class='ocrx_word' id='word_1_787' title='bbox 587 5455 676 5520; x_wconf 71' lang='lat'><strong>29)</strong></span> <span class='ocrx_word' id='word_1_788' title='bbox 713 5451 861 5522; x_wconf 51' lang='lat' dir='ltr'><strong>lii-gf</strong></span> <span class='ocrx_word' id='word_1_789' title='bbox 879 5451 1062 5506; x_wconf 77' lang='lat' dir='ltr'><strong>sextus</strong></span> <span class='ocrx_word' id='word_1_790' title='bbox 1089 5451 1424 5523; x_wconf 87' lang='grc' dir='ltr'>λειπομένων</span> <span class='ocrx_word' id='word_1_791' title='bbox 1445 5451 1554 5523; x_wconf 71' lang='grc' dir='ltr'>τῂν</span> <span class='ocrx_word' id='word_1_792' title='bbox 1565 5451 1828 5523; x_wconf 76' lang='grc' dir='ltr'>δήλωσιν.</span> 
     </span>
    </p>
   </div>
   <div class='ocr_carea' id='block_1_106' title="bbox 589 5520 2066 5592">
    <p class='ocr_par' dir='ltr' id='par_1_106' title="bbox 589 5520 2066 5592">
     <span class='ocr_line' id='line_1_107' title="bbox 589 5520 2066 5592; baseline -0.001 -14"><span class='ocrx_word' id='word_1_793' title='bbox 589 5527 676 5592; x_wconf 78' lang='grc'><strong>50)</strong></span> <span class='ocrx_word' id='word_1_794' title='bbox 702 5520 974 5578; x_wconf 48' lang='lat' dir='ltr'><strong>Sic—multi</strong></span> <span class='ocrx_word' id='word_1_795' title='bbox 1004 5537 1134 5578; x_wconf 83' lang='lat' dir='ltr'><strong>mss.</strong></span> <span class='ocrx_word' id='word_1_796' title='bbox 1165 5520 1317 5592; x_wconf 66' lang='lat' dir='ltr'><strong>teque</strong></span> <span class='ocrx_word' id='word_1_797' title='bbox 1351 5538 1414 5578; x_wconf 88' lang='lat' dir='ltr'><strong>ac</strong></span> <span class='ocrx_word' id='word_1_798' title='bbox 1443 5520 1601 5576; x_wconf 81' lang='lat' dir='ltr'><strong>LXX.</strong></span> <span class='ocrx_word' id='word_1_799' title='bbox 1631 5520 1789 5578; x_wconf 86' lang='lat' dir='ltr'><strong>Deest</strong></span> <span class='ocrx_word' id='word_1_800' title='bbox 1808 5520 2066 5577; x_wconf 87' lang='lat' dir='ltr'><strong>articulus</strong></span> 
     </span>
    </p>
   </div>
   <div class='ocr_carea' id='block_1_107' title="bbox 491 5593 744 5649">
    <p class='ocr_par' dir='ltr' id='par_1_107' title="bbox 491 5593 744 5649">
     <span class='ocr_line' id='line_1_108' title="bbox 491 5593 744 5649; baseline -0.02 0"><span class='ocrx_word' id='word_1_801' title='bbox 491 5593 545 5649; x_wconf 90' lang='lat' dir='ltr'><strong>iu</strong></span> <span class='ocrx_word' id='word_1_802' title='bbox 569 5593 744 5648; x_wconf 72' lang='lat' dir='ltr'><strong>editis.</strong></span> 
     </span>
    </p>
   </div>
   <div class='ocr_carea' id='block_1_108' title="bbox 563 5659 2063 5734">
    <p class='ocr_par' dir='ltr' id='par_1_108' title="bbox 563 5659 2063 5734">
     <span class='ocr_line' id='line_1_109' title="bbox 563 5659 2063 5734; baseline -0.003 -17"><span class='ocrx_word' id='word_1_803' title='bbox 563 5665 674 5733; x_wconf 64' lang='lat' dir='ltr'><strong>(Si)</strong></span> <span class='ocrx_word' id='word_1_804' title='bbox 735 5663 887 5718; x_wconf 90' lang='lat' dir='ltr'><strong>Colh.</strong></span> <span class='ocrx_word' id='word_1_805' title='bbox 930 5665 1134 5732; x_wconf 89' lang='lat' dir='ltr'><strong>primus</strong></span> <span class='ocrx_word' id='word_1_806' title='bbox 1190 5663 1353 5734; x_wconf 89' lang='lat' dir='ltr'><strong>hunc</strong></span> <span class='ocrx_word' id='word_1_807' title='bbox 1389 5661 1604 5734; x_wconf 65' lang='lat' dir='ltr'><strong>prtel‘etft</strong></span> <span class='ocrx_word' id='word_1_808' title='bbox 1649 5661 1882 5724; x_wconf 90' lang='lat' dir='ltr'><strong>titulum,</strong></span> <span class='ocrx_word' id='word_1_809' title='bbox 1938 5659 2063 5734; x_wconf 61' lang='lat' dir='ltr'><strong>mp}</strong></span> 
     </span>
    </p>
   </div>
   <div class='ocr_carea' id='block_1_109' title="bbox 489 5731 2060 5820">
    <p class='ocr_par' dir='ltr' id='par_1_109' title="bbox 489 5731 2060 5820">
     <span class='ocr_line' id='line_1_110' title="bbox 489 5731 2060 5820; baseline -0.002 -35"><span class='ocrx_word' id='word_1_810' title='bbox 489 5731 744 5820; x_wconf 43' lang='grc' dir='ltr'>ἑρπετῶν,</span> <span class='ocrx_word' id='word_1_811' title='bbox 767 5737 869 5820; x_wconf 40' lang='grc' dir='ltr'>καὶ.</span> <span class='ocrx_word' id='word_1_812' title='bbox 892 5731 1094 5820; x_wconf 70' lang='grc' dir='ltr'>θηρίων</span> <span class='ocrx_word' id='word_1_813' title='bbox 1123 5731 1682 5820; x_wconf 30' lang='grc' dir='ltr'>όμνιλίαρόγδόηλίίξεξι.</span> <span class='ocrx_word' id='word_1_814' title='bbox 1723 5731 2060 5816; x_wconf 28' lang='grc' dir='ltr'>οριιυνυςττοῦ</span> 
     </span>
    </p>
   </div>
   <div class='ocr_carea' id='block_1_110' title="bbox 490 5751 2063 5928">
    <p class='ocr_par' dir='ltr' id='par_1_110' title="bbox 490 5751 2063 5928">
     <span class='ocr_line' id='line_1_111' title="bbox 490 5751 2060 5858; baseline -0.002 -73"><span class='ocrx_word' id='word_1_815' title='bbox 490 5751 734 5802; x_wconf 81' lang='grc' dir='ltr'>ερπετων</span> <span class='ocrx_word' id='word_1_816' title='bbox 767 5751 860 5787; x_wconf 86' lang='grc' dir='ltr'><strong>και</strong></span> <span class='ocrx_word' id='word_1_817' title='bbox 892 5751 1094 5858; x_wconf 72' lang='grc' dir='ltr'>υηριων</span> <span class='ocrx_word' id='word_1_818' title='bbox 1123 5751 1306 5802; x_wconf 79' lang='grc' dir='ltr'>ομιΑια</span> <span class='ocrx_word' id='word_1_819' title='bbox 1337 5751 1518 5803; x_wconf 77' lang='grc' dir='ltr'>ογοοη.</span> <span class='ocrx_word' id='word_1_820' title='bbox 1554 5751 1682 5790; x_wconf 61' lang='lat' dir='ltr'><strong>nea.</strong></span> <span class='ocrx_word' id='word_1_821' title='bbox 1723 5751 1948 5785; x_wconf 67' lang='grc' dir='ltr'>οειωίις</span> <span class='ocrx_word' id='word_1_822' title='bbox 1966 5751 2060 5783; x_wconf 88' lang='grc' dir='ltr'><strong>του</strong></span> 
     </span>
     <span class='ocr_line' id='line_1_112' title="bbox 490 5802 2063 5877; baseline -0.001 -22"><span class='ocrx_word' id='word_1_823' title='bbox 490 5804 652 5858; x_wconf 68' lang='grc' dir='ltr'>αὐτοῦ</span> <span class='ocrx_word' id='word_1_824' title='bbox 699 5805 778 5868; x_wconf 77' lang='grc' dir='ltr'><strong>είς</strong></span> <span class='ocrx_word' id='word_1_825' title='bbox 820 5804 917 5877; x_wconf 77' lang='grc' dir='ltr'>τὴν</span> <span class='ocrx_word' id='word_1_826' title='bbox 985 5805 1158 5857; x_wconf 80' lang='grc' dir='ltr'>ένεσιν</span> <span class='ocrx_word' id='word_1_827' title='bbox 1181 5803 1367 5874; x_wconf 81' lang='grc' dir='ltr'>ὁμιλία</span> <span class='ocrx_word' id='word_1_828' title='bbox 1391 5809 1459 5874; x_wconf 88' lang='grc' dir='ltr'>η’.</span> <span class='ocrx_word' id='word_1_829' title='bbox 1503 5802 1666 5859; x_wconf 81' lang='lat' dir='ltr'><strong>Coisl.</strong></span> <span class='ocrx_word' id='word_1_830' title='bbox 1721 5803 1921 5873; x_wconf 87' lang='lat' dir='ltr'><strong>primus</strong></span> <span class='ocrx_word' id='word_1_831' title='bbox 1939 5804 2063 5871; x_wconf 86' lang='grc' dir='ltr'>ὁμι-</span> 
     </span>
     <span class='ocr_line' id='line_1_113' title="bbox 491 5877 670 5928; baseline -0.006 0"><span class='ocrx_word' id='word_1_832' title='bbox 491 5877 582 5928; x_wconf 81' lang='grc' dir='ltr'><strong>λία</strong></span> <span class='ocrx_word' id='word_1_833' title='bbox 598 5879 670 5928; x_wconf 67' lang='grc' dir='ltr'>η’..</span> 
     </span>
    </p>
   </div>
   <div class='ocr_carea' id='block_1_111' title="bbox 513 5879 670 5938">
    <p class='ocr_par' dir='ltr' id='par_1_111' title="bbox 513 5879 670 5938">
     <span class='ocr_line' id='line_1_114' title="bbox 513 5879 670 5938; baseline 0.006 -12"><span class='ocrx_word' id='word_1_834' title='bbox 513 5879 582 5927; x_wconf 79' lang='grc' dir='ltr'>.ἰα</span> <span class='ocrx_word' id='word_1_835' title='bbox 598 5879 643 5938; x_wconf 67' lang='grc' dir='ltr'>η’</span> <span class='ocrx_word' id='word_1_836' title='bbox 657 5920 670 5928; x_wconf 88' lang='lat'><strong>_.</strong></span> 
     </span>
    </p>
   </div>
   <div class='ocr_carea' id='block_1_112' title="bbox 2241 5241 3738 5319">
    <p class='ocr_par' dir='ltr' id='par_1_112' title="bbox 2241 5241 3738 5319">
     <span class='ocr_line' id='line_1_115' title="bbox 2241 5241 3738 5319; baseline 0.004 -23"><span class='ocrx_word' id='word_1_837' title='bbox 2241 5241 2386 5319; x_wconf 76' lang='lat'><strong>(52)_</strong></span> <span class='ocrx_word' id='word_1_838' title='bbox 2420 5243 2650 5319; x_wconf 69' lang='lat' dir='ltr'><strong>Codices</strong></span> <span class='ocrx_word' id='word_1_839' title='bbox 2709 5245 2910 5319; x_wconf 81' lang='lat' dir='ltr'><strong>aliquot</strong></span> <span class='ocrx_word' id='word_1_840' title='bbox 2967 5247 3346 5319; x_wconf 58' lang='lat' dir='ltr'><strong>Elaeensium</strong></span> <span class='ocrx_word' id='word_1_841' title='bbox 3402 5249 3436 5319; x_wconf 93' lang='grc' dir='ltr'><strong>ή</strong></span> <span class='ocrx_word' id='word_1_842' title='bbox 3493 5248 3568 5317; x_wconf 83' lang='grc' dir='ltr'>γῆ</span> <span class='ocrx_word' id='word_1_843' title='bbox 3629 5247 3738 5318; x_wconf 88' lang='grc' dir='ltr'>βοτ.</span> 
     </span>
    </p>
   </div>
   <div class='ocr_carea' id='block_1_113' title="bbox 2168 5311 3742 5454">
    <p class='ocr_par' dir='ltr' id='par_1_113' title="bbox 2168 5311 3742 5454">
     <span class='ocr_line' id='line_1_116' title="bbox 2168 5311 3742 5454; baseline 0.005 -89"><span class='ocrx_word' id='word_1_844' title='bbox 2168 5311 2321 5454; x_wconf 49' lang='lat' dir='ltr'><strong>aut:</strong></span> <span class='ocrx_word' id='word_1_845' title='bbox 2357 5313 2486 5369; x_wconf 89' lang='lat' dir='ltr'><strong>Duc.</strong></span> <span class='ocrx_word' id='word_1_846' title='bbox 2522 5313 2646 5368; x_wconf 77' lang='grc' dir='ltr'>οὕτε</span> <span class='ocrx_word' id='word_1_847' title='bbox 2680 5311 2917 5388; x_wconf 81' lang='grc' dir='ltr'>γὰρ’ὃτε</span> <span class='ocrx_word' id='word_1_848' title='bbox 2950 5311 3574 5389; x_wconf 71' lang='grc' dir='ltr'>ἤκουσε,’Βλαστησάτω</span> <span class='ocrx_word' id='word_1_849' title='bbox 3596 5311 3638 5390; x_wconf 75' lang='grc' dir='ltr'>η’</span> <span class='ocrx_word' id='word_1_850' title='bbox 3673 5321 3742 5388; x_wconf 79' lang='grc' dir='ltr'>γῆ</span> 
     </span>
     <span class='ocr_line' id='line_1_117' title="bbox 2231 5399 2596 5454; baseline 0.005 -18"><span class='ocrx_word' id='word_1_851' title='bbox 2231 5401 2270 5454; x_wconf 87' lang='grc' dir='ltr'><strong>τ</strong></span> <span class='ocrx_word' id='word_1_852' title='bbox 2300 5399 2417 5453; x_wconf 90' lang='grc' dir='ltr'>νην.</span> <span class='ocrx_word' id='word_1_853' title='bbox 2593 5453 2596 5454; x_wconf 17' lang='grc' dir='ltr'><em>ν</em></span> 
     </span>
    </p>
   </div>
   <div class='ocr_carea' id='block_1_114' title="bbox 2231 5399 2417 5437">
    <p class='ocr_par' dir='ltr' id='par_1_114' title="bbox 2231 5399 2417 5437">
     <span class='ocr_line' id='line_1_118' title="bbox 2231 5399 2417 5437; baseline 0.005 -1"><span class='ocrx_word' id='word_1_854' title='bbox 2231 5399 2417 5437; x_wconf 81' lang='grc' dir='ltr'>τανην.</span> 
     </span>
    </p>
   </div>
   <div class='ocr_carea' id='block_1_115' title="bbox 2241 5401 3746 5527">
    <p class='ocr_par' dir='ltr' id='par_1_115' title="bbox 2241 5401 3746 5527">
     <span class='ocr_line' id='line_1_119' title="bbox 2241 5401 3746 5527; baseline 0.002 -16"><span class='ocrx_word' id='word_1_855' title='bbox 2241 5401 2558 5527; x_wconf 53' lang='grc' dir='ltr'><strong>ίὲἕῗνέιιίιίο</strong></span> <span class='ocrx_word' id='word_1_856' title='bbox 2587 5453 2754 5527; x_wconf 55' lang='grc' dir='ltr'><strong>Βέιείιἒ</strong></span> <span class='ocrx_word' id='word_1_857' title='bbox 2786 5471 2908 5508; x_wconf 84' lang='lat' dir='ltr'><strong>cum</strong></span> <span class='ocrx_word' id='word_1_858' title='bbox 2946 5459 3146 5527; x_wconf 59' lang='lat' dir='ltr'><strong>aliquot</strong></span> <span class='ocrx_word' id='word_1_859' title='bbox 3170 5473 3298 5513; x_wconf 90' lang='lat' dir='ltr'><strong>mss.</strong></span> <span class='ocrx_word' id='word_1_860' title='bbox 3323 5457 3484 5527; x_wconf 83' lang='grc' dir='ltr'>φύσις</span> <span class='ocrx_word' id='word_1_861' title='bbox 3501 5457 3617 5512; x_wconf 74' lang='grc' dir='ltr'>ἐστὶ</span> <span class='ocrx_word' id='word_1_862' title='bbox 3638 5458 3746 5514; x_wconf 86' lang='grc' dir='ltr'><strong>τῶν</strong></span> 
     </span>
    </p>
   </div>
   <div class='ocr_carea' id='block_1_116' title="bbox 2168 5524 3741 5598">
    <p class='ocr_par' dir='ltr' id='par_1_116' title="bbox 2168 5524 3741 5598">
     <span class='ocr_line' id='line_1_120' title="bbox 2168 5524 3741 5598; baseline 0.006 -23"><span class='ocrx_word' id='word_1_863' title='bbox 2168 5524 2690 5598; x_wconf 35' lang='grc' dir='ltr'>γινομένωνζζζιιίιίο</span> <span class='ocrx_word' id='word_1_864' title='bbox 2727 5525 2898 5598; x_wconf 69' lang='lat' dir='ltr'><strong>Paris.</strong></span> <span class='ocrx_word' id='word_1_865' title='bbox 2942 5524 3263 5598; x_wconf 78' lang='grc' dir='ltr'>γενομένων.</span> <span class='ocrx_word' id='word_1_866' title='bbox 3302 5524 3498 5582; x_wconf 83' lang='lat' dir='ltr'><strong>Ibidem</strong></span> <span class='ocrx_word' id='word_1_867' title='bbox 3529 5530 3741 5598; x_wconf 81' lang='lat' dir='ltr'><strong>codices</strong></span> 
     </span>
    </p>
   </div>
   <div class='ocr_carea' id='block_1_117' title="bbox 2168 5594 3740 5668">
    <p class='ocr_par' dir='ltr' id='par_1_117' title="bbox 2168 5594 3740 5668">
     <span class='ocr_line' id='line_1_121' title="bbox 2168 5594 3740 5668; baseline 0.003 -21"><span class='ocrx_word' id='word_1_868' title='bbox 2168 5608 2272 5668; x_wconf 73' lang='lat' dir='ltr'><strong>non</strong></span> <span class='ocrx_word' id='word_1_869' title='bbox 2298 5594 2454 5668; x_wconf 39' lang='lat' dir='ltr'><strong>pan-ci</strong></span> <span class='ocrx_word' id='word_1_870' title='bbox 2482 5594 2848 5668; x_wconf 76' lang='grc' dir='ltr'>Βλαστησάτω</span> <span class='ocrx_word' id='word_1_871' title='bbox 2871 5597 2904 5666; x_wconf 85' lang='grc' dir='ltr'><strong>ή</strong></span> <span class='ocrx_word' id='word_1_872' title='bbox 2928 5599 3021 5667; x_wconf 82' lang='grc' dir='ltr'>γῆ,</span> <span class='ocrx_word' id='word_1_873' title='bbox 3058 5594 3175 5668; x_wconf 80' lang='grc' dir='ltr'>οὐχ.</span> <span class='ocrx_word' id='word_1_874' title='bbox 3209 5601 3278 5654; x_wconf 84' lang='lat' dir='ltr'><strong>At</strong></span> <span class='ocrx_word' id='word_1_875' title='bbox 3300 5600 3428 5654; x_wconf 83' lang='lat' dir='ltr'><strong>editi</strong></span> <span class='ocrx_word' id='word_1_876' title='bbox 3461 5614 3580 5653; x_wconf 88' lang='lat' dir='ltr'><strong>cum</strong></span> <span class='ocrx_word' id='word_1_877' title='bbox 3607 5597 3740 5668; x_wconf 78' lang='lat' dir='ltr'><strong>Reg.</strong></span> 
     </span>
    </p>
   </div>
   <div class='ocr_carea' id='block_1_118' title="bbox 2167 5662 2900 5736">
    <p class='ocr_par' dir='ltr' id='par_1_118' title="bbox 2167 5662 2900 5736">
     <span class='ocr_line' id='line_1_122' title="bbox 2167 5662 2900 5736; baseline 0.005 -22"><span class='ocrx_word' id='word_1_878' title='bbox 2167 5662 2356 5736; x_wconf 72' lang='lat' dir='ltr'><strong>quinto</strong></span> <span class='ocrx_word' id='word_1_879' title='bbox 2384 5662 2757 5736; x_wconf 80' lang='grc' dir='ltr'>βλαστησάτω,</span> <span class='ocrx_word' id='word_1_880' title='bbox 2783 5662 2900 5736; x_wconf 68' lang='grc' dir='ltr'>οὐχ.</span> 
     </span>
    </p>
   </div>
   <div class='ocr_carea' id='block_1_119' title="bbox 2240 5732 3739 5809">
    <p class='ocr_par' dir='ltr' id='par_1_119' title="bbox 2240 5732 3739 5809">
     <span class='ocr_line' id='line_1_123' title="bbox 2240 5732 3739 5809; baseline 0.003 -23"><span class='ocrx_word' id='word_1_881' title='bbox 2240 5732 2352 5809; x_wconf 72' lang='grc'><strong>(54)</strong></span> <span class='ocrx_word' id='word_1_882' title='bbox 2384 5735 2542 5809; x_wconf 74' lang='lat' dir='ltr'><strong>Colh_.</strong></span> <span class='ocrx_word' id='word_1_883' title='bbox 2563 5732 2766 5802; x_wconf 79' lang='lat' dir='ltr'><strong>primus</strong></span> <span class='ocrx_word' id='word_1_884' title='bbox 2790 5732 2895 5809; x_wconf 69' lang='grc' dir='ltr'><strong>τήν</strong></span> <span class='ocrx_word' id='word_1_885' title='bbox 2920 5737 3096 5809; x_wconf 70' lang='grc' dir='ltr'>ψυχὴν</span> <span class='ocrx_word' id='word_1_886' title='bbox 3128 5737 3325 5801; x_wconf 80' lang='grc' dir='ltr'>ζῶσαν.</span> <span class='ocrx_word' id='word_1_887' title='bbox 3363 5737 3566 5793; x_wconf 84' lang='lat' dir='ltr'><strong>Ibidem</strong></span> <span class='ocrx_word' id='word_1_888' title='bbox 3602 5740 3739 5793; x_wconf 83' lang='lat' dir='ltr'><strong>idem</strong></span> 
     </span>
    </p>
   </div>
   <div class='ocr_carea' id='block_1_120' title="bbox 2165 5804 3742 5925">
    <p class='ocr_par' dir='ltr' id='par_1_120' title="bbox 2165 5804 3742 5925">
     <span class='ocr_line' id='line_1_124' title="bbox 2165 5804 3742 5925; baseline 0.006 -72"><span class='ocrx_word' id='word_1_889' title='bbox 2165 5804 2349 5925; x_wconf 48' lang='grc' dir='ltr'>ἔθειεέ</span> <span class='ocrx_word' id='word_1_890' title='bbox 2375 5819 2494 5857; x_wconf 91' lang='lat' dir='ltr'><strong>cum</strong></span> <span class='ocrx_word' id='word_1_891' title='bbox 2516 5804 2645 5876; x_wconf 75' lang='lat' dir='ltr'><strong>lleg.</strong></span> <span class='ocrx_word' id='word_1_892' title='bbox 2674 5817 2827 5862; x_wconf 76' lang='lat' dir='ltr'><strong>sexto</strong></span> <span class='ocrx_word' id='word_1_893' title='bbox 2848 5804 2908 5859; x_wconf 78' lang='grc' dir='ltr'>οὐ</span> <span class='ocrx_word' id='word_1_894' title='bbox 2935 5804 3032 5878; x_wconf 69' lang='grc' dir='ltr'><strong>τήν</strong></span> <span class='ocrx_word' id='word_1_895' title='bbox 3054 5804 3452 5881; x_wconf 68' lang='grc' dir='ltr'><strong>⁷ἀποκειμένην,</strong></span> <span class='ocrx_word' id='word_1_896' title='bbox 3482 5809 3617 5865; x_wconf 77' lang='grc' dir='ltr'>ἀλλὰ</span> <span class='ocrx_word' id='word_1_897' title='bbox 3642 5810 3742 5879; x_wconf 80' lang='grc' dir='ltr'>τὴν</span> 
     </span>
     <span class='ocr_line' id='line_1_125' title="bbox 2203 5889 2470 5925; baseline 0.004 -1"><span class='ocrx_word' id='word_1_898' title='bbox 2203 5889 2320 5925; x_wconf 82' lang='grc' dir='ltr'>ιοου.</span> <span class='ocrx_word' id='word_1_899' title='bbox 2354 5890 2470 5925; x_wconf 80' lang='grc' dir='ltr'>νην.</span> 
     </span>
    </p>
   </div>
   <div class='ocr_carea' id='block_1_121' title="bbox 2203 5889 2470 5940">
    <p class='ocr_par' dir='ltr' id='par_1_121' title="bbox 2203 5889 2470 5940">
     <span class='ocr_line' id='line_1_126' title="bbox 2203 5889 2470 5940; baseline 0.011 -16"><span class='ocrx_word' id='word_1_900' title='bbox 2203 5889 2470 5940; x_wconf 87' lang='grc' dir='ltr'>ιοομενην.</span> 
     </span>
    </p>
   </div>
  </div>
