  <div class='ocr_page' id='page_1' title='image "/cluster/home/n/w/nwhite01/storage/ocr_20150623/29/hvd.32044011320256/516.png"; bbox 0 0 4082 6398; ppageno 0'>
   <div class='ocr_carea' id='block_1_1' title="bbox 372 366 476 421">
    <p class='ocr_par' dir='ltr' id='par_1_1' title="bbox 372 366 476 421">
     <span class='ocr_line' id='line_1_1' title="bbox 372 366 476 421; baseline 0.01 -1"><span class='ocrx_word' id='word_1_1' title='bbox 372 366 476 421; x_wconf 80' lang='lat' dir='ltr'><strong>I85</strong></span> 
     </span>
    </p>
   </div>
   <div class='ocr_carea' id='block_1_2' title="bbox 1461 344 2658 437">
    <p class='ocr_par' dir='ltr' id='par_1_2' title="bbox 1461 344 2658 437">
     <span class='ocr_line' id='line_1_2' title="bbox 1461 344 2658 437; baseline 0.008 -10"><span class='ocrx_word' id='word_1_2' title='bbox 1461 364 1745 431; x_wconf 72' lang='lat' dir='ltr'>IIOMIIJA</span> <span class='ocrx_word' id='word_1_3' title='bbox 1790 379 1906 433; x_wconf 83' lang='lat' dir='ltr'>VIII</span> <span class='ocrx_word' id='word_1_4' title='bbox 1947 381 2015 435; x_wconf 87' lang='lat' dir='ltr'>IN</span> <span class='ocrx_word' id='word_1_5' title='bbox 2055 366 2547 437; x_wconf 67' lang='lat' dir='ltr'><strong>IIEXAEMERON.</strong></span> <span class='ocrx_word' id='word_1_6' title='bbox 2650 344 2658 355; x_wconf 38' lang='grc'><em>⁴</em></span> 
     </span>
    </p>
   </div>
   <div class='ocr_carea' id='block_1_3' title="bbox 3496 372 3595 439">
    <p class='ocr_par' dir='ltr' id='par_1_3' title="bbox 3496 372 3595 439">
     <span class='ocr_line' id='line_1_3' title="bbox 3496 372 3595 439; baseline -0.02 0"><span class='ocrx_word' id='word_1_7' title='bbox 3496 372 3595 439; x_wconf 81' lang='lat' dir='ltr'><strong>I66</strong></span> 
     </span>
    </p>
   </div>
   <div class='ocr_carea' id='block_1_4' title="bbox 370 482 1933 574">
    <p class='ocr_par' dir='ltr' id='par_1_4' title="bbox 370 482 1928 574">
     <span class='ocr_line' id='line_1_4' title="bbox 370 482 1928 574; baseline 0.008 -41"><span class='ocrx_word' id='word_1_8' title='bbox 370 484 537 557; x_wconf 75' lang='grc' dir='ltr'>μένην</span> <span class='ocrx_word' id='word_1_9' title='bbox 586 485 719 552; x_wconf 73' lang='grc' dir='ltr'>αὐτῇ</span> <span class='ocrx_word' id='word_1_10' title='bbox 790 482 938 552; x_wconf 74' lang='grc' dir='ltr'>παρὰ</span> <span class='ocrx_word' id='word_1_11' title='bbox 989 482 1083 536; x_wconf 79' lang='grc' dir='ltr'>τοῦ</span> <span class='ocrx_word' id='word_1_12' title='bbox 1141 484 1274 537; x_wconf 78' lang='grc' dir='ltr'>Θεοῦ</span> <span class='ocrx_word' id='word_1_13' title='bbox 1334 485 1419 539; x_wconf 75' lang='grc' dir='ltr'>διὰ</span> <span class='ocrx_word' id='word_1_14' title='bbox 1478 488 1575 558; x_wconf 77' lang='grc' dir='ltr'>τῆς</span> <span class='ocrx_word' id='word_1_15' title='bbox 1606 493 1928 574; x_wconf 35' lang='grc' dir='ltr'>,ἐπιταγῆς</span> 
     </span>
    </p>
   </div>
   <div class='ocr_carea' id='block_1_5' title="bbox 2036 482 3593 574">
    <p class='ocr_par' dir='ltr' id='par_1_5' title="bbox 2040 489 3593 558">
     <span class='ocr_line' id='line_1_5' title="bbox 2040 489 3593 558; baseline 0.006 -10"><span class='ocrx_word' id='word_1_16' title='bbox 2040 494 2238 549; x_wconf 80' lang='lat' dir='ltr'><strong>Deinde</strong></span> <span class='ocrx_word' id='word_1_17' title='bbox 2259 497 2417 549; x_wconf 84' lang='lat' dir='ltr'><strong>etiam</strong></span> <span class='ocrx_word' id='word_1_18' title='bbox 2437 512 2612 550; x_wconf 84' lang='lat' dir='ltr'><strong>sermo</strong></span> <span class='ocrx_word' id='word_1_19' title='bbox 2632 496 2680 547; x_wconf 89' lang='lat' dir='ltr'><strong>in</strong></span> <span class='ocrx_word' id='word_1_20' title='bbox 2704 496 3027 549; x_wconf 82' lang='lat' dir='ltr'><strong>contrarium</strong></span> <span class='ocrx_word' id='word_1_21' title='bbox 3045 496 3120 549; x_wconf 84' lang='lat' dir='ltr'><strong>eis</strong></span> <span class='ocrx_word' id='word_1_22' title='bbox 3133 498 3302 552; x_wconf 83' lang='lat' dir='ltr'><strong>cedet’.</strong></span> <span class='ocrx_word' id='word_1_23' title='bbox 3324 489 3529 557; x_wconf 72' lang='lat' dir='ltr'><strong>Etenim</strong></span> <span class='ocrx_word' id='word_1_24' title='bbox 3549 502 3593 558; x_wconf 85' lang='lat' dir='ltr'><strong>sl</strong></span> 
     </span>
    </p>
   </div>
   <div class='ocr_carea' id='block_1_6' title="bbox 366 573 1930 654">
    <p class='ocr_par' dir='ltr' id='par_1_6' title="bbox 366 573 1930 654">
     <span class='ocr_line' id='line_1_6' title="bbox 366 573 1930 654; baseline 0.004 -24"><span class='ocrx_word' id='word_1_25' title='bbox 366 576 599 630; x_wconf 75' lang='grc' dir='ltr'>Ἔπειτα</span> <span class='ocrx_word' id='word_1_26' title='bbox 628 576 720 628; x_wconf 70' lang='grc' dir='ltr'><strong>καὶ</strong></span> <span class='ocrx_word' id='word_1_27' title='bbox 743 573 820 637; x_wconf 81' lang='grc' dir='ltr'><strong>είς</strong></span> <span class='ocrx_word' id='word_1_28' title='bbox 854 573 913 627; x_wconf 81' lang='grc' dir='ltr'><strong>τὸ</strong></span> <span class='ocrx_word' id='word_1_29' title='bbox 950 574 1189 628; x_wconf 75' lang='grc' dir='ltr'>ἐναντίον</span> <span class='ocrx_word' id='word_1_30' title='bbox 1216 578 1395 641; x_wconf 75' lang='grc' dir='ltr'>αὐτοῖς</span> <span class='ocrx_word' id='word_1_31' title='bbox 1425 581 1453 632; x_wconf 87' lang='grc' dir='ltr'><strong>ό</strong></span> <span class='ocrx_word' id='word_1_32' title='bbox 1485 573 1641 648; x_wconf 84' lang='grc' dir='ltr'>λόγος</span> <span class='ocrx_word' id='word_1_33' title='bbox 1670 600 1930 654; x_wconf 84' lang='grc' dir='ltr'>περιτρα-</span> 
     </span>
    </p>
   </div>
   <div class='ocr_carea' id='block_1_7' title="bbox 363 666 1933 745">
    <p class='ocr_par' dir='ltr' id='par_1_7' title="bbox 363 666 1933 745">
     <span class='ocr_line' id='line_1_7' title="bbox 363 666 1933 745; baseline 0.004 -24"><span class='ocrx_word' id='word_1_34' title='bbox 363 671 617 739; x_wconf 78' lang='grc' dir='ltr'>πήσεται.</span> <span class='ocrx_word' id='word_1_35' title='bbox 645 667 843 738; x_wconf 78' lang='grc' dir='ltr'>Είγάρ</span> <span class='ocrx_word' id='word_1_36' title='bbox 871 666 1159 737; x_wconf 80' lang='grc' dir='ltr'>ἐξήνεγκεν</span> <span class='ocrx_word' id='word_1_37' title='bbox 1186 670 1218 732; x_wconf 84' lang='grc' dir='ltr'>ἡ</span> <span class='ocrx_word' id='word_1_38' title='bbox 1249 669 1319 738; x_wconf 86' lang='grc' dir='ltr'>γῆ</span> <span class='ocrx_word' id='word_1_39' title='bbox 1352 669 1449 740; x_wconf 81' lang='grc' dir='ltr'>τὴν</span> <span class='ocrx_word' id='word_1_40' title='bbox 1499 671 1692 743; x_wconf 71' lang='grc' dir='ltr'>ψυχὴν,</span> <span class='ocrx_word' id='word_1_41' title='bbox 1722 674 1933 745; x_wconf 79' lang='grc' dir='ltr'><strong>ἐρήμην</strong></span> 
     </span>
    </p>
   </div>
   <div class='ocr_carea' id='block_1_8' title="bbox 363 756 1934 835">
    <p class='ocr_par' dir='ltr' id='par_1_8' title="bbox 363 756 1934 835">
     <span class='ocr_line' id='line_1_8' title="bbox 363 756 1934 835; baseline 0.003 -22"><span class='ocrx_word' id='word_1_42' title='bbox 363 758 558 828; x_wconf 68' lang='grc' dir='ltr'>ἑαυτὴν</span> <span class='ocrx_word' id='word_1_43' title='bbox 616 757 875 810; x_wconf 82' lang='grc' dir='ltr'>κατέλιπε</span> <span class='ocrx_word' id='word_1_44' title='bbox 933 758 1035 828; x_wconf 87' lang='grc' dir='ltr'><strong>τῆς</strong></span> <span class='ocrx_word' id='word_1_45' title='bbox 1068 756 1265 828; x_wconf 76' lang='grc' dir='ltr'>ψυχῆς.</span> <span class='ocrx_word' id='word_1_46' title='bbox 1312 759 1450 813; x_wconf 84' lang='grc' dir='ltr'>Ἀλλ’</span> <span class='ocrx_word' id='word_1_47' title='bbox 1491 763 1713 816; x_wconf 76' lang='grc' dir='ltr'>ἐκείνων</span> <span class='ocrx_word' id='word_1_48' title='bbox 1746 764 1843 835; x_wconf 80' lang='grc' dir='ltr'><strong>μὲν</strong></span> <span class='ocrx_word' id='word_1_49' title='bbox 1872 765 1934 818; x_wconf 82' lang='grc' dir='ltr'>τὸ</span> 
     </span>
    </p>
   </div>
   <div class='ocr_carea' id='block_1_9' title="bbox 366 850 1933 929">
    <p class='ocr_par' dir='ltr' id='par_1_9' title="bbox 366 850 1933 929">
     <span class='ocr_line' id='line_1_9' title="bbox 366 850 1933 929; baseline 0.004 -24"><span class='ocrx_word' id='word_1_50' title='bbox 366 853 647 911; x_wconf 71' lang='grc' dir='ltr'>βδελυκτὸν</span> <span class='ocrx_word' id='word_1_51' title='bbox 689 851 910 904; x_wconf 82' lang='grc' dir='ltr'>αὐτόθεν</span> <span class='ocrx_word' id='word_1_52' title='bbox 956 850 1249 923; x_wconf 84' lang='grc' dir='ltr'>γνώριμον.</span> <span class='ocrx_word' id='word_1_53' title='bbox 1308 852 1405 907; x_wconf 92' lang='grc' dir='ltr'>Διά</span> <span class='ocrx_word' id='word_1_54' title='bbox 1432 855 1485 908; x_wconf 88' lang='grc' dir='ltr'><strong>τί</strong></span> <span class='ocrx_word' id='word_1_55' title='bbox 1526 856 1707 926; x_wconf 86' lang='grc' dir='ltr'>μέντοι</span> <span class='ocrx_word' id='word_1_56' title='bbox 1738 858 1805 912; x_wconf 78' lang='grc' dir='ltr'>τὰ</span> <span class='ocrx_word' id='word_1_57' title='bbox 1836 860 1933 929; x_wconf 80' lang='grc' dir='ltr'>μὲν</span> 
     </span>
    </p>
   </div>
   <div class='ocr_carea' id='block_1_10' title="bbox 366 938 1932 1021">
    <p class='ocr_par' dir='ltr' id='par_1_10' title="bbox 366 938 1932 1021">
     <span class='ocr_line' id='line_1_10' title="bbox 366 938 1932 1021; baseline 0.004 -23"><span class='ocrx_word' id='word_1_58' title='bbox 366 938 530 999; x_wconf 67' lang='grc' dir='ltr'>ὕδατα</span> <span class='ocrx_word' id='word_1_59' title='bbox 574 944 777 1014; x_wconf 82' lang='grc' dir='ltr'>ἑρπετά</span> <span class='ocrx_word' id='word_1_60' title='bbox 816 943 1000 1014; x_wconf 72' lang='grc' dir='ltr'>ψυχῶν</span> <span class='ocrx_word' id='word_1_61' title='bbox 1031 944 1218 1009; x_wconf 82' lang='grc' dir='ltr'>ζωσῶν</span> <span class='ocrx_word' id='word_1_62' title='bbox 1252 946 1536 1015; x_wconf 80' lang='grc' dir='ltr'>ἐξαγαγεῖν</span> <span class='ocrx_word' id='word_1_63' title='bbox 1570 950 1932 1021; x_wconf 78' lang='grc' dir='ltr'><strong>προσετάχθη,</strong></span> 
     </span>
    </p>
   </div>
   <div class='ocr_carea' id='block_1_11' title="bbox 363 1032 1935 1107">
    <p class='ocr_par' dir='ltr' id='par_1_11' title="bbox 363 1032 1935 1107">
     <span class='ocr_line' id='line_1_11' title="bbox 363 1032 1935 1107; baseline 0.003 -18"><span class='ocrx_word' id='word_1_64' title='bbox 363 1034 395 1107; x_wconf 90' lang='grc' dir='ltr'><strong>ή</strong></span> <span class='ocrx_word' id='word_1_65' title='bbox 430 1036 485 1089; x_wconf 78' lang='grc' dir='ltr'>δὲ</span> <span class='ocrx_word' id='word_1_66' title='bbox 521 1035 594 1105; x_wconf 81' lang='grc' dir='ltr'>γῆ</span> <span class='ocrx_word' id='word_1_67' title='bbox 619 1034 794 1104; x_wconf 78' lang='grc' dir='ltr'>ψυχὴν</span> <span class='ocrx_word' id='word_1_68' title='bbox 821 1032 1031 1098; x_wconf 77' lang='grc' dir='ltr'>ζῶσαν;</span> <span class='ocrx_word' id='word_1_69' title='bbox 1065 1034 1437 1103; x_wconf 71' lang='grc' dir='ltr'>Λογιζόιιεθα.</span> <span class='ocrx_word' id='word_1_70' title='bbox 1460 1038 1658 1102; x_wconf 80' lang='grc' dir='ltr'>τοίνυν,</span> <span class='ocrx_word' id='word_1_71' title='bbox 1707 1042 1788 1093; x_wconf 78' lang='grc' dir='ltr'>ὅτι</span> <span class='ocrx_word' id='word_1_72' title='bbox 1824 1041 1935 1095; x_wconf 90' lang='grc' dir='ltr'><strong>τῶν</strong></span> 
     </span>
    </p>
   </div>
   <div class='ocr_carea' id='block_1_12' title="bbox 367 1120 1934 1201">
    <p class='ocr_par' dir='ltr' id='par_1_12' title="bbox 367 1120 1934 1201">
     <span class='ocr_line' id='line_1_12' title="bbox 367 1120 1934 1201; baseline 0.003 -21"><span class='ocrx_word' id='word_1_73' title='bbox 367 1120 464 1199; x_wconf 72' lang='grc' dir='ltr'>μὲν</span> <span class='ocrx_word' id='word_1_74' title='bbox 492 1127 704 1197; x_wconf 79' lang='grc' dir='ltr'>νηκτῶν</span> <span class='ocrx_word' id='word_1_75' title='bbox 751 1126 979 1197; x_wconf 78' lang='grc' dir='ltr'><strong>ἡφύσις</strong></span> <span class='ocrx_word' id='word_1_76' title='bbox 1025 1126 1378 1198; x_wconf 75' lang='grc' dir='ltr'>ἀτελεστέραξ</span> <span class='ocrx_word' id='word_1_77' title='bbox 1428 1136 1546 1193; x_wconf 79' lang='grc' dir='ltr'><strong>πως</strong></span> <span class='ocrx_word' id='word_1_78' title='bbox 1594 1130 1934 1201; x_wconf 76' lang='grc' dir='ltr'>δοκεῖ’ξωῆς</span> 
     </span>
    </p>
   </div>
   <div class='ocr_carea' id='block_1_13' title="bbox 368 1214 1936 1291">
    <p class='ocr_par' dir='ltr' id='par_1_13' title="bbox 368 1214 1936 1291">
     <span class='ocr_line' id='line_1_13' title="bbox 368 1214 1936 1291; baseline 0.002 -19"><span class='ocrx_word' id='word_1_79' title='bbox 368 1219 634 1291; x_wconf 76' lang='grc' dir='ltr'>μετέχειν,</span> <span class='ocrx_word' id='word_1_80' title='bbox 669 1217 756 1272; x_wconf 86' lang='grc' dir='ltr'><strong>διά</strong></span> <span class='ocrx_word' id='word_1_81' title='bbox 788 1219 848 1271; x_wconf 84' lang='grc' dir='ltr'><strong>τὸ</strong></span> <span class='ocrx_word' id='word_1_82' title='bbox 904 1220 961 1271; x_wconf 85' lang='grc' dir='ltr'>ὲν</span> <span class='ocrx_word' id='word_1_83' title='bbox 1011 1220 1077 1288; x_wconf 83' lang='grc' dir='ltr'>τῇ</span> <span class='ocrx_word' id='word_1_84' title='bbox 1138 1218 1406 1290; x_wconf 82' lang='grc' dir='ltr'>παχύτητι</span> <span class='ocrx_word' id='word_1_85' title='bbox 1452 1222 1544 1275; x_wconf 81' lang='grc' dir='ltr'>τοῦ</span> <span class='ocrx_word' id='word_1_86' title='bbox 1580 1214 1768 1285; x_wconf 74' lang='grc' dir='ltr'>ὕδατος</span> <span class='ocrx_word' id='word_1_87' title='bbox 1798 1223 1936 1277; x_wconf 90' lang='grc' dir='ltr'>διαι-</span> 
     </span>
    </p>
   </div>
   <div class='ocr_carea' id='block_1_14' title="bbox 360 1306 1935 1386">
    <p class='ocr_par' dir='ltr' id='par_1_14' title="bbox 360 1306 1935 1386">
     <span class='ocr_line' id='line_1_14' title="bbox 360 1306 1935 1386; baseline 0.001 -19"><span class='ocrx_word' id='word_1_88' title='bbox 360 1314 579 1368; x_wconf 76' lang='grc' dir='ltr'>τᾶσθαι.</span> <span class='ocrx_word' id='word_1_89' title='bbox 643 1314 752 1366; x_wconf 58' lang='grc' dir='ltr'><strong>Καὶ¹</strong></span> <span class='ocrx_word' id='word_1_90' title='bbox 792 1312 901 1383; x_wconf 77' lang='grc' dir='ltr'>γὰρ</span> <span class='ocrx_word' id='word_1_91' title='bbox 945 1311 1080 1382; x_wconf 89' lang='grc' dir='ltr'>ἀκοὴ</span> <span class='ocrx_word' id='word_1_92' title='bbox 1131 1316 1262 1385; x_wconf 78' lang='grc' dir='ltr'>παρ’</span> <span class='ocrx_word' id='word_1_93' title='bbox 1305 1313 1532 1378; x_wconf 68' lang='grc' dir='ltr'>δκείνοις</span> <span class='ocrx_word' id='word_1_94' title='bbox 1585 1315 1805 1386; x_wconf 86' lang='grc' dir='ltr'>βαρεῖα,</span> <span class='ocrx_word' id='word_1_95' title='bbox 1842 1306 1935 1369; x_wconf 67' lang='grc' dir='ltr'><strong>καὶ</strong></span> 
     </span>
    </p>
   </div>
   <div class='ocr_carea' id='block_1_15' title="bbox 362 1401 1936 1478">
    <p class='ocr_par' dir='ltr' id='par_1_15' title="bbox 362 1401 1936 1478">
     <span class='ocr_line' id='line_1_15' title="bbox 362 1401 1936 1478; baseline -0.001 -19"><span class='ocrx_word' id='word_1_96' title='bbox 362 1407 561 1478; x_wconf 85' lang='grc' dir='ltr'>ὁρῶσιν</span> <span class='ocrx_word' id='word_1_97' title='bbox 590 1404 765 1474; x_wconf 81' lang='grc' dir='ltr'>ἀμϐλὺ</span> <span class='ocrx_word' id='word_1_98' title='bbox 795 1405 883 1457; x_wconf 81' lang='grc' dir='ltr'>διὰ</span> <span class='ocrx_word' id='word_1_99' title='bbox 911 1405 1002 1457; x_wconf 82' lang='grc' dir='ltr'>τοῦ</span> <span class='ocrx_word' id='word_1_100' title='bbox 1026 1401 1215 1468; x_wconf 77' lang='grc' dir='ltr'>ὓδατος</span> <span class='ocrx_word' id='word_1_101' title='bbox 1245 1404 1549 1474; x_wconf 84' lang='grc' dir='ltr'>βλέποντες,</span> <span class='ocrx_word' id='word_1_102' title='bbox 1582 1408 1675 1460; x_wconf 71' lang='grc' dir='ltr'><strong>καὶ</strong></span> <span class='ocrx_word' id='word_1_103' title='bbox 1698 1406 1819 1459; x_wconf 75' lang='grc' dir='ltr'>οὔτε</span> <span class='ocrx_word' id='word_1_104' title='bbox 1852 1425 1936 1471; x_wconf 85' lang='grc' dir='ltr'><strong>τις</strong></span> 
     </span>
    </p>
   </div>
   <div class='ocr_carea' id='block_1_16' title="bbox 368 1494 1939 1568">
    <p class='ocr_par' dir='ltr' id='par_1_16' title="bbox 368 1494 1939 1568">
     <span class='ocr_line' id='line_1_16' title="bbox 368 1494 1939 1568; baseline -0.001 -18"><span class='ocrx_word' id='word_1_105' title='bbox 368 1500 555 1568; x_wconf 84' lang='grc' dir='ltr'>μνήμη</span> <span class='ocrx_word' id='word_1_106' title='bbox 595 1498 723 1567; x_wconf 83' lang='grc' dir='ltr'>παρ’</span> <span class='ocrx_word' id='word_1_107' title='bbox 758 1494 1006 1557; x_wconf 79' lang='grc' dir='ltr'>ἐκείνοις,</span> <span class='ocrx_word' id='word_1_108' title='bbox 1040 1494 1163 1549; x_wconf 76' lang='grc' dir='ltr'>οὗτε</span> <span class='ocrx_word' id='word_1_109' title='bbox 1200 1496 1486 1565; x_wconf 81' lang='grc' dir='ltr'>φαντασία,</span> <span class='ocrx_word' id='word_1_110' title='bbox 1522 1498 1643 1551; x_wconf 76' lang='grc' dir='ltr'>οὔτε</span> <span class='ocrx_word' id='word_1_111' title='bbox 1686 1499 1779 1551; x_wconf 79' lang='grc' dir='ltr'>τοῦ</span> <span class='ocrx_word' id='word_1_112' title='bbox 1817 1516 1939 1552; x_wconf 80' lang='grc' dir='ltr'>συν-</span> 
     </span>
    </p>
   </div>
   <div class='ocr_carea' id='block_1_17' title="bbox 362 1585 1934 1657">
    <p class='ocr_par' dir='ltr' id='par_1_17' title="bbox 362 1585 1934 1657">
     <span class='ocr_line' id='line_1_17' title="bbox 362 1585 1934 1657; baseline 0 -16"><span class='ocrx_word' id='word_1_113' title='bbox 362 1589 527 1657; x_wconf 84' lang='grc' dir='ltr'>ήθους</span> <span class='ocrx_word' id='word_1_114' title='bbox 550 1587 857 1653; x_wconf 75' lang='grc' dir='ltr'>ἐπίγνωσις.</span> <span class='ocrx_word' id='word_1_115' title='bbox 892 1585 987 1637; x_wconf 79' lang='grc' dir='ltr'>Διά</span> <span class='ocrx_word' id='word_1_116' title='bbox 1018 1586 1175 1637; x_wconf 74' lang='grc' dir='ltr'>τοῦτο</span> <span class='ocrx_word' id='word_1_117' title='bbox 1190 1588 1350 1639; x_wconf 75' lang='grc' dir='ltr'>οἱονεὶ</span> <span class='ocrx_word' id='word_1_118' title='bbox 1372 1586 1699 1641; x_wconf 77' lang='grc' dir='ltr'>ἐνδείκνυται</span> <span class='ocrx_word' id='word_1_119' title='bbox 1715 1591 1743 1641; x_wconf 87' lang='grc' dir='ltr'><strong>ό</strong></span> <span class='ocrx_word' id='word_1_120' title='bbox 1759 1588 1934 1657; x_wconf 82' lang='grc' dir='ltr'>λόγος,</span> 
     </span>
    </p>
   </div>
   <div class='ocr_carea' id='block_1_18' title="bbox 361 1678 1937 1751">
    <p class='ocr_par' dir='ltr' id='par_1_18' title="bbox 361 1678 1937 1751">
     <span class='ocr_line' id='line_1_18' title="bbox 361 1678 1937 1751; baseline 0.001 -17"><span class='ocrx_word' id='word_1_121' title='bbox 361 1682 443 1734; x_wconf 83' lang='grc' dir='ltr'><strong>ὅτι</strong></span> <span class='ocrx_word' id='word_1_122' title='bbox 496 1680 529 1749; x_wconf 83' lang='grc' dir='ltr'>ἡ</span> <span class='ocrx_word' id='word_1_123' title='bbox 566 1678 800 1750; x_wconf 73' lang='grc' dir='ltr'>σαρκικὴ</span> <span class='ocrx_word' id='word_1_124' title='bbox 852 1678 963 1749; x_wconf 77' lang='grc' dir='ltr'><strong>ζωὴ</strong></span> <span class='ocrx_word' id='word_1_125' title='bbox 1007 1680 1119 1741; x_wconf 85' lang='grc' dir='ltr'>τοῖς</span> <span class='ocrx_word' id='word_1_126' title='bbox 1179 1679 1421 1750; x_wconf 78' lang='grc' dir='ltr'>ἐνύδροις</span> <span class='ocrx_word' id='word_1_127' title='bbox 1468 1680 1787 1751; x_wconf 85' lang='grc' dir='ltr'>καθηγεῖται</span> <span class='ocrx_word' id='word_1_128' title='bbox 1829 1682 1937 1735; x_wconf 88' lang='grc' dir='ltr'><strong>τῶν</strong></span> 
     </span>
    </p>
   </div>
   <div class='ocr_carea' id='block_1_19' title="bbox 359 1768 1934 1844">
    <p class='ocr_par' dir='ltr' id='par_1_19' title="bbox 359 1768 1934 1844">
     <span class='ocr_line' id='line_1_19' title="bbox 359 1768 1934 1844; baseline 0.002 -21"><span class='ocrx_word' id='word_1_129' title='bbox 359 1769 607 1841; x_wconf 76' lang='grc' dir='ltr'>ψυχικῶν</span> <span class='ocrx_word' id='word_1_130' title='bbox 656 1769 1001 1840; x_wconf 79' lang='grc' dir='ltr'>κινημάτων·</span> <span class='ocrx_word' id='word_1_131' title='bbox 1041 1769 1132 1821; x_wconf 69' lang='grc' dir='ltr'>ἐπὶ</span> <span class='ocrx_word' id='word_1_132' title='bbox 1180 1768 1236 1822; x_wconf 83' lang='grc' dir='ltr'>δὲ</span> <span class='ocrx_word' id='word_1_133' title='bbox 1264 1771 1370 1823; x_wconf 89' lang='grc' dir='ltr'><strong>τῶν</strong></span> <span class='ocrx_word' id='word_1_134' title='bbox 1416 1772 1706 1844; x_wconf 86' lang='grc' dir='ltr'>χερσαίων,</span> <span class='ocrx_word' id='word_1_135' title='bbox 1741 1773 1815 1836; x_wconf 88' lang='grc' dir='ltr'>ὠς</span> <span class='ocrx_word' id='word_1_136' title='bbox 1849 1789 1934 1826; x_wconf 83' lang='grc' dir='ltr'>τε·</span> 
     </span>
    </p>
   </div>
   <div class='ocr_carea' id='block_1_20' title="bbox 2036 587 3594 657">
    <p class='ocr_par' dir='ltr' id='par_1_20' title="bbox 2036 587 3594 657">
     <span class='ocr_line' id='line_1_20' title="bbox 2036 587 3594 657; baseline 0.006 -18"><span class='ocrx_word' id='word_1_137' title='bbox 2036 587 2268 640; x_wconf 91' lang='lat' dir='ltr'><strong>animam</strong></span> <span class='ocrx_word' id='word_1_138' title='bbox 2301 588 2549 657; x_wconf 76' lang='lat' dir='ltr'><strong>produxit</strong></span> <span class='ocrx_word' id='word_1_139' title='bbox 2573 597 2743 649; x_wconf 86' lang='lat' dir='ltr'><strong>terra,</strong></span> <span class='ocrx_word' id='word_1_140' title='bbox 2778 603 2836 641; x_wconf 91' lang='lat' dir='ltr'><strong>se</strong></span> <span class='ocrx_word' id='word_1_141' title='bbox 2867 590 3031 657; x_wconf 77' lang='lat' dir='ltr'><strong>ipsam</strong></span> <span class='ocrx_word' id='word_1_142' title='bbox 3066 591 3242 642; x_wconf 86' lang='lat' dir='ltr'><strong>anima</strong></span> <span class='ocrx_word' id='word_1_143' title='bbox 3288 593 3594 650; x_wconf 73' lang='lat' dir='ltr'><strong>destitutam</strong></span> 
     </span>
    </p>
   </div>
   <div class='ocr_carea' id='block_1_21' title="bbox 2034 680 3594 750">
    <p class='ocr_par' dir='ltr' id='par_1_21' title="bbox 2034 680 3594 750">
     <span class='ocr_line' id='line_1_21' title="bbox 2034 680 3594 750; baseline 0.006 -17"><span class='ocrx_word' id='word_1_144' title='bbox 2034 680 2335 749; x_wconf 78' lang='lat' dir='ltr'><strong>dereliquit.</strong></span> <span class='ocrx_word' id='word_1_145' title='bbox 2365 680 2467 734; x_wconf 86' lang='lat' dir='ltr'><strong>Sed</strong></span> <span class='ocrx_word' id='word_1_146' title='bbox 2489 682 2699 735; x_wconf 84' lang='lat' dir='ltr'><strong>illorum</strong></span> <span class='ocrx_word' id='word_1_147' title='bbox 2727 684 2938 750; x_wconf 83' lang='lat' dir='ltr'><strong>quidem</strong></span> <span class='ocrx_word' id='word_1_148' title='bbox 2962 683 3306 739; x_wconf 75' lang='lat' dir='ltr'><strong>exsecrabilis</strong></span> <span class='ocrx_word' id='word_1_149' title='bbox 3330 690 3594 742; x_wconf 84' lang='lat' dir='ltr'><strong>sententia</strong></span> 
     </span>
    </p>
   </div>
   <div class='ocr_carea' id='block_1_22' title="bbox 2034 772 3595 847">
    <p class='ocr_par' dir='ltr' id='par_1_22' title="bbox 2034 772 3595 847">
     <span class='ocr_line' id='line_1_22' title="bbox 2034 772 3595 847; baseline 0.007 -23"><span class='ocrx_word' id='word_1_150' title='bbox 2034 783 2096 824; x_wconf 81' lang='lat' dir='ltr'><strong>ex</strong></span> <span class='ocrx_word' id='word_1_151' title='bbox 2122 785 2179 824; x_wconf 89' lang='lat' dir='ltr'><strong>se</strong></span> <span class='ocrx_word' id='word_1_152' title='bbox 2207 772 2314 840; x_wconf 85' lang='lat' dir='ltr'><strong>ipsa</strong></span> <span class='ocrx_word' id='word_1_153' title='bbox 2344 780 2511 841; x_wconf 82' lang='lat' dir='ltr'><strong>patet.</strong></span> <span class='ocrx_word' id='word_1_154' title='bbox 2543 772 2651 826; x_wconf 87' lang='lat' dir='ltr'><strong>Cur</strong></span> <span class='ocrx_word' id='word_1_155' title='bbox 2673 781 2846 827; x_wconf 89' lang='lat' dir='ltr'><strong>autem</strong></span> <span class='ocrx_word' id='word_1_156' title='bbox 2877 774 3208 843; x_wconf 66' lang='lat' dir='ltr'><strong>aquazjussae</strong></span> <span class='ocrx_word' id='word_1_157' title='bbox 3237 787 3360 831; x_wconf 90' lang='lat' dir='ltr'><strong>sunt</strong></span> <span class='ocrx_word' id='word_1_158' title='bbox 3386 780 3595 847; x_wconf 85' lang='lat' dir='ltr'><strong>reptllia</strong></span> 
     </span>
    </p>
   </div>
   <div class='ocr_carea' id='block_1_23' title="bbox 2035 862 3595 933">
    <p class='ocr_par' dir='ltr' id='par_1_23' title="bbox 2035 862 3595 933">
     <span class='ocr_line' id='line_1_23' title="bbox 2035 862 3595 933; baseline 0.008 -20"><span class='ocrx_word' id='word_1_159' title='bbox 2035 862 2336 915; x_wconf 91' lang='lat' dir='ltr'><strong>animarum</strong></span> <span class='ocrx_word' id='word_1_160' title='bbox 2373 863 2661 917; x_wconf 89' lang='lat' dir='ltr'><strong>viventium</strong></span> <span class='ocrx_word' id='word_1_161' title='bbox 2688 866 3000 933; x_wconf 81' lang='lat' dir='ltr'><strong>producere,</strong></span> <span class='ocrx_word' id='word_1_162' title='bbox 3036 876 3175 921; x_wconf 84' lang='lat' dir='ltr'><strong>terra</strong></span> <span class='ocrx_word' id='word_1_163' title='bbox 3202 880 3327 923; x_wconf 78' lang='lat' dir='ltr'><strong>Vero</strong></span> <span class='ocrx_word' id='word_1_164' title='bbox 3361 872 3595 927; x_wconf 81' lang='lat' dir='ltr'><strong>animam</strong></span> 
     </span>
    </p>
   </div>
   <div class='ocr_carea' id='block_1_24' title="bbox 2033 950 3589 1027">
    <p class='ocr_par' dir='ltr' id='par_1_24' title="bbox 2033 950 3589 1027">
     <span class='ocr_line' id='line_1_24' title="bbox 2033 950 3589 1027; baseline 0.008 -24"><span class='ocrx_word' id='word_1_165' title='bbox 2033 950 2336 1007; x_wconf 87' lang='lat' dir='ltr'><strong>viventem?</strong></span> <span class='ocrx_word' id='word_1_166' title='bbox 2374 955 2715 1009; x_wconf 89' lang='lat' dir='ltr'><strong>Arbitramur</strong></span> <span class='ocrx_word' id='word_1_167' title='bbox 2763 957 3063 1011; x_wconf 88' lang='lat' dir='ltr'><strong>natatilium</strong></span> <span class='ocrx_word' id='word_1_168' title='bbox 3101 956 3315 1027; x_wconf 81' lang='lat' dir='ltr'><strong>quidem</strong></span> <span class='ocrx_word' id='word_1_169' title='bbox 3344 973 3589 1016; x_wconf 86' lang='lat' dir='ltr'><strong>naturam</strong></span> 
     </span>
    </p>
   </div>
   <div class='ocr_carea' id='block_1_25' title="bbox 2033 1044 3594 1124">
    <p class='ocr_par' dir='ltr' id='par_1_25' title="bbox 2033 1044 3594 1124">
     <span class='ocr_line' id='line_1_25' title="bbox 2033 1044 3594 1124; baseline 0.008 -28"><span class='ocrx_word' id='word_1_170' title='bbox 2033 1044 2201 1099; x_wconf 85' lang='lat' dir='ltr'><strong>videri</strong></span> <span class='ocrx_word' id='word_1_171' title='bbox 2230 1045 2350 1099; x_wconf 72' lang='lat' dir='ltr'><strong>vita:</strong></span> <span class='ocrx_word' id='word_1_172' title='bbox 2387 1047 2777 1113; x_wconf 88' lang='lat' dir='ltr'><strong>quodammodo</strong></span> <span class='ocrx_word' id='word_1_173' title='bbox 2825 1050 3235 1118; x_wconf 79' lang='lat' dir='ltr'><strong>imperfectioris</strong></span> <span class='ocrx_word' id='word_1_174' title='bbox 3278 1055 3594 1124; x_wconf 82' lang='lat' dir='ltr'><strong>participem</strong></span> 
     </span>
    </p>
   </div>
   <div class='ocr_carea' id='block_1_26' title="bbox 2035 1138 3594 1214">
    <p class='ocr_par' dir='ltr' id='par_1_26' title="bbox 2035 1138 3594 1214">
     <span class='ocr_line' id='line_1_26' title="bbox 2035 1138 3594 1214; baseline 0.007 -26"><span class='ocrx_word' id='word_1_175' title='bbox 2035 1148 2177 1200; x_wconf 83' lang='lat' dir='ltr'><strong>esse,</strong></span> <span class='ocrx_word' id='word_1_176' title='bbox 2204 1146 2484 1206; x_wconf 84' lang='lat' dir='ltr'><strong>pr0pterea</strong></span> <span class='ocrx_word' id='word_1_177' title='bbox 2529 1138 2671 1208; x_wconf 89' lang='lat' dir='ltr'><strong>quod</strong></span> <span class='ocrx_word' id='word_1_178' title='bbox 2713 1140 2764 1194; x_wconf 90' lang='lat' dir='ltr'><strong>in</strong></span> <span class='ocrx_word' id='word_1_179' title='bbox 2801 1156 2952 1210; x_wconf 84' lang='lat' dir='ltr'><strong>aquae</strong></span> <span class='ocrx_word' id='word_1_180' title='bbox 2992 1143 3348 1198; x_wconf 80' lang='lat' dir='ltr'><strong>crassitudine</strong></span> <span class='ocrx_word' id='word_1_181' title='bbox 3375 1145 3594 1214; x_wconf 76' lang='lat' dir='ltr'><strong>degunl.</strong></span> 
     </span>
    </p>
   </div>
   <div class='ocr_carea' id='block_1_27' title="bbox 2035 1224 3596 1303">
    <p class='ocr_par' dir='ltr' id='par_1_27' title="bbox 2035 1224 3596 1303">
     <span class='ocr_line' id='line_1_27' title="bbox 2035 1224 3596 1303; baseline 0.008 -25"><span class='ocrx_word' id='word_1_182' title='bbox 2035 1224 2167 1279; x_wconf 89' lang='lat' dir='ltr'><strong>Nam</strong></span> <span class='ocrx_word' id='word_1_183' title='bbox 2195 1240 2249 1280; x_wconf 90' lang='lat' dir='ltr'><strong>et</strong></span> <span class='ocrx_word' id='word_1_184' title='bbox 2296 1228 2400 1283; x_wconf 87' lang='lat' dir='ltr'><strong>illis</strong></span> <span class='ocrx_word' id='word_1_185' title='bbox 2447 1232 2585 1284; x_wconf 82' lang='lat' dir='ltr'><strong>inest</strong></span> <span class='ocrx_word' id='word_1_186' title='bbox 2622 1231 2836 1286; x_wconf 88' lang='lat' dir='ltr'><strong>auditus</strong></span> <span class='ocrx_word' id='word_1_187' title='bbox 2876 1233 3072 1301; x_wconf 83' lang='lat' dir='ltr'><strong>gravis,</strong></span> <span class='ocrx_word' id='word_1_188' title='bbox 3114 1234 3381 1303; x_wconf 81' lang='lat' dir='ltr'><strong>Itebesque</strong></span> <span class='ocrx_word' id='word_1_189' title='bbox 3415 1236 3596 1300; x_wconf 78' lang='lat' dir='ltr'><strong>visus,</strong></span> 
     </span>
    </p>
   </div>
   <div class='ocr_carea' id='block_1_28' title="bbox 2039 1324 3598 1389">
    <p class='ocr_par' dir='ltr' id='par_1_28' title="bbox 2039 1324 3598 1389">
     <span class='ocr_line' id='line_1_28' title="bbox 2039 1324 3598 1389; baseline 0.006 -20"><span class='ocrx_word' id='word_1_190' title='bbox 2039 1327 2222 1385; x_wconf 85' lang='lat' dir='ltr'><strong>utpote</strong></span> <span class='ocrx_word' id='word_1_191' title='bbox 2254 1334 2347 1386; x_wconf 90' lang='lat' dir='ltr'><strong>per</strong></span> <span class='ocrx_word' id='word_1_192' title='bbox 2382 1334 2576 1389; x_wconf 90' lang='lat' dir='ltr'><strong>aquam</strong></span> <span class='ocrx_word' id='word_1_193' title='bbox 2610 1325 2955 1378; x_wconf 85' lang='lat' dir='ltr'><strong>cernentibus</strong></span> <span class='ocrx_word' id='word_1_194' title='bbox 2988 1342 3001 1377; x_wconf 87' lang='lat'><strong>:</strong></span> <span class='ocrx_word' id='word_1_195' title='bbox 3032 1328 3130 1378; x_wconf 86' lang='lat' dir='ltr'><strong>nec</strong></span> <span class='ocrx_word' id='word_1_196' title='bbox 3158 1324 3263 1377; x_wconf 91' lang='lat' dir='ltr'><strong>ulla</strong></span> <span class='ocrx_word' id='word_1_197' title='bbox 3297 1334 3378 1379; x_wconf 86' lang='lat' dir='ltr'><strong>est</strong></span> <span class='ocrx_word' id='word_1_198' title='bbox 3405 1325 3458 1378; x_wconf 91' lang='lat' dir='ltr'><strong>in</strong></span> <span class='ocrx_word' id='word_1_199' title='bbox 3488 1325 3598 1379; x_wconf 82' lang='lat' dir='ltr'><strong>illis</strong></span> 
     </span>
    </p>
   </div>
   <div class='ocr_carea' id='block_1_29' title="bbox 2037 1408 3597 1483">
    <p class='ocr_par' dir='ltr' id='par_1_29' title="bbox 2037 1408 3597 1483">
     <span class='ocr_line' id='line_1_29' title="bbox 2037 1408 3597 1483; baseline 0.007 -24"><span class='ocrx_word' id='word_1_200' title='bbox 2037 1408 2315 1472; x_wconf 80' lang='lat' dir='ltr'><strong>memoria,</strong></span> <span class='ocrx_word' id='word_1_201' title='bbox 2344 1424 2518 1478; x_wconf 89' lang='lat' dir='ltr'><strong>neque</strong></span> <span class='ocrx_word' id='word_1_202' title='bbox 2549 1411 2883 1481; x_wconf 84' lang='lat' dir='ltr'><strong>imagihatio,</strong></span> <span class='ocrx_word' id='word_1_203' title='bbox 2927 1422 3101 1483; x_wconf 77' lang='lat' dir='ltr'><strong>nethe</strong></span> <span class='ocrx_word' id='word_1_204' title='bbox 3124 1414 3281 1467; x_wconf 89' lang='lat' dir='ltr'><strong>ullius</strong></span> <span class='ocrx_word' id='word_1_205' title='bbox 3306 1427 3597 1469; x_wconf 52' lang='lat' dir='ltr'><strong>consuetus</strong></span> 
     </span>
    </p>
   </div>
   <div class='ocr_carea' id='block_1_30' title="bbox 2036 1492 3595 1567">
    <p class='ocr_par' dir='ltr' id='par_1_30' title="bbox 2036 1492 3595 1567">
     <span class='ocr_line' id='line_1_30' title="bbox 2036 1492 3595 1567; baseline 0.006 -22"><span class='ocrx_word' id='word_1_206' title='bbox 2036 1492 2175 1546; x_wconf 88' lang='lat' dir='ltr'><strong>diuis</strong></span> <span class='ocrx_word' id='word_1_207' title='bbox 2209 1494 2462 1563; x_wconf 79' lang='lat' dir='ltr'><strong>cognitio.</strong></span> <span class='ocrx_word' id='word_1_208' title='bbox 2503 1496 2843 1565; x_wconf 85' lang='lat' dir='ltr'><strong>Quapropter</strong></span> <span class='ocrx_word' id='word_1_209' title='bbox 2886 1500 3037 1567; x_wconf 90' lang='lat' dir='ltr'><strong>quasi</strong></span> <span class='ocrx_word' id='word_1_210' title='bbox 3088 1499 3327 1554; x_wconf 88' lang='lat' dir='ltr'><strong>declarat</strong></span> <span class='ocrx_word' id='word_1_211' title='bbox 3382 1517 3595 1566; x_wconf 69' lang='lat' dir='ltr'><strong>sermo;</strong></span> 
     </span>
    </p>
   </div>
   <div class='ocr_carea' id='block_1_31' title="bbox 2037 1583 3596 1658">
    <p class='ocr_par' dir='ltr' id='par_1_31' title="bbox 2037 1583 3596 1658">
     <span class='ocr_line' id='line_1_31' title="bbox 2037 1583 3596 1658; baseline 0.008 -22"><span class='ocrx_word' id='word_1_212' title='bbox 2037 1583 2202 1637; x_wconf 89' lang='lat' dir='ltr'><strong>vitam</strong></span> <span class='ocrx_word' id='word_1_213' title='bbox 2255 1586 2525 1639; x_wconf 87' lang='lat' dir='ltr'><strong>carnalem</strong></span> <span class='ocrx_word' id='word_1_214' title='bbox 2590 1586 2909 1643; x_wconf 85' lang='lat' dir='ltr'><strong>animalibus</strong></span> <span class='ocrx_word' id='word_1_215' title='bbox 2963 1593 3196 1644; x_wconf 86' lang='lat' dir='ltr'><strong>motibus</strong></span> <span class='ocrx_word' id='word_1_216' title='bbox 3246 1604 3476 1658; x_wconf 75' lang='lat' dir='ltr'><strong>prteesse</strong></span> <span class='ocrx_word' id='word_1_217' title='bbox 3543 1595 3596 1647; x_wconf 90' lang='lat' dir='ltr'><strong>in</strong></span> 
     </span>
    </p>
   </div>
   <div class='ocr_carea' id='block_1_32' title="bbox 2040 1674 3596 1752">
    <p class='ocr_par' dir='ltr' id='par_1_32' title="bbox 2040 1674 3596 1752">
     <span class='ocr_line' id='line_1_32' title="bbox 2040 1674 3596 1752; baseline 0.008 -27"><span class='ocrx_word' id='word_1_218' title='bbox 2040 1674 2406 1739; x_wconf 79' lang='lat' dir='ltr'><strong>aquatilibus:</strong></span> <span class='ocrx_word' id='word_1_219' title='bbox 2449 1675 2500 1728; x_wconf 93' lang='lat' dir='ltr'><strong>in</strong></span> <span class='ocrx_word' id='word_1_220' title='bbox 2534 1679 2881 1732; x_wconf 86' lang='lat' dir='ltr'><strong>terrestribus</strong></span> <span class='ocrx_word' id='word_1_221' title='bbox 2919 1692 3073 1742; x_wconf 87' lang='lat' dir='ltr'><strong>vero,</strong></span> <span class='ocrx_word' id='word_1_222' title='bbox 3107 1691 3288 1750; x_wconf 83' lang='lat' dir='ltr'><strong>utpote</strong></span> <span class='ocrx_word' id='word_1_223' title='bbox 3324 1685 3428 1737; x_wconf 90' lang='lat' dir='ltr'><strong>vita</strong></span> <span class='ocrx_word' id='word_1_224' title='bbox 3470 1694 3596 1752; x_wconf 79' lang='lat' dir='ltr'><strong>per-</strong></span> 
     </span>
    </p>
   </div>
   <div class='ocr_carea' id='block_1_33' title="bbox 2042 1763 3599 1839">
    <p class='ocr_par' dir='ltr' id='par_1_33' title="bbox 2042 1763 3599 1839">
     <span class='ocr_line' id='line_1_33' title="bbox 2042 1763 3599 1839; baseline 0.01 -22"><span class='ocrx_word' id='word_1_225' title='bbox 2042 1763 2261 1819; x_wconf 87' lang='lat' dir='ltr'><strong>Iectiore</strong></span> <span class='ocrx_word' id='word_1_226' title='bbox 2300 1768 2567 1835; x_wconf 70' lang='lat' dir='ltr'><strong>prmditis,</strong></span> <span class='ocrx_word' id='word_1_227' title='bbox 2616 1770 2979 1839; x_wconf 89' lang='lat' dir='ltr'><strong>principatum</strong></span> <span class='ocrx_word' id='word_1_228' title='bbox 3017 1790 3232 1829; x_wconf 91' lang='lat' dir='ltr'><strong>omnem</strong></span> <span class='ocrx_word' id='word_1_229' title='bbox 3268 1777 3463 1831; x_wconf 64' lang='lat' dir='ltr'><strong>animm</strong></span> <span class='ocrx_word' id='word_1_230' title='bbox 3506 1779 3599 1831; x_wconf 54' lang='lat' dir='ltr'><strong>des</strong></span> 
     </span>
    </p>
   </div>
   <div class='ocr_carea' id='block_1_34' title="bbox 360 1835 1933 1936">
    <p class='ocr_par' dir='ltr' id='par_1_34' title="bbox 360 1835 1933 1935">
     <span class='ocr_line' id='line_1_34' title="bbox 360 1835 1933 1935; baseline 0.003 -22"><span class='ocrx_word' id='word_1_231' title='bbox 360 1835 633 1932; x_wconf 66' lang='grc' dir='ltr'>λειοτέρας</span> <span class='ocrx_word' id='word_1_232' title='bbox 661 1835 985 1929; x_wconf 22' lang='grc' dir='ltr'>(55)-ταύτῶν</span> <span class='ocrx_word' id='word_1_233' title='bbox 1019 1861 1184 1931; x_wconf 70' lang='grc' dir='ltr'>οὔσης</span> <span class='ocrx_word' id='word_1_234' title='bbox 1216 1863 1313 1932; x_wconf 84' lang='grc' dir='ltr'>τῆς</span> <span class='ocrx_word' id='word_1_235' title='bbox 1556 1860 1589 1935; x_wconf 86' lang='grc' dir='ltr'>ἡ</span> <span class='ocrx_word' id='word_1_236' title='bbox 1636 1863 1781 1935; x_wconf 69' lang='grc' dir='ltr'>ψυχὴ</span> <span class='ocrx_word' id='word_1_237' title='bbox 1835 1865 1933 1935; x_wconf 81' lang='grc' dir='ltr'><strong>τὴν</strong></span> 
     </span>
    </p>
   </div>
   <div class='ocr_carea' id='block_1_35' title="bbox 2036 1835 3601 1936">
    <p class='ocr_par' dir='ltr' id='par_1_35' title="bbox 2037 1835 3601 1936">
     <span class='ocr_line' id='line_1_35' title="bbox 2037 1835 3601 1936; baseline 0.007 -26"><span class='ocrx_word' id='word_1_238' title='bbox 2037 1855 2184 1911; x_wconf 80' lang='lat' dir='ltr'><strong>ferri.</strong></span> <span class='ocrx_word' id='word_1_239' title='bbox 2213 1857 2347 1911; x_wconf 87' lang='lat' dir='ltr'><strong>Nam</strong></span> <span class='ocrx_word' id='word_1_240' title='bbox 2373 1868 2425 1913; x_wconf 91' lang='lat' dir='ltr'><strong>et</strong></span> <span class='ocrx_word' id='word_1_241' title='bbox 2448 1835 2702 1931; x_wconf 81' lang='lat' dir='ltr'><strong>pleraque</strong></span> <span class='ocrx_word' id='word_1_242' title='bbox 2745 1835 3096 1933; x_wconf 84' lang='lat' dir='ltr'><strong>quadrupeda</strong></span> <span class='ocrx_word' id='word_1_243' title='bbox 3126 1868 3374 1921; x_wconf 89' lang='lat' dir='ltr'><strong>sensibus</strong></span> <span class='ocrx_word' id='word_1_244' title='bbox 3399 1870 3601 1936; x_wconf 50' lang='lat' dir='ltr'><strong>perspié</strong></span> 
     </span>
    </p>
   </div>
   <div class='ocr_carea' id='block_1_36' title="bbox 359 1953 1934 2027">
    <p class='ocr_par' dir='ltr' id='par_1_36' title="bbox 359 1953 1934 2027">
     <span class='ocr_line' id='line_1_36' title="bbox 359 1953 1934 2027; baseline 0.002 -21"><span class='ocrx_word' id='word_1_245' title='bbox 359 1954 660 2024; x_wconf 72' lang='grc' dir='ltr'>ἠγεμονίαν</span> <span class='ocrx_word' id='word_1_246' title='bbox 690 1953 1081 2024; x_wconf 78' lang='grc' dir='ltr'>ἐπιτέτραπται</span> <span class='ocrx_word' id='word_1_247' title='bbox 1112 1957 1313 2008; x_wconf 78' lang='grc' dir='ltr'>πᾶσαν.</span> <span class='ocrx_word' id='word_1_248' title='bbox 1338 1955 1407 2007; x_wconf 74' lang='grc' dir='ltr'>Αἵ</span> <span class='ocrx_word' id='word_1_249' title='bbox 1422 1972 1482 2007; x_wconf 88' lang='grc' dir='ltr'><strong>τε</strong></span> <span class='ocrx_word' id='word_1_250' title='bbox 1508 1954 1617 2026; x_wconf 91' lang='grc' dir='ltr'><strong>γάρ</strong></span> <span class='ocrx_word' id='word_1_251' title='bbox 1658 1955 1934 2027; x_wconf 78' lang='grc' dir='ltr'>αἰσθήσεις</span> 
     </span>
    </p>
   </div>
   <div class='ocr_carea' id='block_1_37' title="bbox 367 2045 1934 2117">
    <p class='ocr_par' dir='ltr' id='par_1_37' title="bbox 367 2045 1934 2117">
     <span class='ocr_line' id='line_1_37' title="bbox 367 2045 1934 2117; baseline 0.001 -19"><span class='ocrx_word' id='word_1_252' title='bbox 367 2045 564 2115; x_wconf 72' lang='grc' dir='ltr'>μᾶλλον</span> <span class='ocrx_word' id='word_1_253' title='bbox 605 2045 963 2115; x_wconf 77' lang='grc' dir='ltr'>τετράνωνται</span> <span class='ocrx_word' id='word_1_254' title='bbox 984 2061 997 2075; x_wconf 76' lang='grc'><strong><em>⁸</em></strong></span> <span class='ocrx_word' id='word_1_255' title='bbox 1045 2046 1141 2099; x_wconf 61' lang='grc' dir='ltr'><strong>καλ¹</strong></span> <span class='ocrx_word' id='word_1_256' title='bbox 1172 2046 1339 2111; x_wconf 74' lang='grc' dir='ltr'>ὀξεῖαι</span> <span class='ocrx_word' id='word_1_257' title='bbox 1387 2046 1485 2115; x_wconf 85' lang='grc' dir='ltr'><strong>μὲν</strong></span> <span class='ocrx_word' id='word_1_258' title='bbox 1512 2046 1622 2099; x_wconf 91' lang='grc' dir='ltr'><strong>τῶν</strong></span> <span class='ocrx_word' id='word_1_259' title='bbox 1652 2046 1934 2117; x_wconf 79' lang='grc' dir='ltr'>παρόντων</span> 
     </span>
    </p>
   </div>
   <div class='ocr_carea' id='block_1_38' title="bbox 363 2135 1935 2209">
    <p class='ocr_par' dir='ltr' id='par_1_38' title="bbox 363 2135 1935 2209">
     <span class='ocr_line' id='line_1_38' title="bbox 363 2135 1935 2209; baseline 0.001 -19"><span class='ocrx_word' id='word_1_260' title='bbox 363 2138 420 2190; x_wconf 79' lang='grc' dir='ltr'>αἱ</span> <span class='ocrx_word' id='word_1_261' title='bbox 445 2136 777 2206; x_wconf 81' lang='grc' dir='ltr'>ἀντιλήψεις,</span> <span class='ocrx_word' id='word_1_262' title='bbox 814 2135 1061 2205; x_wconf 85' lang='grc' dir='ltr'>ἀκριϐεῖς</span> <span class='ocrx_word' id='word_1_263' title='bbox 1092 2136 1148 2188; x_wconf 79' lang='grc' dir='ltr'><strong>δὲ</strong></span> <span class='ocrx_word' id='word_1_264' title='bbox 1182 2136 1392 2207; x_wconf 81' lang='grc' dir='ltr'>μνῆμαι</span> <span class='ocrx_word' id='word_1_265' title='bbox 1421 2136 1529 2190; x_wconf 92' lang='grc' dir='ltr'><strong>τῶν</strong></span> <span class='ocrx_word' id='word_1_266' title='bbox 1563 2137 1935 2209; x_wconf 86' lang='grc' dir='ltr'>παρελθόντων</span> 
     </span>
    </p>
   </div>
   <div class='ocr_carea' id='block_1_39' title="bbox 363 2228 1932 2301">
    <p class='ocr_par' dir='ltr' id='par_1_39' title="bbox 363 2228 1932 2301">
     <span class='ocr_line' id='line_1_39' title="bbox 363 2228 1932 2301; baseline -0.001 -17"><span class='ocrx_word' id='word_1_267' title='bbox 363 2230 515 2298; x_wconf 79' lang='grc' dir='ltr'><strong>παρά</strong></span> <span class='ocrx_word' id='word_1_268' title='bbox 571 2233 684 2292; x_wconf 86' lang='grc' dir='ltr'>τοῖς</span> <span class='ocrx_word' id='word_1_269' title='bbox 747 2228 1019 2290; x_wconf 86' lang='grc' dir='ltr'>πλείστοις</span> <span class='ocrx_word' id='word_1_270' title='bbox 1070 2229 1178 2281; x_wconf 84' lang='grc' dir='ltr'><strong>τῶν</strong></span> <span class='ocrx_word' id='word_1_271' title='bbox 1222 2230 1581 2301; x_wconf 89' lang='grc' dir='ltr'>τετραπόδων.</span> <span class='ocrx_word' id='word_1_272' title='bbox 1618 2228 1713 2283; x_wconf 91' lang='grc' dir='ltr'>Διά</span> <span class='ocrx_word' id='word_1_273' title='bbox 1756 2230 1932 2295; x_wconf 77' lang='grc' dir='ltr'>τοῦτο,</span> 
     </span>
    </p>
   </div>
   <div class='ocr_carea' id='block_1_40' title="bbox 362 2319 1932 2395">
    <p class='ocr_par' dir='ltr' id='par_1_40' title="bbox 362 2319 1932 2395">
     <span class='ocr_line' id='line_1_40' title="bbox 362 2319 1932 2395; baseline -0.001 -20"><span class='ocrx_word' id='word_1_274' title='bbox 362 2322 439 2386; x_wconf 82' lang='grc' dir='ltr'><strong>ὡς</strong></span> <span class='ocrx_word' id='word_1_275' title='bbox 468 2322 665 2384; x_wconf 77' lang='grc' dir='ltr'>ἔοικεν,</span> <span class='ocrx_word' id='word_1_276' title='bbox 719 2321 810 2373; x_wconf 74' lang='grc' dir='ltr'>ἐπὶ</span> <span class='ocrx_word' id='word_1_277' title='bbox 858 2319 953 2390; x_wconf 83' lang='grc' dir='ltr'><strong>μὲν</strong></span> <span class='ocrx_word' id='word_1_278' title='bbox 1002 2320 1109 2374; x_wconf 92' lang='grc' dir='ltr'><strong>τῶν</strong></span> <span class='ocrx_word' id='word_1_279' title='bbox 1166 2321 1401 2392; x_wconf 79' lang='grc' dir='ltr'>ἐνύδρων</span> <span class='ocrx_word' id='word_1_280' title='bbox 1433 2320 1659 2392; x_wconf 83' lang='grc' dir='ltr'>σώματα</span> <span class='ocrx_word' id='word_1_281' title='bbox 1712 2320 1932 2395; x_wconf 84' lang='grc' dir='ltr'>ὲκτίσθη</span> 
     </span>
    </p>
   </div>
   <div class='ocr_carea' id='block_1_41' title="bbox 362 2412 1935 2484">
    <p class='ocr_par' dir='ltr' id='par_1_41' title="bbox 362 2412 1935 2484">
     <span class='ocr_line' id='line_1_41' title="bbox 362 2412 1935 2484; baseline -0.001 -18"><span class='ocrx_word' id='word_1_282' title='bbox 362 2414 686 2484; x_wconf 66' lang='grc' dir='ltr'>ἐψυχωμένα</span> <span class='ocrx_word' id='word_1_283' title='bbox 711 2412 820 2483; x_wconf 79' lang='grc'>(56)</span> <span class='ocrx_word' id='word_1_284' title='bbox 856 2412 1078 2483; x_wconf 78' lang='grc' dir='ltr'>(ἑρπετά</span> <span class='ocrx_word' id='word_1_285' title='bbox 1109 2414 1217 2484; x_wconf 69' lang='grc' dir='ltr'>γὰρ</span> <span class='ocrx_word' id='word_1_286' title='bbox 1266 2412 1450 2482; x_wconf 81' lang='grc' dir='ltr'>ψυχῶν</span> <span class='ocrx_word' id='word_1_287' title='bbox 1494 2412 1682 2476; x_wconf 78' lang='grc' dir='ltr'>ζωσῶν</span> <span class='ocrx_word' id='word_1_288' title='bbox 1719 2415 1782 2467; x_wconf 82' lang='grc' dir='ltr'>ὲκ</span> <span class='ocrx_word' id='word_1_289' title='bbox 1826 2414 1935 2467; x_wconf 90' lang='grc' dir='ltr'><strong>τῶν</strong></span> 
     </span>
    </p>
   </div>
   <div class='ocr_carea' id='block_1_42' title="bbox 362 2500 1934 2574">
    <p class='ocr_par' dir='ltr' id='par_1_42' title="bbox 362 2500 1934 2574">
     <span class='ocr_line' id='line_1_42' title="bbox 362 2500 1934 2574; baseline 0.001 -20"><span class='ocrx_word' id='word_1_290' title='bbox 362 2502 567 2554; x_wconf 73' lang='grc' dir='ltr'>ὑδάτων</span> <span class='ocrx_word' id='word_1_291' title='bbox 600 2500 901 2571; x_wconf 82' lang='grc' dir='ltr'>παρήχθη),</span> <span class='ocrx_word' id='word_1_292' title='bbox 936 2501 1028 2554; x_wconf 76' lang='grc' dir='ltr'>ἐπὶ</span> <span class='ocrx_word' id='word_1_293' title='bbox 1083 2501 1139 2554; x_wconf 77' lang='grc' dir='ltr'>δὲ</span> <span class='ocrx_word' id='word_1_294' title='bbox 1188 2501 1296 2553; x_wconf 87' lang='grc' dir='ltr'><strong>τῶν</strong></span> <span class='ocrx_word' id='word_1_295' title='bbox 1343 2503 1613 2573; x_wconf 89' lang='grc' dir='ltr'>χερσαίων</span> <span class='ocrx_word' id='word_1_296' title='bbox 1656 2502 1802 2574; x_wconf 70' lang='grc' dir='ltr'>ψυχὴ</span> <span class='ocrx_word' id='word_1_297' title='bbox 1831 2503 1934 2556; x_wconf 83' lang='grc' dir='ltr'><strong>σὼ-</strong></span> 
     </span>
    </p>
   </div>
   <div class='ocr_carea' id='block_1_43' title="bbox 364 2592 1934 2667">
    <p class='ocr_par' dir='ltr' id='par_1_43' title="bbox 364 2592 1934 2667">
     <span class='ocr_line' id='line_1_43' title="bbox 364 2592 1934 2667; baseline 0.002 -19"><span class='ocrx_word' id='word_1_298' title='bbox 364 2612 511 2667; x_wconf 73' lang='grc' dir='ltr'>μιτα</span> <span class='ocrx_word' id='word_1_299' title='bbox 533 2592 889 2664; x_wconf 84' lang='grc' dir='ltr'>οἱκονομοῠσα</span> <span class='ocrx_word' id='word_1_300' title='bbox 914 2594 1258 2665; x_wconf 81' lang='grc' dir='ltr'>προσετάχθη</span> <span class='ocrx_word' id='word_1_301' title='bbox 1288 2595 1561 2662; x_wconf 82' lang='grc' dir='ltr'>γενέσθαι,</span> <span class='ocrx_word' id='word_1_302' title='bbox 1582 2596 1658 2659; x_wconf 85' lang='grc' dir='ltr'><strong>ὡς</strong></span> <span class='ocrx_word' id='word_1_303' title='bbox 1687 2596 1846 2650; x_wconf 88' lang='grc' dir='ltr'>πλέον</span> <span class='ocrx_word' id='word_1_304' title='bbox 1882 2616 1934 2651; x_wconf 88' lang='grc' dir='ltr'><strong>τι</strong></span> 
     </span>
    </p>
   </div>
   <div class='ocr_carea' id='block_1_44' title="bbox 357 2683 1934 2757">
    <p class='ocr_par' dir='ltr' id='par_1_44' title="bbox 357 2683 1934 2757">
     <span class='ocr_line' id='line_1_44' title="bbox 357 2683 1934 2757; baseline 0.001 -18"><span class='ocrx_word' id='word_1_305' title='bbox 357 2688 460 2757; x_wconf 74' lang='grc' dir='ltr'>τῆς</span> <span class='ocrx_word' id='word_1_306' title='bbox 508 2684 741 2753; x_wconf 80' lang='grc' dir='ltr'>ζωτικῆς</span> <span class='ocrx_word' id='word_1_307' title='bbox 799 2683 1079 2753; x_wconf 85' lang='grc' dir='ltr'>δυνάμεως</span> <span class='ocrx_word' id='word_1_308' title='bbox 1136 2684 1243 2737; x_wconf 90' lang='grc' dir='ltr'><strong>τῶν</strong></span> <span class='ocrx_word' id='word_1_309' title='bbox 1287 2686 1377 2736; x_wconf 78' lang='grc' dir='ltr'>ἐπὶ</span> <span class='ocrx_word' id='word_1_310' title='bbox 1423 2686 1525 2755; x_wconf 81' lang='grc' dir='ltr'>γῆς</span> <span class='ocrx_word' id='word_1_311' title='bbox 1561 2686 1934 2757; x_wconf 75' lang='grc' dir='ltr'>διαιτωμένων</span> 
     </span>
    </p>
   </div>
   <div class='ocr_carea' id='block_1_45' title="bbox 364 2772 1933 2845">
    <p class='ocr_par' dir='ltr' id='par_1_45' title="bbox 364 2772 1933 2845">
     <span class='ocr_line' id='line_1_45' title="bbox 364 2772 1933 2845; baseline 0 -17"><span class='ocrx_word' id='word_1_312' title='bbox 364 2774 785 2845; x_wconf 76' lang='grc' dir='ltr'>μετειληφότων.</span> <span class='ocrx_word' id='word_1_313' title='bbox 816 2774 1019 2841; x_wconf 79' lang='grc' dir='ltr'>Ἀλογα</span> <span class='ocrx_word' id='word_1_314' title='bbox 1045 2774 1142 2844; x_wconf 78' lang='grc' dir='ltr'><strong>μὲν</strong></span> <span class='ocrx_word' id='word_1_315' title='bbox 1181 2774 1286 2843; x_wconf 80' lang='grc' dir='ltr'>γὰρ</span> <span class='ocrx_word' id='word_1_316' title='bbox 1311 2772 1403 2825; x_wconf 76' lang='grc' dir='ltr'>καὶ</span> <span class='ocrx_word' id='word_1_317' title='bbox 1429 2772 1497 2825; x_wconf 79' lang='grc' dir='ltr'><strong>τὰ</strong></span> <span class='ocrx_word' id='word_1_318' title='bbox 1521 2777 1752 2844; x_wconf 84' lang='grc' dir='ltr'>χερσαῖα</span> <span class='ocrx_word' id='word_1_319' title='bbox 1772 2792 1785 2805; x_wconf 84' lang='lat'><strong><em>°</em></strong></span> <span class='ocrx_word' id='word_1_320' title='bbox 1820 2776 1933 2829; x_wconf 83' lang='grc' dir='ltr'>ἀλλ’</span> 
     </span>
    </p>
   </div>
   <div class='ocr_carea' id='block_1_46' title="bbox 358 2865 1936 2937">
    <p class='ocr_par' dir='ltr' id='par_1_46' title="bbox 358 2865 1936 2937">
     <span class='ocr_line' id='line_1_46' title="bbox 358 2865 1936 2937; baseline 0.001 -17"><span class='ocrx_word' id='word_1_321' title='bbox 358 2868 511 2934; x_wconf 72' lang='grc' dir='ltr'>ὅμως</span> <span class='ocrx_word' id='word_1_322' title='bbox 563 2867 789 2919; x_wconf 72' lang='grc' dir='ltr'>ἕκαστον</span> <span class='ocrx_word' id='word_1_323' title='bbox 840 2870 905 2937; x_wconf 81' lang='grc' dir='ltr'>τῇ</span> <span class='ocrx_word' id='word_1_324' title='bbox 943 2869 1004 2919; x_wconf 84' lang='grc' dir='ltr'><strong>ὲκ</strong></span> <span class='ocrx_word' id='word_1_325' title='bbox 1042 2867 1140 2936; x_wconf 75' lang='grc' dir='ltr'><strong>τῆς</strong></span> <span class='ocrx_word' id='word_1_326' title='bbox 1186 2865 1399 2934; x_wconf 85' lang='grc' dir='ltr'>φύσεως</span> <span class='ocrx_word' id='word_1_327' title='bbox 1429 2866 1539 2935; x_wconf 80' lang='grc'>(57)</span> <span class='ocrx_word' id='word_1_328' title='bbox 1584 2870 1732 2937; x_wconf 83' lang='grc' dir='ltr'><strong>φωνῇ</strong></span> <span class='ocrx_word' id='word_1_329' title='bbox 1769 2868 1936 2923; x_wconf 87' lang='grc' dir='ltr'>πολλά</span> 
     </span>
    </p>
   </div>
   <div class='ocr_carea' id='block_1_47' title="bbox 359 2957 1935 3032">
    <p class='ocr_par' dir='ltr' id='par_1_47' title="bbox 359 2957 1935 3032">
     <span class='ocr_line' id='line_1_47' title="bbox 359 2957 1935 3032; baseline 0.002 -23"><span class='ocrx_word' id='word_1_330' title='bbox 359 2962 468 3010; x_wconf 69' lang='grc' dir='ltr'><strong>τῶν</strong></span> <span class='ocrx_word' id='word_1_331' title='bbox 500 2958 639 3011; x_wconf 86' lang='grc' dir='ltr'><strong>κατά</strong></span> <span class='ocrx_word' id='word_1_332' title='bbox 668 2957 842 3027; x_wconf 71' lang='grc' dir='ltr'>ψυχήν</span> <span class='ocrx_word' id='word_1_333' title='bbox 891 2958 1229 3029; x_wconf 79' lang='grc' dir='ltr'>παθημάτων</span> <span class='ocrx_word' id='word_1_334' title='bbox 1270 2957 1639 3028; x_wconf 81' lang='grc' dir='ltr'>διασημαίνει.</span> <span class='ocrx_word' id='word_1_335' title='bbox 1678 2960 1786 3012; x_wconf 83' lang='grc' dir='ltr'><strong>Καὶ</strong></span> <span class='ocrx_word' id='word_1_336' title='bbox 1826 2960 1935 3032; x_wconf 72' lang='grc' dir='ltr'>γὰρ</span> 
     </span>
    </p>
   </div>
   <div class='ocr_carea' id='block_1_48' title="bbox 358 3048 1934 3121">
    <p class='ocr_par' dir='ltr' id='par_1_48' title="bbox 358 3048 1934 3121">
     <span class='ocr_line' id='line_1_48' title="bbox 358 3048 1934 3121; baseline 0.001 -18"><span class='ocrx_word' id='word_1_337' title='bbox 358 3049 455 3103; x_wconf 71' lang='grc' dir='ltr'><strong>καὶ</strong></span> <span class='ocrx_word' id='word_1_338' title='bbox 478 3049 651 3121; x_wconf 77' lang='grc' dir='ltr'>χαρὰν</span> <span class='ocrx_word' id='word_1_339' title='bbox 674 3050 767 3102; x_wconf 81' lang='grc' dir='ltr'><strong>καὶ</strong></span> <span class='ocrx_word' id='word_1_340' title='bbox 793 3049 987 3119; x_wconf 84' lang='grc' dir='ltr'>λύπην,</span> <span class='ocrx_word' id='word_1_341' title='bbox 1019 3051 1110 3102; x_wconf 75' lang='grc' dir='ltr'><strong>καὶ</strong></span> <span class='ocrx_word' id='word_1_342' title='bbox 1140 3049 1236 3120; x_wconf 81' lang='grc' dir='ltr'>τὴν</span> <span class='ocrx_word' id='word_1_343' title='bbox 1263 3048 1356 3102; x_wconf 81' lang='grc' dir='ltr'>τοῦ</span> <span class='ocrx_word' id='word_1_344' title='bbox 1392 3049 1651 3119; x_wconf 82' lang='grc' dir='ltr'>συνήθους</span> <span class='ocrx_word' id='word_1_345' title='bbox 1703 3050 1934 3118; x_wconf 76' lang='grc' dir='ltr'>ἐπίγνω-</span> 
     </span>
    </p>
   </div>
   <div class='ocr_carea' id='block_1_49' title="bbox 360 3124 1932 3212">
    <p class='ocr_par' dir='ltr' id='par_1_49' title="bbox 360 3124 1932 3212">
     <span class='ocr_line' id='line_1_49' title="bbox 360 3124 1932 3212; baseline 0 -17"><span class='ocrx_word' id='word_1_346' title='bbox 360 3159 466 3204; x_wconf 88' lang='grc' dir='ltr'>σιν,</span> <span class='ocrx_word' id='word_1_347' title='bbox 499 3124 592 3195; x_wconf 72' lang='grc' dir='ltr'><strong>καὶ</strong></span> <span class='ocrx_word' id='word_1_348' title='bbox 620 3142 824 3211; x_wconf 81' lang='grc' dir='ltr'>τροφῆς</span> <span class='ocrx_word' id='word_1_349' title='bbox 849 3140 1074 3212; x_wconf 61' lang='grc' dir='ltr'>ἔνδειαν,</span> <span class='ocrx_word' id='word_1_350' title='bbox 1099 3142 1192 3194; x_wconf 77' lang='grc' dir='ltr'><strong>καὶ</strong></span> <span class='ocrx_word' id='word_1_351' title='bbox 1210 3139 1486 3211; x_wconf 84' lang='grc' dir='ltr'>χωρισμόν</span> <span class='ocrx_word' id='word_1_352' title='bbox 1500 3130 1608 3193; x_wconf 90' lang='grc' dir='ltr'><strong>τῶν</strong></span> <span class='ocrx_word' id='word_1_353' title='bbox 1635 3142 1932 3212; x_wconf 87' lang='grc' dir='ltr'>συννόμων,</span> 
     </span>
    </p>
   </div>
   <div class='ocr_carea' id='block_1_50' title="bbox 358 3200 1937 3302">
    <p class='ocr_par' dir='ltr' id='par_1_50' title="bbox 358 3200 1937 3302">
     <span class='ocr_line' id='line_1_50' title="bbox 358 3200 1937 3302; baseline 0 -17"><span class='ocrx_word' id='word_1_354' title='bbox 358 3200 462 3285; x_wconf 53' lang='grc' dir='ltr'><strong>καί</strong></span> <span class='ocrx_word' id='word_1_355' title='bbox 488 3200 822 3302; x_wconf 41' lang='grc' dir='ltr'>μυρίαιπάθη</span> <span class='ocrx_word' id='word_1_356' title='bbox 849 3230 926 3300; x_wconf 81' lang='grc' dir='ltr'>τῷ</span> <span class='ocrx_word' id='word_1_357' title='bbox 956 3200 1174 3300; x_wconf 74' lang='grc' dir='ltr'>φθόγγῳ</span> <span class='ocrx_word' id='word_1_358' title='bbox 1207 3200 1507 3301; x_wconf 66' lang='grc' dir='ltr'>παραδηλοῖ</span> <span class='ocrx_word' id='word_1_359' title='bbox 1546 3230 1628 3283; x_wconf 87' lang='grc' dir='ltr'><strong>Τά</strong></span> <span class='ocrx_word' id='word_1_360' title='bbox 1658 3231 1714 3284; x_wconf 81' lang='grc' dir='ltr'>δὲ</span> <span class='ocrx_word' id='word_1_361' title='bbox 1740 3200 1937 3301; x_wconf 67' lang='grc' dir='ltr'>ἔνυδρα</span> 
     </span>
    </p>
   </div>
   <div class='ocr_carea' id='block_1_51' title="bbox 357 3321 1931 3394">
    <p class='ocr_par' dir='ltr' id='par_1_51' title="bbox 357 3321 1931 3394">
     <span class='ocr_line' id='line_1_51' title="bbox 357 3321 1931 3394; baseline -0.002 -16"><span class='ocrx_word' id='word_1_362' title='bbox 357 3326 423 3377; x_wconf 77' lang='grc' dir='ltr'><strong>ού</strong></span> <span class='ocrx_word' id='word_1_363' title='bbox 465 3325 621 3394; x_wconf 88' lang='grc' dir='ltr'>μόνον</span> <span class='ocrx_word' id='word_1_364' title='bbox 674 3322 882 3389; x_wconf 81' lang='grc' dir='ltr'>ἄφωνα,</span> <span class='ocrx_word' id='word_1_365' title='bbox 919 3321 1054 3374; x_wconf 86' lang='grc' dir='ltr'><strong>ἀλλά</strong></span> <span class='ocrx_word' id='word_1_366' title='bbox 1084 3322 1178 3373; x_wconf 76' lang='grc' dir='ltr'><strong>καὶ</strong></span> <span class='ocrx_word' id='word_1_367' title='bbox 1226 3323 1498 3393; x_wconf 79' lang='grc' dir='ltr'>ἀνήμερα,</span> <span class='ocrx_word' id='word_1_368' title='bbox 1528 3322 1621 3375; x_wconf 81' lang='grc' dir='ltr'><strong>καὶ</strong></span> <span class='ocrx_word' id='word_1_369' title='bbox 1654 3322 1931 3389; x_wconf 76' lang='grc' dir='ltr'>ἀδίδακτα,</span> 
     </span>
    </p>
   </div>
   <div class='ocr_carea' id='block_1_52' title="bbox 360 3413 1937 3486">
    <p class='ocr_par' dir='ltr' id='par_1_52' title="bbox 360 3413 1937 3486">
     <span class='ocr_line' id='line_1_52' title="bbox 360 3413 1937 3486; baseline -0.001 -17"><span class='ocrx_word' id='word_1_370' title='bbox 360 3416 619 3486; x_wconf 75' lang='grc' dir='ltr'>καὶπρὸς</span> <span class='ocrx_word' id='word_1_371' title='bbox 653 3416 835 3467; x_wconf 81' lang='grc' dir='ltr'>πᾶσαν</span> <span class='ocrx_word' id='word_1_372' title='bbox 888 3414 1002 3483; x_wconf 88' lang='grc' dir='ltr'>βίου</span> <span class='ocrx_word' id='word_1_373' title='bbox 1042 3414 1323 3466; x_wconf 88' lang='grc' dir='ltr'>κοινωνίαν</span> <span class='ocrx_word' id='word_1_374' title='bbox 1375 3413 1681 3485; x_wconf 84' lang='grc' dir='ltr'>ἀνθρώποις</span> <span class='ocrx_word' id='word_1_375' title='bbox 1731 3417 1937 3486; x_wconf 85' lang='grc' dir='ltr'>ἀμετα-</span> 
     </span>
    </p>
   </div>
   <div class='ocr_carea' id='block_1_53' title="bbox 362 3503 1936 3578">
    <p class='ocr_par' dir='ltr' id='par_1_53' title="bbox 362 3503 1936 3578">
     <span class='ocr_line' id='line_1_53' title="bbox 362 3503 1936 3578; baseline -0.001 -19"><span class='ocrx_word' id='word_1_376' title='bbox 362 3507 630 3578; x_wconf 86' lang='grc' dir='ltr'>χείριστα.</span> <span class='ocrx_word' id='word_1_377' title='bbox 668 3504 861 3573; x_wconf 75' lang='grc' dir='ltr'>Ἔγνω</span> <span class='ocrx_word' id='word_1_378' title='bbox 904 3505 1060 3570; x_wconf 81' lang='grc' dir='ltr'>βοῦς</span> <span class='ocrx_word' id='word_1_379' title='bbox 1084 3503 1187 3557; x_wconf 84' lang='grc' dir='ltr'><strong>τὸν</strong></span> <span class='ocrx_word' id='word_1_380' title='bbox 1228 3503 1628 3573; x_wconf 80' lang='grc' dir='ltr'>κτησάμενον,</span> <span class='ocrx_word' id='word_1_381' title='bbox 1657 3506 1752 3558; x_wconf 77' lang='grc' dir='ltr'>καὶ</span> <span class='ocrx_word' id='word_1_382' title='bbox 1796 3505 1936 3570; x_wconf 77' lang='grc' dir='ltr'>ὄνος</span> 
     </span>
    </p>
   </div>
   <div class='ocr_carea' id='block_1_54' title="bbox 360 3596 1936 3668">
    <p class='ocr_par' dir='ltr' id='par_1_54' title="bbox 360 3596 1936 3668">
     <span class='ocr_line' id='line_1_54' title="bbox 360 3596 1936 3668; baseline -0.001 -15"><span class='ocrx_word' id='word_1_383' title='bbox 360 3599 476 3668; x_wconf 76' lang='grc' dir='ltr'><strong>τὴν</strong></span> <span class='ocrx_word' id='word_1_384' title='bbox 520 3598 754 3668; x_wconf 65' lang='grc' dir='ltr'>φάτνην</span> <span class='ocrx_word' id='word_1_385' title='bbox 800 3598 905 3652; x_wconf 85' lang='grc' dir='ltr'>τοῦ</span> <span class='ocrx_word' id='word_1_386' title='bbox 958 3598 1169 3666; x_wconf 75' lang='grc' dir='ltr'>κυρίου</span> <span class='ocrx_word' id='word_1_387' title='bbox 1225 3596 1413 3650; x_wconf 85' lang='grc' dir='ltr'>αὐτοῦ</span> <span class='ocrx_word' id='word_1_388' title='bbox 1434 3615 1448 3628; x_wconf 89' lang='grc'><strong>·</strong></span> <span class='ocrx_word' id='word_1_389' title='bbox 1482 3598 1632 3668; x_wconf 81' lang='grc' dir='ltr'>ἰχθὺς</span> <span class='ocrx_word' id='word_1_390' title='bbox 1661 3600 1717 3652; x_wconf 84' lang='grc' dir='ltr'>δὲ</span> <span class='ocrx_word' id='word_1_391' title='bbox 1742 3600 1841 3652; x_wconf 90' lang='grc' dir='ltr'><strong>ούκ</strong></span> <span class='ocrx_word' id='word_1_392' title='bbox 1870 3599 1936 3652; x_wconf 85' lang='grc' dir='ltr'><strong>ἂν</strong></span> 
     </span>
    </p>
   </div>
   <div class='ocr_carea' id='block_1_55' title="bbox 360 3684 1936 3762">
    <p class='ocr_par' dir='ltr' id='par_1_55' title="bbox 360 3684 1936 3762">
     <span class='ocr_line' id='line_1_55' title="bbox 360 3684 1936 3762; baseline 0 -18"><span class='ocrx_word' id='word_1_393' title='bbox 360 3692 611 3760; x_wconf 69' lang='grc' dir='ltr'>ἐπιγνοίη</span> <span class='ocrx_word' id='word_1_394' title='bbox 645 3691 737 3743; x_wconf 80' lang='grc' dir='ltr'><strong>τὸν</strong></span> <span class='ocrx_word' id='word_1_395' title='bbox 764 3690 1049 3761; x_wconf 79' lang='grc' dir='ltr'>τρέφοντα.</span> <span class='ocrx_word' id='word_1_396' title='bbox 1105 3684 1225 3741; x_wconf 75' lang='grc' dir='ltr'>Οἵδε</span> <span class='ocrx_word' id='word_1_397' title='bbox 1271 3687 1368 3757; x_wconf 78' lang='grc' dir='ltr'><strong>τὴν</strong></span> <span class='ocrx_word' id='word_1_398' title='bbox 1423 3690 1623 3761; x_wconf 83' lang='grc' dir='ltr'>συνήθη</span> <span class='ocrx_word' id='word_1_399' title='bbox 1689 3690 1871 3762; x_wconf 82' lang='grc' dir='ltr'>φωνὴν</span> <span class='ocrx_word' id='word_1_400' title='bbox 1908 3692 1936 3743; x_wconf 84' lang='grc' dir='ltr'><strong>ό</strong></span> 
     </span>
    </p>
   </div>
   <div class='ocr_carea' id='block_1_56' title="bbox 360 3775 1936 3851">
    <p class='ocr_par' dir='ltr' id='par_1_56' title="bbox 360 3775 1936 3851">
     <span class='ocr_line' id='line_1_56' title="bbox 360 3775 1936 3851; baseline -0.001 -15"><span class='ocrx_word' id='word_1_401' title='bbox 360 3783 482 3845; x_wconf 79' lang='grc' dir='ltr'>ὖνος</span> <span class='ocrx_word' id='word_1_402' title='bbox 501 3798 514 3811; x_wconf 90' lang='grc'><strong>·</strong></span> <span class='ocrx_word' id='word_1_403' title='bbox 545 3775 687 3834; x_wconf 82' lang='grc' dir='ltr'>οἶδεν</span> <span class='ocrx_word' id='word_1_404' title='bbox 719 3782 836 3833; x_wconf 79' lang='grc' dir='ltr'>ὁδὸν</span> <span class='ocrx_word' id='word_1_405' title='bbox 864 3782 928 3851; x_wconf 75' lang='grc' dir='ltr'>ἣν</span> <span class='ocrx_word' id='word_1_406' title='bbox 974 3778 1230 3843; x_wconf 74' lang='grc' dir='ltr'>πολλάκις</span> <span class='ocrx_word' id='word_1_407' title='bbox 1283 3779 1497 3833; x_wconf 77' lang='grc' dir='ltr'>ὲϐἀδισε</span> <span class='ocrx_word' id='word_1_408' title='bbox 1516 3798 1528 3810; x_wconf 90' lang='grc'><strong>·</strong></span> <span class='ocrx_word' id='word_1_409' title='bbox 1558 3780 1650 3833; x_wconf 91' lang='grc' dir='ltr'><strong>καί</strong></span> <span class='ocrx_word' id='word_1_410' title='bbox 1688 3798 1791 3833; x_wconf 89' lang='grc' dir='ltr'><strong>που</strong></span> <span class='ocrx_word' id='word_1_411' title='bbox 1842 3782 1936 3834; x_wconf 81' lang='grc' dir='ltr'><strong>καὶ</strong></span> 
     </span>
    </p>
   </div>
   <div class='ocr_carea' id='block_1_57' title="bbox 358 3870 1934 3945">
    <p class='ocr_par' dir='ltr' id='par_1_57' title="bbox 358 3870 1934 3945">
     <span class='ocr_line' id='line_1_57' title="bbox 358 3870 1934 3945; baseline -0.001 -18"><span class='ocrx_word' id='word_1_412' title='bbox 358 3873 555 3944; x_wconf 85' lang='grc' dir='ltr'>ὁδηγὸς</span> <span class='ocrx_word' id='word_1_413' title='bbox 590 3873 760 3926; x_wconf 79' lang='grc' dir='ltr'>ἐνίοτε</span> <span class='ocrx_word' id='word_1_414' title='bbox 795 3870 1158 3940; x_wconf 80' lang='grc' dir='ltr'>ἀποσφαλέντι</span> <span class='ocrx_word' id='word_1_415' title='bbox 1200 3873 1408 3940; x_wconf 84' lang='grc' dir='ltr'>γίνεται</span> <span class='ocrx_word' id='word_1_416' title='bbox 1432 3872 1510 3944; x_wconf 84' lang='grc' dir='ltr'>τῷ</span> <span class='ocrx_word' id='word_1_417' title='bbox 1541 3872 1829 3945; x_wconf 80' lang='grc' dir='ltr'>ἀνθρώπῳ.</span> <span class='ocrx_word' id='word_1_418' title='bbox 1860 3874 1934 3926; x_wconf 79' lang='grc' dir='ltr'><strong>Τὸ</strong></span> 
     </span>
    </p>
   </div>
   <div class='ocr_carea' id='block_1_58' title="bbox 356 3963 1937 4036">
    <p class='ocr_par' dir='ltr' id='par_1_58' title="bbox 356 3963 1937 4036">
     <span class='ocr_line' id='line_1_58' title="bbox 356 3963 1937 4036; baseline 0.001 -16"><span class='ocrx_word' id='word_1_419' title='bbox 356 3966 414 4020; x_wconf 75' lang='grc' dir='ltr'>δὲ</span> <span class='ocrx_word' id='word_1_420' title='bbox 441 3966 701 4036; x_wconf 83' lang='grc' dir='ltr'>ὀξυήκοον</span> <span class='ocrx_word' id='word_1_421' title='bbox 726 3965 817 4018; x_wconf 82' lang='grc' dir='ltr'><strong>τοῦ</strong></span> <span class='ocrx_word' id='word_1_422' title='bbox 846 3963 982 4029; x_wconf 77' lang='grc' dir='ltr'>ζώου</span> <span class='ocrx_word' id='word_1_423' title='bbox 1009 3964 1130 4017; x_wconf 79' lang='grc' dir='ltr'>ούδὲ</span> <span class='ocrx_word' id='word_1_424' title='bbox 1166 3965 1292 4018; x_wconf 79' lang='grc' dir='ltr'>ἄλλο</span> <span class='ocrx_word' id='word_1_425' title='bbox 1320 3981 1373 4018; x_wconf 90' lang='grc' dir='ltr'><strong>τι</strong></span> <span class='ocrx_word' id='word_1_426' title='bbox 1396 3965 1541 4035; x_wconf 80' lang='grc' dir='ltr'>ἔχειν</span> <span class='ocrx_word' id='word_1_427' title='bbox 1576 3966 1791 4035; x_wconf 75' lang='grc' dir='ltr'>λέγεται</span> <span class='ocrx_word' id='word_1_428' title='bbox 1825 3966 1937 4021; x_wconf 90' lang='grc' dir='ltr'><strong>τῶν</strong></span> 
     </span>
    </p>
   </div>
   <div class='ocr_carea' id='block_1_59' title="bbox 357 4054 1925 4129">
    <p class='ocr_par' dir='ltr' id='par_1_59' title="bbox 357 4054 1925 4129">
     <span class='ocr_line' id='line_1_59' title="bbox 357 4054 1925 4129; baseline 0.001 -19"><span class='ocrx_word' id='word_1_429' title='bbox 357 4057 650 4129; x_wconf 86' lang='grc' dir='ltr'>χερσαίων.</span> <span class='ocrx_word' id='word_1_430' title='bbox 688 4057 761 4109; x_wconf 79' lang='grc' dir='ltr'>Τὸ</span> <span class='ocrx_word' id='word_1_431' title='bbox 803 4056 858 4109; x_wconf 85' lang='grc' dir='ltr'>δὲ</span> <span class='ocrx_word' id='word_1_432' title='bbox 890 4054 999 4107; x_wconf 87' lang='grc' dir='ltr'><strong>τῶν</strong></span> <span class='ocrx_word' id='word_1_433' title='bbox 1038 4056 1298 4125; x_wconf 85' lang='grc' dir='ltr'>καμήλων</span> <span class='ocrx_word' id='word_1_434' title='bbox 1329 4057 1684 4128; x_wconf 87' lang='grc' dir='ltr'>μνησίκακον,</span> <span class='ocrx_word' id='word_1_435' title='bbox 1709 4058 1800 4111; x_wconf 74' lang='grc' dir='ltr'><strong>καὶ</strong></span> <span class='ocrx_word' id='word_1_436' title='bbox 1840 4058 1925 4127; x_wconf 85' lang='grc' dir='ltr'><strong>βα-</strong></span> 
     </span>
    </p>
   </div>
   <div class='ocr_carea' id='block_1_60' title="bbox 363 4146 1935 4221">
    <p class='ocr_par' dir='ltr' id='par_1_60' title="bbox 363 4146 1935 4221">
     <span class='ocr_line' id='line_1_60' title="bbox 363 4146 1935 4221; baseline 0.001 -21"><span class='ocrx_word' id='word_1_437' title='bbox 363 4149 587 4221; x_wconf 80' lang='grc' dir='ltr'>ρύμηνι,</span> <span class='ocrx_word' id='word_1_438' title='bbox 617 4148 709 4200; x_wconf 69' lang='grc' dir='ltr'>καὶ</span> <span class='ocrx_word' id='word_1_439' title='bbox 735 4146 954 4219; x_wconf 81' lang='grc' dir='ltr'>διαρκὲς</span> <span class='ocrx_word' id='word_1_440' title='bbox 980 4147 1114 4216; x_wconf 77' lang='grc' dir='ltr'>πρὸς</span> <span class='ocrx_word' id='word_1_441' title='bbox 1139 4148 1327 4218; x_wconf 83' lang='grc' dir='ltr'>ὀργὴν,</span> <span class='ocrx_word' id='word_1_442' title='bbox 1367 4148 1419 4200; x_wconf 90' lang='grc' dir='ltr'><strong>τί</strong></span> <span class='ocrx_word' id='word_1_443' title='bbox 1475 4147 1540 4201; x_wconf 86' lang='grc' dir='ltr'><strong>ἂν</strong></span> <span class='ocrx_word' id='word_1_444' title='bbox 1598 4151 1935 4220; x_wconf 88' lang='grc' dir='ltr'>μιμήσασθαι</span> 
     </span>
    </p>
   </div>
   <div class='ocr_carea' id='block_1_61' title="bbox 357 4240 1935 4311">
    <p class='ocr_par' dir='ltr' id='par_1_61' title="bbox 357 4240 1935 4311">
     <span class='ocr_line' id='line_1_61' title="bbox 357 4240 1935 4311; baseline -0.001 -15"><span class='ocrx_word' id='word_1_445' title='bbox 357 4242 467 4296; x_wconf 81' lang='grc' dir='ltr'><strong>τῶν</strong></span> <span class='ocrx_word' id='word_1_446' title='bbox 500 4240 800 4293; x_wconf 86' lang='grc' dir='ltr'>θαλαττίων</span> <span class='ocrx_word' id='word_1_447' title='bbox 829 4240 1077 4305; x_wconf 79' lang='grc' dir='ltr'>δύναιτο;</span> <span class='ocrx_word' id='word_1_448' title='bbox 1125 4241 1298 4294; x_wconf 79' lang='grc' dir='ltr'>Πάλαι</span> <span class='ocrx_word' id='word_1_449' title='bbox 1340 4240 1470 4293; x_wconf 84' lang='grc' dir='ltr'>ποτὲ</span> <span class='ocrx_word' id='word_1_450' title='bbox 1512 4240 1783 4311; x_wconf 84' lang='grc' dir='ltr'>πληγεῖσα</span> <span class='ocrx_word' id='word_1_451' title='bbox 1838 4241 1935 4295; x_wconf 80' lang='grc' dir='ltr'>κά-</span> 
     </span>
    </p>
   </div>
   <div class='ocr_carea' id='block_1_62' title="bbox 365 4330 1936 4406">
    <p class='ocr_par' dir='ltr' id='par_1_62' title="bbox 365 4330 1936 4406">
     <span class='ocr_line' id='line_1_62' title="bbox 365 4330 1936 4406; baseline 0 -21"><span class='ocrx_word' id='word_1_452' title='bbox 365 4334 554 4406; x_wconf 85' lang='grc' dir='ltr'>μηλος,</span> <span class='ocrx_word' id='word_1_453' title='bbox 587 4331 780 4404; x_wconf 83' lang='grc' dir='ltr'>μακρῷ</span> <span class='ocrx_word' id='word_1_454' title='bbox 809 4331 985 4401; x_wconf 87' lang='grc' dir='ltr'>χρόνῳ</span> <span class='ocrx_word' id='word_1_455' title='bbox 1022 4330 1428 4402; x_wconf 87' lang='grc' dir='ltr'>ταμιευσαμένη</span> <span class='ocrx_word' id='word_1_456' title='bbox 1463 4332 1562 4402; x_wconf 83' lang='grc' dir='ltr'>τὴν</span> <span class='ocrx_word' id='word_1_457' title='bbox 1594 4333 1775 4403; x_wconf 76' lang='grc' dir='ltr'>μῆνιν,</span> <span class='ocrx_word' id='word_1_458' title='bbox 1795 4334 1936 4385; x_wconf 73' lang='grc' dir='ltr'>ἐπει-</span> 
     </span>
    </p>
   </div>
   <div class='ocr_carea' id='block_1_63' title="bbox 358 4421 1936 4493">
    <p class='ocr_par' dir='ltr' id='par_1_63' title="bbox 358 4421 1936 4493">
     <span class='ocr_line' id='line_1_63' title="bbox 358 4421 1936 4493; baseline -0.001 -16"><span class='ocrx_word' id='word_1_459' title='bbox 358 4422 457 4477; x_wconf 80' lang='grc' dir='ltr'><strong>δὰν</strong></span> <span class='ocrx_word' id='word_1_460' title='bbox 491 4423 771 4493; x_wconf 74' lang='grc' dir='ltr'>εὐκαιρίας</span> <span class='ocrx_word' id='word_1_461' title='bbox 796 4422 1047 4492; x_wconf 80' lang='grc' dir='ltr'>λάϐηται,</span> <span class='ocrx_word' id='word_1_462' title='bbox 1082 4421 1143 4472; x_wconf 85' lang='grc' dir='ltr'><strong>τὸ</strong></span> <span class='ocrx_word' id='word_1_463' title='bbox 1171 4422 1338 4474; x_wconf 84' lang='grc' dir='ltr'>κακὸν</span> <span class='ocrx_word' id='word_1_464' title='bbox 1373 4422 1728 4475; x_wconf 85' lang='grc' dir='ltr'>ἀντιδίδωσιν,</span> <span class='ocrx_word' id='word_1_465' title='bbox 1755 4422 1936 4475; x_wconf 80' lang='grc' dir='ltr'>Ἀκού-</span> 
     </span>
    </p>
   </div>
   <div class='ocr_carea' id='block_1_64' title="bbox 2036 1948 3601 2028">
    <p class='ocr_par' dir='ltr' id='par_1_64' title="bbox 2036 1948 3601 2028">
     <span class='ocr_line' id='line_1_64' title="bbox 2036 1948 3601 2028; baseline 0.008 -28"><span class='ocrx_word' id='word_1_466' title='bbox 2036 1948 2338 2003; x_wconf 86' lang='lat' dir='ltr'><strong>cacioribus</strong></span> <span class='ocrx_word' id='word_1_467' title='bbox 2372 1958 2612 2014; x_wconf 91' lang='lat' dir='ltr'><strong>utuntur,</strong></span> <span class='ocrx_word' id='word_1_468' title='bbox 2646 1959 2699 2005; x_wconf 90' lang='lat' dir='ltr'><strong>et</strong></span> <span class='ocrx_word' id='word_1_469' title='bbox 2734 1968 2818 2007; x_wconf 92' lang='lat' dir='ltr'><strong>res</strong></span> <span class='ocrx_word' id='word_1_470' title='bbox 2856 1966 3149 2022; x_wconf 58' lang='lat' dir='ltr'><strong>praesentes</strong></span> <span class='ocrx_word' id='word_1_471' title='bbox 3182 1958 3392 2010; x_wconf 87' lang='lat' dir='ltr'><strong>acutius</strong></span> <span class='ocrx_word' id='word_1_472' title='bbox 3421 1958 3601 2028; x_wconf 48' lang='lat' dir='ltr'><strong>percie</strong></span> 
     </span>
    </p>
   </div>
   <div class='ocr_carea' id='block_1_65' title="bbox 2036 2040 3597 2113">
    <p class='ocr_par' dir='ltr' id='par_1_65' title="bbox 2036 2040 3597 2113">
     <span class='ocr_line' id='line_1_65' title="bbox 2036 2040 3597 2113; baseline 0.01 -22"><span class='ocrx_word' id='word_1_473' title='bbox 2036 2040 2208 2108; x_wconf 90' lang='lat' dir='ltr'><strong>piunt,</strong></span> <span class='ocrx_word' id='word_1_474' title='bbox 2265 2043 2765 2113; x_wconf 64' lang='lat' dir='ltr'><strong>praeteritorumque</strong></span> <span class='ocrx_word' id='word_1_475' title='bbox 2828 2059 3083 2101; x_wconf 82' lang='lat' dir='ltr'><strong>accurate</strong></span> <span class='ocrx_word' id='word_1_476' title='bbox 3152 2050 3597 2107; x_wconf 70' lang='lat' dir='ltr'><strong>reminiscuntun</strong></span> 
     </span>
    </p>
   </div>
   <div class='ocr_carea' id='block_1_66' title="bbox 2036 2130 3603 2206">
    <p class='ocr_par' dir='ltr' id='par_1_66' title="bbox 2036 2130 3603 2206">
     <span class='ocr_line' id='line_1_66' title="bbox 2036 2130 3603 2206; baseline 0.007 -21"><span class='ocrx_word' id='word_1_477' title='bbox 2036 2130 2395 2198; x_wconf 84' lang='lat' dir='ltr'><strong>Quamobrem</strong></span> <span class='ocrx_word' id='word_1_478' title='bbox 2424 2135 2474 2188; x_wconf 92' lang='lat' dir='ltr'><strong>in</strong></span> <span class='ocrx_word' id='word_1_479' title='bbox 2505 2138 2843 2205; x_wconf 82' lang='lat' dir='ltr'><strong>aquatilibus</strong></span> <span class='ocrx_word' id='word_1_480' title='bbox 2872 2140 3111 2206; x_wconf 82' lang='lat' dir='ltr'><strong>quidem,</strong></span> <span class='ocrx_word' id='word_1_481' title='bbox 3138 2150 3197 2194; x_wconf 96' lang='lat' dir='ltr'><strong>ut</strong></span> <span class='ocrx_word' id='word_1_482' title='bbox 3227 2142 3457 2206; x_wconf 83' lang='lat' dir='ltr'><strong>videtur,</strong></span> <span class='ocrx_word' id='word_1_483' title='bbox 3486 2141 3603 2196; x_wconf 50' lang='lat' dir='ltr'><strong>anis</strong></span> 
     </span>
    </p>
   </div>
   <div class='ocr_carea' id='block_1_67' title="bbox 2036 2230 3603 2300">
    <p class='ocr_par' dir='ltr' id='par_1_67' title="bbox 2036 2230 3603 2300">
     <span class='ocr_line' id='line_1_67' title="bbox 2036 2230 3603 2300; baseline 0.006 -25"><span class='ocrx_word' id='word_1_484' title='bbox 2036 2233 2177 2276; x_wconf 91' lang='lat' dir='ltr'><strong>mata</strong></span> <span class='ocrx_word' id='word_1_485' title='bbox 2226 2238 2450 2292; x_wconf 87' lang='lat' dir='ltr'><strong>corpora</strong></span> <span class='ocrx_word' id='word_1_486' title='bbox 2480 2236 2605 2279; x_wconf 91' lang='lat' dir='ltr'><strong>sunt</strong></span> <span class='ocrx_word' id='word_1_487' title='bbox 2636 2236 2823 2280; x_wconf 87' lang='lat' dir='ltr'><strong>creata</strong></span> <span class='ocrx_word' id='word_1_488' title='bbox 2861 2230 3105 2296; x_wconf 88' lang='lat' dir='ltr'><strong>(reptilia</strong></span> <span class='ocrx_word' id='word_1_489' title='bbox 3144 2247 3375 2300; x_wconf 80' lang='lat' dir='ltr'><strong>namque</strong></span> <span class='ocrx_word' id='word_1_490' title='bbox 3421 2233 3603 2285; x_wconf 82' lang='lat' dir='ltr'><strong>vivan-</strong></span> 
     </span>
    </p>
   </div>
   <div class='ocr_carea' id='block_1_68' title="bbox 2038 2315 3602 2395">
    <p class='ocr_par' dir='ltr' id='par_1_68' title="bbox 2038 2315 3602 2395">
     <span class='ocr_line' id='line_1_68' title="bbox 2038 2315 3602 2395; baseline 0.005 -26"><span class='ocrx_word' id='word_1_491' title='bbox 2038 2315 2166 2369; x_wconf 91' lang='lat' dir='ltr'><strong>tium</strong></span> <span class='ocrx_word' id='word_1_492' title='bbox 2198 2316 2498 2370; x_wconf 88' lang='lat' dir='ltr'><strong>animarum</strong></span> <span class='ocrx_word' id='word_1_493' title='bbox 2525 2333 2590 2372; x_wconf 79' lang='lat' dir='ltr'><strong>ex</strong></span> <span class='ocrx_word' id='word_1_494' title='bbox 2614 2320 2768 2387; x_wconf 87' lang='lat' dir='ltr'><strong>aquis</strong></span> <span class='ocrx_word' id='word_1_495' title='bbox 2798 2323 3059 2389; x_wconf 91' lang='lat' dir='ltr'><strong>producta</strong></span> <span class='ocrx_word' id='word_1_496' title='bbox 3091 2333 3215 2375; x_wconf 90' lang='lat' dir='ltr'><strong>sunt</strong></span> <span class='ocrx_word' id='word_1_497' title='bbox 3238 2324 3256 2395; x_wconf 93' lang='lat'>)</span> <span class='ocrx_word' id='word_1_498' title='bbox 3278 2364 3291 2385; x_wconf 90' lang='lat'><strong>,</strong></span> <span class='ocrx_word' id='word_1_499' title='bbox 3334 2324 3385 2377; x_wconf 92' lang='lat' dir='ltr'><strong>in</strong></span> <span class='ocrx_word' id='word_1_500' title='bbox 3428 2332 3602 2378; x_wconf 66' lang='lat' dir='ltr'><strong>terres</strong></span> 
     </span>
    </p>
   </div>
   <div class='ocr_carea' id='block_1_69' title="bbox 2037 2408 3597 2487">
    <p class='ocr_par' dir='ltr' id='par_1_69' title="bbox 2037 2408 3597 2487">
     <span class='ocr_line' id='line_1_69' title="bbox 2037 2408 3597 2487; baseline 0.007 -27"><span class='ocrx_word' id='word_1_501' title='bbox 2037 2408 2235 2461; x_wconf 88' lang='lat' dir='ltr'><strong>stribus</strong></span> <span class='ocrx_word' id='word_1_502' title='bbox 2252 2417 2429 2462; x_wconf 88' lang='lat' dir='ltr'><strong>autem</strong></span> <span class='ocrx_word' id='word_1_503' title='bbox 2456 2410 2632 2463; x_wconf 90' lang='lat' dir='ltr'><strong>anima</strong></span> <span class='ocrx_word' id='word_1_504' title='bbox 2663 2428 2783 2481; x_wconf 66' lang='lat' dir='ltr'><strong>quae</strong></span> <span class='ocrx_word' id='word_1_505' title='bbox 2814 2428 3043 2481; x_wconf 92' lang='lat' dir='ltr'><strong>corpora</strong></span> <span class='ocrx_word' id='word_1_506' title='bbox 3072 2414 3411 2482; x_wconf 83' lang='lat' dir='ltr'><strong>gubernaret,</strong></span> <span class='ocrx_word' id='word_1_507' title='bbox 3434 2428 3597 2487; x_wconf 55' lang='lat' dir='ltr'><strong>gene-t</strong></span> 
     </span>
    </p>
   </div>
   <div class='ocr_carea' id='block_1_70' title="bbox 2037 2498 3598 2572">
    <p class='ocr_par' dir='ltr' id='par_1_70' title="bbox 2037 2498 3598 2572">
     <span class='ocr_line' id='line_1_70' title="bbox 2037 2498 3598 2572; baseline 0.004 -22"><span class='ocrx_word' id='word_1_508' title='bbox 2037 2498 2145 2551; x_wconf 89' lang='lat' dir='ltr'><strong>rari</strong></span> <span class='ocrx_word' id='word_1_509' title='bbox 2190 2499 2334 2565; x_wconf 87' lang='lat' dir='ltr'><strong>jussa</strong></span> <span class='ocrx_word' id='word_1_510' title='bbox 2363 2509 2476 2562; x_wconf 84' lang='lat' dir='ltr'><strong>est;</strong></span> <span class='ocrx_word' id='word_1_511' title='bbox 2520 2510 2775 2569; x_wconf 89' lang='lat' dir='ltr'><strong>tanquam</strong></span> <span class='ocrx_word' id='word_1_512' title='bbox 2814 2518 2875 2557; x_wconf 90' lang='lat' dir='ltr'><strong>ea</strong></span> <span class='ocrx_word' id='word_1_513' title='bbox 2914 2518 3038 2572; x_wconf 69' lang='lat' dir='ltr'><strong>qua:</strong></span> <span class='ocrx_word' id='word_1_514' title='bbox 3072 2519 3234 2572; x_wconf 86' lang='lat' dir='ltr'><strong>super</strong></span> <span class='ocrx_word' id='word_1_515' title='bbox 3273 2516 3468 2559; x_wconf 90' lang='lat' dir='ltr'><strong>terram</strong></span> <span class='ocrx_word' id='word_1_516' title='bbox 3515 2506 3598 2558; x_wconf 63' lang='lat' dir='ltr'><strong>dl~</strong></span> 
     </span>
    </p>
   </div>
   <div class='ocr_carea' id='block_1_71' title="bbox 2036 2591 3601 2665">
    <p class='ocr_par' dir='ltr' id='par_1_71' title="bbox 2036 2591 3601 2665">
     <span class='ocr_line' id='line_1_71' title="bbox 2036 2591 3601 2665; baseline 0.007 -26"><span class='ocrx_word' id='word_1_517' title='bbox 2036 2600 2335 2651; x_wconf 82' lang='lat' dir='ltr'><strong>versamur,</strong></span> <span class='ocrx_word' id='word_1_518' title='bbox 2369 2591 2567 2660; x_wconf 88' lang='lat' dir='ltr'><strong>aliquid</strong></span> <span class='ocrx_word' id='word_1_519' title='bbox 2609 2594 2841 2662; x_wconf 86' lang='lat' dir='ltr'><strong>amplius</strong></span> <span class='ocrx_word' id='word_1_520' title='bbox 2868 2594 2934 2649; x_wconf 90' lang='lat' dir='ltr'><strong>de</strong></span> <span class='ocrx_word' id='word_1_521' title='bbox 2967 2596 3114 2648; x_wconf 85' lang='lat' dir='ltr'><strong>vitali</strong></span> <span class='ocrx_word' id='word_1_522' title='bbox 3146 2596 3399 2650; x_wconf 82' lang='lat' dir='ltr'><strong>facultate</strong></span> <span class='ocrx_word' id='word_1_523' title='bbox 3429 2599 3601 2665; x_wconf 83' lang='lat' dir='ltr'><strong>partl-</strong></span> 
     </span>
    </p>
   </div>
   <div class='ocr_carea' id='block_1_72' title="bbox 2035 2680 3604 2758">
    <p class='ocr_par' dir='ltr' id='par_1_72' title="bbox 2035 2680 3604 2758">
     <span class='ocr_line' id='line_1_72' title="bbox 2035 2680 3604 2758; baseline 0.006 -24"><span class='ocrx_word' id='word_1_524' title='bbox 2035 2682 2233 2747; x_wconf 91' lang='lat' dir='ltr'><strong>cipent.</strong></span> <span class='ocrx_word' id='word_1_525' title='bbox 2290 2680 2587 2738; x_wconf 82' lang='lat' dir='ltr'><strong>Terrestria</strong></span> <span class='ocrx_word' id='word_1_526' title='bbox 2645 2686 2870 2756; x_wconf 90' lang='lat' dir='ltr'><strong>quidem</strong></span> <span class='ocrx_word' id='word_1_527' title='bbox 2927 2698 3052 2742; x_wconf 88' lang='lat' dir='ltr'><strong>sunt</strong></span> <span class='ocrx_word' id='word_1_528' title='bbox 3110 2704 3323 2758; x_wconf 90' lang='lat' dir='ltr'><strong>quoque</strong></span> <span class='ocrx_word' id='word_1_529' title='bbox 3377 2688 3604 2744; x_wconf 82' lang='lat' dir='ltr'><strong>rationis</strong></span> 
     </span>
    </p>
   </div>
   <div class='ocr_carea' id='block_1_73' title="bbox 2036 2776 3601 2848">
    <p class='ocr_par' dir='ltr' id='par_1_73' title="bbox 2036 2776 3601 2848">
     <span class='ocr_line' id='line_1_73' title="bbox 2036 2776 3601 2848; baseline 0.004 -19"><span class='ocrx_word' id='word_1_530' title='bbox 2036 2777 2271 2843; x_wconf 72' lang='lat' dir='ltr'><strong>espertia</strong></span> <span class='ocrx_word' id='word_1_531' title='bbox 2307 2794 2321 2828; x_wconf 92' lang='lat'>:</span> <span class='ocrx_word' id='word_1_532' title='bbox 2355 2776 2446 2829; x_wconf 90' lang='lat' dir='ltr'><strong>sed</strong></span> <span class='ocrx_word' id='word_1_533' title='bbox 2474 2786 2647 2829; x_wconf 89' lang='lat' dir='ltr'><strong>tamen</strong></span> <span class='ocrx_word' id='word_1_534' title='bbox 2679 2779 3107 2847; x_wconf 82' lang='lat' dir='ltr'><strong>unumquodque</strong></span> <span class='ocrx_word' id='word_1_535' title='bbox 3138 2791 3233 2848; x_wconf 89' lang='lat' dir='ltr'><strong>per</strong></span> <span class='ocrx_word' id='word_1_536' title='bbox 3265 2787 3466 2834; x_wconf 64' lang='lat' dir='ltr'><strong>natura:</strong></span> <span class='ocrx_word' id='word_1_537' title='bbox 3505 2794 3601 2835; x_wconf 55' lang='lat' dir='ltr'><strong>vos</strong></span> 
     </span>
    </p>
   </div>
   <div class='ocr_carea' id='block_1_74' title="bbox 2035 2867 3604 2940">
    <p class='ocr_par' dir='ltr' id='par_1_74' title="bbox 2035 2867 3604 2940">
     <span class='ocr_line' id='line_1_74' title="bbox 2035 2867 3604 2940; baseline 0.003 -20"><span class='ocrx_word' id='word_1_538' title='bbox 2035 2883 2151 2920; x_wconf 75' lang='lat' dir='ltr'><strong>cem</strong></span> <span class='ocrx_word' id='word_1_539' title='bbox 2183 2869 2377 2921; x_wconf 90' lang='lat' dir='ltr'><strong>multas</strong></span> <span class='ocrx_word' id='word_1_540' title='bbox 2398 2869 2589 2921; x_wconf 72' lang='lat' dir='ltr'><strong>anima:</strong></span> <span class='ocrx_word' id='word_1_541' title='bbox 2614 2867 2936 2924; x_wconf 78' lang='lat' dir='ltr'><strong>aﬂectiOnes</strong></span> <span class='ocrx_word' id='word_1_542' title='bbox 2973 2872 3195 2924; x_wconf 88' lang='lat' dir='ltr'><strong>indicat.</strong></span> <span class='ocrx_word' id='word_1_543' title='bbox 3233 2873 3364 2923; x_wconf 76' lang='lat' dir='ltr'><strong>Nam</strong></span> <span class='ocrx_word' id='word_1_544' title='bbox 3391 2880 3445 2925; x_wconf 89' lang='lat' dir='ltr'><strong>et</strong></span> <span class='ocrx_word' id='word_1_545' title='bbox 3472 2886 3604 2940; x_wconf 77' lang='lat' dir='ltr'><strong>gau-&#39;</strong></span> 
     </span>
    </p>
   </div>
   <div class='ocr_carea' id='block_1_75' title="bbox 2036 2954 3599 3029">
    <p class='ocr_par' dir='ltr' id='par_1_75' title="bbox 2036 2954 3599 3029">
     <span class='ocr_line' id='line_1_75' title="bbox 2036 2954 3599 3029; baseline 0.003 -21"><span class='ocrx_word' id='word_1_546' title='bbox 2036 2954 2201 3019; x_wconf 88' lang='lat' dir='ltr'><strong>dimn,</strong></span> <span class='ocrx_word' id='word_1_547' title='bbox 2232 2965 2285 3007; x_wconf 92' lang='lat' dir='ltr'><strong>et</strong></span> <span class='ocrx_word' id='word_1_548' title='bbox 2316 2955 2614 3021; x_wconf 87' lang='lat' dir='ltr'><strong>tristitiam,</strong></span> <span class='ocrx_word' id='word_1_549' title='bbox 2642 2956 2813 3025; x_wconf 80' lang='lat' dir='ltr'><strong>et71</strong></span> <span class='ocrx_word' id='word_1_550' title='bbox 2833 2959 3234 3013; x_wconf 88' lang='lat' dir='ltr'><strong>consuetudinis</strong></span> <span class='ocrx_word' id='word_1_551' title='bbox 3251 2960 3599 3029; x_wconf 61' lang='lat' dir='ltr'><strong>agnitionem,</strong></span> 
     </span>
    </p>
   </div>
   <div class='ocr_carea' id='block_1_76' title="bbox 2036 3046 3606 3119">
    <p class='ocr_par' dir='ltr' id='par_1_76' title="bbox 2036 3046 3606 3119">
     <span class='ocr_line' id='line_1_76' title="bbox 2036 3046 3606 3119; baseline 0.003 -19"><span class='ocrx_word' id='word_1_552' title='bbox 2036 3046 2342 3100; x_wconf 83' lang='lat' dir='ltr'><strong>etalimenti</strong></span> <span class='ocrx_word' id='word_1_553' title='bbox 2367 3046 2623 3114; x_wconf 86' lang='lat' dir='ltr'><strong>inopiam,</strong></span> <span class='ocrx_word' id='word_1_554' title='bbox 2643 3056 2696 3101; x_wconf 91' lang='lat' dir='ltr'><strong>et</strong></span> <span class='ocrx_word' id='word_1_555' title='bbox 2722 3063 2902 3101; x_wconf 88' lang='lat' dir='ltr'><strong>eorum</strong></span> <span class='ocrx_word' id='word_1_556' title='bbox 2926 3064 3045 3117; x_wconf 72' lang='lat' dir='ltr'><strong>qua:</strong></span> <span class='ocrx_word' id='word_1_557' title='bbox 3067 3050 3223 3102; x_wconf 90' lang='lat' dir='ltr'><strong>simul</strong></span> <span class='ocrx_word' id='word_1_558' title='bbox 3248 3051 3606 3119; x_wconf 86' lang='lat' dir='ltr'><strong>pascebantur</strong></span> 
     </span>
    </p>
   </div>
   <div class='ocr_carea' id='block_1_77' title="bbox 2038 3138 3603 3211">
    <p class='ocr_par' dir='ltr' id='par_1_77' title="bbox 2038 3138 3603 3211">
     <span class='ocr_line' id='line_1_77' title="bbox 2038 3138 3603 3211; baseline 0.004 -20"><span class='ocrx_word' id='word_1_559' title='bbox 2038 3139 2449 3206; x_wconf 81' lang='lat' dir='ltr'><strong>separationem,</strong></span> <span class='ocrx_word' id='word_1_560' title='bbox 2474 3149 2527 3191; x_wconf 93' lang='lat' dir='ltr'><strong>et</strong></span> <span class='ocrx_word' id='word_1_561' title='bbox 2547 3138 2862 3193; x_wconf 88' lang='lat' dir='ltr'><strong>innumeras</strong></span> <span class='ocrx_word' id='word_1_562' title='bbox 2886 3139 3198 3195; x_wconf 83' lang='lat' dir='ltr'><strong>affectiones</strong></span> <span class='ocrx_word' id='word_1_563' title='bbox 3215 3144 3442 3211; x_wconf 88' lang='lat' dir='ltr'><strong>quodam</strong></span> <span class='ocrx_word' id='word_1_564' title='bbox 3470 3158 3603 3198; x_wconf 87' lang='lat' dir='ltr'><strong>sono</strong></span> 
     </span>
    </p>
   </div>
   <div class='ocr_carea' id='block_1_78' title="bbox 2039 3227 3601 3299">
    <p class='ocr_par' dir='ltr' id='par_1_78' title="bbox 2039 3227 3601 3299">
     <span class='ocr_line' id='line_1_78' title="bbox 2039 3227 3601 3299; baseline 0.004 -19"><span class='ocrx_word' id='word_1_565' title='bbox 2039 3227 2383 3294; x_wconf 81' lang='lat' dir='ltr'><strong>patefaciunt.</strong></span> <span class='ocrx_word' id='word_1_566' title='bbox 2430 3229 2693 3299; x_wconf 87' lang='lat' dir='ltr'><strong>Aquatica</strong></span> <span class='ocrx_word' id='word_1_567' title='bbox 2725 3245 2852 3283; x_wconf 89' lang='lat' dir='ltr'><strong>vero</strong></span> <span class='ocrx_word' id='word_1_568' title='bbox 2903 3246 3006 3284; x_wconf 92' lang='lat' dir='ltr'><strong>non</strong></span> <span class='ocrx_word' id='word_1_569' title='bbox 3051 3232 3227 3285; x_wconf 82' lang='lat' dir='ltr'><strong>solum</strong></span> <span class='ocrx_word' id='word_1_570' title='bbox 3261 3244 3404 3286; x_wconf 89' lang='lat' dir='ltr'><strong>muta</strong></span> <span class='ocrx_word' id='word_1_571' title='bbox 3442 3242 3601 3299; x_wconf 64' lang='lat' dir='ltr'><strong>sunt,</strong></span> 
     </span>
    </p>
   </div>
   <div class='ocr_carea' id='block_1_79' title="bbox 2034 3319 3604 3386">
    <p class='ocr_par' dir='ltr' id='par_1_79' title="bbox 2034 3319 3604 3386">
     <span class='ocr_line' id='line_1_79' title="bbox 2034 3319 3604 3386; baseline 0.004 -13"><span class='ocrx_word' id='word_1_572' title='bbox 2034 3319 2128 3373; x_wconf 84' lang='lat' dir='ltr'><strong>sed</strong></span> <span class='ocrx_word' id='word_1_573' title='bbox 2178 3319 2338 3373; x_wconf 89' lang='lat' dir='ltr'><strong>etiam</strong></span> <span class='ocrx_word' id='word_1_574' title='bbox 2372 3319 2744 3386; x_wconf 87' lang='lat' dir='ltr'><strong>immansueta,</strong></span> <span class='ocrx_word' id='word_1_575' title='bbox 2781 3334 2836 3375; x_wconf 92' lang='lat' dir='ltr'><strong>et</strong></span> <span class='ocrx_word' id='word_1_576' title='bbox 2882 3321 3151 3386; x_wconf 87' lang='lat' dir='ltr'><strong>indocilia,</strong></span> <span class='ocrx_word' id='word_1_577' title='bbox 3198 3334 3250 3377; x_wconf 90' lang='lat' dir='ltr'><strong>et</strong></span> <span class='ocrx_word' id='word_1_578' title='bbox 3279 3324 3346 3377; x_wconf 89' lang='lat' dir='ltr'><strong>ad</strong></span> <span class='ocrx_word' id='word_1_579' title='bbox 3389 3334 3604 3379; x_wconf 85' lang='lat' dir='ltr'><strong>omnem</strong></span> 
     </span>
    </p>
   </div>
   <div class='ocr_carea' id='block_1_80' title="bbox 2035 3409 3604 3485">
    <p class='ocr_par' dir='ltr' id='par_1_80' title="bbox 2035 3409 3604 3485">
     <span class='ocr_line' id='line_1_80' title="bbox 2035 3409 3604 3485; baseline 0.006 -24"><span class='ocrx_word' id='word_1_580' title='bbox 2035 3409 2160 3463; x_wconf 76' lang='lat' dir='ltr'><strong>vita:</strong></span> <span class='ocrx_word' id='word_1_581' title='bbox 2205 3410 2520 3464; x_wconf 86' lang='lat' dir='ltr'><strong>societatem</strong></span> <span class='ocrx_word' id='word_1_582' title='bbox 2567 3410 2875 3467; x_wconf 87' lang='lat' dir='ltr'><strong>hominibus</strong></span> <span class='ocrx_word' id='word_1_583' title='bbox 2921 3413 3307 3468; x_wconf 87' lang='lat' dir='ltr'><strong>intractabilia.</strong></span> <span class='ocrx_word' id='word_1_584' title='bbox 3346 3413 3604 3485; x_wconf 73' lang='lat' dir='ltr'><strong>Cognovit</strong></span> 
     </span>
    </p>
   </div>
   <div class='ocr_carea' id='block_1_81' title="bbox 2036 3501 3604 3571">
    <p class='ocr_par' dir='ltr' id='par_1_81' title="bbox 2036 3501 3604 3571">
     <span class='ocr_line' id='line_1_81' title="bbox 2036 3501 3604 3571; baseline 0.004 -19"><span class='ocrx_word' id='word_1_585' title='bbox 2036 3501 2124 3554; x_wconf 83' lang='lat' dir='ltr'><strong>bos</strong></span> <span class='ocrx_word' id='word_1_586' title='bbox 2168 3517 2513 3569; x_wconf 70' lang='lat' dir='ltr'><strong>possessore»:</strong></span> <span class='ocrx_word' id='word_1_587' title='bbox 2561 3518 2744 3567; x_wconf 80' lang='lat' dir='ltr'><strong>suum,</strong></span> <span class='ocrx_word' id='word_1_588' title='bbox 2798 3512 2846 3556; x_wconf 81' lang='lat' dir='ltr'><strong>et</strong></span> <span class='ocrx_word' id='word_1_589' title='bbox 2892 3503 3075 3556; x_wconf 80' lang='lat' dir='ltr'><strong>asinus</strong></span> <span class='ocrx_word' id='word_1_590' title='bbox 3127 3519 3355 3571; x_wconf 73' lang='lat' dir='ltr'><strong>prwsepe</strong></span> <span class='ocrx_word' id='word_1_591' title='bbox 3402 3506 3604 3560; x_wconf 79' lang='lat' dir='ltr'><strong>domini</strong></span> 
     </span>
    </p>
   </div>
   <div class='ocr_carea' id='block_1_82' title="bbox 2034 3592 3607 3667">
    <p class='ocr_par' dir='ltr' id='par_1_82' title="bbox 2034 3592 3607 3667">
     <span class='ocr_line' id='line_1_82' title="bbox 2034 3592 3607 3667; baseline 0.004 -21"><span class='ocrx_word' id='word_1_592' title='bbox 2034 3592 2116 3646; x_wconf 83' lang='lat' dir='ltr'><strong>sui</strong></span> <span class='ocrx_word' id='word_1_593' title='bbox 2142 3594 2161 3623; x_wconf 77' lang='grc'>³</span> <span class='ocrx_word' id='word_1_594' title='bbox 2186 3606 2201 3645; x_wconf 90' lang='lat'><strong>:</strong></span> <span class='ocrx_word' id='word_1_595' title='bbox 2230 3593 2395 3661; x_wconf 89' lang='lat' dir='ltr'><strong>piscis</strong></span> <span class='ocrx_word' id='word_1_596' title='bbox 2431 3599 2607 3647; x_wconf 89' lang='lat' dir='ltr'><strong>autem</strong></span> <span class='ocrx_word' id='word_1_597' title='bbox 2640 3607 2815 3662; x_wconf 81' lang='lat' dir='ltr'><strong>neque</strong></span> <span class='ocrx_word' id='word_1_598' title='bbox 2844 3610 2999 3648; x_wconf 91' lang='lat' dir='ltr'><strong>suum</strong></span> <span class='ocrx_word' id='word_1_599' title='bbox 3043 3596 3268 3650; x_wconf 87' lang='lat' dir='ltr'><strong>altorem</strong></span> <span class='ocrx_word' id='word_1_600' title='bbox 3313 3606 3607 3667; x_wconf 79' lang='lat' dir='ltr'><strong>agnoscere</strong></span> 
     </span>
    </p>
   </div>
   <div class='ocr_carea' id='block_1_83' title="bbox 2037 3682 3606 3752">
    <p class='ocr_par' dir='ltr' id='par_1_83' title="bbox 2037 3682 3606 3752">
     <span class='ocr_line' id='line_1_83' title="bbox 2037 3682 3606 3752; baseline 0.006 -15"><span class='ocrx_word' id='word_1_601' title='bbox 2037 3684 2226 3752; x_wconf 89' lang='lat' dir='ltr'><strong>potuit.</strong></span> <span class='ocrx_word' id='word_1_602' title='bbox 2257 3682 2415 3738; x_wconf 82' lang='lat' dir='ltr'><strong>Novit</strong></span> <span class='ocrx_word' id='word_1_603' title='bbox 2449 3684 2773 3738; x_wconf 79' lang='lat' dir='ltr'><strong>familiarem</strong></span> <span class='ocrx_word' id='word_1_604' title='bbox 2820 3697 2875 3740; x_wconf 88' lang='lat' dir='ltr'><strong>et</strong></span> <span class='ocrx_word' id='word_1_605' title='bbox 2909 3698 3223 3742; x_wconf 84' lang='lat' dir='ltr'><strong>consuetam</strong></span> <span class='ocrx_word' id='word_1_606' title='bbox 3264 3704 3447 3744; x_wconf 88' lang='lat' dir='ltr'><strong>vocem</strong></span> <span class='ocrx_word' id='word_1_607' title='bbox 3498 3694 3606 3746; x_wconf 62' lang='grc' dir='ltr'>σείει</span> 
     </span>
    </p>
   </div>
   <div class='ocr_carea' id='block_1_84' title="bbox 2037 3776 3604 3849">
    <p class='ocr_par' dir='ltr' id='par_1_84' title="bbox 2037 3776 3604 3849">
     <span class='ocr_line' id='line_1_84' title="bbox 2037 3776 3604 3849; baseline 0.004 -20"><span class='ocrx_word' id='word_1_608' title='bbox 2037 3790 2175 3829; x_wconf 88' lang='lat' dir='ltr'><strong>nus:</strong></span> <span class='ocrx_word' id='word_1_609' title='bbox 2222 3776 2324 3831; x_wconf 86' lang='lat' dir='ltr'><strong>iter</strong></span> <span class='ocrx_word' id='word_1_610' title='bbox 2367 3778 2509 3846; x_wconf 81' lang='lat' dir='ltr'><strong>quod</strong></span> <span class='ocrx_word' id='word_1_611' title='bbox 2557 3777 2755 3846; x_wconf 66' lang='lat' dir='ltr'><strong>saepius</strong></span> <span class='ocrx_word' id='word_1_612' title='bbox 2804 3777 3118 3846; x_wconf 82' lang='lat' dir='ltr'><strong>ambulavit,</strong></span> <span class='ocrx_word' id='word_1_613' title='bbox 3173 3782 3456 3849; x_wconf 77' lang='lat' dir='ltr'><strong>cognovit;</strong></span> <span class='ocrx_word' id='word_1_614' title='bbox 3498 3784 3604 3836; x_wconf 89' lang='lat' dir='ltr'><strong>imo</strong></span> 
     </span>
    </p>
   </div>
   <div class='ocr_carea' id='block_1_85' title="bbox 2035 3868 3605 3943">
    <p class='ocr_par' dir='ltr' id='par_1_85' title="bbox 2035 3868 3605 3943">
     <span class='ocr_line' id='line_1_85' title="bbox 2035 3868 3605 3943; baseline 0.007 -23"><span class='ocrx_word' id='word_1_615' title='bbox 2035 3881 2165 3921; x_wconf 83' lang='lat' dir='ltr'><strong>vero</strong></span> <span class='ocrx_word' id='word_1_616' title='bbox 2191 3883 2573 3943; x_wconf 85' lang='lat' dir='ltr'><strong>nonnunquam</strong></span> <span class='ocrx_word' id='word_1_617' title='bbox 2594 3870 2698 3923; x_wconf 82' lang='lat' dir='ltr'><strong>dux</strong></span> <span class='ocrx_word' id='word_1_618' title='bbox 2720 3868 2777 3922; x_wconf 82' lang='lat' dir='ltr'><strong>ﬁt</strong></span> <span class='ocrx_word' id='word_1_619' title='bbox 2801 3869 3001 3923; x_wconf 90' lang='lat' dir='ltr'><strong>homini</strong></span> <span class='ocrx_word' id='word_1_620' title='bbox 3026 3872 3317 3926; x_wconf 84' lang='lat' dir='ltr'><strong>aberranti.</strong></span> <span class='ocrx_word' id='word_1_621' title='bbox 3340 3874 3605 3931; x_wconf 83' lang='lat' dir='ltr'><strong>Audiendl</strong></span> 
     </span>
    </p>
   </div>
   <div class='ocr_carea' id='block_1_86' title="bbox 2036 3960 3601 4031">
    <p class='ocr_par' dir='ltr' id='par_1_86' title="bbox 2036 3960 3601 4031">
     <span class='ocr_line' id='line_1_86' title="bbox 2036 3960 3601 4031; baseline 0.003 -16"><span class='ocrx_word' id='word_1_622' title='bbox 2036 3970 2215 4015; x_wconf 86' lang='lat' dir='ltr'><strong>autem</strong></span> <span class='ocrx_word' id='word_1_623' title='bbox 2260 3961 2611 4015; x_wconf 80' lang='lat' dir='ltr'><strong>subtilitatem</strong></span> <span class='ocrx_word' id='word_1_624' title='bbox 2648 3976 2749 4028; x_wconf 92' lang='lat' dir='ltr'><strong>qua</strong></span> <span class='ocrx_word' id='word_1_625' title='bbox 2782 3960 2886 4015; x_wconf 88' lang='lat' dir='ltr'><strong>hoc</strong></span> <span class='ocrx_word' id='word_1_626' title='bbox 2932 3963 3130 4016; x_wconf 87' lang='lat' dir='ltr'><strong>animal</strong></span> <span class='ocrx_word' id='word_1_627' title='bbox 3167 3966 3450 4031; x_wconf 79' lang='lat' dir='ltr'><strong>przeditum</strong></span> <span class='ocrx_word' id='word_1_628' title='bbox 3489 3977 3601 4029; x_wconf 66' lang='lat' dir='ltr'><strong>est,</strong></span> 
     </span>
    </p>
   </div>
   <div class='ocr_carea' id='block_1_87' title="bbox 2038 4052 3605 4121">
    <p class='ocr_par' dir='ltr' id='par_1_87' title="bbox 2038 4052 3605 4121">
     <span class='ocr_line' id='line_1_87' title="bbox 2038 4052 3605 4121; baseline 0.004 -14"><span class='ocrx_word' id='word_1_629' title='bbox 2038 4070 2105 4107; x_wconf 90' lang='lat' dir='ltr'><strong>ne</strong></span> <span class='ocrx_word' id='word_1_630' title='bbox 2133 4053 2295 4106; x_wconf 91' lang='lat' dir='ltr'><strong>ullum</strong></span> <span class='ocrx_word' id='word_1_631' title='bbox 2325 4052 2537 4121; x_wconf 86' lang='lat' dir='ltr'><strong>quidem</strong></span> <span class='ocrx_word' id='word_1_632' title='bbox 2563 4053 2705 4106; x_wconf 87' lang='lat' dir='ltr'><strong>aliud</strong></span> <span class='ocrx_word' id='word_1_633' title='bbox 2736 4062 2993 4108; x_wconf 88' lang='lat' dir='ltr'><strong>terrestre</strong></span> <span class='ocrx_word' id='word_1_634' title='bbox 3020 4056 3218 4110; x_wconf 87' lang='lat' dir='ltr'><strong>habere</strong></span> <span class='ocrx_word' id='word_1_635' title='bbox 3243 4056 3457 4113; x_wconf 89' lang='lat' dir='ltr'><strong>dicitur.</strong></span> <span class='ocrx_word' id='word_1_636' title='bbox 3488 4060 3605 4113; x_wconf 39' lang='lat' dir='ltr'><strong>Cane</strong></span> 
     </span>
    </p>
   </div>
   <div class='ocr_carea' id='block_1_88' title="bbox 2039 4144 3602 4213">
    <p class='ocr_par' dir='ltr' id='par_1_88' title="bbox 2039 4144 3602 4213">
     <span class='ocr_line' id='line_1_88' title="bbox 2039 4144 3602 4213; baseline 0.003 -16"><span class='ocrx_word' id='word_1_637' title='bbox 2039 4152 2213 4197; x_wconf 84' lang='lat' dir='ltr'><strong>terum</strong></span> <span class='ocrx_word' id='word_1_638' title='bbox 2242 4144 2509 4211; x_wconf 90' lang='lat' dir='ltr'><strong>quodnam</strong></span> <span class='ocrx_word' id='word_1_639' title='bbox 2538 4159 2606 4197; x_wconf 79' lang='lat' dir='ltr'><strong>ex</strong></span> <span class='ocrx_word' id='word_1_640' title='bbox 2638 4144 2863 4198; x_wconf 86' lang='lat' dir='ltr'><strong>marinis</strong></span> <span class='ocrx_word' id='word_1_641' title='bbox 2890 4155 3051 4213; x_wconf 86' lang='lat' dir='ltr'><strong>queat</strong></span> <span class='ocrx_word' id='word_1_642' title='bbox 3080 4146 3131 4199; x_wconf 92' lang='lat' dir='ltr'><strong>in</strong></span> <span class='ocrx_word' id='word_1_643' title='bbox 3160 4149 3381 4201; x_wconf 86' lang='lat' dir='ltr'><strong>camelis</strong></span> <span class='ocrx_word' id='word_1_644' title='bbox 3404 4149 3602 4204; x_wconf 88' lang='lat' dir='ltr'><strong>imitari</strong></span> 
     </span>
    </p>
   </div>
   <div class='ocr_carea' id='block_1_89' title="bbox 2037 4235 3602 4306">
    <p class='ocr_par' dir='ltr' id='par_1_89' title="bbox 2037 4235 3602 4306">
     <span class='ocr_line' id='line_1_89' title="bbox 2037 4235 3602 4306; baseline 0.004 -17"><span class='ocrx_word' id='word_1_645' title='bbox 2037 4235 2355 4301; x_wconf 76' lang='lat' dir='ltr'><strong>iniuriarum</strong></span> <span class='ocrx_word' id='word_1_646' title='bbox 2384 4236 2721 4302; x_wconf 90' lang='lat' dir='ltr'><strong>memoriam,</strong></span> <span class='ocrx_word' id='word_1_647' title='bbox 2754 4236 2889 4289; x_wconf 89' lang='lat' dir='ltr'><strong>iram</strong></span> <span class='ocrx_word' id='word_1_648' title='bbox 2920 4252 3159 4306; x_wconf 78' lang='lat' dir='ltr'><strong>gravem,</strong></span> <span class='ocrx_word' id='word_1_649' title='bbox 3193 4240 3482 4294; x_wconf 73' lang='lat' dir='ltr'><strong>iracundia:</strong></span> <span class='ocrx_word' id='word_1_650' title='bbox 3518 4250 3602 4295; x_wconf 35' lang='lat' dir='ltr'><strong>tea</strong></span> 
     </span>
    </p>
   </div>
   <div class='ocr_carea' id='block_1_90' title="bbox 2037 4326 3603 4399">
    <p class='ocr_par' dir='ltr' id='par_1_90' title="bbox 2037 4326 3603 4399">
     <span class='ocr_line' id='line_1_90' title="bbox 2037 4326 3603 4399; baseline 0.004 -19"><span class='ocrx_word' id='word_1_651' title='bbox 2037 4327 2363 4380; x_wconf 83' lang='lat' dir='ltr'><strong>nacitatem?</strong></span> <span class='ocrx_word' id='word_1_652' title='bbox 2396 4326 2646 4381; x_wconf 88' lang='lat' dir='ltr'><strong>Camelus</strong></span> <span class='ocrx_word' id='word_1_653' title='bbox 2677 4328 2883 4396; x_wconf 91' lang='lat' dir='ltr'><strong>pridem</strong></span> <span class='ocrx_word' id='word_1_654' title='bbox 2931 4343 3239 4397; x_wconf 84' lang='lat' dir='ltr'><strong>percussus,</strong></span> <span class='ocrx_word' id='word_1_655' title='bbox 3288 4331 3364 4383; x_wconf 90' lang='lat' dir='ltr'><strong>ira</strong></span> <span class='ocrx_word' id='word_1_656' title='bbox 3416 4332 3603 4399; x_wconf 85' lang='lat' dir='ltr'><strong>perdiu</strong></span> 
     </span>
    </p>
   </div>
   <div class='ocr_carea' id='block_1_91' title="bbox 2038 4417 3603 4487">
    <p class='ocr_par' dir='ltr' id='par_1_91' title="bbox 2038 4417 3603 4487">
     <span class='ocr_line' id='line_1_91' title="bbox 2038 4417 3603 4487; baseline 0.004 -15"><span class='ocrx_word' id='word_1_657' title='bbox 2038 4417 2334 4483; x_wconf 88' lang='lat' dir='ltr'><strong>recondita,</strong></span> <span class='ocrx_word' id='word_1_658' title='bbox 2384 4420 2470 4472; x_wconf 84' lang='lat' dir='ltr'><strong>ubi</strong></span> <span class='ocrx_word' id='word_1_659' title='bbox 2522 4420 2864 4474; x_wconf 87' lang='lat' dir='ltr'><strong>occasionem</strong></span> <span class='ocrx_word' id='word_1_660' title='bbox 2919 4431 3110 4476; x_wconf 82' lang='lat' dir='ltr'><strong>nactus</strong></span> <span class='ocrx_word' id='word_1_661' title='bbox 3165 4423 3359 4487; x_wconf 79' lang='lat' dir='ltr'><strong>fuerit,</strong></span> <span class='ocrx_word' id='word_1_662' title='bbox 3405 4424 3603 4478; x_wconf 88' lang='lat' dir='ltr'><strong>malum</strong></span> 
     </span>
    </p>
   </div>
   <div class='ocr_carea' id='block_1_92' title="bbox 361 4508 1933 4591">
    <p class='ocr_par' dir='ltr' id='par_1_92' title="bbox 361 4513 1933 4591">
     <span class='ocr_line' id='line_1_92' title="bbox 361 4513 1933 4591; baseline -0.003 -20"><span class='ocrx_word' id='word_1_663' title='bbox 361 4532 516 4591; x_wconf 78' lang='grc' dir='ltr'>σατε,</span> <span class='ocrx_word' id='word_1_664' title='bbox 540 4517 588 4568; x_wconf 90' lang='grc' dir='ltr'>οἱ</span> <span class='ocrx_word' id='word_1_665' title='bbox 620 4514 939 4585; x_wconf 80' lang='grc' dir='ltr'>βαρύθυμοι,</span> <span class='ocrx_word' id='word_1_666' title='bbox 982 4514 1031 4565; x_wconf 77' lang='grc' dir='ltr'>οἱ</span> <span class='ocrx_word' id='word_1_667' title='bbox 1070 4513 1169 4583; x_wconf 83' lang='grc' dir='ltr'><strong>τὴν</strong></span> <span class='ocrx_word' id='word_1_668' title='bbox 1224 4514 1587 4583; x_wconf 88' lang='grc' dir='ltr'>μνησικακίαν</span> <span class='ocrx_word' id='word_1_669' title='bbox 1615 4513 1690 4576; x_wconf 83' lang='grc' dir='ltr'>ὡς</span> <span class='ocrx_word' id='word_1_670' title='bbox 1737 4514 1933 4586; x_wconf 79' lang='grc' dir='ltr'>ἀρετὴν</span> 
     </span>
    </p>
   </div>
   <div class='ocr_carea' id='block_1_93' title="bbox 2036 4508 3603 4591">
    <p class='ocr_par' dir='ltr' id='par_1_93' title="bbox 2039 4508 3603 4583">
     <span class='ocr_line' id='line_1_93' title="bbox 2039 4508 3603 4583; baseline 0.006 -22"><span class='ocrx_word' id='word_1_671' title='bbox 2039 4508 2230 4562; x_wconf 88' lang='lat' dir='ltr'><strong>reddit.</strong></span> <span class='ocrx_word' id='word_1_672' title='bbox 2270 4508 2469 4562; x_wconf 81' lang='lat' dir='ltr'><strong>Audite</strong></span> <span class='ocrx_word' id='word_1_673' title='bbox 2500 4523 2617 4573; x_wconf 86' lang='lat' dir='ltr'><strong>vos,</strong></span> <span class='ocrx_word' id='word_1_674' title='bbox 2661 4510 2754 4578; x_wconf 91' lang='lat' dir='ltr'><strong>qui</strong></span> <span class='ocrx_word' id='word_1_675' title='bbox 2787 4510 3022 4579; x_wconf 82' lang='lat' dir='ltr'><strong>graviter</strong></span> <span class='ocrx_word' id='word_1_676' title='bbox 3049 4512 3367 4576; x_wconf 88' lang='lat' dir='ltr'><strong>irascimini,</strong></span> <span class='ocrx_word' id='word_1_677' title='bbox 3397 4515 3487 4583; x_wconf 86' lang='lat' dir='ltr'><strong>qui</strong></span> <span class='ocrx_word' id='word_1_678' title='bbox 3519 4515 3603 4572; x_wconf 56' lang='lat' dir='ltr'><strong>int»</strong></span> 
     </span>
    </p>
   </div>
   <div class='ocr_carea' id='block_1_94' title="bbox 360 4604 1931 4676">
    <p class='ocr_par' dir='ltr' id='par_1_94' title="bbox 360 4604 1931 4676">
     <span class='ocr_line' id='line_1_94' title="bbox 360 4604 1931 4676; baseline -0.001 -15"><span class='ocrx_word' id='word_1_679' title='bbox 360 4605 785 4676; x_wconf 77' lang='grc' dir='ltr'>ἐπιτηδεύοντες,</span> <span class='ocrx_word' id='word_1_680' title='bbox 811 4605 916 4657; x_wconf 87' lang='grc' dir='ltr'>τίνι</span> <span class='ocrx_word' id='word_1_681' title='bbox 945 4605 1065 4656; x_wconf 76' lang='grc' dir='ltr'>ἐστὲ</span> <span class='ocrx_word' id='word_1_682' title='bbox 1089 4606 1367 4674; x_wconf 80' lang='grc' dir='ltr'>ἐμφερεῖς,</span> <span class='ocrx_word' id='word_1_683' title='bbox 1398 4605 1525 4657; x_wconf 78' lang='grc' dir='ltr'>ὅταν</span> <span class='ocrx_word' id='word_1_684' title='bbox 1547 4604 1645 4673; x_wconf 78' lang='grc' dir='ltr'><strong>τὴν</strong></span> <span class='ocrx_word' id='word_1_685' title='bbox 1668 4605 1807 4658; x_wconf 78' lang='grc' dir='ltr'><strong>κατά</strong></span> <span class='ocrx_word' id='word_1_686' title='bbox 1837 4607 1931 4660; x_wconf 82' lang='grc' dir='ltr'><strong>τοῦ</strong></span> 
     </span>
    </p>
   </div>
   <div class='ocr_carea' id='block_1_95' title="bbox 360 4693 1929 4767">
    <p class='ocr_par' dir='ltr' id='par_1_95' title="bbox 360 4693 1929 4767">
     <span class='ocr_line' id='line_1_95' title="bbox 360 4693 1929 4767; baseline 0 -17"><span class='ocrx_word' id='word_1_687' title='bbox 360 4696 587 4766; x_wconf 90' lang='grc' dir='ltr'>πλησίον</span> <span class='ocrx_word' id='word_1_688' title='bbox 618 4696 812 4765; x_wconf 71' lang='grc' dir='ltr'>λύπην,</span> <span class='ocrx_word' id='word_1_689' title='bbox 847 4694 1031 4763; x_wconf 82' lang='grc' dir='ltr'>ῶσπερ</span> <span class='ocrx_word' id='word_1_690' title='bbox 1071 4694 1192 4746; x_wconf 79' lang='grc' dir='ltr'>τινὰ</span> <span class='ocrx_word' id='word_1_691' title='bbox 1226 4693 1496 4765; x_wconf 80' lang='grc' dir='ltr'>σπινθῆρα</span> <span class='ocrx_word' id='word_1_692' title='bbox 1559 4696 1929 4767; x_wconf 80' lang='grc' dir='ltr'>κεκρυμμένον</span> 
     </span>
    </p>
   </div>
   <div class='ocr_carea' id='block_1_96' title="bbox 360 4786 1932 4859">
    <p class='ocr_par' dir='ltr' id='par_1_96' title="bbox 360 4786 1932 4859">
     <span class='ocr_line' id='line_1_96' title="bbox 360 4786 1932 4859; baseline -0.001 -16"><span class='ocrx_word' id='word_1_693' title='bbox 360 4792 421 4844; x_wconf 84' lang='grc' dir='ltr'>ὲν</span> <span class='ocrx_word' id='word_1_694' title='bbox 453 4789 662 4859; x_wconf 76' lang='grc' dir='ltr'>σποδιᾷ,</span> <span class='ocrx_word' id='word_1_695' title='bbox 702 4789 858 4859; x_wconf 83' lang='grc' dir='ltr'>μέχρι</span> <span class='ocrx_word' id='word_1_696' title='bbox 879 4786 1134 4841; x_wconf 87' lang='grc' dir='ltr'>τοσούτου</span> <span class='ocrx_word' id='word_1_697' title='bbox 1175 4786 1497 4855; x_wconf 87' lang='grc' dir='ltr'>φυλάσσετε,</span> <span class='ocrx_word' id='word_1_698' title='bbox 1531 4787 1635 4850; x_wconf 67' lang='grc' dir='ltr'><strong>ἕως</strong></span> <span class='ocrx_word' id='word_1_699' title='bbox 1664 4788 1748 4848; x_wconf 84' lang='grc' dir='ltr'><strong>ἂν,</strong></span> <span class='ocrx_word' id='word_1_700' title='bbox 1800 4788 1932 4858; x_wconf 74' lang='grc' dir='ltr'>ὕλης</span> 
     </span>
    </p>
   </div>
   <div class='ocr_carea' id='block_1_97' title="bbox 360 4876 1933 4954">
    <p class='ocr_par' dir='ltr' id='par_1_97' title="bbox 360 4876 1933 4954">
     <span class='ocr_line' id='line_1_97' title="bbox 360 4876 1933 4954; baseline -0.001 -18"><span class='ocrx_word' id='word_1_701' title='bbox 360 4882 647 4954; x_wconf 82' lang='grc' dir='ltr'>λαϐόμενοι</span> <span class='ocrx_word' id='word_1_702' title='bbox 690 4882 823 4952; x_wconf 76' lang='grc'><strong>(⁸58),</strong></span> <span class='ocrx_word' id='word_1_703' title='bbox 864 4876 975 4934; x_wconf 75' lang='grc' dir='ltr'>οἷον</span> <span class='ocrx_word' id='word_1_704' title='bbox 1026 4878 1200 4949; x_wconf 85' lang='grc' dir='ltr'>φλόγα</span> <span class='ocrx_word' id='word_1_705' title='bbox 1223 4878 1345 4933; x_wconf 80' lang='grc' dir='ltr'>τινὰ</span> <span class='ocrx_word' id='word_1_706' title='bbox 1374 4880 1465 4933; x_wconf 85' lang='grc' dir='ltr'><strong>τὸν</strong></span> <span class='ocrx_word' id='word_1_707' title='bbox 1498 4878 1667 4949; x_wconf 86' lang='grc' dir='ltr'>θυμὸν</span> <span class='ocrx_word' id='word_1_708' title='bbox 1695 4882 1933 4935; x_wconf 84' lang='grc' dir='ltr'>ἀνακαύ-</span> 
     </span>
    </p>
   </div>
   <div class='ocr_carea' id='block_1_98' title="bbox 436 4992 516 5029">
    <p class='ocr_par' dir='ltr' id='par_1_98' title="bbox 436 4992 516 5029">
     <span class='ocr_line' id='line_1_98' title="bbox 436 4992 516 5029; baseline 0.025 -2"><span class='ocrx_word' id='word_1_709' title='bbox 436 4992 516 5029; x_wconf 87' lang='grc' dir='ltr'><strong>τε.</strong></span> 
     </span>
    </p>
   </div>
   <div class='ocr_carea' id='block_1_99' title="bbox 362 4992 1932 5136">
    <p class='ocr_par' dir='ltr' id='par_1_99' title="bbox 362 4992 1932 5136">
     <span class='ocr_line' id='line_1_99' title="bbox 362 4992 1932 5136; baseline 0.046 -26"><span class='ocrx_word' id='word_1_710' title='bbox 362 4992 892 5132; x_wconf 32' lang='grc' dir='ltr'>οηξλεξαῖτιγέτω</span> <span class='ocrx_word' id='word_1_711' title='bbox 916 5063 954 5129; x_wconf 72' lang='grc' dir='ltr'>ἡ</span> <span class='ocrx_word' id='word_1_712' title='bbox 984 5062 1059 5132; x_wconf 67' lang='grc' dir='ltr'><strong>γῆ</strong></span> <span class='ocrx_word' id='word_1_713' title='bbox 1088 5062 1300 5133; x_wconf 66' lang='grc' dir='ltr'><strong>ψυχὴν</strong></span> <span class='ocrx_word' id='word_1_714' title='bbox 1333 5060 1546 5122; x_wconf 52' lang='grc' dir='ltr'><strong>ἄπαγ’</strong></span> <span class='ocrx_word' id='word_1_715' title='bbox 1580 5060 1678 5116; x_wconf 57' lang='grc' dir='ltr'><strong>Δίὰ</strong></span> <span class='ocrx_word' id='word_1_716' title='bbox 1703 5064 1756 5116; x_wconf 64' lang='grc' dir='ltr'>τί</span> <span class='ocrx_word' id='word_1_717' title='bbox 1798 5066 1830 5133; x_wconf 69' lang='grc' dir='ltr'>ἡ</span> <span class='ocrx_word' id='word_1_718' title='bbox 1860 5065 1932 5136; x_wconf 62' lang='grc' dir='ltr'><strong>γῆ</strong></span> 
     </span>
    </p>
   </div>
   <div class='ocr_carea' id='block_1_100' title="bbox 358 5154 1933 5228">
    <p class='ocr_par' dir='ltr' id='par_1_100' title="bbox 358 5154 1933 5228">
     <span class='ocr_line' id='line_1_100' title="bbox 358 5154 1933 5228; baseline 0.02 -28"><span class='ocrx_word' id='word_1_719' title='bbox 358 5155 538 5227; x_wconf 69' lang='grc' dir='ltr'>ψυχὴν</span> <span class='ocrx_word' id='word_1_720' title='bbox 592 5157 769 5219; x_wconf 82' lang='grc' dir='ltr'>ζῶσαν</span> <span class='ocrx_word' id='word_1_721' title='bbox 828 5154 1049 5224; x_wconf 81' lang='grc' dir='ltr'>ὲξάγει;</span> <span class='ocrx_word' id='word_1_722' title='bbox 1082 5159 1198 5210; x_wconf 83' lang='grc' dir='ltr'>Ἵνα</span> <span class='ocrx_word' id='word_1_723' title='bbox 1245 5156 1422 5227; x_wconf 73' lang='grc' dir='ltr'>μάθῃς</span> <span class='ocrx_word' id='word_1_724' title='bbox 1453 5156 1714 5227; x_wconf 71' lang='grc' dir='ltr'>διαφορὰν</span> <span class='ocrx_word' id='word_1_725' title='bbox 1754 5158 1933 5228; x_wconf 71' lang='grc' dir='ltr'>ψυχῆς</span> 
     </span>
    </p>
   </div>
   <div class='ocr_carea' id='block_1_101' title="bbox 363 5246 1935 5321">
    <p class='ocr_par' dir='ltr' id='par_1_101' title="bbox 363 5246 1935 5321">
     <span class='ocr_line' id='line_1_101' title="bbox 363 5246 1935 5321; baseline -0.001 -19"><span class='ocrx_word' id='word_1_726' title='bbox 363 5251 592 5320; x_wconf 82' lang='grc' dir='ltr'>κτήνους</span> <span class='ocrx_word' id='word_1_727' title='bbox 624 5250 717 5301; x_wconf 81' lang='grc' dir='ltr'>καὶ</span> <span class='ocrx_word' id='word_1_728' title='bbox 760 5248 936 5319; x_wconf 79' lang='grc' dir='ltr'>ψυχῆς</span> <span class='ocrx_word' id='word_1_729' title='bbox 963 5248 1271 5321; x_wconf 85' lang='grc' dir='ltr'>ἀνθρώπου.</span> <span class='ocrx_word' id='word_1_730' title='bbox 1300 5247 1512 5319; x_wconf 77' lang='grc' dir='ltr'>Μικρὸν</span> <span class='ocrx_word' id='word_1_731' title='bbox 1546 5246 1769 5319; x_wconf 75' lang='grc' dir='ltr'>ὕστερον</span> <span class='ocrx_word' id='word_1_732' title='bbox 1797 5248 1935 5318; x_wconf 82' lang='grc' dir='ltr'>γνώι-</span> 
     </span>
    </p>
   </div>
   <div class='ocr_carea' id='block_1_102' title="bbox 446 5383 773 5453">
    <p class='ocr_par' dir='ltr' id='par_1_102' title="bbox 446 5383 773 5453">
     <span class='ocr_line' id='line_1_102' title="bbox 446 5383 773 5453; baseline 0.006 -16"><span class='ocrx_word' id='word_1_733' title='bbox 446 5385 468 5416; x_wconf 85' lang='grc'>²</span> <span class='ocrx_word' id='word_1_734' title='bbox 506 5383 607 5439; x_wconf 75' lang='lat' dir='ltr'><strong>ISa.</strong></span> <span class='ocrx_word' id='word_1_735' title='bbox 634 5384 773 5453; x_wconf 57' lang='grc' dir='ltr'><strong>χῷ.</strong></span> 
     </span>
    </p>
   </div>
   <div class='ocr_carea' id='block_1_103' title="bbox 436 5538 1932 5615">
    <p class='ocr_par' dir='ltr' id='par_1_103' title="bbox 436 5538 1932 5615">
     <span class='ocr_line' id='line_1_103' title="bbox 436 5538 1932 5615; baseline -0.003 -16"><span class='ocrx_word' id='word_1_736' title='bbox 436 5544 547 5615; x_wconf 82' lang='lat'><strong>(&#39;55)</strong></span> <span class='ocrx_word' id='word_1_737' title='bbox 577 5540 707 5610; x_wconf 73' lang='lat' dir='ltr'><strong>Reg.</strong></span> <span class='ocrx_word' id='word_1_738' title='bbox 741 5543 945 5613; x_wconf 85' lang='lat' dir='ltr'><strong>primtts</strong></span> <span class='ocrx_word' id='word_1_739' title='bbox 977 5538 1051 5605; x_wconf 80' lang='grc' dir='ltr'>ὡς</span> <span class='ocrx_word' id='word_1_740' title='bbox 1086 5539 1436 5613; x_wconf 84' lang='grc' dir='ltr'>τελεωτέρας.</span> <span class='ocrx_word' id='word_1_741' title='bbox 1474 5543 1766 5613; x_wconf 79' lang='lat' dir='ltr'><strong>Aliquanto</strong></span> <span class='ocrx_word' id='word_1_742' title='bbox 1809 5548 1932 5615; x_wconf 82' lang='lat' dir='ltr'><strong>post</strong></span> 
     </span>
    </p>
   </div>
   <div class='ocr_carea' id='block_1_104' title="bbox 364 5614 1930 5684">
    <p class='ocr_par' dir='ltr' id='par_1_104' title="bbox 364 5614 1930 5684">
     <span class='ocr_line' id='line_1_104' title="bbox 364 5614 1930 5684; baseline -0.002 -14"><span class='ocrx_word' id='word_1_743' title='bbox 364 5624 479 5670; x_wconf 86' lang='lat' dir='ltr'><strong>tres</strong></span> <span class='ocrx_word' id='word_1_744' title='bbox 512 5633 638 5666; x_wconf 71' lang='lat' dir='ltr'><strong>mss.</strong></span> <span class='ocrx_word' id='word_1_745' title='bbox 677 5617 730 5667; x_wconf 81' lang='grc' dir='ltr'>αἱ</span> <span class='ocrx_word' id='word_1_746' title='bbox 763 5615 991 5684; x_wconf 76' lang='grc' dir='ltr'>μνῆμαι.</span> <span class='ocrx_word' id='word_1_747' title='bbox 1032 5614 1469 5670; x_wconf 84' lang='lat' dir='ltr'><strong>Deestarticulus</strong></span> <span class='ocrx_word' id='word_1_748' title='bbox 1502 5616 1553 5668; x_wconf 90' lang='lat' dir='ltr'><strong>in</strong></span> <span class='ocrx_word' id='word_1_749' title='bbox 1595 5616 1755 5669; x_wconf 88' lang='lat' dir='ltr'><strong>editis</strong></span> <span class='ocrx_word' id='word_1_750' title='bbox 1779 5622 1832 5668; x_wconf 91' lang='lat' dir='ltr'><strong>et</strong></span> <span class='ocrx_word' id='word_1_751' title='bbox 1876 5614 1930 5667; x_wconf 83' lang='lat' dir='ltr'><strong>in</strong></span> 
     </span>
    </p>
   </div>
   <div class='ocr_carea' id='block_1_105' title="bbox 361 5684 987 5753">
    <p class='ocr_par' dir='ltr' id='par_1_105' title="bbox 361 5684 987 5753">
     <span class='ocr_line' id='line_1_105' title="bbox 361 5684 987 5753; baseline -0.002 -14"><span class='ocrx_word' id='word_1_752' title='bbox 361 5684 482 5739; x_wconf 69' lang='lat' dir='ltr'><strong>aliis</strong></span> <span class='ocrx_word' id='word_1_753' title='bbox 514 5685 827 5753; x_wconf 88' lang='lat' dir='ltr'><strong>quibusdam</strong></span> <span class='ocrx_word' id='word_1_754' title='bbox 860 5700 987 5738; x_wconf 77' lang='lat' dir='ltr'><strong>mss.</strong></span> 
     </span>
    </p>
   </div>
   <div class='ocr_carea' id='block_1_106' title="bbox 438 5748 1930 5825">
    <p class='ocr_par' dir='ltr' id='par_1_106' title="bbox 438 5748 1930 5825">
     <span class='ocr_line' id='line_1_106' title="bbox 438 5748 1930 5825; baseline -0.001 -16"><span class='ocrx_word' id='word_1_755' title='bbox 438 5748 549 5821; x_wconf 70' lang='grc'><strong>(56)</strong></span> <span class='ocrx_word' id='word_1_756' title='bbox 580 5755 803 5825; x_wconf 85' lang='lat' dir='ltr'><strong>Codices</strong></span> <span class='ocrx_word' id='word_1_757' title='bbox 830 5764 1060 5821; x_wconf 87' lang='lat' dir='ltr'><strong>quatuor</strong></span> <span class='ocrx_word' id='word_1_758' title='bbox 1098 5748 1485 5825; x_wconf 78' lang='grc' dir='ltr'>έμψυχώμενα.</span> <span class='ocrx_word' id='word_1_759' title='bbox 1517 5754 1667 5825; x_wconf 77' lang='lat' dir='ltr'><strong>Coll).</strong></span> <span class='ocrx_word' id='word_1_760' title='bbox 1726 5754 1930 5825; x_wconf 79' lang='lat' dir='ltr'><strong>primus</strong></span> 
     </span>
    </p>
   </div>
   <div class='ocr_carea' id='block_1_107' title="bbox 365 5822 1924 5896">
    <p class='ocr_par' dir='ltr' id='par_1_107' title="bbox 365 5822 1924 5896">
     <span class='ocr_line' id='line_1_107' title="bbox 365 5822 1924 5896; baseline -0.001 -18"><span class='ocrx_word' id='word_1_761' title='bbox 365 5822 735 5896; x_wconf 69' lang='grc' dir='ltr'>ιμψυχόμενα.</span> <span class='ocrx_word' id='word_1_762' title='bbox 772 5824 913 5879; x_wconf 84' lang='lat' dir='ltr'><strong>Editi</strong></span> <span class='ocrx_word' id='word_1_763' title='bbox 971 5839 1094 5879; x_wconf 82' lang='lat' dir='ltr'><strong>cum</strong></span> <span class='ocrx_word' id='word_1_764' title='bbox 1132 5822 1527 5895; x_wconf 35' lang='lat' dir='ltr'><strong>‘Ilegdquinto</strong></span> <span class='ocrx_word' id='word_1_765' title='bbox 1578 5823 1924 5895; x_wconf 68' lang='grc' dir='ltr'>ἑψυχωμέναι</span> 
     </span>
    </p>
   </div>
   <div class='ocr_carea' id='block_1_108' title="bbox 2033 4599 3605 4668">
    <p class='ocr_par' dir='ltr' id='par_1_108' title="bbox 2033 4599 3605 4668">
     <span class='ocr_line' id='line_1_108' title="bbox 2033 4599 3605 4668; baseline 0.007 -18"><span class='ocrx_word' id='word_1_766' title='bbox 2033 4599 2300 4667; x_wconf 85' lang='lat' dir='ltr'><strong>juriarum</strong></span> <span class='ocrx_word' id='word_1_767' title='bbox 2326 4600 2641 4653; x_wconf 88' lang='lat' dir='ltr'><strong>memoriam</strong></span> <span class='ocrx_word' id='word_1_768' title='bbox 2677 4602 2841 4655; x_wconf 87' lang='lat' dir='ltr'><strong>veluti</strong></span> <span class='ocrx_word' id='word_1_769' title='bbox 2867 4603 3121 4656; x_wconf 90' lang='lat' dir='ltr'><strong>virtutem</strong></span> <span class='ocrx_word' id='word_1_770' title='bbox 3148 4604 3348 4668; x_wconf 70' lang='lat' dir='ltr'><strong>colitis,</strong></span> <span class='ocrx_word' id='word_1_771' title='bbox 3376 4606 3460 4659; x_wconf 91' lang='lat' dir='ltr'><strong>cui</strong></span> <span class='ocrx_word' id='word_1_772' title='bbox 3485 4607 3605 4662; x_wconf 88' lang='lat' dir='ltr'><strong>sitis</strong></span> 
     </span>
    </p>
   </div>
   <div class='ocr_carea' id='block_1_109' title="bbox 2044 4691 3601 4768">
    <p class='ocr_par' dir='ltr' id='par_1_109' title="bbox 2044 4691 3601 4768">
     <span class='ocr_line' id='line_1_109' title="bbox 2044 4691 3601 4768; baseline 0.006 -24"><span class='ocrx_word' id='word_1_773' title='bbox 2044 4691 2331 4753; x_wconf 82' lang='lat' dir='ltr'><strong>assimiles,</strong></span> <span class='ocrx_word' id='word_1_774' title='bbox 2371 4707 2493 4746; x_wconf 92' lang='lat' dir='ltr'><strong>cum</strong></span> <span class='ocrx_word' id='word_1_775' title='bbox 2541 4692 2707 4746; x_wconf 90' lang='lat' dir='ltr'><strong>animi</strong></span> <span class='ocrx_word' id='word_1_776' title='bbox 2759 4693 2811 4747; x_wconf 92' lang='lat' dir='ltr'><strong>in</strong></span> <span class='ocrx_word' id='word_1_777' title='bbox 2848 4694 3151 4763; x_wconf 80' lang='lat' dir='ltr'><strong>proximum</strong></span> <span class='ocrx_word' id='word_1_778' title='bbox 3205 4696 3601 4768; x_wconf 69' lang='lat' dir='ltr'><strong>mgritudinem.</strong></span> 
     </span>
    </p>
   </div>
   <div class='ocr_carea' id='block_1_110' title="bbox 2038 4786 3606 4856">
    <p class='ocr_par' dir='ltr' id='par_1_110' title="bbox 2038 4786 3606 4856">
     <span class='ocr_line' id='line_1_110' title="bbox 2038 4786 3606 4856; baseline 0.004 -16"><span class='ocrx_word' id='word_1_779' title='bbox 2038 4800 2135 4841; x_wconf 86' lang='lat' dir='ltr'><strong>ceu</strong></span> <span class='ocrx_word' id='word_1_780' title='bbox 2162 4786 2448 4839; x_wconf 83' lang='lat' dir='ltr'><strong>scintillam</strong></span> <span class='ocrx_word' id='word_1_781' title='bbox 2475 4788 2760 4855; x_wconf 87' lang='lat' dir='ltr'><strong>quamdam</strong></span> <span class='ocrx_word' id='word_1_782' title='bbox 2798 4788 2848 4842; x_wconf 90' lang='lat' dir='ltr'><strong>in</strong></span> <span class='ocrx_word' id='word_1_783' title='bbox 2898 4789 3079 4843; x_wconf 85' lang='lat' dir='ltr'><strong>cinere</strong></span> <span class='ocrx_word' id='word_1_784' title='bbox 3110 4790 3455 4856; x_wconf 69' lang='lat' dir='ltr'><strong>occultatam,</strong></span> <span class='ocrx_word' id='word_1_785' title='bbox 3485 4802 3606 4847; x_wconf 58' lang='lat' dir='ltr'><strong>taué</strong></span> 
     </span>
    </p>
   </div>
   <div class='ocr_carea' id='block_1_111' title="bbox 2039 4878 3600 4951">
    <p class='ocr_par' dir='ltr' id='par_1_111' title="bbox 2039 4878 3600 4951">
     <span class='ocr_line' id='line_1_111' title="bbox 2039 4878 3600 4951; baseline 0.008 -21"><span class='ocrx_word' id='word_1_786' title='bbox 2039 4878 2127 4930; x_wconf 86' lang='lat' dir='ltr'><strong>ditt</strong></span> <span class='ocrx_word' id='word_1_787' title='bbox 2175 4878 2421 4939; x_wconf 86' lang='lat' dir='ltr'><strong>servatis,</strong></span> <span class='ocrx_word' id='word_1_788' title='bbox 2457 4878 2629 4931; x_wconf 89' lang='lat' dir='ltr'><strong>donec</strong></span> <span class='ocrx_word' id='word_1_789' title='bbox 2676 4882 2899 4933; x_wconf 86' lang='lat' dir='ltr'><strong>materia</strong></span> <span class='ocrx_word' id='word_1_790' title='bbox 2946 4892 3182 4951; x_wconf 88' lang='lat' dir='ltr'><strong>arrepta,</strong></span> <span class='ocrx_word' id='word_1_791' title='bbox 3230 4884 3365 4938; x_wconf 90' lang='lat' dir='ltr'><strong>iram</strong></span> <span class='ocrx_word' id='word_1_792' title='bbox 3406 4884 3600 4943; x_wconf 83' lang='lat' dir='ltr'><strong>iterant</strong></span> 
     </span>
    </p>
   </div>
   <div class='ocr_carea' id='block_1_112' title="bbox 2042 4968 3098 5039">
    <p class='ocr_par' dir='ltr' id='par_1_112' title="bbox 2042 4968 3098 5039">
     <span class='ocr_line' id='line_1_112' title="bbox 2042 4968 3098 5039; baseline 0.009 -19"><span class='ocrx_word' id='word_1_793' title='bbox 2042 4969 2185 5022; x_wconf 82' lang='lat' dir='ltr'><strong>velut</strong></span> <span class='ocrx_word' id='word_1_794' title='bbox 2213 4968 2477 5022; x_wconf 83' lang='lat' dir='ltr'><strong>ﬂammam</strong></span> <span class='ocrx_word' id='word_1_795' title='bbox 2511 4970 2742 5039; x_wconf 84' lang='lat' dir='ltr'><strong>aliquam</strong></span> <span class='ocrx_word' id='word_1_796' title='bbox 2773 4976 3098 5029; x_wconf 84' lang='lat' dir='ltr'><strong>accendatis.</strong></span> 
     </span>
    </p>
   </div>
   <div class='ocr_carea' id='block_1_113' title="bbox 2107 5055 3601 5140">
    <p class='ocr_par' dir='ltr' id='par_1_113' title="bbox 2107 5055 3601 5140">
     <span class='ocr_line' id='line_1_113' title="bbox 2107 5055 3601 5140; baseline 0.005 -27"><span class='ocrx_word' id='word_1_797' title='bbox 2107 5059 2161 5113; x_wconf 76' lang='grc'><strong>2.</strong></span> <span class='ocrx_word' id='word_1_798' title='bbox 2205 5060 2469 5115; x_wconf 77' lang='lat' dir='ltr'><strong>Producat</strong></span> <span class='ocrx_word' id='word_1_799' title='bbox 2530 5074 2668 5116; x_wconf 86' lang='lat' dir='ltr'><strong>terra</strong></span> <span class='ocrx_word' id='word_1_800' title='bbox 2726 5065 2960 5118; x_wconf 85' lang='lat' dir='ltr'><strong>animam</strong></span> <span class='ocrx_word' id='word_1_801' title='bbox 3010 5068 3277 5122; x_wconf 81' lang='lat' dir='ltr'><strong>viventem.</strong></span> <span class='ocrx_word' id='word_1_802' title='bbox 3323 5055 3432 5124; x_wconf 77' lang='lat' dir='ltr'><strong>Cur</strong></span> <span class='ocrx_word' id='word_1_803' title='bbox 3474 5080 3601 5140; x_wconf 80' lang='lat' dir='ltr'><strong>pru-</strong></span> 
     </span>
    </p>
   </div>
   <div class='ocr_carea' id='block_1_114' title="bbox 2038 5152 3603 5229">
    <p class='ocr_par' dir='ltr' id='par_1_114' title="bbox 2038 5152 3603 5229">
     <span class='ocr_line' id='line_1_114' title="bbox 2038 5152 3603 5229; baseline 0.006 -25"><span class='ocrx_word' id='word_1_804' title='bbox 2038 5152 2183 5205; x_wconf 83' lang='lat' dir='ltr'><strong>ducit</strong></span> <span class='ocrx_word' id='word_1_805' title='bbox 2224 5161 2364 5205; x_wconf 88' lang='lat' dir='ltr'><strong>terra</strong></span> <span class='ocrx_word' id='word_1_806' title='bbox 2416 5154 2652 5209; x_wconf 84' lang='lat' dir='ltr'><strong>animam</strong></span> <span class='ocrx_word' id='word_1_807' title='bbox 2684 5157 2990 5212; x_wconf 81' lang='lat' dir='ltr'><strong>viventem?</strong></span> <span class='ocrx_word' id='word_1_808' title='bbox 3036 5159 3101 5215; x_wconf 89' lang='lat' dir='ltr'><strong>Ut</strong></span> <span class='ocrx_word' id='word_1_809' title='bbox 3148 5162 3275 5229; x_wconf 89' lang='lat' dir='ltr'><strong>quid</strong></span> <span class='ocrx_word' id='word_1_810' title='bbox 3319 5163 3459 5214; x_wconf 88' lang='lat' dir='ltr'><strong>inter</strong></span> <span class='ocrx_word' id='word_1_811' title='bbox 3486 5162 3603 5214; x_wconf 45' lang='lat' dir='ltr'><strong>anie</strong></span> 
     </span>
    </p>
   </div>
   <div class='ocr_carea' id='block_1_115' title="bbox 2041 5249 3602 5321">
    <p class='ocr_par' dir='ltr' id='par_1_115' title="bbox 2041 5249 3602 5321">
     <span class='ocr_line' id='line_1_115' title="bbox 2041 5249 3602 5321; baseline 0.003 -19"><span class='ocrx_word' id='word_1_812' title='bbox 2041 5264 2180 5302; x_wconf 88' lang='lat' dir='ltr'><strong>mam</strong></span> <span class='ocrx_word' id='word_1_813' title='bbox 2227 5249 2445 5317; x_wconf 86' lang='lat' dir='ltr'><strong>pecudis</strong></span> <span class='ocrx_word' id='word_1_814' title='bbox 2493 5257 2547 5303; x_wconf 86' lang='lat' dir='ltr'><strong>et</strong></span> <span class='ocrx_word' id='word_1_815' title='bbox 2593 5252 2733 5307; x_wconf 90' lang='lat' dir='ltr'><strong>inter</strong></span> <span class='ocrx_word' id='word_1_816' title='bbox 2784 5252 3022 5307; x_wconf 82' lang='lat' dir='ltr'><strong>animant</strong></span> <span class='ocrx_word' id='word_1_817' title='bbox 3071 5252 3307 5307; x_wconf 82' lang='lat' dir='ltr'><strong>hominis</strong></span> <span class='ocrx_word' id='word_1_818' title='bbox 3351 5252 3602 5321; x_wconf 70' lang='lat' dir='ltr'><strong>intersit,</strong></span> 
     </span>
    </p>
   </div>
   <div class='ocr_carea' id='block_1_116' title="bbox 2040 5532 3089 5607">
    <p class='ocr_par' dir='ltr' id='par_1_116' title="bbox 2040 5532 3089 5607">
     <span class='ocr_line' id='line_1_116' title="bbox 2040 5532 3089 5607; baseline 0.001 -14"><span class='ocrx_word' id='word_1_819' title='bbox 2040 5532 2161 5593; x_wconf 76' lang='lat' dir='ltr'><strong>Mox</strong></span> <span class='ocrx_word' id='word_1_820' title='bbox 2195 5539 2343 5591; x_wconf 85' lang='lat' dir='ltr'><strong>Colh.</strong></span> <span class='ocrx_word' id='word_1_821' title='bbox 2380 5538 2586 5607; x_wconf 84' lang='lat' dir='ltr'><strong>primus</strong></span> <span class='ocrx_word' id='word_1_822' title='bbox 2622 5532 2810 5604; x_wconf 79' lang='grc' dir='ltr'>ζωσῶν</span> <span class='ocrx_word' id='word_1_823' title='bbox 2841 5538 2948 5593; x_wconf 73' lang='grc' dir='ltr'>ἀπὸ</span> <span class='ocrx_word' id='word_1_824' title='bbox 2979 5538 3089 5594; x_wconf 81' lang='grc' dir='ltr'><strong>τῶν</strong></span> 
     </span>
    </p>
   </div>
   <div class='ocr_carea' id='block_1_117' title="bbox 2110 5608 3533 5678">
    <p class='ocr_par' dir='ltr' id='par_1_117' title="bbox 2110 5608 3533 5678">
     <span class='ocr_line' id='line_1_117' title="bbox 2110 5608 3533 5678; baseline -0.001 -13"><span class='ocrx_word' id='word_1_825' title='bbox 2110 5610 2217 5675; x_wconf 76' lang='grc'><strong>(57)</strong></span> <span class='ocrx_word' id='word_1_826' title='bbox 2254 5610 2343 5663; x_wconf 87' lang='lat' dir='ltr'><strong>Sic</strong></span> <span class='ocrx_word' id='word_1_827' title='bbox 2376 5626 2503 5663; x_wconf 88' lang='lat' dir='ltr'><strong>mss.</strong></span> <span class='ocrx_word' id='word_1_828' title='bbox 2530 5611 2770 5678; x_wconf 88' lang='lat' dir='ltr'><strong>plerique</strong></span> <span class='ocrx_word' id='word_1_829' title='bbox 2800 5626 3009 5664; x_wconf 92' lang='lat' dir='ltr'><strong>omnes.</strong></span> <span class='ocrx_word' id='word_1_830' title='bbox 3040 5609 3176 5663; x_wconf 86' lang='lat' dir='ltr'><strong>Editi</strong></span> <span class='ocrx_word' id='word_1_831' title='bbox 3205 5608 3269 5663; x_wconf 77' lang='grc' dir='ltr'>ἐκ</span> <span class='ocrx_word' id='word_1_832' title='bbox 3302 5611 3533 5677; x_wconf 62' lang='grc' dir='ltr'>φύσεως.</span> 
     </span>
    </p>
   </div>
   <div class='ocr_carea' id='block_1_118' title="bbox 2107 5679 3606 5752">
    <p class='ocr_par' dir='ltr' id='par_1_118' title="bbox 2107 5679 3606 5752">
     <span class='ocr_line' id='line_1_118' title="bbox 2107 5679 3606 5752; baseline 0.003 -19"><span class='ocrx_word' id='word_1_833' title='bbox 2107 5680 2219 5752; x_wconf 83' lang='grc'><strong>(58)</strong></span> <span class='ocrx_word' id='word_1_834' title='bbox 2243 5680 2353 5752; x_wconf 80' lang='lat' dir='ltr'><strong>Duo</strong></span> <span class='ocrx_word' id='word_1_835' title='bbox 2382 5696 2511 5734; x_wconf 87' lang='lat' dir='ltr'><strong>mss.</strong></span> <span class='ocrx_word' id='word_1_836' title='bbox 2538 5679 2668 5752; x_wconf 76' lang='grc' dir='ltr'>ὕλην</span> <span class='ocrx_word' id='word_1_837' title='bbox 2684 5680 2990 5752; x_wconf 85' lang='grc' dir='ltr'>λαϐόμενοι.</span> <span class='ocrx_word' id='word_1_838' title='bbox 3017 5681 3156 5737; x_wconf 83' lang='lat' dir='ltr'><strong>Editi</strong></span> <span class='ocrx_word' id='word_1_839' title='bbox 3181 5696 3301 5736; x_wconf 88' lang='lat' dir='ltr'><strong>cum</strong></span> <span class='ocrx_word' id='word_1_840' title='bbox 3328 5681 3443 5734; x_wconf 78' lang='lat' dir='ltr'><strong>aliis</strong></span> <span class='ocrx_word' id='word_1_841' title='bbox 3474 5688 3606 5737; x_wconf 64' lang='lat' dir='ltr'><strong>mss.</strong></span> 
     </span>
    </p>
   </div>
   <div class='ocr_carea' id='block_1_119' title="bbox 2038 5749 2503 5822">
    <p class='ocr_par' dir='ltr' id='par_1_119' title="bbox 2038 5749 2503 5822">
     <span class='ocr_line' id='line_1_119' title="bbox 2038 5749 2503 5822; baseline 0.006 -19"><span class='ocrx_word' id='word_1_842' title='bbox 2038 5749 2166 5822; x_wconf 74' lang='grc' dir='ltr'>ὕλης</span> <span class='ocrx_word' id='word_1_843' title='bbox 2200 5750 2503 5822; x_wconf 54' lang='grc' dir='ltr'>λαϐόμενοι(</span> 
     </span>
    </p>
   </div>
  </div>
