4082 6398
520 402 623 460 £67

1826 394 1883 449 S.
1929 393 2173 450 BASlLll
2214 390 2431 447 MAGNI

3669 379 3777 433 168

518 520 715 575 discas.
752 516 1033 584 Quomodo
1066 514 1300 569 hominis
1329 512 1507 567 anima
1538 510 1765 566 formata
1805 511 1897 575 sit,
1932 512 2082 580 paulo

2195 528 2282 583 σῃ,
2318 509 2435 573 πῶς
2483 522 2516 578 η
2573 505 2720 576 ψυχὴ
2770 502 2865 556 τοῦ
2905 498 3191 572 ἀνθρώπου
3257 496 3519 565 συνέστη’
3574 494 3670 547 νῦν
3715 494 3775 549 δὲ

515 621 638 679 post
672 610 861 663 scies:
910 622 1051 660 nunc
1098 621 1229 659 vero
1275 606 1344 659 de
1390 605 1669 656 brutorum
1712 603 1891 656 anima
1939 601 2086 654 audi.

511 700 646 758 Cum
670 698 821 769 juxta
862 699 914 752 id
945 697 1085 766 quod
1120 697 1385 766 scriptum
1422 706 1505 750 est
1538 694 1580 758 ³,
1616 692 1865 748 animalis
1898 692 2087 761 cujus-

515 804 621 856 que
660 789 839 841 auima
877 787 1099 856 sanguis
1134 786 1303 854 ipsius
1351 785 1443 848 sit,
1472 783 1691 852 sanguis
1731 793 1911 837 autem
1958 796 2089 836 con-

514 888 697 930 cretus
725 878 892 931 soleat
913 878 964 930 in
996 890 1214 930 carnem
1254 874 1630 936 transmutari.
1655 889 1782 928 caro
1806 889 1933 928 vero
1965 890 2087 930 cor-

515 982 669 1039 rupta
710 970 761 1023 in
824 980 1019 1024 terram
1064 968 1365 1023 resolvatur
1408 984 1422 1022 :
1463 966 1588 1035 jure
1643 982 1707 1021 ac
1756 967 1948 1022 merito
2000 981 2083 1024 est

513 1065 642 1132 quid
683 1074 948 1117 terrenum
1000 1062 1177 1116 anima
1231 1061 1534 1115 brutorum‘.
1596 1056 1863 1112 Producat
1922 1059 2085 1129 igitur

511 1163 652 1208 terra
683 1156 911 1207 animam
939 1154 1209 1207 viventem.
1238 1150 1443 1204 Anima:
1472 1152 1591 1205 vide
1620 1148 1930 1205 aﬂinitatem
1960 1166 2082 1206 cum

512 1246 794 1315 sanguine.
818 1244 1097 1312 sanguinis
1123 1260 1243 1297 cum
1271 1256 1457 1307 carne,
1484 1244 1667 1296 carnis
1693 1258 1815 1296 cum
1842 1242 2033 1297 tellure
2063 1260 2076 1297 :

511 1348 565 1391 et
611 1352 795 1391 rursus
841 1338 1032 1391 ordine
1074 1338 1292 1391 inverso
1342 1351 1436 1404 per
1486 1336 1674 1389 eadem
1731 1334 2013 1403 regredere
2052 1348 2081 1387 a

515 1440 653 1485 terra
676 1432 741 1484 ad
770 1445 1007 1497 carnem,
1048 1446 1077 1483 a
1108 1444 1272 1483 carne
1298 1429 1362 1483 ad
1391 1427 1731 1497 sanguinem,
1760 1442 1787 1479 a
1818 1426 2081 1493 sanguine

510 1524 575 1575 ad
604 1523 873 1589 animam;
904 1533 957 1577 et
988 1537 1241 1591 pecorum
1274 1522 1510 1575 animam
1542 1528 1745 1574 terram
1785 1532 1905 1572 esse
1932 1534 2079 1571 com-

510 1616 707 1685 peries.
735 1614 879 1670 Cave
909 1616 1189 1670 existimes
1228 1614 1465 1667 animam
1502 1628 1621 1667 esse
1653 1610 1897 1679 corporis
1929 1610 2076 1678 ipso-

512 1719 629 1757 rum
690 1704 1073 1758 constitutione
1130 1702 1521 1765 vetustiorem,
1581 1709 1675 1753 aut
1732 1701 1900 1769 ipsam
1961 1708 2079 1767 post

509 1795 693 1849 cautis
730 1796 1136 1850 dissolutionem
1172 1808 1516 1864 permanere.
1544 1792 1929 1861 Arrogantinm
1959 1791 2074 1861 phi-

2189 604 2350 656 ἀκουε
2383 600 2511 670 περϊ
2531 599 2627 668 τῆς
2659 597 2768 649 τῶν
2798 595 3007 661 ἀλόγων
3052 591 3251 662 ψυχῆς.
3295 588 3513 657 Ἐπειδὴ
3541 587 3682 640 κατά
3712 587 3777 641 τὸ

2188 692 2568 765 γεγραμμένον
2623 689 2820 751 παντὸς
2868 686 3071 755 ζώουὴ
3112 683 3258 753 ψυχὴ
3292 680 3353 733 τὸ
3405 674 3543 748 αἷμα
3597 677 3765 733 αὐτοῦ

2189 786 2338 837 ἐστιν
2368 782 2479 853 (39)
2505 798 2519 811 ·
2552 774 2690 851 αἷμα
2724 780 2780 832 δὲ
2816 778 2985 846 παγὲν
3017 778 3096 837 εἰς
3129 773 3307 844 σάρκα
3339 770 3551 839 πέφυκε
3603 787 3771 840 μετα-

2187 874 2402 928 ϐάλλειν
2421 892 2434 904 ·
2478 874 2510 943 ἡ
2536 872 2591 925 δὲ
2622 870 2755 940 σάρξ
2776 870 2884 939 (40)
2918 868 3187 938 φθαρεῖσα
3207 867 3284 927 είς
3321 864 3423 932 γῆν
3454 860 3767 914 ἀναλύεταιο

2187 965 2364 1036 γεηρά
2396 964 2476 1027 τίς
2508 965 2655 1015 ἐστιν
2684 962 2907 1023 εἰκότως
2938 962 2970 1029 ἡ
3012 957 3159 1028 ψυχὴ
3204 956 3313 1008 τῶν
3360 953 3593 1024 κτηνῶν.
3643 952 3773 1015 Ἑξ-

2183 1054 2445 1125 arari-fta)
2466 1049 2555 1107 οὖν
2586 1055 2623 1121 ἡ
2646 1052 2720 1121 γῆ
2762 1050 2972 1120 ψυχὴν
2999 1047 3212 1108 ζῶσαν.
3251 1047 3392 1117 Ὅρα
3421 1043 3518 1116 τὴν
3549 1042 3773 1096 ἀκολου-

2185 1149 2306 1203 θίαν
2336 1149 2511 1220 ψυχῆς
2540 1150 2675 1219 πρὸς
2706 1143 2865 1218 αἷμα,
2896 1146 3128 1216 αἵματος
3156 1142 3291 1214 πρὸς
3319 1142 3497 1212 σάρκα
3516 1180 3530 1205 ,
3570 1137 3771 1209 σαρκὸς

2184 1244 2320 1315 πρὸς
2367 1242 2464 1313 τὴν
2494 1243 2595 1312 γῆν
2616 1258 2629 1270 ⁸
2688 1240 2781 1293 καὶ
2816 1238 2977 1292 πάλιν
3006 1235 3277 1298 ἀναλύσας
3308 1236 3396 1287 διά
3426 1234 3544 1307 τῶν.
3588 1230 3769 1285 αὐτῶν

2182 1334 2502 1388 ἀναπόδισον
2538 1332 2644 1385 ἀπό
2662 1332 2765 1401 γῆς
2799 1333 2878 1394 εἰς
2910 1331 3109 1401 σάρκα,
3132 1328 3241 1381 ἀπὸ
3270 1325 3472 1395 σαρκὸς
3493 1327 3570 1387 είς
3605 1318 3766 1393 αἷμα,

2181 1427 2288 1481 ἀπὸ
2322 1428 2550 1496 αἵματος
2582 1427 2660 1487 εἰς
2705 1425 2910 1494 ψυχήψ
2956 1422 3048 1475 καὶ
3092 1422 3365 1491 εὑρήσεις,
3416 1418 3498 1470 ὅτι
3545 1416 3615 1484 γῆ
3652 1416 3767 1466 ἐστι

2179 1522 2287 1574 τῶν
2315 1520 2527 1591 κτηνῶν
2561 1521 2593 1588 ἡ
2627 1517 2793 1587 ψυχή.
2825 1516 2914 1586 Μὴ
2976 1512 3164 1582 νόμιζε
3214 1508 3594 1580 πρεσϐυτέραν
3625 1502 3769 1560 εἶναι

2177 1615 2275 1685 τῆς
2320 1612 2412 1666 τοῦ
2454 1611 2701 1682 σώματος
2752 1608 2931 1662 αὐτῶν
2963 1606 3308 1667 ὑποστάσεως
3332 1644 3346 1668 ,
3382 1602 3515 1673 μηδὲ
3548 1600 3757 1654 ἐπιδια-

2182 1708 2445 1778 μένουσαν
2491 1704 2629 1775 μετά
2662 1702 2759 1773 τὴν
2787 1702 2886 1772 τῆς
2921 1700 3121 1771 σαρκὸς
3146 1698 3384 1751 διάλυσιν
3418 1696 3549 1766 (41).
3576 1695 3748 1763 Φεῦγε

2180 1799 2487 1870 φληνάφους
2536 1796 2641 1848 τῶν
2692 1792 2939 1863 σοϐαρῶν
3002 1791 3326 1861 φιλοσόφων,
3361 1789 3409 1842 οἳ
3444 1790 3543 1841 οὐκ
3569 1788 3763 1858 αἰσχύ-

512 1886 860 1954 losophorum
889 1886 1011 1957 fuge
1041 1888 1417 1951 deliramenta,
1449 1900 1585 1953 quos
1613 1900 1718 1938 non
1764 1885 1925 1952 pudet
1954 1898 2080 1935 suas

2184 1909 2360 1944 νονται
2388 1890 2485 1953 τάς
2529 1886 2736 1941 ἑαυτῶν
2762 1886 2939 1956 ψυχὰς
2990 1886 3083 1938 καὶ
3112 1885 3210 1947 τὰς
3245 1883 3463 1946 κυνείας
3500 1882 3765 1951 ὁμοειδεῖς

512 1977 755 2046 ipsorum
802 1979 1013 2033 animas
1057 1988 1111 2033 ct
1158 1993 1354 2031 canum
1409 1976 1645 2045 ejusdem
1688 1976 1827 2029 inter
1871 1989 1928 2028 se
1958 1989 2079 2043 spe-

511 2072 612 2126 ciei
641 2088 761 2126 esse
790 2082 1047 2136 statuere,
1075 2088 1194 2126 cum
1228 2087 1286 2127 se
1319 2074 1467 2141 ipsos
1494 2066 1785 2139 aliquando
1808 2080 1862 2124 et
1887 2070 2081 2124 mulie-

514 2177 601 2217 res
644 2174 699 2219 et
739 2163 961 2218 frutices
991 2173 1046 2217 et
1092 2165 1270 2233 pisces
1295 2178 1573 2232 aequoreos
1619 2162 1782 2216 fuisse
1826 2162 2075 2217 doceant.

517 2257 634 2326 Ego
672 2242 942 2325 equidem,
977 2274 1043 2310 an
1074 2272 1304 2325 unquam
1346 2255 1546 2310 fuerint
1587 2256 1782 2323 pisces,
1815 2267 1945 2308 sane
1974 2267 2079 2306 non

515 2350 740 2404 dixerim
766 2368 778 2404 :
810 2351 903 2404 sed
930 2364 1043 2413 eos,
1074 2350 1199 2402 dum
1227 2351 1339 2403 haec
1368 2348 1689 2412 scriberent,
1720 2348 1944 2401 rati0nis
1972 2362 2081 2399 ma-

514 2442 600 2513 gis
636 2441 801 2497 luisse
838 2452 1085 2510 expertes
1116 2456 1276 2509 quam
1304 2440 1481 2508 pisces
1512 2440 1597 2493 vel
1642 2439 2081 2492 constantiSsime

513 2533 847 2589 aﬂirmarim.
898 2530 1163 2584 Producat
1215 2540 1355 2583 terra
1394 2530 1626 2582 animam
1668 2529 1936 2581 viventem.
1984 2526 2081 2580 Mi-

513 2634 703 2682 rantur
728 2624 974 2678 fortassis
1000 2623 1151 2676 multi
1177 2638 1274 2676 cur
1298 2636 1548 2675 sermone
1573 2619 1774 2674 affatim
1806 2629 2077 2685 currente,

513 2727 755 2788 tempore
791 2731 894 2771 non
925 2715 1137 2770 modico
1167 2715 1519 2768 contimterim
1550 2728 1565 2765 :
1598 2711 1696 2768 sed
1727 2712 2081 2767 studiosiores

513 2812 786 2864 auditores
831 2807 1029 2863 silentii
1075 2822 1294 2861 causam
1347 2807 1567 2860 minime
1614 2806 1882 2873 ignorant.
1933 2806 2078 2869 Quo—

513 2902 672 2955 modo
712 2900 901 2953 enim?
952 2900 1041 2966 qui
1091 2899 1298 2953 scilicet
1344 2914 1438 2967 per
1486 2908 1702 2954 mutuos
1742 2898 1971 2951 intuitus
2016 2910 2080 2951 ac

513 3009 675 3053 nutus
709 3011 794 3050 me
824 2996 892 3049 ad
930 3011 988 3049 se
1016 2995 1161 3064 ipsos
1205 2993 1593 3058 converterint,
1632 3002 1686 3046 et
1713 3006 1774 3045 ea
1808 3006 1928 3059 qua:
1966 2989 2080 3044 fue-

515 3102 636 3145 rant
686 3090 1070 3160 prmtermissa,
1122 3088 1175 3140 in
1225 3096 1457 3140 mentem
1512 3084 1901 3139 revocaverint.
1944 3079 2079 3135 Nam

515 3182 723 3250 integra
766 3189 1034 3234 creatura:
1067 3179 1305 3247 species,
1348 3190 1518 3245 eaque
1550 3190 1654 3229 non
1684 3174 1908 3227 minima
1931 3216 1945 3239 ,
1984 3187 2080 3225 nos

515 3272 797 3342 praeteriit,
835 3281 999 3339 atque
1028 3270 1139 3326 fere
1182 3270 1359 3324 oratio
1410 3278 1597 3324 nostra
1637 3269 1806 3336 ipsam
1857 3264 2080 3318 omnino

514 3364 908 3434 inexploratum
940 3363 1175 3431 reliquit.
1215 3360 1522 3415 Producant
1555 3362 1700 3416 enim
1732 3375 1881 3428 aqua:
1918 3358 2081 3424 repti-

515 3458 586 3511 lia
604 3459 899 3510 animarum
919 3455 1189 3507 viventium
1203 3457 1360 3524 juxta
1376 3468 1557 3522 genus,
1576 3460 1623 3505 et
1642 3450 1875 3503 volatilia
1897 3448 2082 3502 volan-

514 3552 589 3605 tia
608 3566 761 3617 super
777 3558 964 3601 terram
981 3547 1260 3601 serundum
1284 3546 1665 3614 ﬁrmamentum
1684 3543 1816 3595 coeli.
1840 3542 1908 3594 De
1928 3548 2083 3593 nata-

516 3643 719 3706 tilibus,
741 3648 997 3709 quantum
1036 3652 1129 3705 per
1156 3646 1363 3705 tempus
1389 3635 1752 3703 vespertinum
1782 3632 1887 3702 72
1912 3631 2079 3691 licuit,

516 3733 908 3789 disseruimus:
943 3728 1100 3782 hodie
1142 3727 1207 3780 ad
1245 3727 1585 3779 terrestrium
1625 3740 1851 3777 examen
1909 3732 2085 3777 trans-

519 3826 738 3881 ivimus.
804 3820 1029 3875 Volatile
1074 3819 1127 3872 in
1178 3819 1348 3870 media
1380 3818 1682 3869 narratione
1730 3831 1827 3869 nos
1872 3815 2080 3884 ell‘ugit.

516 3917 750 3973 Necesse
789 3925 872 3969 est
907 3915 1088 3980 itaque
1131 3912 1300 3965 instar
1340 3909 1727 3963 obliviosorum
1774 3909 2042 3960 viatorum
2066 3946 2082 3971 ,

516 4014 607 4083 qui
638 4026 759 4065 cum
794 4024 905 4063 rem
939 4002 1168 4071 alicujus
1201 4002 1455 4056 momenti
1499 3998 1835 4067 reliquerint,
1866 3998 2081 4052 etiamsi

518 4104 744 4161 multum
783 4099 1116 4156 confecerint
1156 4096 1386 4161 itineris,
1428 4095 1623 4149 iterum
1668 4094 1858 4148 eodem
1900 4107 2083 4147 rever-

522 4207 726 4258 tuntur.
758 4194 971 4265 dignam
1004 4189 1209 4245 desidia
1238 4204 1333 4242 sua
1370 4202 1584 4257 poenam
1605 4226 1621 4253 ,
1658 4187 1895 4243 laborem
1922 4188 2081 4241 itine-

518 4295 597 4347 ris
618 4301 779 4360 atque
802 4286 1101 4341 molestiam
1131 4281 1501 4353 perferentes:
1531 4281 1609 4335 sic
1634 4282 1821 4351 utique
1846 4291 1899 4335 et
1930 4280 2084 4335 nobis

518 4381 658 4435 idem
691 4380 795 4433 iter
830 4378 1172 4447 relegendum
1205 4381 1305 4427 est.
1337 4371 1519 4442 Neque
1561 4373 1704 4426 enim
1742 4372 2081 4443 aspernabile

516 4468 757 4538 estquod
787 4467 1029 4522 relictum
1051 4477 1134 4521 est
1159 4484 1173 4521 :
1204 4467 1296 4521 sed
1323 4465 1479 4520 tertia
1498 4479 1564 4517 ex
1591 4464 1913 4518 animalibus
1942 4479 2087 4518 crea-

2180 1985 2435 2055 ἀλλήλαις
2465 1981 2737 2052 τιθέμενοι
2765 1996 2779 2010 ο
2824 1981 2872 2031 οἱ
2904 1977 3152 2046 λέγοντες
3185 1976 3412 2039 ἑαυτοὺς
3441 1972 3766 2045 γεγενῆσθαί

2184 2094 2311 2130 ποτε
2342 2077 2433 2129 καὶ
2482 2075 2746 2143 γυναῖκας
2782 2071 2876 2125 καὶ
2926 2070 3163 2141 θάμνους
3195 2069 3287 2121 καλ⁸
3344 2067 3532 2137 ἰχθύας
3563 2066 3764 2119 θαλασ-

2183 2169 2352 2231 σίους.
2397 2165 2537 2235 Ἐγὼ
2566 2165 2619 2218 δὲ
2651 2167 2699 2217 εί
2758 2163 2856 2234 μὲν
2892 2162 3137 2231 ἐγένοντό
3174 2176 3303 2213 ποτε
3341 2158 3491 2229 ἰχθῦς
3550 2158 3649 2209 οὐκ
3696 2157 3763 2208 ἂν

2181 2263 2418 2332 εἴποιμιο
2475 2261 2556 2313 ὅτι
2608 2258 2664 2310 δὲ
2718 2259 2775 2309 ὲν
2834 2248 2878 2323 ᾧ
2916 2254 3088 2307 ταῦτα
3138 2253 3373 2324 ἔγραφον
3415 2250 3521 2303 τῶν
3566 2248 3763 2319 ἰχθύων

2181 2351 2319 2426 ἦσαν
2369 2352 2719 2421 ὰλογώτεροι,
2756 2350 2851 2402 καὶ
2904 2348 3048 2401 πάνυ
3088 2346 3320 2406 εὐτόνως
3364 2342 3759 2411 διατειναίμην.

2194 2444 2562 2515 Ἔξαγαγέτω
2600 2444 2636 2510 ἡ
2668 2440 2740 2509 γῆ
2768 2440 2978 2509 ψυχὴν
3002 2438 3215 2499 ζῶσαν.
3250 2439 3407 2500 Τίνος
3433 2436 3638 2498 ἕνεκεν,
3665 2434 3761 2487 τοῦ

2180 2541 2339 2609 λόγου
2380 2539 2664 2610 τρέχοντος
2729 2535 2960 2605 ἀθρόως,
3013 2530 3379 2600 ἀπεσιώπησα
3434 2528 3621 2600 χρόνον
3661 2529 3763 2581 οὐκ

2180 2632 2379 2701 ὀλίγον,
2408 2631 2534 2694 ἴσως
2564 2629 2933 2701 θαυμάζουσιν
2968 2627 3017 2679 οἱ
3067 2623 3250 2677 πολλοί
3275 2639 3287 2651 ’
3323 2621 3438 2676 ἀλλ’
3473 2621 3594 2689 οὐχὶ
3646 2620 3761 2686 οἶγε

2183 2722 2599 2796 φιλοπονώτεροι
2627 2722 2734 2775 τῶν
2760 2719 3044 2793 ἀκροατῶν
3058 2716 3307 2787 ἀγνοοῦσι
3336 2716 3433 2786 τὴν
3456 2715 3636 2769 αἰτίαν
3662 2712 3762 2783 τῆς

2183 2816 2444 2886 ἀφασίας.
2472 2814 2597 2876 Πῶς
2650 2814 2789 2883 γάρς
2818 2814 2866 2865 οἱ
2899 2811 2985 2865 διὰ
3018 2810 3110 2863 τοῦ
3165 2808 3301 2879 πρὸς
3337 2806 3593 2876 ἀλλήλους
3628 2806 3760 2875 όρᾷν

2182 2910 2275 2963 καὶ
2300 2908 2531 2961 ὲννεύειν
2562 2905 2986 2976 ἐπιστρέψαντες
3026 2920 3091 2974 με
3129 2902 3265 2973 πρὸς
3286 2900 3532 2965 ἑαυτοὺς,
3561 2900 3653 2951 καὶ
3680 2901 3761 2960 είς

2182 3000 2386 3053 ἔννοιαν
2418 2997 2713 3066 ἀγαγόντες
2752 2996 2861 3048 τῶν
2896 2995 3259 3067 παρεθέντων.
3315 2987 3469 3054 Εἶδος
3503 2989 3611 3059 γάρ
3639 2988 3760 3041 ὅλον

2181 3094 2277 3164 τῆς
2318 3092 2580 3155 κτίσεως,
2609 3091 2702 3143 καὶ
2748 3090 2847 3142 οὐκ
2906 3089 3181 3158 ἐλάχιστον
3231 3086 3409 3148 τοῦτο,
3458 3082 3760 3153 παρέλαθεν

2107 3225 2149 3283 c
2181 3186 2349 3255 ἡμᾶς,
2404 3185 2497 3237 κα)⁵
2545 3182 2741 3253 μικροῦ
2789 3179 2966 3267 ἀπιὼν
3017 3179 3209 3249 ᾤχετο,
3245 3177 3595 3243 ἀνεξέταστον
3622 3191 3760 3227 παν-

2182 3276 2349 3339 τελῶς
2380 3278 2407 3329 ὁ
2425 3276 2578 3343 λόγος
2607 3271 2941 3327 καταλιπὼν.
2961 3262 3341 3341 ’Ἐξαγαγέτω
3373 3270 3480 3340 γάρ
3522 3268 3594 3322 τὰ
3622 3267 3759 3320 ὓδα-

2182 3387 2255 3423 τα
2288 3369 2505 3436 ἑρπετὰ
2534 3364 2750 3435 ψυχῶν
2773 3364 2975 3425 ζωσῶν
2998 3365 3145 3417 κατὰ
3177 3362 3369 3432 γένος,
3400 3362 3497 3414 καὶ
3520 3360 3759 3414 πετεινὰ

2183 3462 2478 3527 πετόμενα
2528 3456 2625 3508 ἐπὶ
2668 3454 2778 3522 τῆς
2838 3452 2952 3522 γῆς
3000 3451 3149 3504 κατὰ
3206 3452 3270 3502 τὸ
3316 3446 3623 3515 στερέωμα
3652 3444 3755 3497 τοῦ

2183 3548 2461 3618 οὐρανοῦ.
2494 3549 2741 3618 Εῐπαμεν
2758 3548 2825 3601 τὰ
2860 3546 2986 3617 περὶ
3008 3544 3115 3597 τῶν
3144 3542 3373 3613 νηκτῶν,
3395 3542 3495 3593 ὅσα
3513 3541 3541 3590 ὁ
3569 3538 3756 3607 καιρὸς

2184 3644 2412 3698 ἐνεδίδου
2437 3642 2673 3713 ἑσπέρας
2698 3658 2710 3670 ·
2751 3642 2989 3711 σήμερον
3038 3636 3343 3708 μετέϐημεν
3375 3635 3468 3686 ἐπὶ
3490 3632 3587 3702 τὴν
3648 3631 3756 3683 τῶν

2184 3738 2451 3808 χερσαίων
2486 3737 2751 3801 ἐξέτασιν.
2788 3734 3049 3801 Διέφυγεν
3082 3731 3228 3801 ἡμᾶς
3253 3729 3313 3781 τὸ
3345 3728 3545 3797 πτηνὸν
3586 3728 3644 3779 ἐν
3680 3724 3756 3794 τῷ

2187 3829 2354 3899 μέσῳ.
2422 3828 2656 3897 Ἀνάγκη
2721 3825 2937 3889 τοίνυν,
3007 3822 3147 3875 κατά
3211 3823 3336 3883 τοὺς
3388 3818 3757 3887 ἐπιλήσμονας

2182 3919 2291 3971 τῶν
2345 3919 2656 3989 ὁδοιπόρων,
2680 3918 2763 3979 οἳ,
2820 3914 3036 3967 ἐπειδάν
3086 3932 3137 3966 τι
3180 3912 3288 3965 τῶν
3339 3911 3566 3980 καιρίων
3598 3925 3758 3961 κατα-

2183 4010 2379 4063 λίπωσι
2447 4009 2580 4079 (42),
2636 4010 2738 4062 κᾶν
2797 4007 3025 4060 ἐπιπολὺ
3067 4007 3166 4077 τῆς
3225 4004 3345 4058 όδοῦ
3404 4002 3753 4075 προέλθωσι,

2185 4104 2348 4157 πάλιν
2396 4104 2491 4174 τὴν
2547 4103 2715 4172 αὐτὴν
2754 4101 3180 4171 ὑποστρέφουσιν
3215 4140 3228 4163 ,
3282 4098 3437 4163 ἀξίαν
3506 4098 3606 4169 τῆς
3655 4097 3752 4167 ρᾳ-

2185 4196 2379 4266 θυμίας
2424 4194 2578 4265 δίκην
2626 4195 2716 4247 τὸν
2780 4196 2845 4247 ὲκ
2910 4194 3007 4264 τῆς
3062 4191 3365 4263 ὁδοιπορίας
3430 4191 3599 4243 κόπον
3660 4189 3755 4241 ὑπο

2186 4290 2430 4360 έχοντες,
2490 4288 2631 4341 οὓτω
2696 4288 2789 4341 καὶ
2847 4291 3012 4358 ἡμῖν,
3070 4288 3144 4349 ὼς
3203 4288 3389 4348 ἔοικε,
3442 4284 3540 4356 τὴν
3588 4282 3754 4353 αὐτὴν

2186 4380 2345 4433 πάλιν
2409 4379 2701 4449 βαδιστέον.
2764 4380 2872 4432 Kal.
2923 4379 3032 4449 γὰρ
3100 4378 3220 4431 οὐδὲ
3280 4376 3754 4448 εὐκαταφρόνητόν

2187 4475 2300 4525 ἐστι
2360 4474 2418 4525 τὸ
2471 4473 2723 4543 παρεθὲν,
2776 4473 2909 4525 ἀλλά
2938 4474 2998 4525 τὸ
3046 4472 3226 4543 τρίτον
3256 4471 3429 4523 ἔοικεν
3456 4468 3590 4523 εἶναι
3650 4469 3750 4538 τῆς

521 4560 592 4615 tis
613 4576 737 4630 pars
759 4576 878 4615 esse
905 4561 1137 4614 videtur.
1170 4558 1295 4613 Tria
1324 4559 1590 4627 siquidem
1614 4568 1741 4611 sunt
1765 4557 2078 4611 animalium

2188 4563 2243 4614 ὲν
2271 4564 2383 4624 τοῖς
2415 4560 2571 4625 ζώοις
2608 4562 2853 4624 κτίσεως,
2889 4561 3045 4632 εἴπερ
3079 4561 3203 4631 τρία
3234 4560 3386 4625 ζώων
3441 4561 3558 4611 ἐστὶ
3600 4559 3750 4627 γένη,

518 4668 738 4724 genera,
770 4662 1056 4719 terreStre,
1089 4652 1325 4715 volatile,
1355 4650 1609 4720 aquatile.
1648 4649 1969 4715 Producant,
2008 4650 2088 4702 in-

518 4746 656 4814 quit,
681 4761 830 4815 aquw
863 4747 1065 4814 reptilia
1097 4747 1397 4800 animarum
1421 4744 1695 4797 viventium
1716 4743 1872 4811 juxta
1904 4758 2086 4811 genus,

519 4848 568 4890 et
620 4836 858 4889 volatilia
910 4838 1139 4891 volantia
1179 4853 1333 4906 super
1382 4846 1576 4889 terram
1618 4833 1712 4887 sub
1759 4834 2087 4901 firmamento

520 4929 806 4999 caetijuxta
834 4946 1013 5000 genus.
1050 4928 1157 4983 Cur
1192 4929 1355 4982 etiam
1391 4925 1693 4981 volatilibus
1712 4939 1779 4978 ex
1812 4925 1966 4993 aquis
1999 4940 2090 4979 or-

596 5044 615 5075 ³
647 5043 819 5099 Levit.
850 5061 985 5109 xvn,
1024 5043 1113 5098 ll.

522 5205 547 5259 ἐ
595 5132 707 5201 (59)
757 5132 907 5187 Colb.
962 5132 1166 5203 ptimus
1219 5130 1357 5194 ζώου
1398 5131 1456 5183 τὸ
1498 5124 1639 5199 αἷμα
1682 5132 1714 5200 ἡ
1752 5130 1897 5199 ψυχὴ
1924 5125 2087 5179 αὐτοῦ

553 5219 689 5258 στιν.

553 5219 689 5258 στιν.

596 5273 705 5345 (40)
734 5271 882 5326 Colb.
912 5270 1248 5345 secundussl
1272 5272 1328 5325 δὲ
1348 5270 1501 5343 σάρξ.
1536 5266 2088 5345 ξίοιίιηρόἰιίἱνεκρά

523 5339 613 5410 τίς
655 5339 823 5403 ἐστιν,
858 5351 932 5395 est
985 5343 1183 5411 aliquid
1217 5339 1499 5394 mortuam.
1552 5339 1673 5411 Ne_c_
1700 5340 1855 5391 aliter
1896 5340 2086 5405 legisse

524 5408 737 5468 videtur
764 5408 1094 5473 Eustathius,
1120 5414 1208 5478 qui
1250 5413 1327 5466 sic
1367 5422 1534 5464 vertat
1562 5428 1573 5463 :
1618 5408 1808 5461 Merito
1838 5422 1959 5477 ergo
2006 5420 2085 5459 ta-

527 5486 647 5537 bida
699 5494 771 5537 est
822 5483 998 5534 anima
1035 5481 1402 5548 iumentorum.
1436 5482 1685 5534 Attamen
1736 5482 1902 5531 codex
1927 5478 2054 5531 Com

529 5553 632 5607 be'f.
682 5568 802 5606 cum
835 5554 953 5607 aliis
988 5566 1111 5606 oeto
1161 5568 1289 5607 mss.
1321 5554 1478 5605 habet
1502 5549 1677 5621 γεηρά
1704 5566 1807 5611 τις,
1839 5558 1911 5600 est
1939 5548 2084 5613 quid-

526 5625 651 5675 dam
682 5635 959 5675 terrenum.
986 5624 1152 5687 Quam
1185 5622 1464 5676 lectionem
1498 5620 1654 5687 paulo
1672 5632 1792 5684 post
1812 5620 2092 5670 conniiunat

528 5692 755 5763 Basilius
784 5686 1203 5763 ipse.hisiverbis
1229 5709 1242 5744 :
1268 5692 1360 5743 καὶ
1380 5686 1737 5763 εὑρήσεις,ὄτι
1760 5687 1831 5756 γῆ
1855 5688 1967 5739 ἐστι
1987 5686 2093 5739 τῶν

529 5762 793 5841 κτηνῶνή
815 5762 979 5833 ψυχή,
1010 5761 1171 5832 Atque
1209 5761 1454 5830 perorant
1490 5762 1720 5815 animam
1748 5771 1937 5813 terram
1986 5774 2096 5812 esse

527 5847 825 5897 comperta.

2191 4652 2252 4706 τό
2304 4671 2361 4705 τε
2409 4656 2658 4724 χερσαῖον
2727 4654 2819 4705 καὶ
2861 4652 2923 4705 τὸ
2970 4654 3206 4725 πτηνὸν,
3264 4654 3355 4705 καὶ
3398 4652 3459 4704 τὸ
3514 4652 3749 4721 ἔνυδρον.

2205 4744 2585 4813 Ἐξαταγέτω,
2604 4747 2753 4816 φησι,
2769 4744 2838 4798 τὰ
2862 4745 3051 4800 ὕδατα
3077 4745 3291 4813 ἑρπετὰ
3318 4743 3532 4813 ψυχῶν
3556 4742 3753 4804 ζωσῶν

2193 4835 2341 4888 κατὰ
2394 4837 2586 4906 γένος,
2617 4839 2712 4892 καὶ
2741 4839 2979 4891 πετεινὰ
3006 4840 3301 4905 πετόμενα
3352 4838 3451 4891 ἐπὶ
3496 4836 3603 4905 τῆς
3643 4836 3752 4906 γῆς

2194 4927 2345 4981 κατὰ
2372 4929 2437 4981 τὸ
2466 4930 2766 4999 στερέωμα
2798 4931 2913 4999 (45)
2944 4931 3048 4985 τοῦ
3097 4930 3357 4997 οὐρανοῦ
3382 4932 3529 4983 κατὰ
3557 4929 3747 4998 γένος.

2267 5127 2377 5197 (Η)
2427 5125 2553 5194 Reg.
2583 5130 2786 5196 primus
2810 5129 3082 5182 ἀνάλυσιν.
3123 5129 3255 5197 Reg.
3288 5139 3472 5183 sextus
3493 5130 3749 5194 διάλυσιν,

2194 5197 2354 5265 φύγε.
2390 5200 2674 5268 Aliquanto
2710 5212 2828 5268 post
2871 5202 3037 5254 codex
3080 5200 3321 5257 Combef.
3357 5199 3508 5271 ἰχθῦς
3554 5202 3749 5257 θαλάσ-

2264 5338 2372 5407 (42)
2397 5338 2512 5391 Duo
2536 5354 2660 5393 mss.
2701 5339 3083 5393 καταλείπωσι.

2270 5410 2379 5481 (45)
2444 5408 2599 5481 Κατά
2656 5412 2957 5481 στερέωμα,
3016 5427 3299 5465 secundum
3345 5414 3749 5481 ﬁrmamentum.

2197 5478 2397 5544 Malim,
2449 5480 2620 5546 inquit
2680 5478 3051 5543 Cuinbelisius,
3101 5498 3219 5534 cum
3276 5478 3462 5536 Atubr.
3506 5485 3591 5538 vel
3631 5502 3747 5537 cum

2200 5549 2355 5622 Vulg.
2381 5559 2434 5622 et
2458 5550 2707 5622 August”
2735 5552 3206 5622 subi/irritamento.
3232 5555 3492 5622 Attamen
3534 5556 3750 5622 legimus

2197 5620 2248 5673 in
2274 5620 2458 5673 Ambr.
2493 5619 2583 5670 lib.
2609 5634 2795 5687 v,cap.
2825 5621 2872 5683 1,
2902 5625 3183 5674 secundum
3206 5619 3615 5687 ﬁrmamentum.
3644 5624 3751 5678 lino

2195 5690 2358 5742 etiam
2393 5689 2491 5741 hoc
2521 5689 2635 5762 ipso
2673 5689 2722 5741 in
2779 5690 2914 5745 libro
2944 5708 3063 5755 cap.
3099 5692 3184 5754 Η,
3220 5694 3429 5759 legitur,
3481 5710 3626 5746 secus
3654 5694 3749 5762 ﬁr-

2196 5769 2533 5820 mamentum,
2583 5760 2632 5812 id
2672 5761 2812 5827 quod
2851 5762 3037 5830 repetit
3070 5777 3187 5829 cap.
3229 5764 3293 5815 Η
3324 5763 3441 5816 libri
3488 5760 3746 5830 ejusdem.

2199 5830 2267 5882 At
2298 5843 2423 5884 vero
2449 5840 2665 5886 sanctus
2693 5832 3022 5901 Augustinus
3040 5844 3265 5901 utroque
3288 5834 3534 5903 loquendi
3558 5850 3752 5903 genere
