4082 6398
322 398 429 454 ιε’)

1405 401 1716 509 .HOMILIA
1760 402 1875 459 Vill
1913 401 1978 456 IN
2018 399 2518 457 HEXAEMERON.

3478 399 3582 455 170

313 513 419 568 Διὰ
444 514 500 567 τί
548 511 607 578 ἐξ
641 513 846 566 ὑδάτων
881 513 974 567 καὶ
1010 517 1124 578 τοῖς
1154 518 1375 587 πτηνοῖς
1399 517 1496 589 τὴν
1519 519 1733 587 γένεσιν
1770 517 1887 570 ἔδω-

2004 528 2114 573 tum
2163 518 2363 573 dedit?
2407 516 2542 584 Quia
2594 514 2829 569 volatilia
2876 513 3016 568 inter
3061 523 3114 568 et
3154 514 3393 568 natattlia
3433 531 3582 581 qna:-

314 623 449 671 xev;
483 607 606 659 Ὅτι
641 606 828 678 ὥσπερ
864 607 1152 677 συγγένειά
1185 609 1266 671 τίς
1296 611 1410 662 ἐστι
1436 614 1550 675 τοῖς
1579 611 1894 680 πετομένοις

315 700 458 770 πρὸς
487 699 555 751 τὰ
610 698 805 770 νηκτά.
842 699 950 753 Καὶ
985 699 1092 769 γὰρ
1145 700 1332 773 ὥσπερ
1375 704 1424 755 oi
1484 702 1632 773 ἰχθῦς
1665 703 1726 755 τὸ
1753 703 1895 773 ὕδωρ

311 792 593 860 τέμνουσι,
627 793 692 861 τῇ
736 790 834 860 μὲν
877 793 1089 863 κινήσει
1131 793 1241 846 τῶν
1273 795 1561 866 πτερύγων
1590 795 1699 866 (44)
1727 797 1805 859 είς
1835 795 1895 848 τὸ

313 884 506 954 πρόσω
535 883 859 954 χωροῦντες,
890 888 955 957 τῇ
986 885 1044 938 δὲ
1097 886 1191 940 τοῦ
1221 888 1440 959 οὐραίου
1478 888 1747 960 μεταϐολῇ
1793 889 1894 952 τάς

311 993 374 1027 τε
402 977 770 1048 περιστροφὰς
795 979 890 1031 καὶ
922 979 1021 1042 τὰς
1056 980 1268 1043 εὐθείας
1290 980 1464 1052 ὁρμὰς
1486 983 1696 1044 ἑαυτοῖς
1719 980 1894 1034 οἰακί-

311 1064 501 1130 ζοντες
523 1083 536 1096 ⁸
573 1066 716 1120 οὕτω
742 1069 838 1122 καὶ
866 1071 959 1123 ἐπὶ
987 1070 1094 1123 τῶν
1128 1071 1345 1142 πτηνῶν
1368 1072 1515 1124 ἔστιν
1544 1071 1692 1133 ἰδεῖν,
1716 1071 1894 1141 διανη-

309 1159 559 1229 χομένων
585 1160 677 1213 τὸν
709 1162 848 1232 ἀέρα
873 1165 984 1225 τοῖς
1017 1165 1237 1235 πτεροῖς
1275 1162 1416 1217 κατὰ
1444 1163 1533 1217 τὸν
1553 1165 1738 1236 ὅμοιον
1766 1165 1892 1235 τρό-

312 1271 436 1306 πον.
473 1253 658 1317 Ὥστε,
710 1253 897 1324 ἐπειδὴ
938 1253 996 1308 ἓν
1031 1255 1226 1325 ίδίωμα
1249 1256 1306 1309 ὲν
1336 1255 1617 1326 ἑκατέροις
1642 1257 1700 1310 τὸ
1734 1258 1892 1328 νήχε-

311 1345 461 1412 σθαι,
494 1345 592 1416 μία
619 1363 702 1409 τις
730 1346 914 1410 αὑτοῖς
946 1348 979 1418 η
1005 1346 1290 1415 συγγένεια
1321 1349 1386 1400 ὲκ
1415 1347 1514 1418 τῆς
1538 1348 1646 1401 τῶν
1685 1348 1892 1401 ὑδάτων

309 1438 580 1507 γενέσεως
606 1439 939 1509 παρεσχέθη.
994 1439 1141 1511 Πλήν
1173 1456 1237 1508 γε
1278 1441 1360 1492 ὅτι
1393 1440 1543 1494 οὐδὲν
1592 1439 1700 1493 τῶν
1755 1457 1892 1511 πτη-

309 1529 420 1583 νῶν
451 1531 644 1598 ἄπουν,
687 1530 777 1584 διὰ
821 1531 882 1584 τὸ
917 1533 1053 1584 πᾶσι
1103 1532 1200 1603 τὴν
1233 1532 1442 1585 δίαιταν
1487 1533 1594 1586 ἀπὸ
1639 1532 1741 1603 τῆς
1787 1534 1891 1603 γῆς

312 1623 604 1694 ὑπάρχειν,
671 1623 764 1677 καὶ
808 1623 985 1677 πάντα
1027 1624 1342 1692 ἀναγκαίως
1391 1624 1491 1695 τῆς
1540 1623 1649 1677 τῶν
1714 1623 1890 1677 ποδῶν

308 1715 616 1788 ὑπουργίας
652 1715 1019 1787 προσδεῖσθαι.
1076 1718 1202 1780 Τοῖς
1252 1719 1349 1788 μὲν
1395 1716 1505 1787 γάρ
1532 1718 1890 1788 ἁρπακτικοῖς

313 1805 453 1873 πρὸς
475 1803 574 1876 τὴν
596 1805 770 1877 ἄγραν
813 1805 869 1858 αἱ
915 1805 1024 1858 τῶν
1057 1805 1262 1876 ὀνύχων
1285 1806 1493 1875 ἀκμαί·
1533 1808 1645 1868 τοῖς
1687 1805 1744 1858 δὲ
1781 1805 1890 1858 λοι-

2002 613 2122 666 dam
2152 623 2236 666 eSt
2267 611 2430 665 veluti
2450 608 2719 676 cognatio.
2741 607 3199 675 Quemadmodum
3231 607 3370 661 enim
3404 608 3580 675 pisces

2002 717 2193 771 aquam
2225 701 2508 766 secant,ad
2540 699 2794 752 ulteriora
2842 710 2988 752 motu
3037 697 3318 767 pinnarum
3354 713 3576 768 progre-

2000 795 2229 860 dientes,
2255 801 2309 846 et
2350 792 2531 845 caudae
2579 791 2871 844 mutatione
2921 797 3032 841 tum
3069 787 3412 842 circuitiones
3467 799 3573 840 ttnn

2001 895 2176 938 rectos
2213 892 2390 937 mutus
2433 881 2532 934 sibi
2571 880 2702 949 ipsis
2731 880 3059 947 dirigentes:
3095 880 3172 931 sic
3197 887 3250 932 et
3295 877 3345 930 in
3382 877 3575 930 volati-

1999 977 2138 1031 libus
2169 976 2348 1030 videre
2378 983 2479 1038 est,
2517 970 2952 1042 quandoquidem
2977 968 3077 1024 alis
3098 968 3258 1024 simili
3285 967 3441 1022 modo
3484 983 3574 1022 ae-

2000 1082 2113 1124 rem
2160 1066 2452 1135 trajiciunt.
2511 1066 2690 1131 Quare
2737 1079 2856 1116 cum
2910 1061 3128 1116 natandi
3187 1060 3488 1131 proprietas
3519 1059 3574 1114 in

1998 1154 2244 1224 utrisque
2295 1155 2364 1210 sit
2411 1171 2537 1218 una,
2587 1169 2689 1206 una
2738 1155 2981 1221 quaedam
3032 1151 3164 1220 ipsis
3218 1149 3445 1204 afﬁnitas
3477 1164 3573 1216 per

1998 1261 2259 1316 aquarum
2291 1243 2696 1314 generationem
2748 1242 2939 1296 collata
2983 1250 3084 1295 est.
3128 1241 3232 1296 Sed
3271 1251 3448 1294 tamen
3479 1253 3565 1293 vo-

1998 1337 2145 1392 latile
2176 1337 2378 1391 nullum
2413 1337 2637 1406 pedibus
2661 1335 2992 1404 caret,qnod
3025 1334 3222 1388 victum
3267 1332 3575 1402 suppeditat

1998 1440 2140 1487 terra
2164 1430 2434 1494 onmibus,
2469 1443 2523 1482 et
2554 1429 2735 1483 omnia
2772 1429 2964 1498 pedum
2992 1427 3294 1479 ministerio
3326 1439 3574 1478 necessa-

1999 1525 2078 1579 rie
2133 1523 2391 1592 indigent.
2438 1520 2741 1590 Rapacihus
2766 1521 2978 1587 quidem
3032 1519 3175 1572 acies
3215 1517 3467 1586 unguium
3505 1514 3572 1569 ad

1996 1615 2308 1684 capiendam
2359 1613 2592 1682 praadam
2620 1653 2635 1677 ,
2695 1611 2912 1680 reliquis
2977 1623 3102 1663 vero
3144 1608 3213 1661 ob
3259 1607 3569 1660 alimentum

1997 1706 2414 1775 c0tnparandum
2463 1713 2516 1758 et
2551 1704 2616 1755 ad
2651 1703 2908 1772 reliquam
2961 1702 3126 1753 vitam
3173 1698 3571 1766 transigendam

1997 1800 2191 1870 pedum
2229 1813 2358 1852 usus
2393 1797 2699 1850 necessario
2738 1809 3028 1848 concessus
3062 1801 3162 1846 est.
3199 1790 3365 1845 Porro
3388 1805 3571 1860 pauca:

309 1900 436 1961 ποῖς
466 1897 552 1951 διά
575 1915 632 1950 τε
659 1897 752 1950 τὸν
780 1897 1047 1968 πορισμὸν
1074 1897 1173 1966 τῆς
1197 1897 1402 1968 τροφῆς
1437 1898 1530 1950 καὶ
1555 1895 1642 1950 διὰ
1662 1896 1760 1967 τὴν
1787 1896 1887 1949 λοι-

1996 1903 2122 1948 sunt
2147 1891 2413 1955 volucres,
2443 1905 2562 1958 quae
2608 1889 2777 1942 malos
2826 1887 3061 1941 habeant
3111 1885 3293 1952 pedes,
3345 1896 3572 1952 quaeque

310 1988 421 2058 πὴν
450 1989 546 2042 τοῦ
598 1990 713 2060 βίου
771 1989 1110 2061 διεξαγωγὴν
1159 1989 1429 2058 ἀναγκαία
1472 1989 1580 2044 τῶν
1636 1989 1812 2043 ποδῶν
1853 1992 1886 2060 ὴ

309 2077 589 2149 ὑπηρεσία
610 2078 932 2150 δεδώρηται.
975 2078 1173 2147 Ὀλίγοι
1203 2079 1259 2132 δὲ
1313 2079 1422 2133 τῶν
1465 2078 1692 2150 ὀρνίθων
1722 2079 1889 2132 κακό-

309 2170 473 2233 ποδές
496 2172 652 2236 εἰσιν,
678 2168 801 2223 οὔτε
853 2169 1088 2240 βαδίζειν
1133 2170 1256 2224 οὔτε
1307 2170 1563 2242 ἀγρεύειν
1591 2174 1701 2234 τοῖς
1734 2173 1890 2224 ποσὶν

309 2261 636 2331 ἐπιτήδειοι·
675 2261 751 2324 ὡς
781 2263 843 2314 αἴ
885 2279 945 2315 τε
1005 2261 1272 2333 χελιδόνες
1300 2264 1406 2316 sic).
1434 2263 1567 2332 (45),
1595 2262 1716 2316 οὔτε
1740 2263 1889 2333 βαδί-

307 2349 427 2416 ζειν
454 2351 577 2404 οὑτε
609 2352 864 2422 ἀγρεύειν
891 2354 1206 2426 δυνάμεναι,
1245 2354 1338 2406 καὶ
1365 2355 1420 2406 αἱ
1465 2355 1779 2426 δρεπανὶδες
1805 2354 1891 2407 λε-

304 2441 561 2511 γόμεναι,
595 2436 674 2504 οἷς
724 2443 756 2513 ἡ
787 2443 961 2513 τροφὴ
1011 2443 1121 2496 ἀπὸ
1162 2441 1270 2495 τῶν
1298 2445 1356 2496 ὲν
1389 2443 1467 2514 τῷ
1505 2444 1626 2515 ἀέρι
1654 2446 1889 2516 ἐμφερο-

312 2533 490 2600 μένων
507 2533 868 2604 ὲπινενὸηται.
888 2533 1130 2587 Χελιδόνι
1151 2535 1205 2588 δὲ
1235 2536 1296 2588 τὸ
1315 2538 1412 2607 τῆς
1442 2536 1695 2606 πτήσεως
1725 2536 1891 2608 πρόσ-

310 2639 460 2692 γειον
491 2625 613 2677 ἀντὶ
644 2625 744 2694 τῆς
776 2625 884 2677 τῶν
908 2625 1082 2680 ποδῶν
1111 2627 1414 2698 ὑπηρεσίας
1444 2627 1609 2682 ἐστίν.

382 2717 437 2770 5.
475 2717 597 2770 Εἰσὶ
631 2717 812 2787 μέντοι
845 2717 1018 2786 γενῶν
1061 2718 1314 2789 διαφοραὶ
1343 2721 1531 2791 μυρίαι
1562 2722 1655 2774 καὶ
1688 2722 1744 2774 ὲν
1776 2724 1890 2786 τοῖς

309 2806 537 2878 δρνισιν,
561 2807 628 2872 ἀς
656 2809 750 2862 ἐάν
781 2825 866 2872 τις
898 2809 1039 2863 κατά
1070 2810 1162 2864 τὸν
1192 2812 1350 2864 αὑτὸν
1379 2813 1579 2884 τρόπον
1605 2813 1734 2886 ἐπίῃ
1767 2813 1887 2867 καθ’

309 2896 368 2950 ὃν
398 2898 458 2950 ὲν
490 2897 646 2978 μέρει
692 2899 788 2953 καὶ
829 2898 928 2970 τῆς
959 2900 1070 2953 τῶν
1109 2901 1310 2972 ίχθύων
1353 2902 1651 2968 ἐξετάσεως
1677 2903 1888 2975 ἐφηψά-

313 2987 472 3058 μεθα,
499 2990 722 3061 εὑρήσει
768 2990 826 3044 ἓν
864 2992 964 3063 μὲν
1018 2992 1190 3064 ὄνομα
1225 2995 1334 3048 τῶν
1381 2997 1660 3060 πετεινῶν,
1690 2996 1889 3068 μυρίας

309 3081 364 3134 δὲ
394 3083 451 3135 ὲν
475 3082 686 3147 τούτοις
703 3084 966 3156 διαφορὰς
990 3085 1046 3139 ἐν
1070 3103 1128 3139 τε
1158 3090 1270 3150 τοῖς
1294 3087 1544 3158 μεγέθεσι
1579 3088 1672 3140 καὶ
1699 3090 1755 3140 ὲν
1777 3092 1890 3152 τοῖς

311 3174 558 3244 σχήμασι
588 3175 683 3228 καὶ
713 3177 769 3228 ὲν
799 3181 919 3240 ταῖς
957 3178 1147 3249 χρόαις
1168 3196 1182 3209 ο
1240 3180 1334 3232 καὶ
1381 3178 1522 3232 κατὰ
1553 3181 1680 3243 τοὺς
1718 3179 1884 3250 βίους,

1994 1985 2109 2039 sive
2133 1987 2197 2038 ad
2224 1981 2632 2042 atnl'iulandum,
2663 1981 2773 2034 sive
2809 1978 2875 2032 ad
2909 1975 3208 2029 venandmn
3233 1975 3440 2029 idoneae
3465 1990 3567 2028 non

1993 2078 2098 2132 sint
2130 2075 2374 2146 pedibus,
2397 2090 2495 2128 ceu
2551 2073 2885 2134 hirundines,
2915 2086 3032 2140 qua:
3069 2082 3240 2136 neque
3270 2068 3566 2135 ambulare,

1992 2182 2165 2236 neque
2221 2165 2408 2220 venari
2461 2175 2704 2234 possunt,
2755 2173 2808 2217 et
2839 2177 2968 2215 aves
3013 2160 3227 2214 nomine
3265 2161 3566 2228 drepaues,

1991 2262 2188 2330 quibus
2223 2257 2475 2312 alimonia
2497 2272 2562 2310 ex
2589 2255 2653 2309 iis
2685 2270 2803 2323 qua:
2829 2254 3069 2308 feruntur
3095 2253 3146 2306 in
3179 2267 3325 2318 aere,
3355 2251 3567 2320 provisa

1989 2351 2376 2406 est.Ca:ternm
2414 2349 2624 2402 volatus
2659 2358 2818 2402 terra:
2847 2346 3052 2400 vicinus
3081 2346 3133 2399 in
3159 2344 3445 2399 hirundine
3469 2356 3565 2413 pe-

1989 2445 2114 2500 dum
2143 2444 2322 2515 explet
2349 2440 2598 2497 ndicium.

2057 2725 2110 2781 3.
2155 2723 2294 2779 Sunt
2338 2731 2516 2777 autem
2579 2721 2875 2774 innumerae
2940 2733 3194 2788 generum
3257 2715 3569 2772 dill‘erentite

1990 2817 2152 2873 etiam
2180 2815 2230 2870 in
2258 2813 2594 2870 volucribus:
2623 2826 2755 2880 quas
2777 2811 2821 2865 si
2849 2810 2970 2879 quis
2995 2817 3271 2878 percurrat
3299 2821 3361 2861 eo
3383 2806 3564 2871 modo,

1990 2924 2096 2978 quo
2124 2907 2318 2977 partim
2351 2906 2576 2974 piscium
2615 2918 2842 2957 examen
2893 2902 3206 2970 attigimus;
3237 2915 3397 2953 unum
3442 2898 3565 2968 qui-

1990 3001 2112 3056 dem
2150 2999 2428 3053 volucrum
2471 3011 2699 3060 nomen,
2748 2996 2839 3049 sed
2891 2995 3128 3048 inlinitas
3183 2992 3567 3061 magnitudinis

1993 3094 2395 3163 ﬁgurarumque
2422 3099 2475 3144 et
2500 3089 2742 3144 colorum
2776 3085 3110 3142 differentias
3159 3087 3210 3140 in
3265 3087 3348 3140 his
3385 3100 3567 3154 reper-

1993 3197 2144 3239 turus
2167 3195 2267 3240 est.
2297 3183 2375 3237 Ad
2407 3184 2568 3237 vitam
2597 3183 2782 3248 etiam,
2812 3193 2866 3236 et
2896 3182 2961 3234 ad
3005 3181 3245 3235 actiones
3279 3194 3567 3246 moresque

310 3267 404 3318 καὶ
431 3266 534 3327 τὰς
563 3266 812 3337 πράξεις,
838 3269 932 3320 καὶ¹
955 3267 1019 3321 τὰ
1048 3269 1176 3339 ἢθη,
1211 3270 1488 3341 ἀμύθητον
1511 3268 1676 3323 οὖσαν
1705 3271 1887 3333 αὑτοῖς

1991 3281 2129 3348 quod
2168 3287 2405 3348 spectat,
2442 3277 2851 3331 inenarrabilem
2895 3275 3184 3344 quamdam
3233 3273 3373 3328 inter
3420 3273 3565 3344 ipsas

310 3356 407 3428 τὴν
433 3359 572 3428 πρὸς
614 3359 819 3429 ἄλληλα
869 3353 1249 3433 παραλλαγήν.
1279 3363 1418 3434 Ἤδη
1464 3363 1562 3434 μὲν
1614 3359 1706 3417 οὖν
1746 3382 1888 3429 τινες

310 3449 683 3523 ἐπειράθησαν
744 3453 839 3504 καὶ
904 3453 1343 3523 ὀνοματοποιίαις
1401 3455 1725 3527 χρήσασθαι,
1798 3457 1886 3519 ἵν’,

309 3539 498 3613 ῶσπερ
535 3543 622 3596 διὰ
655 3546 944 3615 καυτήρων
976 3545 1137 3598 τινῶν
1170 3548 1267 3616 τῆς
1323 3548 1627 3618 ἀσυνήθους
1674 3551 1769 3602 καὶ
1805 3549 1890 3614 ξέ-

309 3649 410 3702 νης
437 3634 751 3705 ὀνομασίας,
786 3636 846 3689 τὸ
896 3637 1090 3707 ἰδίωμα
1137 3639 1366 3692 ἑκάστου
1405 3641 1594 3709 γένους
1633 3640 1888 3710 ἐπιγινώ-

312 3741 531 3795 σκηται.
567 3728 676 3780 Καὶ
720 3729 790 3782 τά
827 3729 927 3800 μὲν
961 3731 1250 3800 ὠνόμασαν
1273 3731 1601 3803 σχιζόπτερα
1627 3733 1760 3804 (46),
1814 3733 1890 3798 ὡς

311 3818 438 3880 τοὺς
464 3819 682 3883 ἀετούς·
716 3820 787 3873 τὰ
813 3821 869 3874 δὲ
913 3822 1280 3897 δερμὸπτερα,
1305 3825 1380 3888 ὡς
1405 3825 1502 3889 τὰς
1530 3824 1846 3896 νυκτερίδας
1869 3842 1884 3855 ν

314 4013 444 4052 usus
461 4007 562 4055 est.
591 3998 872 4051 secundum
891 3998 1301 4066 ﬁrmameptum,
1329 4011 1382 4052 et
1412 4001 1505 4052 sub
1535 3999 1886 4061 ﬁrmamento.

313 4067 458 4135 Lege
493 4068 784 4121 Nobilium.
813 4057 1181 4122 Tertulliantls
1211 4057 1337 4123 Adv.
1377 4057 1757 4139 Ilerm'ogqper
1790 4069 1888 4136 ﬁr-

313 4151 634 4191 mamentum
659 4151 676 4188 :
698 4153 817 4206 qttte
842 4139 1213 4206 interpretatio
1245 4142 1477 4192 utaxitnc
1496 4139 1745 4194 cnnvenit
1763 4155 1884 4192 cum

316 4221 497 4261 mente
533 4206 733 4260 Basilii.
765 4208 899 4261 Cum
936 4213 1076 4260 enim
1112 4208 1270 4261 Pater
1298 4210 1651 4278 gravissimus
1677 4225 1771 4278 per
1794 4224 1886 4262 v0-

313 4294 432 4332 cem
465 4278 750 4348 στερέωμα
787 4279 917 4331 nihil
965 4279 1104 4330 aliud
1135 4280 1395 4348 intelligat
1425 4282 1526 4334 nisi
1576 4295 1779 4346 aerem,
1809 4279 1883 4332 uti

315 4348 512 4414 legitur
539 4350 638 4400 sub
660 4353 833 4405 tinem
873 4350 1094 4416 hujusce
1125 4352 1410 4410 orationis,
1441 4353 1683 4418 sequitur
1715 4353 1757 4402 si
1787 4364 1881 4402 vo-

315 4419 481 4473 latilia
513 4418 686 4540 tl'ulent
711 4435 806 4488 per
826 4433 1028 4482 aerem,
1061 4419 1170 4485 ipsa
1199 4437 1292 4489 per
1323 4419 1718 4474 [imitamentum
1748 4435 1884 4488 quo-

315 4505 418 4540 ane
454 4504 517 4540 vo
540 4504 652 4540 are.

354 4505 418 4542 ne
454 4504 568 4540 νοω
578 4505 652 4540 re.

312 4507 418 4560 que
454 4507 652 4540 volare.

385 4559 498 4630 (44)
531 4558 748 4631 Aliquot
780 4574 910 4612 mss.
957 4557 1065 4631 τῶν
1099 4560 1424 4631 πτερυγίων.
1472 4560 1666 4616 Statim
1728 4562 1881 4617 Colb.

315 4633 522 4702 primus
545 4629 646 4702 τάς
659 4646 725 4702 τε
752 4630 1107 4701 περιτροπάς.

389 4699 500 4771 (45)
544 4699 615 4751 Ita
656 4699 1056 4771 Regii’priinus,
1092 4701 1330 4768 quintus,
1356 4713 1543 4755 sextus
1578 4710 1630 4753 et
1661 4713 1884 4756 octavas

315 4770 437 4826 cum
471 4770 677 4823 duobus
714 4770 865 4825 Coll).
902 4772 1038 4824 Editi
1087 4787 1211 4824 vero
1244 4771 1510 4837 χελιδόνες
1545 4774 1650 4824 εἰσὶ
1686 4775 1777 4826 καὶ
1803 4775 1881 4837 αἱ,

317 4841 522 4895 inutile.
568 4841 767 4895 Ibidem
811 4842 905 4894 καὶ
937 4843 992 4894 αἱ
1031 4841 1364 4911 δρεπανίδες,
1407 4854 1452 4896 et
1486 4843 1756 4911 drepaues.
1795 4845 1884 4897 Sic

317 4913 493 4964 visum
526 4921 611 4964 est
647 4922 854 4964 vertere
882 4926 1003 4965 cum
1058 4913 1250 4973 Plinio,
1305 4914 1396 4980 qui
1446 4914 1546 4967 hac
1597 4915 1710 4972 ipsa
1755 4929 1886 4966 voce

319 4981 414 5036 lib.
441 4995 672 5053 κινοίη).
698 4981 787 5042 47.
815 4981 890 5053 uti
920 4997 1023 5036 non
1049 4983 1275 5053 dubitat.
1305 4981 1433 5053 Ejus
1461 4984 1575 5038 haec
1607 4993 1731 5037 sunt
1765 4999 1884 5038 ver-

319 5054 414 5105 ba:
437 5051 737 5119 Quinegant
758 5051 1014 5105 volucrem
1046 5051 1575 5117 ullamsineﬁpedibus
1591 5070 1722 5115 esse,
1755 5069 1882 5106 con-

313 5123 528 5192 ﬁrmant
563 5133 609 5174 et
634 5123 831 5187 aporlas
855 5121 1144 5192 ltabere,ret
1172 5137 1218 5173 οι
1233 5139 1316 5186 en,
1347 5133 1394 5176 et
1427 5123 1706 5189 drepanin,
1733 5124 1786 5176 in
1807 5124 1882 5176 eis

315 5207 434 5262 qua:
459 5194 724 5245 rarissime
763 5202 1037 5259 apparent.
1074 5191 1395 5258 lnterpretes
1441 5203 1670 5256 veteres,
1712 5192 1777 5245 Et
1810 5208 1884 5245 ea:

313 5277 434 5330 qua
448 5262 660 5324 {alculte
688 5276 1074 5327 nuncupantur,
1095 5270 1187 5314 aut
1214 5263 1444 5331 riparice.
1485 5263 1593 5318 Has
1631 5280 1757 5318 aves
1793 5277 1884 5317 v0-

317 5341 403 5386 cat
430 5331 742 5386 Eustathius
767 5349 1020 5399 meropes.

389 5402 502 5471 (46)
531 5402 730 5464 Libuit,
770 5405 910 5469 quod
948 5418 1053 5457 non
1093 5412 1437 5472 suppeterent
1477 5403 1636 5457 verba
1669 5405 1880 5468 Latina,

316 5472 398 5527 sic
432 5484 641 5526 vertere
669 5474 1044 5538 schisupteras,
1073 5487 1178 5526 etc.
1208 5476 1349 5528 Aves
1371 5484 1549 5528 autent
1581 5475 1884 5542 schizople-

320 5558 416 5604 rte.
463 5557 540 5596 eae
587 5544 860 5607 dicuntur,
913 5559 1032 5612 qua:
1066 5544 1266 5599 habent
1311 5559 1539 5611 pennam
1569 5547 1881 5609 discretam,

319 5614 438 5667 alas
481 5613 658 5667 ﬁssas.
693 5614 1071 5682 Derinopteras
1095 5631 1186 5668 eas
1221 5629 1492 5677 vocamus,
1516 5616 1713 5684 quibus
1744 5617 1884 5668 cutis

320 5699 419 5753 pro
445 5684 634 5752 pennis
667 5697 772 5739 est.
816 5685 1022 5754 l’tilotae
1049 5701 1128 5739 ea:
1159 5686 1552 5750 intelliguntur,
1582 5702 1702 5754 qua:
1739 5687 1882 5739 sicca

322 5755 636 5826 membrana
686 5757 886 5810 volant.
935 5753 1176 5822 Denique
1233 5755 1568 5822 coleopteras
1601 5753 1882 5826 appellare

320 5823 497 5880 solent
522 5839 617 5881 eas
645 5841 876 5896 quarutn
902 5839 1086 5895 penna:
1116 5826 1308 5896 vagina
1343 5823 1706 5882 continentur.
1733 5826 1884 5894 Quod

1993 3371 2356 3442 deprehendet
2387 3371 2725 3424 varietatem.
2755 3367 2872 3422 Jam
2911 3384 3040 3422 vero
3061 3367 3237 3422 conati
3270 3375 3395 3421 sunt
3432 3383 3566 3421 nun-

1993 3465 2121 3518 nulli
2166 3464 2412 3518 conﬁctis
2466 3462 2771 3516 nominibus
2803 3461 2998 3524 uti,ut,
3045 3459 3203 3514 veluti
3233 3474 3326 3527 per
3357 3458 3565 3512 inustas

1991 3555 2248 3626 quasdam
2275 3554 2502 3608 insolita;
2538 3562 2589 3607 et
2627 3555 2922 3623 peregrina:
2966 3551 3340 3620 appellationis
3383 3560 3564 3614 notas,

1996 3647 2280 3715 cujuslibet
2309 3645 2523 3716 generis
2556 3643 2858 3714 pr0prietas
2912 3653 3289 3712 cognoscatur.
3321 3642 3385 3696 Et
3431 3641 3566 3694 alias

1993 3739 2206 3809 quidem
2240 3752 2365 3790 aves
2407 3737 2749 3788 nominarunt
2778 3735 3145 3802 schizopteras
3166 3774 3181 3797 ,
3212 3734 3286 3786 uti
3315 3733 3520 3803 aquilas
3547 3749 3564 3790 :

1992 3829 2124 3883 alias
2181 3841 2310 3883 vero
2361 3826 2763 3896 dermopteras,
2823 3835 2881 3880 ut
2932 3825 3341 3895 vespertiliones
3378 3841 3393 3879 :
3430 3822 3564 3878 alias

2001 3994 2086 4048 hic
2119 3993 2375 4061 scriptum
2409 3993 2714 4047 invenimus
2741 3994 2806 4046 de
2845 3990 3186 4057 cole0pteris,
3223 3988 3273 4044 id
3301 4005 3402 4044 non
3437 4004 3562 4059 pro-

1997 4068 2154 4118 batur
2181 4064 2342 4122 Petro
2370 4063 2566 4118 Petito.
2599 4063 2764 4132 Igitur
2793 4062 2885 4114 lib.
2913 4078 2963 4114 tv
2997 4061 3458 4116 Miscellanearum
3481 4066 3564 4114 ot;-

1991 4137 2362 4198 servationum,
2408 4151 2526 4204 cap.
2567 4133 2655 4193 16.
2717 4133 2952 4201 loquitur
3005 4133 3304 4204 linemodo
3339 4150 3352 4185 :
3389 4132 3563 4199 Hujus

1990 4206 2168 4275 itaque
2197 4201 2488 4258 volat-ilium
2517 4206 2801 4257 secundum
2835 4206 3041 4255 alarum
3072 4201 3400 4275 di/Icretttias
3432 4204 3558 4275 ditii—

1991 4272 2178 4341 stonis,
2209 4288 2395 4327 cwtera
2414 4276 2622 4344 quidem
2641 4277 2784 4335 bene,
2810 4285 2854 4344 et
2881 4289 2944 4325 ea:
2963 4273 3258 4326 Aristotelis
3283 4272 3561 4336 sententia,

1993 4346 2130 4416 unde
2161 4346 2355 4411 accepit
2392 4343 2494 4398 :in
2516 4362 2634 4398 vace
2663 4343 3030 4416 κουλεὸπτερα
3081 4360 3185 4416 non
3218 4343 3564 4416 quiediocriter

1993 4414 2344 4468 Itallucinatus
2368 4417 2586 4478 videtur,
2615 4432 2731 4468 cum
2760 4427 2904 4482 putat
2943 4412 3225 4484 significari
3259 4412 3354 4465 hoc
3396 4414 3564 4484 nomi-

1920 4506 1969 4565 υ
1997 4502 2057 4565 ne
2093 4487 2410 4540 insectorum
2453 4487 2582 4565 illud
2631 4501 2814 4565 genus,
2869 4483 3304 4565 quminvolucris
3345 4483 3562 4565 quiblus-

1991 4558 2112 4608 dam
2144 4568 2390 4624 concepta
2418 4567 2464 4609 et
2490 4556 2600 4624 fata
2642 4559 2710 4607 ad
2737 4558 2950 4626 aliquod
2978 4563 3205 4626 tempus,
3230 4554 3558 4626 postmodum

1985 4628 2254 4694 putamine
2295 4622 2530 4694 disruptio
2583 4622 2832 4680 evolant.‘
2878 4637 2932 4678 ut
2965 4630 3028 4678 de
3056 4625 3252 4677 cicadis
3287 4622 3560 4676 Lucretius

1987 4709 2234 4748 memorat
2257 4698 2346 4750 lib.
2387 4713 2418 4750 v
2448 4715 2460 4750 :

2058 4765 2346 4821 Folliculos
2372 4778 2430 4820 ut
2457 4780 2597 4819 nunc
2621 4775 2822 4820 teretes
2858 4773 3043 4820 aestate
3077 4763 3276 4817 cicadae

2061 4837 2332 4904 Linquunt
2359 4847 2546 4906 sponte
2580 4851 2698 4897 sna,
2731 4837 2926 4889 victum
2960 4837 3230 4906 vitamque
3259 4843 3518 4906 petentes.

1988 4904 2154 4959 Plane
2180 4907 2233 4958 id
2265 4904 2411 4959 verba
2456 4907 2566 4959 haec
2604 4906 2796 4959 Basilii
2838 4916 3026 4958 sonant
3052 4920 3070 4957 :
3118 4905 3219 4958 ὅσα
3263 4907 3320 4956 ἐν
3365 4904 3561 4975 θήκαις

1985 4978 2096 5030 τισὶ
2123 4977 2214 5029 καὶ
2236 4977 2549 5047 περιϐολαῖς
2580 4975 2906 5044 γεννηθέντα
2941 4975 3389 5047 περιρραγέντος,
3424 4986 3556 5038 etc.,

1984 5047 2191 5115 quibus,
2221 5063 2336 5115 qua:
2360 5050 2569 5115 proprie
2603 5047 2968 5117 κουλεόπτερα
3010 5049 3278 5110 dicantur,
3307 5047 3554 5114 explicat.

1985 5120 2049 5170 At
2077 5117 2214 5184 [also
2234 5129 2280 5170 et
2303 5129 2492 5183 praeter
2515 5129 2732 5170 mentem
2761 5116 3075 5180 Aristotelis,
3106 5117 3194 5183 qui
3215 5118 3362 5184 longe
3389 5116 3559 5168 diver-

1984 5205 2042 5238 so
2075 5203 2228 5238 sensu
2282 5190 2334 5238 id
2375 5204 2558 5241 nomen
2599 5198 2834 5255 usurpat.
2886 5186 3007 5240 Non
3045 5189 3183 5239 enim
3213 5188 3276 5237 ab
3320 5187 3386 5239 iis
3412 5186 3558 5253 folli-

1985 5258 2118 5310 culis
2158 5257 2527 5328 κουλεόπτερα
2549 5259 2652 5311 vult
2675 5260 2800 5321 dici,
2828 5258 2916 5312 sed
2944 5256 3301 5328 σιξ-ἐλύτροις,
3334 5257 3556 5324 vaginis,

1983 5329 2170 5395 quibus
2225 5332 2325 5381 ala:
2375 5325 2553 5381 eorum
2605 5333 2932 5380 muniuntur.
2986 5325 3128 5380 Nam
3168 5325 3378 5380 ’Gt‘a'cis
3432 5342 3559 5378 κου-

1983 5396 2105 5450 λεόν
2139 5398 2327 5464 vagina
2356 5408 2454 5452 est.
2485 5396 2633 5450 Unde
2658 5398 2959 5451 Theodorus
2987 5415 3075 5450 eas
3104 5397 3334 5450 volucres
3356 5398 3561 5461 vagini-

1984 5483 2186 5536 pennes
2204 5467 2388 5522 Latine
2413 5470 2580 5522 uertit.
2609 5466 2691 5520 Ita
2709 5470 2844 5521 enim
2861 5469 3102 5523 Griecum
3124 5483 3310 5520 nomen
3341 5466 3559 5519 κουλ⁶εόο

1986 5555 2184 5610 πτερον
2205 5556 2332 5592 sane
2350 5556 2452 5592 non
2483 5539 2757 5606 infeliciter
2771 5540 3046 5606 expressit.
3073 5539 3298 5610 Alarum
3337 5539 3559 5606 proinde

1983 5609 2099 5662 lucc
2124 5610 2420 5678 di/ferentia
2453 5622 2524 5662 est
2557 5618 2604 5662 et
2631 5611 2944 5675 proprietas,
2988 5625 3091 5661 non
3136 5609 3235 5661 loci
3284 5609 3337 5660 in
3362 5624 3464 5673 quo
3498 5609 3554 5673 fit

1983 5683 2268 5748 generatio.
2291 5680 2441 5744 Quod
2469 5680 2581 5747 ipsa
2598 5680 2785 5732 divisio
2809 5680 3098 5732 Aristo'elis
3141 5678 3360 5741 indicat,
3376 5693 3559 5746 quaex

1983 5751 2540 5876 alat-umsdi/Terentiis
2566 5751 2830 5806 volucrum
2848 5749 3171 5820 differentias
3195 5762 3430 5816 venatur,
3464 5749 3554 5803 lib.

1983 5835 2019 5876 ι.
2048 5838 2161 5876 can.
2237 5838 2250 5876 :
2282 5833 2384 5876 etc.

1981 5835 2019 5886 ι,
2048 5838 2161 5890 cap.
2191 5833 2250 5888 5;
2282 5833 2384 5876 etc.
