4082 6398
2039 103 2072 124 α

478 295 577 368 171

1735 342 1752 360 .
1779 300 1837 354 8.
1875 296 2120 355 BASILII
2163 297 2380 354 MAGNI

3584 307 3728 365 ,172

476 407 712 487 ptilotas,
732 416 788 470 nt
805 422 991 476 vespas
1017 425 1030 462 :
1052 406 1182 464 alias
1200 421 1384 466 rursus
1399 409 1857 485 coleopteras,73
1875 425 2058 468 ntsca-

2167 412 2222 466 τά
2250 413 2304 467 δὲ
2335 414 2596 480 πτιλωτὰ,
2627 415 2703 480 ὡς
2733 415 2858 479 τοὺς
2886 417 3129 487 σφῆκας⁶
3171 435 3244 472 τα
3279 416 3335 470 δὲ
3365 417 3724 492 κολεόπτερα,

477 501 688 562 rabcos,
715 512 769 555 et
798 516 1126 570 qua-cunque
1157 502 1208 554 in
1231 501 1402 558 thecis
1427 504 1738 573 quibusdam
1767 514 1821 560 et
1849 507 2052 559 amicu-

475 592 541 661 lis
563 604 851 658 generatm,
880 604 1061 654 crusta
1092 594 1160 649 ab
1195 595 1327 664 ipsis
1366 596 1647 663 distracta,
1670 598 1737 651 ad
1765 600 2051 657 velandum

481 687 742 756 aspellitae
784 687 1037 740 evadunt.
1096 687 1289 741 Verum
1325 687 1598 746 Suﬂiciens
1638 691 1792 745 nobis
1826 701 1947 744 nota
1973 701 2054 746 est

477 780 544 847 ad
576 795 829 849 generum
866 779 1250 852 proprietatem
1309 782 1715 849 assignandam,
1748 784 2054 842 communis

477 887 626 936 usus,
655 880 708 932 et
733 871 904 926 allata:
931 887 960 929 a
994 871 1270 942 Scriptura
1304 873 1368 935 de
1401 873 1614 929 mundis
1655 884 1709 930 et
1762 875 2055 936 immundis

478 963 872 1034 distinctiones,
938 964 1096 1019 Aliud
1166 966 1349 1034 itaque
1408 968 1820 1022 carnivorarum
1884 984 2054 1038 genus

475 1067 560 1115 est
587 1098 602 1118 .
639 1059 847 1128 aliaque
903 1059 1236 1123 constitutio,
1273 1060 1340 1112 ad
1396 1062 1614 1114 modum
1665 1076 1773 1130 quo
1804 1061 1930 1132 ipsa:
1959 1078 2052 1118 ve-

478 1161 722 1216 scuntur,
773 1153 1172 1206 accommodata
1210 1168 1225 1217 ;
1262 1153 1515 1217 unguium
1545 1154 1707 1220 acies,
1735 1163 1786 1208 et
1824 1164 2051 1209 rostrum

477 1244 778 1306 incurvum,
813 1252 868 1298 et
923 1259 1095 1313 penna
1149 1245 1336 1304 velox.
1380 1253 1438 1300 ut
1474 1253 1526 1298 et
1574 1244 1727 1298 facile
1767 1245 2056 1312 arrip‘atnr

477 1338 678 1406 prieda.
709 1347 758 1390 et
785 1336 1039 1391 dilaniata
1080 1336 1394 1392 alimentum
1439 1335 1531 1394 ﬂat
1566 1337 1893 1406 praedatrici,
1936 1336 2051 1390 Alia

478 1445 663 1488 earum
693 1428 1006 1482 constitutio
1037 1437 1142 1490 est,
1187 1445 1308 1497 quae
1355 1429 1563 1484 semina
1621 1428 1879 1496 colligunt
1909 1443 1924 1480 :
1949 1427 2052 1481 alia

477 1533 684 1582 parum,
737 1536 857 1588 qua:
900 1520 1044 1580 omni
1089 1536 1146 1574 re
1181 1521 1336 1577 obvia
1371 1521 1705 1576 nutriuntur.
1756 1520 1819 1574 Et
1876 1519 1928 1572 in
1970 1520 2056 1575 his

477 1610 718 1687 plurimae
751 1610 1086 1666 dilferentize.
1111 1613 1354 1681 Ipsarum
1385 1613 1527 1667 enim
1568 1613 1834 1681 quaedam,
1866 1627 2054 1681 grega-

480 1701 560 1765 les
601 1713 728 1757 sunt
765 1721 778 1756 :
822 1705 1064 1772 exceptis
1108 1705 1428 1773 rapacibus,
1477 1706 1617 1758 inter
1659 1719 1792 1774 quas
1826 1704 2054 1761 societas

2085 1759 2125 1814 B

2153 507 2228 568 ὡς
2260 508 2385 570 τοὺς
2414 507 2738 580 κανθάρους,
2775 510 2868 562 καὶ
2901 509 3022 574 ὅσα,
3047 511 3105 563 ὲν
3133 509 3326 580 θήκαις
3359 512 3470 564 τισὶ
3501 513 3596 566 καὶ
3623 532 3728 566 πε·-

2154 597 2391 666 ριϐολαίς
2413 599 2757 670 γεννηθέντα,
2795 602 3219 672 περιρραγέντος
3264 604 3448 669 αὐτοῖς
3475 605 3570 659 τοῦ
3603 607 3729 660 ἐλύ-

2150 705 2302 766 τρου,
2331 689 2465 760 πρὸς
2491 690 2590 761 τὴν
2622 692 2819 762 πτῆσιν
2859 694 3224 767 ἠλευθερώθη.
3275 697 3413 749 Ἀλλ’
3461 699 3591 769 ἡμῖν
3621 701 3728 770 ἀρ-

2153 779 2323 836 κοῦσα
2380 783 2678 852 σημείωσις
2718 784 2853 856 πρὸς
2901 787 2998 856 τὴν
3046 786 3153 839 τῶν
3205 787 3376 856 γενῶν
3407 789 3650 858 ἰδιότητα
3692 792 3725 860 ἠ

2153 875 2304 945 κοινὴ
2335 875 2550 947 χρῆσις,
2578 875 2671 928 καὶ
2703 878 2751 930 οἱ
2774 876 2921 948 παρὰ
2951 877 3051 947 τῆς
3073 878 3294 949 Γραφῆς
3321 880 3447 950 step!
3472 899 3530 933 τε
3553 882 3731 935 καθα-

2155 964 2262 1036 ρῶν
2294 966 2388 1018 καὶ
2427 965 2752 1037 ἀκαθάρτων
2793 967 3082 1038 διορισμοί.
3115 968 3278 1022 Ἀλλο
3324 971 3420 1040 μὲν
3447 967 3542 1024 οὖν
3569 973 3730 1040 γένος

2151 1055 2211 1108 τὸ
2242 1054 2349 1108 τῶν
2380 1056 2762 1126 σαρκοφάγων,
2795 1057 2887 1116 καὶ
2920 1057 3052 1129 άλλη
3090 1060 3398 1132 κατασκευὴ
3438 1062 3729 1132 πρέπουσα

2151 1147 2228 1220 τῷ
2260 1149 2445 1219 τρόπῳ
2473 1149 2570 1219 τῆς
2624 1149 2834 1222 διαίτης
2881 1150 3078 1214 αὐτῶν,
3132 1151 3336 1222 ὀνύχων
3384 1154 3579 1223 άκμαὶ,
3630 1157 3731 1208 καὶ

2152 1239 2328 1309 χεῖλος
2356 1239 2608 1307 ἀγκύλον,
2644 1241 2736 1293 καὶ
2764 1241 2963 1312 πτερὸν
2987 1241 3103 1308 ὀξὺ,
3134 1242 3272 1296 ὥστε
3299 1245 3393 1296 καὶ
3421 1245 3731 1318 συλληφθῆη

2153 1347 2240 1390 ναι
2270 1331 2468 1401 ῥᾳδίως
2489 1331 2550 1384 τὸ
2575 1331 2818 1403 θήραμα,
2848 1334 2943 1387 καὶ
2975 1334 3344 1408 διασπαραγὲν
3378 1337 3486 1408 (47)
3519 1341 3729 1411 τροφὴν

2152 1422 2229 1492 τῷ
2249 1422 2420 1483 ἑλόντι
2471 1423 2744 1491 γενέσθαι.
2774 1425 2947 1495 ’Ἄλλη
2975 1425 3083 1479 τῶν
3135 1428 3520 1498 σπερμολόγων
3555 1448 3732 1485 κατα-

2155 1509 2359 1584 σκευήλ
2398 1515 2531 1587 ἄλλη
2564 1517 2672 1570 τῶν
2700 1518 2763 1571 ὲκ
2794 1518 2993 1582 παντὸς
3024 1521 3373 1590 τρεφομένων
3410 1523 3504 1575 τοῦ
3536 1541 3729 1578 συντυ-

2153 1607 2358 1677 χόντος.
2418 1609 2524 1666 Καὶ
2552 1611 2610 1662 ὲν
2642 1608 2851 1673 τούτοις
2887 1609 3133 1665 πλεῖσται
3185 1613 3455 1686 διαφοραί.
3488 1617 3569 1669 Τὰ
3625 1617 3730 1687 μὲν

2154 1699 2262 1770 γὰρ
2298 1699 2476 1754 αὐτῶν
2514 1701 2659 1754 ἐστιν
2693 1700 2802 1770 (48)
2847 1702 3096 1769 ἁγελικά,
3135 1703 3274 1776 πλὴν
3305 1706 3411 1762 τῶν
3453 1708 3727 1778 ἁρπακτι-

486 1795 628 1854 nulla
677 1805 758 1848 est
804 1804 1000 1864 printer
1027 1795 1362 1864 coniugalem
1414 1795 1865 1863 conjunctionem.
1917 1796 2053 1850 Sunt

2167 1788 2292 1841 ιιῶν·
2330 1788 2532 1841 τούτων
2557 1789 2614 1842 δὲ
2646 1790 2798 1843 οὐδὲν
2828 1794 3138 1845 κοινωνικὸν
3161 1795 3315 1858 ἐκτὸς
3333 1796 3426 1849 τοῦ
3459 1799 3596 1856 κατὰ
3625 1798 3728 1864 τὰς

480 1901 611 1951 γεενο
637 1887 754 1946 alia!
787 1889 1101 1948 inuunterm,
1133 1903 1252 1956 quae
1290 1888 1623 1941 collectivam
1659 1887 2053 1956 amplectuntur

484 1980 670 2042 vitam,
699 1989 756 2032 ut
785 1979 1068 2040 columbae.
1093 1996 1273 2044 strues,
1293 1981 1488 2043 sturni,
1519 1979 1742 2050 graculi.
1769 1979 1975 2036 ltursns
1998 1979 2050 2036 in

485 2073 567 2130 liis
597 2071 716 2126 alia:
749 2071 942 2129 nullius
984 2073 1286 2130 snbduutur
1335 2073 1582 2141 imperio,
1606 2080 1660 2124 et
1711 2080 1836 2126 sunt
1890 2070 2051 2125 veluti

483 2164 564 2230 sui
621 2163 805 2232 juris;
853 2162 971 2218 alia:
1023 2164 1143 2218 duci
1201 2163 1394 2234 subjici
1448 2180 1554 2219 non
1600 2172 1875 2228 recusant,
1907 2162 2056 2220 velut

482 2269 661 2324 grues.
694 2253 811 2309 .lam
844 2269 970 2308 vero
999 2255 1163 2308 etiam
1205 2254 1308 2307 alia
1345 2253 1590 2323 qutedam
1623 2262 1706 2307 est
1749 2253 1801 2310 in
1840 2255 1922 2307 his
1952 2253 2055 2306 dif-

484 2346 733 2408 ferentia,
757 2346 909 2415 jnxta
941 2362 1099 2416 quam
1139 2346 1257 2400 alia:
1292 2362 1566 2415 nunquam
1597 2348 1780 2400 sedem
1824 2354 2052 2412 mutant,

483 2449 712 2508 suntque
742 2441 1005 2509 indigenae
1029 2455 1042 2491 :
1073 2438 1192 2493 alias
1220 2438 1396 2493 solent
1423 2438 1736 2506 longissime
1755 2437 2052 2498 discedere,

483 2544 537 2591 et
567 2535 742 2598 hieme
776 2534 1238 2602 appropinquante
1271 2541 1329 2584 ut
1358 2531 1646 2598 plurimum
1683 2529 1737 2582 in
1778 2529 1938 2581 alium
1977 2527 2055 2580 lo-

483 2641 604 2686 cum
627 2641 744 2684 sese
768 2626 1022 2695 recipere,
1047 2625 1184 2692 Quin
1210 2636 1264 2678 et
1287 2624 1590 2691 complures
1615 2638 1762 2686 aves,
1785 2623 1909 2675 dum
1934 2623 2058 2674 edn-

483 2727 695 2777 cantur,
741 2724 1120 2771 mansuescunt
1151 2715 1595 2782 cicnrantnrque,
1617 2722 1812 2781 printer
1850 2711 2055 2766 debiles

487 2824 552 2872 ac
583 2809 848 2871 inlirmas,
894 2823 1014 2876 quae
1050 2807 1120 2864 ob
1155 2807 1376 2862 nimiam
1419 2807 1755 2860 timiditatem
1783 2819 1846 2858 ac
1875 2802 2061 2862 formi-

489 2900 689 2964 dinem,
711 2901 978 2966 assidnam
1007 2897 1304 2956 molestiam
1328 2898 1428 2951 sibi
1457 2913 1612 2950 manu
1631 2897 1927 2956 exliibitam
1951 2911 2054 2950 non

487 2993 783 3064 patiuntur.
821 2989 926 3044 Sed
981 3000 1032 3042 et
1071 2989 1304 3045 humana
1359 2989 1752 3050 consuetudine
1812 2987 2058 3043 volucres

2155 1879 2412 1950 συζυγίας
2435 1880 2794 1952 συνδυασμοῦ.
2828 1884 3014 1954 Μυρία
3043 1885 3098 1938 δὲ
3139 1885 3272 1940 ἄλλα
3304 1887 3394 1941 τὸν
3425 1890 3729 1962 ἀθροίσμα-

2151 1978 2301 2030 τικὸν
2334 1977 2534 2048 ᾕρηται
2579 1978 2711 2047 βίον,
2738 1979 2814 2043 ὡς
2846 1979 3162 2052 περιστεραὶ
3194 1982 3327 2051 (49),
3358 1983 3451 2036 καὶ
3483 1985 3725 2057 γέρανοι,

2153 2068 2244 2121 καὶ
2302 2069 2495 2141 ψῆρες,
2553 2069 2646 2124 καὶ
2691 2072 2908 2128 κολοιοί.
2964 2073 3132 2126 Πάλιν
3162 2075 3221 2126 ἐν
3250 2074 3457 2139 τούτοις
3504 2077 3571 2130 τά
3627 2077 3731 2148 μὲν

2153 2161 2363 2232 άναρχά
2392 2163 2506 2215 ἐστι
2554 2163 2647 2216 καὶ
2702 2158 2811 2216 οἷον
2844 2164 3116 2235 αύτόνομα
3138 2183 3150 2196 ·
3188 2165 3255 2218 τὰ
3295 2166 3352 2220 δὲ
3385 2168 3473 2237 ὑφ’
3501 2169 3730 2239 ἡγεμόνι

2155 2255 2408 2325 τετάχθαι
2441 2255 2867 2327 καταδεχόμενα,
2897 2257 2971 2320 ὡς
3004 2260 3059 2311 ai
3099 2258 3340 2330 γέρανοι.
3371 2261 3506 2331 Ἤδη
3542 2262 3598 2315 δέ
3643 2279 3730 2324 τις

2155 2347 2245 2403 καὶ
2279 2347 2441 2419 ἑτέρα
2480 2349 2537 2409 ὲν
2565 2347 2775 2412 τούτοις
2821 2350 2935 2408 ἐστὶ
2963 2349 3212 2421 διαφορὰ,
3261 2351 3382 2404 καθ’
3411 2352 3477 2422 ἦν
3513 2353 3580 2405 τὰ
3631 2354 3730 2422 μὲν

2155 2440 2525 2511 ὲπιδημητικά
2551 2441 2611 2493 τέ
2643 2442 2759 2493 ἐστι
2806 2441 2902 2494 καὶ
2943 2441 3203 2514 ἐγχώρια,
3241 2442 3312 2495 τά
3363 2444 3419 2496 δὲ
3471 2445 3734 2514 ἀπαίρειν

2156 2532 2365 2600 πέφυκε
2399 2533 2755 2604 πορρωτάτω,
2790 2534 2882 2588 καὶ
2923 2533 3186 2603 χειμῶνος
3220 2533 3527 2602 ἐγγίζοντος
3575 2537 3728 2587 ὲκτος

2158 2622 2334 2686 πέζειν
2374 2622 2448 2685 ὡς
2480 2622 2550 2675 τὰ
2583 2622 2773 2677 πολλά.
2819 2624 3088 2695 Χειροήθη
3141 2622 3197 2676 δὲ
3247 2626 3340 2677 καὶ
3383 2625 3610 2678 τιθασσὰ
3659 2625 3730 2678 τά

2158 2715 2345 2777 πολλὰ,
2369 2715 2474 2766 τῶν
2500 2715 2702 2787 ὀρνέων
2742 2716 3116 2786 ὲκτρεφόμενα
3146 2717 3374 2785 γίνεται,
3400 2717 3538 2786 πλήν
3570 2734 3633 2786 γε
3664 2716 3729 2788 δὴ

2157 2807 2264 2860 τῶν
2287 2806 2551 2870 ἀσθενῶν,
2573 2806 2607 2860 ἃ
2642 2806 2709 2858 δι’
2737 2807 3182 2878 ὑπερϐάλλουσαν
3211 2808 3412 2861 δειλίαν
3447 2806 3538 2861 καὶ
3567 2810 3729 2862 ἀναν-

2159 2898 2314 2968 δρίαν
2359 2897 2457 2966 τὴν
2507 2897 2699 2966 συνεχῆ
2725 2896 2824 2965 τῆς
2861 2895 3042 2966 χειρὸς
3065 2896 3344 2966 ἐνόχλησιν
3373 2897 3471 2966 οὐχ
3507 2897 3732 2964 ὑφίστα-

2161 3008 2250 3042 ται
2286 2989 2418 3060 (50).
2467 2987 2628 3046 Ἀλλά
2656 2987 2748 3040 καὶ
2801 2987 3323 3058 συνανθρωπιστικοι
3349 3004 3490 3049 τινες
3513 2987 3620 3040 τῶν
3643 2989 3720 3058 ὁρσ

489 3084 728 3155 ιιιιιεόιιηι
752 3083 1003 3149 gaudent.
1032 3089 1086 3135 et
1132 3079 1344 3136 easdem
1392 3091 1552 3148 atque
1583 3093 1678 3143 nos
1719 3077 1818 3146 ipsi
1854 3078 2060 3130 habita-

2167 3064 2322 3132 νίθων
2350 3079 2476 3140 εἰσὶ,
2505 3078 2604 3142 τὰς
2640 3077 2809 3141 αὑτὰς
2836 3080 2967 3148 ἡμῖν
3007 3080 3249 3150 οἰκήσεις
3276 3079 3729 3148 καταδεχόμενοι·

406 3187 418 3197 ·
493 3175 668 3235 tiones
693 3172 992 3240 recipiunt:
1023 3171 1141 3232 aliae
1167 3171 1404 3225 incolunt
1435 3180 1746 3232 montes,ac
1775 3169 2061 3224 solitudine

493 3267 851 3330 delectantur.
903 3265 992 3318 Illa
1051 3265 1470 3331 uniuscujusque
1515 3258 1818 3332 proprietas
1843 3275 1961 3329 quae
1995 3261 2061 3314 ad

492 3372 680 3423 vocem
710 3357 964 3429 pertinet,
1004 3356 1295 3409 maximum
1339 3355 1500 3409 etiam
1543 3352 1830 3409 discrimen
1879 3349 2059 3404 elﬁcit.

495 3449 630 3513 Alias
653 3449 798 3510 enim
832 3448 1078 3503 volucres
1113 3447 1366 3516 loquaces
1404 3452 1528 3500 sunt
1556 3453 1609 3498 et
1641 3442 1868 3513 garrulae
1899 3459 1913 3505 ;
1945 3441 2066 3496 aliae

497 3543 796 3603 taciturna.
832 3539 924 3594 liae
953 3541 1166 3610 quidem
1191 3552 1422 3600 canoras,
1437 3545 1490 3592 et
1522 3535 1746 3599 multum
1783 3534 2059 3598 clamosae;

498 3634 602 3701 illm
617 3636 838 3688 omnino
855 3631 1233 3688 modulationis
1251 3647 1313 3685 ac
1327 3641 1514 3694 cantus
1528 3638 1795 3697 expertes.
1814 3627 2063 3702 Quadam

497 3735 624 3788 sunt
654 3722 1404 3784 imitatrices,aemulationem
1435 3719 1580 3782 illam
1607 3718 1687 3774 vel
1714 3734 1742 3770 a
1777 3727 1962 3772 natura
1987 3716 2067 3769 vel

499 3816 568 3871 ab
583 3817 842 3870 exercitio
862 3815 1188 3880 accipientes
1216 3831 1228 3867 :
1251 3812 1492 3881 quaedam
1513 3811 1752 3863 eamdem
1773 3824 1983 3877 semper
2005 3823 2069 3863 ac

503 3906 890 3970 immutabilem
913 3920 1098 3960 vocem
1131 3905 1407 3958 emiuunt.
1441 3900 1717 3970 Superbus
1749 3909 1830 3955 est
1857 3899 2066 3970 gallus:

498 4009 724 4055 ornatus
774 4007 830 4054 et
862 3998 1142 4067 elegantia:
1176 4006 1384 4050 amator
1419 4005 1504 4051 est
1551 4010 1686 4065 pavo
1724 4014 1736 4049 :
1774 3994 2072 4049 libidinosas

501 4092 783 4156 colnmbte,
831 4092 1054 4162 perinde
1103 4098 1262 4158 atque
1317 4088 1525 4158 gallinae
1584 4088 1925 4151 domesticae,
1954 4101 2074 4157 qua}

503 4184 650 4244 nullo
674 4199 777 4238 non
816 4191 1056 4253 tempore
1085 4179 1291 4238 libidini
1329 4178 1626 4248 indulgent.
1674 4177 1866 4240 Dolosa
1899 4187 1953 4232 et
1978 4193 2071 4245 ze-

503 4274 682 4344 lotypa
727 4271 914 4340 perdix
958 4280 1061 4335 est,
1099 4268 1443 4324 venatoribus
1475 4270 1541 4321 ad
1586 4270 1819 4336 praedam
1853 4269 2072 4338 capien-

501 4371 623 4438 dam
658 4371 921 4424 malitiose
943 4383 1096 4430 suam
1129 4381 1348 4436 operam
1380 4375 1664 4434 prmstans.

2167 3171 2312 3225 ἄλλοι
2346 3170 2401 3222 δὲ
2433 3169 2599 3240 ὄρειοι
2636 3169 2728 3222 καὶ
2772 3169 3080 3240 φιλέρημοι.
3108 3170 3354 3240 Μεγίστη
3405 3169 3461 3222 δὲ
3503 3167 3733 3239 διαφορὰ

2168 3264 2262 3316 καὶ
2294 3264 2327 3332 ἡ
2364 3263 2493 3332 περὶ
2525 3261 2627 3331 τὴν
2661 3260 2841 3331 φωνὴν
2882 3261 3079 3332 ἰδιότης
3117 3262 3368 3315 ἑκάστου.
3399 3263 3462 3314 Οί
3497 3262 3593 3332 μὲν
3627 3261 3736 3331 γὰρ

2169 3355 2387 3409 κωτίλοι
2416 3355 2510 3407 καὶ
2540 3353 2689 3406 λάλοι
2710 3353 2816 3405 τῶν
2848 3353 3077 3424 ὀρνίθων
3125 3355 3260 3407 είσίν
3280 3371 3293 3392 ι
3335 3356 3382 3406 οἱ
3417 3355 3472 3406 δὲ
3504 3353 3728 3424 σιγηλοί.

2169 3451 2279 3502 Καὶ
2323 3448 2389 3502 τὰ
2453 3449 2550 3518 μὲν
2591 3447 2764 3519 ᾡδικά
2797 3445 2890 3500 καὶ
2934 3446 3364 3516 πολύφωνον-τὰ
3418 3446 3474 3500 δὲ
3524 3447 3734 3516 ἄμουσα

2173 3542 2448 3605 παντελῶς
2497 3543 2590 3594 καὶ
2618 3543 2761 3613 ᾠδῆς
2793 3541 3017 3614 ἄμοιρα.
3057 3543 3166 3595 Καὶ
3210 3540 3280 3594 τὰ
3309 3541 3406 3611 μὲν
3440 3539 3667 3610 μιμηλὰ,
3700 3539 3732 3609 ἢ

2173 3637 2235 3694 ἐκ
2287 3634 2498 3703 φύσεως
2551 3634 2738 3703 ἔχοντα
2782 3633 2844 3687 τὸ
2893 3633 3198 3703 μιμεῖσθαι,
3247 3633 3279 3701 ἦ
3337 3631 3394 3698 ἐξ
3456 3631 3736 3701 ἀσκήσεως

2172 3725 2548 3796 προσλαόόντα
2577 3723 2707 3794 (51)*
2742 3722 2810 3775 τὰ
2837 3723 2893 3774 δὲ
2939 3721 3268 3792 μονότροπον
3297 3721 3390 3775 καὶ
3429 3719 3734 3789 ἀμετάϐλη-

2172 3832 2263 3867 τον
2292 3815 2389 3886 τὴν
2416 3814 2598 3884 φωνὴν
2628 3812 2870 3880 ἀφιέντα.
2903 3810 3111 3881 Γαύρον
3138 3814 3165 3864 ό
3197 3808 3508 3879 ἀλεκτρυών
3529 3826 3540 3838 ·
3593 3809 3736 3877 (pilo-

2174 3906 2337 3971 καλον
2366 3908 2394 3966 ό
2433 3904 2577 3968 ταώς
2598 3921 2611 3935 ·
2660 3905 2865 3972 λάγνιοι
2905 3905 2960 3958 αἱ
2997 3903 3315 3974 περιστεραὶ
3349 3902 3442 3955 καὶ
3475 3902 3531 3955 αἱ
3557 3917 3736 3954 κατοι-

2174 3999 2333 4056 κίδιοι
2391 3997 2589 4068 ὄρνεις,
2624 3995 2715 4047 ἐπὶ
2748 3974 3170 4062 παντὺς’καιροῦ
3205 3993 3266 4044 τὸ
3305 3990 3739 4044 συνουσιαπικόν

2177 4091 2415 4160 ἔχουσαι.
2474 4086 2697 4158 Δολερόν
2749 4088 2776 4139 ὀ
2844 4084 2956 4156 (5‘2)
3014 4083 3204 4155 πέρδιξ
3263 4083 3357 4141 καὶ
3419 4083 3736 4154 ζηλότυπον,

2177 4181 2498 4253 κακούργως
2563 4179 2928 4251 συμπράττων
2989 4180 3103 4240 τοῖς
3149 4176 3409 4248 θηραταῖς
3459 4175 3594 4247 πρὸς
3645 4176 3742 4244 τὴν

2179 4275 2372 4345 ἄγραν.

576 4459 631 4518 4.
671 4459 953 4522 Innumero
1005 4467 1152 4522 sunt,
1216 4469 1274 4511 ut
1333 4457 1592 4520 diximus,
1625 4464 1679 4510 et
1720 4456 1988 4510 actionum
2019 4463 2061 4509 el

2246 4457 2298 4518 4.
2328 4456 2556 4528 Μυρίαι,
2597 4455 2672 4518 ὡς
2705 4454 2937 4524 ἔφαμεν,
2969 4452 3190 4506 καὶτῶν
3226 4450 3476 4523 πράξεων
3513 4448 3606 4503 καὶ
3640 4448 3742 4502 τῶν

501 4549 628 4609 vita:
671 4551 1000 4610 discrimina.
1044 4547 1211 4604 Porro
1237 4547 1478 4616 quasdam
1515 4563 1581 4602 ex
1618 4548 1700 4601 his
1746 4547 1918 4601 brutis
1953 4549 2076 4603 ani-

505 4640 777 4710 niantibus
805 4651 931 4696 sunt
957 4656 1171 4710 quoque
1200 4639 1428 4710 politicze
1458 4657 1469 4690 :
1496 4639 1756 4706 siquidem
1786 4638 1958 4693 civilis
1989 4640 2079 4692 ad-

505 4733 920 4799 minisuationis
955 4732 1229 4802 proprium
1273 4742 1376 4794 εει,
1410 4740 1466 4783 ιιι
1496 4730 1561 4786 ad
1611 4745 1773 4782 unum
1825 4746 2078 4784 commu-

507 4839 628 4880 nem
661 4826 817 4886 linem
847 4824 1177 4892 singulorum
1206 4823 1442 4884 actiones
1479 4830 1824 4886 concurrant,
1857 4832 1914 4874 ut
1935 4823 2080 4890 quis-

505 4931 613 4987 que
657 4918 707 4986 in
745 4919 936 4986 apibus
969 4917 1167 4971 intueri
1218 4923 1412 4985 potest.
1459 4913 1552 4967 llis
1600 4911 1746 4965 enim
1777 4914 2080 4968 communis

583 5055 694 5125 (4⁵1)
714 5054 847 5124 Reg.
876 5054 1080 5125 primus
1104 5069 1225 5109 cum
1257 5051 1409 5107 Colb.
1444 5051 1628 5106 itidem
1662 5049 1832 5119 primo
1854 5049 2088 5104 διασπα-

514 5125 872 5291 ρῃέἒέἶδυιὺ.
901 5195 1107 5267 primus
1131 5192 1309 5247 αὐτῶν
1329 5194 1486 5246 εἰσιν.
1512 5192 1630 5247 Mox
1660 5192 1796 5247 idem
1818 5205 1920 5244 ms.
1947 5190 2089 5245 κατὰ

515 5285 960 5410 ωἷῖθτῑῗέάίιίὼς
988 5337 1043 5390 al
1070 5335 1413 5410 περιστεραίζ
1434 5333 1703 5410 ᾼιζιῑςιιιιιε
1723 5333 1870 5387 deest
1888 5331 1938 5384 in
1958 5347 2088 5386 mss.

513 5403 756 5466 Subinde
793 5409 942 5462 multi
975 5423 1104 5460 mss.
1144 5403 1337 5476 ψῆρες.
1377 5404 1512 5476 Editi
1543 5403 1737 5476 ψᾶρες.

594 5479 705 5551 (50)
739 5479 868 5548 Reg.
900 5487 1086 5551 sextus
1105 5469 1446 5546 ὑφίστανται.
1481 5469 1825 5528 lbideinCod.
1845 5469 2089 5529 Cumbcl‘.

516 5549 712 5621 συνανθ
721 5550 968 5621 ρωπικοί.

613 5620 701 5694 Si)
722 5615 958 5694 Codices
987 5619 1094 5694 duo
1127 5615 1656 5694 προσλαμϐάνονται.

613 5625 701 5682 51)
729 5625 958 5674 Codices
987 5625 1094 5673 duo
1127 5625 1656 5694 προσλαμϋᾰνονται.

590 5625 704 5762 l5?)
758 5691 906 5757 Regii
930 5761 936 5762 γ
962 5691 1191 5762 primus,
1231 5699 1420 5762 tertius
1453 5695 1518 5762 et_
1546 5685 1764 5762 quintus
1795 5683 2010 5762 δολερρς
2040 5684 2087 5736 ό.

523 5753 662 5837 εθιιί
686 5753 808 5814 cum
833 5753 1012 5822 multis
1044 5753 1315 5816 aliisinss.
1348 5755 1562 5842 δολερὸν
1585 5755 1631 5808 ὁ.
1670 5753 1849 5811 Potest
1875 5753 2088 5828 quidem

2185 4551 2312 4622 βίων
2341 4548 2612 4618 διαφοραί.
2654 4548 2807 4599 Ἔστι
2831 4545 2888 4598 δέ
2916 4563 3036 4598 τινα
3070 4545 3163 4598 καὶ
3201 4543 3455 4597 πολιτικὰ
3486 4541 3594 4595 τῶν
3631 4541 3743 4593 ἀλό-

2182 4660 2315 4712 γιρν,
2345 4639 2502 4711 εἴπερ
2532 4639 2808 4700 πολιτείας
2837 4637 2987 4700 ἴδιον,
3017 4638 3076 4690 τὸ
3106 4637 3240 4708 πρὸς
3273 4636 3328 4696 ἓν
3363 4634 3537 4704 πέρας
3574 4632 3744 4686 κοινὸν

2187 4732 2460 4786 συννεύειν
2505 4732 2604 4802 τὴν
2657 4731 2935 4804 ἐνέργειαν
2980 4730 3086 4783 τῶν
3119 4728 3237 4782 καθ’
3265 4728 3514 4791 ἕκαστον,
3552 4725 3626 4787 ὼς
3660 4723 3745 4776 ἐπὶ

2185 4825 2292 4878 τῶν
2327 4823 2593 4894 μελισσῶν
2617 4823 2682 4876 ἄν
2711 4839 2794 4885 τις
2831 4821 2947 4877 ἴδοι.
2970 4820 3078 4874 Καὶ
3097 4819 3205 4891 γὰρ
3227 4820 3446 4872 ἐκείνων
3472 4817 3624 4887 κοινὴ
3657 4817 3744 4887 μὲν

2186 4918 2220 4992 ἡ
2252 4915 2484 4986 οἴκησις,
2520 4915 2673 4986 κοινὴ
2695 4914 2802 4984 δὲή
2831 4913 3048 4983 πτῆσις,
3068 4911 3293 4984 ἐργασία
3327 4911 3384 4963 δὲ
3416 4908 3745 4978 πάντων(55)

2191 5056 2347 5108 lectio
2379 5062 2606 5120 utraque
2640 5050 2851 5103 admitti
2879 5049 3004 5103 :scd
3034 5063 3156 5101 cum
3182 5045 3620 5120 constantenhoc
3644 5045 3748 5110 ipso

2191 5127 2242 5178 iu
2310 5126 2424 5177 loco
2485 5115 2781 5189 reperiatur
2843 5120 2894 5173 in
2953 5120 3203 5171 omnibus
3256 5132 3401 5189 mss._
3438 5115 3746 5189 ζηλότυπον,

2190 5195 2411 5249 dubium
2444 5185 2557 5245 non
2592 5192 2766 5245 habeo
2799 5191 2926 5255 quin
2974 5190 3256 5257 legendum
3285 5187 3355 5240 sit
3382 5185 3618 5257 δολερόν.

2264 5263 2374 5335 (55)
2407 5263 2545 5335 Editi
2566 5276 2701 5335 cum
2725 5260 2908 5313 multis
2934 5256 3070 5335 mss.
3111 5258 3350 5335 πάντων.
3385 5256 3537 5310 Coll».
3571 5269 3753 5334 secun-

2192 5325 2293 5388 dus
2330 5325 2533 5398 πασῶν.
2566 5329 2732 5384 Nemo
2762 5345 2865 5384 non
2899 5329 3590 5398 videtcorrectionemgesse
3615 5325 3752 5398 igna-

2195 5405 2236 5458 ri
2295 5396 2642 5469 librarii,'qui
2683 5400 2824 5466 quod
2879 5414 2976 5451 vox
3030 5398 3256 5468 μέλισσα
3278 5395 3523 5469 feminini
3551 5393 3752 5461 generis

2198 5476 2288 5536 sit,
2319 5473 2389 5526 ita
2420 5465 2812 5526 emendandum
2844 5484 2962 5523 esse
2999 5465 3227 5535 putavit.
3259 5466 3362 5518 Sed
3396 5465 3522 5518 nihil
3548 5479 3754 5516 necesse

2202 5546 2320 5598 fuit.
2350 5541 2481 5595 Nam
2517 5550 2574 5593 ut
2610 5541 2742 5593 alias
2770 5555 2930 5606 saepe,
2952 5539 3021 5590 ita
3050 5539 3136 5590 hic
3157 5536 3406 5607 generale
3432 5536 3644 5607 aliquod
3671 5549 3754 5607 ιιος

2202 5631 2321 5668 meo
2355 5612 2693 5676 subauditur,
2733 5602 2858 5679 puta
2879 5609 3034 5674 ζῶον.
3066 5602 3260 5664 Statim
3297 5607 3436 5660 idem
3475 5602 3640 5660 codex
3673 5602 3756 5656 καὶ

2198 5683 2483 5755 ταξιάρκιι·
