4082 6398
340 354 447 405 ΠΖ»

1439 347 1721 404 HOMILIA
1761 346 1875 403 Vlll
1911 346 1977 402 IN
2018 347 2519 406 HEXAEMEBON.

3490 351 3593 406 17!.

337 466 473 538 μία·
502 466 594 518 καὶ
618 462 679 516 16
716 462 991 533 μέγιστον,
1027 463 1108 516 ὅτι
1141 462 1245 516 ὑπὸ
1281 462 1490 533 βασιλεῖ
1520 465 1614 516 καὶ
1642 462 1921 535 ταξιάρχῳ

2024 478 2105 520 νει
2137 467 2419 531 habitatio,
2443 467 2744 521 communis
2780 464 3008 529 volatus,
3054 481 3265 537 unaque
3318 479 3375 522 et
3403 470 3591 522 eadem

334 559 448 613 τινὶ
467 558 574 610 τῶν
612 556 788 626 ἔργων
814 554 1093 619 ἅπτονται,
1123 556 1182 607 οὑ
1210 555 1469 626 πρότερον
1493 556 1915 625 καταδεχόμεναι

337 653 435 705 ἐπὶ
458 650 584 712 τοὺς
611 647 882 719 λειμῶνας
912 648 1105 714 ὲλθεῖν,
1133 648 1263 718 πρὶν
1298 645 1363 699 ἂν
1396 647 1545 700 ἴδωσι
1572 645 1917 717 κατάρξαντα

340 743 433 795 τὸν
457 741 678 811 βασιλέα
704 741 803 811 τῆς
827 740 1100 810 πτήσεως.
1126 740 1234 792 Καὶ
1263 738 1407 791 ἐστιν
1431 740 1620 801 αὐταῖς
1649 738 1709 789 οὐ
1742 755 1919 808 χειρο·

341 834 562 903 τονητὺς
586 835 613 885 6
646 832 896 903 βασιλεὺς
920 832 1199 901 (πολλάκις
1229 830 1336 902 γὰρ
1365 830 1591 902 ἀκρισία
1610 830 1783 900 δήμου
1807 829 1917 899 (54)

341 925 433 977 τὸν
466 924 735 995 χείριστον
769 924 847 986 είς
880 922 1054 994 ἀρχὴν
1098 925 1514 994 προεστήσατο),
1545 923 1666 977 οὐδὲ
1708 922 1919 992 κληρω-

340 1016 439 1086 τὴν
464 1018 602 1086 έχων
629 1016 727 1085 τὴν
758 1014 1006 1081 ἐξουσίαν
1037 1015 1241 1084 (ἄλογοι
1265 1016 1373 1085 γὰρ
1399 1018 1453 1069 αί
1499 1014 1778 1085 συντυχίαι
1810 1014 1918 1067 τῶν

339 1109 561 1179 κλήρων
584 1109 678 1160 ἐπὶ
713 1109 804 1160 τὸν
837 1109 1052 1160 πάντων
1084 1108 1308 1177 ἔσχατον
1357 1107 1613 1171 πολλάκις
1636 1108 1695 1160 τὸ
1721 1108 1920 1178 κράτος

341 1200 787 1269 φέρουσαι),οὐδὲ
822 1202 888 1252 ὲκ
922 1199 1193 1269 πατρικῆς
1214 1198 1463 1270 διαδοχῆς
1488 1202 1600 1263 τοῖς
1628 1198 1920 1268 βασιλείοις

341 1290 773 1361 ἐγκαθεζόμενος
808 1291 925 1359 (καὶ
981 1292 1089 1362 γὰρ
1122 1292 1217 1344 καὶ
1265 1286 1410 1344 οὗτοι
1455 1293 1769 1345 ἀπαίδευτοι
1826 1292 1920 1345 καὶ

345 1383 579 1455 ἀμαθεῖς
609 1384 788 1454 πάσης
824 1382 1022 1453 ἀρετῆς
1047 1381 1134 1435 διά
1165 1383 1375 1454 τρυφὴν
1404 1384 1499 1436 καὶ
1533 1382 1821 1436 κολακείαν
1846 1382 1921 1446 ὡς

339 1474 411 1525 τὰ
447 1474 613 1526 πολλά
646 1473 929 1541 γίνονται),
989 1472 1102 1526 ἀλλ’
1147 1475 1210 1527 ὲκ
1241 1474 1455 1542 φύσεως
1493 1473 1630 1543 ἔχων
1675 1473 1736 1526 16
1781 1472 1922 1527 κατὰ

339 1567 563 1618 πάντων
594 1567 877 1637 πρωτεῖον,
904 1566 997 1618 καὶ
1027 1564 1245 1634 μεγέθει
1267 1565 1535 1637 διαφέρων
1557 1568 1650 1620 καὶ
1685 1568 1920 1637 σχήματι

339 1657 440 1709 καὶ
476 1660 543 1726 τῇ
576 1655 671 1709 τοῦ
703 1655 865 1726 ήθους
910 1656 1196 1728 πραότητι.
1244 1658 1399 1711 Ἔστι
1431 1658 1531 1727 μὲν
1564 1657 1672 1729 γὰρ
1700 1658 1921 1728 κέντρον

338 1748 420 1818 τῷ
453 1747 680 1818 βασιλεῖ,
712 1748 825 1799 ἀλλ’
860 1749 921 1802 οὐ
958 1748 1156 1819 χρῆται
1185 1748 1359 1818 τούτῳ
1385 1749 1519 1820 πρὸς
1545 1748 1776 1819 ἄμυναν.
1812 1748 1921 1801 Νό-

2024 559 2263 613 omnium
2293 560 2476 613 actio:
2518 569 2569 612 et
2620 560 2761 627 quod
2817 559 3142 628 praecipuum
3177 569 3289 622 est,
3323 562 3421 614 sub
3449 576 3591 625 rego,

2023 659 2078 705 et
2108 650 2207 704 sub
2230 647 2459 717 quodam
2493 648 2746 716 praefecto
2783 662 3002 716 operam
3032 649 3452 719 aggrediuntur;
3488 664 3591 702 non

2023 741 2171 811 prius
2205 742 2267 795 ad
2302 749 2449 811 prata
2491 740 2756 811 proficisci
2793 740 2900 812 74
2928 757 3093 805 ausae,
3120 757 3280 811 quam
3310 757 3484 810 regem
3517 745 3599 795 vi-

2024 834 2201 889 derint
2243 833 2445 888 volatui
2494 843 2843 903 praeeuntem.
2878 834 2990 887 Rex
3054 845 3230 889 autem
3285 839 3423 903 apud
3456 837 3597 903 ipsas

2027 923 2297 994 suffragiis
2352 940 2456 978 non
2502 934 2738 990 creatur,
2796 925 2982 995 vulgus
3020 941 3249 994 namque
3283 926 3469 992 judicii
3511 927 3594 980 iu-

2024 1014 2144 1084 opia
2175 1016 2462 1086 pessimum
2493 1030 2860 1085 sapenumero
2887 1018 2954 1070 ad
2983 1018 3338 1088 principatum
3379 1023 3591 1075 evexit:

2026 1123 2202 1177 neque
2239 1117 2385 1163 sorte
2415 1117 2732 1178 potestatem
2760 1111 3081 1178 assequitur,
3134 1113 3398 1166 temerarii
3450 1115 3592 1168 enim

2026 1200 2251 1253 sortium
2298 1214 2456 1254 casus
2503 1199 2787 1270 imperium
2819 1215 2959 1268 saepe
2994 1203 3045 1254 in
3080 1203 3317 1255 omnium
3364 1205 3592 1259 deterri-

2028 1307 2172 1345 mmn
2204 1291 2490 1347 conferunt
2521 1308 2536 1343 :
2568 1307 2665 1347 nec
2688 1307 2751 1347 ex
2791 1302 3009 1361 paterna
3054 1297 3395 1352 successione
3430 1299 3480 1351 in
3514 1314 3593 1353 re-

2016 1374 2128 1454 gali
2161 1385 2355 1439 throno
2382 1382 2692 1449 collocatur,
2733 1403 2853 1440 nam
2887 1397 2942 1441 et
2969 1388 3001 1440 ii
3036 1388 3196 1442 rudes
3239 1400 3596 1459 expertesque

2028 1479 2242 1532 virtutis
2273 1479 2467 1541 omnis,
2502 1478 2571 1533 ob
2604 1478 2824 1533 delicias
2852 1488 2904 1534 et
2934 1482 3329 1536 assentatioues
3357 1482 3593 1551 plerum-

2029 1586 2134 1640 que
2162 1571 2327 1636 fiunt;
2354 1572 2445 1625 sed
2477 1585 2505 1623 a
2543 1579 2734 1623 natura
2772 1572 3044 1626 inomnes
3073 1573 3282 1627 obtinet
3320 1574 3593 1642 principa-

2031 1671 2141 1716 tum
2171 1679 2187 1716 :
2212 1662 2406 1730 quippe
2442 1669 2497 1717 et
2526 1662 2892 1730 magnitudine
2923 1675 2978 1718 et
3000 1663 3170 1718 forma
3193 1674 3246 1719 et
3274 1681 3486 1721 morum
3517 1667 3595 1721 le-

2032 1755 2199 1809 nitate
2225 1754 2515 1809 antecellit.
2542 1754 2684 1809 Inest
2717 1756 2931 1824 quidem
2962 1756 3071 1826 regi
3111 1759 3329 1812 aculeus
3363 1778 3377 1814 :
3412 1760 3505 1814 sed
3531 1775 3596 1815 eo

345 1855 436 1909 μοι
468 1838 611 1901 τινές
644 1840 780 1891 εἰσιν
831 1833 977 1892 οὗτοι
1024 1840 1122 1909 τῆς
1178 1839 1389 1907 φύσεως
1423 1840 1680 1911 ἄγραφοι,
1722 1840 1921 1911 ἀργοὺς

2028 1859 2130 1900 non
2159 1844 2327 1898 utitur
2359 1846 2425 1897 ad
2472 1842 2752 1898 ultionem.
2811 1843 2902 1898 lla:
2932 1853 3057 1898 sunt
3111 1845 3354 1914 quaedam
3391 1855 3596 1900 naturae

343 1925 484 1981 εἶναι
522 1929 655 2000 πρὸς
683 1931 955 2001 τιμωρίαν
989 1931 1113 1993 τοὺς
1146 1930 1253 1983 τῶν
1299 1931 1569 2001 μεγίστων
1598 1932 1947 1985 δυναστειῶνη

340 2020 742 2084 ἐπιϐαίνοντας.
778 2021 938 2074 Ἀλλὰ
970 2023 1063 2075 καὶ
1097 2026 1215 2086 ταῖς
1261 2022 1563 2093 μελίσσαις,
1597 2024 1715 2077 ὅσαι
1749 2023 1815 2077 ἂν
1846 2023 1922 2095 μὴ

342 2114 754 2184 ἁκολουθήσωσι
785 2113 862 2184 τῷ
905 2115 1269 2185 ὑποδείγματι
1313 2116 1406 2168 τοῦ
1464 2115 1745 2185 βασιλέως,
1784 2118 1921 2186 ταχὺ

346 2208 643 2279 μεταμέλει
692 2208 793 2278 τῆς
843 2208 1121 2274 ἀϐουλίας,
1151 2210 1322 2280 ὅτιτῇ
1357 2209 1537 2280 πληγῇ
1569 2208 1659 2262 τοῦ
1697 2210 1920 2280 κέντρου

342 2302 859 2373 ὲπαποθνήσκουσιν
888 2302 1021 2373 (55).
1073 2302 1445 2354 Ἀκουέτωσαν
1472 2301 1807 2372 Χριστιανοὶ,
1841 2297 1921 2363 οἷς

344 2394 677 2466 πρόσταγμά
724 2398 840 2448 ἐστι
896 2395 1086 2465 μηδενὶ
1124 2396 1292 2448 κακὸν
1326 2396 1446 2449 ἀντὶ
1478 2393 1647 2448 κακοῦ
1674 2395 1921 2451 ἀποδιδό-

342 2504 454 2549 ναι,
487 2488 621 2540 ἀλλά
642 2489 797 2559 νικᾷν
837 2491 894 2541 ὲν
920 2487 995 2557 τῷ
1022 2488 1211 2559 ἁγαθῴ
1242 2488 1302 2541 τὸ
1329 2488 1520 2541 κακόν.
1548 2488 1799 2559 Μίμησαι
1824 2490 1922 2558 τῆς

348 2579 610 2650 μελίσσης
649 2580 707 2633 τὸ
761 2580 1082 2652 ἰδιότροπον,
1146 2581 1249 2642 ὅτι,
1295 2580 1471 2633 οὐδενὶ
1526 2580 1919 2650 λυμαινομένη,

341 2674 467 2727 οὐδὲ
486 2675 698 2745 καρπὸν
729 2674 1005 2746 ἀλλότριον
1034 2674 1445 2745 διαφθείρουσα,
1471 2672 1540 2726 τά
1583 2673 1751 2745 κηρία
1778 2690 1919 2743 συμ-

344 2765 633 2834 πήγνυται.
672 2765 774 2818 Τὸν
817 2767 913 2836 μὲν
941 2766 1051 2836 γὰρ
1080 2764 1248 2835 κηρὸν
1278 2764 1384 2817 ἀπὸ
1408 2764 1516 2816 τῶν
1546 2763 1723 2818 ἀνθῶν
1757 2781 1921 2833 φανε-

345 2855 456 2925 ρῶς
485 2857 795 2935 συναγείρει
831 2857 960 2927 (56),
997 2858 1056 2910 τὸ
1076 2858 1132 2910 δὲ
1172 2857 1311 2927 μέλι,
1340 2856 1440 2926 τὴν
1475 2856 1791 2927 δροσοειδῶς
1834 2858 1920 2909 ὲν-

344 2948 701 3019 εσπαρμένην
745 2949 922 3002 νοτίδα
971 2951 1082 3012 τοῖς
1113 2948 1351 3007 ἄνθεσιν,
1399 2948 1817 3018 ἐπισπασαμένη
1844 2947 1924 3018 τῷ

347 3039 597 3109 στόματι,
630 3041 831 3110 ταύτην
862 3044 979 3102 ταῖς
1006 3040 1279 3109 κοιλότησι
1301 3039 1409 3093 τῶν
1444 3040 1651 3110 κηρίων
1692 3039 1917 3110 ἐνίησιν.

346 3128 511 3183 Ὅθεν
546 3134 637 3185 καὶ
665 3132 829 3203 ὑγρὸν
872 3132 1024 3202 παρά
1075 3131 1173 3200 τὴν
1210 3130 1433 3202 πρώτην
1465 3130 1609 3183 ἐστίν
1634 3147 1647 3159 ·
1678 3126 1795 3183 εἶτα
1844 3130 1922 3201 τῷ

344 3226 521 3298 χρόνῳ
570 3223 902 3293 συμπεφθὲν,
944 3224 1082 3294 πρὸς
1132 3222 1229 3293 τὴν
1261 3222 1465 3275 οἰκείαν
1517 3221 1773 3275 σύστασιν
1828 3223 1921 3275 καὶ

348 3316 539 3387 ἡδονὴν
603 3314 981 3385 ἐπανέρχεται.
1044 3312 1241 3367 Καλῶν
1283 3314 1376 3366 καὶ
1421 3313 1736 3384 πρεπόντων
1783 3312 1919 3381 αὕτη

346 3410 455 3462 τῶν
500 3408 737 3461 ἐπαίνων
790 3406 941 3477 παρά
994 3406 1095 3473 τῆς
1143 3405 1448 3476 Παροιμίας
1489 3404 1598 3473 (57)
1632 3404 1919 3474 τετύχηκε,

350 3498 489 3569 σοφὴ
516 3500 610 3550 καὶ
635 3498 855 3568 ἐργάτις
895 3495 1283 3565 όνομασθεῖσα’
1322 3495 1463 3547 οὕτω
1498 3494 1596 3564 μὲν
1623 3492 1923 3562 φιλοπόνως

347 3592 448 3662 τὴν
476 3590 685 3661 τροφὴν
716 3588 1109 3659 συναγείρουσα
1138 3583 1231 3657 (ἧς
1279 3586 1420 3651 τοὺς
1472 3587 1720 3651 πόνους,
1766 3584 1920 3655 φησὶ,

341 3682 629 3747 ,βασιλεῖς
654 3680 748 3733 καί
779 3679 998 3733 ἰδιῶται
1030 3678 1179 3746 πρὸς
1206 3678 1413 3748 ὑγείαν
1436 3674 1920 3745 προσφέρονται),

344 3774 490 3829 οὕτω
532 3775 588 3827 δὲ
622 3774 800 3843 σοφῶς
843 3771 1229 3842 φιλοτεχνοῦσα
1262 3771 1361 3835 τὰς
1394 3771 1677 3844 ἀποθήκας
1699 3770 1792 3824 τοῦ
1828 3770 1924 3839 μέ-

345 3868 491 3930 λιτος
526 3869 627 3934 (εἰς
672 3865 866 3917 λεπτὸν
906 3865 1015 3935 γὰρ
1055 3864 1228 3934 ὑμένα
1268 3864 1360 3918 τὸν
1387 3862 1553 3935 κηρὸν
1591 3863 1919 3929 διατείνασα,

350 3961 559 4024 πυκνὰς
587 3960 679 4013 καὶ
708 3962 949 4029 συνεχεῖς
980 3958 1241 4029 ἀλλήλαις
1270 3957 1641 4027 συνοικοδομεί
1675 3956 1772 4020 τὰς
1811 3974 1924 4008 κοι-

344 4053 616 4123 λότητας),
668 4053 743 4114 ὡς
773 4051 834 4104 τὸ
871 4052 1071 4104 πυκνὸν
1104 4052 1203 4121 τῆς
1244 4052 1354 4104 τῶν
1397 4049 1742 4122 μικροτάτων
1787 4049 1923 4120 πρὸς

345 4145 551 4215 ἄλληλα
576 4144 775 4206 δέσεως
814 4144 1044 4215 ἔρεισμα
1082 4143 1326 4210 γίνεσθαι
1357 4142 1433 4212 τῷ
1464 4143 1643 4195 παντί.
1689 4142 1922 4213 Ἐκάστη

346 4238 455 4308 γάρ
487 4237 714 4307 φρεατία
739 4234 847 4303 (58)
883 4235 981 4303 τῆς
1005 4234 1197 4304 ἐτέρας
1229 4234 1432 4303 ἔχεται,
1461 4232 1639 4302 λεπτῷ
1670 4234 1804 4304 πρὸς
1831 4233 1923 4285 αὐ-

344 4327 444 4399 τὴν
473 4325 814 4396 διειργομένη
833 4341 892 4377 τε
924 4324 1059 4393 ὁμοῦ
1085 4326 1181 4376 καὶ
1205 4324 1582 4394 συναπτομένη
1608 4323 1683 4393 τῷ
1698 4324 1927 4392 διαφρά-

347 4437 537 4489 γματι.
571 4419 799 4470 Ἔπειτα
826 4415 1077 4488 διώροφοι
1110 4417 1202 4470 καὶ
1243 4416 1537 4487 τριώροφοι
1569 4419 1625 4468 αί
1660 4417 1923 4485 σύριγγες

2026 1936 2169 2007 leges
2217 1936 2437 1990 minime
2471 1936 2706 2007 scriptae,
2740 1945 2799 1989 ut
2844 1936 2982 1990 tardi
3036 1937 3145 1991 sint
3177 1938 3240 1991 ad
3281 1937 3594 2001 vindictam,

1958 2084 1959 2089 η
2023 2028 2112 2096 qui
2186 2029 2253 2083 ad
2327 2028 2618 2082 maximam
2665 2029 2960 2098 potentiam
3005 2039 3132 2082 sunt
3170 2028 3362 2084 evecti.
3407 2030 3511 2084 Sed
3544 2038 3596 2083 et

2023 2133 2357 2187 quaecunque
2410 2134 2538 2186 apes
2594 2118 2734 2189 regis
2781 2134 2885 2173 non
2936 2132 3236 2188 sequuntur
3267 2120 3594 2189 exemplum,

2024 2221 2117 2263 eas
2156 2209 2337 2263 statim
2366 2209 2686 2264 temeritatis
2708 2224 2818 2265 sua:
2848 2211 3071 2279 pcenitet
3100 2227 3113 2274 ;
3141 2218 3423 2280 propterea
3455 2212 3596 2280 quod

2023 2299 2195 2353 aculei
2226 2300 2330 2353 ictu
2386 2288 2675 2354 iuteréuut.
2726 2302 2961 2356 Audiam
3004 2301 3317 2366 Christiani,
3347 2302 3435 2369 qui
3467 2301 3594 2355 nulli

2025 2393 2221 2447 malum
2257 2407 2352 2462 pro
2400 2393 2540 2447 malo
2584 2395 2827 2456 reddere,
2863 2396 2955 2449 sed
2986 2396 3036 2449 in
3071 2394 3210 2449 bono
3249 2394 3447 2448 malum
3482 2396 3598 2449 vin-

2023 2499 2147 2539 cere
2171 2485 2426 2554 jllllenllﬂ‘
2446 2486 2487 2540 δ.
2511 2484 2722 2541 ltuitare
2762 2488 3033 2557 propriam
3062 2486 3177 2556 apis
3208 2485 3459 2552 indolem,
3479 2502 3599 2556 qua:

2023 2578 2152 2632 nulli
2187 2576 2443 2641 ofﬁciens,
2477 2594 2647 2646 neque
2676 2578 2908 2634 fructum
2939 2580 3171 2633 alienum
3220 2593 3592 2647 corrumpens,

2025 2667 2174 2722 favos
2204 2666 2471 2722 construit
2501 2683 2563 2721 ac
2584 2668 2895 2738 compingit.
2933 2667 3065 2722 Nam
3106 2677 3162 2720 ut
3198 2684 3379 2723 ceram
3405 2683 3467 2721 ex
3498 2667 3597 2721 flo-

2025 2760 2173 2814 ribus
2222 2769 2408 2828 aperte
2456 2758 2659 2828 colligit
2711 2778 2724 2814 :
2764 2759 2835 2812 ita
2883 2759 3025 2823 mel,
3070 2761 3347 2814 humorem
3394 2761 3600 2815 scilicet

2025 2854 2163 2907 roris
2193 2852 2365 2906 instar
2400 2850 2621 2905 ﬂoribus
2657 2854 2990 2920 inspersum,
3022 2867 3116 2907 ore
3159 2854 3399 2915 attrahit,
3437 2865 3600 2923 atque

2024 2946 2076 2998 in
2101 2944 2341 2998 favorum
2372 2959 2501 2998 cava
2548 2944 2985 3000 itumittit.Uude
3018 2946 3178 2998 etiam
3227 2945 3402 3014 primo
3440 2946 3599 3013 liqui—

2022 3035 2146 3087 dum
2170 3043 2255 3088 est
2288 3052 2303 3088 :
2337 3035 2530 3089 deinde
2581 3037 2838 3102 temporis
2867 3050 3119 3104 processu
3159 3046 3500 3103 concoctum,
3530 3037 3597 3090 ad

2023 3126 2295 3194 propriam
2321 3125 2718 3180 concretionem
2741 3127 3167 3195 suavitatemque
3188 3129 3450 3197 pervenit.
3472 3129 3601 3197 Apis

2028 3218 2313 3285 praeclaras
2353 3226 2406 3271 et
2448 3219 2825 3274 convenientes
2865 3220 3049 3273 laudes
3074 3236 3103 3273 a
3148 3218 3440 3274 Proverbio
3466 3234 3597 3275 con-

2029 3319 2213 3365 secuta
2244 3319 2345 3377 est,
2377 3327 2497 3379 qua!
2523 3312 2728 3366 scilicet
2765 3311 3060 3380 appelletur
3100 3311 3314 3381 sapiens
3355 3322 3410 3366 et
3457 3313 3602 3367 labo-

2030 3403 2194 3456 riosa.
2225 3401 2335 3456 Hoc
2366 3405 2543 3470 modo,
2573 3412 2630 3455 ut
2659 3404 2941 3473 diligenter
2964 3404 3079 3472 apis
3123 3404 3373 3473 pabulum
3408 3419 3603 3473 conge-

2030 3494 2099 3548 rit
2126 3494 2298 3563 (cujus
2327 3494 2530 3548 labores
2551 3534 2565 3559 ,
2609 3496 2803 3564 inquit,
2845 3513 2989 3564 reges
3016 3504 3064 3549 et
3088 3498 3278 3565 privati
3305 3499 3373 3549 ad
3396 3498 3598 3551 sanita-

2029 3594 2127 3636 tem
2164 3584 2521 3649 assumunt"),
2557 3586 2627 3638 ita
2676 3584 2947 3653 sapienter
2997 3595 3051 3639 et
3102 3586 3393 3643 artificiose
3430 3588 3603 3642 mellis

2029 3675 2250 3731 cellulas
2273 3675 2523 3730 exstruit.
2558 3674 2782 3730 Extenta
2821 3677 2965 3731 enim
3003 3678 3054 3731 in
3086 3688 3302 3732 tenuem
3333 3679 3604 3731 membra—

2031 3782 2154 3821 nam
2200 3781 2346 3831 cera,
2383 3769 2571 3822 crebra
2623 3778 2677 3821 et
2735 3768 2877 3823 inter
2924 3784 2981 3822 se
3026 3770 3277 3823 continua
3331 3783 3599 3822 cavacou-

2030 3858 2208 3924 struit,
2235 3870 2292 3913 ιιι
2322 3858 2621 3929 frequentia
2657 3860 2745 3913 illa
2776 3870 2939 3930 atque
2962 3862 3230 3925 densitas,
3263 3877 3363 3931 qua
3423 3862 3601 3915 minu-

2031 3952 2235 4007 tissima
2285 3968 2511 4023 qumque
2554 3968 2735 4007 secum
2786 3954 3013 4007 invicem
3062 3953 3416 4024 colligantur,
3452 3956 3599 4024 Operi

2033 4045 2127 4099 toti
2159 4044 2385 4100 fulcrum
2420 4048 2489 4098 sit
2531 4055 2584 4100 et
2618 4046 3037 4101 firmamentum.
3067 4046 3197 4102 Nam
3233 4048 3421 4103 cellula
3455 4066 3602 4118 «lme-

2031 4135 2161 4189 lihet
2188 4128 2341 4190 alteri
2393 4136 2654 4200 adhaaret,
2698 4137 2842 4191 tenui
2870 4148 3023 4206 septo
3063 4139 3128 4192 ab
3156 4154 3216 4193 ea
3257 4140 3517 4206 sejuncta,
3547 4148 3602 4193 et

2030 4230 2202 4282 eidem
2233 4229 2396 4283 simul
2438 4229 2744 4300 conjuncta.
2785 4231 2982 4285 Deinde
3020 4231 3209 4286 fistula:
3260 4233 3340 4287 ha:
3367 4233 3483 4285 alia:
3506 4248 3597 4286 su-

2032 4335 2128 4387 per
2159 4319 2292 4373 alias
2336 4320 2636 4384 :edificatm,
2667 4321 2801 4374 duas
2852 4332 3030 4376 tresve
3079 4323 3276 4376 habent
3315 4324 3599 4389 contigna-

2032 4410 2222 4464 tiones.
2259 4411 2424 4465 Cavet
2455 4412 2594 4465 enim
2636 4413 2945 4466 continuam
2993 4429 3149 4466 uuam
3179 4413 3387 4467 efﬁcere
3414 4430 3601 4468 caver-

345 4506 506 4566 αὗται
543 4510 800 4580 ἀλλήλαις
828 4509 1291 4580 ὲπῳκοδόμηνται.
1332 4508 1664 4578 Ἐφυλάξατο
1680 4507 1789 4579 γὰρ
1812 4509 1921 4578 (59)

2033 4502 2235 4564 nnlam,
2271 4517 2336 4556 ne
2370 4502 2560 4556 humor
2589 4503 2732 4559 foras
2763 4514 2982 4574 propter
3013 4505 3327 4573 gravitatem
3373 4503 3595 4560 difﬂuat.

350 4603 476 4673 μίαν
514 4600 736 4671 ποιῆσαι
765 4598 1066 4670 διαμπερὲς
1118 4598 1216 4668 τὴν
1270 4598 1579 4668 κοιλότητα,
1616 4599 1702 4651 ἵνα
1743 4598 1817 4667 μὴ
1846 4597 1923 4668 τῷ

347 4693 504 4765 βάρει
528 4694 590 4745 τὸ
624 4692 790 4763 ὑγρὸν
832 4690 970 4761 πρὸς
1006 4691 1067 4743 τὸ
1088 4690 1244 4753 ἐκτὸς
1267 4690 1583 4763 διεκπίπτῃ.
1622 4689 1923 4760 Κατάμαθε

346 4785 462 4849 πῶς
492 4783 559 4838 τὰ
590 4783 689 4853 τῆς
716 4782 1057 4853 γεωμετρίας
1082 4783 1369 4859 εὑρέματα
1400 4782 1652 4853 πάρεργὰ
1681 4783 1797 4835 ἐστι
1827 4783 1924 4853 τῆς

348 4874 665 4943 σοφωτάτης
694 4872 973 4944 μελίσσης.
1012 4874 1303 4941 Ἐξάγωνοι
1340 4874 1447 4945 γὰρ
1483 4876 1653 4927 πᾶσαι
1687 4873 1778 4926 καὶ
1813 4875 1920 4927 ίσό-

345 4966 567 5036 πλευροι
600 4964 709 5017 τῶν
751 4965 959 5036 κηρίων
1000 4967 1057 5018 αἱ
1106 4964 1386 5036 σύριγγες,
1420 4966 1519 5018 οὐκ
1569 4966 1655 5019 ἐπ’
1702 4965 1916 5030 εὐθείας

425 5144 614 5197 ‘Rom.
652 5158 748 5208 xtl,
802 5143 887 5206 Π,
920 5142 1008 5197 2|.
1084 5145 1104 5174 ⁸
1137 5143 1293 5197 Prov.
1338 5160 1411 5207 vt,
1438 5142 1490 5209 6,
1527 5160 1632 5199 sec.
1678 5143 1843 5196 LXX.

413 5308 526 5379 (54)
562 5306 711 5375 Regii
747 5306 963 5379 tertius,
1017 5308 1242 5374 quintus
1290 5318 1345 5363 et
1379 5319 1567 5379 sextus
1594 5322 1713 5379 cum
1745 5305 1911 5379 Coisl.

341 5377 520 5450 primo
569 5388 763 5450 etcum
790 5377 952 5450 (3011)ἒ
991 5379 1227 5450 secundo
1265 5378 1505 5450 ἀκρασία
1545 5377 1739 5450 δήμου,
1776 5377 1916 5450 vulgi

340 5447 652 5515 petulantia.
672 5448 1082 5519 EditietCoisl.
1109 5447 1379 5505 secundus
1404 5465 1525 5505 cum
1544 5448 1725 5519 Regiis
1745 5447 1918 5517 primo

342 5530 397 5573 et
424 5530 612 5574 octavo
639 5518 863 5589 ἀκρισία
891 5518 1084 5589 δήμου.
1114 5519 1350 5573 Rectius.

414 5590 528 5660 (55)
560 5590 672 5660 Duo
696 5606 825 5643 mss.
857 5589 1370 5660 ὲναποθνήσκουσιν.

416 5658 529 5719 ίόὃ)
582 5659 803 5715 Codices
870 5658 1121 5725 quatuor
1155 5662 1402 5729 φανερῶς
1467 5662 1705 5729 συνάγει.
1779 5661 1918 5714 Editi

342 5745 466 5783 euut
509 5730 659 5787 Colb.
707 5732 943 5785 secundo
995 5740 1046 5785 el
1099 5747 1217 5784 cum
1266 5730 1397 5801 Reg.
1455 5735 1616 5787 tertio
1670 5732 1917 5799 συναγεί-

344 5816 448 5871 ρει.

2028 4595 2184 4650 Disce
2243 4597 2513 4665 quomodo
2557 4599 2868 4666 geometria:
2920 4600 3133 4653 inventa
3190 4598 3433 4653 accessio
3491 4599 3601 4653 sint

2024 4703 2201 4757 Opera:
2229 4704 2289 4743 ac
2320 4688 2682 4756 laboris‘ejus,
2710 4704 2868 4758 quem
2901 4692 3017 4759 apis
3042 4690 3441 4759 sapientissima
3472 4705 3597 4745 sus-

2026 4780 2174 4847 cipit.
2217 4780 2416 4836 Omnes
2456 4782 2601 4835 enim
2641 4782 2884 4837 favorum
2918 4783 3221 4838 caveruula:
3256 4793 3379 4837 sunt
3404 4797 3602 4838 sexan-

1997 4873 2185 4962 gula},
2220 4884 2275 4929 et
2305 4875 2530 4943 :equalia
2560 4875 2729 4930 latera
2770 4876 2965 4931 habent
3004 4895 3017 4930 :
3071 4891 3173 4931 non
3217 4876 3336 4930 alite
3366 4876 3483 4931 aliis
3516 4875 3601 4929 di-

2026 4976 2175 5022 recto
2199 4967 2621 5032 iucumhunt,ne
2652 4967 2801 5023 fundi
2826 4969 3119 5023 intervallis
3153 4970 3340 5024 vacuis
3366 4969 3600 5038 adjuncti

2092 5304 2203 5373 (57)
2232 5305 2395 5372 Παρὰ
2408 5308 2516 5369 τῆς
2530 5304 2869 5373 Παροιμίας.
2898 5304 3076 5360 Locus
3095 5313 3175 5358 est
3196 5302 3355 5357 Prov.
3383 5318 3499 5369 cap.
3528 5319 3603 5365 vr.

2019 5392 2072 5429 v.
2102 5372 2157 5436 6,
2187 5376 2323 5443 apud
2351 5374 2510 5428 LXX.
2541 5377 2643 5428 Sed
2666 5372 2780 5429 hinc
2806 5377 3001 5430 absunt
3036 5377 3101 5430 ah
3131 5372 3409 5428 Hebraicis
3425 5389 3602 5426 exom-

2021 5446 2279 5517 plaribus.
2312 5444 2467 5517 Lege?
2489 5446 2757 5499 Ducteum.

2097 5515 2208 5585 (58)
2241 5514 2315 5568 ita
2352 5512 2567 5568 cudices
2594 5530 2687 5568 sex
2743 5532 2773 5569 e
2807 5518 3006 5569 nostris
3055 5525 3252 5582 praeter
3278 5512 3520 5569 Comhef.
3550 5525 3599 5567 et

2022 5586 2174 5640 Bodl.
2208 5586 2343 5638 Editi
2378 5586 2580 5653 ἑκάστη
2612 5585 2721 5655 γὰρ
2756 5587 2999 5655 φρεατίς.
3034 5587 3225 5638 atatim
3258 5586 3386 5655 Reg.
3421 5599 3602 5639 seXtus

2031 5657 2163 5729 πρδς
2186 5655 2353 5729 αὑῖὴν
2387 5656 2687 5727 διῃρημένη
2719 5674 2776 5708 τε
2809 5657 2965 5729 ὁμοῦ)

2100 5727 2210 5797 (59)
2249 5725 2400 5781 cola.
2452 5725 2721 5778 secundus
2762 5725 3093 5794 ἐφυλάξαντο
3140 5726 3263 5797 γάρ.
3316 5725 3601 5794 Aliquanto

2026 5807 2139 5867 post
2176 5796 2303 5865 Reg.
2332 5808 2512 5853 sextus
2544 5797 2827 5866 διαπίπτη.
