4082 6398
497 337 599 391 175

1799 335 1857 390 S.
1900 328 2151 388 BASlLll
2190 328 2405 387 MAGNI

3640 324 3750 379 ίτκ

490 448 752 507 fatiscant
789 468 805 507 :
837 454 930 510 sed
967 459 1382 526 sexangularum
1420 456 1734 510 inferiorum
1759 450 2063 508 cavernula-

2173 445 2433 517 ἀλλήλαις
2481 442 2951 513 κατεπικείμεναι,
2989 441 3075 495 ἵνα
3114 438 3188 511 μή
3228 440 3507 509 κάμνωσιν
3547 438 3596 491 oi
3635 456 3745 491 m-

493 557 611 596 rum
642 545 820 614 anguli
864 548 1008 603 basis
1043 558 1167 603 sunt
1196 563 1261 603 ac
1284 548 1655 603 fulcimentum
1704 545 2065 616 superiorum,

492 644 554 688 ut
600 644 714 692 tuto
758 653 920 708 supra
975 654 1035 695 se
1077 655 1242 695 onera
1286 641 1554 703 attollant,
1594 648 1648 692 et
1678 636 1971 705 separatim
2013 635 2066 690 in

494 742 820 801 unoquoque
843 746 1081 789 concavo
1114 735 1308 789 humor
1337 734 1699 790 contineatur.

570 999 625 1054 5.
658 1001 937 1068 Quomodo
966 1014 1191 1059 cunctas
1218 1006 1573 1074 proprietates
1594 1007 1659 1060 ad
1682 1007 1958 1062 volucrum
1984 1010 2066 1061 vi-

496 1100 604 1146 tam
660 1095 990 1160 pertinentes
1036 1107 1289 1151 accurate
1346 1098 1439 1152 tibi
1497 1114 1778 1154 recensere
1830 1100 2068 1169 possim?

496 1181 568 1239 Ut
610 1200 770 1253 grues
803 1186 1039 1241 vicissim
1072 1191 1409 1245 constituunt
1435 1192 1720 1256 excubias;
1755 1201 1806 1246 et
1849 1194 2065 1262 quidem

494 1272 611 1327 alite
642 1275 916 1331 dormiunt
946 1297 960 1333 :
998 1279 1116 1334 alia:
1143 1295 1271 1334 vero
1300 1282 1721 1347 circumeuntes,
1752 1299 1964 1339 omnem
1998 1284 2067 1352 ip-

494 1365 570 1419 sis
598 1367 942 1423 securitatem
980 1384 1073 1438 per
1100 1385 1348 1425 somnum
1382 1372 1670 1439 exhibent;
1708 1372 1902 1426 deinde
1934 1381 2068 1426 tem-

494 1470 623 1523 pore
655 1458 954 1528 vigiliarum
986 1472 1225 1530 peracto,
1262 1464 1376 1518 ham
1397 1465 1611 1533 quidem
1646 1464 1898 1533 clangore
1923 1466 2066 1519 edito

493 1546 561 1600 ad
609 1562 854 1603 somnum
888 1554 1265 1608 convertitur:
1306 1554 1392 1607 illa
1430 1570 1555 1609 vero
1600 1554 1705 1625 75
1753 1556 2065 1622 succedens,

492 1639 839 1695 Securitatem
883 1657 1043 1712 quam
1091 1646 1319 1714 accepit,
1362 1662 1455 1699 sua
1494 1649 1610 1700 vice
1645 1647 1839 1701 reddit.
1869 1645 2067 1702 Obser-

492 1730 648 1785 vabis
690 1740 746 1785 et
795 1732 937 1786 hunc
991 1735 1234 1788 ordinem
1284 1735 1336 1789 in
1381 1737 1494 1805 ipso
1525 1736 1721 1791 volatu.
1761 1737 1876 1790 Alia
1922 1738 2063 1791 enim

495 1821 766 1876 interdum
803 1823 1013 1878 itineris
1035 1825 1143 1879 dux
1175 1834 1289 1889 est;
1322 1829 1413 1880 sed
1446 1827 1532 1880 ubi
1570 1842 1663 1895 per
1690 1828 1903 1895 aliquod
1935 1836 2064 1881 tem-

493 1926 594 1981 pus
638 1923 898 1968 statutum
941 1915 1140 1970 volatui
1183 1918 1413 1990 pra'fuit,
1474 1929 1618 1972 retro
1678 1933 1736 1973 se
1778 1919 2065 1987 recipiens,

495 2003 595 2058 viae
634 2005 887 2059 ducatum
944 2007 1245 2077 insequenti
1293 2010 1474 2063 tradit.
1513 2009 1777 2065 Casterum
1825 2010 2067 2065 ciconia-

493 2109 616 2149 rum
668 2096 859 2167 agendi
914 2102 1124 2164 modus,
1157 2115 1261 2155 non
1297 2100 1482 2168 procul
1515 2118 1542 2154 a
1580 2103 1825 2157 rationali
1870 2104 2068 2158 intelli-

491 2189 673 2258 gentia
707 2188 880 2243 ahest.
914 2187 982 2242 Ut
1011 2190 1153 2244 enim
1180 2206 1369 2244 omnes
1400 2207 1505 2245 uno
1531 2203 1586 2247 et
1610 2193 1797 2247 eodem
1829 2204 2067 2265 tempore

491 2279 560 2332 ad
589 2277 686 2333 has
715 2278 961 2347 regiones
984 2280 1248 2334 accedunt
1276 2300 1290 2335 :
1327 2282 1395 2334 ita
1422 2281 1523 2336 sub
1544 2267 1665 2337 'uno
1693 2286 1849 2354 signo
1879 2303 2067 2343 omnes

490 2369 795 2424 discedunt.
833 2369 1049 2439 Stipant
1096 2382 1275 2425 autem
1318 2372 1465 2442 ipsas
1492 2376 1738 2432 cornices
1772 2389 2063 2444 nostrates,

489 2474 689 2530 easque
739 2476 854 2515 mea
892 2464 1106 2531 quidem
1135 2466 1400 2519 sententia
1431 2467 1722 2528 deducunt.
1756 2479 1811 2523 et
1871 2473 2067 2525 nonni-

487 2552 563 2609 hil
619 2557 880 2608 adversus
930 2555 1154 2611 hostiles
1189 2572 1316 2611 aves
1346 2567 1605 2628 praestant
1645 2560 1891 2617 subsidii.
1932 2564 2062 2619 Illud

487 2644 665 2714 prinzo
707 2644 825 2715 ejus
867 2647 941 2701 rei
984 2659 1356 2718 argumentum
1400 2661 1501 2717 est,
1542 2654 1683 2723 quod
1722 2670 1786 2708 eo
1828 2665 2067 2724 tempore

488 2738 631 2793 nulla
680 2755 900 2809 prorsus
929 2741 1117 2795 cornix
1158 2753 1414 2812 appareat
1452 2765 1465 2800 :
1501 2746 1694 2802 deinde
1727 2763 1847 2802 cum
1880 2753 2065 2807 vulne-

420 2840 433 2847 ‘
489 2831 640 2885 ribus
694 2832 1003 2899 redeuntes,
1048 2844 1229 2901 aperta
1275 2836 1454 2893 tutelte
1502 2848 1553 2895 et
1603 2842 1835 2909 praesidii
1881 2843 2061 2898 collati

488 2921 684 2977 indicia
723 2922 983 2978 referunt.
1015 2924 1146 2991 Quis
1175 2929 1313 2995 apud
1342 2929 1486 2996 ipsas
1521 2932 1850 3003 prmscripsit
1880 2935 2063 3005 hospi-

490 3015 715 3071 talitatis
739 3015 904 3084 jura?
934 3020 1055 3088 quis
1094 3021 1223 3089 ipsis
1262 3023 1583 3080 desertionis
1624 3026 1869 3083 militaris
1903 3043 2063 3083 accu-

488 3107 749 3163 sationem
802 3111 1037 3166 minatus
1073 3122 1176 3176 est,
1208 3115 1342 3169 adeo
1382 3125 1439 3170 ut
1479 3117 1623 3171 nulla
1653 3134 1681 3170 a
1714 3122 1970 3174 comitatu
2003 3137 2061 3177 se
2086 3139 2129 3197 ο

487 3199 807 3255 subtrahat?
833 3202 1069 3258 Audiant
1098 3205 1133 3258 ii
1163 3207 1252 3274 qui
1291 3222 1416 3277 erga
1450 3208 1686 3278 hospites
1717 3212 1834 3266 duri
1863 3222 1986 3267 sunt
2010 3226 2064 3269 et

489 3291 790 3357 inulliciosi,
818 3291 1070 3363 foresque
1099 3296 1408 3362 occludunt,
1443 3310 1498 3351 et
1535 3314 1601 3354 ne
1637 3301 1812 3355 hieme
1846 3304 2061 3373 quidem

488 3393 583 3437 aut
609 3392 769 3436 noctu
792 3384 1030 3437 advenas
1061 3394 1204 3439 tecto
1232 3387 1516 3455 recipiunt.
1543 3388 1710 3442 Porro
1739 3404 1867 3443 cura
1900 3406 2060 3460 quam

486 3476 709 3532 ciconiae
742 3477 895 3531 senio
920 3475 1181 3531 confectis
1210 3479 1488 3543 exhibent,
1519 3480 1718 3536 liberos
1753 3494 1983 3545 nostros,
2017 3486 2061 3540 si

488 3567 766 3621 attendere
795 3566 1008 3631 vellent,
1036 3566 1102 3619 ad
1134 3579 1416 3637 parentum
1457 3586 1697 3625 amorem
1737 3572 1868 3627 satis
1913 3575 2062 3627 exci—

486 3668 646 3714 taret.
677 3657 847 3714 Nemo
878 3660 1021 3713 enim
1061 3660 1221 3713 homo
1244 3670 1343 3723 est,
1380 3663 1469 3731 qui
1515 3664 1588 3717 ita
1631 3679 1851 3733 prorsus
1882 3676 2062 3721 mente

488 3751 836 3814 destituatur,
863 3762 920 3805 ut
954 3753 1156 3821 pudore
1184 3753 1399 3821 dignum
1425 3769 1528 3808 non
1554 3756 1759 3823 judicet
1786 3774 1931 3819 eum,
1967 3759 2061 3823 qui

486 3840 677 3896 avibus
719 3858 980 3911 perquam
1028 3843 1199 3895 brutis
1240 3844 1440 3899 virtute
1488 3846 1710 3901 inferior
1750 3847 1907 3903 foret.
1956 3848 2061 3903 Illa:

486 3932 781 4000 genitorem
809 3948 917 4001 prae
941 3934 1093 3987 senio
1125 3948 1418 4001 pennarum
1448 3934 1692 3990 deﬂuviis
1728 3938 2058 3993 laborantem

486 4024 918 4083 circumstantes.
961 4024 1186 4077 suismet
1234 4026 1422 4093 pennis
1471 4027 1813 4091 calefaciunt,
1865 4046 2061 4099 suppe-

486 4114 762 4182 ditantque
811 4116 1023 4170 abunde
1072 4115 1380 4170 alimentum
1418 4137 1429 4172 :
1471 4121 1600 4188 quin
1643 4120 1938 4175 subsidium
1985 4123 2057 4187 ei,

484 4207 662 4277 quoad
710 4207 825 4262 ﬁeri
874 4217 1071 4275 potest,
1118 4208 1169 4261 in
1208 4210 1321 4277 ipso
1356 4210 1532 4264 volatu
1574 4222 1849 4281 prazstant,
1888 4215 2060 4269 utriu-

482 4315 590 4371 que
642 4299 740 4354 alis
791 4300 908 4356 suis
955 4300 1148 4354 leniter
1197 4301 1559 4358 sublevantes.
1615 4303 1791 4372 Atque
1836 4306 1935 4359 hoc
1985 4307 2058 4359 ita

482 4395 623 4461 apud
650 4407 841 4447 omnes
875 4394 1215 4447 decantalum
1251 4403 1353 4455 est,
1385 4404 1440 4447 ut
1460 4393 1571 4464 jam
1606 4398 1821 4466 quidam
1854 4399 2057 4453 beneﬁ-

2170 537 2371 608 θμένες
2405 540 2517 602 τοῖς
2546 537 2816 599 διακένοις
2847 532 3283 604 ἐφηρμοσμένοι·
3322 530 3435 584 ἀλλ’
3463 532 3519 583 αί
3550 532 3745 599 γωνίαι

2167 627 2275 681 τῶν
2306 627 2551 681 κάτωθεν
2606 625 2916 695 ἐξαγώνων,
2981 623 3177 694 βάθρον
3224 622 3319 675 καὶ
3362 620 3591 691 ἔρεισμα
3614 622 3745 675 -τῶν

2167 719 2576 790 ὑπερκειμένων
2606 721 2763 781 εἰσὶν,
2792 717 2867 780 ὠς
2908 714 3162 784 ἀσφαλῶς
3208 715 3346 784 ὑπὲρ
3391 712 3598 765 ἑαυτῶν
3645 730 3744 783 με-

2165 814 2449 885 τεωρίζειν
2474 812 2542 866 τά
2571 811 2734 883 βάρη,
2770 812 2864 864 καὶ
2894 808 3206 872 ἰδιαζόντως
3242 808 3445 878 ἑκάστῃ
3472 806 3742 875 κοιλότητι

2165 907 2228 960 τὸ
2258 906 2424 978 ὑγρὸν
2453 903 2865 975 ἐγκατέχεσθαι.

2239 1002 2300 1057 5.
2335 1000 2459 1063 Πῶς
2491 1000 2557 1052 ἄν
2591 1015 2673 1051 σοι
2702 998 2877 1051 πάντα
2904 997 2969 1050 δι’
3002 993 3285 1066 ἀκριὸείας
3302 991 3584 1062 ἐπέλθοιμι
3600 990 3669 1044 τὰ
3684 992 3745 1045 ἐν

2167 1097 2279 1157 τοῖς
2305 1094 2440 1163 βίοις
2470 1091 2578 1145 τῶν
2618 1091 2845 1161 ὀρνίθων
2874 1087 3172 1158 ίδιώματας
3205 1085 3321 1149 πῶς
3360 1085 3459 1155 μὲν
3491 1087 3545 1137 αί
3573 1084 3742 1154 γέρα-

2167 1204 2247 1240 νοι
2283 1184 2381 1247 τὰς
2411 1186 2469 1235 ἐν
2507 1185 2573 1253 τῇ
2607 1182 2762 1235 νυκτὶ
2792 1176 3147 1253 προφυλακάς
3176 1175 3285 1245 (60)
3315 1177 3377 1229 ἐκ
3406 1173 3743 1245 περιτροπῆς

2168 1276 2553 1345 ὑποδέχονται’
2590 1275 2683 1327 κα)⁸
2718 1275 2772 1326 αί
2807 1273 2903 1343 μὲν
2945 1269 3317 1331 καθεύδουσιν,
3354 1269 3410 1320 αί
3440 1267 3517 1330 δὲ,
3558 1266 3743 1335 κύκλῳ

2168 1367 2495 1439 περιιοῦσαι,
2542 1367 2722 1419 πᾶσαν
2770 1364 2956 1426 αὐταῖς
2990 1365 3046 1414 ἐν
3093 1361 3170 1431 τῷ
3214 1360 3364 1431 ὑπνῳ
3415 1358 3741 1429 παρέχονται

2166 1462 2265 1531 τὴν
2295 1460 2594 1528 ἀσφάλειαν
2617 1474 2630 1487 ·
2675 1453 2814 1519 εἶτα,
2845 1455 2939 1510 τοῦ
2980 1455 3172 1526 καιροῦ
3203 1456 3301 1524 τῆς
3332 1451 3578 1521 φυλακῆς
3600 1450 3739 1520 πλη-

2169 1553 2456 1625 ρουμένου,
2491 1554 2523 1622 ή
2554 1550 2652 1621 μὲν
2684 1550 2923 1620 βοήσασα
2944 1547 3079 1620 πρὸς
3109 1548 3272 1600 ’ύπνον
3304 1545 3573 1616 ἐτράπετο
3605 1544 3741 1614 (61),

2167 1647 2200 1715 ἡ
2232 1645 2308 1707 δὲ,
2356 1643 2453 1714 τὴν
2496 1642 2744 1712 διαδοχὴν
2790 1639 3185 1708 ὑποδεξαμένη,
3220 1634 3287 1711 ἦς
3329 1637 3518 1707 ἔτυχεν
3568 1636 3746 1705 ἀσφα-

2175 1735 2323 1797 λείας
2374 1733 2671 1787 ἀντέδωκεν
2725 1735 2782 1785 ἐν
2833 1731 2910 1801 τῷ
2962 1730 3138 1801 μέρει.
3194 1728 3408 1800 Ταύτην
3441 1727 3535 1782 καὶ
3576 1729 3634 1781 ἐν
3674 1731 3741 1800 τῇ

2177 1827 2370 1896 πτήσει
2398 1822 2494 1894 τὴν
2519 1821 2772 1886 εὐταξίαν
2798 1819 3042 1888 κατόψει.
3081 1818 3303 1872 Ἀλλοτε
3331 1820 3441 1889 γὰρ
3480 1818 3611 1890 άλλη
3644 1818 3746 1889 τὴν

2167 1918 2388 1988 όδηγίαν
2428 1917 2741 1985 ἐκδέχεται,
2777 1916 2870 1969 καὶ
2905 1915 3101 1968 τακτόν
3141 1931 3263 1967 τινα
3305 1913 3496 1985 χρόνον
3535 1930 3745 1981 προκα-

2169 2012 2522 2083 θηγησαμένη
2549 2012 2650 2079 τῆς
2679 2010 2947 2079 πτήσεως,
2979 2009 3058 2070 είς
3089 2007 3151 2060 τὸ
3180 2006 3407 2060 κατόπιν
3434 2004 3745 2077 περιελθοῖμ

2170 2123 2258 2168 σα,
2289 2106 2353 2174 τῇ
2387 2103 2504 2173 μεθ’
2545 2102 2745 2171 ἑαυτὴν
2775 2101 2872 2170 τὴν
2912 2099 3207 2169 ἡγεμονίαν
3236 2099 3334 2169 τῆς
3364 2096 3485 2151 ὀδοῦ
3520 2096 3745 2167 παραδί-

2166 2197 2316 2250 δωσι.
2348 2196 2421 2247 Τὸ
2445 2195 2502 2248 δὲ
2528 2194 2635 2247 τῶν
2664 2192 2951 2263 πελαργῶν
2971 2192 3092 2245 οὐδὲ
3122 2192 3310 2261 ττόρρω
3334 2189 3451 2242 ἐστὶ
3478 2190 3745 2251 συνέσεως

2166 2288 2389 2357 λογικῆς
2416 2304 2429 2316 '
2455 2286 2597 2339 οὑτω
2633 2285 2731 2355 μὲν
2760 2284 2901 2337 κατὰ
2922 2285 3011 2336 τὸν
3034 2283 3128 2335 ἕνα
3160 2283 3346 2352 καιρὸν
3385 2281 3592 2344 πάντας
3624 2282 3744 2332 ἐπι-

2165 2382 2227 2451 δη
2238 2383 2355 2450 μεῖν
2386 2382 2498 2440 τοῖς
2534 2377 2659 2448 τῇδε
2689 2375 2907 2446 χωρίοις
2927 2392 2939 2404 ·
2967 2374 3109 2427 οὑτω
3139 2373 3193 2426 δὲ
3216 2374 3302 2442 ὑφ’
3330 2372 3409 2425 ἐνὶ
3439 2370 3740 2440 συνθήματι

2167 2472 2374 2534 πάντας
2419 2470 2693 2541 ἀπαίρειν.
2740 2468 3104 2540 Δορυφορούσι
3158 2465 3215 2518 δὲ
3259 2465 3455 2527 αὐτοὺς
3496 2465 3550 2516 αἱ
3608 2463 3741 2533 παρ’

2163 2567 2297 2635 ήμῖν
2325 2562 2583 2633 κορῶναι,
2613 2561 2709 2615 καὶ
2740 2560 3223 2631 παραπέμπουσιν,
3266 2557 3387 2627 ἐμοὶ
3421 2544 3616 2617 δοκεῖν,
3648 2556 3741 2609 καὶ

2167 2656 2484 2727 συμμαχίαν
2534 2654 2656 2708 τινὰ
2703 2654 3072 2723 παρεχόμεναι
3123 2651 3258 2720 πρὸς
3305 2648 3525 2720 ὄρνιθας
3582 2647 3739 2701 πολε-

2168 2748 2342 2821 μίους.
2373 2750 2603 2818 Σημεῖον
2636 2746 2692 2797 δὲ
2723 2745 2937 2816 πρῶτον
2969 2743 3067 2814 μὲν
3097 2742 3157 2794 τὸ
3187 2742 3260 2813 μὴ
3304 2740 3586 2809 φαίνεσθαι
3635 2738 3739 2792 ὑπὸ

2163 2841 2253 2895 τὸν
2298 2840 2488 2911 καιρὸν
2532 2840 2737 2891 ἐκεῖνον
2778 2834 3024 2908 κορώνην
3057 2834 3420 2895 παντάπασιν,
3461 2831 3631 2883 ἔπειθ’
3658 2832 3739 2883 ὅτι

2166 2933 2302 3005 μετὰ
2334 2931 2660 3003 τραυμάτων
2684 2928 3108 3000 ἐπανερχόμεναι
3130 2925 3336 2996 ἐναργῆ
3356 2923 3449 2977 τοῦ
3473 2939 3738 2976 συνασπι-

2166 3026 2303 3097 σμοῦ
2335 3025 2557 3093 καὶτῆς
2595 3023 2893 3092 ἐπιμαχίας
2937 3020 3007 3073 τὰ
3052 3023 3251 3089 σημεῖα
3292 3016 3599 3088 κομίζουσι.
3641 3016 3740 3079 Τίς

2164 3119 2292 3190 παρ’
2315 3119 2502 3181 αὑταῖς
2532 3118 2656 3178 τούς
2672 3115 2771 3184 τῆς
2805 3111 3108 3184 φιλοξενίας
3138 3109 3355 3182 διώρισε
3381 3110 3578 3180 νόμους
3604 3107 3736 3174 (62);

2166 3212 2247 3275 τίς
2277 3213 2468 3272 αὐταῖς
2499 3208 2765 3278 ἠπείλησε
2800 3204 3211 3275 λειποστρατίου
3241 3201 3458 3273 γραφὴν
3510 3203 3586 3263 ὡς
3635 3218 3739 3271 μη·-

2164 3305 2353 3375 δεμίαν
2380 3299 2769 3356 ἀπολείπεσθαι
2817 3298 2917 3367 τῆς
2949 3295 3322 3366 προπομπῆςς
3368 3293 3737 3346 ’Δκουέτωσαν

2164 3401 2211 3451 οἱ
2251 3397 2554 3460 κακόξενοι,
2589 3392 2805 3455 καὶτὰς
2833 3392 2942 3459 (65)
2968 3389 3136 3459 θύρας
3166 3388 3454 3450 κλείοντες,
3482 3384 3577 3438 καὶ
3606 3383 3737 3454 μηδὲ

2167 3492 2364 3559 στέγης
2392 3490 2448 3540 ἐν
2478 3486 2704 3557 χειμῶνι
2745 3485 2837 3538 καὶ
2870 3483 3025 3537 νυκτὶ
3052 3486 3163 3544 τοῖς
3203 3478 3527 3550 ἐπιδημοῦσι
3575 3494 3738 3547 μετα-

2163 3579 2414 3640 διδόντες.
2447 3579 2507 3629 Ἣ
2537 3576 2594 3628 δὲ
2624 3575 2752 3645 περὶ
2784 3575 2910 3636 τοὺς
2938 3573 3287 3642 γηράσαντας
3313 3569 3419 3621 τῶν
3446 3566 3735 3637 πελαργῶν

2166 3672 2387 3742 πρόνοια
2442 3669 2661 3740 ἐξήρκει
2713 3669 2838 3729 τοὺς
2878 3665 3073 3726 παῖδας
3123 3662 3312 3732 ἡμῶν,
3356 3662 3403 3711 εί
3449 3658 3735 3730 προσέχειν

2163 3762 2465 3824 ἐϐούλοντο,
2526 3759 2896 3829 φιλοπάτορας
2950 3753 3311 3823 καταστῆσαι.
3370 3750 3595 3812 Πάντως
3629 3748 3735 3817 γάρ

2162 3856 2335 3919 οὐδεὶς
2370 3854 2542 3915 οὑτως
2576 3851 2838 3904 ἐλλείπων
2872 3848 3014 3903 κατὰ
3072 3848 3173 3915 τὴν
3223 3844 3502 3915 φρόνησιν,
3555 3842 3630 3903 ὡς
3663 3839 3736 3910 μή

2162 3946 2423 4017 αἰσχύνης
2470 3942 2623 4009 ἄξιον
2680 3941 2885 4012 κρίνειν
2932 3938 3040 3992 τῶν
3101 3935 3457 4003 άλογωτάτων
3507 3929 3736 4002 ὀρνίθων

2162 4035 2466 4105 ὑστερίζειν
2499 4034 2620 4084 κατ’
2652 4030 2871 4100 ἀρετήν.
2910 4029 3132 4081 Ἐκεῖνοι
3152 4026 3242 4077 τὸν
3275 4023 3486 4094 πατέρα
3514 4020 3617 4074 ὑπὸ
3641 4017 3734 4073 τοῦ

2160 4128 2347 4198 γήρως
2393 4124 2875 4194 πτερορρυήσαντα
2907 4120 3263 4189 περιστάντες
3302 4118 3358 4169 ὲν
3401 4113 3583 4183 κύκλῳ
3624 4115 3735 4174 τοῖς

2160 4219 2379 4280 οίκείοις
2408 4218 2626 4286 πτεροῖς
2655 4214 3034 4271 διαθάλπουσι.
3084 4211 3177 4263 καὶ
3210 4210 3309 4271 τὰς
3338 4207 3544 4278 τροφὰς
3572 4205 3736 4272 ἀφθό-

2160 4327 2266 4373 νως
2297 4307 2823 4381 παρασκευάζοντες,
2860 4304 2959 4375 τὴν
2991 4301 3218 4372 δυνατὴν
3243 4302 3337 4355 καὶ¹
3367 4302 3424 4352 ὲν
3456 4302 3520 4369 τῇ
3542 4302 3733 4368 πτήσει

2162 4404 2491 4474 παρέχονται
2528 4400 2638 4470 (64)
2674 4396 2952 4469 βοήθειαν,
2987 4395 3169 4467 ἡρέμα
3205 4393 3284 4465 τῷ
3326 4392 3509 4463 πτερῷ
3544 4391 3733 4458 κουφί-

480 4486 691 4542 ciorum
737 4488 1229 4541 remunerationem
1282 4487 1709 4557 antipelargorim
1765 4490 2052 4559 appellent.

2164 4494 2345 4559 ζοντες
2370 4491 2727 4562 ἑκατέρωθεν.
2766 4492 2875 4543 Καὶ
2905 4490 3047 4542 οὑτω
3086 4488 3243 4541 τοῦτο
3270 4486 3421 4557 παρὰ
3446 4486 3576 4537 πᾶσι
3616 4483 3732 4535 δια-

482 4576 653 4634 Nemn
697 4580 762 4631 de
802 4588 1119 4646 paupertate
1160 4578 1336 4633 doleat
1368 4596 1383 4633 :
1420 4594 1594 4648 neque
1628 4580 1675 4633 is
1705 4580 1774 4634 de
1810 4598 1907 4636 sua
1952 4585 2061 4638 vita

482 4669 751 4733 desperet,
782 4668 868 4720 cui
906 4667 1067 4722 nulla:
1116 4667 1260 4723 domi
1309 4678 1600 4738 supersunt
1634 4685 1785 4739 opes,
1825 4674 1912 4727 ubi
1949 4676 2062 4740 ipse

480 4763 781 4828 respexerit
826 4765 893 4816 ad
934 4764 1236 4818 hirundinis
1283 4765 1624 4819 industriam.
1667 4766 1755 4820 Illa
1796 4770 1937 4823 enim
1980 4772 2061 4825 ni-

478 4858 607 4911 dum
647 4865 988 4923 construens,
1040 4857 1275 4912 festucas
1315 4858 1531 4928 quidem
1578 4874 1672 4913 ore
1712 4861 1885 4916 defert
1921 4882 1933 4916 :
1981 4864 2060 4916 lu-

480 4959 593 5006 tum
623 4962 751 5002 vero
788 4948 1041 5016 coltigere
1075 4950 1297 5019 pedibus
1331 4966 1451 5003 cum
1490 4967 1593 5005 non
1633 4965 1807 5021 queat,
1838 4962 2053 5024 penna-

382 5104 387 5108 ,
479 5054 599 5096 rum
645 5039 1018 5094 extremitates
1070 5057 1207 5109 aqua
1260 5042 1644 5111 madefaciens,
1694 5047 1921 5102 subinde
1970 5058 2052 5103 te-

479 5130 742 5186 nuissimo
777 5129 994 5201 pulvere
1021 5146 1141 5187 sese
1169 5133 1480 5200 obvolvcns,
1517 5136 1594 5191 sic
1642 5138 1737 5192 luti
1771 5154 1922 5193 usum
1957 5156 2051 5194 ex-

548 5335 658 5408 (60)
688 5334 763 5408 |_la
787 5349 891 5408 sex
921 5352 1048 5391 mss.
1076 5336 1214 5391 Editi
1253 5338 1570 5407 simpliciter
1608 5338 1876 5408 φυλακάς.

551 5404 662 5481 (iii)
686 5404 914 5481 Codices
942 5411 1048 5461 duo
1074 5404 1374 5480 ἐτρέπετο(
1392 5409 1521 5477 Reg.
1554 5404 1739 5465 sextus
1772 5411 2051 5481 τρέπεται.

475 5476 922 5555 secundus
965 5476 1199 5555 ἐτράπη.
1262 5481 1373 5532 Duo
1412 5476 1500 5532 alii
1546 5497 1673 5555 mss.
1723 5476 1855 5555 cuin
1898 5483 2057 5535 editis

477 5549 783 5625 ἐτράπετο..
798 5543 907 5600 Nec
950 5543 1042 5625 μα’
1067 5543 1231 5625 inulto
1266 5560 1386 5625 post
1424 5566 1564 5625 mss.
1600 5551 1846 5625 plerique
1867 5567 2055 5606 omnes

475 5616 601 5762 ἔξω
658 5616 893 5674 editiOue
946 5622 1111 5677 Basil.
1164 5616 1410 5689 κατόψει.
1472 5616 1648 5677 ΕιΙίιῖο
1686 5616 1862 5678 Paris.
1920 5640 2054 5678 κατ-

547 5708 645 5754 εις.

547 5708 645 5754 εις.

552 5763 663 5827 (62)
690 5762 820 5835 Rvg.
855 5774 1040 5821 sextus
1062 5761 1276 5833 διώρισε
1304 5761 1535 5834 θεσμούς

2160 4587 2439 4656 ϐεϐόηται,
2491 4583 2631 4636 ὥστε
2669 4583 2769 4653 ήδη
2814 4581 2957 4643 τινὲς
2995 4580 3095 4650 τὴν
3131 4579 3241 4632 τῶν
3281 4578 3733 4649 εὐεργετημάτων

2159 4678 2426 4732 ἀντίδοσιν
2446 4675 2964 4743 ἁντιπελὰργωσιν
3000 4672 3109 4741 (65)
3145 4668 3487 4740 ὀνομάζουσι.
3533 4669 3733 4739 Μηδεὶς

2158 4770 2349 4822 πενίαν
2383 4767 2692 4839 όδυρέσθω·
2751 4765 2885 4835 μηδὲ
2942 4763 3367 4832 ἁπογινωσκέτω
3394 4761 3586 4814 ἐαυτοῦ
3638 4760 3733 4831 τὴν

2159 4862 2302 4933 ζωὴν
2336 4864 2363 4914 ὁ
2402 4859 2675 4930 μηδεμίαν
2705 4858 2845 4911 οἴκοι
2889 4857 3211 4923 περιουσίαν
3234 4853 3568 4918 καταλιπὼν,
3597 4854 3732 4925 πρὸς

2160 4955 2222 5006 τὸ
2245 4953 2345 5023 τῆς
2368 4950 2631 5021 χελιδόνος
2654 4950 2957 5020 εὐμήχανον
2987 4947 3329 5002 ἀποϐλέπων.
3367 4946 3577 5016 Ἐκείνη
3603 4946 3727 5016 γὰρ,

2158 5045 2257 5115 τὴν
2290 5043 2484 5097 καλιάν
2541 5042 2884 5113 πηγνυμένη,
2940 5040 3007 5094 τὰ
3040 5040 3136 5111 μὲν
3178 5040 3365 5110 κάρφη
3401 5037 3476 5109 τῷ
3509 5038 3729 5108 στόματι

2157 5136 2496 5206 διακομίζει·
2536 5134 2702 5204 πηλὸν
2738 5133 2795 5186 δὲ
2838 5135 2948 5195 τοῖς
2972 5132 3129 5185 ποσὶν
3150 5126 3279 5202 ἆραι
3315 5129 3391 5201 μὴ
3439 5130 3727 5200 δυναμένη,

2234 5339 2348 5405 (65)
2380 5338 2511 5405 Reg.
2551 5346 2734 5390 sextus
2765 5334 3047 5401 κακόξενοι
3069 5335 3116 5386 οἱ
3156 5333 3253 5395 τάς

2233 5409 2343 5479 (64)
2388 5404 2526 5461 Idem
2551 5407 2679 5479 Reg.
2712 5417 2895 5458 sextus
2917 5408 3112 5479 πτήσει
3130 5404 3485 5479 παρέχοντες.

2232 5474 2344 5545 (65)
2363 5475 2915 5544 Ἀντιπελάργωσιν,
2933 5476 2983 5528 id
3002 5474 3104 5539 est,
3122 5474 3351 5545 beneﬁcii
3363 5482 3556 5545 accepti
3570 5488 3731 5545 rentu-

2162 5543 2505 5605 nerationem.
2530 5543 2733 5599 Idcirco
2752 5556 2928 5599 autem
2948 5546 3086 5615 grati
3109 5546 3275 5615 animi
3301 5543 3624 5615 _signilicatio
3640 5543 3733 5615 άν-

2160 5620 2562 5689 τιπελάργωσις
2579 5616 2878 5689 dicebatur,
2905 5612 3047 5685 quod
3072 5613 3362 5685 πελαργός,
3392 5613 3614 5689 ciconia,
3640 5612 3732 5666 he—

2164 5684 2480 5747 neliciorum
2504 5704 2533 5742 a
2566 5687 2879 5758 parentibus
2908 5684 3249 5755 acceptorum
3291 5691 3495 5739 tuemur
3532 5684 3622 5737 sit.
