4082 6398
446 320 551 376 179

1754 322 1813 377 S.
1858 322 1937 376 BA
1947 320 2100 376 SlLll
2144 320 2363 376 MAGNI

3590 324 3697 375 180

450 450 535 492 tt-s
564 442 859 501 exponunt,
900 442 993 487 aut
1022 434 1186 487 etiam
1221 434 1271 486 itt
1298 433 1624 503 patrimonio
1654 432 2025 488 distribuendo

2148 433 2290 501 ράσει
2324 450 2512 497 πενιας
2559 434 2891 504 ἐκτιθέμενοι
2937 433 3003 487 τὰ
3047 435 3239 506 νήπια·
3298 435 3330 506 ἦ
3380 436 3472 488 καὶ
3513 439 3570 490 ὲν
3622 440 3693 508 τῇ

450 522 771 592 iniquissimi
808 534 932 578 sunt
969 539 1094 593 erga
1131 523 1345 577 liberos.
1377 523 1835 590 Quemadmodum
1875 522 2021 577 enim

446 618 661 686 cuique,
702 626 946 682 ut-esset,
977 634 1040 670 ex
1076 634 1230 685 aequo
1259 618 1514 680 tribuere,
1570 618 1643 671 ita
1675 631 1885 685 aequum
1918 624 2020 679 est,

451 718 510 763 ut
545 711 625 763 eis
665 712 785 763 vita:
826 712 1047 779 agenda:
1088 710 1393 764 facultatem
1434 710 1547 779 pari
1593 709 1893 778 aequalique
1933 723 2021 761 ra-

455 807 599 860 tione
634 803 992 871 suppeditent.
1036 802 1177 857 Cave
1215 802 1444 857 imiteris
1474 817 1659 855 earum
1691 802 1870 855 avium
1901 800 2025 868 qui-

456 891 557 946 bus
608 880 814 961 ungues
864 893 1054 945 adunci
1115 904 1258 956 sunt,
1316 892 1737 947 crudelitatem:
1779 906 1899 960 qua;
1936 892 2025 944 ubi

458 981 691 1035 viderint
741 996 867 1035 suos
921 981 1059 1036 fetus
1098 981 1321 1051 jau-jam
1375 981 1572 1036 volatui
1620 991 1877 1043 maturos,
1928 982 2027 1034 alis

457 1089 552 1129 eos
580 1074 943 1135 verberantes,
972 1090 1034 1129 ac
1059 1075 1406 1145 expellentes.
1438 1091 1501 1128 ex
1540 1074 1665 1128 nido
1695 1075 1935 1143 ejiciunt,
1966 1088 2029 1128 ac

461 1169 715 1234 deinceps
746 1167 945 1219 nullam
980 1182 1164 1221 eorum
1205 1184 1390 1221 curam
1429 1168 1745 1237 suscipiunt.
1783 1165 2031 1219 Laudan-

461 1262 559 1314 dus
587 1272 668 1312 est
702 1260 933 1315 cornicis
967 1261 1016 1314 in
1048 1276 1174 1315 suos
1209 1261 1385 1329 pullos
1413 1276 1583 1319 amor.
1614 1274 1733 1328 quae
1758 1260 1899 1327 ipsos
1918 1258 2029 1324 jam

464 1354 710 1407 volantes
763 1353 1073 1415 comitatur,
1124 1353 1543 1421 alimoniamque
1592 1351 2028 1414 subministrans,

464 1445 581 1500 illos
615 1444 917 1500 diutissime
946 1448 1165 1499 enutrit.
1207 1444 1384 1499 Multis
1424 1445 1604 1497 avium
1641 1443 1926 1511 generibus
1966 1442 2033 1495 ad

462 1547 782 1605 conceptum
827 1536 959 1591 nihil
1000 1552 1135 1604 opus
1175 1548 1256 1590 est
1299 1537 1486 1604 copula
1536 1535 1763 1588 marium
1803 1552 1815 1587 :
1854 1534 1945 1587 sed
1978 1534 2032 1587 in

464 1630 583 1684 aliis
632 1629 919 1699 generibus
970 1629 1112 1683 edita
1158 1628 1289 1682 citra
1341 1628 1538 1681 coitum
1586 1642 1709 1689 ova,
1752 1624 2031 1680 indecunda

467 1730 612 1775 sunt.
642 1720 844 1774 Ferunt
874 1729 1052 1774 autem
1093 1720 1210 1773 sine
1242 1720 1384 1772 coitu
1424 1729 1480 1772 ut
1518 1719 1806 1789 plurimum
1847 1730 2037 1785 parere

469 1816 729 1875 vultures,
776 1812 901 1865 licet
946 1811 1177 1865 maxime
1228 1811 1495 1879 longazvos
1539 1828 1553 1865 :

468 1906 576 1959 vita
606 1907 673 1959 ad
697 1912 909 1959 centum
939 1919 1107 1971 usque
1128 1918 1300 1956 annos
1326 1904 1638 1971 plerumque
1666 1902 2032 1970 protendatur.

466 1994 523 2049 ιιι
552 1996 707 2050 velim
739 2004 978 2049 notatum
1006 2004 1060 2047 et
1086 1994 1428 2048 observatum
1460 2008 1526 2046 ex
1556 1992 1741 2046 alitum
1774 1991 1994 2044 historia
2020 2005 2034 2043 :

472 2097 530 2139 ιιι
560 2087 604 2140 si
641 2087 850 2154 quando
881 2085 1163 2140 nonnullos
1196 2086 1394 2139 videris
1433 2085 1743 2156 mysterium
1796 2094 2036 2136 nostrum

481 2177 730 2242 irridere,
768 2178 920 2245 quasi
963 2177 1075 2229 ﬁeri
1119 2183 1371 2244 nequeat,
1404 2186 1450 2228 et
1488 2174 1641 2244 quasi
1674 2174 1745 2227 sit
1784 2190 1811 2226 a
1850 2183 2039 2225 natura

477 2268 734 2330 alienum,
772 2277 829 2320 ut
856 2266 1027 2336 virgo,
1068 2266 1375 2335 virginitate
1418 2264 1536 2333 ejus
1571 2264 1888 2317 intemerata
1918 2276 2039 2329 per-

474 2372 746 2423 manente,
783 2362 1072 2431 pepererit,
1107 2361 1286 2414 veniat
1332 2360 1383 2412 in
1426 2367 1657 2412 mentem
1698 2356 1814 2420 tibi,
1855 2356 2039 2416 Deum,

473 2456 557 2508 cui
610 2469 705 2523 per
748 2452 1145 2523 praedicationis
1194 2450 1478 2504 stultitiam
1532 2448 1813 2502 credentes
1868 2444 2045 2499 salvus

474 2545 653 2600 facere
694 2546 909 2609 libuit“,
956 2545 1235 2597 innumera
1286 2543 1657 2602 incitamenta,
1704 2539 1772 2592 ab
1804 2538 1915 2606 ipsa
1949 2551 2045 2589 na-

475 2648 592 2692 tura
618 2639 921 2707 desumpta,
957 2639 1022 2690 ad
1053 2636 1211 2689 tidem
1248 2634 1409 2687 rebus
1441 2632 1720 2702 stupendis
1750 2630 2045 2685 concilian—

474 2731 596 2783 dam
628 2729 678 2781 in
712 2738 1047 2782 antecessum
1081 2726 1446 2796 proposuisse.

550 2820 600 2873 7.
649 2818 946 2871 Producant
984 2835 1133 2888 aqua:
1164 2817 1371 2887 repttlia
1409 2817 1711 2869 animarum
1882 2813 2049 2866 viven-

476 2915 631 2977 tium,
673 2923 723 2967 et
762 2913 998 2967 volatilia
1037 2913 1265 2966 volantia
1310 2928 1464 2979 "(per
1507 2920 1723 2974 terram,
1767 2910 2049 2963 secundum

475 3006 861 3077 ﬁrmamentum
896 3005 1028 3059 caeli.
1056 3005 1210 3060 Jussa
1246 3014 1371 3059 sunt
1398 3020 1559 3073 super
1598 3014 1797 3057 terram
1829 3001 2045 3068 quidem

2127 523 2353 594 διανομῇ
2385 523 2480 576 τοῦ
2538 524 2738 595 κλήρου
2793 524 3112 579 ἀνισώτατοι
3165 526 3299 597 πρὸς
3352 527 3420 579 τὰ
3472 528 3692 597 ἔκγονα.

2128 616 2344 668 Δίκαιον
2377 617 2503 689 γὰρ,
2555 616 2741 688 ὥσπερ
2771 619 2828 682 ἐξ
2861 619 2976 672 ἴσου
3011 617 3443 689 μεταδεδώκασιν
3478 622 3695 692 ἑκάστῳ

2129 705 2222 757 τοῦ
2251 701 2411 769 εἶναι,
2446 706 2587 760 οὕτω
2626 708 2844 772 καὶτὰς
2878 709 3013 781 πρὸς
3046 710 3108 762 το
3154 708 3250 781 ζῇν
3278 711 3529 781 ἀφορμάς
3564 712 3698 776 ἴσως

2131 795 2315 859 αὐτοῖς
2358 798 2451 849 καὶ
2503 798 2777 867 ὁμοτίμως
2840 800 3121 870 παρέχειν.
3175 802 3266 872 Μὴ
3323 804 3531 873 μιμήσῃ
3586 804 3700 858 τῶν

2130 884 2513 955 γαμψωνύχων
2541 886 2767 957 ὀρνίθων
2814 889 2874 941 τὺ
2917 891 3155 958 ἀπηνές·
3183 891 3253 956 οἳ,
3290 892 3505 945 ἐπειδάν
3546 893 3697 946 ἴδωσι

2060 1031 2075 1049 ⁸
2131 977 2258 1038 τοὺς
2319 976 2526 1030 ἑαυτῶν
2575 980 2821 1043 νεοττοὺς
2855 983 3307 1053 κατατολμῶντας
3355 983 3537 1037 λοιπὸν
3595 985 3701 1054 τῆς

2134 1068 2404 1137 πτήσεως,
2460 1069 2777 1124 ἐκϐάλλουσι
2822 1073 2924 1143 τῆς
2977 1075 3188 1138 καλιᾶς,
3247 1076 3539 1138 τύπτοντες
3587 1080 3702 1141 τοῖς

2135 1164 2353 1231 πτεροῖς
2416 1162 2508 1215 καὶ
2558 1162 2855 1227 ὠθοῦντες,
2911 1167 3006 1219 καὶ
3066 1167 3319 1238 οὐδεμίαν
3382 1169 3703 1239 ἐπιμέλειαν

2138 1252 2416 1305 ποιοῦνται
2451 1253 2586 1325 πρὸς
2608 1255 2669 1307 τὸ
2687 1254 2888 1311 λοιπόν.
2928 1258 3237 1312 Ἐπαινετδν
3254 1260 3349 1331 τῆς
3378 1260 3621 1332 κορώνης
3641 1260 3705 1314 τὸ

2137 1345 2481 1414 φιλότεκνον·
2526 1349 2559 1417 ἢ
2595 1350 2690 1401 καὶ
2732 1354 3048 1421 πετομένοις
3096 1352 3203 1421 (76)
3235 1353 3334 1424 ἤδη
3371 1354 3700 1424 παρέπεται,

2140 1437 2415 1502 σιτίζουσα
2452 1440 2647 1503 αὐτοὺς
2695 1442 2788 1494 καὶ⁵
2838 1442 3174 1512 ἐκτρέφουσα
3222 1442 3382 1513 μέχρι
3426 1444 3699 1499 πλείστου.

2138 1530 2314 1583 Πολλά
2368 1531 2475 1585 τῶν
2525 1532 2753 1604 ὀρνίθων
2802 1533 2932 1602 γένη
2988 1534 3140 1588 οὐδὲν
3192 1535 3328 1605 πρὸς
3374 1535 3472 1606 τὴν
3510 1536 3704 1605 κύησιν

2138 1624 2305 1676 δεῖται
2338 1624 2434 1694 τῆς
2449 1624 2554 1677 τῶν
2586 1625 2830 1696 ἀρρένων
2861 1625 3162 1695 ἐπιπλοκῆς
3182 1643 3195 1655 ’
3227 1626 3340 1679 ἀλλ’
3364 1628 3420 1679 ἐν
3470 1628 3566 1697 μὲν
3596 1631 3705 1689 τοῖς

2140 1716 2319 1780 ἄλλοις
2346 1717 2516 1785 άγονά
2539 1720 2651 1770 ἐστι
2679 1716 2748 1770 τὰ
2776 1718 3071 1789 ὑπηνέμια,
3098 1720 3220 1782 τοὺς
3248 1719 3303 1771 δὲ
3331 1719 3509 1787 γῦπάς
3542 1736 3706 1789 φασιν

1605 1810 1799 1877 quippe
1840 1808 2037 1877 quibus

2148 1809 2513 1872 Ξισυνδυάστως
2540 1811 2744 1863 τίκτειν
2765 1810 2839 1873 ὡς
2870 1810 2938 1863 τά
2961 1810 3150 1875 πολλὰ,
3177 1812 3270 1862 καὶ
3300 1810 3470 1863 ταῦτα
3502 1828 3708 1881 μακρο-

2138 1901 2429 1964 ϐιωτάτους
2458 1901 2617 1962 ὄντας
2638 1917 2651 1930 ·
2684 1896 2765 1965 οἷς
2794 1919 2857 1968 γε
2892 1903 3080 1973 μέχρις
3122 1902 3312 1955 ἑκατὸν
3341 1903 3476 1955 ἐτῶν
3517 1902 3592 1965 ὠς
3638 1902 3707 1955 τὰ

2139 1986 2309 2040 πολλά
2346 1989 2729 2057 παρατείνεται
2766 1990 2877 2060 (77)
2914 1991 3104 2061 ήζωή.
3143 1990 3312 2043 Τοῦτό
3351 2008 3440 2061 μοι
3485 1991 3576 2060 ἔχε
3606 2010 3710 2045 πα-

2144 2082 2649 2151 ρασεσημειωμένον
2680 2086 2743 2137 ἐκ
2764 2084 2863 2153 τῆς
2899 2087 3025 2156 περὶ
3050 2086 3175 2149 τοὺς
3201 2085 3418 2156 ὄρνιθας
3447 2087 3706 2154 ἱστορίας,

2142 2173 2229 2235 ἵν’,
2287 2174 2504 2226 ἐπειδάν
2530 2191 2658 2226 ποτε
2687 2176 2803 2245 ίδῃς
2830 2176 3102 2245 γελῶντας
3147 2195 3297 2241 τινας
3324 2178 3384 2231 τὸ
3414 2180 3710 2249 μυστήριον

2142 2264 2316 2335 ήμῶν,
2342 2265 2417 2328 ὡς
2449 2266 2710 2320 ἀδυνάτου
2738 2268 2889 2332 ὄντος
2908 2270 3001 2321 κα)⁵
3038 2270 3140 2335 ἔξω
3169 2270 3268 2339 τῆς
3311 2269 3543 2339 φύσεως,
3570 2288 3710 2341 παρ-

2144 2357 2293 2411 θένον
2331 2360 2541 2421 τεκεῖν,
2591 2361 2692 2430 τῆς
2756 2362 3048 2431 παρθενίας
3093 2362 3261 2432 αὐτῆς
3307 2362 3711 2434 φυλαττομένης

2144 2448 2436 2518 ἀχράντου,
2467 2449 2797 2522 ἐνθυμηθῇς,
2830 2454 2909 2506 ὄτι
2943 2456 2970 2506 ὁ
3001 2454 3298 2524 εὐδοκήσας
3344 2457 3400 2507 ὲν
3432 2457 3498 2525 τῇ
3533 2454 3711 2526 μωρία

2145 2540 2239 2592 τοῦ
2265 2540 2617 2611 κηρύγματος
2656 2544 2825 2596 σῶσαι
2851 2545 2977 2604 τοὺς
3013 2546 3384 2608 πιστεύοντας,
3421 2547 3616 2617 μυρίας
3648 2548 3711 2598 ἐκ

2146 2632 2245 2701 τῆς
2274 2632 2486 2702 φύσεως
2510 2635 2761 2708 ἀφορμὰς
2786 2638 2920 2709 πρὸς
2947 2638 3045 2708 τὴν
3069 2638 3249 2691 πίστιν
3274 2640 3381 2692 τῶν
3402 2639 3713 2707 παραδόξων

2149 2725 2437 2795 προλαϐὼν
2466 2728 2793 2781 κατεϐάλετο
2828 2728 2959 2797 (78).

2225 2816 2277 2869 7.
2316 2817 2677 2887 Ἐξαγαγέτω
2701 2818 2770 2872 τὰ
2798 2818 2983 2871 ’ὕδατα
3018 2817 3231 2885 ἑρπετὰ
3258 2818 3471 2887 ψυχῶν
3495 2817 3712 2881 ζωσῶν,

2150 2908 2246 2961 καὶ
2278 2909 2517 2961 πετεινὰ
2552 2912 2845 2977 πετόμενα
2870 2910 2966 2963 ἐπὶ
2998 2908 3102 2977 τῆς
3142 2909 3271 2979 γῆς,
3310 2909 3458 2964 κατὰ
3483 2910 3549 2962 τὸ
3587 2927 3714 2964 στε-

2144 2999 2346 3068 ρέωμα
2374 3001 2479 3054 τοῦ
2507 3002 2788 3068 οὐρανοῦ.
2831 3002 2952 3054 Ἐπὶ
3001 3004 3097 3072 μὲν
3146 3005 3244 3072 τῆς
3278 3002 3382 3071 γῆς
3427 3002 3715 3073 ἐκελεύσθη

482 3096 687 3157 volare,
744 3104 1027 3165 propterea
1074 3095 1215 3162 quod
1254 3093 1507 3147 omnibus
1550 3093 1865 3145 alimentum
1910 3101 2048 3145 terra

2155 3090 2442 3152 πετάσθαι,
2476 3090 2562 3143 διὰ
2585 3091 2645 3144 τὸ
2674 3093 2808 3144 πᾶσι
2826 3093 2919 3162 τὴν
2936 3093 3138 3164 τροφὴν
3156 3093 3263 3146 ἀπὸ
3288 3094 3387 3163 τῆς
3414 3096 3514 3165 γῆς
3547 3094 3719 3165 ὑπάρ·

480 3186 853 3241 subministret
885 3204 898 3240 :
934 3186 1236 3240 Secundum
1267 3186 1655 3251 ﬁrmamentum
1696 3195 1874 3237 autem
1915 3182 2049 3247 cwli,

479 3282 763 3345 propterea
832 3278 995 3341 quod,
1052 3284 1110 3327 ut
1155 3286 1279 3328 ante
1351 3275 1607 3337 diximus,
1658 3288 1751 3326 aer
1790 3273 1890 3327 hoc
1936 3272 2055 3327 loco

482 3367 778 3435 appelletur
823 3368 1043 3431 ccelum,
1092 3384 1187 3422 ceu
1229 3366 1481 3439 οὐρανός,
1527 3367 1771 3421 videlicet
1810 3383 1838 3419 a
1894 3369 2056 3421 verbo

482 3459 733 3532 ὁρᾶσθαι,
764 3461 906 3529 quod
951 3471 1034 3514 est
1066 3461 1247 3514 videri.
1282 3460 1420 3525 Quin
1456 3469 1510 3514 et
1544 3458 1938 3512 ﬁrmamentum
1974 3460 2057 3512 di-

485 3551 649 3614 citur,
682 3550 800 3603 idco
826 3550 969 3619 quod
998 3564 1092 3603 aer
1125 3550 1235 3613 ille,
1265 3551 1356 3618 qui
1393 3557 1576 3601 nostro
1605 3548 1764 3616 capiti
1794 3549 2055 3614 imminet,

485 3643 724 3697 aethereo
756 3643 969 3710 corpori
1014 3653 1378 3710 comparatus,
1414 3642 1807 3710 quodammodo
1839 3641 2057 3696 dI'IISiO'

437 3720 455 3739 ⁶
490 3735 567 3789 ris
624 3735 696 3787 sit
747 3734 1072 3803 coagmenti,
1130 3734 1409 3802 magisque
1453 3734 1523 3786 ob
1571 3732 1939 3787 exlialationes
1993 3734 2059 3787 ab

488 3825 614 3879 imis
644 3824 777 3879 locis
822 3825 1177 3878 ascendentes
1215 3826 1637 3893 constringatur.
1685 3823 1860 3877 [labes
1899 3825 2061 3893 igitur

488 3915 687 3971 caelum
737 3924 1077 3979 exornatum,
1125 3925 1323 3967 terram
1367 3915 1695 3976 decoratam,
1748 3930 1893 3967 mare
1939 3929 2061 3982 pro-

491 4009 627 4078 priis
681 4008 876 4062 fetibus
925 4008 1248 4070 exuberans,
1302 4021 1479 4059 aerem
1538 4005 1726 4059 avibus
1778 4004 2055 4069 refertum,

495 4102 665 4169 iisque
710 4102 883 4170 ipsum
935 4100 1361 4169 pervolantibus.
1410 4098 1534 4152 Haec
1578 4098 1758 4152 omnia
1808 4114 1926 4166 quae
1970 4098 2062 4151 Dei

493 4203 761 4265 praecepto
805 4210 835 4249 e
873 4193 1039 4248 nihilo
1087 4194 1138 4246 in
1184 4193 1355 4247 lucem
1402 4193 1541 4246 edita
1589 4202 1734 4253 sunt,
1767 4201 1819 4245 et
1858 4191 2061 4259 reliqua

494 4305 614 4358 quae
667 4299 850 4342 nostra
889 4288 1063 4341 oratio
1094 4302 1234 4340 nunc
1268 4285 1632 4353 praetermisit,
1672 4283 2061 4337 diuturniorem

497 4384 551 4437 in
605 4382 689 4437 his
736 4398 938 4436 moram
986 4380 1284 4441 declinans.
1326 4387 1383 4432 ut
1427 4392 1493 4431 ne
1538 4379 1753 4432 modum
1803 4375 2065 4428 excedere

2154 3199 2271 3250 χειν
2293 3198 2304 3213 '
2344 3182 2505 3235 Κατὰ
2539 3182 2594 3234 δὲ
2630 3182 2695 3235 τὸ
2726 3183 3027 3252 στερέωμα
3048 3184 3152 3237 τοῦ
3178 3185 3458 3251 οίψιινοῦ,
3481 3184 3555 3248 ὡς
3589 3202 3718 3255 προ-

2153 3273 2405 3336 λαϐόντες
2432 3274 2848 3344 ἀποδεδώκαμεν
2872 3276 3004 3345 (79),
3044 3275 3274 3347 οὐρανοῦ
3312 3277 3546 3331 ἐνταῦθα
3576 3276 3721 3347 παρά

2156 3366 2215 3418 τὸ
2250 3365 2480 3436 ὁρᾶσθαι
2508 3366 2602 3419 τοῦ
2646 3366 2807 3438 ἀέρος
2844 3369 3302 3439 προσειρημένουο
3348 3367 3720 3439 στερεώματος

2156 3456 2233 3519 δὲ,
2291 3456 2380 3509 διά
2438 3457 2498 3509 τὸ
2554 3457 2885 3527 πυκνότερόν
2937 3476 3053 3519 πως
3105 3454 3263 3522 εἶναι,
3316 3458 3600 3528 συγκρίσει
3630 3457 3722 3511 τοῦ

2156 3550 2399 3621 αἰθερίου
2468 3549 2738 3621 σώματος,
2801 3553 2894 3603 καὶ
2948 3552 3144 3621 μᾶλλον
3191 3551 3554 3621 πεπιλημένον
3608 3555 3723 3615 ταῖς

2159 3642 2401 3696 κάτωθεν
2444 3644 2738 3714 ἀναφοραῖς
2776 3643 2867 3695 τὸν
2903 3644 3041 3715 ὑπὲρ
3084 3643 3323 3713 κεφαλῆς
3373 3643 3528 3712 ἡμῶν
3568 3642 3701 3711 ἀέρα

2163 3736 2345 3805 Ἔχεις
2375 3730 2467 3788 οὖν
2500 3734 2726 3804 οὐρανὸν
2755 3734 3256 3804 διακεκοσμημένον
3275 3774 3289 3795 ,
3319 3734 3422 3803 γῆν
3459 3734 3725 3786 κεκαλλω-

2161 3827 2447 3898 πισμένην,
2483 3827 2754 3882 θάλασσαν
2784 3827 3182 3897 εύθηνουμένην
3212 3828 3323 3888 τοῖς
3361 3824 3578 3888 οἰκείοις
3608 3842 3725 3892 γεν-

2159 3922 2415 3990 νήμασιν,
2456 3919 2591 3989 ἀέρα
2634 3918 2812 3990 πλήρη
2847 3918 2952 3970 τῶν
2980 3918 3341 3989 διιπταμένων
3391 3918 3551 3971 αὐτὸν
3588 3916 3726 3985 ὀρνί-

2162 4011 2288 4063 θων.
2324 4012 2507 4064 Πάντα
2548 4012 2926 4082 προστάγματι
2968 4010 3101 4062 θεοῦ
3138 4013 3201 4063 ἐκ
3233 4011 3324 4063 τοῦ
3360 4009 3434 4080 μὴ
3469 4010 3619 4069 ὄντος
3650 4010 3727 4069 εἰς

2160 4100 2221 4153 τὸ
2263 4095 2401 4153 εἶναι
2444 4098 2813 4170 παραχθέντα,
2857 4101 2951 4155 καὶ
2979 4101 3079 4153 ὅσα
3103 4102 3131 4152 ὁ
3158 4100 3313 4168 λόγος
3364 4103 3576 4170 παρῆκε
3614 4098 3723 4156 νῦν.

2163 4192 2260 4262 τὴν
2286 4193 2377 4244 ἐπὶ
2417 4192 2598 4245 πλεῖον
2625 4195 2681 4244 ἐν
2718 4191 2926 4254 τούτοις
2954 4192 3235 4263 διατριϐὴν
3260 4191 3540 4254 ἐκκλίνων,
3569 4192 3644 4254 ὡς
3666 4191 3727 4242 ἂν

2169 4283 2244 4353 μὴ
2274 4281 2400 4354 δόξῃ
2425 4281 2854 4353 ὁπερεκπίπτειν
2879 4282 2989 4352 (80)
3022 4283 3114 4334 τοῦ
3141 4282 3359 4352 μέτρου,
3383 4281 3523 4335 κατά
3570 4297 3728 4332 σεαυο

2167 4374 2257 4426 τὸν
2286 4372 2760 4443 συλλογισάμενος,
2786 4374 2877 4441 ὅγε
2910 4373 3212 4440 φιλόπονος,
3234 4371 3331 4442 τὴν
3359 4374 3416 4424 ἐν
3446 4373 3615 4424 ἆπασι
3642 4366 3729 4422 τοῦ

500 4475 763 4537 videatur,
802 4484 857 4527 tu
910 4484 1106 4537 tecum,
1154 4481 1337 4540 utpote
1372 4470 1663 4530 studiosus.
1700 4477 1975 4536 reputans,
2006 4473 2050 4518 et

2161 4465 2293 4518 Θεοῦ
2340 4465 2529 4534 σοφίαν
2561 4464 3006 4534 καταμανθάνων,
3046 4465 3118 4535 μὴ
3142 4462 3306 4534 λήξης
3334 4463 3461 4514 ποτέ
3486 4460 3576 4514 τοῦ
3602 4458 3731 4513 θαύ-

499 4565 593 4620 Dei
651 4566 701 4619 in
742 4566 996 4620 oumibus
1041 4564 1360 4633 sapientiam
1396 4561 1702 4623 addisceus,
1736 4573 1804 4612 ne
1826 4571 2063 4626 unquam
2083 4552 2110 4598 ι“-

571 4675 592 4707 ⁸
631 4674 649 4728 l
687 4675 811 4731 Cor.
845 4692 885 4744 t,
914 4676 1004 4731 2L

502 4812 614 4865 bito
641 4812 766 4881 quin
800 4812 990 4865 melius
1035 4812 1194 4870 absit,
1239 4823 1360 4881 eum
1398 4807 1450 4859 id
1484 4821 1587 4860 non
1640 4803 1918 4881 agnoverit
1958 4800 2067 4853 Eu-

508 4872 761 4943 stathius,
783 4884 872 4948 qui
901 4883 977 4935 sic
1007 4882 1166 4934 vertit
1196 4899 1207 4933 :
1244 4877 1392 4931 Tales
1420 4887 1539 4929 sunt
1574 4872 1809 4928 nonnulli
1832 4881 2071 4939 parentes

514 4954 779 5005 hominum
806 4952 893 5022 qui
924 4961 1273 5022 paupertatem
1302 4948 1523 5022 causali,
1564 4955 1669 5000 etc.

583 5022 693 5092 (76)
720 5010 855 5075 Edili
895 5010 993 5092 κα).
1030 5010 1368 5088 πετομένοις.
1401 5019 1469 5071 At
1512 5010 1641 5071 mss.
1675 5024 1798 5070 octo
1843 5010 2070 5092 πετομέ-

506 5084 631 5146 νων.
676 5084 898 5161 Maguus
943 5090 1031 5143 ille
1057 5084 1299 5161 cynicum
1354 5104 1481 5140 mss.
1528 5100 1821 5161 consensus
1849 5084 1956 5136 fere
1985 5096 2067 5161 uie

507 5182 538 5217 a
563 5164 725 5217 lducit
755 5151 810 5213 ιῖι
835 5161 1049 5215 credam
1076 5158 1329 5210 Basiliuui
1352 5158 1684 5227 πετομένων,
1713 5171 1816 5209 non
1837 5151 2069 5227 πετομέτ

508 5251 617 5297 νοις
653 5234 954 5302 scripsisse,
984 5242 1143 5302 atque
1172 5228 1273 5281 hoc
1304 5228 1419 5302 loco
1441 5222 1754 5302 coiitigisse,
1778 5226 1918 5291 quod
1942 5222 2069 5302 alibi

513 5292 673 5372 smpe,
716 5292 776 5355 ut
808 5292 1145 5372 typograplti,
1180 5300 1319 5372 quod
1344 5292 1628 5372 “tuendum
1664 5298 1883 5372 subesse
1927 5292 2071 5372 arbi-

518 5363 809 5436 trarentur,
828 5363 1014 5425 casum
1034 5363 1209 5422 unum
1224 5369 1274 5420 in
1310 5367 1471 5421 alium
1497 5365 1894 5421 transmutariut
1908 5404 1921 5415 .
1940 5363 2070 5416 Dum

520 5445 680 5511 igitur
730 5446 972 5496 viderent
1028 5440 1268 5511 νενιὶιιιιιΔ
1298 5439 1613 5509 παρέπομαι
1665 5436 2073 5511 tlativuuthoa

517 5502 807 5579 genitivum
837 5527 1037 5579 regere,
1070 5502 1393 5578 πετομένοις
1410 5502 1848 5579 ιιι-θ’πετομένων
1911 5502 2077 5579 Marte

517 5573 731 5653 proptio
752 5573 933 5637 contra
964 5582 1117 5634 Iidem
1154 5573 1279 5653 mss.
1308 5573 1551 5653 fortassis
1575 5573 1810 5631 scribere
1841 5573 2075 5653 notandu-

518 5643 774 5706 bitarunt.
808 5654 910 5706 Sel
947 5652 988 5706 si
1016 5649 1325 5722 τετομένων
1365 5650 1627 5722 scriptura
1659 5662 1779 5722 vera
1811 5645 1902 5722 sit:
1926 5643 2074 5722 dicas

521 5736 739 5778 necesse
762 5732 842 5778 est
874 5734 1053 5777 casum
1086 5712 1201 5776 esse
1231 5712 1551 5785 absolutum,
1578 5733 1637 5771 ac
1669 5719 1710 5770 si
1736 5714 1855 5782 quis
1887 5712 2073 5768 Latine

2125 4559 2134 4568 ”
2175 4573 2362 4627 ματος,
2391 4556 2522 4627 μηδέ
2554 4554 2649 4608 τοῦ
2681 4555 2770 4608 διὰ
2793 4555 2969 4626 πάσης
2990 4554 3091 4625 τῆς
3123 4555 3350 4617 κτίσεως
3372 4552 3613 4618 δοξάζειν
3644 4549 3732 4603 τὸν

2177 4802 2400 4861 diceret,
2435 4797 2658 4851 Consule
2686 4795 2951 4858 Cicerone,
2969 4797 3016 4849 ei
3041 4796 3394 4850 adulabantur
3418 4813 3612 4851 omnes.
3645 4796 3727 4861 lgi-

2180 4881 2267 4923 tur
2287 4871 2442 4921 modo
2468 4883 2571 4922 non
2596 4868 2836 4921 dissimili
2864 4868 3022 4920 verba
3044 4867 3251 4932 Graeca,
3276 4868 3319 4920 si
3337 4882 3627 4935 pronomen
3645 4869 3733 4919 αύ-

2177 4942 2292 5003 τοῐς
2320 4939 2680 5007 suppleamus.
2714 4946 2963 5003 poterunt
2991 4938 3226 5007 construi
3264 4938 3363 4991 lioc
3395 4939 3553 5007 modo
3588 4956 3600 4991 :
3637 4955 3730 4989 πεο

2176 5011 2417 5080 τομένων
2446 5007 2670 5080 τέκνων,
2694 5006 3215 5080 αύτοῖςᾼπαρέπεται,
3242 5006 3534 5061 volantibus
3561 5010 3735 5077 pullis,

2174 5077 2259 5134 eos
2287 5080 2582 5132 comitatur.
2619 5077 2761 5145 Lege
2790 5086 2847 5129 ut
2876 5078 3078 5131 libebit.
3230 5146 3267 5147 ν
3329 5140 3337 5147 ,

2247 5148 2361 5219 (77)
2394 5149 2521 5215 Reg.
2553 5159 2739 5201 sextus
2767 5148 3197 5219 παρεκτείνεται.
3226 5146 3344 5200 Mox
3368 5147 3736 5219 codicesocto

2177 5217 2265 5290 ἔχε
2300 5217 2910 5290 παρασεσημειωμένον.
2948 5217 3086 5273 Edili
3126 5218 3215 5288 ἔχε
3243 5217 3393 5289 παρά
3414 5218 3623 5290 σεαυτῷ
3652 5236 3729 5272 σε·

2178 5290 2571 5343 σημειωμένον.
2690 5330 2691 5333 η

2291 5308 2316 5342 ε
2325 5308 2387 5341 ιω
2394 5306 2550 5343 μενον
2558 5330 2571 5341 .
2690 5330 2691 5333 η

2178 5308 2571 5413 σημειωῧενον.
2690 5330 2691 5333 η

2252 5361 2368 5432 (78)
2435 5377 2500 5432 uo
2531 5374 2661 5412 mss.
2685 5356 3077 5432 κατεϐάλλετο.
3110 5357 3251 5411 Infra
3285 5374 3412 5432 mss.
3446 5369 3557 5415 tres
3591 5360 3715 5413 πέτε

2177 5429 2321 5484 σθαι.
2355 5431 2490 5484 Editi
2515 5446 2635 5483 cum
2667 5429 2873 5483 duobus
2896 5429 3015 5482 aliis
3046 5443 3172 5481 mss.
3211 5429 3499 5482 πετάσθαι.

2246 5502 2357 5571 (79)
2390 5500 2521 5569 Reg.
2552 5509 2734 5553 sextus
2757 5498 3117 5571 upoiaﬁéws;
3138 5497 3516 5571 ἀπεδώκαμεν.
3542 5498 3651 5554 Nec
3675 5500 3737 5552 ita

2177 5568 2347 5627 multo
2371 5568 2488 5637 post
2516 5585 2643 5621 mss.
2678 5578 2785 5621 tres
2808 5568 2896 5621 διὰ
2926 5568 2987 5620 τὸ
3019 5569 3239 5623 πυκνόν.

2249 5641 2357 5709 (80)
2392 5640 2618 5711 Codices
2653 5638 2890 5711 quinque
2908 5638 3289 5711 ὑπερπίπτειν.
3321 5638 3440 5695 Mox
3470 5639 3623 5693 Coll).
3662 5653 3739 5695 sc-

2176 5707 2380 5767 cundus
2405 5710 2462 5763 ἐν
2498 5710 2626 5763 πᾶσι
2652 5707 2764 5761 τοῦ.
