4082 6398
374 371 473 433 181

1491 374 1779 433 HOMILIA
1822 378 1931 435 Vill
1974 378 2039 433 IN
2080 379 2576 437 HEXAEMERDN.

3518 381 3619 435 182

373 489 629 561 ποιητήν.
668 490 853 560 Ἔχεις
880 491 938 545 ὲν
968 490 1044 563 τῷ
1099 493 1277 548 σκότει
1328 493 1395 547 τὰ
1448 496 1768 567 νυκτερόὸια
1820 498 1950 568 γένη

2054 501 2268 555 desinas
2297 501 2504 564 mirari,
2535 513 2704 568 neque
2742 498 2965 568 gloriam
2997 514 3061 553 ex
3090 498 3329 568 qualibet
3371 508 3617 553 creatura

370 582 483 635 τῶν
508 581 734 652 ὀρνίθων
754 599 768 614 ·
808 585 864 635 ὲν
885 582 961 654 τῷ
984 588 1121 653 φωτὶ
1143 586 1212 639 τά
1243 587 1595 658 ἡμερόφοιτα.
1622 589 1949 660 Νυκτερίδες

375 673 479 743 μὲν
497 673 633 744 γὰρ,
660 674 754 727 καὶ
779 675 1034 742 γλαῦκες,
1059 678 1153 730 κα)¹
1181 679 1600 750 νυκτοκόρακες,
1628 680 1737 733 τῶν
1763 697 1947 733 νυκτιο

374 768 555 837 νόμων
584 767 742 821 εἰσίν.
790 767 951 821 Ὥστε
984 770 1065 821 σοί
1104 788 1233 824 ποτε
1262 773 1319 823 ὲν
1360 772 1535 842 καιρῷ
1576 773 1649 843 μὴ
1685 772 1949 844 παρόντος

375 859 471 912 τοῦ
517 859 683 912 ῦπνου
715 860 965 927 ἐξαρκεῖν
984 861 1078 913 καὶ
1099 862 1196 933 τὴν
1232 866 1286 915 ὲν
1306 864 1513 927 τούτοις
1536 864 1836 935 διατριϐὴν,
1858 866 1950 919 καὶ

374 951 473 1020 τὴν
498 950 606 1004 τῶν
624 952 976 1023 ὑπαρχόντων
996 954 1177 1018 αὐτοῖς
1197 956 1499 1026 ἰδιωμάτων
1524 956 1789 1020 ἐξέτασιν,
1812 956 1947 1027 πρὸς

374 1042 679 1111 δοξολογίαν
700 1044 793 1096 τοῦ
826 1028 1069 1115 ποιητῦῦ.
1102 1047 1225 1110 Πῶς
1250 1047 1523 1119 ἄγρυπνον
1552 1046 1801 1119 ὴάηδὼν,
1819 1048 1948 1100 ὅταν

377 1135 623 1205 ἑπωάζῃ,
654 1132 740 1187 διὰ
767 1134 948 1205 πάσης
974 1131 1167 1200 νυκτὸς
1198 1138 1295 1208 τῆς
1333 1137 1598 1208 μελῳδίας
1633 1138 1706 1208 μὴ
1740 1136 1948 1208 ἀπολή-

377 1243 571 1295 γουσα.
605 1227 728 1291 Πῶς
752 1228 1056 1299 τετράπουν
1090 1230 1149 1281 τὸ
1172 1230 1303 1283 αὐτὸ
1331 1231 1424 1282 καὶ
1458 1229 1657 1294 πτηνὸν
1692 1232 1725 1299 ἡ
1763 1246 1951 1284 νυκτε-

382 1314 486 1386 ρίς.
522 1315 645 1378 Πῶς
688 1316 823 1386 μόνη
866 1316 973 1369 τῶν
1014 1318 1243 1388 ὀρνίθων
1281 1320 1458 1372 ὀδοῦσι
1504 1319 1807 1391 κέχρηται,
1856 1320 1951 1374 καὶ

378 1404 635 1473 ζωογονεῖ
664 1406 772 1475 (81)
807 1407 904 1475 μὲν
936 1407 1011 1471 ὡς
1031 1407 1098 1459 τὰ
1114 1409 1436 1479 τετράποδα,
1463 1410 1779 1474 ἐπιπολάζει
1792 1410 1848 1463 δὲ
1873 1409 1951 1480 τῷ

377 1496 525 1568 ἀέρι,
560 1497 681 1567 οὐχὶ
714 1498 898 1569 πτερῷ
935 1498 1325 1570 κουφιζομένη,
1362 1500 1476 1553 ἀλλ’
1510 1502 1668 1571 ὑμένι
1698 1501 1803 1554 τινὶ
1833 1501 1953 1572 δερο

381 1586 611 1657 ματίνῳ.
634 1587 753 1651 Πῶς
786 1588 965 1658 μέντοι
990 1588 1257 1641 καὶτοῦτο
1272 1589 1384 1660 ἔχει
1406 1590 1467 1643 τὸ
1499 1591 1608 1661 (8'2)
1632 1591 1952 1662 φιλάλληλον

379 1678 437 1738 ὲν
460 1682 525 1749 τῇ
556 1678 733 1747 φύσει,
754 1680 847 1735 καὶ
877 1679 1063 1751 ὥσπερ
1083 1681 1340 1752 ὀρμαθὸς,
1359 1682 1601 1753 ἀλλήλων
1626 1684 1683 1735 αἱ
1710 1684 1953 1753 νυκτερί-

377 1773 467 1835 δες
504 1773 734 1842 ἔχονται,
774 1774 865 1827 καὶ
897 1775 994 1844 μία
1032 1775 1130 1845 τῆς
1180 1777 1308 1845 μιᾶς
1352 1777 1653 1847 ἤρτηνται·
1688 1777 1825 1846 ὅπερ
1864 1775 1949 1845 ἐφ’

378 1864 535 1934 ἡμῶν
555 1864 662 1917 τῶν
688 1864 990 1935 ἀνθρώπων
1016 1866 1279 1936 οὐορᾁιον
1300 1867 1725 1937 κατορθωθῆναι.
1751 1866 1823 1919 Τὸ
1843 1865 1951 1937 γάρ

377 1956 779 2026 ἀπεσχισμένον
822 1958 914 2009 καὶ
963 1957 1161 2021 ἰδιάζον
1194 1957 1287 2013 τοῦ
1336 1958 1650 2019 κοινωνικοῦ
1683 1960 1775 2013 καὶ
1807 1960 1949 2030 ἠνω-

382 2046 544 2116 μένου
578 2049 687 2109 τοῖς
723 2047 937 2111 πολλοῖς
998 2050 1410 2121 προτιμότερον.
1442 2050 1563 2113 Πῶς
1594 2050 1806 2102 ἐοίκασι
1839 2052 1949 2113 τοῖς

377 2139 591 2208 ὀμμασι
641 2140 739 2209 τῆς
786 2139 1019 2206 γλαυκὸς
1065 2142 1111 2192 οἱ
1158 2141 1287 2211 περ).
1334 2140 1431 2211 τὴν
1484 2141 1712 2211 ματαίαν
1757 2140 1949 2209 σοφίαν

379 2227 752 2297 ὲσχολακότες.
796 2229 903 2281 Καὶ
952 2229 1059 2299 γὰρ
1099 2230 1313 2300 ἐκείνης
1362 2232 1395 2301 ή
1441 2230 1561 2299 ὄψις
1612 2231 1802 2293 νυκτὸς
1853 2232 1949 2301 μὲν

378 2319 633 2390 ἔρρωται,
668 2320 818 2390 ἡλίου
850 2321 905 2373 δὲ
937 2320 1248 2391 λάμψαντος
1285 2321 1642 2393 ἀμαυροῦται.
1679 2324 1791 2377 Καὶ
1822 2323 1948 2376 τού-

376 2424 486 2460 των
523 2408 620 2478 μὲν
652 2408 761 2479 (85)
797 2411 829 2479 ἡ
874 2409 1075 2465 διάνοια
1125 2408 1354 2479 ὀξυτάτη
1403 2411 1500 2480 μέν
1551 2412 1663 2463 ἐστι
1690 2409 1824 2480 πρὸς
1851 2410 1949 2480 τὴν

377 2502 477 2564 τῆς
503 2501 856 2571 ματαιότητος
893 2501 1145 2573 θεωρίαν,
1184 2504 1318 2574 πρὸς
1354 2503 1409 2555 δὲ
1440 2503 1539 2574 τὴν
1571 2502 1663 2555 τοῦ
1698 2502 1949 2573 ἀληθινοῦ

374 2591 557 2658 φωτὸς
583 2593 904 2663 κατανόησιν
929 2593 1329 2665 ὲξημαύρωται.
1362 2595 1449 2645 Ἐν
1470 2594 1652 2664 ἡμέρα
1671 2593 1727 2647 δέ
1751 2610 1829 2645 σοι
1856 2593 1949 2647 καὶ

382 2684 524 2737 πάνυ
556 2684 733 2755 ῥᾴδιον
762 2685 1094 2756 πανταχόθεν
1126 2686 1377 2753 συνάγειν
1406 2685 1517 2755 (84)
1548 2686 1607 2737 τὸ
1647 2684 1830 2756 θαῦμα
1855 2685 1949 2738 τοῦ

380 2772 687 2838 κτίσαντος.
730 2774 850 2839 Πῶς
875 2776 971 2845 μὲν
1002 2778 1087 2828 ἐπ’
1114 2774 1251 2847 ἔργα
1286 2792 1344 2828 σε
1372 2776 1625 2847 διεγείρει
1650 2779 1678 2829 ὁ
1709 2776 1951 2840 σύνοικος

379 2866 550 2937 ὅρνις,
583 2866 730 2937 ὀξείᾳ
755 2868 821 2937 τῇ
854 2869 1002 2937 φωνῇ
1044 2867 1256 2937 ὲμόοῶν
1294 2869 1386 2921 καὶ
1423 2868 1786 2938 καταμηνύων
1821 2871 1952 2941 πόρ-

383 2958 558 3028 ρωθεν
590 2958 671 3010 ἔτι
708 2958 797 3010 τὸν
829 2958 978 3029 ἦλιον
1011 2959 1462 3030 προσελαύνοντα,
1501 2959 1799 3030 ὁδοιπόροις
1831 2977 1952 3013 συν-

378 3050 719 3121 διορθρίζων,
750 3051 1023 3121 γεωργοὺς
1054 3050 1107 3102 δὲ
1132 3050 1337 3117 ἐξάγων
1382 3049 1517 3121 πρὸς
1562 3050 1789 3122 ἀμητόν.
1829 3051 1951 3114 Πῶς

382 3142 658 3213 ἄγρυπνον
689 3142 748 3194 τὸ
794 3141 902 3193 τῶν
943 3140 1120 3213 χηνῶν
1173 3142 1348 3211 γένος,
1392 3142 1499 3201 καὶ,
1535 3143 1670 3214 πρὸς
1709 3143 1804 3213 τὴν
1844 3142 1951 3195 τῶν

381 3235 749 3291 λανθανόντων
782 3234 1030 3304 αἴσθησιν
1058 3233 1332 3299 ὀξύτατον,
1372 3236 1425 3288 οἵ
1453 3234 1515 3304 γέ
1563 3252 1691 3287 ποτε
1731 3236 1824 3287 καὶ
1856 3234 1954 3305 τὴν

385 3328 630 3399 βασιλίδα
664 3327 817 3381 πόλιν
838 3326 1256 3398 περιεσώσαντο,
1301 3327 1591 3397 πολεμίους
1637 3326 1813 3390 τινὰς,
1850 3327 1955 3379 ὑπὸ

383 3423 487 3492 γῆς
520 3421 586 3473 δι’
629 3421 913 3491 ὑπονόμων
958 3419 1070 3485 (85)
1116 3420 1335 3486 ἀφανῶν
1386 3420 1483 3490 ἤδη
1534 3419 1821 3489 μέλλοντας
1858 3419 1956 3490 τὴν

384 3510 560 3579 ἄκραν
592 3510 691 3579 τῆς
731 3508 944 3579 Ῥώμης
965 3508 1416 3577 καταλαμϐάνειν,
1447 3508 1947 3577 καταμηνύσαντες.

398 3602 486 3654 Ἐν
522 3600 657 3670 ποίῳ
704 3600 848 3668 γένει
906 3598 1012 3651 τῶν
1053 3598 1278 3669 ὀρνίθων
1328 3598 1428 3649 οὐκ
1472 3598 1597 3651 ἴδιόν
1628 3615 1681 3651 τι
1716 3597 1953 3668 θαῦμαή

385 3693 548 3761 φύσις
571 3692 844 3755 δείκνυσι;
876 3689 969 3754 Τίς
1006 3693 1034 3743 ὀ
1068 3690 1175 3757 (86)
1197 3693 1307 3752 τοῖς
1335 3689 1467 3759 γυψὶ
1498 3690 1957 3761 προαπαγγέλλων

382 3784 492 3837 τῶν
524 3783 825 3854 ἀνθρώπων
852 3783 941 3834 τὸν
968 3782 1213 3845 θάνατον,
1254 3782 1381 3834 ὅταν
1422 3782 1539 3833 κατ’
1564 3780 1803 3851 ἀλλήλων
1842 3782 1958 3832 ἐπι-

386 3873 824 3944 στρατεύσωσινς
861 3872 1018 3933 ’Ίδοις
1048 3872 1155 3943 γὰρ
1200 3871 1265 3925 ἂν
1304 3871 1501 3942 μυρίας
1540 3870 1737 3935 ἀγέλας
1770 3872 1959 3939 γυπῶν

383 3969 496 4030 τοῖς
530 3965 907 4037 στρατοπέδοις
947 3964 1352 4035 παρεπομένας,
1380 3965 1444 4016 ὲκ
1490 3965 1587 4034 τῆς
1632 3964 1739 4017 τῶν
1781 3964 1958 4016 ὃπλων

387 4059 740 4129 παρασκευῆς
787 4055 1233 4127 τεκμαιρομένων
1285 4054 1382 4125 τὴν
1421 4054 1660 4111 ἔκϐασιν.
1709 4054 1876 4107 Τοῦτο
1902 4055 1959 4107 δὲ

386 4153 447 4204 ού
475 4152 691 4223 μακράν
726 4150 837 4221 (87)
866 4152 982 4203 ἐστι
1016 4147 1290 4218 λογισμῶν
1326 4148 1695 4219 ἀνθρωπίνων.
1728 4147 1849 4211 Πῶς
1878 4165 1958 4200 σοι

385 4245 485 4308 τὰς
518 4244 751 4314 φοϐερὰς
786 4243 1170 4313 ἐπιστρατείας
1215 4241 1312 4309 τῆς
1351 4240 1566 4311 ἀκρίδος
1609 4241 1954 4311 διηγήσομαι⁸

388 4339 447 4406 ἢ,
473 4339 561 4407 ὑφ’
603 4338 684 4390 ἑνὶ
723 4335 1022 4406 συνθήματι
1072 4336 1220 4389 πᾶσα
1264 4332 1490 4404 ἀρθεῖσα
1523 4333 1617 4386 καὶ
1665 4349 1960 4403 στρατοπε-

386 4429 690 4500 δευσαμένη
722 4427 864 4482 κατά
895 4428 955 4480 τὸ
986 4427 1185 4489 πλάτος
1222 4426 1320 4495 τῆς
1360 4424 1561 4496 χώρας,
1599 4424 1658 4476 ού
1699 4425 1960 4495 πρότερον

2050 592 2315 647 conditori
2343 592 2489 645 dare.
2522 590 2696 647 Habes
2728 591 2778 645 in
2808 590 3042 645 tenebris
3066 592 3307 658 quaedam
3340 590 3616 644 volucrum

2049 696 2268 751 genera,
2294 695 2413 750 qua:
2441 682 2605 733 vitam
2635 690 2948 734 nocturnam
2979 682 3179 734 ducunt
3213 700 3225 735 :
3261 681 3314 733 in
3345 681 3460 735 luce
3490 682 3616 746 alia,

2049 785 2166 839 quae
2189 770 2419 824 interdiu
2446 780 2729 839 vagantur.
2759 769 3177 839 Vespertiliones
3199 773 3364 833 enim,
3390 784 3615 838 noctune,

2050 862 2304 931 corvique
2348 862 2621 924 nocturni,
2679 873 2837 915 noctu
2897 873 3209 929 pascuntur.
3265 862 3441 928 Quare
3494 880 3616 917 cum

2050 952 2339 1020 aliquando
2373 968 2467 1021 per
2498 953 2711 1020 aliquod
2744 963 2951 1023 tempus
2993 954 3086 1006 tibi
3138 971 3242 1006 non
3273 956 3441 1006 aderit
3467 970 3619 1009 som-

2051 1057 2169 1105 nus.
2212 1042 2259 1097 si
2308 1042 2359 1096 in
2409 1043 2493 1095 his
2536 1043 2860 1109 immoraris,
2904 1053 2953 1096 et
2996 1058 3180 1096 eorum
3212 1045 3466 1111 expendis
3497 1059 3617 1113 pro-

2048 1134 2325 1204 prietates.
2360 1149 2422 1188 ea
2473 1134 2540 1187 ad
2582 1135 2915 1189 conditorem
2951 1134 3119 1203 gloria
3149 1133 3485 1189 afﬁciendum
3522 1135 3616 1189 tibi

2049 1227 2314 1281 sullicicnt
2358 1244 2370 1281 :
2424 1226 2695 1295 quomodo
2737 1226 2863 1294 vigil
2920 1228 2989 1281 sit
3035 1227 3281 1291 luscinia,
3339 1242 3460 1281 cum
3500 1228 3621 1282 ovis

2050 1320 2269 1373 incubat
2304 1337 2316 1371 :
2345 1319 2782 1389 quandoquidem
2814 1334 2910 1388 per
2940 1329 3103 1374 totam
3135 1329 3343 1373 noctem
3384 1335 3413 1371 a
3454 1330 3615 1372 cantu

2004 1448 2010 1453 υ
2051 1424 2154 1463 non
2196 1410 2441 1475 desistit;
2474 1412 2742 1477 quomodo
2773 1412 2908 1465 idem
2946 1412 3252 1480 quadrupes
3288 1411 3357 1463 sit
3392 1418 3448 1463 et
3475 1409 3621 1461 vola—

2053 1500 2165 1562 tile,
2193 1500 2533 1566 vespertilio;
2562 1504 2830 1569 quomodo
2864 1502 2974 1555 sola
3014 1516 3077 1554 ex
3112 1500 3418 1554 volucribus
3444 1500 3619 1553 deuti-

2052 1591 2153 1646 bus
2178 1600 2381 1656 utatur,
2439 1603 2490 1645 et
2527 1594 2697 1660 pariat
2727 1592 2942 1661 quidem
2975 1591 3179 1646 catulos
3209 1591 3354 1645 velut
3380 1592 3618 1658 quadru-

2053 1684 2229 1751 pedia,
2260 1693 2482 1752 vagetur
2521 1699 2647 1738 vero
2686 1684 2737 1737 in
2786 1699 2931 1751 aere,
2970 1698 3073 1736 non
3113 1684 3303 1751 pennis
3334 1683 3494 1748 elata,
3526 1682 3622 1738 sed

2054 1776 2365 1829 membrana
2395 1776 2624 1844 quadam
2659 1775 2930 1829 coriacea.
2966 1776 3242 1842 Quomodo
3281 1784 3334 1827 et
3370 1774 3470 1829 hoc
3508 1789 3621 1827 mu-

1984 1852 2024 1906 Β
2059 1876 2205 1919 tuum
2240 1882 2475 1919 amorem
2512 1876 2702 1919 natura
2738 1866 2954 1919 insitum
2996 1867 3209 1930 habeat,
3247 1866 3457 1933 sibique
3485 1864 3623 1917 invi-

2056 1972 2170 2011 cem
2208 1958 2608 2026 vespertiliones
2658 1958 2708 2011 in
2747 1960 2959 2011 modum
2994 1968 3196 2012 catenae
3227 1958 3619 2020 adlirerescant,

2056 2056 2109 2100 et
2156 2061 2258 2099 una
2308 2048 2376 2099 ab
2416 2046 2582 2100 altera
2634 2048 2861 2113 pendeat
2908 2064 2923 2101 :
2963 2047 3102 2116 quod
3145 2062 3249 2100 non
3296 2046 3453 2100 facile
3504 2046 3619 2100 fieri

2056 2136 2194 2190 inter
2229 2152 2327 2191 nos
2361 2136 2605 2191 homines
2644 2137 2801 2191 solet.
2848 2136 2977 2189 Nam
3030 2138 3268 2205 sejuncta
3317 2147 3369 2191 et
3420 2139 3622 2207 privata

2056 2230 2163 2281 vita
2224 2243 2251 2280 a
2307 2228 2581 2296 plerisque
2638 2228 2880 2282 societati
2927 2228 3231 2297 praefertur,
3279 2239 3441 2297 atque
3487 2244 3623 2284 cou-

2050 2317 2341 2386 junctioni.
2388 2318 2457 2374 Ut
2508 2320 2581 2372 illi
2616 2318 2707 2388 qui
2736 2334 2886 2372 vana:
2912 2320 3193 2387 sapientia:
3224 2322 3462 2384 student,
3519 2337 3621 2373 uo-

2062 2419 2202 2464 ctua:
2235 2409 2405 2463 oculis
2455 2419 2581 2463 sunt
2623 2409 2857 2463 similes!
2912 2408 3044 2462 Nam
3085 2420 3142 2461 ut
3189 2409 3328 2463 illius
3376 2406 3623 2479 aspectus

2057 2510 2216 2555 noctu
2262 2502 2475 2566 quidem
2523 2501 2687 2565 valet,
2736 2501 2847 2556 sole
2874 2517 2999 2555 vero
3024 2502 3357 2556 illucescente
3392 2503 3623 2557 infusca-
3683 2565 3695 2580 .

2059 2601 2144 2644 tur
2190 2608 2205 2644 :
2263 2591 2337 2644 ita
2402 2592 2628 2645 istorum
2682 2606 2836 2645 mens
2890 2592 3349 2660 perspicacissima
3406 2593 3620 2661 quidem

2057 2692 2133 2734 est
2204 2683 2269 2733 ad
2327 2680 2791 2749 contemplandam
2848 2681 3162 2749 vanitatem,
3212 2681 3451 2735 hebescit
3496 2696 3623 2735 vero

2058 2773 2135 2835 ad,
2157 2788 2339 2825 veram
2378 2775 2549 2826 lucem
2586 2772 3001 2841 intelligendam.
3048 2772 3185 2839 Quin
3230 2783 3283 2826 et
3325 2774 3417 2827 tibi
3460 2774 3625 2828 inter-

2056 2864 2145 2919 diu
2211 2864 2368 2918 facile
2425 2864 2709 2918 admodum
2774 2863 2934 2916 fuerit
2991 2864 3265 2917 undelibet
3320 2876 3620 2919 creatorem

2059 2956 2335 3011 admirari.
2378 2954 2540 3010 Utad
2585 2972 2775 3024 operas
2819 2956 3021 3009 excitat
3070 2966 3118 3010 te
3158 2957 3271 3011 avis
3306 2957 3620 3014 domestica.

2058 3056 2175 3109 qua:
2216 3056 2343 3096 voce
2368 3053 2525 3095 acuta
2572 3042 2930 3110 inclamitaus,
2963 3052 3017 3097 et
3042 3044 3205 3097 solem
3238 3045 3413 3099 adhuc
3445 3061 3474 3099 e
3516 3044 3628 3099 lou-

2060 3135 2257 3204 ginquo
2308 3137 2650 3189 accedentem
2696 3136 3087 3205 prceuuntians,
3141 3136 3325 3207 vigilat
3367 3153 3469 3191 una
3500 3154 3621 3191 cum

1981 3204 2023 3263 Ο
2056 3225 2369 3292 viatoribus,
2402 3236 2561 3294 atque
2594 3227 2858 3295 agricolas
2905 3227 2971 3280 ad
3022 3244 3253 3282 messem
3304 3229 3500 3283 educit.
3556 3228 3625 3285 Ut

2057 3317 2279 3386 pervigil
2317 3328 2398 3372 est
2424 3334 2676 3371 anserum
2725 3334 2926 3388 genus;
2970 3329 3131 3388 atque
3177 3319 3227 3373 id
3276 3321 3417 3389 quod
3469 3321 3621 3385 latet,

2058 3408 2368 3462 acutissime
2394 3408 2579 3461 sentit.
2619 3406 2681 3460 lli
2730 3408 2979 3462 videlicet
3020 3410 3219 3479 regiam
3269 3412 3454 3464 urbem
3498 3410 3623 3464 olim

2058 3509 2464 3565 conservarunt,
2502 3501 2622 3551 dum
2658 3498 2768 3570 78
2804 3501 2985 3553 hostes
3036 3499 3293 3567 quosdam
3343 3500 3441 3553 sub
3485 3508 3627 3554 terra

2060 3604 2151 3656 per
2186 3588 2414 3643 latentes
2448 3589 2725 3643 cuniculos
2754 3589 2976 3657 jamjam
3011 3592 3061 3641 in
3110 3590 3256 3644 urbis
3303 3589 3486 3644 Roma:
3537 3607 3626 3643 ar-

2059 3697 2173 3737 cem
2226 3695 2583 3753 occupaturos
2631 3685 3001 3753 prodiderunt.
3056 3684 3110 3738 ln
3165 3700 3396 3753 quonam
3447 3688 3625 3739 aviqu

2058 3790 2253 3845 genere
2295 3791 2406 3829 rem
2441 3777 2727 3845 quamdam
2759 3776 3084 3845 singularem
3139 3776 3495 3831 admiratione
3544 3780 3621 3833 di-

2058 3881 2218 3936 gnam
2258 3879 2446 3922 natura
2489 3885 2593 3922 non
2630 3869 2898 3922 ostendit?
2925 3868 3054 3935 Quis
3090 3871 3409 3938 praenuntiat
3454 3870 3628 3924 vultu-

2061 3962 2209 4016 ribus
2266 3961 2540 4015 hominum
2608 3972 2833 4015 mortem
2891 3972 3024 4027 tum,
3077 3978 3200 4015 cum
3246 3963 3346 4015 sibi
3397 3962 3623 4016 invicem

2060 4055 2294 4109 inferunt
2352 4053 2584 4107 bellum?
2624 4052 2818 4107 Videas
2872 4055 3015 4108 enim
3074 4055 3380 4108 innumeros
3437 4070 3625 4124 greges

2058 4144 2333 4199 vulturum
2382 4144 2654 4197 exercitus
2704 4154 3011 4214 sequentes.
3044 4154 3097 4199 et
3131 4162 3192 4199 ex
3226 4161 3495 4200 armorum
3530 4160 3627 4214 ap-

2061 4246 2250 4307 paratu
2278 4236 2482 4290 exitum
2518 4238 2906 4306 conjectantes.
2942 4238 3051 4292 lloc
3076 4248 3249 4291 autem
3294 4254 3397 4292 non
3441 4238 3624 4306 procul

2061 4347 2089 4384 a
2121 4329 2622 4399 ratiocinationibus
2650 4330 2903 4385 humanis
2951 4330 3125 4384 abest.
3184 4333 3429 4395 Quonam
3469 4342 3626 4397 pacto

2066 4422 2336 4479 terribiles
2404 4422 2625 4476 locustae
2685 4423 3051 4492 expeditiones
3115 4423 3209 4477 tibi
3270 4438 3623 4489 enarravero,

389 4520 617 4572 ἅπτεται
645 4518 751 4570 τῶν
794 4516 1040 4588 καρπῶν,
1077 4516 1205 4586 πρὶν
1251 4513 1526 4584 ὲνδοθῆναι
1571 4513 1707 4583 αὐτῇ
1738 4513 1795 4565 τὸ
1820 4513 1952 4565 θεῖον

2061 4532 2180 4587 qua!
2207 4516 2455 4569 universa
2497 4515 2598 4569 sub
2628 4530 2733 4568 uno
2762 4516 2915 4582 signo
2945 4514 3105 4577 elata,
3138 4523 3299 4585 atque
3331 4518 3623 4570 secundum

390 4610 751 4681 πρόσταγμα;
813 4608 936 4672 Πῶς
988 4611 1019 4679 ἡ
1083 4606 1326 4670 σελευκὶς
1371 4605 1627 4674 ὲφέπεται
1675 4605 1806 4674 ἴαμα
1861 4604 1959 4673 τῆς

390 4702 623 4773 πληγῆς,
664 4701 964 4773 ἀπέραντον
997 4698 1193 4770 ἔχουσα
1216 4698 1307 4755 τοῦ
1339 4697 1536 4749 ὲσθίειν
1581 4697 1679 4766 τὴν
1713 4695 1957 4766 δύναμιν,

389 4794 482 4848 τοῦ
527 4794 909 4865 φιλανθρώπου
950 4792 1083 4847 Θεοῦ
1117 4792 1407 4861 ἀκόρεστον
1448 4788 1619 4857 αὐτῆς
1657 4788 1753 4859 τὴν
1801 4790 1961 4858 φύσιν

390 4890 478 4941 ἐπ’
507 4888 795 4959 εὐεργεσίᾳ
822 4887 927 4941 τῶν
948 4885 1246 4957 ἀνθρώπων
1270 4882 1777 4945 κατασκευάσαντος
1808 4882 1917 4953 (88)
1944 4901 1959 4949 ;

461 5082 572 5151 (81)
598 5082 702 5137 Sex
731 5098 863 5136 mss.
892 5080 1166 5151 ζωογονεῖ.
1202 5083 1338 5137 Editi
1368 5084 1643 5147 ζωοτοκεῖ.

462 5151 574 5222 (82)
605 5155 695 5208 Sic
721 5164 952 5222 quatuor
982 5170 1111 5209 mss.
1147 5154 1355 5207 Atediti
1381 5169 1510 5222 cum
1537 5168 1642 5205 uno
1667 5161 1759 5205 aut
1786 5151 1959 5207 altero

391 5238 495 5299 ms.
525 5221 748 5299 exerat.
800 5223 1252 5299 AliquantoApost
1288 5221 1666 5299 erhtianris.
1698 5223 1810 5299 xa‘t_
1848 5222 1957 5299 γὰρ

389 5291 600 5366 ὥσπερ.
656 5295 812 5349 Deest
836 5294 946 5364 γάρ
974 5294 1024 5345 iu
1056 5294 1291 5349 editione
1336 5291 1499 5349 Basil.
1542 5300 1599 5348 et
1639 5293 1689 5347 in
1722 5291 1956 5362 quinque

389 5378 521 5421 ωερε.

466 5434 577 5504 (8'5)
618 5432 695 5488 Ita
730 5441 964 5500 quatuor
995 5448 1123 5504 mss.
1162 5432 1315 5503 Deest
1364 5431 1463 5502 μέν
1493 5432 1544 5486 in
1574 5432 1806 5485 excusis.

461 5502 574 5577 (84)
608 5506 786 5577 Codex
817 5502 1064 5577 (ΞοηιιλειίἈ
1088 5502 1209 5561 cum
1242 5504 1361 5577 aliis
1393 5503 1629 5571 quinque
1664 5519 1951 5577 Inss._9’w-

390 5572 566 5646 ἀγεινῤ
613 5574 750 5646 Editi
794 5589 913 5626 cum
953 5572 1107 5646 Qolb.
1151 5575 1386 5646 secundo
1420 5576 1763 5646 συναγαγεῖν.
1805 5573 1952 5646 llaud

394 5641 553 5717 longe
601 5645 729 5699 editi
781 5659 901 5697 cum
955 5641 1106 5717 Reg.”
1143 5644 1302 5697 tertio
1361 5643 1795 5716 συνδιορθρίζων.
1846 5645 1948 5698 Alii

392 5711 624 5788 quattuor
658 5729 790 5767 mss.
823 5711 1204 5788 συνορθρίζων.

465 5785 577 5854 (85)
608 5784 682 5839 lta
716 5800 843 5839 tnss.
880 5796 1019 5838 octo.
1060 5784 1195 5837 Editi
1231 5784 1518 5855 πολεμίους
1553 5785 1702 5848 τινὰς
1731 5786 1952 5854 ἀφανεῖς

2064 4609 2302 4679 regionis
2332 4607 2667 4661 latitudinem
2703 4617 3113 4671 castrametans,
3166 4626 3269 4661 non
3318 4609 3465 4677 prius
3513 4610 3625 4661 lru-

2062 4712 2182 4755 ctus
2238 4700 2476 4769 attingit.
2524 4713 2683 4767 quam
2712 4698 2949 4750 divinum
2991 4708 3310 4767 prreceptum
3346 4698 3412 4753 sit
3444 4700 3490 4753 ei
3528 4700 3627 4752 da-

2062 4792 2222 4845 tum?
2261 4791 2538 4857 Quomodo
2586 4789 2846 4844 locustam
2898 4788 3199 4857 insequitur
3251 4792 3478 4845 seleucis
3509 4791 3625 4845 avis

2062 4902 2182 4956 qua:
2207 4884 2377 4953 plagae
2422 4881 2638 4936 inﬂicta:
2687 4882 2978 4936 remedium
3027 4893 3148 4935 est:
3197 4883 3627 4954 quandoquidem

2066 5084 2134 5157 δι’
2163 5086 2469 5157 ὑπονόμων.
2504 5084 2557 5141 ld
2594 5085 2751 5140 aliter
2790 5086 2857 5142 ab
2887 5084 3008 5140 aliis
3041 5086 3309 5142 historicis
3353 5094 3622 5141 narratur.

2066 5156 2207 5220 Lege
2234 5156 2504 5212 Dircaeum.

2136 5227 2247 5297 (86)
2289 5226 2365 5281 lta
2410 5244 2499 5281 sex
2550 5241 2677 5279 mss.
2718 5227 2878 5282 Deest
2918 5226 2947 5279 ὀ
2985 5228 3037 5281 in
3070 5227 3250 5281 editis.
3291 5227 3488 5280 Ibidem
3521 5228 3626 5280 duo

2245 5297 2689 5369 προσαγγέλλων.
2729 5299 2869 5352 Editi
2924 5314 3043 5352 cum
3091 5298 3212 5353 aliis
3247 5313 3376 5351 mss.
3418 5313 3625 5367 προαγ-

2065 5382 2095 5419 γ
2188 5386 2282 5419 ων.

2188 5386 2282 5423 ων.

2060 5382 2370 5507 γεΐ8ῧνέὶο
2400 5437 2549 5492 multi
2581 5452 2710 5492 mss.
2744 5440 2811 5493 At
2831 5438 2957 5492 editi
2978 5438 3136 5491 τοῦτο
3155 5438 3211 5490 δὲ
3232 5436 3351 5491 οὐδὲ
3389 5436 3623 5506 μακρόν.

2132 5508 2243 5579 (88)
2276 5508 2500 5563 Codices
2546 5519 2781 5579 quatuor
2809 5526 2838 5563 e
2870 5512 3066 5562 nostris
3105 5518 3294 5577 praeter
3327 5508 3457 5579 duos
3495 5510 3623 5560 Duc.

2060 5576 2601 5649 παρασκευάσαντος.
2652 5578 2792 5633 Editi
2846 5596 2966 5633 cum
3023 5576 3128 5631 uno
3179 5586 3269 5649 aut
3319 5576 3487 5649 altero
3522 5592 3624 5649 ms,

2060 5644 2583 5713 κατασκευάσαντος.
2626 5650 2739 5704 lilox
2774 5666 2864 5704 sex
2900 5663 3028 5704 mss.
3063 5652 3151 5705 οιαὶ
3182 5647 3313 5711 πῶς.
3351 5646 3505 5703 Deest
3531 5644 3627 5703 κτιι

2062 5721 2112 5772 iu
2151 5722 2328 5774 editis.
