4082 6398
427 312 531 366 185

1737 317 1794 372 S.
1841 313 2083 368 BASILII
2124 315 2170 369 M
2183 315 2339 370 AGNI

3573 313 3686 369 ιδι

421 430 515 486 illa
563 439 874 500 perpetuam
939 431 1100 487 habet
1149 435 1344 489 edendi
1393 435 1727 503 facultatem,
1776 435 2001 506 benigno

2110 432 2205 496 Τίς
2225 435 2253 485 ό
2283 433 2480 504 τρόπος
2504 434 2603 502 τῆς
2635 430 2898 502 μελῳδίας
2926 427 3018 482 τοῦ
3053 430 3329 497 τέττιγος;
3353 443 3461 484 nat
3486 430 3602 495 πῶς
3626 434 3689 484 ὲν

423 523 535 579 Deo
571 523 938 579 insatiabilem
967 535 1214 581 naturam
1252 530 1528 583 hominum
1558 531 1728 600 gratia
1756 530 1804 584 ei
1833 546 2000 599 appaa

426 613 620 669 rante?
667 615 797 680 Qua:
845 615 916 669 sit
959 616 1266 670 modulandi
1295 620 1434 672 ratio
1465 620 1704 674 cicadae?
1735 621 2003 688 quomodo

427 707 480 761 in
529 707 755 762 meridie
800 708 963 763 solito
1017 709 1188 778 magis
1240 725 1456 766 canone
1497 722 1643 773 sunt,
1690 712 1813 766 dum
1861 713 2003 766 aeris

425 796 768 864 attractione,
811 813 930 865 qua:
983 798 1034 851 in
1084 799 1320 854 thoracis
1363 801 1686 855 distentione
1721 800 1800 864 tit,
1825 801 2003 856 editur

429 889 636 942 sonus?
669 890 738 942 At
765 892 909 943 enim
945 890 1074 943 mihi
1109 890 1296 943 videor
1321 891 1494 959 magis
1523 895 1698 960 impar
1728 906 1848 946 esse
1888 907 2002 946 ser-

431 993 590 1030 mone
622 978 672 1032 in
702 978 1038 1045 explicandis
1066 978 1363 1032 volatilium
1415 980 1707 1043 miraculis,
1747 995 1908 1048 quam
1956 981 2000 1035 si

427 1069 655 1138 pedibus
681 1084 911 1123 conarer
939 1068 1284 1123 velocitatem
1313 1070 1551 1139 ipsorum
1592 1071 1827 1139 assequi.
1865 1069 2000 1126 Cum

429 1161 629 1215 videris
654 1178 715 1215 ea
755 1162 990 1216 volatilia
1029 1178 1150 1231 quas
1193 1165 1398 1218 insecta
1447 1173 1727 1227 vocantur,
1768 1172 1827 1217 ut
1875 1177 2004 1233 apes

427 1261 480 1304 et
538 1267 765 1321 vespas:
821 1253 902 1307 sic
954 1253 1097 1306 enim
1149 1253 1261 1322 ipsa
1311 1251 1670 1321 appellarunt,
1715 1263 2000 1323 propterea

425 1342 568 1410 quod
621 1343 881 1412 quasdam
927 1343 1164 1412 undique
1209 1343 1474 1398 incisuras
1517 1359 1624 1409 prae
1671 1359 1730 1398 se
1775 1347 1997 1400 ferunt:

424 1433 608 1488 veniat
639 1434 732 1487 tibi
766 1433 817 1486 in
855 1444 1111 1493 mentem.
1150 1434 1564 1504 respirationem
1604 1445 1764 1505 atque
1791 1435 2002 1504 pulmo-

426 1541 550 1581 nem
579 1527 632 1581 in
663 1527 728 1581 iis
757 1541 862 1579 non
897 1526 1122 1596 reperiri
1150 1544 1162 1580 :
1188 1529 1282 1581 sed
1327 1536 1435 1582 tota
1478 1528 1697 1581 omnino
1731 1543 1854 1582 aere
1895 1543 1998 1582 nu-

429 1618 572 1672 triri.
605 1616 944 1688 Quapropter
983 1617 1103 1673 oleo
1147 1617 1470 1682 madefacta,
1520 1620 1754 1674 occlusis
1811 1621 2000 1674 meati-

427 1713 548 1772 bus,
597 1719 860 1780 pereunt;
912 1725 1035 1763 cum
1083 1726 1211 1765 vero
1241 1713 1420 1765 statim
1451 1721 1659 1766 acetum
1684 1711 1995 1778 aﬂ‘unditur,

2105 528 2170 595 τῇ
2210 523 2524 596 μεσημϐρίᾳ
2549 524 2758 577 ἑαυτῶν
2786 525 2923 576 εἰσιν
2951 519 3297 593 ᾠδικώτεροι,
3329 525 3394 593 τῇ
3426 522 3556 593 ὁλκῇ
3589 521 3684 577 τοῦ

2104 618 2288 687 ἀέρος,
2325 618 2390 686 ἢν
2420 618 2478 669 ἐν
2524 618 2588 686 τῇ
2647 615 2896 685 διαστολῇ
2948 613 3225 666 ποιοῦνται
3275 613 3370 666 τοῦ
3414 612 3684 684 θώρακος,

2104 709 2446 778 ὲκδιδομένου
2496 707 2592 761 τοῦ
2644 707 2914 777 φθόγγους
2949 705 3108 757 Ἀλλά
3151 704 3262 775 γὰρ
3307 704 3458 758 ἔοικα
3503 704 3686 758 πλεῖον

2102 801 2493 855 ἀπολείπεσθαι
2519 800 2594 871 τῷ
2627 800 2769 868 λόγῳ
2797 798 2889 852 τοῦ
2932 797 3205 868 θαύματος
3247 796 3354 850 τῶν
3382 798 3620 868 πτηνῶν,
3646 799 3682 869 ἢ

2104 896 2153 947 εἰ
2208 895 2322 956 τοῖς
2380 893 2538 946 ποσὶν
2589 892 2770 945 αὐτῶν
2829 887 3145 961 ἐπειρώμην
3207 888 3542 957 ἐφικνεῖσθαι
3588 890 3684 942 τοῦ

2103 987 2320 1056 τάχους.
2351 987 2517 1039 Ὅταν
2545 984 2659 1058 ἴδῃς
2693 983 2760 1037 τὰ
2791 983 2988 1054 ἔντομα
3018 982 3282 1052 λεγόμενα
3307 982 3416 1035 τῶν
3441 980 3681 1051 πτηνῶν,

2103 1072 2214 1132 οἷον
2247 1077 2505 1149 μελίσσας
2530 1077 2622 1130 καὶ
2655 1077 2868 1145 σφῆκας
2895 1075 3056 1145 (οὕτω
3083 1075 3192 1145 γὰρ
3217 1074 3355 1126 αύτά
3387 1073 3685 1145 προσειρή-

2104 1187 2252 1231 κασι,
2294 1167 2383 1221 διὰ
2431 1168 2490 1220 τὸ
2539 1165 2872 1237 πανταχόθεν
2930 1165 3162 1234 ἐντομάς
3220 1182 3370 1228 τινας
3415 1165 3683 1232 φαίνειν),

2103 1261 2359 1332 ἐνθυμοῦ,
2388 1261 2470 1314 ὄτι
2504 1259 2714 1323 τούτοις
2754 1257 2995 1328 ἀναπνοὴ
3039 1257 3139 1310 οὐκ
3172 1255 3491 1319 ἔστιν,ὀύδὲ
3521 1257 3686 1310 πνεύ-

2107 1369 2241 1422 μων,
2268 1351 2382 1405 ἀλλ⁹
2407 1350 2502 1403 ὅλα
2537 1351 2603 1404 δι’
2637 1350 2772 1403 ὅλων
2809 1348 3066 1419 τρέφεται
3089 1347 3166 1418 τῷ
3194 1347 3335 1417 ἀέρι.
3364 1347 3560 1418 Διόπερ
3589 1346 3684 1400 καὶ

2103 1443 2267 1514 ἐλαίῳ
2297 1441 2711 1514 καταϐραχέντα
2746 1439 3047 1510 φθείρεται,
3077 1439 3187 1491 τῶν
3220 1439 3402 1510 πόρων
3435 1440 3684 1509 ἀποφρα-

2100 1535 2308 1603 γὲντων
2328 1552 2342 1566 ·
2371 1534 2525 1602 ὄξους
2557 1534 2613 1587 δὲ
2639 1532 2799 1597 εὐθὺς
2846 1530 3229 1602 ὲπιϐληθέντος
3267 1530 3427 1586 πάλιν
3454 1530 3684 1584 ἀναϐιώ-

2103 1642 2312 1681 σκεται.
2351 1625 2457 1679 τῶν
2484 1623 2729 1689 διεξόδων
2753 1623 3138 1694 ἀνοιγομένων.
3171 1622 3334 1674 Οὐδὲν
3369 1621 3684 1692 περιττότε-

2105 1734 2196 1788 ρον
2240 1717 2338 1786 τῆς
2379 1717 2585 1787 χρείας,
2636 1713 2760 1768 οὔτε
2814 1714 2917 1785 μὴν
2977 1712 3218 1766 ὲλλεῖπόν
3263 1729 3366 1764 τινι
3413 1711 3518 1763 τῶν
3555 1712 3684 1764 ἀνα-

427 1802 651 1857 reclusis
704 1800 1058 1856 foraminibus
1110 1818 1297 1857 rursus
1344 1803 1698 1860 reviviscunt.
1747 1805 1892 1860 [nter
1935 1820 1996 1859 ea

2103 1807 2309 1875 γκαίων
2340 1809 2368 1858 ό
2391 1807 2523 1870 Θεὸς
2560 1805 2720 1878 ἡμῶν
2753 1805 2952 1858 ἔκτισε.
3008 1804 3177 1856 Πάλιν
3209 1803 3278 1854 τά
3311 1801 3542 1873 φίλυδρα
3573 1802 3684 1854 τῶν

425 1911 547 1964 qua:
579 1895 718 1948 Deus
745 1905 931 1949 noster
956 1897 1184 1959 creavit,
1233 1897 1364 1950 nihil
1411 1906 1494 1951 est
1528 1899 1662 1951 citra
1708 1899 2000 1952 necessita-

428 1996 559 2049 tem,
587 1986 718 2039 nihil
751 1988 902 2041 deest
949 1988 1398 2041 necessariorum.
1445 1987 1653 2042 Rursus
1704 1990 1749 2043 si
1795 1990 2000 2044 anima-

428 2078 499 2130 lia
536 2091 690 2145 aquae
719 2077 956 2130 amantia
993 2078 1382 2143 considerabis,
1412 2079 1573 2133 aliam
1615 2081 1664 2134 in
1698 2082 1829 2150 ipsis
1859 2091 2002 2134 stru-

426 2179 634 2221 cturam
669 2167 1004 2235 comperies:
1065 2170 1228 2236 pedes
1273 2169 1520 2225 videlicet
1570 2172 1791 2226 minime
1838 2170 2005 2227 ditiis-

425 2274 540 2324 808,
569 2260 710 2315 velut
741 2259 1012 2314 cornicis:
1051 2277 1154 2314 non
1197 2261 1454 2326 aduncos,
1499 2263 1644 2317 velut
1683 2263 2000 2317 carnivoro-

428 2367 584 2406 rum:
628 2354 721 2406 sed
759 2352 896 2406 latos
935 2367 998 2405 ac
1042 2353 1506 2420 membranaceos,
1549 2364 1606 2408 ut
1645 2354 1799 2410 facile
1848 2357 2003 2412 undis

429 2448 698 2509 innatent,
744 2445 938 2514 pedum
992 2446 1323 2499 membranis
1364 2446 1508 2499 velut
1553 2447 1874 2516 quibusdam
1919 2464 2004 2503 re-

427 2539 531 2592 mis
586 2552 780 2607 aquam
845 2537 1197 2606 innpellentes.
1252 2538 1402 2604 Quod
1434 2538 1478 2592 si
1520 2539 2003 2603 animadverteris,

426 2631 878 2698 quemadmolum
922 2645 1122 2701 cycnus
1165 2631 1305 2684 collo
1352 2632 1406 2684 in
1455 2631 1774 2701 profundam
1806 2649 2000 2700 aquam

425 2721 689 2786 immisso,
719 2722 786 2776 ab
817 2721 926 2775 imo
953 2722 1132 2776 cibum
1171 2723 1274 2777 sibi
1315 2722 1538 2777 eﬂ'erat:
1591 2733 1716 2778 tunc
1769 2723 1861 2777 Dei
1907 2724 2002 2777 de-

430 2814 798 2884 prehensurus
820 2829 879 2868 es
907 2815 1247 2884 sapientiam,
1277 2815 1364 2881 qui
1395 2816 1596 2870 scilicet
1626 2816 1818 2870 collum
1849 2816 2003 2885 pedi-

431 2907 531 2960 bus
560 2906 771 2975 longius
797 2907 917 2960 ideo
956 2907 1166 2970 tribuit,
1217 2918 1273 2960 ut
1322 2907 1446 2961 illud
1491 2908 1633 2962 velut
1679 2908 1872 2962 lineam
1926 2908 2005 2976 pi-

429 3001 717 3054 suatoriaut
771 2999 1080 3063 demittens,
1127 3013 1307 3054 escam
1355 3000 1408 3054 in
1457 3000 1565 3055 imo
1601 3000 2002 3059 delitescentem

429 3093 677 3161 exquirat
707 3106 771 3144 ac
793 3091 1062 3146 extrahat.

2103 1898 2259 1963 ζώων
2311 1898 2673 1969 καταμαθὼν,
2724 1898 2920 1969 ἑτέραν
2981 1897 3038 1948 ὲν
3099 1895 3280 1957 αὐτοῖς
3343 1895 3682 1964 κατασκευὴν

2090 1993 2353 2064 εὑρήσεις
2378 2008 2392 2021 ’
2440 1991 2608 2054 πόδας
2645 1989 2768 2043 οὔτε
2811 1987 3252 2059 διεσχισμένους,
3299 1984 3375 2048 ὡς
3415 1985 3541 2048 τοὺς
3585 1987 3683 2056 τῆς

2100 2083 2368 2154 κορώνης,
2397 2083 2518 2136 οὔτε
2557 2082 2848 2152 ἀγκύλους,
2877 2081 2952 2144 ὼς
2979 2080 3108 2142 τοὺς
3138 2077 3246 2131 τῶν
3281 2077 3644 2148 σαρκοφάγων
3663 2093 3678 2106 ·

2102 2176 2238 2229 ἀλλά
2263 2177 2480 2240 πλατεῖς
2515 2176 2610 2230 καὶ
2638 2174 2951 2245 ὑμενώδεις,
2979 2174 3065 2227 ἵνα
3093 2171 3289 2243 ῥᾳδίως
3320 2171 3682 2240 ἐπινήχωνται

2100 2266 2179 2336 τῷ
2217 2266 2388 2330 ὕδατι,
2423 2268 2586 2319 οἱονεὶ
2620 2265 2833 2328 κώπαις
2865 2267 2976 2318 τισὶ
3011 2267 3122 2326 τοῖς
3169 2261 3276 2315 τῶν
3309 2261 3484 2314 ποδῶν
3523 2261 3682 2331 ὑμέσι

2101 2361 2161 2413 τὸ
2195 2359 2359 2430 ὑγρὸν
2411 2358 2783 2429 διωθούμενοι.
2830 2357 2954 2410 Ἐὰν
3000 2357 3058 2410 δὲ
3104 2354 3456 2426 καταμάθῃς,
3499 2355 3678 2416 ὅπως,

2103 2453 2181 2513 εἰς
2227 2450 2389 2520 βάθος
2435 2452 2462 2504 ὁ
2509 2450 2706 2513 κύκνος
2767 2448 2976 2513 καθιεὶς
3017 2448 3107 2501 τὸν
3159 2447 3395 2517 αὐχένα,
3441 2446 3681 2500 κάτωθεν

2104 2541 2282 2611 ἑαυτῷ
2309 2541 2406 2612 τὴν
2451 2541 2656 2614 τροφὴν
2703 2540 2990 2610 ἀναφέρει,
3024 2539 3142 2592 τότε
3187 2538 3438 2608 εὑρήσεις
3463 2537 3562 2608 τὴν
3591 2555 3679 2590 σο-

2106 2635 2234 2702 φίαν
2270 2633 2363 2686 τοῦ
2410 2634 2714 2696 κτίσαντος,
2745 2634 2827 2686 ὅτι
2873 2631 2961 2685 διὰ
2998 2629 3155 2683 τοῦτο
3207 2630 3537 2702 μακρότερον
3577 2629 3680 2683 τῶν

2105 2724 2282 2778 ποδῶν
2302 2724 2392 2776 τὸν
2407 2723 2610 2794 αὐχένα
2627 2722 2984 2795 προσέθηκεν,
3011 2722 3116 2784 ἵνα,
3140 2720 3327 2792 ὥσπερ
3343 2721 3462 2774 τινὰ
3483 2721 3680 2792 ὁρμιάν

2106 2816 2382 2884 κατάγων,
2437 2816 2534 2887 τὴν
2588 2818 2645 2869 ὲν
2703 2815 2781 2886 τῷ
2836 2814 2987 2885 βάθει
3043 2811 3434 2885 κεκρυμμένην
3478 2813 3680 2886 τροφὴν

2106 2910 2466 2981 ὲκπορίζηται

503 3149 559 3238 έ.
596 3181 764 3237 Verba
801 3182 1097 3250 Scriptura:
1117 3181 1165 3235 si
1194 3181 1508 3251 simpliciter
1532 3183 1799 3252 legantur,
1826 3200 2001 3252 parva:

2175 3186 2229 3241 8.
2271 3184 2482 3248 ’Λπλῶς
2514 3183 2991 3254 ἀναγινωσκόμενα
3025 3181 3091 3235 τὰ
3137 3183 3358 3253 ῥήματα
3401 3181 3498 3251 τῆς
3535 3181 3674 3252 Γρα-

431 3276 675 3344 quaedam
719 3283 844 3327 sunt
890 3274 1146 3339 syllabas:
1203 3273 1508 3327 Produc-aut
1564 3291 1717 3343 aqua:
1769 3276 2004 3332 volatilia

430 3364 664 3420 uolantia
698 3382 854 3435 super
882 3377 1076 3419 terram
1113 3367 1400 3420 secundum
1425 3366 1816 3434 ﬁrmamentum
1848 3370 1960 3422 cazli
1983 3385 2004 3425 :

430 3456 527 3512 sed
580 3472 702 3509 cum
759 3457 1048 3511 verborum
1106 3458 1494 3526 pervcstigatur
1542 3459 1829 3523 sententia,
1881 3469 2006 3514 tunc

434 3563 686 3616 magnum
731 3549 1013 3618 sapientia:
1062 3549 1358 3603 conditoris
1403 3547 1722 3602 miraculum
1759 3563 2000 3618 apparet.

433 3641 576 3708 Quot
633 3641 928 3694 volatilinm
1006 3641 1260 3712 prtevidit'
1318 3640 1676 3695 discrimina?
1738 3643 2004 3709 quomodo

431 3733 538 3786 alia
571 3733 640 3784 ab
689 3732 808 3784 aliis
852 3732 999 3798 iuxta
1048 3747 1217 3801 genus
1259 3728 1532 3799 sejunxit?
1571 3734 1840 3799 quomodo
1888 3735 2001 3787 sin-

437 3821 558 3892 gula
617 3822 892 3874 distinctis
951 3822 1372 3891 proprietatibus
1437 3822 1757 3889 insignivit?
1818 3823 2006 3880 Delicit

435 3929 524 3967 me
559 3915 676 3967 dies
719 3915 862 3966 aeria
889 3915 1045 3968 vobis
1074 3913 1337 3968 miracula
1379 3925 1764 3982 exponentem.
1815 3916 2004 3972 Invitat

435 4019 537 4060 nos
570 4007 679 4074 ipsa
725 4006 1012 4059 continens
1051 4009 1116 4058 ad
1161 4004 1304 4059 feras
1349 4006 1668 4075 reptiliaque
1708 4017 1761 4060 et
1807 4025 2003 4076 pecora

435 4097 492 4152 in
521 4097 756 4150 medium
785 4096 1108 4166 proferenda
1135 4114 1148 4148 :
1174 4098 1607 4166 quandoquidem
1636 4099 1837 4168 aliquid
1864 4104 2003 4169 quod

433 4189 636 4258 plantis
663 4198 717 4243 et
747 4189 1056 4242 natatilium
1108 4188 1292 4256 generi
1335 4198 1389 4242 ct
1439 4191 1648 4243 cunctis
1699 4191 2006 4248 volatilibus

434 4282 608 4350 impar
638 4296 743 4335 non
777 4281 868 4342 sit,
900 4281 1139 4336 vicissim
1184 4279 1443 4335 exhibere
1491 4293 1682 4350 parata
1721 4293 1821 4338 est.
1870 4283 2006 4338 Pro-

429 4374 587 4426 ducat
612 4384 755 4427 terra
787 4373 1017 4425 animum
1047 4373 1296 4425 viventem
1339 4389 1586 4440 pecorum
1627 4385 1672 4428 et
1719 4376 2003 4430 bestiarum

2105 3279 2230 3350 φῆς,
2263 3275 2520 3330 συλλαϐαί
2560 3275 2704 3338 τινές
2745 3277 2850 3328 είσι
2900 3275 3091 3345 μικραί
3130 3272 3274 3344 (89)·
3318 3272 3680 3343 Ἐξιιταγέτω

2104 3371 2177 3422 τὰ
2200 3367 2385 3421 ὕδατα
2411 3366 2648 3420 πετεινὰ
2684 3367 2977 3434 πετόμενα
3005 3367 3102 3418 ἐπὶ
3151 3363 3260 3430 τῆς
3291 3362 3405 3432 τῆς
3435 3364 3584 3416 κατὰ
3612 3362 3679 3415 τὸ

2105 3459 2406 3528 στερέωμα
2432 3457 2539 3512 τοῦ
2564 3456 2823 3526 οὐρανοῦ
2846 3473 2860 3488 ·
2892 3455 3265 3529 ὲρευνωμὲνης
3289 3455 3346 3508 δὲ
3372 3458 3473 3526 τῆς
3493 3457 3549 3508 ὲν
3569 3457 3681 3518 τοῖς

2107 3550 2314 3622 ῥήμασι
2356 3548 2613 3612 διανοίας,
2657 3547 2776 3601 τότε
2828 3549 3144 3616 ὲκφαίνεται
3192 3547 3254 3599 τὸ
3311 3546 3453 3618 μέγα
3495 3546 3680 3616 θαῦμει⁸

2105 3643 2201 3713 τῆς
2223 3641 2414 3710 σοφίας
2445 3641 2539 3694 τοῦ
2569 3641 2870 3703 κτίσαντος.
2906 3640 3084 3703 Πόσας
3115 3637 3392 3710 προείδετο
3419 3638 3677 3710 διαφορὰς

2107 3732 2357 3803 πτηνῶν;
2392 3733 2539 3794 ὅπως
2572 3730 2707 3783 αὐτὰ
2742 3729 2884 3782 κατά
2925 3729 3078 3797 γένος
3123 3729 3403 3798 διέστησεν
3454 3728 3548 3781 ἀπ’
3585 3727 3679 3781 ἀλ-

2106 3824 2279 3896 ληλων
2309 3841 2322 3889 ;
2357 3823 2474 3886 πῶς
2519 3822 2745 3875 ἕκαστον
2790 3820 3210 3892 κεχωρισμένοις
3254 3821 3678 3891 ἐχαρακτήρισεν

2110 3913 2425 3984 ἱδιώμασιν;
2477 3911 2772 3963 Ἐπιλείπει
2804 3911 2912 3980 (9U)
2967 3926 3033 3980 με
3063 3910 3094 3979 ἡ
3122 3909 3323 3979 ἡμέρα,
3360 3909 3428 3961 τὰ
3463 3909 3678 3980 ὲναέρια

2107 4005 2233 4074 ὑμῖν
2265 4003 2515 4072 θαύματα
2530 3999 2901 4071 διηγούμενον.
2930 3999 3102 4053 Καλεί
3125 4001 3270 4069 ἡμᾶς
3291 3999 3529 4071 ἠχέρσος
3546 4001 3680 4072 πρὸς

2103 4094 2332 4169 τὴντῶν
2369 4094 2571 4165 θηρίων
2604 4093 2696 4147 καὶ
2740 4091 2983 4163 ἑρπετῶν
3023 4093 3116 4146 καὶ
3164 4092 3523 4164 βοσκημάτων
3558 4093 3678 4146 ὲπί-

2104 4188 2288 4253 δειξιν,
2323 4186 2555 4256 ἑτοίμως
2597 4184 2792 4255 ἔχουσα
2827 4185 3062 4255 όμότιμα
3099 4187 3214 4247 τοῖς
3256 4188 3442 4254 φυτοῖς
3483 4185 3575 4238 καὶ
3604 4183 3680 4254 τῷ

2108 4279 2300 4349 πλωτῷ
2327 4279 2472 4346 γένει
2503 4276 2596 4329 καί
2612 4280 2724 4339 τοῖς
2754 4278 2977 4345 πτηνοῖς
3002 4277 3167 4328 πᾶσιν
3193 4274 3676 4338 ἀντεπιδείξασθαι.

2119 4370 2482 4441 Ἐξαγαγέτω
2525 4371 2562 4438 ἡ
2605 4367 2679 4438 τνῆ
2720 4367 2934 4438 ψυχὴν
2964 4367 3157 4427 ζῶσαν
3184 4367 3419 4434 κτηνῶν
3446 4367 3543 4419 καὶ
3571 4369 3677 4434 θη-

428 4474 477 4518 et
505 4464 764 4530 reptilium
789 4464 952 4533 juxta
985 4480 1165 4532 genus.
1199 4464 1336 4529 Quid
1372 4464 1550 4517 dicitis
1585 4481 1677 4518 vos
1707 4469 1795 4535 qui
1839 4469 1995 4520 iidem

2103 4466 2246 4532 ρίων
2278 4464 2374 4516 καὶ
2410 4461 2672 4528 ἑρπετῶν
2709 4460 2858 4514 κατὰ
2913 4458 3104 4529 γένος.
3147 4459 3211 4511 Τί
3245 4476 3398 4528 φατε.
3453 4460 3503 4511 οἱ
3553 4459 3678 4511 ἀπι-

430 4572 538 4610 ιιοιι
576 4557 786 4610 habetis
814 4555 1001 4616 Paulo,
1040 4557 1185 4609 circa
1221 4572 1340 4610 eam
1370 4570 1490 4624 qua:
1515 4558 1566 4608 in
1604 4559 2000 4611 resurrectione

431 4651 525 4701 liet
568 4647 944 4711 mutationem,
1002 4664 1125 4700 cum
1175 4647 1340 4700 multa
1403 4648 1549 4701 aeria
1598 4647 1802 4702 furtivas
1852 4663 2002 4702 coin-

429 4740 695 4793 mutantia
738 4740 1008 4794 videatis?
1047 4740 1234 4807 Qualia
1282 4741 1446 4794 etiam
1495 4743 1559 4794 de
1601 4741 1782 4796 lndico
1817 4757 2001 4796 verme

427 4829 712 4897 cornigero
761 4840 1071 4894 narrantur,
1119 4830 1227 4900 79
1273 4832 1362 4899 qui
1393 4834 1623 4899 primum
1672 4833 1724 4885 in
1781 4849 1998 4886 erucant

425 4928 848 4984 trausmutatus,
876 4921 1070 4974 deinde
1101 4921 1360 4990 temporis
1393 4937 1674 4990 progressu
1700 4922 2001 4992 bombylins

429 5014 532 5068 tit:
566 5026 665 5066 nec
696 5013 747 5065 in
794 5011 897 5065 hac
940 5011 1109 5065 forma
1158 5021 1364 5074 manet,
1412 5013 1506 5065 sed
1555 5012 1706 5066 laxas
1755 5023 1809 5066 et
1862 5015 1997 5069 latas

429 5107 674 5160 bracteas
705 5119 802 5174 pro
848 5103 948 5156 alis
995 5102 1244 5170 suscipit.
1287 5103 1419 5157 Cum
1466 5105 1632 5171 igitur
1666 5121 1762 5159 vos
1805 5107 1996 5160 mulie-

429 5212 518 5251 res
544 5196 764 5257 sedetis,
793 5194 984 5248 hormn
1033 5210 1197 5262 opera
1243 5205 1452 5259 nentes.
1496 5197 1580 5249 tila
1625 5198 1833 5252 scilicet
1874 5197 1996 5252 dico

425 5303 548 5361 qua:
593 5288 659 5342 ad
703 5303 798 5343 vos
841 5287 1214 5341 transmittunt
1265 5291 1425 5344 Seres
1465 5289 1532 5342 ad
1577 5290 1766 5345 molles
1818 5300 1995 5344 vestes

497 5475 611 5549 (89)
638 5473 738 5549 Sic
765 5473 938 5549 codex
989 5471 1233 5549 C_ombel'.
1283 5487 1406 5527 cum
1453 5472 1576 5528 aliis
1605 5481 1834 5542 quatuor
1867 5488 1999 5528 mss.

423 5543 662 5616 At'editi
681 5547 786 5616 είσὶ
825 5543 1052 5616 μακραί.

498 5616 609 5684 (90)
648 5615 796 5670 Ultus
829 5613 1247 5683 'ins.'e7:-.).st','/st.
1279 5613 1565 5679 Aliquanto
1596 5623 1710 5679 post
1742 5629 1872 5668 mss.
1905 5629 1996 5668 sex

425 5687 760 5757 talsiﬂgiq
790 5688 822 5755 ἡ
855 5687 1067 5757 χέρσος.
1107 5686 1243 5737 Ειίίιί
1275 5684 1421 5753 ἡμᾶς
1449 5685 1481 5753 ή
1515 5684 1757 5753 ἤπειρος.

503 5703 580 5739 Αει
611 5703 760 5808 τιμίας
790 5703 822 5767 η
855 5703 1067 5767 χερσος.
1107 5703 1243 5765 non:
1275 5703 1421 5753 ημας
1449 5703 1481 5753 η
1515 5703 1757 5753 ηπειρος.

503 5755 612 5828 (91)
704 5758 808 5826 egit
849 5766 1062 5818 tertius.
1104 5763 1322 5826 qumtus
1353 5763 1405 5810 et
1436 5763 1656 5808 Octavus
1691 5771 1811 5808 cum
1843 5753 1993 5809 Coll».

2104 4555 2351 4617 στοῦντες
2384 4554 2460 4624 τῷ
2502 4553 2698 4622 Παύλῳ
2733 4553 2856 4622 περὶ
2900 4551 3001 4620 τῆς
3051 4550 3192 4602 κατά
3236 4551 3333 4620 τὴν
3381 4551 3676 4604 ἀνάστασιν

2097 4643 2452 4705 ἀλλοιώσεως,
2487 4642 2721 4713 ὁρῶντες
2768 4641 2938 4694 πολλά
2965 4641 3073 4694 τῶν
3106 4641 3306 4711 ἀερίων
3339 4640 3437 4703 τὰς
3462 4639 3674 4712 μορφάς

2099 4735 2534 4810 μεταϐάλλοντας
2581 4734 2770 4787 Ὀποῖα
2831 4735 2923 4787 καὶ
2980 4734 3106 4804 περὶ
3154 4733 3248 4785 τοῦ
3306 4732 3526 4786 Ἰνδικοῦ
3562 4731 3672 4802 (9|)

2099 4830 2378 4899 σκώληκος
2409 4829 2695 4898 ἱστορεῖται
2721 4826 2814 4881 τοῦ
2846 4827 3213 4898 κερασφόρου·
3239 4827 3317 4890 ὃς,
3345 4828 3422 4890 είς
3447 4827 3672 4896 κάμπην

2098 4919 2167 4972 τὰ
2191 4920 2386 4990 πρῶτα
2409 4919 2742 4991 μεταϐαλὼν,
2764 4915 2882 4972 εἶτα
2912 4918 3113 4991 προῖὼν
3136 4918 3420 4988 βομϐυλιὸς
3448 4918 3668 4986 γίνεται·

2100 5015 2193 5067 καὶ
2221 5015 2342 5067 οὐδὲ
2368 5015 2458 5066 ἐπὶ
2484 5012 2686 5082 ταύτης
2716 5013 2929 5066 ἵσταται
2965 5011 3066 5081 τῆς
3109 5011 3339 5082 μορφῆς,
3377 5009 3512 5062 ἀλλά
3540 5008 3670 5081 χαύ-

2100 5125 2209 5171 νοις
2239 5109 2334 5160 καὶ
2363 5105 2588 5159 πλατέσι
2640 5106 2891 5168 πετάλοις
2935 5103 3355 5176 ὑποπτεροῖἓται.
3393 5104 3559 5156 Ὅταν
3581 5097 3672 5160 οὖν

2097 5198 2400 5271 καθέζησθε
2435 5199 2530 5271 τὴν
2560 5198 2762 5252 τούτων
2798 5197 3060 5267 ἐργασίαν
3097 5196 3582 5266 άναπηνιζόμεναι,
3615 5197 3669 5248 αἱ

2095 5295 2370 5360 γυναῖκες,
2400 5291 2468 5345 τὰ
2494 5293 2708 5363 νήματα
2736 5291 2845 5361 (92)
2875 5290 3039 5359 λέγω,
3065 5289 3101 5344 ἃ
3129 5289 3436 5360 πέμπουσιν
3468 5290 3594 5358 ὑμῖν
3619 5288 3670 5339 οἱ

2109 5475 2346 5529 secundo
2381 5475 2473 5528 τοῦ
2519 5473 2758 5530 Ἰνδικοῦ.
2797 5474 2935 5529 Editi
2966 5493 3086 5530 etim
3119 5489 3226 5526 uno
3257 5475 3540 5528 autaltero
3567 5490 3668 5527 ms.

2105 5545 2196 5600 τοῦ
2226 5545 2408 5599 Ἰνδοῦ.
2435 5548 2563 5610 Quae
2597 5548 2843 5613 leguntur
2861 5548 2926 5600 de
2952 5561 3132 5600 verme
3164 5544 3254 5597 illo
3281 5547 3416 5612 apud
3441 5545 3668 5613 Ambro-

2106 5617 2243 5686 siunt
2277 5630 2330 5670 et
2364 5616 2501 5686 apud
2541 5611 2901 5681 Eusiatliium,
2930 5619 3139 5672 mendis
3164 5631 3268 5669 non
3299 5611 3504 5672 Carent.
3528 5611 3670 5686 Lege

2103 5684 2262 5739 Pra'f.
2296 5702 2441 5738 num.
2473 5685 2562 5739 ‘28.

2175 5757 2286 5826 (9‘2,
2325 5753 2399 5808 lta
2435 5771 2527 5810 sex
2571 5769 2698 5810 mss.
2739 5755 2874 5811 Editi
2916 5755 2984 5809 τὰ
3013 5757 3227 5827 νήματα
3263 5754 3316 5808 ἆ.
