4082 6398
358 420 463 475 185

1448 417 1741 472 HOMILIA
1780 415 1895 471 Vlll
1934 416 2001 469 lN
2046 410 2547 469 HEXAEMERON.

3518 409 3617 467 188

352 535 530 606 Σῆρες
580 533 717 604 πρὸς
773 536 869 606 τὴν
921 536 1030 588 τῶν
1087 534 1343 606 μαλακῶν
1404 535 1717 605 ἐνδυμάτων
1777 550 1926 587 κατα·

2047 531 2474 591 concinnandas,
2506 538 2617 581 tum
2662 524 2912 580 animalis
2966 525 3124 596 hujus
3164 525 3517 581 mutationem
3563 527 3616 580 in

354 627 576 696 σκευὴν,
616 627 959 697 μεμνημέναι
993 628 1091 698 τῆς
1136 626 1276 680 κατὰ
1308 626 1368 679 τὸ
1416 626 1555 690 ζῶον
1583 625 1741 678 τοῦτο
1774 643 1942 695 μετα-

350 718 538 786 ϐολῆς,
587 720 790 790 ἐναργῆ
832 719 1135 790 λαμϐάνετε
1182 719 1279 789 τῆς
1326 719 1671 781 ἀναστάσεως
1713 718 1941 778 ἔννοιαν,

356 810 548 881 καὶμὴ
585 813 866 864 ἀπιστεῖτε
902 812 1010 882 (95)
1052 814 1117 881 τῇ
1152 811 1359 880 ἀλλαγῇ
1401 810 1466 881 ἣν
1506 808 1718 872 Παῦλος
1772 810 1942 862 ἅπασι

356 904 873 973 κατεπαγγέλλεται.
921 904 1080 958 Ἀλλά
1126 906 1234 975 γὰρ
1276 903 1602 973 αἰσθάνομαι
1642 901 1737 954 τοῦ
1780 901 1941 969 λόγου

353 996 452 1068 τὴν
500 996 841 1068 συμμετρίαν
879 997 1237 1059 ὲκϐαίνοντος.
1270 998 1437 1049 Ὅταν
1492 995 1590 1065 μὲν
1635 989 1728 1046 οῦν
1766 992 1942 1045 ἀπίδω

354 1086 491 1156 πρὸς
527 1086 588 1137 τὸ
624 1085 827 1157 πλῆθος
872 1085 979 1139 τῶν
1022 1086 1347 1156 εἰρημένων,
1396 1084 1501 1150 ἕξω
1550 1085 1784 1155 ἐμαυτὸν
1829 1081 1941 1151 ὁρῶ

349 1177 447 1230 τοῦ
496 1179 694 1248 μέτρου
733 1179 1063 1249 φερόμενον·
1106 1179 1232 1230 ὅταν
1265 1177 1320 1231 δὲ
1358 1176 1518 1230 πάλιν
1558 1177 1690 1247 πρὸς
1726 1174 1787 1228 τὸ
1821 1191 1941 1227 ποι-

352 1270 504 1322 κίλον
530 1270 627 1339 τῆς
660 1269 717 1321 έν
746 1272 857 1332 τοῖς
901 1268 1346 1340 δημιουργήμασι
1388 1267 1577 1337 σοφίας
1626 1265 1938 1335 ἀποϐλέψω,

352 1361 473 1412 οὐδὲ
501 1356 701 1430 ἦρχθαι
735 1358 938 1428 νομίζω
982 1360 1080 1429 τῆς
1129 1359 1451 1430 διηγήσεως.
1487 1360 1551 1411 "A
1565 1375 1639 1428 μα
1671 1357 1727 1409 δὲ
1755 1358 1850 1409 καὶ
1880 1356 1940 1408 τὸ

355 1453 756 1521 παρακατέχειν
785 1452 928 1521 ὑμᾶς
957 1451 1048 1503 ἐπὶ
1076 1451 1255 1503 πλεῖον
1282 1450 1381 1501 οὐκ
1410 1450 1701 1520 ἄχρηστον.
1733 1448 1797 1498 Τί
1831 1446 1939 1517 γὰρ

352 1544 419 1597 ἄν
448 1560 533 1605 τις
580 1543 675 1595 καὶ
715 1545 859 1595 ποιοῖ
900 1542 990 1607 τὸν
1050 1542 1212 1613 μέχρι
1268 1543 1365 1611 τῆς
1418 1541 1657 1610 ἑσπέρας
1704 1538 1936 1609 χρόνον;

350 1636 465 1687 Οὐκ
493 1634 800 1702 ἐπείγουσιν
846 1633 991 1704 ὑμᾶς
1038 1634 1087 1685 οἰ
1131 1634 1485 1702 ἑστιάτορες·
1532 1632 1632 1683 οὐκ
1679 1630 1937 1700 ἀναμένει

350 1726 497 1795 ὑμᾶς
538 1724 607 1777 τά
656 1725 952 1796 συμπόσια.
987 1724 1171 1789 Ὅθεν,
1224 1725 1272 1776 εἰ
1310 1724 1489 1786 δοκεῖ,
1528 1725 1593 1792 τῇ
1647 1722 1934 1791 σωματικῇ

347 1817 575 1887 νηστείᾳ
608 1817 687 1879 εἰς
721 1816 818 1885 τὴν
843 1816 948 1869 τῶν
989 1815 1175 1885 ψυχῶν
1221 1813 1559 1885 εὐφροσύνην
1610 1810 1937 1882 ἀποχρησὼ-

353 1909 514 1980 μεθα.
563 1908 831 1972 Πολλάκις
883 1909 1236 1978 ὑπηρετήσας
1286 1910 1351 1977 τῇ
1410 1906 1573 1978 σαρκὶ
1625 1906 1760 1976 πρὸς
1805 1904 1926 1958 ἀπό·

2042 1905 2162 1958 visti
2233 1904 2386 1959 carui
2462 1903 2530 1957 ad
2614 1903 2946 1972 voluptatem
3009 1904 3384 1972 capiendam:

347 2000 561 2064 λαυσιν,
592 2002 830 2071 σήμερον
855 2003 920 2070 τῇ
958 2000 1203 2071 διακονίᾳ
1240 2000 1574 2070 παράμεινον
1608 1998 1705 2067 τῆς
1733 1999 1929 2069 ψυχῆς.

346 2092 824 2161 Κατατρύφησον
860 2090 966 2144 τοῦ
995 2094 1235 2160 Καρίου,
1267 2091 1364 2142 καὶ
1397 2088 1573 2142 δώσει
1606 2090 1714 2161 (94)
1740 2104 1837 2142 σοι
1862 2090 1933 2143 τὰ

347 2182 641 2251 αἰτήματα
671 2181 780 2250 τῆς
806 2181 1049 2250 καρδίας
1072 2198 1208 2234 σου.
1238 2182 1298 2233 El
1326 2179 1675 2249 φιλόπλουτος
1702 2175 1771 2242 εἰ,
1790 2179 1931 2248 ἔχεις

347 2274 579 2327 πλοῦτον
618 2274 1007 2344 πνευματικόν·
1050 2274 1126 2326 Τὰ
1156 2272 1408 2341 κρίματα
1434 2272 1654 2339 Κυρίου
1689 2270 1760 2324 τὰ
1786 2271 1932 2337 ἀλη-

345 2366 501 2431 θινὰ,
557 2367 629 2420 τὰ
672 2365 1095 2435 δεδικαιωμένα
1138 2362 1486 2426 ἐπιτοαυτὸ,
1522 2363 1595 2416 τὰ
1648 2363 1932 2430 ἐπιθυμη-

345 2454 420 2509 τὰ
455 2455 567 2525 (95)
598 2455 750 2524 ὑπὲρ
773 2456 1032 2525 χρυσίον
1062 2456 1159 2509 καὶ
1192 2457 1364 2509 λίθον
1390 2454 1584 2522 τίμιον
1607 2454 1823 2506 πολύν.
1864 2454 1929 2505 Εἰ

344 2547 744 2610 ἀπολαυστικὸς
772 2548 866 2600 καὶ
898 2547 1193 2618 φιλήδονος,
1219 2546 1363 2617 ἔχεις
1385 2544 1453 2598 τὰ
1481 2547 1636 2615 λόγια
1667 2546 1760 2599 τοῦ
1794 2546 1928 2598 Θεοῦ

342 2637 423 2707 τῷ
449 2636 546 2708 τὴν
577 2637 949 2708 πνευματικὴν
980 2637 1231 2707 αἴσθησιν
1265 2636 1560 2708 ἐρρωμένῳ
1597 2637 1931 2705 γλυκύτερα

346 2728 495 2781 ὄντα
520 2728 670 2796 ὑπὲρ
699 2729 838 2796 μέλι
882 2730 977 2782 καὶ
1011 2730 1239 2796 κηρίον.
1276 2729 1399 2781 Ἐἀν
1435 2729 1577 2799 ὑμᾶς
1609 2726 1805 2794 διαφῶ,
1835 2727 1929 2778 καὶ

346 2819 582 2871 διαλύσω
606 2819 696 2872 τὸν
729 2819 1002 2887 σύλλογον,
1040 2821 1087 2871 οἰ
1126 2820 1223 2889 μὲν
1272 2820 1365 2872 ἐπὶ
1403 2820 1529 2881 τοὺς
1569 2817 1767 2880 κύϐους
1799 2817 1929 2887 δρα-

349 2910 573 2979 μοῦνται
610 2909 739 2980 (96).
768 2911 958 2981 Ὅρκοι
991 2911 1126 2972 ἐκεῖ,
1174 2909 1268 2961 κα).
1323 2907 1643 2977 φιλονεικίαι
1672 2905 1924 2976 χαλεπαὶ,

346 3003 441 3055 καὶ
487 3002 920 3073 φιλοχρηματίας
970 3002 1175 3065 ὠδῖνες.
1203 3001 1421 3069 Δαίμων
1476 2998 1810 3069 παρέστηκε,
1841 2997 1928 3051 διὰ

343 3094 453 3147 τῶν
492 3094 932 3163 κατεστιγμὲνων
953 3093 1154 3146 ὀστέων
1181 3092 1278 3163 τὴν
1310 3092 1505 3163 μανίαν
1534 3090 1802 3154 ἐξάπτων,
1832 3092 1928 3145 καὶ

342 3184 412 3237 τὰ
443 3185 583 3237 αύτά
628 3186 889 3255 χρήματα
925 3184 1058 3255 πρὸς
1089 3183 1347 3254 ἑκάτερον
1386 3182 1549 3253 μέρος
1595 3180 1923 3251 μετατιθεὶς,

2046 622 2365 676 memoriam
2437 628 2777 683 revocantes,
2853 618 3194 671 manifestam
3255 618 3617 673 resurrectio-

2046 713 2130 766 nis
2163 714 2436 766 notionem
2484 710 2785 779 accipiatis,
2821 724 2993 778 neque
3035 711 3192 765 [idem
3235 709 3283 763 ei
3327 709 3615 764 mutationi

2044 819 2204 873 quam
2272 803 2467 857 Paulus
2525 802 2778 857 omnibus
2823 802 3128 865 annuntiat,
3182 803 3482 869 denegetis.
3524 804 3618 854 At-

2043 897 2132 963 qui
2189 897 2494 948 oralionem
2547 909 2721 948 meam
2775 896 2992 948 modum
3043 894 3306 949 excedere
3365 894 3614 949 adverto.

2045 988 2178 1042 Cum
2214 988 2376 1057 igitur
2397 989 2461 1040 ad
2498 1002 2684 1043 eorum
2714 1002 2834 1056 quae
2874 987 3014 1042 dicta
3063 996 3187 1040 sunt
3231 987 3440 1055 copiam
3492 1000 3618 1040 ocu-

2042 1078 2124 1132 los
2155 1078 2405 1145 conjieio,
2439 1077 2574 1131 ultra
2611 1077 2742 1132 lines
2792 1086 2847 1133 et
2887 1079 3099 1130 modum
3126 1077 3253 1131 ferri
3297 1093 3382 1132 me
3422 1077 3611 1135 video:

2042 1183 2164 1222 cum
2205 1178 2383 1222 autem
2424 1169 2620 1222 iterum
2662 1168 2726 1221 ad
2758 1168 3038 1236 sapientia:
3078 1168 3130 1220 in
3161 1168 3391 1235 epiliciis
3430 1168 3610 1237 splen-

2042 1260 2312 1314 descentis
2368 1260 2692 1313 varietatem
2740 1259 2992 1327 respicio,
3048 1272 3115 1311 ne
3165 1258 3452 1327 inccepisse
3493 1260 3615 1328 qui-

2041 1353 2160 1404 dem
2213 1351 2582 1404 narrationem
2634 1348 2895 1403 arbitror.
2958 1350 3136 1417 Atque
3193 1350 3353 1403 etiam
3414 1350 3617 1404 diutius

2040 1441 2282 1496 detinere
2338 1456 2433 1496 vos
2489 1457 2595 1496 non
2644 1441 2808 1495 fuerit
2852 1441 3060 1494 inutile.
3110 1440 3247 1507 Quid
3299 1442 3440 1495 enim
3494 1443 3617 1510 quis

2039 1535 2105 1587 ab
2138 1535 2239 1587 hoc
2270 1544 2510 1603 tempore
2539 1536 2605 1588 ad
2645 1549 2817 1603 usque
2854 1549 3138 1602 vesperam
3180 1534 3357 1588 facere
3406 1534 3617 1601 possit?

2039 1625 2147 1679 Vos
2190 1641 2295 1679 non
2352 1635 2543 1694 urgent
2584 1627 2986 1687 convivatores,
3042 1642 3144 1678 non
3192 1642 3285 1679 vos
3342 1636 3616 1695 compota-

2041 1719 2216 1772 tiones
2244 1728 2582 1785 exspectant.
2616 1717 2792 1782 Unde,
2824 1717 2871 1772 si
2901 1719 3130 1778 videtur,
3169 1718 3435 1787 corporali
3471 1719 3613 1788 jeju-

2039 1813 2130 1866 nio
2171 1812 2237 1865 ad
2278 1811 2664 1865 exliilarandas
2710 1812 2920 1864 animas
2966 1820 3199 1866 utemur.
3246 1811 3399 1881 Stepe
3452 1814 3616 1868 inscr-

3457 1906 3616 1961 hodie

2034 1992 2229 2047 animaa
2260 1993 2469 2047 servire
2503 2007 2810 2063 persevera.
2861 1992 3127 2048 Delectare
3172 1995 3224 2048 in
3272 1993 3519 2059 Domino,
3566 2004 3615 2050 et

2032 2085 2176 2138 dabit
2213 2085 2302 2137 tibi
2343 2085 2618 2154 petitiones
2662 2086 2835 2138 cordis
2863 2085 2937 2137 tui
2970 2086 3012 2139 ".
3050 2085 3105 2139 Si
3156 2088 3465 2141 divitiarum
3502 2098 3614 2141 stu-

2035 2177 2221 2232 diosus
2263 2192 2348 2241 es,
2404 2177 2571 2231 habes
2623 2176 2841 2230 divitias
2871 2177 3219 2246 Spirituales:
3250 2179 3467 2233 Jutlicia
3504 2179 3615 2233 Do-

2037 2269 2170 2320 mini
2193 2284 2334 2331 vero,
2360 2267 2659 2338 jiistiﬁcata
2689 2268 2744 2320 in
2789 2267 3061 2336 idipsum:
3105 2270 3480 2324 desiderabilia
3523 2287 3613 2325 su-

2031 2375 2127 2427 per
2160 2376 2351 2412 aurum
2394 2371 2439 2413 et
2485 2360 2712 2429 lapidem
2750 2361 3034 2427 pretiosum
3062 2362 3287 2415 multum
3315 2363 3355 2418 ⁸.
3393 2364 3448 2417 Si
3479 2364 3614 2419 deli-

2035 2450 2140 2504 ciis
2186 2454 2395 2506 deditus
2438 2468 2517 2516 es,
2565 2462 2620 2506 et
2662 2452 2955 2522 voluptatis
2995 2468 3183 2506 amans
3220 2468 3233 2505 :
3277 2454 3367 2507 tibi
3416 2466 3613 2523 prarsto

2036 2553 2161 2595 sunt
2194 2542 2284 2597 Dei
2325 2544 2562 2611 eloquia,
2610 2559 2730 2612 qua:
2778 2545 2891 2597 viro
2935 2544 3244 2610 spirituales
3285 2560 3478 2599 sensus
3520 2562 3611 2601 sa-

2032 2647 2129 2687 nos
2180 2632 2397 2687 habenti
2454 2633 2695 2686 dulciora
2767 2642 2891 2686 sunt
2937 2650 3092 2702 super
3136 2634 3239 2688 mel
3276 2644 3326 2688 et
3361 2636 3536 2704 [avum
3567 2638 3610 2692 ’.

2030 2724 2089 2779 Si
2145 2726 2400 2779 dimisero
2454 2741 2572 2789 vos,
2624 2740 2687 2778 ac
2743 2726 3058 2779 concionem
3116 2727 3435 2792 dissolvcro,
3489 2739 3612 2784 sunt

2028 2815 2118 2885 qui
2146 2818 2210 2869 ad
2238 2825 2473 2871 tesseras
2506 2824 2748 2871 current.
2774 2816 3090 2871 Juramenta
3133 2827 3257 2872 sunt
3299 2818 3431 2883 illic,
3484 2836 3609 2890 gra-

2028 2922 2227 2977 vesque
2280 2910 2677 2973 contentiones,
2734 2919 2790 2964 et
2848 2910 3091 2964 avaritia:
3152 2911 3376 2965 stimuli.
3452 2914 3610 2967 Astat

2028 3001 2235 3056 daemon
2289 3017 2386 3070 per
2443 3017 2565 3056 ossa
2618 3013 2940 3071 compuncta
2994 3003 3233 3059 furorem
3280 3007 3607 3071 accendens,

2026 3097 2087 3145 'et
2120 3094 2336 3147 easdem
2370 3093 2631 3163 pecunias
2673 3096 2740 3147 ad
2788 3106 3083 3164 utramque
3128 3104 3333 3165 partem
3374 3098 3607 3152 transle-

2028 3199 2174 3239 rens.
2205 3184 2359 3239 Modo
2407 3186 2562 3240 ell'ert
2607 3186 2752 3240 hunc
2806 3187 3058 3252 victoria,
3107 3188 3267 3243 modo
3314 3189 3387 3242 illi
3440 3191 3608 3244 tristi-

342 3277 440 3330 νῦν
486 3276 675 3329 τοῦτον
727 3276 966 3345 ἐπαίρων
1012 3278 1076 3345 τῇ
1126 3274 1280 3348 νίκῃ,
1339 3274 1573 3343 κάκείνῳ
1624 3274 1924 3343 κατήφειαν

2031 3278 2157 3331 tiam
2184 3288 2331 3332 creat
2356 3295 2371 3343 ;
2408 3293 2599 3333 rursus
2623 3289 2803 3332 autem
2834 3278 2980 3332 illum
3012 3280 3438 3349 superbientem,
3464 3282 3607 3338 hunc

345 3369 608 3439 ἐμποιῶν,
640 3367 802 3421 πάλιν
851 3367 907 3429 δὲ
956 3369 1159 3419 ἐκεῖνον
1206 3366 1515 3436 γαυριῶντα
1555 3365 1789 3427 δεικνὺς,
1833 3364 1926 3417 καὶ

342 3459 530 3512 τοῦτον
565 3457 1017 3531 κατῃσχυμμένον
1045 3456 1176 3527 (97).
1211 3456 1275 3507 Τί
1306 3454 1496 3523 ὄφελος
1536 3453 1816 3525 νηστεύειν
1847 3453 1926 3524 τῷ

345 3549 580 3621 σώματι,
608 3549 705 3621 τὴν
738 3549 794 3600 δὲ
830 3547 1005 3618 ψυχὴν
1038 3548 1243 3618 μυρίων
1280 3545 1463 3598 κακῶν
1503 3543 1922 3615 ἐμπεπλῆσθαι;

355 3642 413 3695 Ὀ
444 3642 519 3712 μὴ
546 3641 812 3704 κυϐεύων,
845 3641 1038 3710 σχολὴν
1065 3640 1119 3692 δὲ
1152 3638 1325 3701 ἄλλως
1360 3638 1528 3705 ἄγων,
1565 3637 1617 3689 τί
1653 3637 1713 3689 οὑ
1763 3635 1926 3705 φθέγ-

340 3744 497 3802 γεται
540 3733 646 3786 τῶν
683 3733 964 3803 ματαίων;
1012 3730 1066 3782 τί
1104 3730 1204 3781 οὐκ
1257 3727 1444 3781 ἀκούει
1494 3727 1602 3779 τῶν
1665 3726 1922 3790 ἀτόπων;

338 3826 514 3896 Σχολὴ
536 3826 644 3898 γὰρ
671 3826 798 3880 ἄνευ
823 3824 984 3893 φόϐου
1014 3823 1148 3876 Θεοῦ
1177 3821 1440 3892 πονηρίας
1467 3819 1783 3882 διδάσκαλος
1811 3821 1923 3883 τοῖς

340 3917 761 3989 ἀκαιρουμένοις
799 3915 935 3968 ἐστὶ.
970 3914 1124 3984 Τάχα
1175 3913 1273 3983 μὲν
1314 3908 1405 3965 οῦν
1434 3930 1486 3964 τι
1518 3911 1611 3964 καὶ
1648 3911 1837 3981 ὄφελος
1866 3914 1923 3964 ἐν

336 4010 451 4072 τοῖς
485 4009 797 4080 λεγομένοις
824 4008 1113 4079 εὑρήσεται
1142 4006 1281 4077 (98)’
1310 4006 1357 4058 εἰ
1385 4006 1441 4059 δὲ
1478 4005 1573 4076 μὴ,
1602 4005 1737 4058 ἀλλά
1768 4004 1830 4059 τό
1858 4022 1921 4073 γε

339 4101 417 4172 μὴ
464 4100 796 4171 ἁμαρτάνειν
845 4101 909 4151 ὲκ
954 4098 1052 4169 τῆς
1098 4096 1332 4150 ἐνταῦθα
1372 4098 1500 4167 ὑμῖν
1546 4095 1799 4166 ἀσχολίας
1827 4112 1923 4148 πε-

340 4192 565 4263 ρίεστιν.
593 4191 758 4243 Ὥστε
787 4189 849 4242 τὸ
877 4189 968 4242 ἐπὶ
985 4190 1148 4242 πλέον
1170 4190 1444 4259 κατέχειν,
1468 4189 1560 4241 ἐπὶ
1590 4188 1749 4240 πλέον
1774 4189 1921 4240 ἐστὶν

337 4284 484 4353 ὑμᾶς
503 4284 610 4337 τῶν
634 4282 818 4335 κακῶν
843 4280 1151 4350 ὑπεξάγειν.
1193 4281 1372 4334 Ἱκανὰ
1397 4281 1537 4354 [καὶ]
1568 4280 1635 4333 τά
1655 4282 1921 4352 εἰρημένα

335 4373 639 4444 εὐγνώμονι
668 4376 850 4444 κριτῇ,
887 4373 981 4426 ἐὰν
1026 4373 1098 4443 μή
1139 4389 1223 4436 τις
1273 4372 1407 4442 πρὸς
1438 4371 1530 4423 τὸν
1568 4370 1794 4423 πλοῦτον
1820 4371 1919 4441 τῆς

336 4465 568 4528 κτίσεως
589 4465 892 4535 ἀποϐλέπῃ,
915 4464 1050 4517 ἀλλὰ
1080 4464 1214 4535 πρὸς
1242 4464 1301 4515 τὸ
1334 4463 1431 4532 τῆς
1459 4462 1734 4533 ἡμετέρας
1761 4463 1919 4516 δυνά-

338 4575 484 4629 μεως
516 4556 760 4619 ἀσθενὲς,
798 4556 893 4608 καὶ
923 4554 1057 4626 πρὸς
1084 4554 1145 4606 τὸ
1174 4552 1447 4622 αὔταρκες
1476 4555 1556 4615 εἰς
1578 4553 1916 4624 εὐφροσύνην

332 4648 443 4702 τῶν
476 4648 930 4719 συνεληλυθότων.
972 4647 1037 4699 Ἡ
1077 4646 1149 4715 γῆ
1197 4646 1341 4715 ὑμᾶς
1381 4646 1501 4706 ταῖς
1532 4645 1757 4707 οἰκείαις
1788 4644 1915 4714 βλά-

335 4757 490 4804 σταις
526 4740 635 4811 (99)
679 4739 1030 4816 ἐδεξιώσατο’
1088 4740 1122 4808 ή
1180 4737 1422 4790 θάλασσα
1475 4739 1586 4799 τοῖς
1631 4736 1856 4806 ἰχθύσιν,
1887 4739 1915 4790 ὁ

333 4835 443 4906 ἀὴρ
469 4838 578 4898 τοῖς
610 4836 847 4905 πτηνοῖς.
888 4831 1109 4902 Ἐτοίμη
1146 4832 1179 4899 ή
1207 4830 1399 4899 χέρσος
1441 4827 1679 4898 ὁμότιμα
1707 4829 1912 4892 τούτοις

332 4926 825 4993 ἀντεπιδείξασθαι.
869 4924 1028 4977 Ἀλλά
1060 4922 1217 4975 τοῦτο
1253 4921 1448 4991 μέτρον
1478 4920 1616 4972 ἔστω
1637 4920 1734 4990 τῆς
1759 4920 1913 4974 ἑωθι-

410 5039 432 5070 ’
456 5036 597 5092 Psal.
627 5050 814 5099 xxxvr,
846 5035 899 5088 4.
974 5034 995 5064 ⁸
1025 5031 1163 5087 Psal.
1197 5044 1351 5092 xvnt,
1382 5031 1467 5084 10.
1544 5032 1563 5062 ⁹
1608 5029 1737 5085 ibid.
1780 5031 1864 5089 11.

404 5150 512 5224 (95)
554 5152 798 5224 Quatuor
832 5167 963 5205 mss.
1008 5150 1102 5224 καὶ
1128 5148 1229 5224 ⁵μὴ
1283 5148 1572 5224 ἀπιστῆτε.
1612 5148 1751 5201 Editi
1784 5165 1907 5203 cum

331 5218 442 5277 uno
476 5218 568 5274 aut
611 5222 780 5274 altero
827 5237 925 5274 ms.
957 5222 1051 5273 xui.
1082 5218 1487 5289 μήὰπιστεῖτε.
1521 5218 1642 5273 Mox
1671 5232 1909 5286 quatuor

333 5307 466 5347 mss.
498 5291 709 5354 Παῦλος
740 5292 895 5343 πᾶσι.
931 5292 1068 5344 Editi
1104 5306 1224 5343 cum
1260 5290 1390 5352 Reg.
1422 5290 1614 5356 quinto
1640 5289 1828 5342 ἆπασι.

402 5362 625 5484 (94ὶ1ιτι
665 5363 811 5429 Regii
850 5362 1055 5430 primus
1082 5370 1136 5413 et
1158 5369 1341 5413 se'xtus
1372 5366 1427 5413 et
1455 5359 1604 5415 Coll).
1637 5361 1906 5414 secundus

406 5449 456 5484 m
534 5430 652 5484 XX.
686 5430 827 5483 Editi
876 5447 1004 5483 vero
1048 5446 1169 5484 cum
1203 5429 1383 5484 Regiis
1415 5430 1576 5484 tertio
1612 5441 1667 5482 et
1717 5440 1906 5484 octavo

329 5448 456 5486 cum
493 5429 652 5485 LXX.
686 5430 827 5483 Editi
855 5429 1004 5483 vero
1048 5446 1169 5484 cum
1203 5429 1383 5498 Regiis
1415 5430 1576 5484 tertio
1612 5441 1667 5482 et
1717 5440 1906 5485 octavo

327 5504 427 5587 ita}
457 5500 567 5587 δῴη
606 5518 709 5555 σοι.
742 5500 873 5573 Reg.
904 5502 1122 5570 quintus
1146 5500 1563 5569 κατατρύφησον
1581 5498 1660 5571 τῷ
1691 5500 1901 5571 Κυρίῳ,

328 5575 427 5628 καὶ
457 5573 615 5625 δώσει
651 5588 764 5625 σου.

403 5643 515 5711 (95)
551 5643 641 5696 Sic
675 5642 835 5695 ambo
869 5643 998 5695 Duc.
1026 5649 1081 5694 et
1109 5639 1195 5693 alii
1224 5649 1458 5709 quatuor
1478 5655 1601 5693 cum
1634 5639 1797 5695 LXX.
1832 5642 1903 5711 At

329 5716 458 5768 editi
499 5707 897 5782 ἑπιθυμητικά.
942 5711 1066 5782 Mox
1112 5707 1254 5765 editi
1289 5710 1686 5775 ἀπολαυστικός
1737 5729 1819 5775 τις
1852 5707 1905 5764 εἰ

330 5785 446 5839 καί.
481 5784 595 5842 Illa,
626 5778 708 5846 τις
737 5778 809 5849 εἴ,
838 5781 1109 5835 desuntju
1146 5795 1237 5834 sex
1277 5796 1407 5835 mss.

403 5854 514 5926 (96)
560 5853 649 5908 Sic
692 5856 927 5923 quinque
961 5867 1088 5907 mss.
1138 5849 1277 5905 Editi
1312 5865 1434 5904 cum
1476 5849 1629 5907 Coll).
1662 5850 1901 5907 secundo

2027 3386 2158 3425 vero
2209 3372 2620 3425 erubescentem
2671 3371 2868 3425 reddit.
2925 3371 3063 3437 Quid
3111 3374 3351 3442 prodest,
3401 3388 3605 3443 quaeso,

2027 3476 2254 3528 corpore
2300 3461 2568 3531 jejunare,
2612 3463 2848 3515 animam
2906 3477 3036 3515 vero
3084 3464 3386 3518 innumeris
3446 3466 3606 3519 malis

2029 3552 2281 3630 refertam
2324 3552 2487 3606 esse?
2528 3554 2627 3617 Qui
2672 3569 2801 3608 vero
2849 3554 3067 3608 tesseris
3112 3568 3215 3607 non
3261 3554 3414 3617 ludit,
3465 3554 3601 3630 alias

2026 3628 2204 3695 autem
2247 3644 2415 3697 otium
2456 3644 2583 3713 agit,
2636 3644 2763 3711 quid
2812 3660 2917 3697 non
2969 3643 3211 3713 loquitur
3257 3647 3426 3698 vani?
3471 3628 3600 3715 quid

2027 3735 2246 3789 absurdi
2314 3751 2420 3789 non
2480 3737 2788 3791 auscultat?
2842 3736 2977 3791 Nam
3029 3738 3223 3800 otium,
3270 3737 3364 3791 Dei
3406 3739 3603 3794 timore

2024 3826 2361 3890 destitutum,
2387 3825 2475 3891 iis,
2522 3828 2613 3894 qui
2656 3837 2897 3896 tempore
2934 3827 3009 3880 uti
3061 3841 3165 3881 non
3214 3838 3432 3895 norunt,
3486 3844 3600 3883 ma-

2024 3917 2192 3987 gister
2220 3927 2304 3970 est
2332 3917 2637 3986 pravitatis.
2675 3916 2947 3971 Fortassis
2999 3917 3162 3987 igitur
3210 3918 3386 3984 aliqua
3434 3919 3596 3972 etiam

2027 4008 2236 4063 utilitas
2274 4023 2340 4063 ex
2374 4009 2440 4063 iis
2473 4024 2591 4077 qua!
2618 4011 2892 4075 dicuntur,
2926 4009 3268 4079 percipienda
3293 4010 3445 4064 vobis
3474 4020 3554 4064 est
3582 4028 3595 4063 :

2025 4100 2107 4153 sin
2138 4098 2337 4163 minus,
2368 4097 2559 4153 saltem
2592 4097 2719 4153 licet
2754 4099 2908 4153 vobis
2942 4114 3037 4167 per
3072 4108 3393 4165 praesentem
3437 4116 3598 4152 occu-

2020 4189 2290 4257 pationem
2321 4203 2424 4243 non
2464 4204 2714 4257 peccare.
2751 4189 2930 4256 Quare
2963 4190 3165 4244 diutius
3192 4204 3287 4243 vos
3330 4191 3596 4251 detinere.

2020 4282 2331 4336 eatdiutius
2363 4294 2454 4336 vos
2506 4296 2535 4335 a
2588 4282 2801 4338 delictis
2844 4297 3115 4337 amovere.
3167 4284 3424 4337 Attamen
3475 4295 3595 4350 qua:

2023 4384 2319 4428 memorata
2377 4384 2525 4439 sunt,
2588 4376 2721 4430 satis
2776 4386 2900 4430 sunt
2946 4390 3101 4444 aequo
3156 4374 3491 4434 aastimatori,
3549 4374 3594 4427 si

2024 4466 2188 4518 modo
2221 4480 2329 4518 nou
2363 4466 2619 4535 respiciat
2648 4466 2771 4536 quis
2798 4468 2863 4520 ad
2896 4466 3114 4520 divitias
3138 4466 3447 4532 creatiouis,
3499 4466 3591 4519 sed

2020 4555 2084 4607 ad
2129 4567 2437 4609 nostrarum
2488 4556 2684 4609 virium
2724 4554 3170 4616 imbecillitatem,
3202 4565 3257 4609 et
3288 4555 3354 4607 ad
3381 4570 3441 4609 ea
3473 4570 3595 4623 quze

2024 4645 2315 4713 voluptatis
2373 4661 2504 4716 ergo
2565 4646 3010 4700 convenientibus
3053 4644 3300 4700 subicere
3345 4655 3590 4715 possunt.

2020 4736 2245 4804 Excepit
2293 4754 2390 4793 vos
2430 4738 2717 4792 continens
2757 4738 2991 4807 prOpriis
3041 4737 3394 4807 germinibus,
3440 4754 3591 4794 mare

2020 4829 2277 4894 piscibus,
2309 4845 2403 4884 aer
2432 4830 2759 4885 volatilibus.
2806 4829 3004 4883 Parata
3032 4837 3115 4884 est
3150 4836 3294 4883 terra
3333 4844 3429 4884 sua
3474 4831 3593 4885 vice

2020 4922 2087 4977 iis
2116 4937 2219 4976 non
2251 4923 2476 4990 imparia
2517 4923 2796 4977 exhibere.
2841 4923 2946 4976 Sed
2992 4922 3083 4977 hic
3127 4921 3250 4977 linis
3291 4924 3593 4993 modusque

2007 5150 2455 5224 διαδραμοῦνται.
2490 5153 2606 5205 Mox
2639 5154 2809 5224 editio
2853 5153 3016 5207 Basil.
3068 5162 3124 5207 et
3177 5154 3413 5224 quinque
3451 5169 3585 5209 mss.

2006 5220 2387 5295 Gaipmvirtap.
2428 5224 2606 5295 Editio
2638 5222 2810 5295 Paris.
2841 5224 3050 5295 δαίμων
3076 5241 3159 5279 τε.

2079 5294 2189 5359 (97)
2232 5294 2369 5345 Editi
2403 5308 2523 5345 cum
2556 5293 2712 5346 Cnlb.
2751 5293 2988 5349 secundo
3018 5307 3073 5349 et
3104 5309 3226 5350 cum
3258 5294 3391 5363 Reg.
3419 5295 3583 5349 tertio

2007 5361 2241 5435 δεικνὺς,
2277 5363 2525 5435 κάκεῖνον
2546 5380 2705 5435 καῖῃ.
2746 5366 2848 5418 Alii
2881 5375 2990 5419 tres
3022 5381 3149 5418 mss.
3186 5361 3423 5435 melioris
3448 5375 3588 5435 nota:

2002 5432 2215 5497 δεικνὺς
2250 5437 2345 5488 καὶ
2378 5434 2582 5487 τοῦτον.
2622 5432 2813 5487 Statim
2847 5439 3016 5490 codex
3038 5434 3279 5489 Combel‘.
3305 5450 3429 5488 cum
3448 5434 3582 5503 Reg.

2002 5517 2194 5558 octavo
2223 5505 2410 5558 κακῶν
2443 5503 2838 5575 ἐμπίπλασθαι.

2045 5575 2187 5698 ί(98)
2222 5577 2353 5646 Reg.
2388 5573 2605 5646 quintus
2650 5576 2935 5646 εὑρήσετε.
2982 5573 3136 5629 Colb.
3180 5574 3452 5630 secundus
3487 5574 3581 5630 εὑ-

2066 5662 2274 5698 σκεται.

2066 5662 2274 5701 σκεται.

2007 5663 2360 5784 “ﬁliaiam
2387 5715 2592 5786 primus
2623 5714 3269 5789 toig‘oixslmgﬁ).étc'c0tg.
3293 5715 3585 5789 Aliquanto

2006 5801 2126 5856 post
2164 5788 2314 5843 Coll).
2350 5784 2620 5843 secundus
2653 5784 2864 5851 τούτοις
2892 5784 3013 5840 τινὰ
3042 5787 3233 5840 ἀντεπ.
