4008 6402
458 391 561 449 187
1775 396 1831 452 S.
1881 392 2047 452 BASlI

2163 392 2377 452 MAGNI
3615 395 3717 449 188

454 522 574 567 esto
599 515 848 567 matutini
883 512 1039 568 istius
1086 513 1342 577 convivii,
1387 524 1446 568 ut
1495 530 1560 569 ne
1599 516 1823 571 satietas
1862 516 2026 571 nimia

2152 518 2227 587 ’ἧς
2262 518 2578 578 ἑστιάσεως,
2607 519 2691 568 ἵνα
2730 515 2803 585 μὴ
2848 516 2877 567 ό
2916 512 3267 585 ὑπερϐάλλων
3305 512 3466 584 κόρος
3502 510 3701 583 ἀμόλυ⁸

457 602 762 657 hebetiores
798 618 892 658 vos
921 605 986 657 ad
1022 608 1355 674 vespertinas
1383 607 1569 676 epulas
1604 608 1715 677 80
1742 614 2031 668 sumendas

2152 604 2325 673 εέρους
2359 606 2503 676 ὑμᾶς
2528 607 2663 677 πρὸς
2692 606 2789 677 τὴν
2815 605 2924 659 τῶν
2951 603 3251 676 ἑσπερινῶν
3283 604 3584 657 ἀπόλαυσιν
3612 620 3714 655 κα-

458 694 677 748 cﬂiciat.
705 694 873 750 Porro
902 697 994 766 qui
1030 712 1125 750 sua
1170 699 1445 752 creatione
1494 701 1673 753 omnia
1720 702 2029 771 complevit,

2152 701 2401 773 εαστήσῃ.
2456 701 2513 754 ὐ
2566 701 2621 753 δέ
2673 701 2742 754 τὰ
2794 701 2970 754 πάντα
3022 697 3315 770 πληρώσας
3360 698 3463 767 τῆς
3519 696 3715 751 ἑαυτοῦ

461 796 625 855 atque
657 787 709 840 in
757 788 1010 842 oumibus
1050 788 1331 857 perspicua
1375 789 1758 844 miraculorum
1808 806 2028 847 suorum

2152 792 2387 857 κτίσεως,
2422 794 2515 845 καὶ
2549 795 2606 845 ἐν
2635 792 2798 845 πᾶσιν
2842 794 2972 863 ἡμῖν
3018 791 3125 843 τῶν
3172 790 3388 843 οἰκείων
3421 788 3717 859 θαυμάτων

459 889 813 933 monumenta
871 881 1024 934 nobis
1075 879 1329 949 reliquit,
1390 880 1594 949 repleat
1642 884 1805 938 corda
1852 895 2032 939 vestra

2152 883 2339 955 ἐναργῆ
2396 883 2464 936 τὰ
2514 883 2882 953 ὑπομνήματα
2937 879 3270 945 καταλιπὼν,
3317 878 3603 951 πληρούτω
3635 879 3715 948 (1)

457 984 603 1035 omni
639 982 820 1035 ltrtitia
850 982 1100 1050 spiritali,
1140 982 1190 1036 in
1224 981 1440 1036 Christo
1492 977 1619 1032 Jesu
1662 980 1889 1034 Domino
1928 992 2029 1031 no-

2152 973 2293 1045 Βμῶν
2329 974 2427 1038 τὰς
2469 974 2692 1045 καρδίας
2729 975 2911 1045 πάσης
2956 973 3292 1045 εὐφροσύνης
3337 972 3717 1043 πνευματικῆς

461 1082 596 1138 stro,
628 1074 711 1128 cui
746 1074 911 1144 gloria
943 1084 998 1130 et
1027 1074 1309 1144 imperium
1339 1073 1392 1127 in
1425 1070 1620 1128 szecula
1687 1069 2026 1126 saeculorum.

2152 1071 2195 1120 ὲν
2229 1067 2446 1138 Χριστῷ
2486 1067 2658 1139 Ἰησοῦ
2690 1068 2767 1139 τῷ
2798 1070 2986 1141 Κυρίῳ
3015 1067 3191 1139 ἡμῶν,
3226 1060 3270 1135 ᾧ
3302 1068 3335 1138 ἠ
3376 1065 3502 1131 δόξα
3539 1066 3633 1121 καὶ
3653 1066 3717 1120 τὸ

459 1169 651 1224 Amen.
2145 1160 2343 1233 κράτος
2375 1163 2454 1224 εἰς
2480 1161 2606 1225 τοὺς
2629 1161 2829 1225 αἰῶνας
2850 1160 2956 1214 τῶν
2982 1158 3211 1214 αἰώνων.
3254 1160 3442 1231 Ἀμήν.

1047 1402 1321 1462 HOMILIA
1366 1405 1456 1459 IX.

2769 1395 3011 1453 ΟΜῘΛΙΑ
3030 1401 3118 1453 ,Θ’.

1017 1498 1091 1552 De
1124 1501 1480 1552 terrestribus.

2636 1493 2774 1562 Περὶ
2801 1495 3095 1562 χερσαίων
3123 1494 3219 1563 (2).

538 1589 584 1641 Ι.
616 1588 803 1655 Qualis
839 1590 989 1645 vobis
1033 1591 1295 1644 matutina
1337 1604 1645 1644 sermonum
1703 1603 1885 1643 mensa
1925 1590 2039 1642 visa

2212 1589 2261 1642 ‘l.
2300 1588 2425 1651 Πῶς
2459 1588 2586 1659 ὑμῖν
2624 1589 2656 1658 ἡ
2690 1583 2884 1657 ἑωθινὴ
2920 1587 3029 1640 τῶν
3082 1589 3253 1657 λόγων
3291 1583 3539 1660 τράπεζα
3584 1598 3716 1643 κατ-

462 1681 585 1733 cst?
648 1678 777 1732 Mihi
833 1681 1084 1749 equidem
1142 1681 1289 1733 venit
1347 1681 1398 1733 in
1454 1690 1685 1733 mentem
1739 1680 2038 1733 orationem

2152 1681 2313 1750 εφάνη
2341 1696 2354 1744 ;
2398 1681 2550 1750 Ἐμοὶ
2584 1680 2680 1750 μὲν
2712 1678 2821 1751 γὰρ
2865 1678 3097 1750 ἐπῆλθεν
3139 1681 3355 1735 εἰκάσαι
3383 1678 3713 1752 τάὲἐμαυτοῦ

465 1785 639 1821 meam
672 1786 792 1821 cum
832 1771 1084 1837 pauperis
1132 1768 1411 1837 cujusdam
1459 1768 1825 1824 convivatoris
1874 1769 2041 1824 bene-

2152 1773 2369 1844 πένητός
2398 1790 2540 1835 τινος
2580 1772 2890 1844 ἑστιάτορος
2922 1770 3307 1844 φιλοφροσύνῃο
3354 1773 3432 1837 ὃς,
3469 1772 3579 1826 τῶν
3624 1774 3717 1825 εὑ-

466 1861 698 1915 volentia
732 1876 1090 1930 comparare:
1125 1862 1216 1931 qui
1261 1862 1386 1914 dum
1437 1861 1577 1914 inter
1614 1876 1708 1915 eos
1749 1862 1841 1930 qui
1889 1876 2040 1914 men-

2152 1865 2428 1936 τραπέλων
2480 1881 2563 1927 τις
2620 1859 2759 1917 εἶναι
2815 1862 3293 1935 φιλοτιμούμενος,
3354 1866 3556 1936 ἀπορίᾳ
3604 1863 3714 1917 τῶν

465 1966 555 2005 sas
584 1952 807 2020 opipare
851 1960 1161 2015 exstruunt,
1217 1952 1488 2005 numerari
1536 1953 1700 2020 cupit.
1741 1951 1811 2005 ob
1857 1966 2036 2004 rerum

2152 1957 2611 2028 πολυτελεστέρων
2672 1956 2955 2010 ἀποκναίει
3021 1957 3147 2019 τοὺς
3202 1955 3564 2027 δαιτυμόνας,
3618 1956 3714 2026 τὴν

466 2052 898 2110 sumptuosarum
946 2044 1224 2110 penuriam
1272 2058 1506 2097 mmrore
1547 2042 2033 2099 aﬂicitconvivas:

2152 2048 2405 2118 πενιχράν
2462 2047 2814 2120 παρασκευὴν
2867 2046 3102 2117 δαψιλῶς
3154 2048 3428 2119 ἐπιφέρων
3468 2051 3534 2119 τῇ
3580 2064 3714 2118 τρα-

466 2141 688 2199 propter
755 2147 815 2186 ea
880 2134 1019 2203 quod
1086 2148 1285 2187 mensae
1363 2146 1681 2202 apparatum
1749 2149 2037 2203 pauperem

2152 2140 2282 2215 πέζῃ
2310 2156 2323 2170 °
2370 2141 2510 2193 ὥστε
2557 2140 2937 2213 περιίστασθαι
2995 2139 3143 2210 αὑτῷ
3204 2142 3283 2204 εἰς
3334 2140 3717 2212 ἀπειροκαλίας

466 2224 749 2291 atlluenter
804 2225 988 2290 infert,
1048 2227 1181 2280 adeo
1227 2238 1285 2280 ut
1336 2229 1385 2281 in
1436 2228 1646 2296 ineptia:
1694 2228 1948 2295 probrum
1991 2227 2039 2282 ei

2152 2232 2341 2296 5νειδος
2371 2232 2431 2285 τὸ
2465 2232 2765 2302 φιλότιμον.
2801 2230 3053 2285 Τοιοῦτον
3082 2232 3146 2303 δή
3196 2249 3249 2285 τι
3286 2232 3380 2285 καὶ
3417 2232 3477 2285 τὸ
3519 2231 3717 2302 ἡμέτε-

466 2317 585 2386 ejus
610 2318 834 2372 ambitio
859 2318 1033 2372 cedat.
1063 2319 1215 2373 Esset
1240 2330 1390 2387 certe
1417 2318 1522 2373 tale
1556 2317 1758 2386 aliquid
1802 2317 1915 2373 haec
1954 2332 2043 2370 no-

2152 2345 2258 2398 ρον,
2294 2328 2341 2378 εἰ
2379 2328 2452 2398 μή
2490 2344 2542 2379 τι
2589 2326 2747 2395 ὑμεῖς
2788 2325 2916 2379 ἄλλο
2952 2325 3159 2393 λέγετε.
3213 2324 3360 2396 Πλὴν
3398 2325 3555 2378 ὁποῖά
3597 2324 3716 2376 ποτ’

469 2417 581 2463 stra
613 2410 802 2478 agendi
835 2409 989 2473 ratio,
1015 2409 1115 2462 nisi
1144 2424 1239 2463 vos
1256 2410 1384 2478 quid
1440 2409 1584 2463 aliud
1615 2410 1817 2466 dicitis.
1844 2408 2039 2463 Verum

2152 2417 2210 2471 iv
2293 2416 2389 2487 (5),
2413 2418 2511 2470 οὐκ
2542 2416 2921 2480 ἑξουδενωτὲον
2941 2418 3090 2487 ὑμῖν.
3118 2415 3251 2469 Οὐδὲ
3276 2415 3382 2486 γὰρ
3420 2415 3723 2468 Ἐλισσαῖον

466 2503 862 2573 qualiacunque
903 2504 1117 2557 tandem
1165 2505 1275 2558 sint
1332 2505 1465 2567 bare,
1521 2503 1837 2573 neutiquam
1888 2504 2041 2557 vobis

2152 2509 2219 2573 ὡς
2255 2509 2455 2577 φαῦλον
2485 2509 2772 2579 ἑστιάτορα
2799 2508 3141 2579 παρῃτοῦντο
3162 2508 3222 2560 οἰ
3245 2505 3387 2570 τότε,
3423 2507 3516 2559 καὶ
3547 2504 3721 2558 ταῦτα

466 2606 592 2649 sunt
654 2596 975 2666 spernenda.
1036 2595 1220 2665 Neque
1264 2597 1406 2651 enim
1452 2596 1701 2652 Elisaaum
1746 2607 1803 2650 ut
1842 2598 2040 2650 malum

2152 2599 2395 2669 λαχάνοις
2438 2600 2649 2670 ἀγρίοις
2704 2598 2967 2653 ἑστιῶντα
3022 2600 3147 2663 τοὺς
3199 2597 3405 2666 φίλους.
3459 2592 3587 2650 Οἶδα
3631 2596 3718 2647 νόι

466 2688 875 2741 convivatorem
900 2688 1290 2741 aversabantur
1309 2688 1382 2741 illi
1402 2689 1722 2757 quibuscum
1743 2687 2045 2751 vivebat,ct

2152 2707 2280 2760 μους
2312 2688 2657 2760 ἀλληγορίας,
2685 2689 2735 2741 εἰ
2779 2689 2872 2742 καὶ
2917 2689 2990 2759 μὴ
3026 2687 3103 2758 (4)
3147 2687 3275 2758 παρ’
3304 2684 3542 2757 ἐμαυτοῦ
3564 2685 3716 2749 ἐξευ-

468 2790 649 2835 tamen
674 2778 914 2835 oleribus
946 2780 1281 2836 silvestribus
1307 2783 1615 2850 excipiebat
1649 2782 1873 2836 amicos.
1907 2779 2041 2835 Novi

2152 2781 2277 2853 ρὼν,
2318 2781 2452 2835 ἀλλὰ
2494 2784 2606 2844 τοῖς
2640 2781 2767 2850 παρ’
2808 2781 3006 2849 ἑτέρων
3049 2778 3444 2848 πεπονημένοις
3490 2793 3718 2849 περιτυ-

469 2872 616 2941 leges
640 2871 935 2939 allegoriae,
957 2872 1170 2926 etiamsi
1192 2888 1287 2928 eas
1308 2889 1410 2927 non
1435 2890 1501 2927 ex
1530 2889 1613 2927 me
1637 2873 1752 2942 ipso
1771 2872 2045 2942 excogita-

468 2964 596 3028 rim,
624 2964 717 3017 sed
768 2964 820 3016 iu
863 2965 1090 3017 aliorum
1141 2966 1419 3018 iuciderim
1454 2966 1686 3019 labores.
1716 2963 1861 3029 Quas
1895 2964 2045 3017 Scri-

468 3067 749 3127 pturarum
783 3072 1107 3111 communes
1159 3059 1404 3110 notiones
1436 3056 1530 3125 qui
1576 3072 1679 3109 non
1722 3056 2043 3126 suscipiunt,

471 3162 665 3216 aquam
711 3163 815 3200 non
861 3161 1057 3215 aquam
1089 3147 1292 3211 dicunt,
1317 3147 1409 3201 sed
1444 3147 1605 3201 aliam
1639 3146 1927 3215 quamdam
1959 3163 2047 3200 na-

2146 2873 2276 2945 χών.
2313 2876 2410 2937 “Ag
2427 2875 2474 2926 οἰ
2502 2875 2575 2944 μὴ
2593 2872 3013 2944 καταδεχόμενοι
3026 2872 3125 2934 τὰς
3146 2870 3329 2934 κοινὰς
3349 2871 3457 2925 τῶν
3476 2888 3721 2942 γεγραμέ

2151 2967 2324 3039 μένων
2357 2966 2563 3029 ἐννοίας
2588 2965 2649 3017 τὸ
2674 2964 2815 3036 ὕδωρ
2845 2966 2943 3035 οὐχ
2972 2964 3116 3036 ὕδωρ
3144 2962 3410 3032 λέγουσιν’
3443 2963 3579 3017 ἀλλά
3601 2978 3723 3018 τινα

2148 3057 2310 3126 ἄλλην
2340 3056 2496 3124 φύσιν
2532 3055 2628 3125 (5),
2667 3055 2761 3108 καὶ
2792 3054 2957 3122 φυτὸν
3005 3055 3099 3108 καὶ
3137 3054 3287 3125 ἰχθὺν
3330 3054 3463 3126 πρὸς
3500 3055 3561 3106 τὸ
3588 3055 3718 3106 ἑαυ-

2147 3148 2257 3209 τοῖς
2309 3145 2497 3199 δοκοῦν
2536 3143 2918 3216 ἑρμηνεύουσι,
2958 3145 3052 3197 καὶ
3098 3142 3344 3213 ἑρπετῶν
3385 3143 3599 3211 γένεσιν
3625 3141 3721 3197 καὶ

474 3250 672 3302 turam,
715 3250 769 3293 et
799 3239 1035 3307 plantam
1069 3248 1124 3293 et
1153 3240 1353 3307 piscem
1399 3239 1691 3294 secundum
1726 3253 1876 3291 suam
1909 3240 2047 3307 ipse-

2152 3240 2354 3312 θηρίων
2389 3239 2484 3291 ἐπὶ
2508 3238 2605 3302 τὰς
2640 3237 2847 3300 οἰκείας
2874 3236 3127 3299 ὑπονοίας
3155 3235 3602 3308 παρατρέψαντες
3634 3235 3719 3301 ἑξ-

475 3349 593 3387 rutn
648 3332 978 3387 sententiam
1025 3333 1473 3402 interpretantur.
1498 3333 1636 3399 Quin
1679 3331 1842 3385 etiam
1887 3333 2049 3400 repti-

473 3422 603 3475 lium
653 3431 705 3476 et
758 3437 1014 3492 pecorum
1066 3422 1466 3492 generationem
1510 3423 1576 3474 ad
1610 3436 1734 3475 suas
1767 3420 2050 3491 allegorias

475 3518 744 3569 detortam
787 3514 1011 3582 perinde
1041 3525 1338 3582 exponunt,
1368 3523 1426 3566 ut
1466 3515 1683 3583 quidam
1718 3528 1899 3568 rerum
1930 3527 2050 3567 sese

476 3593 846 3676 imaginationi
880 3622 976 3676 per
1007 3622 1256 3660 somnum
1293 3606 1667 3672 objicientium
1705 3606 2047 3675 interpretes,

475 3700 567 3767 qui
600 3714 724 3753 suas
758 3698 1237 3767 interpretationes
1286 3699 1351 3751 ad
1394 3699 1673 3767 proprium
1707 3714 1929 3768 scopum
1961 3714 2051 3753 ac-

474 3793 842 3847 commodant.
896 3791 1006 3861 Ego
1056 3806 1187 3845 vero
1236 3806 1359 3845 cum
1410 3788 1593 3845 fenum
1647 3793 1827 3856 audio,
1870 3790 2048 3845 fenum

476 3883 750 3953 intelligo;
796 3892 851 3935 et
876 3881 1135 3951 plantam,
1172 3892 1224 3935 et
1256 3883 1480 3949 piscem,
1518 3890 1572 3934 et
1609 3882 1835 3935 bestiam
1873 3891 1926 3935 et
1966 3896 2054 3949 pe-

475 3990 598 4038 cus.
640 3978 823 4029 omnia
867 3974 939 4027 uti
988 3976 1130 4028 dicta
1176 3984 1324 4038 sunt,
1358 3974 1437 4029 sic
1482 3973 1705 4041 accipio.
1753 3972 1875 4026 Non
1912 3975 2051 4026 enim

473 4067 721 4121 erubesco
760 4065 1102 4135 Evangelium
1132 4065 1197 4119 ¹⁰.
1232 4064 1419 4133 Neque
1452 4065 1706 4133 quoniam
1742 4065 1835 4133 qui
1870 4079 1955 4119 res
1985 4065 2050 4119 ad

472 4157 735 4209 nmndum
772 4156 1105 4223 pertinentes
1146 4156 1541 4224 conscripsere,
1577 4154 1740 4208 multa
1781 4158 1847 4209 de
1895 4164 2051 4208 terrae

477 4247 664 4318 ﬁguris
718 4249 1116 4312 disseruerunt,
1158 4260 1339 4302 utrum
1392 4259 1534 4302 terra
1590 4247 1798 4316 sphaera
1854 4248 1944 4311 sit,
1983 4262 2049 4299 an

474 4340 775 4410 cylindrus,
809 4352 988 4395 utrmn
1018 4342 1089 4395 sit
1118 4342 1272 4396 disco
1300 4340 1495 4396 similis
1528 4350 1582 4394 et
1608 4355 1674 4395 ex
1702 4355 1856 4409 teque
1885 4341 2053 4395 unde-

478 4430 608 4485 libet
649 4441 886 4495 tornata,
918 4449 984 4486 an
1027 4434 1261 4502 speciem
1314 4432 1511 4486 habeat
1561 4432 1747 4493 vanni,
1785 4433 1958 4500 sitque
1999 4432 2049 4485 in

478 4524 655 4578 medio
693 4539 923 4578 concava
959 4526 1236 4595 (nimirum
1272 4525 1337 4577 ad
1378 4525 1474 4579 has
1519 4538 1711 4577 oumes
1758 4524 2051 4577 sententias

2150 3332 2433 3404 ηγοῦνται,
2476 3331 2663 3403 ῶσπερ
2703 3332 2753 3384 οί
2797 3332 3159 3401 ὀνειροκρῖται
3204 3328 3312 3382 τῶν
3351 3328 3625 3397 φανέντων
3662 3329 3720 3380 ἐν

2149 3424 2271 3484 ταῖς
2301 3420 2422 3474 καθ’
2448 3419 2614 3474 ὕπνον
2651 3420 2967 3489 φαντασίαις
2998 3419 3133 3489 πρὸς
3167 3419 3260 3472 τὸν
3292 3421 3488 3474 οἰκεῖον
3521 3419 3726 3473 σκοπὸν

2149 3512 2246 3576 τὰς
2270 3512 2554 3582 ἐξηγήσεις
2582 3510 2913 3580 ποιούμενοι.
2958 3508 3097 3577 Ἐγὼ
3128 3509 3207 3574 δὲ,
3241 3509 3435 3581 χόρτον
3462 3509 3720 3572 ἀκούσας,

2151 3605 2341 3675 χόρτον
2384 3604 2509 3664 νοῶ,
2547 3603 2641 3656 καὶ
2685 3602 2867 3671 φυτὸν,
2916 3600 3010 3655 καὶ
3055 3599 3227 3670 ἰχθὺν,
3263 3601 3357 3653 καὶ
3383 3598 3591 3671 θηρίον,
3628 3600 3723 3653 καὶ

2151 3696 2367 3765 κτῆνος,
2423 3695 2596 3748 πάντα
2635 3694 2747 3763 (6),
2792 3692 2867 3755 ὡς
2907 3692 3143 3763 εἴρηται,
3187 3691 3359 3753 οὕτως
3407 3690 3720 3760 ἐκδέχομαι.

2150 3788 2260 3841 Καὶ
2292 3788 2401 3856 γὰρ
2438 3790 2547 3841 οὐκ
2577 3786 3013 3855 ἐπαισχύνομαι
3058 3782 3123 3836 τὸ
3152 3782 3544 3852 Εὐαγτέλιον.
3589 3780 3725 3835 Οὐδὲ

2154 3882 2337 3951 ἐπειδὴ
2391 3883 2440 3934 oi
2480 3879 2549 3933 τά
2606 3878 2737 3950 περ).
2782 3877 2987 3947 κόσμου
3028 3876 3338 3947 γράψαντες
3381 3874 3550 3928 πολλὰ
3597 3874 3725 3943 περὶ

2154 3977 2446 4045 σχημάτων
2478 3974 2581 4045 γῆς
2613 3971 2984 4043 διελέχθησαν,
3022 3972 3129 4024 εἴτε
3164 3971 3368 4042 σφαῖρά
3408 3970 3575 4032 ἐστιν,
3612 3968 3722 4021 εἴτε

2152 4066 2452 4137 κύλινδρος,
2495 4066 2603 4117 εἴτε
2636 4066 2730 4117 καὶ
2766 4063 2934 4133 δίσκῳ
2973 4063 3121 4118 ἐστὶν
3164 4060 3410 4134 ἐμφερὴς
3440 4062 3472 4131 ἡ
3504 4060 3598 4129 γῆ,
3631 4058 3722 4113 καὶ

2152 4158 2329 4224 ἑξίσου
2390 4156 2650 4211 πάντοθεν
2697 4156 2773 4227 (7)
2819 4156 3292 4225 ἀποτετόρνευται,
3351 4154 3384 4225 ἢ
3423 4153 3722 4221 λικνοειδής

2153 4250 2288 4313 ἐστι,
2318 4250 2410 4303 καὶ
2445 4246 2753 4319 μεσόκοιλυς
2795 4248 2952 4317 (πρὸς
2996 4246 3175 4308 πάσας
3220 4245 3330 4316 γάρ
3382 4244 3583 4307 ταύτας
3624 4244 3722 4306 τὰς

2154 4342 2407 4404 ὑπονοίας
2459 4342 2505 4394 οἰ
2555 4338 2624 4391 τά
2651 4339 2725 4409 (8)
2755 4339 2883 4409 περὶ
2918 4336 3012 4391 τοῦ
3044 4338 3247 4408 κόσμου
3278 4337 3589 4407 γράψαντες
3622 4336 3723 4389 ὑπὸ

2152 4434 2472 4506 ηνέχθησαν,
2499 4432 2566 4485 τὰ
2595 4430 2834 4504 ἀλλήλων
2860 4431 3087 4494 ἕκαστος
3112 4428 3510 4499 καταλύοντες),
3536 4429 3597 4482 οὑ
3621 4446 3722 4481 παδ

2157 4524 2223 4593 ρὰ
2244 4523 2400 4577 τοῦτο
2433 4522 2845 4593 προαχθήσομαι
2883 4521 3214 4592 ἀτιμοτέραν
3245 4522 3416 4573 εἰπεῖν
3463 4519 3560 4590 τὴν
3584 4520 3723 4590 ήμεά

477 4614 531 4667 hi
560 4615 648 4682 qui
684 4616 751 4670 de
782 4618 982 4670 mundo
1025 4618 1315 4686 scripsere,
1346 4615 1548 4686 delapsi
1591 4625 1735 4679 sunt,
1772 4615 1859 4669 alii
1910 4617 2047 4671 alio-

2152 4618 2315 4687 τέραν
2344 4615 2719 4687 κοσμοποιίαν,
2768 4614 2954 4685 ἐπειδὴ
2990 4613 3142 4667 οὐδὲν
3185 4613 3313 4684 περὶ
3351 4612 3644 4682 σχημάτων
3693 4610 3724 4665 ό

477 4720 595 4758 rum
648 4706 841 4776 placita
876 4708 1276 4779 dissolventes),
1310 4708 1515 4763 idcirco
1565 4708 1802 4761 adducar
1849 4717 1907 4761 ut
1953 4723 2049 4763 no-

551 4813 593 4844 ¹⁸
618 4814 773 4868 Rom.
808 4832 845 4881 ι,
873 4816 959 4871 16.

550 4904 624 4973 (1)
662 4906 886 4987 Codices
919 4924 1010 4961 sex
1045 4908 1353 4987 πληρώσαι,
1403 4919 1495 4963 aut
1538 4906 1845 4987 πληρῶσαι.
1872 4909 2047 4987 Editio

476 4975 649 5059 Paris.
700 4976 985 5048 πληρώτω.
1051 4975 1182 5050 mg:
1245 4986 1464 5049 quintus
1510 4975 1852 5033 καταλείπων
1910 4981 2047 5052 πλη-

477 5062 660 5117 ρωσει.

541 5114 947 5197 (2)“Ιιι,ίὶιξςίἰε
983 5130 1138 5197 δέξαιο
1181 5130 1238 5174 et
1279 5129 1476 5197 _oct_a_vo
1511 5124 1655 5197 yiest
1702 5123 1792 5179 bic
1836 5122 2045 5197 titulus,

472 5187 567 5261 τοῦ
597 5187 763 5261 αὐτοῦ
788 5189 872 5261 εἰς
901 5191 997 5261 τὴν
1028 5191 1247 5245 Γένεσιν
1268 5191 1475 5261 ὁμιλία.
1510 5194 1721 5248 Titulus
1761 5191 1936 5246 nullus
1964 5205 2048 5246 est

473 5258 527 5312 in
554 5258 1029 5335 aliisquibusdam
1061 5277 1190 5335 mss.
1215 5258 1382 5335 Gotsl.
1416 5265 1619 5335 primus
1644 5264 1829 5335 ὁμιλία
1858 5262 2041 5333 ἐνάτη.

544 5329 620 5397 (ὃ)
661 5329 1076 5406 Quatuormiss.
1119 5332 1281 5386 ὁποῖά
1328 5332 1444 5384 ποτ’
1494 5332 1558 5385 ἂν
1604 5329 1709 5406 εἴη.
1747 5336 1882 5406 ιιιιῑιι
1923 5329 2044 5406 cum

474 5398 614 5476 Reg.
639 5410 791 5453 sexto
1001 5403 1197 5455 Ibidem
1230 5414 1465 5476 quatuor
1493 5418 1617 5476 mss.
1650 5397 2043 5473 ἐξουδενητέον.

473 5469 615 5524 Ειιίἰί
652 5486 772 5523 cum
805 5469 954 5526 Colb.
988 5477 1226 5526 secundo
1248 5469 1662 5538 ἐξουδενωτέον.

545 5540 709 5613 (4)ἰιει
738 5543 903 5613 editio
926 5542 1088 5596 Basil.
1111 5559 1232 5597 cum
1261 5546 1500 5613 quinque
1524 5560 1649 5597 mss.
1681 5544 1853 5598 Editio
1869 5541 2042 5596 Paris.

473 5610 632 5748 εὲἁμὴ
665 5610 777 5665 καί.
817 5614 1011 5668 Statim
1041 5614 1193 5669 Colb.
1232 5610 1499 5670 secundus
1526 5616 1710 5688 mtng
1732 5615 1837 5669 τῶν
1863 5630 2045 5684 γραμδ

556 5697 679 5734 των.

556 5697 659 5731 των
667 5723 679 5734 .

545 5749 622 5829 (5)
661 5751 749 5829 Sic
786 5769 912 5807 mss.
968 5771 1109 5829 cum,
1136 5756 1371 5829 editione
1401 5754 1610 5829 _Basil_._
1634 5755 1815 5809 Editio
1865 5756 2043 5829 Paris.

473 5822 758 5874 oscitatttia
799 5828 1115 5896 typograpbi
1160 5828 1323 5897 ἄλλην
1351 5826 1524 5898 χύσιν.
1564 5825 1682 5882 Mox
1719 5841 1847 5882 mss.
1883 5826 2041 5883 Coms

2147 4706 2242 4760 τοῦ
2270 4706 2403 4759 Θεοῦ
2443 4704 2693 4778 θεράπων
2737 4704 2976 4774 Μωῡσῆς
3014 4704 3089 4773 (9)
3130 4702 3396 4773 διελέχθη,
3437 4700 3557 4754 οὺδέ
3599 4696 3722 4753 εἶπε

2152 4908 2260 4963 bct‘.
2310 4925 2431 4964 cum
2482 4908 2632 4963 Colb.
2680 4908 2914 4964 secundo
2955 4915 3009 4963 et
3052 4922 3175 4961 cum
3224 4907 3359 4977 Reg.
3403 4920 3596 4963 octavo
3626 4909 3721 4964 xui

2152 4981 2314 5049 φυτὸν
2361 4982 2455 5035 καὶ
2503 4980 2672 5051 ἰχθύν.
2723 4979 2882 5035 Deest
2927 4977 3093 5049 φυτόν
3128 4981 3181 5033 in
3214 4981 3373 5034 editis
3406 4989 3461 5033 et
3503 4982 3554 5034 in
3597 4984 3719 5051 qui-

2151 5058 2373 5105 busdam
2411 5067 2538 5105 mss.

2223 5122 2298 5189 (6)
2340 5122 2489 5175 Cotti.
2535 5121 2798 5176 secundus
2835 5119 2931 5174 καὶ
2973 5120 3173 5174 πάντα.
3207 5118 3407 5175 Ibidem
3437 5130 3547 5176 tres
3586 5137 3717 5177 mss.

2150 5191 2338 5264 ὥσπερ
2377 5192 2608 5263 εἴρηται.

2222 5260 2317 5333 (7)’
2341 5260 2451 5316 Duo
2484 5260 2610 5317 inss.
2641 5260 2996 5331 πανταχόθεν.

2220 5329 2295 5405 (8)
2338 5334 2575 5405 Itamss.
2625 5329 3102 5405 pleriqueuluues.
3151 5329 3311 5384 Deest
3349 5333 3417 5405 τά
3452 5332 3505 5386 in
3537 5333 3714 5387 editis.

2148 5403 2299 5457 Ilaud
2337 5403 2506 5457 multo
2540 5416 2659 5472 post
2696 5403 2937 5474 nonnulli
2973 5417 3104 5474 mss.
3133 5404 3610 5474 προσαχθήσομαι.

2215 5474 2289 5540 t9)
2326 5474 2477 5529 Colb.
2530 5473 2796 5546 secundus
2821 5488 2973 5546 _cum
3036 5473 3168 5546 Reg.
3229 5473 3417 5546 octavo
3467 5475 3721 5546 θεράπων

2141 5538 2401 5615 Μωῢσῆς.
2443 5546 2594 5606 Illud,
2643 5538 2906 5615 Μωῦσῆς,
2936 5544 3085 5596 deest
3118 5538 3364 5615 ineditis
3412 5554 3464 5598 et
3506 5538 3557 5597 iu
3600 5549 3720 5597 altis

2146 5632 2274 5686 mss.
2310 5612 2474 5669 Paulo
2510 5622 2628 5683 post
2661 5613 2793 5686 Reg.
2833 5624 3020 5686 sextus
3043 5612 3273 5686 σταδίων
3302 5615 3399 5686 τὴν
3431 5615 3722 5686 διάμετρον

2142 5684 2305 5753 ἔχειν.
2351 5688 2462 5739 Duo
2509 5699 2637 5757 mss.
2680 5684 2778 5755 τὴν
2826 5685 3178 5757 περίμετρον.
3213 5684 3721 5742 Ειίἰιιουωττιὺιξς

2145 5771 2274 5812 mss.
2303 5757 2365 5809 τὸ
2392 5754 2743 5827 περίμετρον.
