4008 6402
360 396 464 454 189

1444 404 1728 463 HOMlLlA
1769 407 1835 460 IX
1881 408 1943 460 IN
1985 408 2481 468 IIEXAEMEBON.

3507 416 3605 470 190

359 519 490 575 δέκα
517 528 609 574 καὶ
638 521 779 575 ὀκτὼ
804 525 1066 594 μυριάδας
1096 527 1321 581 σταδίων
1353 527 1414 580 τὸ
1435 528 1765 599 περίμετρον
1789 528 1913 599 ἒχειπ

2035 545 2202 584 stram
2238 532 2304 585 de
2345 529 2525 585 tnundt
2567 540 2836 586 structura
2876 533 3243 588 narrationem
3293 534 3602 588 inferiorem

352 611 455 683 τῆς
489 613 592 683 γῆς
616 631 630 644 ·
671 616 767 668 καὶ
798 617 860 668 τὸ
896 619 990 670 ἀπ’
1015 619 1184 689 αὐτῆς
1219 619 1461 690 σκίασμα
1507 622 1565 673 ἐν
1600 624 1666 692 τῇ
1701 622 1805 675 ὑπὸ
1830 624 1932 692 γῆν

354 703 452 756 τοῦ
472 703 623 774 ἡλίου
650 708 861 778 κινήσει
897 710 990 762 ἐπὶ
1033 710 1196 762 πόσον
1224 713 1393 781 χωρεῖ
1435 711 1530 764 τοῦ
1567 711 1725 782 ἀέρος
1763 713 1824 764 οὐ
1857 712 1933 764 δι-

354 796 628 868 εμέτρησε
648 814 662 830 ο
699 800 791 852 καὶ
823 798 939 864 πῶς
956 801 1113 854 τοῦτο
1135 805 1203 872 τῇ
1231 802 1426 874 σελήνῃ
1448 802 1808 874 προσενεχθὲν
1831 804 1930 866 τὰς

356 887 627 958 ἐκλείψεις
677 893 839 944 ποιεῖ.
897 891 1112 961 Ἐπειδὴ
1163 891 1234 945 τὰ
1285 892 1450 963 μηδὲν
1499 893 1635 965 πρὸς
1677 895 1825 964 ἡμᾶς
1846 893 1931 957 νὼς

356 979 605 1052 ἄχρηστα
635 984 767 1052 ἡμῖν
791 983 1205 1055 ἀπεσιώπησεν⁹
1247 980 1356 1055 ἆρα
1379 985 1568 1038 τούτου
1604 985 1716 1056 (10)
1745 986 1929 1039 ἕνεκεν

355 1076 656 1146 ἀτιμότερα
683 1077 958 1148 ἡγήσομαι
991 1078 1089 1148 τῆς
1125 1080 1499 1150 μωρανθείσης
1535 1081 1725 1150 σοφίας
1743 1081 1810 1134 τὰ
1833 1080 1926 1133 τοῦ

354 1167 668 1238 ἰΙνεύματος
690 1169 880 1237 λόγια;
923 1169 956 1239 ἢ
998 1170 1196 1240 μᾶλλον
1229 1171 1434 1236 δοξάσω
1473 1171 1561 1224 τὸν
1594 1172 1668 1243 μὴ
1696 1173 1929 1242 ἀπασχοο

352 1256 592 1328 λήσαντα
628 1260 718 1313 τὸν
745 1260 867 1313 νοῦν
906 1260 1059 1331 ἡμῶν
1087 1263 1182 1314 ἐπὶ
1215 1261 1281 1314 τὰ
1310 1263 1532 1332 μάταια,
1581 1261 1719 1315 ἀλλὰ
1749 1261 1926 1314 πάντα

352 1351 434 1413 είς
491 1350 773 1422 οίκοδομὴν
816 1353 910 1406 καὶ
963 1354 1332 1426 καταρτισμὸν
1382 1353 1490 1407 τῶν
1538 1354 1726 1426 ψυχῶν
1765 1354 1924 1425 ἡμῶν

352 1443 627 1513 γραφῆναι
665 1445 1131 1515 οίκονομήσαντα;
1173 1447 1242 1499 Ὅ
1287 1464 1376 1516 μοι
1415 1446 1630 1500 δοκοῦσι
1682 1444 1756 1516 μὴ
1793 1462 1924 1497 συνο

351 1533 554 1598 ειδότες
613 1536 777 1599 τινὲς,
835 1540 1190 1606 παραγωγαῖς
1246 1555 1356 1591 τισι
1404 1538 1499 1591 καὶ
1542 1536 1922 1608 τροπολογίαις

351 1625 660 1695 σεμνότητά
719 1644 840 1680 τινα
899 1630 963 1680 ἐκ
1027 1628 1127 1699 τῆς
1188 1629 1390 1694 οἰκείας
1460 1628 1636 1682 αὐτῶν
1684 1627 1920 1689 διανοίας

349 1716 710 1789 ἐπεχείρησαν
759 1719 868 1790 (11)
930 1724 1044 1784 τοῖς
1103 1722 1512 1793 γεγραμμένοις
1564 1721 1916 1791 ἐπιφημίσαι.

361 1809 524 1862 Ἀλλά
550 1809 707 1864 τοῦτό
745 1812 891 1865 ἐστιν
937 1813 1128 1866 ἑαυτὸν
1167 1813 1469 1885 σοφώτερον
1508 1830 1786 1876 ποιουντος
1811 1811 1919 1865 τῶν

2033 639 2155 678 esse
2183 624 2383 687 dicam,
2412 624 2537 692 quia
2575 624 2778 677 nullum
2807 627 2874 680 de
2903 626 3086 695 ﬁguris
3111 627 3333 680 verbum
3364 628 3455 680 Dei
3484 643 3601 682 ser-

2030 728 2131 768 vus
2163 713 2374 786 Moyses
2411 715 2536 768 fecit
2569 733 2583 769 :
2615 725 2706 767 aut
2734 717 2859 784 quia
2896 734 2997 770 non
3036 718 3168 771 dixit
3207 727 3364 772 terra:
3402 721 3602 774 circui-

2034 817 2144 860 tum
2173 819 2388 861 centum
2433 816 2489 860 et
2529 809 2799 876 Octoginta
2827 808 3125 864 stadiorum
3158 809 3319 862 millia
3353 811 3554 864 habere
3583 828 3596 864 :

2029 909 2124 953 aut
2161 900 2284 968 quia
2317 913 2421 952 non
2457 899 2733 953 dimensus
2767 909 2847 953 est
2892 899 2945 952 in
2977 911 3236 969 quantum
3285 904 3426 956 acris
3471 919 3598 972 spa-

2030 991 2159 1045 tium
2208 993 2463 1061 procedat
2504 989 2621 1059 ejus
2659 995 2844 1044 umbra
2899 1003 3008 1045 tum
3051 1008 3170 1046 cum
3212 993 3289 1047 sol
3326 993 3422 1047 sub
3454 1001 3600 1048 terra

2029 1093 2278 1137 movetur
2311 1101 2324 1136 :
2358 1095 2450 1136 aut
2482 1083 2751 1152 quomodo
2799 1084 2984 1137 eadem
3037 1083 3174 1139 luna:
3220 1084 3429 1152 objecta
3474 1101 3600 1153 pru-

2033 1181 2182 1226 creet
2217 1171 2476 1242 deliquia,
2511 1172 2809 1239 praesertim
2842 1187 2963 1225 cum
3001 1188 3062 1226 ea
3092 1189 3208 1242 qua:
3243 1176 3308 1228 ad
3343 1190 3440 1229 nos
3467 1174 3597 1229 nihil

2028 1264 2281 1325 attinent,
2318 1276 2572 1331 tanquam
2616 1263 2771 1316 nobis
2822 1263 3026 1318 inutilia
3064 1265 3170 1335 ει
3213 1267 3428 1321 silentio
3460 1283 3597 1337 pra--

2027 1355 2318 1408 termiserit
2350 1373 2363 1409 :
2397 1370 2522 1408 num
2560 1354 2705 1418 ideo,
2741 1371 2939 1423 quaeso,
2987 1356 3220 1426 Spiritus
3267 1360 3440 1414 sancti
3482 1361 3596 1414 elo-

2027 1446 2154 1511 quia
2220 1459 2482 1500 censuere
2556 1445 2818 1500 infatuata
2877 1449 3135 1517 sapientia
3194 1465 3314 1505 esse
3369 1451 3597 1505 viliora?

2025 1535 2217 1590 Nonne
2262 1537 2439 1604 ponus
2483 1536 2528 1590 ei
2576 1537 2772 1590 dedero
2819 1536 3066 1606 gloriam,
3099 1540 3186 1607 qui
3226 1552 3458 1595 mentem
3499 1558 3596 1596 no-

2025 1639 2194 1682 stram
2228 1628 2279 1679 in
2311 1641 2488 1680 rerum
2530 1641 2787 1681 vanarum
2823 1631 3175 1696 occupatione
3205 1647 3308 1686 non
3341 1631 3591 1698 detinuit,

2023 1719 2116 1774 sed
2139 1719 2316 1773 omnia
2350 1717 2414 1771 ad
2445 1717 2853 1773 adificationem
2889 1731 2942 1775 et
2969 1722 3352 1790 perfectionem
3389 1725 3596 1778 anima-

2023 1827 2140 1866 rum
2174 1822 2478 1866 nostrarum
2524 1813 2789 1866 conscribi
2838 1815 3052 1868 sanxit?
3099 1814 3154 1869 ld
3195 1818 3335 1885 quod
3371 1818 3590 1886 quidam

348 1901 544 1969 λογίων
589 1903 682 1956 τοῦ
719 1906 1051 1976 Πνεῦματος,
1100 1907 1194 1959 καὶ
1233 1907 1289 1958 ἐν
1333 1907 1689 1977 προσποιήσει
1729 1905 1913 1975 ἐξηγὴ·

2027 1905 2156 1959 milii
2215 1905 2463 1960 videntur
2515 1920 2619 1960 non
2675 1905 3008 1961 intellexisse
3052 1926 3064 1961 :
3107 1908 3196 1978 qui
3251 1909 3591 1976 captionibus

349 2010 488 2058 σεως
531 1994 598 2048 τὰ
635 1996 827 2050 ἐαυτοῦ
867 1998 1314 2070 παρεισάγοντος.
1354 1997 1596 2053 ΝοείσΘω
1630 1997 1808 2050 τοίνυν
1845 1996 1920 2059 ὼς

346 2083 675 2155 γέγραπται.

2027 1995 2346 2064 quibusdam
2383 2007 2547 2064 atque
2585 1997 2894 2068 tropologiis
2924 2014 2987 2051 ex
3020 2013 3117 2051 suo
3165 1999 3401 2067 ipsorum
3444 1999 3594 2066 inge-

2043 2087 2116 2141 tio
2149 2086 2350 2155 aliquid
2391 2085 2686 2158 Scripturis
2728 2091 2995 2143 asciscere
3030 2090 3368 2143 auctoritatis
3409 2091 3589 2145 conati

347 2185 495 2229 sunt.
524 2175 718 2230 Verum
751 2177 804 2231 id
830 2179 878 2233 ei
944 2180 1220 2247 competit,
1285 2181 1375 2251 qni
1425 2197 1482 2235 se
1534 2182 1707 2251 ipsum
1752 2181 1985 2251 Spiritus
2024 2177 2194 2232 sancti
2239 2176 2471 2231 oraculis
2515 2179 2794 2232 constituit
2839 2181 3246 2247 sapientiorem,
3272 2181 3472 2251 quique
3503 2184 3590 2237 in-

345 2273 752 2339 terpretationis
782 2283 1038 2342 praetextu
1069 2285 1368 2330 commenta
1407 2293 1500 2331 sua
1531 2279 1757 2334 inducit.
1798 2277 1921 2331 Haec
1957 2276 2158 2342 itaque,
2189 2282 2246 2324 ut
2273 2272 2472 2340 scripta
2498 2281 2645 2333 sunt,
2679 2273 3064 2342 intelligantur.

419 2363 472 2416 2.
525 2363 890 2435 Ἐξαγαγέτω
935 2369 973 2435 ἡ
1029 2366 1107 2436 γῆ
1165 2368 1379 2437 ψυχὴν
1436 2368 1633 2430 ζῶσαν
1683 2366 1917 2436 κτηνῶν

342 2456 444 2510 καὶ
482 2457 698 2523 θηρίων
748 2457 845 2510 καί
887 2459 1168 2526 ἑρπετῶν.
1221 2461 1430 2531 Νόησον
1462 2463 1610 2531 ῥῆμα
1642 2460 1775 2514 Θεοῦ
1826 2460 1914 2515 διὰ

341 2546 441 2617 τῆς
471 2547 698 2609 κτίσεως
723 2547 935 2618 τρέχον,
979 2550 1072 2602 καὶ
1109 2551 1228 2603 τότε
1259 2551 1583 2621 ἀρξάμενον,
1625 2552 1719 2604 καὶ
1751 2551 1914 2622 μέχρι

341 2637 439 2691 νῦν
471 2638 745 2708 ἐνεργοῦν,
780 2640 872 2692 καὶ
901 2642 980 2703 είς
1009 2641 1158 2704 τέλος
1190 2641 1380 2706 δεξιὸν,
1424 2643 1527 2704 ἓως
1563 2642 1629 2696 ἂν
1659 2644 1687 2694 ό
1712 2643 1915 2709 κόσμος

345 2731 738 2802 συμπληρωθῇ.
776 2731 862 2796 Ὠς
889 2733 997 2804 γὰρ
1041 2735 1074 2803 ἡ
1110 2736 1332 2805 σφαῖρα,
1379 2735 1598 2788 ἐπειδὰν
1639 2734 1742 2787 ὑπό
1772 2751 1914 2797 τινος

342 2824 570 2895 ἀπωσθῇ
614 2825 747 2894 (12),
801 2821 918 2879 εἶτα
964 2827 1200 2897 πρανοῦς
1247 2843 1390 2890 τινος
1437 2827 1685 2898 λάϐηται,
1722 2827 1825 2880 ὑπό
1856 2845 1913 2879 τε

340 2915 444 2984 τῆς
473 2916 678 2979 οἰκείας
703 2918 1047 2987 κατασκευῆς
1097 2917 1190 2970 καὶ
1229 2918 1327 2988 τῆς
1358 2919 1792 2990 ἐπιτηδειότητος
1820 2919 1912 2974 τοῦ

342 3008 540 3079 χωρίου
566 3009 787 3080 φέρεται
815 3009 949 3080 πρὸς
973 3010 1035 3063 τὸ
1069 3010 1350 3074 κάταντες,
1385 3012 1446 3064 οὐ
1470 3012 1732 3082 πρότερον
1761 3013 1911 3066 ἱστα-

343 3101 480 3172 μένη
532 3101 659 3172 πρὶν
705 3101 770 3154 ἄν
815 3119 868 3154 τι
907 3101 1016 3154 τῶν
1053 3102 1310 3156 ίσοπέδων
1345 3103 1515 3175 αὐτὴν
1555 3103 1908 3174 ὑποδέξηται·

2087 2364 2142 2417 2.
2185 2361 2452 2418 Producat
2501 2371 2642 2416 terra
2694 2364 2923 2417 animam
2967 2365 3220 2418 rivcntem
3260 2382 3501 2434 pecorum
3540 2378 3590 2421 et

2017 2453 2296 2506 bestiarum
2347 2465 2392 2505 et
2440 2453 2703 2519 reptilium
2735 2454 2798 2508 ¹¹.
2830 2453 3118 2508 Considera
3154 2455 3244 2510 Dei
3280 2471 3464 2512 vocem
3496 2475 3591 2528 per

2016 2559 2103 2598 res
2149 2553 2362 2598 creatas
2406 2547 2807 2610 pervadentem,
2841 2560 2957 2613 quin
3015 2555 3072 2600 et
3115 2555 3241 2601 tunc
3283 2548 3503 2619 incepit,
3535 2561 3590 2606 et

2019 2652 2190 2706 usque
2221 2637 2392 2691 adhuc
2427 2636 2610 2691 elﬁcax
2642 2648 2744 2702 est,
2774 2656 2838 2693 ac
2868 2641 2918 2693 in
2953 2639 3110 2695 linem
3151 2644 3439 2696 transitura
3483 2655 3584 2707 est,

2018 2730 2193 2799 quoad
2227 2740 2630 2784 consummatus
2666 2728 2826 2784 fuerit
2855 2736 3104 2786 mundus.
3129 2733 3586 2798 Quemadmodum

2019 2820 2163 2875 enim
2189 2819 2402 2888 globus,
2431 2835 2550 2874 cum
2585 2835 2614 2873 a
2641 2822 2887 2891 quopiam
2923 2821 3081 2876 fuerit
3109 2835 3306 2889 motus,
3339 2841 3402 2880 ac
3432 2827 3588 2881 dein-

2018 2925 2148 2981 ceps
2175 2911 2432 2965 declivem
2485 2911 2718 2980 aliquem
2760 2911 2932 2965 locum
2981 2921 3173 2967 nactus
3214 2913 3394 2978 fuerit,
3429 2924 3483 2968 et
3518 2930 3586 2968 ex

2018 3003 2231 3072 propria
2293 3015 2585 3068 structura,
2616 3012 2670 3057 et
2713 3018 2776 3056 ex
2829 3003 2930 3057 loci
2977 3005 3378 3074 opportunitate
3426 3006 3586 3060 deor-

2019 3109 2137 3148 sum
2182 3093 2371 3155 fertur.
2401 3109 2502 3148 nec
2548 3094 2696 3162 prius
2738 3096 2990 3163 quiescit,
3017 3112 3178 3166 quam
3211 3097 3460 3165 planities
3491 3078 3586 3151 ali-

337 3191 482 3244 οῦτω
509 3194 542 3262 ἡ
570 3191 730 3261 φύσις
760 3193 868 3246 τῶν
889 3192 1076 3255 ὄντων,
1109 3194 1189 3246 ἐνὶ
1223 3195 1604 3267 προστάγματι
1628 3196 1736 3265 (15)
1770 3213 1913 3267 κινη-

2018 3202 2122 3254 qua
2163 3187 2336 3256 ipsum
2375 3187 2692 3254 exceperit;
2723 3185 2792 3238 ita
2837 3201 3012 3240 rerum
3065 3197 3254 3241 natura
3301 3203 3407 3242 uno
3445 3206 3582 3259 pra:-

340 3281 516 3347 Θεῖσα,
548 3284 644 3353 τὴν
690 3285 747 3337 ἐν
787 3286 853 3354 τῇ
892 3285 1102 3353 γενέσει
1136 3286 1230 3338 καὶ
1264 3285 1438 3357 φθορᾷ
1477 3285 1654 3338 κτίσιν
1696 3285 1915 3355 ὁμαλῶς

313 3371 693 3444 διεξέρχεται,
719 3374 817 3436 τὰς
843 3374 950 3427 τῶν
976 3375 1148 3443 γενῶν
1174 3375 1490 3440 ἀκολουθίας
1515 3376 1581 3428 δι’
1601 3378 1914 3448 ὁμοιότητος

337 3463 622 3528 ἀποσώζου
635 3483 720 3528 σα,
750 3465 857 3528 ’έως
888 3466 953 3520 ἂν
988 3467 1124 3537 πρὸς
1148 3468 1280 3521 αὐτὸ
1309 3470 1620 3540 καταντήσῃ
1651 3469 1712 3522 τὸ
1737 3469 1908 3533 τέλος.

336 3556 534 3608 Ἵππον
579 3555 677 3626 μὲν
719 3556 826 3628 γάρ
857 3557 1024 3610 ἵππου
1051 3561 1280 3612 ποιεῖται
1303 3560 1564 3629 διάδοχον,
1601 3560 1695 3613 καὶ
1725 3559 1914 3615 λέοντα

335 3644 569 3708 λέοντος,
601 3646 694 3698 καὶ
721 3646 876 3699 ἀετὸν
903 3647 1060 3700 ἀετοῦ
1081 3665 1094 3678 ο
1126 3650 1218 3703 καὶ
1239 3650 1466 3702 ἕκαστον
1484 3648 1593 3702 τῶν
1615 3648 1768 3713 ζώων
1793 3653 1911 3715 ταῖς

335 3736 531 3808 ἐφεξῆς
550 3737 815 3807 διαδοχαῖς
844 3739 1272 3810 συντηρούμενον
1301 3740 1460 3811 μέχρι
1482 3740 1581 3810 τῆς
1604 3741 1910 3805 συντελείας

330 3829 427 3882 τοῦ
460 3829 658 3893 παντὸς
685 3831 1065 3901 παραπέμπει.
1100 3833 1287 3896 Οὐδεὶς
1320 3834 1509 3904 χρόνος
1537 3833 1907 3904 διεφθαρμένα

329 3917 366 3990 ἢ
384 3919 603 3989 ἐξίτηλα
619 3923 762 3973 ποιεῖ
778 3921 888 3990 (14)
904 3920 1009 3974 τῶν
1028 3920 1180 3985 ζώων
1200 3922 1269 3975 τὰ
1287 3921 1572 3992 ἰδιώματα,
1591 3920 1704 3976 ἀλλ’
1722 3920 1870 3974 ὥσπε
1878 3939 1910 3992 ρ

329 4011 456 4078 ἄρτι
479 4011 848 4082 καθισταμένη
885 4014 918 4082 ἡ
953 4011 1110 4082 φύσις
1138 4013 1224 4066 ἀεὶ
1252 4014 1420 4083 νεαρά
1451 4012 1529 4083 τῷ
1557 4012 1732 4082 χρόνῳ
1775 4029 1910 4081 συμ-

331 4103 686 4174 παρατρέχει.
730 4103 1088 4173 Ἐξαγτιγέτω
1121 4106 1159 4172 ἡ
1192 4103 1267 4173 γῆ
1295 4104 1507 4172 ψυχὴν
1529 4103 1741 4164 ζῶσαν.
1773 4102 1900 4156 Τοῦ-

328 4213 394 4249 το
423 4197 743 4266 ἐναπέμεινε
776 4200 842 4267 τῇ
865 4198 935 4267 γῇ
966 4196 1312 4267 πρόσταγμα,
1353 4196 1448 4248 καὶ
1470 4197 1527 4248 οὐ
1559 4194 1789 4248 παύεται
1820 4194 1908 4260 ἐξ·

335 4285 747 4356 υπηρετουμένη
785 4285 862 4356 τῷ
893 4287 1134 4340 κτίσαντι
1159 4285 1292 4357 (15).
1325 4285 1406 4338 Τὲι
1442 4286 1538 4356 μὲν
1571 4285 1678 4355 γὰρ
1713 4286 1776 4336 ἐκ
1807 4283 1908 4352 τῆς

328 4378 581 4449 διαδοχῆς
623 4378 728 4432 τῶν
762 4378 1219 4450 προϋπαρχόντων
1248 4378 1585 4450 παράγεταιο
1620 4375 1688 4428 τὰ
1735 4375 1791 4427 δὲ
1827 4375 1906 4428 έτι

328 4471 426 4522 καὶ
464 4471 558 4524 νῦν
606 4471 665 4536 ἐξ
696 4471 866 4542 αὐτῆς
895 4471 994 4542 τῆς
1025 4471 1128 4540 γῆς
1162 4469 1578 4540 ζωογονούμενα,
1609 4468 1902 4522 δείκνυται.

2015 3288 2172 3347 cepto
2220 3278 2463 3342 incitata,
2503 3291 2588 3332 res
2634 3279 2882 3332 conditas
2916 3279 3249 3348 mquabiliter
3279 3280 3330 3334 in
3359 3298 3585 3350 genera-

2014 3369 2159 3422 tione
2188 3379 2239 3424 e:
2275 3368 2329 3422 in
2363 3370 2709 3438 corruptione
2756 3380 3022 3440 penetrat,
3052 3382 3337 3442 servatque
3377 3391 3471 3443 per
3507 3379 3586 3429 si-

2013 3459 2372 3514 militudinem
2401 3461 2772 3515 successiones
2798 3477 3078 3532 generum,
3108 3464 3278 3518 donec
3308 3465 3374 3518 ad
3408 3466 3581 3534 ipsum

2012 3552 2319 3621 pervenerit
2376 3551 2557 3607 linem.
2595 3551 2727 3605 Nam
2781 3568 2978 3622 equum
3033 3555 3156 3622 equi
3210 3570 3581 3612 successorem

2012 3643 2164 3706 facit,
2200 3625 2411 3696 leu'netn
2458 3633 2648 3708 leonis,
2678 3643 2914 3707 aquilam
2951 3645 3144 3714 aquilae
3175 3668 3187 3700 ;
3226 3646 3333 3698 itno
3373 3647 3580 3715 singula

2012 3734 2264 3787 animalia
2295 3736 2745 3803 consequentibus
2775 3737 3207 3792 successionibus
3234 3749 3578 3804 conservata,

2013 3837 2182 3890 usque
2244 3825 2310 3875 ad
2373 3823 2607 3878 universi
2666 3825 3185 3878 consummationem
3245 3827 3574 3883 transmittit.

2011 3911 2242 3982 Tempus
2286 3913 2486 3968 nullum
2531 3913 2760 3969 destruit
2806 3914 3118 3969 animalium
3164 3918 3516 3986 proprietates
3557 3965 3568 3974 .

2009 4004 2102 4058 sed
2146 4013 2400 4073 tanquam
2446 4019 2616 4073 nuper
2659 4007 2951 4060 constituta
3000 4018 3188 4061 natura
3231 4008 3322 4072 sit,
3363 4013 3576 4076 semper

2009 4109 2201 4148 recens
2246 4111 2349 4147 una
2397 4110 2516 4148 cum
2561 4103 2800 4163 tempore
2828 4097 3085 4150 excurrit.
3127 4095 3390 4150 Producat
3433 4108 3578 4152 terra

2007 4187 2236 4240 animam
2284 4190 2551 4243 viventem.
2596 4187 2706 4241 lloc
2756 4195 3076 4257 przeceptum
3129 4197 3286 4242 terra:
3335 4191 3573 4254 inhaesit,

2007 4295 2109 4334 nec
2173 4293 2237 4332 ea
2287 4279 2529 4338 Creatori
2580 4279 2777 4334 desiuit
2831 4278 3100 4332 famulari.
3151 4279 3270 4335 Alia
3317 4281 3460 4335 enim
3509 4295 3574 4335 ex

2009 4371 2355 4426 successione
2395 4385 2581 4426 eorum
2621 4385 2739 4440 quae
2771 4372 2920 4440 prius
2953 4371 3234 4435 exstitere,
3267 4373 3574 4442 producun-

2009 4473 2095 4517 tur
2127 4482 2140 4519 :
2175 4464 2281 4517 alia
2307 4479 2436 4519 vero
2469 4479 2532 4519 ex
2572 4464 2681 4534 ipsa
2727 4473 2868 4518 terra
2897 4463 3060 4518 etiam
3098 4479 3240 4518 nunc
3278 4466 3454 4520 adhuc
3493 4468 3575 4519 vi-

328 4563 405 4615 υύ
434 4561 542 4633 γὰρ
573 4563 730 4632 μόνον
759 4563 1008 4631 τέττιγας
1057 4565 1114 4616 ἐν
1154 4561 1479 4634 ἐπομϐρίαις
1513 4561 1744 4632 ἀνίησιν,
1784 4560 1904 4614 οὐδὲ

2018 4566 2118 4612 tam
2151 4558 2398 4626 accipere
2427 4569 2760 4628 compertum
2795 4569 2895 4613 est.
2925 4559 3042 4612 Non
3071 4558 3216 4612 enim
3252 4557 3424 4613 solum
3454 4557 3570 4628 pln-

327 4653 464 4708 ἄλλα
501 4654 668 4724 μυρία
693 4655 823 4725 γένη
848 4654 953 4708 τῶν
984 4655 1370 4727 ἐμφερομένων
1403 4653 1480 4724 τῷ
1506 4653 1626 4724 ἀέρι
1659 4652 1895 4724 πτηνῶν,

325 4742 403 4803 ὧν
428 4748 841 4818 ἁκατονόμαστά
865 4748 1065 4800 ἐστιτὰ
1086 4748 1308 4800 πλεῖστα
1331 4748 1420 4800 διά
1437 4747 1759 4816 λεπτότητα,
1784 4746 1898 4799 ἀλλ’

325 4829 430 4910 ἤδη
469 4840 562 4893 καὶ
597 4839 701 4910 μῦς
746 4840 839 4893 καὶ
872 4841 1174 4912 βατράχους
1225 4838 1285 4905 ἐξ
1334 4841 1503 4912 αὐτῆς
1541 4840 1855 4894 ἀναδίδωσιν
1878 4857 1892 4873 ο

325 4931 460 4985 ὅπου
483 4950 546 5002 γε
586 4932 715 5003 περὶ
741 4932 923 5004 Θήϐας
947 4933 1044 4997 τὰς
1069 4933 1390 5003 Αἰγυπτίας,
1417 4931 1632 4987 ἐπειδὰν
1665 4932 1766 5003 ὕσῃ
1799 4931 1896 4985 λά-

325 5024 474 5094 ὄρως
506 5025 564 5077 ἐν
595 5023 889 5095 καύμασιν,
940 5025 1100 5088 εὐθὺς
1143 5025 1452 5097 ἀρουραίων
1495 5022 1644 5095 μυῶν
1677 5025 1709 5093 ὴ
1742 5021 1894 5092 χώρα

321 5116 789 5188 καταπληροῦται.
851 5116 962 5183 Τὰς
1010 5119 1066 5173 δὲ
1108 5117 1348 5190 ἐγχέλεις
1397 5115 1508 5189 (16)
1556 5115 1676 5169 οὐδὲ
1725 5113 1898 5176 ἄλλως

386 5277 425 5308 ¹¹
449 5277 582 5334 Gen.
616 5294 657 5345 ι,
680 5278 770 5334 24.

395 5395 508 5520 (10)
546 5398 681 5452 Tres
709 5414 840 5454 mss.
876 5393 984 5472 ἆρα
1007 5399 1196 5454 τούτου
1216 5417 1300 5470 γε.
1322 5399 1454 5466 Reg.
1486 5407 1670 5453 sextus
1692 5392 1882 5451 τούτου

418 5504 434 5520 .
467 5468 606 5520 Editi
643 5485 764 5520 cum
792 5472 1110 5520 auibttsdam
1147 5487 1279 5520 mss.
1313 5468 1503 5520 τούτου
1535 5468 1739 5520 ἕνεκεν.

318 5468 434 5540 καί.
463 5468 606 5540 Editi
643 5485 764 5524 cum
792 5468 1110 5540 quibusdam
1147 5468 1279 5526 mss.
1313 5468 1503 5524 τούτου
1535 5468 1739 5540 ἕνεκεν.

391 5538 504 5611 (li)
545 5537 650 5593 Sex
705 5537 836 5611 mss.
880 5557 1004 5595 cum
1054 5557 1156 5598 ms.
1206 5543 1447 5598 Combef.
1497 5539 1879 5611 ἐπεχείρησαν.

316 5607 852 5682 Εάίιίέπιχειρῆσαι,
869 5613 1030 5666 male.

534 5678 626 5753 §ic
652 5678 780 5736 mss.
817 5682 988 5753 multi.
1023 5681 1198 5736 Editio
1219 5681 1394 5736 Paris.
1428 5681 1644 5753 ἀπωθῇ.

385 5750 499 5820 (15.)
539 5749 668 5826 Reg.
695 5763 878 5826 sextus
900 5752 1077 5826 uvam»:
1089 5754 1146 5806 ἐν
1179 5753 1577 5826 προστάγματι.
1596 5749 1734 5826 Mc;
1760 5753 1880 5825 plu~

316 5831 405 5876 res
438 5837 568 5878 mss.
599 5821 698 5891 τὴν
727 5824 784 5876 ἐν
809 5825 874 5894 τῇ
901 5841 1014 5894 γεν.
1045 5822 1204 5882 Deest
1223 5821 1301 5895 ’τῇ
1340 5821 1596 5884 ineditis.

2009 4652 2097 4706 vio
2133 4661 2372 4722 tempore
2401 4653 2514 4706 edit
2543 4653 2776 4720 cicadas,
2806 4665 2896 4705 aut
2929 4653 3030 4705 alia
3071 4653 3349 4707 innumera
3377 4653 3572 4707 volati-

2006 4741 2135 4797 lium
2188 4743 2240 4796 in
2291 4758 2414 4798 aere
2459 4745 2768 4814 vagantium
2817 4759 3033 4813 genera,
3068 4760 3294 4813 quorum
3341 4744 3569 4815 plurima

2003 4845 2222 4905 propter
2276 4823 2590 4891 tenuitatem
2650 4846 2776 4891 sunt
2832 4851 3096 4908 anonyma
3157 4854 3172 4891 :
3233 4836 3327 4892 sed
3388 4851 3571 4890 mures

2001 4926 2163 4982 etiam
2194 4936 2247 4980 et
2281 4943 2438 4982 ranas
2469 4943 2535 4982 ex
2581 4943 2640 4983 se
2677 4929 2791 4997 ipsa
2826 4929 3052 4997 profert.
3081 4928 3216 4984 Nam
3254 4929 3400 4984 circa
3427 4928 3571 4982 Tlte-

2006 5018 2100 5072 bas
2137 5016 2443 5088 Egyptias,
2473 5020 2562 5073 ubi
2619 5020 2672 5074 in
2724 5021 2942 5075 aestibus
3003 5020 3148 5088 large
3192 5020 3349 5091 pluit,
3383 5021 3569 5075 statim

2004 5109 2394 5180 campestribus
2431 5112 2670 5167 muribus
2701 5114 2846 5184 regio
2885 5115 3202 5184 completur.
3237 5113 3566 5180 Quinetiam

2063 5410 2176 5485 (14)
2215 5412 2290 5469 Ita
2322 5415 2490 5488 codex
2537 5415 2779 5472 Combef.
2827 5433 2949 5472 cum
2993 5418 3125 5488 Reg.
3172 5429 3386 5474 octavo.
3417 5415 3562 5473 Editi

1989 5484 2269 5560 veructnn
2305 5487 2516 5541 caeteris
2552 5501 2678 5560 mss.
2717 5488 2906 5558 χρόνος
2931 5484 3152 5560 ἐξίτηλα
3186 5490 3347 5542 ποιεῖ.

2059 5554 2170 5636 (15)
2193 5555 2330 5640 Ριξξι.
2359 5567 2543 5640 sextus
2576 5554 3150 5640 eiunﬁ'pscoupévqﬁqi
3177 5558 3560 5640 προστάγματι

1985 5625 2089 5750 ἷοῦ.
2119 5627 2420 5692 κτίσαντος,
2460 5624 2571 5681 Nec
2605 5624 2872 5684 Creatoris
2899 5624 3134 5700 i'mpei'io'
3156 5624 3344 5685 deiinit
3377 5624 3557 5700 famu-

2007 5713 2114 5750 art.

2007 5713 2114 5752 art.

2056 5755 2166 5838 (16)
2203 5768 2315 5824 Duo
2345 5782 2476 5826 mss.
2510 5768 2610 5833 τὰς
2636 5768 2693 5823 δὲ
2723 5767 2967 5840 ἐγχέλυς.
