4008 6402
503 426 601 481 1θὶ

1809 420 1865 477 S.
1908 418 2153 475 BASILIl
2185 416 2398 473 MAGNI

3632 411 3738 468 199

498 545 763 619 anguillas
801 546 1033 602 vidimus
1068 560 1173 600 non
1212 544 1373 601 aliter
1398 560 1561 615 quam
1598 558 1663 597 ex
1697 543 1827 597 limo
1865 543 2068 598 consti-

2170 542 2381 613 ὁρῶμεν
2412 540 2445 611 ἦ
2482 542 2543 592 ἐκ
2572 540 2668 611 τῆς
2714 537 2854 601 ἰλύος
2895 536 3319 606 συνισταμέναςο
3355 529 3431 589 ων
3468 533 3593 588 οὕτε
3632 532 3739 588 ὠὺν

500 640 611 704 tui,
662 654 726 693 ac
778 638 1024 709 generari
1078 656 1092 692 :
1149 652 1377 705 quarum
1440 638 1840 691 successionem
1894 650 2068 703 neque

497 744 680 792 ovum,
714 744 887 798 neque
931 728 1073 783 ullus
1116 728 1249 781 alius
1293 728 1481 784 modus
1532 726 1771 789 coniicit,
1802 726 1893 779 sed
1941 726 2069 794 ipsa:

498 835 567 876 ex
619 831 758 875 terra
806 830 990 875 ortum
1040 820 1259 873 habent.
1308 817 1575 871 Praducat
1625 826 1764 870 terra
1814 816 2065 870 animum.

502 912 701 967 Pecora
735 922 862 968 sunt
894 911 1191 971 terrestria,
1221 919 1276 964 et
1322 924 1509 963 versus
1541 918 1738 962 terram
1770 908 2021 962 inclinata
2049 925 2066 963 :

504 1003 663 1057 homo
694 1018 821 1057 vero
849 1002 938 1071 qui
969 1001 1149 1070 planta
1175 999 1413 1054 caalestis
1438 1005 1543 1061 est,
1566 1008 1765 1066 quanto
1798 1012 2070 1066 corporeae

500 1092 951 1149 conformationis
995 1089 1185 1155 forma,
1233 1098 1380 1141 tanto
1430 1087 1591 1140 etiam
1642 1086 1836 1139 animm
1891 1086 2069 1155 digni-

501 1194 611 1240 tate
638 1191 871 1255 praestat.
899 1180 1082 1248 Qualis
1108 1188 1189 1233 est
1214 1178 1619 1247 quadrupedum
1653 1176 1868 1230 forma?
1898 1178 2070 1244 Caput

498 1275 738 1346 ipsorum
791 1274 843 1326 iu
896 1283 1095 1326 terram
1150 1284 1378 1339 pronum
1424 1278 1528 1332 est,
1561 1268 1781 1339 respicit
1830 1269 1897 1323 ad
1940 1285 2069 1322 ven-

503 1379 663 1429 trem,
697 1366 921 1433 ejusque
968 1362 1377 1416 delectationem
1435 1361 1745 1415 omnimodo
1790 1362 2069 1431 prosequi-

501 1472 608 1513 tur.
646 1458 891 1511 Erectum
925 1463 1006 1509 est
1035 1454 1099 1506 ad
1131 1454 1327 1505 cuzlnm
1378 1462 1539 1520 caput
1582 1460 1727 1505 tuum
1763 1468 1777 1505 :
1806 1451 1943 1507 oculi
1991 1452 2065 1506 tui

498 1564 729 1618 superna
783 1550 1076 1601 intuentur.
1109 1544 1261 1611 Quod
1316 1544 1361 1597 si
1415 1559 1648 1611 unquam
1692 1554 1746 1598 et
1789 1552 1843 1597 tu
1888 1545 2068 1598 carnis

501 1640 875 1695 at'l'eCtionihus
913 1650 962 1691 te
994 1639 1105 1707 ipse
1139 1637 1575 1699 dedecoraveris,
1606 1636 1887 1705 ventrique
1920 1646 1975 1691 et
2002 1637 2068 1691 iis

498 1747 618 1801 quae
663 1732 762 1786 sub
818 1739 1007 1783 ventre
1056 1738 1204 1791 sunt,
1244 1728 1499 1782 servietis
1544 1745 1558 1783 :
1606 1726 1951 1797 Comparatus
2007 1744 2066 1785 es

496 1823 744 1894 iumentis
798 1820 1182 1888 insipientibus,
1228 1829 1275 1873 et
1317 1820 1507 1872 similis
1553 1819 1724 1887 factus
1766 1835 1824 1874 es
1868 1820 1974 1874 illis
1997 1822 2062 1877 ¹¹.

2168 632 2287 686 οὔτε
2316 650 2397 695 τις
2429 631 2583 693 ἄλλος
2609 630 2807 701 τρόπος
2850 628 2946 699 τὴν
2973 626 3218 697 διαδοχὴν
3252 627 3585 697 συνίστησιν,
3621 626 3737 679 ω’

2167 725 2233 777 ἐκ
2264 723 2361 793 τῆς
2390 725 2494 792 γῆς
2524 723 2668 774 ἐστιν
2700 722 2882 783 αὐτοῖς
2910 722 2943 790 ἡ
2973 720 3183 787 γένεσις
3206 720 3339 787 (l7).
3379 717 3738 788 Ἑξαγαγέτω

2168 818 2206 879 ἡ
2238 814 2313 886 γῆ
2341 814 2569 883 ψυχήν·
2598 812 2679 866 Τὰ
2709 812 2878 882 κτήνη
2898 814 3061 883 γήινα
3089 812 3338 882 καὶπρὸς
3358 811 3461 881 γῆν
3491 811 3739 863 νενευκό-

2166 925 2235 960 τα
2252 923 2267 938 ο
2298 905 2433 959 ἀλλὰ
2452 904 2510 958 τὸ
2533 905 2781 975 οὐράνιον
2813 904 2974 973 φυτὸν
2998 905 3025 955 ό
3046 902 3332 974 ἄνθρωπος
3357 904 3479 955 ὅσον
3503 902 3579 972 τῷ
3606 904 3737 972 σχη-

2170 1016 2299 1070 ματι
2342 998 2440 1069 τῆς
2483 996 2796 1069 σωματικῆς
2842 996 3201 1058 διαπλάσεως,
3236 993 3484 1047 τοσοῦτον
3531 994 3629 1046 καὶ
3659 994 3738 1064 τῷ

2166 1090 2437 1161 ἀξιώματι
2469 1091 2568 1160 τῆς
2607 1089 2785 1159 ψυχῆς
2822 1088 3113 1159 διενήνοχε.
3147 1086 3265 1139 Τῶν
3302 1086 3643 1157 τετραπόδων
3675 1088 3737 1140 τὸ

2169 1183 2353 1252 σχῆμα
2386 1179 2662 1244 ποταπόν;
2705 1179 2767 1230 Ἠ
2797 1176 3005 1247 κεφαλὴ
3039 1176 3216 1230 αὐτῶν
3254 1176 3345 1227 ἐπὶ
3377 1175 3479 1244 γῆν
3509 1174 3738 1245 προσνέ-

2166 1291 2354 1327 νευκεν
2379 1273 2511 1343 (l8),
2541 1272 2632 1326 ἐπὶ
2658 1270 2898 1341 γαστέρα
2927 1269 3133 1339 βλέπει,
3166 1269 3259 1321 καὶ
3296 1268 3360 1320 τὸ
3400 1267 3601 1337 ταύτης
3638 1267 3735 1336 ἡδὺ

2166 1368 2230 1419 ἐκ
2252 1364 2451 1427 παντὸς
2473 1364 2674 1435 τρόπου
2697 1362 2899 1416 διώκει.
2936 1362 2997 1414 Ἦ
3029 1361 3095 1432 σὴ
3118 1359 3323 1428 κεφαλὴ
3354 1358 3489 1430 πρὸς
3509 1359 3736 1428 οὐρανὸν

2166 1456 2511 1527 διανέστηκεν
2532 1472 2544 1485 ·
2577 1456 2626 1507 oi
2649 1453 2913 1523 ὀφθαλμοί
2934 1469 3027 1505 σου
3057 1452 3122 1505 τὰ
3153 1453 3263 1504 ἄνω
3289 1450 3572 1518 βλέπουσιν
3599 1449 3734 1517 (19)·

2164 1548 2260 1613 ὡς,
2294 1549 2387 1602 ἐὰν
2424 1564 2550 1600 ποτε
2586 1548 2679 1600 καὶ
2714 1549 2775 1600 σὺ
2806 1549 2915 1608 τοῖς
2944 1544 3137 1598 πάθεσι
3183 1543 3283 1613 τῆς
3320 1542 3519 1614 σαρκὸς
3545 1541 3736 1593 ἑαυτὸν

2166 1641 2457 1712 ἀτιμάσῃς,
2491 1640 2689 1711 γαστρὶ
2736 1637 2998 1701 δουλεύων
3058 1638 3151 1690 καὶ
3194 1639 3306 1698 τοῖς
3342 1634 3446 1687 ὑπὸ
3472 1635 3731 1705 γαστέρα,

2165 1731 2709 1801 Παρασυνεϐλήθης
2740 1730 2863 1794 τοῖς
2894 1727 3140 1795 κτήνεσι
3162 1727 3286 1791 τοῖς
3307 1726 3603 1793 ἀνοήτοις,
3636 1727 3732 1779 καὶ

2164 1824 2465 1895 ὡμοιώθης
2488 1823 2709 1889 αὐτοῖς.
2736 1822 2902 1890 Ἀλλη
2941 1838 3021 1874 σοι
3069 1820 3306 1891 μέριμνα
3340 1820 3643 1891 πρέπουσα,
3663 1819 3736 1871 τὰ

500 1919 662 1971 Decet
694 1925 745 1969 te
778 1915 881 1966 alia
910 1928 1062 1978 cura,
1089 1925 1330 1980 quaerere
1365 1911 1620 1964 nimirum
1669 1926 1733 1965 ea
1775 1910 1905 1976 Quir
1948 1928 2067 1964 sur-

2167 1915 2287 1969 ἅνω
2334 1914 2535 1985 ζητεῖν,
2569 1909 2639 1968 οὗ
2670 1912 2778 1983 (20)
2801 1917 2832 1965 d
2866 1913 3115 1980 Χριστός
3146 1912 3333 1975 ἐστιν,
3364 1911 3502 1981 ὑπὲρ
3525 1910 3593 1963 τὰ
3614 1912 3737 1979 γήι-

498 2022 615 2060 sum
645 2014 786 2067 sunt,
826 2004 909 2056 ubi
941 2003 1181 2056 Christus
1208 2012 1282 2055 est
1314 2001 1378 2065 ¹³,
1409 2016 1472 2055 ac
1500 2008 1731 2055 mentem
1764 2016 1924 2069 super
1957 2012 2067 2055 ter—

500 2098 690 2151 restria
746 2096 1037 2165 surrigere.
1076 2092 1144 2147 Ut
1192 2092 1563 2147 conformatus
1620 2106 1715 2156 es,
1778 2092 1851 2145 ita
1907 2091 2068 2145 etiam

499 2191 722 2258 dispone
754 2199 901 2243 tuam
950 2187 1118 2258 ipsius
1162 2187 1351 2239 vitam.
1386 2183 1740 2240 Conversatio
1777 2192 1866 2236 tua
1905 2182 1977 2237 sit
2015 2182 2069 2236 in

497 2283 650 2337 cmlis
684 2282 726 2312 "
762 2300 774 2335 :
806 2295 931 2334 vera
980 2288 1066 2333 tua
1108 2278 1281 2348 patria
1336 2284 1420 2331 est
1458 2290 1689 2343 superna
1733 2272 2065 2337 Jerusalem;

495 2375 643 2429 cives
680 2383 736 2427 et
786 2371 1029 2436 tribules,
1067 2367 1408 2439 primogeniti
1461 2367 1559 2436 ipsi
1596 2384 1609 2420 :
1649 2363 1753 2430 Qui
1792 2361 2071 2431 conscripti

496 2477 618 2523 sunt
650 2468 701 2519 in
727 2464 867 2519 cmlis
903 2464 968 2519 ¹⁵.

568 2561 678 2631 82
709 2561 761 2615 5.
795 2556 1059 2611 Producat
1091 2564 1227 2609 terra
1257 2553 1486 2605 animum
1512 2551 1783 2604 viventem.
1806 2547 1935 2612 Otia:
1965 2546 2069 2616 igi-

502 2664 588 2706 tur
618 2654 897 2706 brutorum
947 2648 1125 2701 anima
1170 2646 1413 2707 emersit,
1447 2658 1509 2697 ea
1555 2658 1658 2696 non
1689 2650 1807 2695 erat
1841 2641 1891 2693 in
1925 2648 2067 2693 terra

502 2743 801 2805 recondita;
838 2740 929 2793 sed
964 2737 1124 2791 simul
1169 2751 1291 2789 cum
1338 2741 1605 2802 praecepto
1648 2741 1827 2784 ortum
1863 2730 2066 2783 habuit.

504 2835 617 2889 Una
647 2845 824 2887 autezn
861 2840 944 2885 est
983 2831 1263 2884 brutorum
1298 2826 1516 2890 anima;
1546 2822 1809 2891 siquidem
1845 2819 2070 2874 rationis

498 2927 747 2997 privatio,
782 2923 922 2977 illius
952 2925 1239 2976 character
1264 2928 1349 2973 est
1374 2935 1388 2971 :
1415 2916 1644 2971 diversis
1671 2928 1798 2966 vero
1827 2911 2069 2980 proprie-

501 3019 697 3071 tatibus
746 3015 952 3083 singula
1007 3013 1410 3080 distinguuntur
1456 3005 1730 3061 animalia.
1784 3004 1877 3056 Est
1922 3002 2067 3056 enim

501 3108 598 3161 bos
625 3115 879 3161 constans
911 3113 963 3159 et
998 3103 1207 3165 ﬁrmus,
1239 3101 1423 3155 asinus
1456 3099 1624 3168 piger,
1658 3098 1855 3149 ardens
1899 3108 2068 3161 equus

500 3199 566 3251 ad
622 3197 973 3267 appetendam
1024 3193 1311 3255 feminam,
1370 3191 1553 3259 nequit
1602 3188 1831 3241 cicurari
1880 3184 2065 3253 lupus,

500 3287 684 3341 dolosa
710 3297 791 3339 est
814 3284 1019 3352 vulpes,
1044 3283 1264 3337 timidus
1292 3296 1501 3342 cervus,
1526 3278 1744 3332 lormica
1778 3274 2062 3340 laboriosa,
2094 3260 2134 3315 C

497 3381 651 3436 canis
681 3389 869 3449 gratus
897 3386 1000 3442 est,
1032 3388 1085 3430 et
1124 3376 1375 3429 amicitiae
1418 3386 1648 3427 memor.
1678 3369 1965 3424 Enimvero
1994 3367 2068 3420 si-

502 3474 777 3542 mulatque
824 3470 1100 3539 quodlibet
1146 3468 1344 3523 animal
1398 3474 1635 3521 creatqu
1682 3470 1803 3528 est,
1854 3461 2067 3514 inducta

499 3575 583 3619 est
614 3565 662 3619 ei
696 3574 902 3617 natura:
929 3578 1039 3616 sua:
1062 3568 1384 3631 proprietas.
1410 3558 1673 3613 Producta
1703 3566 1785 3612 est
1811 3572 1914 3610 una
1947 3571 2068 3611 cum

509 3655 662 3708 leone
696 3653 1033 3707 vehementia
1066 3651 1255 3715 animi,
1281 3649 1491 3703 vivendi
1526 3648 1661 3701 ratio
1694 3645 1954 3709 solitaria,
1984 3644 2067 3697 in-

504 3746 655 3801 doles
680 3746 923 3815 qua'dam
948 3758 1067 3797 cum
1096 3743 1208 3797 suis
1238 3741 1525 3796 tribulibus
1554 3737 1904 3794 insociabilis.
1934 3733 2067 3788 Nam

506 3839 654 3893 velut
704 3838 919 3909 quidam
972 3838 1249 3891 brutarum
1304 3836 1653 3888 animantium
1695 3842 1974 3903 tyrannus,
2001 3829 2070 3882 ob

513 3940 719 3983 natura:
754 3928 1079 3997 superbiam,
1116 3927 1313 3980 multos
1342 3925 1440 3979 sibi
1473 3937 1628 3993 pares
1654 3936 1773 3976 esse
1799 3930 1851 3975 et
1884 3932 2067 3987 requa-

509 4018 590 4074 les
618 4035 722 4072 non
752 4019 897 4074 sinit.
927 4017 1026 4085 Qui
1057 4032 1187 4071 sane
1217 4030 1386 4084 neque
1421 4015 1728 4069 hesternum
1758 4012 2067 4066 alimentum

501 4112 757 4173 admittit,
794 4127 966 4179 neque
1008 4112 1073 4164 ad
1109 4126 1219 4164 sua!
1248 4110 1439 4179 praedae
1486 4106 1738 4175 reliquias
1770 4105 1911 4159 redit
1939 4124 1951 4158 :
1982 4102 2066 4157 cui

500 4203 665 4256 etiam
709 4210 853 4254 tanta
902 4203 1049 4256 vocis
1091 4217 1292 4271 organa
1345 4200 1534 4254 indidit
1574 4206 1786 4261 natura,
1818 4206 1877 4249 ut
1916 4195 2065 4265 plura

499 4293 751 4347 animalia
789 4293 943 4363 longe
974 4293 1090 4363 ipso
1117 4294 1408 4352 velociora,
1436 4292 1552 4345 solo
1591 4304 1733 4359 saepe
1780 4288 1953 4357 rugitu
1983 4300 2067 4340 ca-

497 4389 732 4455 piantur.
764 4384 1067 4441 Vehemens
1099 4396 1182 4440 est
1220 4385 1505 4453 panthera,
1534 4394 1591 4438 et
1616 4384 1683 4437 ad
1719 4383 1952 4451 impetus
1983 4393 2067 4431 re-

499 4478 747 4542 pentinos
786 4476 1031 4545 expedita
1066 4494 1080 4529 :
1117 4491 1312 4543 corpus
1352 4475 1579 4545 agilitati
1626 4482 1682 4528 et
1721 4471 1925 4525 levitati
1960 4470 2066 4522 ido-

2169 2025 2234 2060 να
2263 2001 2400 2061 εἶναι
2447 2009 2511 2077 τῇ
2540 2005 2764 2075 διανοίᾳ.
2803 2005 2889 2068 Ὠς
2923 2004 3400 2075 διεσχηματίσθης,
3440 2002 3583 2055 οὓτω
3621 2002 3735 2055 διά-

2171 2098 2262 2151 θου
2292 2097 2517 2152 σεαυτοῦ
2550 2098 2640 2149 καλ⁸
2659 2096 2748 2149 τὸν
2777 2094 2909 2165 βίον.
2941 2094 3013 2147 Τὸ
3043 2094 3341 2164 πολίτευμα
3367 2094 3454 2163 ἔχε
3483 2094 3541 2145 ἐν
3576 2094 3737 2163 ούρα-

2170 2196 2297 2257 νοῖς.
2337 2192 2583 2263 Ἀληθινή
2621 2208 2713 2244 σου
2744 2190 2997 2261 πατρὶςὴ
3031 2188 3142 2242 ἀνω
3184 2187 3559 2259 Ἰερουσαλὴμ,
3592 2186 3736 2239 πολτ-

2168 2302 2258 2337 ται
2282 2284 2376 2337 καὶ
2398 2301 2461 2336 συ
2469 2283 2735 2354 μφυλέται
2759 2284 2808 2337 οἱ
2838 2281 3186 2352 πρωτότοκοι,
3210 2284 3274 2335 Οἱ
3296 2278 3736 2350 ἀπογεγραμμέ-

2168 2395 2261 2431 νοι
2290 2378 2361 2431 ἐν
2388 2377 2686 2445 οὐρανοῖς.

2239 2560 2291 2614 3.
2341 2557 2696 2628 Ἐξαγατέτω
2745 2559 2783 2626 ἡ
2828 2555 2903 2627 τῆ
2936 2557 3150 2627 ψυχὴν
3178 2556 3391 2618 ζῶσαν.
3444 2558 3530 2611 ού⁰
3557 2558 3736 2611 τοίνυν

2170 2651 2563 2721 ἐναποκειμένη
2607 2654 2671 2721 τῇ
2702 2654 2771 2722 γῇ
2820 2653 2854 2723 ἡ
2902 2650 3048 2722 ψυχὴ
3087 2650 3197 2703 τῶν
3230 2650 3437 2719 ἀλόγων
3470 2649 3732 2721 ἐξεφάνηο

2168 2741 2281 2794 ἀλλ’
2303 2739 2435 2810 ὁμοῦ
2469 2739 2546 2809 τῷ
2576 2741 2958 2812 προστάγματι
2988 2741 3312 2811 συνυπέστη.
3356 2740 3469 2793 Μία
3508 2740 3564 2792 δέ
3592 2740 3736 2810 ψυχὴ

2168 2832 2275 2884 τῶν
2303 2831 2531 2901 ἀλόγων.
2571 2832 2666 2882 Ἒν
2698 2830 2806 2901 γάρ
2831 2830 2999 2901 αὐτὴν
3045 2829 3105 2883 τὸ
3136 2830 3536 2901 χαρακτηρίζον
3569 2831 3734 2893 ἐστὶν,

2168 2925 2199 2993 ἡ
2237 2923 2445 2991 ἀλογία.
2492 2920 2762 2991 Ἰδιώμασι
2796 2922 2850 2974 δὲ
2876 2922 3149 2993 διαφόροις
3183 2922 3411 2974 ἕκαστον
3444 2921 3554 2973 τῶν
3582 2920 3735 2986 ζώων

2169 3016 2416 3086 κέκριται
2451 3015 2581 3085 (ει).
2614 3014 2895 3085 Εὑσταθὴς
2928 3015 3025 3085 μὲν
3057 3014 3163 3085 γὰρ
3187 3014 3215 3065 6
3246 3014 3393 3083 βοῦς,
3426 3014 3601 3085 νωθὴς
3628 3015 3680 3067 δέ
3708 3018 3737 3066 6

2167 3110 2305 3171 ὄνος,
2354 3106 2553 3179 θερμὸς
2596 3106 2653 3160 δὲ
2691 3108 2719 3160 6
2774 3107 2938 3170 ἵππος
2985 3107 3121 3177 πρὸς
3170 3107 3465 3176 ἐπιθυμίαν
3508 3107 3601 3159 τοῦ
3640 3106 3737 3177 θή-

2168 3200 2285 3261 λεος
2309 3199 2441 3270 (ἳῖ),
2473 3198 2857 3261 ἀτιθάσσευτος
2894 3200 2922 3251 6
2950 3197 3133 3261 λύκος,
3167 3198 3260 3250 καὶ
3285 3196 3501 3268 δολερὸν
3530 3200 3563 3268 ὴ
3601 3198 3737 3251 ἀλώ-

2168 3292 2297 3363 πηξ,
2332 3292 2500 3345 δειλὸν
2529 3293 2557 3345 6
2589 3292 2805 3361 ἔλαφος,
2842 3291 2872 3342 6
2915 3289 3134 3361 μύρμηξ
3181 3290 3485 3360 φιλόπονος,
3523 3291 3739 3361 εὐχάρι-

2169 3401 2293 3438 στον
2320 3388 2348 3438 6
2381 3385 2524 3439 κύων
2568 3386 2662 3439 καὶ
2692 3384 2831 3456 πρὸς
2862 3383 3041 3452 φιλίαν
3073 3382 3423 3454 μνημονικόν.
3464 3383 3630 3454 ’Θμοῦ
3670 3391 3732 3437 τε

2166 3474 2275 3546 γὰρ
2312 3476 2532 3545 ἐκτίσθη
2561 3474 2811 3537 ἕκαστον,
2844 3474 2937 3526 καὶ
2966 3472 3373 3543 συνεπηγάγετο
3404 3470 3515 3543 (~25)
3562 3471 3737 3541 ἐαυτῷ

2165 3568 2265 3637 τῆς
2294 3568 2507 3638 φύσεως
2550 3568 2610 3620 τὸ
2635 3567 2848 3637 ἰδίωμα.
2892 3566 3337 3637 Συναπεγεννήθη
3387 3567 3416 3618 6
3458 3564 3629 3635 θυμὸς
3658 3564 3736 3633 τῷ

2166 3659 2361 3722 λέοντι,
2396 3660 2456 3714 τὸ
2493 3659 2812 3730 μοναστικὸν
2846 3658 3007 3711 αὐτοῦ
3032 3659 3131 3728 τῆς
3157 3658 3319 3728 ζωῆς,
3346 3658 3408 3710 τὸ
3435 3657 3735 3727 ἀκοινώνη-

2166 3768 2257 3804 τον
2304 3752 2440 3821 πρὸς
2489 3750 2549 3802 τὸ
2585 3748 2873 3819 ὁμόφυλον.
2913 3744 3037 3801 Οἷον
3074 3749 3183 3820 γάρ
3215 3766 3300 3811 τις
3333 3749 3594 3819 τύραννος
3630 3749 3737 3800 τῶν

2168 3842 2402 3910 ἀλόγων,
2434 3842 2521 3896 διὰ
2547 3842 2645 3911 τὴν
2672 3844 2735 3895 ἐκ
2756 3841 2967 3910 φύσεως
2993 3840 3291 3911 ὑπεροψίαν
3322 3840 3419 3910 τὴν
3456 3840 3590 3910 πρὸς
3612 3840 3737 3904 τοὺς

2168 3935 2392 3997 πολλοὺς
2414 3933 2699 4004 όμοτιμίαν
2738 3935 2799 3986 οὐ
2831 3932 3201 4001 καταδέχεται.
3244 3932 3342 3991 "C;
3370 3948 3432 3999 γε
3464 3930 3583 3984 ούδέ
3622 3932 3735 4000 χθι-

2167 4029 2265 4098 ζὴν
2291 4026 2494 4098 τροφὴν
2522 4041 2823 4097 προσιεται,
2850 4024 2960 4078 οὐδ’
2992 4023 3056 4077 ἂν
3081 4022 3149 4076 τὰ
3176 4022 3399 4093 λείψανα
3426 4023 3524 4093 τῆς
3544 4019 3733 4073 ἑαυτοῦ

2166 4120 2337 4191 θήρας
2360 4118 2602 4172 ἐπέλθοι·
2626 4112 2670 4187 ᾧ
2702 4120 2793 4171 καὶ
2813 4117 3114 4189 τηλικαῦτα
3138 4117 3236 4185 τῆς
3264 4116 3449 4185 φωνῆς
3473 4114 3541 4167 τὰ
3570 4114 3734 4184 ὄργα-

2164 4230 2231 4266 να
2275 4214 2307 4283 η
2344 4212 2505 4281 φύσις
2534 4211 2809 4280 ἐνέθηκεν,
2843 4209 3006 4273 ὥστε,
3042 4208 3211 4261 πολλὰ
3247 4207 3356 4260 τῶν
3384 4206 3536 4271 ζώων
3564 4206 3733 4276 ὑπερ-

2165 4302 2425 4358 ϐάλλοντα
2454 4306 2518 4373 τῇ
2545 4302 2823 4373 ταχύτητι,
2877 4302 3023 4374 μόνῳ
3072 4301 3330 4365 πολλάκις
3355 4298 3629 4354 ἀλίκεσθαι
3659 4296 3736 4367 τῷ

2166 4392 2497 4464 βρυχήματι.
2537 4392 2817 4461 Ῥαγδαῖον
2864 4394 2898 4463 ὴ
2949 4391 3233 4464 πάρδαλις,
3290 4390 3385 4445 καὶ
3436 4390 3734 4461 ὀξύρροπον

2162 4484 2281 4545 ταῖς
2307 4483 2538 4553 ὁρμαῖςο
2586 4482 2890 4552 ἐπιτήδειον
2920 4482 3055 4553 αὐτῇ
3092 4481 3153 4534 τὸ
3194 4480 3351 4551 σῶμα
3385 4479 3734 4543 συνέζευκται

499 4584 681 4632 neum,
712 4568 963 4638 quodque
1003 4570 1194 4622 anima!
1246 4570 1478 4621 motibus
1528 4567 1794 4628 convenit,
1830 4564 1879 4617 ei
1925 4578 2057 4617 con-

2167 4575 2226 4644 τῇ
2255 4574 2509 4643 ὑγρότητι
2540 4575 2633 4627 καὶ
2668 4572 2746 4644 τῷ
2774 4572 2980 4642 κούφῳ,
3008 4576 3119 4636 τοῖς
3147 4574 3244 4643 τῆς
3271 4570 3446 4641 ψυχῆς
3475 4571 3734 4641 κινήμασι

492 4658 731 4727 junctum
760 4671 859 4714 est.
882 4659 1042 4727 Pigra
1072 4669 1154 4713 est
1186 4674 1325 4711 ursa:
1358 4668 1569 4721 natura,
1595 4654 1801 4708 indoles
1832 4651 2060 4722 peculia-

497 4752 591 4815 ris,
629 4766 806 4805 mores
852 4751 1081 4815 subdoli,
1110 4761 1165 4805 et
1210 4751 1316 4805 alte
1356 4750 1503 4803 tecti.
1540 4747 1726 4801 lnduta
1772 4757 1855 4800 est
1896 4749 2056 4801 etiam

2168 4664 2553 4734 συνεπόμενον.
2577 4664 2778 4736 Νωθρά
2804 4666 2837 4736 ἡ
2863 4664 3023 4731 φύσις
3054 4664 3151 4733 τῆς
3180 4664 3403 4735 ἄρκτου,
3440 4661 3735 4731 ἰδιότροπον

2166 4755 2348 4808 καὶτὸ
2378 4750 2529 4824 ἦθος,
2559 4755 2808 4820 ὓπουλον,
2851 4753 2989 4825 βαθὺ
3024 4753 3303 4818 ἐνδεδυκός
3340 4753 3473 4823 (24).
3511 4752 3735 4822 Ὅμοιον

556 4918 1091 5014 '“Psal.x1.vttt,l5.
1128 4949 1393 5021 "quoss.
1436 4964 1513 5013 ιιι,
1558 4946 1608 4999 t.
1688 4946 1731 4978 ιι
1764 4944 1989 5015 Philipp.
2034 4960 2068 4999 ιι

2167 4946 2235 5000 ιο.
2317 4950 2359 4979 ¹⁵
2390 4948 2554 5004 llebr.
2590 4964 2691 5012 xu,
2715 4948 2807 5012 22,
2837 4948 2909 5004 23

575 5088 871 5163 (Γῑγῆεξεζ,Δ
901 5088 1121 5163 quintus
1164 5088 1345 5163 αὐτοῖς
1392 5089 1424 5156 ἡ
1468 5086 1739 5163 γέννησις.
1776 5086 2061 5163 Aliquanto

494 5154 614 5230 post
642 5154 821 5211 editin'
842 5154 1001 5211 Bastl.
1034 5161 1355 5230 cunttnnltts
1378 5154 1506 5210 mss.
1527 5159 1554 5209 ό
1572 5154 1874 5227 ἄνθρωπος.
1900 5154 2063 5210 Deest

494 5228 756 5285 articulus
788 5230 839 5281 in
870 5230 1105 5280 editione
1139 5228 1314 5281 Paris.

564 5300 674 5370 (l8)
715 5299 893 5353 tiodex
926 5298 1174 5370 Combel‘.
1201 5297 1670 5370 cumquibusdam
1708 5311 1837 5348 mss.
1871 5296 2054 5370 νένευς

492 5366 607 5423 κεν.
640 5366 774 5423 ιῖλιίίιι
804 5386 925 5424 cum
949 5369 1267 5437 quibusdam
1298 5368 1416 5420 alits
1439 5366 1851 5438 προσνένευκεν,
1871 5366 2053 5437 [ϐοιιΐ.

493 5441 763 5495 Μειιαιίυιιι
799 5441 850 5493 in
892 5436 1129 5493 Crameri
1166 5438 1419 5491 Anecdot.
1459 5436 1599 5491 t.lll.
1626 5436 1773 5507 p.7.]

567 5512 675 5577 (l9)
710 5512 925 5565 Veteres
953 5509 1190 5578 quinque
1226 5508 1341 5560 libri
1381 5507 1684 5577 βλέπουσιν.
1712 5508 1841 5574 lies.
1874 5516 2057 5560 sextus

492 5582 784 5635 σκοποῦσιν
815 5582 919 5643 ἓως
952 5580 1036 5633 ἄν.
1078 5581 1214 5632 Ειιίιὶ
1258 5579 1634 5630 σκοπεύουσιν.

566 5653 676 5721 (20)
714 5651 865 5706 Colb.
902 5652 1166 5705 secundus
1218 5649 1399 5721 ζητεῖν
1430 5650 1563 5701 ὅπου
1610 5650 1657 5700 6.
1691 5646 1881 5701 Statim
1923 5646 2053 5715 Reg.

493 5728 711 5789 quintus
742 5722 910 5785 οὕτως
937 5720 1117 5773 διάθου
1152 5720 1395 5773 σεαυτόν.

565 5791 673 5861 (21)
706 5792 853 5844 Colb.
895 5793 1159 5844 secundus
1194 5790 1347 5855 ζώων
1377 5789 1739 5861 διακέκριται.

567 5856 679 5929 (εξ)
720 5862 894 5917 Editio
940 5862 1097 5915 Bas”.
1152 5879 1274 5917 cum
1318 5878 1408 5917 sex
1440 5856 1588 5915 mss.
1619 5858 1909 5929 ἐπιθυμίαν
1962 5856 2055 5910 τοῦ

2169 5087 2378 5158 θήλεος.
2422 5088 2526 5141 Sed
2568 5089 2881 5157 typographi
2916 5086 3269 5150 Parisienses,
3304 5086 3443 5155 quod
3479 5087 3622 5141 hunc
3658 5087 3732 5142 lo-

2169 5173 2289 5211 cum
2331 5160 2578 5211 vitiosum
2614 5174 2733 5211 esse
2778 5167 3050 5225 putarent,
3096 5159 3471 5225 scripserunt:
3502 5158 3602 5225 τῆς
3634 5158 3730 5225 θή-

2167 5226 2307 5291 λεος,
2342 5230 2433 5297 setl
2465 5243 2765 5296 perperam.
2789 5226 2961 5281 Graeci
2990 5229 3133 5279 enim
3165 5229 3344 5280 dicunt
3369 5229 3397 5279 6
3428 5226 3593 5297 θῆλυς
3619 5226 3731 5281 ἐλέ-

2163 5315 2289 5365 φας,
2347 5296 2538 5365 {emina
2593 5300 2896 5363 elephas:6
2931 5297 3093 5367 θῆλυς
3147 5298 3332 5359 ἵππος,
3384 5296 3536 5368 equa.
3572 5299 3731 5368 Igitur

2162 5378 2282 5493 post
2312 5370 2406 5420 has
2448 5383 2625 5430 Voces,
2677 5368 2771 5420 τοῦ
2816 5368 3026 5439 θήλεος,
3058 5370 3305 5434 suppleas
3339 5367 3497 5420 velim
3542 5367 3727 5423 ἵππου.

2188 5440 2359 5492 bidem
2390 5437 2538 5493 Βριαίὶ
2571 5449 2753 5491 sextus
2781 5449 2833 5491 et
2867 5450 3091 5491 octavus
3137 5436 3549 5491 ἀτιθάσσευτον.
3595 5440 3727 5492 Editi

2188 5440 2359 5492 bidem
2390 5437 2538 5507 Regii
2571 5449 2753 5491 sextus
2781 5449 2833 5491 et
2867 5436 3091 5491 octavus
3137 5436 3549 5491 ἀτιθάσσευτον.
3595 5440 3730 5492 Editi

2164 5523 2284 5561 cunt
2309 5509 2427 5560 aliis
2460 5523 2584 5562 mss.
2609 5507 3013 5571 ἀτιθάσσευτος.
3047 5508 3186 5561 Nihil
3221 5510 3383 5561 rel‘ert
3419 5511 3517 5561 huc
3543 5527 3610 5562 an
3644 5509 3732 5561 illo

2169 5578 2324 5649 modo
2370 5578 2536 5645 legas.
2588 5580 2785 5649 Ibidem
2823 5580 2973 5631 multi
3013 5595 3142 5631 mss.
3183 5579 3276 5631 καὶ
3309 5577 3545 5649 δολερόν.
3577 5578 3732 5634 Deest

2166 5648 2257 5700 καί
2294 5650 2342 5719 in
2380 5650 2559 5719 editis.
2609 5646 2723 5700 Mox
2766 5649 2897 5717 Reg.
2937 5657 3119 5702 sextus
3164 5646 3387 5719 μύρμηξ
3419 5646 3727 5719 φιλόπονον.

2237 5718 2348 5786 (‘23)
2380 5716 2507 5784 lirg.
2551 5729 2739 5787 svxtns
2768 5716 3202 5787 συναπηγάγετο.

2236 5787 2347 5859 (21»)
2394 5787 2487 5839 Ms.
2521 5786 2761 5841 (Jutubel‘.
2806 5806 2924 5842 cum
2972 5786 3100 5859 lit-g.
3132 5799 3325 5843 octavo
3354 5789 3488 5858 βαθὺ
3523 5788 3617 5843 καὶ
3644 5787 3730 5844 ἐν’

2164 5858 2401 5921 δεδυκὸς.
2438 5859 2523 5911 Deo
2545 5870 2588 5912 st
2623 5860 2716 5910 καί
2752 5864 2804 5914 in
2835 5860 2994 5915 editis
3024 5858 3073 5913 et
3106 5861 3159 5914 in
3191 5862 3309 5915 altis
3342 5878 3467 5914 mss.
