4008 6402
291 446 399 507 193

1378 429 1657 490 HOMILIA
1694 428 1762 487 lx
1804 429 1867 484 IN
1908 420 2401 484 ilEXAEMERON.

3427 416 3527 472 198

291 562 590 639 ἠμφίεσται
634 555 727 611 καὶ
769 555 828 639 τό
860 552 1039 627 σῶμα,
1077 551 1235 623 βαρὺ,
1275 546 1650 639 συμπεπηγὸς,
1674 544 1860 639 ἀδιάρ-

1984 539 2139 593 μίιιιίιθ
2190 550 2405 606 corpus,
2449 548 2632 605 gravia,
2683 540 3044 602 compactum,
3095 532 3334 587 articulis
3386 534 3527 587 haud

293 636 500 731 θ’ρωτον
529 650 664 721 (25),
710 638 914 719 πρέπον
956 645 1032 716 τῷ
1063 645 1173 697 ὄντι
1216 641 1415 713 φωλάδι
1447 636 1855 731 κατεψυγμένη.

306 727 431 803 Ἓάν
467 738 826 813 ὲπερχώμεθα
861 736 943 807 τῷ
974 736 1116 805 λόγῳ
1153 736 1291 804 πόση
1330 734 1442 794 τοῖς
1492 730 1705 797 ἀλόγοις
1742 727 1864 779 τού-

292 852 406 900 τοις
446 832 735 901 ἐνυπάρχει
789 827 1069 890 ἀδίδακτος
1121 825 1216 879 καὶ
1272 822 1475 893 φυσικὴ
1529 820 1625 890 τῆς
1658 817 1862 871 ὲαυτῶν

297 924 442 993 ζωῆς
474 919 774 989 ἐπιμέλεια,
821 917 854 987 ἢ
907 915 1042 986 πρὸς
1087 914 1187 985 τὴν
1220 913 1377 984 ἡμῶν
1408 910 1587 965 αὐτῶν
1620 907 1864 978 φυλακὴν

299 1016 394 1069 καὶ
420 1014 517 1083 τῆς
550 1010 656 1064 τῶν
692 1009 881 1079 ψυχῶν
908 1006 1180 1078 σωτηρίας
1217 1004 1472 1075 πρόνοιαν
1500 1000 1861 1073 κινηθησόμε-

299 1100 369 1155 θα
394 1098 584 1173 (26),ἢ
623 1096 875 1151 ὲπιπλέον
910 1092 1442 1168 κατακριθησόμεθα,
1466 1093 1593 1146 ὅταν
1632 1090 1866 1162 εὑρεθῶ·

300 1211 401 1265 μεν
437 1191 530 1245 κα)⁸
568 1190 665 1260 τῆς
703 1188 983 1259 μιμήσεως
1026 1184 1133 1239 τῶν
1173 1184 1380 1251 ἀλόγων
1426 1179 1860 1250 ἀπολειπόμενοι.

301 1286 536 1358 Ἀρκτος
573 1280 851 1343 πολλάκις,
902 1277 1227 1349 βαθυτάταις
1268 1273 1679 1345 κατατρωθεῖσα
1726 1271 1863 1341 πλη-

297 1381 441 1449 γαῖς,
469 1374 666 1445 ἑαυτὴν
698 1370 929 1444 ίατρεύει
957 1368 1090 1440 (27),
1124 1368 1325 1431 πάσαις
1353 1367 1622 1437 μηχαναῖς
1642 1362 1718 1434 τῷ
1742 1361 1867 1433 φλό-

298 1485 387 1539 μῳ
413 1464 582 1535 τούτῳ
617 1461 783 1534 ξηρὰν
812 1460 908 1531 τὴν
942 1458 1101 1529 φύσιν
1130 1457 1303 1527 ἔχοντι
1327 1457 1425 1519 τὰς
1446 1454 1672 1517 ὠτειλὰς
1701 1469 1865 1525 παρα-

298 1558 521 1611 ϐύουσα.
557 1556 713 1617 Ἰδοις
733 1553 774 1605 δ’
804 1552 869 1606 ἂν
902 1552 995 1605 καὶ
1023 1550 1278 1604 ἀλώπεκα
1309 1548 1385 1618 τῷ
1411 1546 1629 1618 δακρύῳ
1652 1546 1751 1616 τῆς
1780 1544 1867 1596 πί·-

296 1666 425 1712 τυος
471 1648 668 1716 ἑαυτὴν
714 1644 966 1714 ίωμένην.
1009 1640 1230 1711 Χελώνη
1278 1641 1356 1703 δὲ,
1396 1639 1614 1710 σαρκῶν
1659 1636 1867 1707 ἐχίδνης

299 1736 690 1810 ὲμφορηθεῖσα,
725 1734 811 1787 διὰ
835 1733 931 1802 τῆς
953 1730 1045 1784 τοῦ
1079 1731 1331 1801 ὀριγάνου
1364 1725 1712 1789 ἀντιπαθείας
1736 1724 1866 1794 φεύ-

300 1846 385 1897 γει
430 1828 527 1896 τὴν
564 1825 762 1894 βλάϐην
800 1822 893 1876 τοῦ
930 1820 1154 1875 ἰοϐόλου.
1201 1820 1310 1873 Καὶ
1365 1818 1486 1888 ὄφις
1524 1817 1621 1888 τὴν
1660 1818 1717 1869 ὲν
1758 1818 1868 1877 τοῖς

1964 633 2297 695 distinctum,
2336 628 2461 682 ferae
2511 625 2713 697 frigidae
2768 626 2818 680 in
2876 624 3064 681 lustris
3110 625 3325 695 degenti
3372 626 3529 697 plane

1966 720 2452 777 accommodatum.
2511 716 2666 784 Quod
2732 716 2773 771 si
2844 730 3095 771 sermone
3152 731 3533 785 percurramus

1965 823 2166 884 quanta
2214 812 2363 865 hisce
2407 808 2580 863 brutis
2623 807 2949 862 animalibus
2989 807 3055 859 ad
3101 808 3528 861 conservandam

1965 921 2118 959 snam
2146 903 2313 958 vitam
2350 902 2480 956 insit
2523 900 2819 971 diligentia,
2846 914 3005 968 quam
3032 898 3222 955 edoeta
3252 914 3357 954 non
3385 884 3547 962 sunt,‘

1966 997 2059 1052 sed
2090 1011 2250 1065 quam
2294 1000 2485 1048 natura
2532 992 2752 1054 habent.
2784 1002 2875 1045 aut
2918 995 2983 1045 ad
3034 1005 3131 1045 nos
3178 990 3321 1060 ipsos
3353 1000 3527 1045 custo~

1968 1087 2211 1152 diendos,
2242 1094 2296 1140 et
2324 1085 2391 1140 ad
2421 1084 2648 1139 salutem
2678 1084 2980 1137 animarum
3018 1083 3310 1136 curandam
3346 1080 3533 1151 impel-

1969 1179 2161 1243 lemur,
2182 1186 2273 1231 aut
2296 1176 2525 1246 amplius
2546 1175 3044 1237 eondemnabimur,
3062 1190 3183 1227 cum
3211 1175 3533 1244 deprehensi

1970 1271 2228 1326 fuerimus
2286 1269 2449 1325 etiam
2506 1270 2573 1324 ab
2632 1269 2931 1323 imitatione
2998 1282 3251 1338 pecorum
3316 1266 3532 1322 abesse.

1973 1361 2111 1418 Ursa
2158 1377 2528 1433 saepenumero
2577 1361 3011 1431 profundissimis
3058 1361 3226 1430 plagis
3268 1363 3535 1427 sauciata,

1970 1454 2072 1509 sibi
2103 1454 2215 1525 ipsa
2247 1453 2509 1519 medetur,
2536 1453 2661 1508 dum
2686 1455 2831 1507 omni
2860 1464 2977 1508 arte
3004 1455 3263 1509 lierbasco
3290 1462 3538 1507 naturant

1969 1547 2165 1601 siccam
2217 1544 2450 1599 habente
2499 1544 2722 1600 vulnera
2773 1545 3005 1600 obturat.
3053 1544 3275 1611 Vulpem
3325 1558 3539 1614 quoque

1970 1635 2072 1690 sibi
2109 1634 2209 1704 ipsi
2247 1633 2359 1703 pini
2401 1632 2656 1704 lacrymis
2707 1634 3062 1690 medicantem
3110 1635 3291 1691 videre
3339 1637 3537 1706 possis.

1971 1727 2206 1784 Testudo
2264 1740 2394 1781 vero
2443 1725 2641 1795 vipera:
2694 1726 2944 1781 carnibus
3004 1728 3292 1791 exsatiata,
3340 1744 3538 1787 noxam

1972 1823 2073 1878 sibi
2103 1838 2133 1875 a
2164 1828 2425 1877 venenata
2476 1819 2646 1874 bestia
2689 1818 3086 1888 impendentem
3124 1836 3218 1891 per
3257 1822 3542 1877 adversam

298 1919 593 1989 ὀφθαλμοῖς
635 1916 835 1986 βλάϐην
872 1914 1076 1979 ὲξιᾶται
1105 1910 1391 1984 βοσκηθεὶς
1424 1910 1702 1983 μάραθρον
1731 1907 1861 1978 (28).

1984 1913 2182 1987 )rigani
2238 1923 2485 1967 naturam
2531 1911 2721 1965 evitat.
2762 1910 2899 1978 Quin
2948 1920 3000 1966 et
3045 1926 3267 1981 serpens
3308 1911 3545 1969 feniculo

300 2013 366 2066 Δί
395 2012 451 2064 δε
484 2006 819 2081 προγνώσεις
840 2004 939 2076 τῆς
968 2002 1200 2076 περὶτδν
1216 2003 1353 2075 ἀέρα
1381 2000 1684 2073 μεταϐολῆς
1709 1999 1865 2053 ποίαν

297 2101 419 2170 οὐχὶ
447 2099 656 2152 σύνεσιν
685 2095 906 2164 λογικὴν
932 2094 1402 2165 ἀποκρύπτουσιν;
1431 2092 1563 2144 ὅπου
1593 2108 1656 2159 γε
1684 2088 1745 2142 τὸ
1770 2089 1867 2159 μὲν

301 2191 589 2263 πρόϐατον,
629 2186 895 2259 χειμῶνος
927 2187 1258 2259 προσιόντος,
1286 2184 1501 2255 λάϐρως
1540 2182 1638 2253 τὴν
1665 2180 1868 2253 τροφήν

298 2283 719 2355 ὲπεμϐἀλλεται,
750 2279 936 2351 ὥσπερ
962 2278 1391 2348 ὲπισιτιζόμενον
1436 2276 1573 2347 πρὸς
1614 2274 1708 2345 τὴν
1739 2274 1865 2344 μέλ-

297 2376 497 2433 λουσαν
546 2374 779 2427 ἔνδειαν·
821 2371 938 2442 βόες
977 2371 1053 2434 δὲ,
1092 2365 1610 2438 κατακεκλεισμένοι
1644 2364 1870 2437 χρονίως

299 2469 360 2523 ὲν
400 2468 519 2541 ὥρᾳ
552 2467 854 2537 χειμερινῇ,
893 2464 991 2535 ήδη
1028 2462 1157 2516 ποτὲ
1201 2460 1296 2513 τοῦ
1331 2460 1490 2531 ἔαρος
1536 2458 1893 2529 προσιόντος,

299 2563 367 2632 τῇ
412 2561 609 2630 ,ουσικῇ
643 2556 891 2627 αἰσθήσει
929 2554 1027 2625 τὴν
1069 2552 1370 2624 μεταϐολὴν
1401 2550 1762 2621 ἐκδεχόμενοι,
1809 2552 1873 2602 ἐκ

300 2653 411 2707 τῶν
445 2650 767 2723 βοοστασίων
798 2648 907 2719 (29)
939 2647 1071 2717 πρὸς
1098 2645 1194 2709 τὰς
1228 2644 1436 2711 ἐξόδους
1462 2642 1650 2716 όρῶσι,
1676 2642 1873 2704 πάντες

302 2743 394 2815 ὑφ’
427 2745 506 2797 ἐνί
530 2742 827 2813 συνθήματι
852 2738 1241 2810 μεταϐαλόντες
1269 2735 1330 2790 τὸ
1361 2736 1546 2806 σχῆμα
1575 2734 1709 2806 (50).
1738 2734 1873 2806 Ἤδη

301 2838 362 2892 δέ
392 2854 534 2898 τινες
559 2835 664 2888 τῶν
692 2832 987 2904 φιλοπόνων
1021 2832 1113 2885 καὶ
1141 2831 1231 2883 τὸν
1262 2830 1509 2900 χερσαῖον
1548 2830 1721 2898 ἐχῖνον
1750 2828 1875 2898 ἐτή-

307 2947 479 3004 ρησαν
517 2929 707 2991 διπλᾶς
738 2924 1008 2988 ἀναπνοὰς
1040 2926 1107 2995 τῇ
1135 2921 1327 2976 ἑαυτοῦ
1362 2919 1654 2975 καταδύσει
1697 2937 1863 2991 μηχα-

306 3025 630 3097 νησάμενον,
676 3020 770 3075 κα)⁵
810 3018 1090 3090 μέλλοντος
1137 3014 1233 3087 μὲν
1276 3014 1462 3085 βορέου
1517 3015 1693 3076 πνεῖν,
1740 3014 1875 3065 ἀπο-

307 3118 618 3191 φράσσοντα
640 3114 738 3184 τὴν
767 3111 1019 3184 ἀρκτῴαν
1037 3124 1050 3140 ⁶
1092 3109 1244 3162 νότον
1267 3108 1322 3162 δὲ
1349 3107 1506 3161 πάλιν
1532 3104 1876 3176 μεταλαμϐά-

1975 2018 2157 2077 pastus
2192 2005 2472 2060 oculorum
2523 2002 2726 2057 laesioni
2768 2002 3059 2057 remedium
3095 2004 3331 2061 adhibet.
3367 2004 3541 2072 Quam

1977 2099 2298 2154 rationalem
2330 2097 2671 2167 prudentiam
2718 2112 2821 2151 non
2870 2104 3129 2165 superant
3160 2110 3329 2151 aerea:
3364 2107 3509 2151 muta

1977 2190 2140 2246 tionis
2173 2189 2567 2258 praenotiones?
2602 2187 3043 2258 Quandoquidem
3081 2186 3217 2252 ovis,
3254 2187 3545 2242 accedente

1979 2284 2176 2348 hieme,
2211 2290 2423 2352 pastum
2455 2281 2611 2337 avide
2641 2291 2829 2347 vorat;
2858 2281 3010 2350 quasi
3043 2296 3138 2350 pro
3170 2281 3347 2336 futura
3372 2296 3547 2350 penn-

1979 2376 2057 2428 ria
2110 2374 2309 2430 victum
2358 2374 2459 2430 sibi
2509 2385 2742 2445 pararet.
2774 2374 2947 2431 Boves
2988 2387 3167 2431 autem
3214 2376 3302 2431 diu
3351 2377 3549 2432 hiemis

1980 2478 2223 2534 tempore
2274 2466 2487 2533 inclusi,
2515 2466 2624 2534 iam
2664 2468 2877 2522 tandem
2923 2469 3180 2521 redeunte
3208 2481 3351 2534 vere,
3386 2477 3543 2522 natn-

1982 2559 2078 2612 rali
2119 2573 2280 2613 sensu
2327 2558 2679 2613 mutationem
2728 2558 3101 2628 percipientes,
3136 2568 3189 2612 et
3223 2558 3451 2613 stabulis
3479 2560 3549 2611 ad

1979 2651 2158 2706 exitus
2187 2660 2433 2721 spectant
2458 2659 2511 2705 et
2539 2664 2727 2706 omnes
2753 2664 2849 2705 ceu
2884 2667 2987 2705 uno
3017 2651 3169 2720 signo
3202 2652 3329 2707 dato
3353 2650 3549 2707 faciem

1978 2750 2325 2797 convertunt.
2357 2739 2477 2796 Jam
2510 2756 2639 2797 vero
2669 2741 2909 2796 nonnulli
2958 2758 3023 2796 ex
3073 2742 3157 2809 iis,
3190 2743 3282 2811 qui
3321 2744 3549 2798 studiosi

1983 2845 2131 2901 sunt,
2158 2844 2469 2891 terrestrem
2508 2835 2852 2889 herinaceum
2901 2835 3257 2891 observarunt
3302 2836 3553 2907 spirami-

1984 2941 2051 2979 na
2072 2925 2286 2996 gemina
2320 2924 2490 2979 lustro
2516 2940 2615 2981 suo
2642 2925 2927 2987 struxisse,
2959 2925 3068 2996 83
3101 2936 3261 2994 atque
3300 2928 3553 2997 aquilone

1985 3015 2273 3085 spiraturo,
2308 3013 2638 3084 aquilonium
2674 3015 2943 3083 spiramen
2978 3020 3259 3071 obstruere
3296 3034 3309 3069 :
3341 3028 3551 3082 contra,

1987 3115 2177 3161 austro
2215 3107 2407 3162 iterum
2444 3106 2791 3170 succedente,
2826 3110 2891 3160 ad
2925 3108 3338 3175 septentrionale
3373 3118 3554 3163 trans-

306 3225 489 3272 νοντος
519 3206 650 3277 (51),
681 3207 759 3269 είς
801 3206 898 3275 τήν
956 3202 1285 3289 πρρξρκτιον
1350 3197 1764 3271 μεταϐαίνοντα.
1813 3195 1876 3247 Τί

1988 3196 2087 3252 ire.
2123 3196 2260 3262 Quid
2293 3211 2389 3265 per
2423 3197 2537 3251 haec
2572 3196 2726 3251 nobis
2761 3196 3067 3251 hominibus
3109 3197 3412 3253 indicatur?
3439 3198 3553 3254 Non

308 3301 399 3356 διὰ
437 3258 650 3353 τξέτωξί
688 3258 818 3368 ἡμῖν
854 3258 1242 3347 ’ὑποδείδῖυται
1278 3258 1389 3355 “rei;
1427 3289 1769 3362 ἀνθρώποις;
1805 3290 1876 3342 Oti

1985 3289 2157 3345 solum
2192 3288 2482 3344 educentur
2530 3288 2827 3343 conditoris
2879 3289 3047 3342 nostri
3097 3288 3429 3358 diligentiam
3463 3306 3557 3343 cu-

313 3395 474 3467 μόνον
500 3392 560 3446 τὸ
588 3391 675 3445 διὰ
707 3389 923 3443 πάντων
951 3386 1158 3457 διήκειν
1180 3384 1274 3438 τοῦ
1300 3384 1583 3447 κτίσαντος
1615 3384 1759 3453 ἡμᾶς
1783 3380 1876 3452 τὴν

1986 3396 2212 3451 ramqne
2241 3383 2422 3436 omnia
2469 3381 2784 3450 pervadere,
2814 3382 2908 3435 sed
2951 3381 3113 3435 etiam
3142 3381 3426 3449 quemdam
3469 3381 3556 3436 fu-

312 3483 653 3555 ὲπιμέλειαν,
688 3479 821 3534 ἀλλά
855 3478 948 3530 καὶ
973 3476 1033 3529 τὸ
1055 3475 1203 3548 παρὰ
1232 3478 1342 3539 τοῖς
1364 3476 1581 3544 ἀλόγοις
1605 3470 1739 3528 εἷναί
1762 3488 1876 3527 τινα

1986 3473 2090 3530 turi
2125 3488 2340 3529 sensum
2371 3474 2654 3543 pecoribus
2682 3473 2862 3528 inesse
2891 3490 2906 3527 :
2936 3482 2994 3526 ut
3030 3489 3125 3529 nos
3154 3475 3404 3544 praesenti
3436 3474 3561 3530 vita

311 3574 407 3630 τοῦ
442 3574 723 3646 μέλλοντος
750 3569 1019 3641 αἴσθησιν,
1056 3567 1196 3621 ὥστε
1232 3567 1323 3621 καὶ
1358 3569 1505 3637 ἡμᾶς
1538 3566 1613 3639 μὴ
1642 3569 1707 3637 τῇ
1743 3583 1876 3636 παρ-

1987 3582 2093 3621 non
2128 3568 2298 3622 simus
2328 3567 2547 3629 addicti,
2577 3569 2670 3620 sed
2718 3565 2784 3619 ad
2834 3566 3067 3621 futurum
3107 3566 3360 3622 sicculum
3401 3581 3561 3620 omne

313 3667 447 3737 ούσῃ
483 3664 594 3735 ζωῇ
630 3658 1073 3733 προστετηκέναι,
1116 3656 1227 3711 ἀλλ’
1279 3657 1417 3728 ὑπὲρ
1461 3656 1554 3709 τοῦ
1604 3656 1885 3728 μέλλοντος

313 3760 509 3821 αἰῶνος
558 3755 655 3826 τήν
697 3755 873 3807 πᾶσαν
913 3751 1057 3822 ἔχειν
1109 3750 1362 3821 σπουδήν.
1407 3750 1479 3803 Ού
1513 3749 1889 3820 φιλοπονήσεις

313 3850 446 3922 περὶ
492 3846 743 3910 σεαυτοῦ,
786 3843 1076 3915 ἀνθρωπε;
1122 3843 1222 3895 οὐκ
1262 3843 1318 3894 ὲν
1362 3840 1439 3912 τῷ
1474 3842 1700 3913 παρόντι
1734 3841 1888 3894 αἰῶνι

313 3939 722 4015 προαποθήσεις
772 3937 870 3999 τὰς
909 3935 1002 3989 τοῦ
1035 3934 1318 4005 μέλλοντος
1360 3933 1712 3997 ἀναπαύσεις,
1755 3933 1889 4003 πρὸς

316 4034 379 4088 τὸ
411 4032 711 4100 ὑπόδειγμα
738 4028 831 4081 τοῦ
861 4026 1146 4099 μύρμηκος
1175 4024 1516 4095 ἀποϐλέψας
1546 4027 1639 4088 Ὃς
1660 4025 1717 4077 ὲν
1744 4024 1890 4095 θέρει

316 4124 414 4195 τὴν
448 4122 724 4193 χειμέριον
763 4117 965 4189 τροφὴν
996 4115 1174 4187 ἑαυτῷ
1202 4116 1539 4187 θησαυρίζει,
1566 4116 1659 4169 καὶ
1687 4116 1784 4184 οὐχ
1810 4116 1890 4168 ὅτι

323 4217 489 4287 μήπω
523 4213 752 4284 πάρεστι
784 4210 893 4282 (52)
929 4209 996 4263 τὰ
1019 4208 1113 4262 τοῦ
1136 4206 1399 4279 χειμῶνος
1428 4208 1665 4277 λυπηρὰ,
1688 4207 1775 4260 διὰ
1802 4209 1894 4277 pa;-

319 4307 520 4378 θυμίας
574 4304 928 4375 παραπέμπει
977 4302 1068 4355 τὸν
1116 4302 1337 4372 χρόνον·
1371 4300 1508 4355 ἀλλά
1553 4300 1753 4370 σπουδῇ
1788 4317 1893 4352 τινι

320 4397 682 4470 ἀπαραιτήτῳ
726 4395 859 4466 πρὸς
898 4394 995 4465 τὴν
1035 4393 1296 4465 ἐργασίαν
1346 4393 1537 4447 ἑαυτὸν
1566 4393 1893 4454 κατατείνει,

320 4488 429 4552 ἕως
474 4487 540 4541 ἂν
578 4488 675 4555 τὴν
716 4483 991 4558 ἀρκοῦσαν
1028 4485 1232 4553 τροφὴν
1275 4483 1602 4552 ἐναπόθηται
1646 4486 1757 4547 τοῖς
1800 4501 1897 4535 ταυ

1988 3658 2223 3713 studium
2255 3656 2620 3713 conferamus.
2648 3656 2762 3710 Non
2792 3657 2887 3712 tibi
2917 3658 3031 3723 ipse
3057 3674 3383 3727 magnopere
3418 3657 3562 3712 labe.

1993 3752 2158 3814 rabis,
2191 3767 2224 3803 ο
2264 3751 2457 3805 homo?
2501 3766 2607 3805 non
2654 3750 2707 3805 in
2752 3751 3000 3821 praesenti
3055 3751 3253 3805 saeculo
3303 3751 3561 3807 recoudes

1989 3858 2107 3913 quae
2137 3845 2203 3897 ad
2236 3843 2335 3897 αξνί
2379 3842 2542 3896 futuri
2583 3843 2821 3912 requiem
2849 3853 3117 3913 spectant,
3150 3844 3239 3898 ubi
3272 3844 3338 3899 ad
3370 3844 3561 3899 formi-

1991 3950 2067 3990 cae
2093 3934 2399 4006 esetnplum
2444 3935 2788 4005 respexeris?
2833 3934 2963 4002 Qua:
2993 3936 3045 3989 in
3074 3943 3265 3991 aestate
3305 3936 3407 3991 sibi
3458 3936 3562 4006 ipsi

1992 4026 2236 4081 recondit
2288 4024 2519 4081 hiemale
2571 4025 2924 4091 alimentum,
2981 4036 3035 4081 et
3086 4036 3368 4099 propterea
3421 4030 3564 4098 quod

1994 4120 2230 4174 nomium
2286 4119 2481 4174 adsunt
2527 4117 2867 4173 incommoda
2933 4118 3161 4184 hiemis,
3223 4132 3564 4189 nequaquam

1995 4210 2234 4278 segniter
2288 4218 2499 4277 tempus
2535 4208 2767 4263 traducit
2796 4225 2810 4262 :
2839 4216 2894 4263 at
2940 4209 3137 4264 invicta
3181 4211 3412 4279 quadam
3453 4210 3569 4264 dili‘

1994 4299 2172 4369 gentia
2208 4301 2274 4353 ad
2312 4312 2529 4367 operam
2558 4312 2617 4352 se
2646 4298 2757 4367 ipsa
2788 4308 2965 4369 urget,
2996 4298 3171 4355 donec
3209 4300 3565 4354 subicientem

1996 4393 2049 4446 in
2088 4375 2306 4445 cellulis
2353 4391 2655 4460 reposuerit
2704 4390 3014 4446 alimoniam
3048 4409 3061 4445 :
3090 4406 3265 4461 neque
3311 4393 3364 4446 id
3403 4394 3570 4462 neglia

1998 4482 2352 4555 genterzsed
2399 4481 2559 4538 efﬁcit
2614 4483 2842 4552 sapienti
2901 4486 3133 4553 quadam
3192 4483 3409 4538 solertia
3440 4522 3455 4546 ,
3510 4494 3570 4537 ut

326 4580 549 4655 μιείοιςο
607 4579 701 4631 καὶ
738 4577 857 4631 οὐδὲ
902 4576 1059 4629 τοῦτο
1101 4575 1378 4647 ῥαθύμως,
1438 4575 1574 4628 ἀλλά
1621 4578 1756 4645 σοφῇ
1790 4592 1871 4627 τιν

1998 4576 2173 4647 ipsum
2242 4576 2560 4631 alimentum
2612 4590 2775 4645 quam
2836 4574 3137 4630 diutissime
3196 4586 3566 4631 conservetur.

323 4672 539 4742 ἐπινοίᾳ
570 4670 668 4743 τήν
696 4668 900 4741 τροφὴν
929 4666 1273 4720 ὲπιπλεῖστον
1306 4667 1550 4739 διαρκεῖν
1575 4669 1683 4737 (55)
1716 4686 1891 4738 μηχα-

398 4784 513 4856 (25)
555 4784 705 4856 Regi
736 4781 1356 4856 qutinttts__o't6t699totov_.
1409 4782 1509 4856 Alii
1581 4799 1708 4838 mss.
1769 4800 1887 4839 cum

325 4852 502 4912 editis
526 4852 911 4925 ἀδιάρθρωτον.
959 4852 1073 4925 Mox
1106 4852 1282 4925 editio
1327 4853 1492 4925 Basil.
1538 4868 1660 4925 cum
1711 4856 1892 4925 multis

327 4942 467 4998 mss.,
494 4920 704 4998 ethcu‘in
724 4920 918 4998 codice
969 4920 1208 4998 coluber.
1246 4922 1448 4991 φωλάδι
1480 4924 1888 4998 κατεψυγμένη.

330 4996 507 5051 Editio
542 4993 712 5048 l‘aris.
744 4992 837 5045 καὶ
870 4990 1271 5061 κατεψυγμένῃ.

403 5065 514 5134 (26)
542 5062 838 5136 Μελ-δᾳ
876 5048 1301 5133 κινηθησόμεθά.
1356 5063 1497 5117 Editi
1536 5065 1889 5136 κινησόμεθα.

330 5134 449 5189 Mox
488 5132 655 5185 editio
697 5132 860 5185 Basil.
907 5132 1026 5185 cum
1062 5148 1153 5186 sex
1194 5149 1323 5187 mss.
1361 5144 1554 5200 prmter
1599 5132 1748 5190 Bodl.
1799 5140 1890 5190 καὶ

331 5208 429 5277 τῆς
461 5205 743 5276 μιμήσεως
776 5202 902 5256 τῶν.
942 5202 1113 5256 Editio
1154 5202 1325 5258 Paris.
1366 5204 1503 5258 locat
1541 5206 1679 5259 inulte
1727 5210 1893 5273 parti-

331 5278 506 5327 culam
539 5273 631 5325 καί
665 5285 788 5327 ante
816 5273 944 5325 τῶν.

349 5290 506 5325 :ulam
539 5290 631 5325 και
665 5290 788 5325 ante
816 5290 944 5325 των.

330 5289 506 5329 cuiam
539 5289 631 5325 και
665 5289 788 5327 ante
816 5290 944 5325 των.

405 5346 515 5415 (27)
560 5344 723 5416 >Colb.
751 5344 1073 5416 secundus
1102 5344 1299 5416 ἑαυτὴν
1356 5343 1696 5416 θεραπεύειν.
1756 5346 1896 5415 Lege

332 5412 650 5488 θεραπεύει,
682 5412 978 5488 velsupple
1015 5412 1253 5481 λέγεται.

405 5483 516 5555 (28)
551 5483 736 5556 _Editio
776 5483 939 5556 Basil.
991 5498 1111 5535 cum
1170 5484 1351 5540 multis
1404 5501 1529 5542 mss.
1592 5485 1894 5556 μάραθρον.

336 5552 514 5613 Editio
544 5554 716 5625 Paris.
753 5552 1013 5625 μάραθον,
1045 5556 1316 5608 mendose.

407 5623 763 5697 (29iucodes
789 5623 1028 5697 Celtibef.
1065 5638 1183 5677 eum
1229 5640 1318 5678 sex
1370 5624 1491 5680 aliis
1528 5641 1655 5681 mss.
1687 5625 1902 5697 βουστα-

337 5691 490 5751 σίων.
532 5694 666 5765 Editi
699 5691 1047 5765 βουστασίων.
1096 5702 1141 5765 ς

407 5764 519 5836 (50)
559 5763 660 5817 Ms.
697 5763 937 5836 Combef.
985 5775 1038 5817 et
1094 5763 1243 5830 Regii
1294 5764 1523 5836 primus,
1575 5769 1796 5835 quintus
1847 5779 1900 5822 et

336 5834 561 5892 octavus
588 5850 707 5889 cum
735 5834 885 5888 Colb.
923 5838 1157 5888 secmnlo
1187 5834 1665 5903 μεταϐαλόντεςτδ
1700 5839 1887 5909 σχῆμα.

618 5928 896 5993 Panos.
921 5927 1034 5987 Gn.
1069 5927 1304 5991 XXIX.

2004 4669 2245 4724 Dissecat
2272 4668 2415 4722 enim
2452 4668 2570 4722 suis
2603 4666 2815 4737 ungulis
2846 4666 3053 4722 medios
3080 4665 3311 4733 fruetus,
3341 4681 3409 4723 ne
3440 4681 3568 4738 ger-

1997 4786 2137 4840 Editi
2191 4785 2381 4841 saltem
2432 4800 2554 4840 cum
2614 4784 2745 4853 Reg.
2794 4784 2974 4855 tertio
3026 4784 3422 4855 μεταϐαλόντες
3471 4785 3570 4850 τὰς

1995 4856 2166 4926 ὄψεις.
2203 4856 2346 4911 Idem
2395 4864 2479 4910 est
2521 4870 2742 4926 sensus.
2786 4854 2983 4926 Ibidem
3030 4854 3137 4909 ins.
3165 4856 3407 4910 Cmnbel‘.
3446 4873 3568 4911 cum

1998 4924 2179 4996 Regiis
2210 4926 2367 4997 tertio
2390 4935 2444 4979 et
2474 4936 2663 4997 octavo
2688 4924 2787 4996 ’ήδη
2822 4924 2877 4977 δέ
2908 4942 3145 4997 τινες...
3180 4927 3476 4997 ἐτήρησαν.
3501 4928 3571 4979 At

1998 4995 2281 5069 ver9_editi
2305 5011 2425 5049 cum
2454 4995 2722 5069 aliquibus
2753 4995 2882 5069 mss.
2910 4996 3090 5069 ήδη-δέ
3112 4995 3292 5059 τις...⁷.“
3312 4995 3568 5069 ἐτήρησε.

2070 5066 2179 5135 (51)
2223 5064 2334 5119 Duo
2369 5081 2497 5119 mss.
2546 5064 2959 5134 μεταλαϐόντος.
3004 5064 3141 5131 Reg.
3174 5064 3571 5134 octavus'opti-

1999 5152 2101 5208 ιιιίὲ
2151 5135 2737 5208 ιιοιξιιμεταϐαλόντος.
2795 5135 2946 5189 Coll).
2989 5138 3257 5208 secundus
3302 5137 3572 5208 μεταϐάλ-

2000 5205 2434 5280 λοντος.-11›ὶι]ειιι
2468 5205 2599 5273 Reg.
2645 5207 2866 5280 quintus
2910 5208 2990 5280 εἰς
3034 5206 3132 5280 τὴν
3175 5205 3570 5280 προσαρκτίαν.

2072 5277 2181 5347 (52)
2224 5276 2354 5344 Reg.
2388 5286 2571 5347 sextus
2596 5277 2691 5327 καὶ
2707 5276 2803 5345 οὐχ
2825 5276 2906 5327 ὃτι
2927 5278 2987 5329 οὐ
3010 5276 3261 5347 πάρεστι.
3283 5276 3573 5343 Aliquanto

2001 5358 2124 5417 post
2170 5346 2528 5417 eodexiidem
2560 5346 2775 5417 ,ἑαυτὸν
2840 5346 3157 5416 κατεπείγει
3209 5348 3335 5410 ἓως.
3394 5347 3575 5400 Lectio

2002 5416 2204 5487 optima
2239 5433 2252 5468 :
2284 5416 2376 5487 sed
2410 5432 2513 5487 non
2549 5416 2729 5469 favent
2757 5419 2933 5469 ueteri
2967 5434 3118 5482 mss.,
3160 5418 3210 5470 in
3240 5419 3439 5486 quibus
3462 5417 3573 5470 sic-

2005 5485 2065 5542 ut
2088 5498 2143 5541 et
2171 5486 2223 5538 in
2256 5485 2415 5540 editis
2445 5486 2637 5557 legitur
2681 5486 2871 5540 ἑαυτὸν
2906 5488 3237 5541 κατατείνει.
3265 5487 3384 5541 Mox
3408 5488 3573 5557 aliqui

2006 5572 2139 5612 mss.
2171 5558 2281 5627 τοῖς
2306 5556 2572 5627 ταμείοις.

2079 5627 2193 5697 (55)
2222 5626 2594 5699 Βθςζέεθκιιις
2634 5628 2727 5680 ἐπὶ
2784 5627 3036 5681 πλεῖστον
3082 5628 3409 5699 διαρῗκέσειν.
3469 5626 3573 5699 Alii

2012 5707 2222 5785 IllSS.~el
2247 5698 2377 5818 ἔιάίιί
2410 5697 2673 5767 διαρκεῖν.
2715 5699 3004 5768 Aliquanto
3040 5696 3341 5770 post'Bodl.
3363 5696 3575 5771 τροφὴν

2012 5784 2171 5818 αυτου
2209 5784 2243 5818 ν
2275 5785 2465 5818 νοιντῡ-

2010 5786 2072 5820 au
2080 5784 2171 5821 του
2209 5784 2465 5836 γενοιντ).

3258 5929 3296 5993 7
