4008 6402
469 493 568 551 195

1763 477 1819 532 S.
1861 470 2101 528 BASlLll
2139 463 2353 523 MAGNI

3591 438 3694 493 196

469 616 735 668 minantes
774 606 876 662 sibi
922 605 987 660 ad
1034 602 1421 658 nutrimentum
1457 594 1673 652 inutiles
1709 592 2024 648 reddantur.
2057 636 2060 646 ι

2168 583 2387 654 ὡμενος.
2439 577 2726 631 Διακόπτει
2785 571 2890 642 γὰρ
2945 569 3065 630 ταῖς
3111 560 3302 626 ἑαυτοῦ
3349 558 3542 630 χηλαῖς
3587 555 3695 608 τῶν

472 701 698 757 Eosdem
727 697 890 752 etiam
921 695 1174 758 exsiccat,
1209 700 1341 757 tum,
1369 704 1491 744 cum
1524 701 1620 742 eos
1647 685 1810 739 sentit
1855 681 2031 734 made-

474 794 645 846 factos
679 809 690 843 :
725 802 820 843 nec
863 787 1004 840 omni
1059 793 1297 852 tempore
1335 795 1428 835 eos
1467 775 1750 847 expromit,
1787 773 1875 828 sed
1913 785 2034 825 cum

476 897 654 937 aerem
688 881 739 934 in
776 892 967 933 sereno
994 883 1134 930 statu
1168 886 1476 927 mansurum
1510 882 1631 924 esse
1673 861 2031 934 praesenserit.

479 973 595 1027 Non
630 971 813 1040 utique
846 968 1030 1021 videas
1061 964 1286 1019 imbrem
1328 977 1394 1016 ex
1437 959 1666 1015 nubibus
1695 955 2034 1018 deﬂuentem,

480 1071 679 1133 quanto
732 1070 972 1128 tempore
1021 1071 1050 1109 a
1099 1054 1334 1108 formicis
1366 1052 1667 1122 expositum
1709 1048 2036 1103 frumentum

481 1165 581 1209 est.
619 1152 751 1219 Quis
798 1163 976 1205 sermo
1028 1149 1140 1205 haec
1193 1147 1360 1216 possit
1415 1143 1665 1213 assequi?
1697 1141 1816 1210 quis
1866 1137 2041 1207 capiet

481 1243 736 1298 auditus?
777 1241 1046 1310 quodnam
1091 1248 1295 1308 tempus
1326 1238 1457 1290 satis
1485 1234 1588 1290 erit
1617 1231 1854 1288 dicendis
1883 1245 2041 1283 enar-

485 1336 776 1404 randisque
819 1333 1027 1403 opificis
1071 1331 1341 1386 miraculis
1383 1327 1665 1385 omnibus?
1699 1326 1948 1380 Dicamus
1989 1331 2046 1377 et

485 1442 582 1481 nos
627 1441 747 1480 cum
795 1424 1060 1493 Propheta
1095 1443 1107 1476 :
1139 1422 1308 1488 Quam
1358 1420 1687 1488 magniﬁcam
1727 1426 1842 1471 sunt
1888 1431 2043 1480 opera

484 1529 595 1584 tua,
635 1516 898 1570 Domine!
934 1516 1103 1568 omnia
1153 1517 1207 1567 in
1249 1513 1502 1582 sapientia
1548 1510 1714 1578 fecisti
1743 1510 1809 1562 ⁸⁸.
1865 1506 2045 1574 Itaque

487 1609 630 1663 haud
663 1607 907 1663 excusari
940 1607 1252 1677 poterimus,
1278 1604 1417 1672 quod
1448 1617 1508 1657 ea
1539 1617 1656 1671 qua:
1687 1597 2043 1655 conducibilia

488 1710 634 1764 sunt,
662 1699 854 1752 litteris
903 1714 1005 1752 non
1055 1712 1239 1750 sumus
1283 1694 1456 1749 edocti
1488 1711 1501 1747 :
1533 1691 1964 1762 quandoquidem
1995 1690 2046 1742 id

490 1789 630 1857 quod
675 1787 805 1842 utile
851 1796 953 1852 est,
989 1802 1084 1856 per
1122 1787 1291 1856 legem
1338 1797 1542 1839 naturae
1571 1784 1704 1838 citra
1747 1782 2046 1837 doctrinam

493 1880 648 1934 nobis
678 1879 874 1946 eligere
903 1879 1046 1932 licet.
1083 1878 1202 1933 Scis
1231 1877 1354 1946 quid
1395 1891 1423 1929 a
1457 1887 1507 1930 te
1530 1875 1654 1930 boni
1686 1873 2046 1944 praestandum

2143 649 2367 740 καρπῶν
2411 670 2470 722 τὸ
2509 661 2957 738 μεσαίτατον,“ῶς
2995 659 3060 712 ἂν
3097 657 3171 727 μὴ
3213 652 3504 722 ὲκφυέντες
3539 649 3700 740 ἀχρη-

2144 737 2256 817 στοι
2289 762 2422 833 πρὸς
2454 737 2655 831 τροφὴν
2689 754 2835 825 αὐτῷ
2871 753 3128 821 γένοιντο.
3174 745 3282 800 Καὶ
3307 741 3554 812 διαψύχει
3581 737 3732 818 τού-τ

2142 875 2285 921 τους,
2339 856 2463 908 ὅταν
2509 850 2760 922 αἴσθηται
2793 845 2970 900 αὐτῶν
3011 840 3338 911 διαϐρόχων·
3390 836 3483 888 καὶ
3515 835 3615 886 οὐκ
3646 833 3734 922 ἐν)

2144 920 2308 1003 παντὶ
2341 942 2629 1018 προϐάλλει
2659 920 2857 1011 καιρῷ,
2897 934 3008 989 ἀλλ’
3051 932 3176 984 ὅταν
3211 925 3584 1018 προαίσθηται-
3609 920 3703 974 τοῦ
3728 928 3745 958 ε’

2145 1040 2302 1110 ἀέρος
2358 1014 2415 1089 ἐν
2479 1034 2655 1104 εὐδινῇ
2719 1029 2829 1101 (54)
2889 1023 3218 1081 καταστάσει
3280 1014 3704 1110 φυλαττομένου.

2159 1106 2372 1200 Ἀνμέλει
2420 1128 2518 1180 οὐκ
2557 1125 2622 1179 ἂν
2657 1123 2784 1184 ἴδοις
2815 1118 3027 1190 ὖμϐρον,
3063 1117 3126 1168 ἐκ
3167 1113 3341 1182 νεφῶν
3382 1106 3710 1200 ἐπιρρυέντα

2147 1197 2278 1294 παρ’
2303 1223 2423 1274 ὅσον
2453 1218 2641 1290 χρόνον
2683 1216 2746 1266 ἐκ
2784 1211 2888 1264 τῶν
2925 1208 3227 1281 μυρμήκων
3271 1205 3300 1256 ὁ
3340 1205 3481 1265 σῖτος
3513 1197 3710 1270 προδέ-

2150 1291 2359 1385 6ληται.
2419 1310 2514 1373 Τίς
2562 1307 2816 1376 ἐφίκηται
2863 1302 2972 1374 ('55)
3021 1299 3211 1368 λόγος;
3278 1294 3405 1348 ποία
3472 1291 3710 1363 χωρήσει

2149 1407 2285 1476 ἀκοή
2306 1422 2320 1468 ς
2345 1404 2426 1466 τίς
2463 1400 2745 1472 ἐξαρκέσει
2782 1396 2969 1468 χρόνος
2999 1392 3174 1448 πάντα
3202 1391 3372 1442 εἰπεῖν
3407 1385 3499 1438 καὶ
3525 1385 3716 1455 διηγὴ-

2152 1488 2348 1550 σασθαι
2370 1495 2460 1547 τοῦ
2477 1493 2716 1563 τεχνίτου
2740 1491 2807 1543 τὰ
2835 1487 3121 1558 θαύματα;
3147 1482 3404 1552 Εἴπωμεν
3431 1480 3526 1533 καὶ
3554 1479 3714 1548 ἡμεῖς

2157 1588 2293 1659 μετὰ
2321 1585 2413 1640 τοῦ
2448 1586 2726 1656 προφήτου
2746 1598 2759 1611 ·
2803 1581 2894 1646 Ὡς
2919 1576 3290 1648 ἐμεγαλύνθη
3317 1573 3387 1626 τὰ
3411 1571 3554 1639 ἔργα
3577 1585 3712 1659 σου,

2152 1656 2355 1748 Ῐίύριεο
2391 1676 2584 1730 πάντα
2608 1675 2676 1727 ἐν
2714 1672 2900 1741 σοφίᾳ
2931 1669 3238 1736 ἐποίησας.
3277 1663 3352 1716 Οὐ
3401 1660 3579 1713 τοίνυν
3605 1656 3714 1728 (se)

2154 1773 2284 1842 ἡμῖν
2311 1769 2446 1840 πρὸς
2473 1765 2766 1833 ἀπολογίαν
2807 1761 3075 1832 αὔταρκες
3117 1757 3176 1810 τὸ
3209 1755 3282 1826 μὴ
3312 1753 3599 1825 γράμμασι
3640 1749 3716 1842 δι-

2155 1840 2414 1932 δαχθῆναι
2467 1859 2536 1912 τὰ
2599 1856 2962 1928 συμφέροντα,
3017 1850 3092 1922 τῷ
3143 1846 3408 1916 άδιδάκτῳ
3457 1845 3556 1915 τῆς
3618 1840 3717 1910 φύ-

493 1972 562 2025 sit
613 1969 893 2039 proximo?
944 1968 1095 2035 Quod
1145 1933 1262 2022 tibi.
1293 1967 1391 2037 ipsi
1441 1967 1508 2021 ab
1561 1933 1730 2021 altero
1776 1965 1856 2020 vis
1909 1963 2046 2020 tieri.

2168 1970 2288 2016 rem;
2335 1952 2482 2022 νόμῳ
2530 1950 2627 2020 τὴν
2673 1948 2765 2001 1:06
2800 1943 3198 2004 λυσιτελοῦντος
3241 1940 3450 2010 αἵρεσιν
3495 1933 3717 2004 δεξαμέ-

495 2060 646 2112 Nosti
677 2058 801 2127 quid
839 2059 908 2112 sit
940 2058 1172 2111 malum?
1205 2058 1354 2123 Quod
1380 2058 1492 2126 ipse
1522 2055 1656 2109 nolis
1689 2055 1757 2110 ab
1789 2054 1894 2108 alio
1923 2053 2052 2122 pali.

497 2151 648 2204 Nulla
683 2151 1034 2205 secandarum
1089 2149 1328 2202 radicum
1378 2164 1489 2212 ars,
1530 2147 1730 2201 nullum
1767 2145 2054 2200 herbarum

497 2241 926 2310 experimentum
975 2239 1147 2292 brutis
1192 2238 1516 2292 animalibus
1551 2236 1758 2291 utilium
1803 2236 2058 2303 cognitio-

501 2347 622 2384 nem
650 2331 878 2385 contulit
904 2349 917 2384 :
947 2331 1040 2386 sed
1071 2329 1385 2384 naturaliter
1414 2327 1830 2398 unumquodque
1862 2327 2062 2380 animal

502 2425 688 2478 salutis
735 2422 1107 2493 comparandae
1155 2422 1418 2476 rationem
1474 2421 1743 2491 cognovit,
1790 2421 2059 2487 habetque

504 2513 915 2567 inenarrabilem
961 2513 1246 2580 quamdam
1298 2525 1418 2565 cum
1467 2523 1531 2566 eo
1580 2510 1722 2580 quod
1769 2508 2060 2566 secundum

503 2613 746 2656 naturam
777 2614 860 2658 cst
889 2602 1358 2658 necessitudinem.

575 2879 627 2932 4.
669 2875 907 2931 Insident
953 2883 1129 2928 autem
1180 2880 1236 2928 et
1289 2870 1442 2928 nobis
1493 2870 1721 2926 virtutes
1771 2868 2062 2925 secundum

507 2978 773 3034 naturam,
797 2981 918 3020 cum
945 2965 1137 3034 quibus
1162 2965 1302 3019 inest
1325 2964 1516 3018 animas
1555 2960 1786 3016 aﬂ‘nitas
1815 2960 2062 3030 quaedam

510 3077 617 3116 non
666 3075 734 3115 ex
777 3058 1022 3113 doetrina
1071 3057 1386 3121 hominum,
1437 3054 1530 3109 sed
1579 3068 1644 3108 ex
1690 3053 1802 3122 ipsa
1855 3061 2064 3106 natura.

508 3152 968 3221 Quemadmodum
1019 3150 1161 3204 enim
1220 3149 1366 3202 nulla
1411 3146 1691 3215 disciplina
1738 3160 1836 3200 nos
1883 3146 2070 3198 edocet

510 3245 760 3298 morbum
807 3243 1007 3308 odisse,
1043 3240 1136 3294 sed
1183 3255 1248 3294 ex
1291 3239 1688 3308 nobismetipsis
1719 3253 1780 3292 ea
1813 3254 1934 3308 qua:
1964 3255 2069 3293 mo-

512 3337 720 3390 lestiam
772 3342 988 3399 creant,
1043 3347 1356 3386 aversamur
1385 3348 1400 3384 :
1432 3332 1504 3384 ita
1553 3341 1608 3385 ct
1658 3332 1835 3384 anima
1868 3346 1896 3384 a
1932 3331 2070 3384 malo

512 3426 746 3481 declinat
769 3425 902 3478 citra
937 3423 1261 3477 doctrinam.
1289 3419 1460 3476 Omne
1491 3429 1667 3474 autem
1701 3421 1888 3474 vitium
1916 3420 2071 3490 aegri-

513 3516 641 3570 tudo
663 3523 749 3569 est
774 3513 966 3567 anima:
998 3530 1012 3566 :
1047 3512 1218 3566 virtus
1239 3526 1368 3566 vero
1396 3511 1660 3564 rationem
1692 3510 1896 3565 obtinet
1935 3510 2073 3564 sani-

515 3607 658 3663 tatis.
690 3605 914 3672 Quidam
947 3605 1089 3658 cnim
1116 3604 1203 3672 qui
1236 3603 1521 3659 sanitatem
1557 3612 1698 3657 recte
1729 3602 2068 3662 definierunt,

517 3701 704 3753 dixere
726 3710 993 3750 eamoesse
1026 3695 1295 3749 aetionutn
1333 3693 1656 3747 naturalium
1703 3694 1895 3748 bonam
1924 3693 2076 3747 babi-

518 3790 777 3843 tudinem.
812 3786 962 3853 Quod
993 3787 1133 3840 idem
1157 3787 1200 3840 si
1228 3786 1349 3855 quis
1379 3799 1593 3854 quoque
1627 3785 1690 3838 de
1717 3784 1854 3838 bono
1885 3784 2076 3837 animae

521 3882 708 3937 babitu
741 3879 961 3945 dixerit,
1004 3894 1033 3932 a
1069 3878 1263 3932 decoro
1297 3891 1400 3930 non
1434 3875 1724 3930 aberrabit.
1757 3874 1934 3941 Quare
1959 3875 2077 3928 ani-

521 3989 606 4026 tua
659 3972 794 4026 citra
850 3969 1151 4024 doctrinam
1201 3968 1252 4022 id
1309 3968 1448 4037 quod
1503 3967 1602 4022 sibi
1650 3967 1922 4037 pmprium
1974 3979 2077 4028 est,

519 4063 770 4130 quodque
799 4061 898 4116 sibi
931 4069 1120 4114 natura
1153 4059 1420 4122 convenit,
1450 4059 1669 4127 appetit.
1709 4058 1842 4112 Hinc
1875 4068 2077 4126 tempe-

519 4154 692 4208 rantia
739 4152 806 4206 ab
843 4152 1092 4207 omnibus
1145 4151 1407 4215 laudatur,
1454 4152 1779 4221 approbatur
1819 4151 2027 4222 justitia
2063 4169 2076 4206 :

521 4245 782 4302 fortitudo
813 4253 896 4300 est
929 4244 1270 4298 admirationi
1302 4263 1316 4298 :
1348 4245 1627 4314 prudentia
1661 4244 1816 4299 valde
1854 4254 2078 4313 exopta-

523 4350 628 4392 tur.
677 4337 808 4404 Quae
851 4337 1078 4391 virtutes
1122 4337 1290 4405 magis
1339 4337 1550 4406 proprie
1582 4334 1693 4406 84
1736 4337 1802 4389 ad
1846 4336 2080 4388 animam

522 4432 814 4502 pertinent,
844 4445 1004 4499 quam
1048 4430 1112 4482 ad
1158 4445 1352 4499 corpus
1396 4429 1616 4483 sanitas.
1654 4428 1921 4496 νοελὶιὶἰ,
1959 4429 2080 4482 dili-

526 4522 634 4589 gite
681 4529 947 4588 parentes.
987 4516 1091 4570 Vos
1131 4525 1388 4585 parentes,
1428 4516 1582 4570 nolite
1637 4515 1704 4568 ad
1753 4515 2081 4567 iracundiam

2157 2061 2285 2108 νοις.
2345 2039 2503 2106 Οἶδας
2568 2041 2618 2094 τί
2680 2040 2922 2110 ποιήσεις
2981 2035 3058 2106 τῷ
3115 2032 3340 2103 πλησίον
3403 2029 3600 2090 καλόν;
3652 2027 3718 2078 ’0

2159 2135 2366 2206 σεαυτῷ
2427 2133 2601 2205 βούλει
2656 2133 2781 2202 παρ’
2837 2129 3021 2201 ἐτέρου
3069 2124 3340 2194 γενέσθαι.
3394 2118 3551 2184 Οἶδας
3593 2121 3620 2173 '0
3667 2116 3722 2172 τι

2159 2229 2289 2282 ποτέ
2356 2230 2470 2280 ἐστι
2535 2226 2594 2278 τὸ
2647 2223 2862 2287 κακόν;
2918 2221 2982 2273 ’Ὀ
3032 2220 3129 2272 οὐκ
3187 2217 3252 2270 ἂν
3307 2215 3466 2277 αὐτὸς
3534 2212 3723 2265 παθεῖν

2160 2321 2298 2375 ἕλοιο
2325 2319 2452 2390 παρ’
2484 2317 2689 2388 ἐτέρου.
2741 2313 2974 2384 Οὐδεμία
3019 2307 3334 2382 ριζοτομικὴ
3375 2306 3558 2376 τέχνη,
3603 2303 3723 2356 οὐδὲ

2163 2411 2420 2483 ἐμπειρία
2481 2407 2734 2479 βοτανικὴ
2798 2405 2905 2458 τῶν
2977 2402 3264 2472 ὠφελίμων
3332 2402 3444 2462 τοῖς
3511 2397 3723 2464 ἀλόγοις

2161 2503 2257 2574 τὴν
2289 2499 2626 2557 διδασκαλίαν
2654 2497 2868 2568 ἐξεῦρεν
2891 2514 2903 2526 ·
2939 2494 3074 2550 ἀλλὰ
3098 2490 3340 2563 φυσικῶς
3369 2491 3596 2542 ἕκαστον
3619 2487 3725 2539 τῶν

2165 2595 2319 2660 ζώων
2346 2595 2443 2666 τῆς
2470 2593 2675 2655 οἰκείας
2705 2591 2819 2644 ἐστὶ
2851 2588 3120 2658 σωτηρίας
3149 2583 3482 2656 ποριστικὸν,
3509 2581 3602 2633 καὶ
3629 2580 3727 2651 ἀῤ-

2167 2687 2329 2758 ῥητόν
2374 2702 2493 2738 τινα
2535 2684 2793 2752 κέκτηται
2830 2681 2926 2750 τὴν
2971 2678 3104 2750 πρὸς
3154 2677 3214 2729 τὸ
3255 2673 3394 2727 κατὰ
3439 2672 3599 2740 φύσιν
3649 2671 3730 2721 οἰ-

2165 2796 2227 2832 κε
2237 2779 2406 2833 ίωσιν.

2235 2870 2296 2925 4.
2322 2868 2442 2922 Εἰσὶ
2481 2867 2537 2920 δὲ
2582 2867 2675 2920 καὶ
2709 2863 2836 2936 παρ’
2871 2865 3002 2934 ἡμῖν
3042 2862 3096 2915 αἰ
3142 2858 3332 2931 ἀρεταὶ
3367 2854 3508 2910 κατά
3546 2852 3724 2922 φύσιν.

2167 2962 2304 3034 πρὸς
2337 2961 2402 3024 ἃς
2435 2961 2468 3030 ὴ
2497 2958 2764 3020 οἰκείωσις
2791 2956 2890 3026 τῆς
2914 2954 3090 3026 ψυχῆς
3120 2952 3229 3023 ('57)
3258 2951 3356 3004 οὐκ
3386 2950 3449 3001 ἐκ
3474 2945 3728 2998 διδασκα-

2169 3053 2288 3115 λίας
2312 3049 2630 3122 ἀνθρώπων,
2666 3046 2778 3103 ἀλλ’
2814 3044 2873 3111 ἐξ
2906 3047 3072 3116 αὐτῆς
3108 3044 3206 3114 τῆς
3245 3041 3454 3112 φύσεως
3499 3038 3732 3109 ἐνυπάρ-

2171 3162 2276 3215 χει.
2325 3143 2410 3204 Ὠς
2453 3140 2560 3210 γὰρ
2594 3138 2766 3201 οὐδεὶς
2814 3138 2959 3207 ἡμᾶς
2995 3135 3149 3203 λόγος
3185 3133 3423 3187 διδάσκει
3456 3131 3552 3202 τὴν
3581 3129 3733 3181 νόσον

2178 3237 2371 3307 μισεῖν,
2408 3233 2518 3286 ἀλλ’
2549 3229 2848 3299 αὐτόματον
2873 3227 3065 3298 ἔχομεν
3092 3226 3192 3296 τὴν
3218 3225 3351 3294 πρὸς
3378 3222 3447 3276 τὰ
3468 3219 3735 3274 λυποῦντα

2171 3328 2437 3398 διαϐολήνο
2471 3324 2610 3378 οὐτω
2651 3323 2743 3376 καὶ
2772 3325 2837 3392 τῇ
2869 3320 3012 3391 ψυχῇ
3053 3319 3164 3389 (58)
3205 3317 3316 3370 ἔστι
3354 3333 3438 3378 τις
3459 3313 3736 3375 ἀδίδακτος

2173 3420 2410 3482 ἔκκλισις
2435 3417 2528 3471 τοῦ
2557 3414 2746 3469 κακοῦ.
2776 3412 2958 3466 Κακὸν
2994 3411 3051 3465 δὲ
3082 3411 3190 3464 πᾶν
3219 3407 3496 3480 ἀρρωστία
3521 3404 3696 3476 ψυχῆς
3716 3419 3731 3432 ·

2172 3515 2205 3582 ἠ
2233 3510 2289 3564 δὲ
2319 3508 2487 3580 ἀρετὴ
2535 3506 2689 3574 λόγον
2728 3503 2934 3573 ὑγιείας
2977 3503 3180 3572 ἐπέχει.
3231 3499 3424 3562 Καλῶς
3453 3498 3560 3569 γὰρ
3603 3494 3735 3566 ὠρί-

2178 3603 2334 3657 σαντὸ
2361 3618 2502 3663 τινες
2538 3598 2743 3668 ὑγίειαν
2779 3593 2917 3650 εἶναι
2966 3596 3062 3667 τὴν
3107 3593 3423 3647 εὐστάθειαν
3464 3591 3572 3644 τῶν
3598 3585 3739 3643 κατὰ

2177 3696 2335 3766 φύσιν
2368 3690 2674 3763 ἐνεργειῶν.
2715 3691 2779 3742 Ὃ
2803 3690 2894 3742 καὶ
2919 3689 3010 3741 ἐπὶ
3033 3687 3131 3757 τῆς
3158 3685 3298 3739 κατά
3325 3683 3500 3754 ψυχὴν
3529 3679 3740 3746 εὐεξίας

2179 3783 2363 3844 εἰπὼν,
2398 3782 2494 3852 οὐχ
2522 3781 2822 3852 ἁμαρτήσει
2846 3778 2947 3831 τοῦ
2980 3777 3298 3848 πρέποντος.
3335 3775 3495 3826 Ὅθεν
3527 3773 3742 3843 ὀρεκτιο

2179 3876 2249 3945 κὴ
2284 3873 2374 3927 τοῦ
2410 3873 2608 3925 οἰκείου
2646 3872 2738 3924 καὶ
2770 3869 2908 3924 κατά
2936 3869 3093 3938 φύσιν
3136 3869 3270 3939 αὐτῇ
3301 3864 3411 3938 (59)
3445 3864 3743 3926 ἀδιδάκτως

2180 3966 2327 4019 ἐστὶν
2349 3968 2382 4035 ἡ
2411 3965 2575 4035 ψυχή.
2613 3963 2702 4015 Διὸ
2729 3963 2982 4031 ἐπαινετὴ
3010 3963 3170 4014 πᾶσιν
3202 3963 3234 4031 ἡ
3263 3960 3580 4031 σωφροσύνη
3600 3976 3614 3990 ο
3648 3957 3744 4009 καὶ

2180 4057 2447 4128 ἀποδεκτὴ
2501 4059 2534 4128 ἡ
2589 4055 2932 4123 δικαιοσύνην
2979 4054 3072 4106 καὶ
3112 4051 3393 4122 θαυμαστὴ
3433 4049 3739 4121 ἡάνδρεία⁸

2183 4152 2276 4204 καὶ
2314 4152 2347 4220 ή
2379 4150 2634 4222 φρόνησις
2666 4147 3143 4218 περισπούδαστος.
3194 4145 3259 4196 Ἀ
3287 4141 3588 4213 οἰκειότερά
3628 4142 3742 4192 ἐστι

2184 4244 2247 4312 τῇ
2271 4241 2416 4311 ψυχῇ
2450 4238 2648 4310 μᾶλλον
2699 4238 2731 4310 ἢ
2776 4238 2852 4308 τῷ
2902 4237 3109 4307 σώματι
3158 4239 3190 4307 ὴ
3238 4235 3412 4303 ὑγεία.
3447 4231 3529 4286 Τὰ
3559 4231 3741 4294 τέκνα,

2185 4333 2430 4398 ἀγαπᾶτε
2447 4331 2570 4392 τοὺς
2601 4328 2840 4400 πατέρας
2863 4327 2992 4398 (Ali).
3030 4330 3092 4379 Οἱ
3124 4324 3339 4395 γονεῖς,
3363 4321 3449 4392 μὴ
3480 4319 3746 4390 παροργί-

2186 4423 2306 4485 ζετε
2334 4423 2402 4475 τὰ
2430 4421 2627 4474 τέκνα.
2656 4421 2748 4490 Μὴ
2780 4421 2924 4488 καὶὴ
2957 4417 3115 4485 φύσις
3142 4414 3314 4468 ταῦτα
3339 4415 3399 4466 οὐ
3432 4412 3615 4481 λέγει;
3643 4410 3748 4462 Οὐ-

2186 4520 2272 4573 δέν
2311 4518 2491 4571 καινὸν
2514 4515 2768 4585 παραινεῖ
2796 4508 3023 4570 Παῦλος,
3053 4507 3187 4560 ἀλλὰ
3217 4506 3283 4559 τὰ
3313 4505 3486 4576 δεσμά
3515 4503 3615 4573 τῆς
3646 4501 3748 4571 φύ-

526 4626 803 4680 provocare
835 4609 971 4676 ﬁlios
1007 4609 1070 4663 ".
1107 4606 1354 4676 Nunquid
1399 4607 1524 4661 haec
1574 4620 1678 4659 non
1725 4606 1854 4660 dicit
1889 4616 1942 4660 et
1988 4621 2054 4658 na

2191 4625 2326 4671 σεως
2381 4606 2713 4674 ἐπισφίγγει.
2764 4601 2826 4653 Εἰ
2871 4601 2904 4670 ἡ
2950 4599 3130 4650 λέαινα
3181 4594 3396 4666 στέργει
3445 4593 3512 4646 τὰ
3554 4592 3614 4657 ἐξ
3656 4591 3748 4645 αὐ-

526 4709 644 4755 tura
681 4701 830 4769 ipsa?
870 4699 1010 4754 Nihil
1062 4700 1184 4754 novi
1240 4707 1418 4754 monet
1458 4697 1700 4751 Paulus:
1739 4698 1832 4752 sed
1881 4707 2060 4750 natura

2189 4698 2289 4768 τῆς
2315 4696 2446 4768 (41),
2482 4695 2573 4747 καὶ
2618 4692 2779 4756 λύκος
2816 4691 2954 4760 ὑπὲρ
2983 4687 3265 4741 σκυλάκων
3299 4687 3547 4757 μάχεται,
3579 4683 3633 4736 τί
3670 4682 3747 4734 εἵ-

525 4793 736 4846 vincnla
774 4792 1110 4862 constringit.
1156 4789 1213 4845 Si
1260 4790 1423 4846 leaena
1465 4799 1612 4843 amat
1658 4788 1797 4845 fetus
1835 4805 1999 4847 -suos.
2033 4799 2086 4844 et

611 4909 654 4939 ¹⁶
685 4909 825 4961 Psal.
857 4924 974 4973 CIII,
1005 4909 1096 4962 24.
1175 4907 1215 4938 ¹¹¹
1248 4906 1442 4975 prcs.
1478 4920 1550 4967 νι,
1581 4906 1634 4958 4.

598 5027 709 5095 (54)
744 5027 994 5079 Nonnulli
1031 5043 1159 5079 mss.
1202 5029 1259 5078 ἐν
1286 5025 1535 5095 εὐδιεινῇ.
1573 5023 1691 5077 Mox
1728 5038 1820 5079 sex
1848 5040 1976 5079 mss.
2017 5026 2079 5077 ὲκ

524 5096 700 5168 νεφῶν
722 5096 1067 5168 ὲπιρρυέντα.
1107 5098 1242 5150 Editi
1273 5096 1633 5168 ἀπορρυέντα.

600 5163 711 5236 (55)
932 5175 1156 5236 octavus
1189 5181 1310 5236 cum
1361 5163 1794 5236 (Julb.ise_cundo
1846 5163 1928 5227 τίς
1982 5165 2079 5232 ἐφ-

535 5233 726 5290 ίκοιτο.
753 5235 892 5288 Editi
932 5249 1055 5288 cum
1081 5235 1346 5302 aliquibus
1369 5248 1498 5290 mss.
1528 5233 1800 5304 ἐφίκηται.

600 5305 709 5376 (36)
749 5304 896 5376 Regii
944 5306 1172 5376 primus,
1230 5304 1438 5376 tertius,
1469 5304 1688 5376 quintus
1735 5311 1787 5376 et
1838 5313 2080 5376 octa_vus,

530 5371 765 5442 itemque
790 5371 959 5443 Coll);
975 5375 1246 5429 secundus
1275 5374 1565 5443 ἐποίησας’
1601 5374 1662 5425 οὐ
1696 5373 1895 5443 τοίνυν.
1940 5371 2080 5424 Editi

2194 4809 2268 4861 πῃ
2300 4789 2408 4861 (42)
2440 4787 2721 4859 ἄνθρωπος
2769 4785 2862 4838 καὶ
2911 4783 3010 4853 τῆς
3051 4781 3267 4852 ἐντολῆς
3297 4778 3620 4852 παρακούων
3655 4775 3748 4830 καὶ

2260 5021 2370 5092 (59)
2405 5019 2502 5074 Ms.
2523 5016 2762 5092 Combef.
2789 5031 2910 5092 cum
2944 5015 3348 5092 Regiis-primo.
3371 5014 3747 5092 quinto,se_xto

2185 5101 2239 5146 et
2266 5083 2456 5145 octavo
2494 5088 2634 5142 κατὰ
2657 5087 2817 5157 φύσιν
2852 5086 3010 5156 αὐτή.
3032 5083 3187 5138 Editi
3227 5099 3354 5138 vero
3391 5099 3512 5137 cum
3541 5083 3747 5136 duobus

2191 5177 2323 5214 mss.
2349 5178 2450 5212 αυτ
2497 5199 2510 5212 .

2260 5231 2371 5300 (40)
2398 5162 2612 5296 [λὲἐςηιιν
2660 5228 2854 5300 Ephes.
2887 5241 2958 5291 Vl,
2991 5225 3042 5291 1,
3078 5222 3379 5278 ὑπακούετε
3422 5225 3533 5286 τοῖς
3566 5220 3747 5291 γονεῦ·

2192 5299 2276 5357 σι.
2304 5301 2502 5353 abet/ite
2538 5299 2861 5365 parentibus.

2261 5370 2372 5438 (M)
2407 5362 2546 5421 Editi
2581 5381 2700 5420 cum
2737 5367 2882 5438 Reg.
2938 5365 3103 5438 tertio
3122 5363 3189 5416 τὰ
3234 5363 3310 5438 es
3349 5362 3520 5432 αὐτῆς
3565 5362 3746 5438 τέκνα.

528 5433 790 5515 ἐποίησας
807 5460 835 5515 Ἀ
864 5442 967 5496 ποῦ
1005 5443 1202 5515 τοίνυν.
1244 5433 1533 5515 Aliquanto
1570 5453 1687 5515 pust
1729 5441 1860 5509 Reg.
1897 5451 2052 5495 sexttt

2190 5433 2644 5515 Colbfsecutuiits
2691 5436 2761 5515 τά
2807 5435 3009 5515 ἑαυτῆς
3046 5434 3383 5515 τέκνα.”5ε(1
3431 5449 3531 5485 vox
3589 5433 3749 5515 τέκνα

529 5512 921 5585 φύσεωςλόγῳ
951 5514 1090 5585 :sed
1119 5515 1349 5584 genuina
1377 5513 1534 5566 lectio
1591 5513 1785 5579 legitur
1826 5517 1875 5564 in
1937 5526 2083 5564 mar-

530 5583 676 5654 gine,
696 5583 911 5652 φύσεως
939 5584 1107 5653 νόμῳ.

603 5650 1173 5725 (57)“Μιι1ιιῄιηεὲ.’τῆς
1217 5651 1416 5723 ψυχῆς.
1451 5651 1590 5704 Editi
1623 5665 1750 5704 vero
1773 5667 1892 5704 cum
1932 5650 2083 5705 Colb.

531 5726 768 5793 secundo
794 5727 860 5792 τῇ
888 5723 1055 5793 ψυχῇ.

603 5792 712 5862 (58)
755 5789 1134 5847 [lases—mss.
1190 5793 1326 5847 Editi
1379 5791 1522 5845 οὐτω
1572 5789 1910 5862 καὶιψυχῆς.
1967 5789 2088 5844 Mox

533 5860 666 5932 Reg.
696 5860 884 5918 Sextus
914 5863 1248 5935 ἀρρώστημα
1284 5863 1481 5934 ψυχῆς.

2197 5513 2346 5563 deest
2381 5510 2430 5562 itt
2461 5507 2610 5559 Bodl.
2641 5515 2692 5558 et
2734 5508 2784 5556 itt
2821 5500 3095 5557 codicibus
3147 5504 3386 5557 melioris
3433 5511 3592 5555 nota}.
3646 5500 3752 5553 Nec

2197 5581 2349 5631 Valde
2389 5577 2675 5628 admodum
2707 5575 2891 5627 dubito
2922 5577 3050 5642 quin
3075 5576 3262 5626 melius
3286 5574 3447 5634 absit,
3480 5582 3590 5624 tum
3610 5569 3750 5640 quod

2195 5649 2399 5714 ellipsis
2432 5648 2532 5699 hoc
2561 5645 2690 5714 loco,
2709 5645 2990 5711 elegantiw
3015 5644 3214 5714 aliquid
3253 5644 3450 5696 habere
3478 5642 3750 5714 videatur,

2199 5711 2308 5798 tum
2339 5718 2479 5785 quod
2505 5730 2604 5766 vnx
2637 5713 2798 5766 τέκνα
2839 5731 2867 5766 a
2907 5715 3142 5779 quolibet
3173 5713 3330 5766 facile
3371 5711 3603 5780 suppleri
3633 5723 3755 5780 pos-

2199 5798 2286 5841 Sll.

2278 5855 2381 5923 (ίὲ.)
2417 5854 2634 5911 Codices
2676 5857 2911 5926 quinque
2935 5853 3082 5922 εἴπῃ.
3118 5853 3254 5908 Editi
3283 5852 3449 5905 εἴποι.
