4008 6402
341 424 443 484 197

1423 415 1700 480 HOMILIA
1745 422 1809 476 IX
1853 421 1920 476 ΙΝ
1962 421 2458 482 ΠΕΧᾹΕΜΕΒΟΝ.

3472 423 3574 479 198

341 546 442 620 τὴν
476 545 633 615 φύσιν
662 547 1120 619 παραχαράσσων,
1153 547 1276 600 ὅταν
1312 546 1344 617 ἢ
1374 550 1500 610 παῖς
1537 546 1778 619 ἀτιμάζῃ
1809 547 1906 616 γῆ-

2012 547 2166 617 lupus
2221 564 2317 617 pro
2367 548 2480 603 suis
2527 547 2718 603 catulis
2774 551 3010 616 pugnat,
3062 546 3317 616 quidnam
3379 543 3575 600 diXerit

347 654 448 714 ρας
477 638 698 710 πατρὸς,
737 637 769 709 ἢ
803 639 982 711 πατὴρ
1009 637 1098 692 διὰ
1125 637 1390 709 δευτέρων
1421 639 1612 709 γάμων
1642 638 1748 691 τῶν
1781 656 1910 708 προ-

341 727 516 802 τέρων
563 730 762 785 παίδων
803 731 1260 801 ἐπιλανθάνηται;
1325 731 1627 801 Ἀμήχανός
1676 731 1823 783 ἐστιν
1874 732 1908 798 ὴ

345 820 546 892 στοργὴ
571 823 685 884 τοῖς
713 820 927 890 ἀλόγοις
949 821 1150 876 τέκνων
1180 822 1273 875 καὶ
1305 821 1507 890 γονέων
1531 822 1666 892 πρὸς
1688 821 1907 891 ἄλληλα,

342 908 476 963 διότι
503 912 532 964 ό
554 910 960 983 δημιουργήσας
983 912 1120 966 αὐτὰ
1147 912 1280 975 Θεὸς
1305 913 1402 983 τὴν
1432 912 1522 964 τοῦ
1552 912 1709 980 λόγου
1740 913 1909 965 ἐλλει-

341 999 434 1069 ψιν
469 999 556 1052 διὰ
581 1001 678 1070 τῆς
705 999 812 1052 τῶν
848 1000 1214 1072 αἰσθητηρίων
1239 1003 1552 1073 περιουσίας
1593 1003 1910 1074 παρεμυθή-

344 1107 493 1144 σατο.
537 1090 705 1143 Πόθεν
737 1091 843 1163 γὰρ
886 1094 943 1145 ἐν
990 1093 1202 1164 μυρίοις
1239 1093 1528 1164 προϐάτοις
1563 1094 1776 1166 ἀρνειὸς
1803 1094 1910 1148 τῶν

341 1181 525 1253 σηκῶν
558 1182 904 1254 ἐξαλλόμενος
927 1180 1034 1237 οἶδε
1061 1185 1159 1256 μὲν
1179 1186 1276 1257 τὴν
1297 1186 1482 1258 χροιὰν
1505 1184 1674 1258 αὐτὴν
1696 1187 1790 1240 καὶ¹
1812 1187 1910 1258 τὴν

341 1277 526 1346 φωνὴν
561 1276 669 1347 (45)
693 1278 791 1348 τῆς
819 1278 1041 1349 μητρὸς,
1087 1279 1178 1332 καὶ
1221 1274 1355 1351 πρὸς
1393 1276 1564 1351 αὐτὴν
1607 1281 1908 1350 ἐπείγεται,

341 1359 590 1438 ἐπιζητεί
629 1367 686 1419 δὲ
739 1368 838 1430 τὰς
881 1368 1082 1431 οίκείας
1115 1368 1296 1438 πηγὰς
1336 1365 1428 1422 τοῦ
1457 1369 1761 1438 γάλακτος;
1793 1367 1910 1424 Κᾶν

343 1459 624 1527 πενιχραῖς
651 1460 770 1520 ταῖς
793 1457 1076 1530 μητρῴαις
1109 1458 1374 1532 περιτύχῃ
1397 1461 1507 1532 (44)
1540 1461 1746 1532 θηλαῖς,
1769 1461 1910 1515 ἐκεί-

341 1563 462 1609 ναις
479 1549 750 1617 ἀρκεῖται,
781 1548 948 1603 πολλὰ
981 1550 1352 1622 παραδραμὼν
1385 1548 1586 1605 οὔθατα
1611 1551 1910 1624 βαρυνόμε-

341 1655 427 1694 να.
459 1639 624 1710 Καὶή
654 1640 831 1713 μήτηρ
871 1642 927 1693 ἐν
960 1642 1173 1712 μυρίοις
1204 1644 1429 1714 ἀρνάσιν
1464 1645 1816 1713 ἐπιγινώσκει
1850 1643 1910 1698 τὸ

343 1727 498 1795 τδιον;
528 1733 680 1803 Φωνὴ
717 1733 834 1802 μία,
871 1734 1006 1805 χρόα
1126 1735 1284 1806 αὑτὴ,
1315 1731 1458 1807 ὀσμὴ
1506 1737 1656 1808 παρά
1696 1739 1910 1791 πάντων

338 1821 520 1891 ὁμοία,
566 1822 686 1876 ὅσον
717 1826 782 1894 τῇ
818 1824 1058 1896 ἡμετέρᾳ
1099 1826 1361 1898 ὀσφρήσει
1395 1828 1722 1899 παρίσταται
1747 1845 1759 1858 ⁸
1795 1827 1908 1881 ἀλλ’

2013 639 2198 704 homo,
2231 640 2319 708 qui
2365 647 2417 694 et
2461 649 2728 709 praecepto
2778 655 2884 694 non
2916 639 3270 707 obtemperat,
3301 649 3356 691 et
3402 637 3572 706 ipsam

2014 731 2282 785 adulterat
2317 741 2585 796 naturam,
2615 746 2733 786 cum
2769 741 2859 785 aut
2896 731 3034 785 ﬁlius
3066 730 3373 784 inhonestat
3404 727 3574 798 patris

2011 831 2365 888 senectutem,
2421 833 2513 878 aut
2572 833 2722 893 pater
2772 833 2990 894 propter
3044 823 3310 876 secundas
3360 820 3574 889 nuptias

2011 914 2248 981 priormn
2277 915 2505 968 ﬁliorum
2555 914 2929 970 obliviscitur?
2970 913 3222 969 Summus
3249 921 3331 966 est
3363 912 3413 965 in
3451 912 3575 965 bru-

2013 1007 2080 1059 tis
2115 1006 2476 1059 animantibus
2509 1006 2706 1060 sobolis
2743 1021 2806 1059 ac
2837 1015 3118 1073 parentum
3147 1005 3285 1058 inter
3314 1018 3372 1056 se
3398 1012 3571 1066 amor,

2017 1097 2156 1163 quod
2192 1093 2332 1149 Deus
2370 1095 2609 1164 ipsorum
2644 1093 2844 1164 opifex.
2880 1094 3105 1148 rationis
3149 1091 3415 1146 defectum
3451 1102 3573 1144 cum

2016 1185 2218 1252 majore
2247 1185 2511 1240 sentiendi
2545 1183 2799 1239 facultate
2837 1183 3221 1253 compensavit.
3253 1182 3402 1236 Unde
3429 1180 3574 1235 enim

2013 1275 2150 1329 inter
2200 1276 2511 1330 innumeras
2562 1281 2690 1330 oves
2745 1281 2912 1345 agnas
2963 1289 2994 1328 e
3041 1272 3266 1328 Stabulis
3319 1270 3576 1325 exsiliehs

2013 1366 2186 1433 ipsum
2219 1366 2408 1420 matris
2438 1366 2672 1420 colorem
2706 1379 2998 1439 vocemque
3032 1365 3200 1427 novit,
3223 1376 3278 1417 et
3305 1364 3370 1418 ad
3402 1363 3574 1430 ipsam

2013 1454 2252 1520 festinat,
2286 1464 2338 1508 et
2370 1456 2616 1525 proprios
2657 1454 2811 1509 lactis
2857 1455 3032 1508 fontes
3069 1452 3330 1522 inquirit?
3379 1452 3492 1506 Imo
3528 1450 3575 1506 sl

2012 1546 2065 1601 in
2097 1561 2295 1616 egenas
2325 1547 2514 1601 matris
2553 1562 2814 1602 mammas
2845 1546 3117 1609 inciderit,
3150 1555 3326 1599 tamen
3359 1553 3442 1598 est
3471 1542 3576 1597 illis

2012 1647 2318 1703 contentus,
2359 1637 2523 1691 multa
2553 1637 2708 1706 plena
2739 1648 2793 1692 et
2821 1637 3004 1706 gravia
3040 1637 3203 1691 ubera
3231 1643 3576 1706 praetergres-

2012 1744 2123 1784 sus.
2165 1728 2316 1784 Unde
2347 1729 2531 1783 itidem
2564 1739 2737 1783 mater
2765 1731 2904 1783 inter
2933 1744 3099 1798 agnos
3127 1743 3285 1797 quam
3317 1726 3576 1795 plurimos

2015 1822 2285 1892 proprium
2344 1823 2623 1893 agnoscit?
2673 1822 2778 1876 Vox
2829 1835 2954 1888 una,
3006 1823 3144 1876 idetn
3182 1821 3349 1884 color,
3383 1819 3578 1875 similis

338 1887 489 1982 ὅμως
536 1913 651 1967 ἐστι
682 1887 782 1978 τις.
809 1887 1003 1982 α-ύτοῖς.
1022 1887 1273 1989 αἴσθησις
1308 1919 1408 1990 τῆς
1443 1887 1715 1992 ἡμετέρας
1745 1939 1906 1975 κατα-

2013 1918 2252 1969 omttiutn
2281 1919 2436 1981 odor,
2477 1927 2738 1986 quantum
2771 1916 3014 1971 Odoratui
3056 1925 3240 1969 nostro
3272 1913 3524 1984 objicitur
3558 1917 3573 1968 ἑ

339 2003 551 2074 λήψεως
604 2002 846 2078 ὀξυτέρα,
896 2009 1016 2062 καθ’
1066 2010 1132 2080 ἣν
1183 2011 1396 2081 ἑκάστῳ
1434 2013 1695 2083 πάρεστιν
1741 2015 1773 2084 ὴ
1817 2013 1908 2066 τοῦ

338 2097 538 2150 οἰκείου
570 2095 854 2168 διάγνωσις
884 2101 1015 2170 (45).
1045 2100 1209 2155 Οὔπω
1241 2101 1288 2156 oi
1320 2101 1527 2166 ὀδόντες
1557 2103 1634 2174 τῷ
1659 2104 1906 2165 σκύλακι,

339 2190 434 2242 καὶ
480 2189 627 2260 ὅμως
673 2189 762 2243 διὰ
813 2190 906 2244 τοῦ
963 2191 1228 2263 στόματος
1279 2193 1545 2264 ἀμύνεται
1594 2195 1686 2248 τὸν
1735 2191 1908 2265 λυπή-

341 2292 529 2336 σαντα.
585 2280 749 2335 Οὔπω
791 2282 860 2336 τὰ
919 2282 1124 2354 κέρατα
1167 2284 1243 2356 τῷ
1280 2285 1485 2358 μόσχῳ,
1525 2287 1618 2341 καὶ
1655 2283 1762 2340 οἶδε
1808 2289 1908 2342 ποῦ

336 2371 408 2428 τὰ
447 2375 589 2428 ὅπλα
632 2375 779 2447 αὐτῷ
831 2378 1188 2449 ἐμφυησεται.
1246 2378 1442 2449 Ταῦτα,
1479 2379 1755 2447 ἀπόδειξιν
1799 2377 1909 2452 ἔχει

334 2464 432 2519 τοῦ
465 2463 772 2529 ἀδιδάκτους
804 2463 941 2520 εἶναι
967 2468 1063 2531 τὰς
1090 2465 1279 2536 φύσεις
1303 2469 1582 2532 ἁπάντων,
1614 2471 1707 2523 καὶ
1744 2471 1910 2541 μηδὲν

337 2555 475 2612 εἶναι
525 2556 753 2612 ἄτακτον
799 2559 932 2632 μηδὲ
985 2559 1233 2631 ἀόριστον
1281 2563 1339 2613 ἐν
1390 2563 1501 2625 τοῖς
1552 2558 1720 2625 οὖσιν,
1775 2562 1908 2615 ἀλλὰ

339 2650 518 2703 πάντα
568 2651 686 2720 ῐχνη
743 2651 930 2722 φέρειν
966 2653 1064 2722 τῆς
1105 2651 1198 2705 τού
1235 2653 1556 2724 ποιήσαντος
1592 2656 1800 2724 σοφίας,
1854 2661 1909 2710 ὲν

337 2739 550 2803 ἑαυτοῖς
594 2736 894 2806 δεικνύντα,
945 2740 1026 2792 ὅτι
1060 2740 1452 2810 ἐμπαράσκευα
1499 2740 1634 2812 πρὸς
1673 2743 1770 2813 τὴν
1813 2760 1910 2811 φυ-

336 2828 518 2905 λακὴν
555 2833 652 2904 τῆς
689 2832 894 2897 οἰκείας
934 2833 1112 2888 αὐτῶν
1173 2833 1442 2906 σωτηρίας
1485 2835 1761 2907 παρήχθη.
1809 2831 1909 2889 Λό-

336 2941 436 2992 γου
471 2923 568 2996 μὲν
597 2924 818 2996 ἄμοιρος
845 2925 874 2976 ό
907 2924 1072 2990 κύων,
1117 2923 1535 2996 ίσοδυναμοῦσαν
1575 2924 1631 2977 δὲ
1660 2926 1807 2996 ὅμως
1833 2925 1910 2996 τῷ

337 3018 481 3088 λόγῳ
504 3017 602 3088 τὴν
625 3016 873 3088 αἴσθησιν
907 3017 1040 3088 ἔχει.
1071 3019 1136 3070 "A
1178 3018 1283 3090 γὰρ
1327 3017 1539 3071 οἱκατὰ
1562 3017 1757 3089 πολλὴν
1791 3035 1910 3089 σχο-

335 3106 435 3180 λὴν
469 3108 562 3161 τοῦ
609 3107 722 3178 βίου
762 3107 1113 3179 καθεζόμενοι
1148 3108 1300 3180 μόλις
1337 3108 1558 3182 ἐξεῦρον
1608 3111 1656 3161 οἱ
1685 3108 1778 3162 τοῦ
1813 3105 1906 3163 κό-

341 3218 478 3271 σμου
503 3201 673 3271 σοφοὶ,
691 3201 789 3264 τὰς
810 3203 918 3256 τῶν
941 3199 1310 3275 συλλογισμῶν
1333 3203 1474 3274 λέγω
1489 3205 1712 3271 πλοκὰς,
1737 3205 1908 3260 ταῦτα
1935 3240 1977 3296 C

337 3291 610 3346 δείκνυται
659 3293 808 3365 παρά
849 3296 948 3365 τῆς
979 3295 1192 3365 φύσεως
1219 3297 1246 3349 ὁ
1282 3295 1426 3350 κύων
1459 3296 1902 3368 πεπαιδευμένος.

339 3384 415 3438 Τὸ
443 3385 547 3458 γὰρ
586 3387 728 3456 ἴχνος
761 3386 853 3440 τοῦ
883 3386 1069 3458 θηρίου
1099 3387 1532 3460 διερευνώμενος,
1567 3389 1787 3443 ἐπειδὰν
1819 3388 1907 3442 εὖ-

342 3493 411 3548 ρῃ
439 3471 548 3546 (46)
575 3475 706 3528 αὐτὸ
733 3475 1082 3548 πολυτρόπως
1106 3476 1437 3548 σχιζόμενον,
1473 3479 1570 3543 τὰς
1606 3478 1906 3551 ἑκασταχοῦ

339 3566 610 3641 φερούσας
641 3567 909 3638 ἐκτροπὰς
938 3569 1199 3634 ἐπελθὼν,
1229 3572 1508 3642 μονονουχὶ
1535 3573 1634 3644 τὴν
1668 3572 1906 3642 συλλογι-

343 3659 532 3728 στικὴν
558 3657 736 3729 φωνὴν
770 3660 958 3730 ἀφίησι
991 3659 1056 3712 δι’
1090 3656 1165 3714 ὧν
1206 3661 1470 3731 πράσσει·
1501 3661 1571 3715 Ἦ
1601 3663 1777 3734 τήνδε,
1807 3681 1908 3735 φη-

343 3754 448 3817 σὶν,
481 3754 692 3825 ἐτράπη
723 3750 783 3807 τὸ
816 3754 1021 3825 θηρίον,
1047 3755 1277 3827 ἦτήνδε,
1313 3755 1344 3826 ἢ
1369 3757 1460 3810 ἐπὶ
1485 3757 1602 3810 τόδε
1615 3757 1675 3809 τὸ
1706 3757 1871 3828 μέρος
1890 3774 1905 3789 ’

340 3845 478 3899 ἀλλά
528 3846 634 3918 μὴν
678 3843 799 3899 οὔτε
832 3847 1009 3918 τήνδε,
1067 3846 1189 3900 οὔτε
1230 3848 1405 3920 τήνδε,
1439 3846 1754 3920 λειπόμενόν
1794 3853 1910 3903 ἐστι

342 3938 466 4009 τῇδε
509 3931 796 4012 ὡρμῆσθαι
826 3939 932 4010 (47)
965 3939 1129 3992 αύτόο
1190 3941 1284 3993 καὶ
1321 3937 1492 4004 οὕτως
1529 3943 1592 4012 τῇ
1636 3940 1910 4013 ἀναιρέσει

341 4029 449 4083 τῶν
471 4030 678 4102 ψευδῶν
698 4026 936 4103 εύρίσκει
958 4032 1016 4085 τὸ
1037 4032 1324 4102 ἀληθές.Τί
1340 4034 1721 4106 περισσότερον
1739 4028 1912 4088 ποιοῦ-

345 4139 430 4177 σιν
461 4123 510 4176 οἱ
543 4123 634 4176 ἐπὶ
672 4121 777 4177 τῶν
808 4123 1235 4196 διαγραμμάτων
1280 4125 1490 4196 σεμνῶς
1533 4125 1906 4197 καθεζόμενοι,

345 4215 440 4270 καί
471 4215 567 4286 τὴν
619 4215 764 4270 κόνιν
801 4216 1325 4288 καταχαράσσοντες,
1367 4217 1533 4288 τριῶν
1598 4215 1910 4289 προτάσεων

345 4307 695 4378 ἀναιροῦντες
748 4307 845 4372 τὰς
871 4308 982 4378 (48)
1016 4307 1129 4372 δύο,
1179 4309 1273 4362 κα)⁹
1315 4310 1372 4361 ἐν
1409 4311 1474 4378 τῇ
1508 4309 1806 4383 λειπομένῃ
1851 4311 1912 4364 τὸ

344 4399 540 4469 ἀληθὲς
563 4395 962 4468 ἐξευρίσκοντες
985 4414 998 4462 ;
1036 4398 1108 4450 Τὸ
1133 4398 1189 4451 δὲ
1218 4399 1549 4470 μνημονικὸν
1569 4399 1666 4470 τῆς
1689 4400 1911 4472 χάριτος

345 4489 440 4543 τοῦ
458 4489 593 4555 ζώου
611 4490 729 4544 τίνα
750 4489 857 4543 τῶν
891 4488 1198 4562 ἀχαρίστων
1221 4490 1355 4561 πρὸς
1384 4489 1674 4562 εὐεργέτας
1702 4492 1762 4544 ού
1789 4509 1914 4546 κατ-

2009 2009 2102 2061 sed
2157 2017 2334 2063 tamen
2389 2008 2605 2077 quidant
2669 2010 2808 2063 inest
2852 2009 2904 2062 in
2958 2008 3087 2078 ipsis
3136 2021 3348 2070 sensus,
3392 2007 3577 2060 nostra

2010 2099 2494 2169 comprehensione
2539 2100 2768 2165 acutior,
2822 2107 2929 2170 quo
2979 2101 3172 2169 cuique
3225 2097 3368 2168 quod
3419 2105 3576 2152 suum

2009 2200 2090 2244 est
2121 2191 2436 2259 dignoscere
2464 2190 2612 2248 licet.
2637 2187 2883 2247 Nondum
2916 2201 3041 2246 sunt
3069 2191 3261 2246 dentes
3291 2189 3488 2256 catulo,
3524 2195 3580 2243 et

2011 2288 2187 2337 tamen
2233 2285 2494 2340 adversus
2543 2300 2636 2339 eos
2682 2285 2771 2354 qui
2825 2281 3124 2338 molestiam
3171 2283 3273 2338 sibi
3325 2279 3576 2345 alierunt,

2009 2391 2128 2431 sese
2168 2391 2264 2446 per
2304 2391 2364 2432 os
2418 2388 2618 2432 tuetur.
2671 2377 2917 2432 Nondum
2952 2393 3153 2432 cornua
3195 2379 3322 2430 sunt
3358 2374 3520 2429 vitulo
3559 2387 3574 2428 ι

2013 2480 2187 2524 tamen
2235 2471 2380 2526 novit
2427 2473 2514 2526 ubi
2573 2472 2672 2526 sibi
2722 2488 2869 2526 arma
2914 2480 3254 2526 enascentur.
3288 2469 3367 2524 Ex
3403 2471 3485 2526 his
3516 2469 3580 2524 li‘

2013 2571 2163 2630 quet,
2194 2578 2300 2632 quo
2333 2565 2383 2616 in
2413 2563 2664 2620 omnibus
2695 2565 2836 2621 inest
2863 2574 3079 2637 natura,
3111 2561 3163 2619 id
3193 2563 3433 2618 doctrina
3473 2577 3578 2618 non

2012 2657 2337 2724 comparari,
2367 2655 2608 2725 nihilque
2636 2656 2686 2711 in
2722 2657 2880 2712 rebus
2910 2665 3031 2711 esse
3061 2665 3154 2710 ant
3188 2656 3575 2722 inordinatum,

2009 2754 2102 2800 aut
2147 2745 2550 2815 improvidum:
2593 2747 2689 2803 sed
2744 2761 2828 2802 res
2881 2747 3070 2802 omnes
3123 2745 3402 2816 sapientia:
3450 2762 3580 2802 con-

2009 2835 2199 2891 ditoris
2228 2836 2308 2891 sui
2336 2838 2563 2906 vestigia
2599 2853 2708 2906 prae
2739 2854 2799 2892 se
2829 2833 2970 2894 ferre
2997 2856 3012 2903 ;
3039 2854 3158 2893 cum
3184 2853 3242 2894 se
3279 2831 3350 2892 ita
3376 2835 3579 2908 produ-

2009 2939 2122 2987 ctas
2155 2946 2274 2987 esse
2298 2931 2591 2997 declarent,
2621 2942 2678 2986 ut
2708 2934 2818 2986 sint
2844 2941 3046 3001 parata:
3075 2931 3141 2986 ad
3169 2946 3322 2986 suam
3345 2929 3575 2987 salutent

2008 3020 2345 3080 servandam.
2381 3023 2446 3078 Et
2495 3025 2710 3092 quidem
2757 3025 2909 3080 canis
2943 3039 3136 3094 expers
3182 3024 3407 3078 rationis
3451 3034 3577 3079 est:

2010 3123 2243 3168 attamen
2287 3128 2504 3168 sensum
2544 3113 2736 3168 rationi
2762 3114 2900 3168 haud
2941 3113 3203 3184 imparem
3234 3104 3418 3169 habet.
3449 3113 3580 3182 Qum

2007 3206 2151 3260 enim
2188 3204 2369 3259 mundi
2399 3203 2667 3274 sapientes
2694 3220 2789 3275 per
2814 3204 3037 3258 multum
3068 3205 3191 3260 vitae
3229 3203 3398 3258 otium
3437 3202 3582 3259 desi-

2010 3295 2197 3350 dentes
2254 3296 2344 3350 vix
2410 3296 2772 3361 invenerunt,
2813 3291 3060 3350 videlicet
3109 3295 3582 3350 ratiocinationum

2007 3385 2281 3455 ambages,
2309 3385 2421 3440 htec
2459 3385 2528 3439 ab
2569 3385 2683 3454 ipsa
2719 3394 2915 3439 natura
2951 3385 3174 3440 edoctus
3209 3384 3361 3440 canis
3401 3385 3584 3454 perhi-

2005 3475 2184 3534 betur.
2211 3475 2344 3532 Cum
2375 3477 2518 3531 enim
2552 3475 2681 3532 fera:
2714 3477 2928 3544 indagat
2953 3477 3259 3546 vestigium,
3285 3473 3373 3531 ubi
3405 3476 3582 3547 ipsum

2008 3567 2374 3637 multipliciter
2424 3567 2608 3624 ﬁssum
2667 3569 2964 3638 repererit,
3005 3563 3322 3625 diverticula
3365 3582 3583 3638 quoquo

2008 3676 2224 3715 versum
2267 3659 2492 3714 ferentia
2560 3657 2804 3725 rimatus,
2846 3669 3052 3713 tantum
3101 3675 3206 3714 non
3249 3661 3582 3714 ratiocinati-

2007 3767 2131 3806 vam
2160 3766 2345 3806 vocem
2373 3767 2468 3820 per
2506 3765 2566 3805 ea
2596 3766 2715 3820 qua:
2743 3751 2872 3820 agit,
2905 3750 3103 3805 emittit
3129 3767 3142 3801 :
3184 3747 3343 3816 Fera,
3385 3750 3582 3821 inquit,

2009 3851 2101 3898 aut
2152 3845 2274 3910 hac,
2330 3852 2422 3896 aut
2479 3841 2598 3896 illac
2635 3842 2876 3905 divertit,
2910 3852 3004 3895 aut
3048 3842 3102 3895 in
3134 3840 3274 3898 hanc
3322 3850 3580 3914 partem:

2011 3936 2157 4006 atqui
2194 3949 2366 4005 neque
2422 3934 2545 3998 hac,
2574 3949 2747 4004 neque
2786 3933 2909 3988 illac
2947 3951 2960 3986 :
3003 3935 3268 4006 reliquum
3297 3945 3400 4002 εει,
3433 3947 3490 3991 ut
3518 3948 3584 3993 ea

2012 4023 2145 4081 istac
2177 4026 2415 4094 digressa
2447 4026 2608 4080 fuerit
2637 4042 2648 4076 :
2691 4035 2855 4094 atque
2878 4026 2972 4091 ita,
3009 4025 3160 4081 falsis
3188 4026 3458 4091 rescissis,
3492 4035 3585 4083 ve-

2014 4131 2131 4171 rum
2162 4117 2388 4172 invenit.
2416 4115 2555 4182 Quid
2606 4115 2833 4184 amplius
2865 4115 3090 4182 faciunt,
3147 4117 3234 4185 qui
3271 4116 3322 4170 in
3363 4116 3584 4171 theore-

2013 4209 2244 4264 matibus
2280 4209 2716 4263 demonstrandis
2747 4223 2868 4262 cum
2889 4211 3151 4280 gravitate
3175 4208 3439 4274 desident,
3461 4198 3584 4278 qni-

2013 4314 2118 4368 que
2152 4298 2308 4353 lineis
2352 4297 2555 4368 pulveri
2587 4297 2893 4366 insculptis,
2927 4312 2992 4352 ex
3045 4299 3216 4356 tribus
3258 4299 3584 4370 propositio-

2012 4391 2170 4445 nibus
2201 4391 2333 4445 duas
2361 4389 2680 4460 rejicientes,
2709 4390 2760 4443 in
2789 4403 2851 4444 ea
2884 4404 3002 4457 qua:
3027 4389 3232 4461 reliqua
3263 4401 3364 4460 est,
3396 4406 3584 4446 verum
3639 4445 3652 4460 ,

2012 4483 2292 4537 inveniunt
2319 4482 2342 4536 ?
2369 4482 2537 4536 Porro
2560 4481 2804 4537 beneﬁcii
2837 4483 3093 4537 memoria
3126 4483 3194 4536 ab
3222 4483 3323 4538 hoc
3359 4475 3584 4538 animali

345 4581 623 4652 αισχύνει;
681 4582 813 4634 ὅπου
857 4598 920 4650 γε
983 4575 1077 4634 καί
1126 4581 1427 4650 φονευθεϊσι
1466 4582 1749 4646 δεσπόταις
1793 4583 1910 4636 κατ’

2017 4585 2356 4640 conservata,
2387 4575 2472 4629 cui
2507 4575 2625 4628 viro
2674 4575 2726 4628 in
2766 4575 3035 4630 beneﬁcos
3087 4575 3296 4644 ingrato
3323 4576 3583 4643 pudorem

347 4673 580 4747 ἐρημίαν
635 4673 819 4726 πολλοὶ
860 4671 965 4725 τῶν
1008 4671 1186 4725 κυνῶν
1235 4670 1670 4736 ἐπαποθανόντες
1707 4689 1912 4744 μνημο-

348 4765 758 4836 νεύονται.Ἥδη
773 4765 829 4818 δέ
846 4783 990 4828 τινες
1006 4765 1099 4818 ἐπὶ
1119 4764 1306 4838 θερμῷ
1325 4765 1402 4836 τῷ
1428 4764 1587 4818 πάθει
1615 4767 1708 4819 καὶ
1727 4766 1912 4836 ὁδηγοὶ

345 4863 458 4923 τοῖς
482 4857 768 4928 ἐκζητοῦσι
811 4858 938 4922 τοὺς
983 4856 1177 4926 φονέας
1223 4857 1487 4925 ἐγένοντο,
1536 4858 1628 4910 καὶ
1661 4857 1764 4909 ὑπὸ
1813 4858 1912 4928 τὴν

347 4953 502 5022 δίκην
528 4950 757 5021 ἀχθῆναι
777 4951 899 5014 τοὺς
924 4949 1263 5021 κακούργους
1285 4949 1566 5019 ἐποίησαν.
1599 4949 1663 5001 Τί
1688 4948 1913 5002 εἴπωσιν

350 5044 398 5096 οἱ
426 5041 516 5096 τὸν
538 5042 835 5112 ποιήσαντα
863 5041 1056 5105 αὐτοὺς
1082 5041 1176 5094 καὶ
1201 5039 1465 5112 τρέφοντα
1487 5039 1689 5110 Κύριον
1717 5040 1776 5092 ού
1815 5039 1913 5109 μόσ-

355 5151 437 5189 νον
465 5135 565 5188 ούκ
597 5133 917 5204 ἀγαπῶντες
946 5133 1078 5202 (49),
1107 5131 1241 5186 ἀλλά
1263 5131 1355 5184 καὶ
1388 5131 1560 5198 φίλοις
1587 5131 1914 5204 κεχρημένοι

423 5401 665 5474 (£3)Sic
691 5395 1126 5474 mss._§om_bef..
1147 5408 1266 5448 cum
1313 5391 1447 5474 Reg.
1505 5401 1716 5448 octavo.
1773 5392 1916 5448 Editi

346 5464 475 5532 cuin
496 5464 614 5526 aliis
643 5485 770 5525 mss.
805 5464 917 5522 οἶδε
945 5466 1058 5538 μένί
1078 5464 1174 5535 τὴν
1196 5466 1395 5538 φωνήν.

423 5543 535 5616 (Mi
574 5532 1104 5616 Ita_sex__mss.'Editi
1132 5532 1438 5605 περιτύχοι.
1481 5532 1603 5591 Mox
1639 5532 1788 5588 Colb.
1831 5547 1916 5588 se-

350 5605 562 5672 cunnus
584 5610 753 5665 πολλὰ
775 5609 830 5662 δὲ
853 5605 1052 5678 παραδ.

425 5682 535 5753 (45)
589 5679 716 5737 Mss.
765 5673 1004 5753 quinque
1051 5675 1357 5746 διάγνωσις.
1410 5674 1554 5730 Editi
1603 5673 1916 5744 ἐπίγνωσις.

350 5749 706 5828 Βοκχεθξιιιε
734 5749 954 5828 γνῶσις.
1003 5817 1047 5828 Μ
1153 5815 1178 5828 η
1309 5815 1350 5828 _

347 5875 354 5882 .
424 5815 536 5890 (46)
573 5824 681 5879 Sex
713 5815 840 5878 mss.
875 5817 1091 5890 ἐπειδάν
1125 5815 1276 5890 εὕρῃ.
1300 5815 1452 5890 ΑΕ(ίίῑί
1492 5815 1660 5890 εύροι.

447 5827 536 5890 46)
573 5827 681 5879 Sex
713 5838 840 5878 mss.
875 5827 1091 5872 ἐπειδάν
1125 5827 1452 5905 εὕρῃ..1·;‹ηι1
1492 5827 1660 5888 εῠροι.
1837 5888 1847 5896 ν

424 5827 538 5968 in)
572 5896 704 5963 Reg.
753 5903 934 5948 sextus
967 5887 1120 5960 τήνδε
1168 5887 1475 5960 ωρμησθαι.
1533 5886 1665 5957 Reg.
1727 5895 1917 5942 tertius

2017 4685 2126 4724 non
2156 4667 2392 4722 incutit?
2424 4666 2698 4735 Siquidem
2742 4683 2903 4724 canes
2939 4667 3113 4732 multi,
3145 4667 3376 4722 dominis
3407 4668 3459 4722 in
3487 4669 3582 4722 de-

2015 4771 2162 4820 serto
2201 4761 2315 4816 loco
2361 4760 2679 4825 interfectis,
2705 4769 2759 4815 et
2785 4761 2886 4829 ipsi
2936 4761 3208 4814 immortui
3266 4752 3431 4816 fuisse
3473 4775 3588 4814 me-

2017 4862 2314 4909 morantur.
2353 4849 2489 4916 Quin
2517 4849 2678 4904 etiam
2727 4865 2892 4905 canes
2941 4849 3209 4918 nonnulli,
3238 4853 3364 4906 dum
3394 4865 3588 4910 recens

2015 4954 2163 5001 esset
2213 4943 2421 5011 cades,
2458 4942 2525 4997 iis
2577 4942 2669 5012 qui
2718 4942 3014 4998 homicidas
3061 4943 3438 5012 inquirebant,
3488 4949 3591 5001 viae

2017 5038 2178 5091 etiam
2212 5039 2376 5090 duces
2401 5035 2746 5098 exstiterunt,
2777 5035 2887 5107 85
2923 5044 3085 5105 atque
3111 5036 3166 5090 in
3219 5051 3382 5090 causa
3413 5036 3586 5102 fuere,

2017 5147 2114 5186 cur
2159 5130 2226 5186 ad
2271 5137 2485 5199 pmnam
2535 5128 2763 5184 maleﬁci
2815 5139 3153 5184 raperentur.
3200 5127 3338 5195 Quid
3391 5129 3589 5184 dicturi

2018 5389 2172 5461 τήνδε
2200 5386 2492 5461 ὁρμᾶσθαι.
2525 5387 2646 5442 Mox
2685 5387 2816 5461 Reg.
2855 5389 2880 5442 1
2938 5389 3030 5442 ἐπὶ
3069 5387 3186 5461 τῶν
3225 5388 3587 5461 γραμμάτων.

2090 5459 2200 5531 (48)
2234 5457 2369 5541 Reg.
2405 5468 2589 5541 sextus
2614 5457 2969 5541 καθεζόμενοι
2983 5459 3092 5538 ’καὶ
3119 5458 3220 5541 γῆν
3243 5457 3589 5541 κατἀχαράσν

2021 5529 2202 5594 σοντες
2225 5529 2391 5601 τριῶν
2423 5529 2740 5600 προτάσεων
2786 5529 3070 5600 ἀναιροῦσι
3126 5529 3246 5593 τάς,
3281 5529 3478 5584 terram
3512 5531 3590 5584 8i-

2051 5615 2254 5656 nautes.

2019 5619 2500 5743 gni'flsgséicliegii
2535 5682 2718 5743 seruus
2751 5679 2821 5743 et;
2851 5677 3095 5743 octavus:
3136 5667 3428 5743 Editi‘cum
3469 5668 3592 5743 aliis

2023 5738 2154 5797 mss.
2184 5738 2509 5812 simpliciter
2538 5739 2744 5812 Κύριον
2771 5738 3244 5812 ούκάγαπῶντες.
3278 5740 3398 5794 Mox
3438 5739 3590 5812 multi

2025 5828 2154 5867 mss.
2185 5812 2286 5880 τῆς
2312 5811 2481 5883 αὐτῆς
2507 5809 2690 5883 αὐτοῖς
2720 5809 3030 5883 τραπέζης’
3064 5826 3186 5880 qua:
3222 5813 3383 5868 verba
3433 5811 3590 5867 aliter

2027 5885 2387 5954 disponuntur
2419 5882 2472 5937 in
2499 5881 2687 5938 editis.
