4008 6402
499 467 599 525 199

1788 461 1845 516 S.
1886 460 2128 516 BASlLll
2167 460 2379 517 MAGNI

3602 452 3703 509 200

493 595 638 651 sunt,
666 586 755 656 qui
790 585 1067 641 Dominum
1096 582 1424 639 conditorem
1454 596 1516 637 ac
1547 583 1864 637 nutritorem
1898 597 2033 637 suun

2150 582 2259 644 τοῖς
2284 578 2517 655 λαλοῦσι
2550 578 2689 632 κατὰ
2726 576 2819 633 τοῦ
2861 576 2996 632 Θεοῦ
3030 576 3260 640 ἀδικίαν,
3304 575 3397 628 καὶ
3421 574 3519 645 τῆς
3543 573 3705 644 αὐτῆς

494 691 597 731 non
631 675 800 730 solum
844 690 948 739 non
989 674 1233 743 diligunt,
1260 674 1353 729 sed
1402 673 1589 729 amicis
1632 672 1794 728 etiam
1828 683 2051 728 utuntur

491 768 578 832 iis,
606 766 695 836 qui
717 766 972 820 adversus
1001 763 1169 819 Deum
1196 762 1489 834 loquuntur
1510 761 1867 832 iniquitatem,
1891 772 2051 832 atque

489 859 728 928 ejusdem
753 873 874 913 cum
909 857 1038 927 ipsis
1093 870 1289 911 mensa:
1323 853 1611 924 participes
1654 862 1801 921 sunt,
1824 867 1887 908 ac
1910 853 2050 908 inter

490 951 661 1019 ipsum
696 950 1013 1004 sumendum
1041 946 1215 1001 cibum
1256 944 1417 1015 impia
1469 954 1523 999 et
1566 945 1950 999 contumeliosa
1993 943 2047 998 in

487 1042 807 1095 nutritorem
832 1038 993 1094 verba
1025 1035 1296 1092 tolerant?

557 1133 607 1188 5.
644 1133 713 1186 At
765 1147 890 1188 vero
923 1131 990 1185 ad
1043 1143 1220 1185 rerum
1266 1134 1569 1182 creatarum
1615 1127 1895 1182 redeamus
1922 1139 2050 1181 con-

486 1225 907 1294 templationem.
968 1222 1228 1277 Animalia
1286 1234 1405 1289 qum
1462 1218 1673 1275 facilius
1728 1218 2043 1288 capiuntur,

485 1328 611 1372 sunt
640 1316 973 1370 fecundiora.
1006 1313 1265 1381 Quocirca
1287 1314 1496 1385 lepores
1524 1320 1578 1367 et
1603 1322 1838 1382 agrestes
1871 1323 2046 1379 capra:

486 1407 683 1463 multos
710 1415 994 1477 procreant
1021 1405 1193 1474 fetus,
1221 1419 1455 1476 ovesque
1497 1402 1773 1459 silvestres
1804 1401 2046 1472 geminos

483 1506 670 1568 partus
694 1497 876 1562 edunt,
905 1506 962 1551 ut
989 1511 1056 1551 ne
1087 1512 1255 1568 genus
1294 1496 1361 1552 ab
1387 1494 1710 1550 animalibus
1732 1494 1893 1549 cruda
1925 1508 2045 1548 car-

483 1605 551 1645 ne
580 1589 917 1645 vescentibus
965 1596 1339 1658 consumptum
1362 1627 1378 1654 ,
1417 1587 1653 1642 deﬁciat.
1683 1585 1788 1639 Sed
1812 1599 1889 1640 eae
1919 1583 2045 1640 fera:

482 1696 602 1750 qua:
635 1690 857 1736 caeteras
906 1688 1117 1744 vorant,
1156 1693 1342 1749 parum
1378 1688 1503 1733 sunt
1554 1676 1817 1732 fecunda.
1864 1674 2043 1742 Quare

481 1766 647 1822 leaena
691 1767 780 1821 vix
829 1767 987 1822 unius
1025 1766 1194 1822 leonis
1260 1776 1433 1820 mater
1486 1764 1733 1821 elIicitur.
1774 1763 1934 1829 Nam,
1986 1771 2046 1818 ut

2150 669 2331 732 αὐτοῖς
2361 668 2635 740 τραπέζης
2694 667 3026 739 μετέχοντες,
3058 667 3152 721 καὶ
3199 666 3329 737 παρ’
3378 663 3545 735 αὐτὴν
3610 663 3704 734 τὴν

2147 759 2351 832 τροφὴν
2377 759 2485 813 τῶν
2510 758 2652 813 κατὰ
2689 758 2783 812 τοῦ
2824 758 3113 820 τρέφοντος
3144 754 3496 828 βλασφημιῶν
3524 754 3706 825 ἀνεχό-

2152 866 2297 921 μενοι
2320 865 2334 915 ;

2216 1118 2267 1172 5.
2317 1118 2453 1170 Ἀλλ’
2490 1118 2580 1170 ἐπὶ
2611 1117 2711 1188 τὴν
2742 1115 2972 1188 θεωρίαν
2991 1114 3090 1185 τῆς
3118 1113 3346 1176 κτίσεως
3370 1110 3699 1182 ἐπανίωμεν.

2147 1208 2226 1261 Τά
2259 1207 2628 1279 εὐαλωτότερα
2656 1206 2762 1261 τῶν
2797 1205 2948 1269 ζώων
2972 1201 3398 1274 πολυγονώτερα.
3434 1200 3534 1255 Διά
3551 1202 3705 1255 τοῦτο

2146 1298 2427 1363 πολυτόκοι
2454 1299 2675 1367 λαγωοὶ,
2721 1300 2814 1351 καὶ
2866 1294 3020 1365 αἶγες
3075 1296 3281 1367 ἄγριαι,
3329 1294 3422 1349 κα)⁸
3458 1294 3703 1366 πρόϐατα

2144 1392 2309 1462 ἄγρια
2339 1391 2680 1462 διδυμοτόκα,
2719 1390 2804 1443 ἵνα
2837 1390 2909 1461 μὴ
2935 1388 3191 1461 ἐπιλείπῃ
3207 1387 3266 1440 τὸ
3294 1387 3449 1457 γένος
3469 1386 3573 1440 ὑπὸ
3598 1387 3703 1439 τῶν

2143 1483 2434 1556 ὼμοϐόρων
2457 1484 2567 1554 (50)
2600 1482 3065 1553 ἐκδαπανὼμενον.
3106 1481 3184 1534 Τά
3216 1480 3270 1532 δὲ
3301 1478 3570 1551 φθαρτικὰ
3600 1479 3702 1531 τῶν

2143 1574 2341 1641 ἄλλων,
2380 1575 2684 1644 ὀλιγοτόκα.
2710 1573 2870 1627 Ὅθεν
2897 1572 3105 1633 λέοντος
3133 1571 3249 1633 ἐνὸς
3283 1570 3432 1641 μόλις
3461 1570 3493 1639 ή
3522 1568 3703 1621 λέαινα

2146 1668 2326 1738 μήτηρ
2364 1667 2587 1735 γίνεται.
2634 1667 2767 1727 Ταῖς
2803 1665 2909 1735 γὰρ
2961 1664 3163 1733 ἀκμαῖς
3195 1662 3302 1714 τῶν
3346 1660 3551 1731 ὀνύχων
3593 1662 3705 1714 δια-

2144 1757 2423 1829 σπαράξας
2449 1758 2548 1829 τὴν
2580 1759 2812 1829 μήτραν,
2844 1755 2985 1809 οὕτω
3026 1755 3285 1827 πρόεισιν,
3311 1754 3383 1817 ὥς
3413 1770 3580 1822 φασι·
3616 1753 3705 1807 καὶ

482 1857 653 1921 aiunt,
683 1856 915 1911 lacerato
946 1856 1200 1927 unguium
1237 1856 1355 1911 acie
1390 1863 1561 1920 utero,
1590 1854 1769 1923 prodit
1804 1870 1817 1905 :
1847 1854 2033 1923 viperae

2141 1851 2344 1921 ἔχιδναι
2388 1849 2485 1914 τὰς
2527 1852 2737 1922 μήτρας
2772 1848 3105 1919 ὲκφαγοῦσαι
3147 1848 3522 1919 προέρχονται,
3579 1846 3705 1917 πρέ-

478 1965 712 2019 quoque,
742 1964 897 2005 eroso
923 1959 1098 2018 utero,
1123 1956 1434 2015 nascuntur,
1465 1949 1708 2002 meritam
1738 1948 2033 2003 mercedem

2140 1960 2337 2006 ποντας
2383 1945 2446 2014 τῇ
2493 1942 2869 2016 γεννησαμένη
2912 1943 3037 2005 τοὺς
3075 1940 3297 2011 μισθοὺς
3338 1936 3729 1993 ὲκτιννύουσαι’

478 2042 686 2113 parenti
737 2041 1105 2112 rependentes.
1152 2042 1301 2096 Adeo
1346 2039 1481 2094 nihil
1512 2054 1618 2095 non
1667 2039 1947 2108 providum
1982 2040 2033 2092 in

384 2120 385 2123 ¹
480 2136 641 2189 rebus
661 2145 763 2197 est,
793 2133 922 2186 nihil
956 2142 1039 2188 est
1087 2148 1228 2187 curae
1284 2131 1364 2187 eis
1405 2131 1597 2186 debitae
1642 2144 1856 2200 expers.
1886 2129 2037 2195 Quod

476 2227 519 2280 si
554 2228 663 2296 ipsa
689 2225 1001 2279 animalium
1038 2223 1274 2279 membra
1313 2222 1758 2288 consideraveris,
1783 2220 1914 2275 nihil
1943 2236 2035 2276 su-

476 2313 733 2386 perﬂuum
764 2332 793 2368 a
823 2314 1116 2369 Conditore
1158 2312 1445 2382 adjectum,
1498 2312 1633 2366 nihil
1675 2311 2034 2367 necessarium

474 2410 773 2461 detractum
805 2405 969 2460 fuisse
1014 2403 1331 2475 comperies.
1372 2402 1685 2459 Carnivoris
1717 2402 2037 2457 animalibus

474 2506 664 2552 acutos
699 2496 907 2567 aptavit
953 2495 1143 2551 dentes
1180 2512 1194 2550 :
1229 2493 1422 2549 talibus
1469 2493 1611 2547 enim
1656 2507 1790 2562 opus
1815 2501 1931 2547 erat
1967 2493 2036 2547 ob

474 2585 714 2641 alimenti
740 2585 992 2655 speciem.
1018 2582 1149 2651 Quae
1172 2596 1299 2637 vero
1327 2581 1547 2638 dimidia
1578 2596 1646 2636 ex
1678 2590 1831 2651 parte
1861 2581 2035 2635 deuti-

473 2676 572 2732 bus
593 2685 800 2731 armata
850 2686 994 2741 sunt,
1037 2689 1099 2730 ea
1149 2672 1331 2729 multis
1364 2682 1419 2727 ct
1465 2673 1630 2727 variis
1661 2672 2034 2727 alimentorum

473 2767 827 2838 receptaculis
856 2765 1126 2821 instruxit.
1159 2763 1292 2821 Nam
1324 2765 1447 2835 quia
1481 2764 1653 2833 prima
1682 2764 1794 2817 vice
1821 2778 1922 2817 non
1951 2780 2033 2817 sa-

472 2858 542 2914 tis
564 2859 633 2914 ab
668 2858 798 2928 ipsis
830 2856 1212 2912 comminuitur
1246 2855 1580 2920 alimentum,
1618 2854 1696 2909 eis
1718 2855 1841 2910 data
1865 2855 2035 2909 facul-

474 2961 555 3007 tas
577 2960 660 3006 est
691 2949 867 3005 cibum
902 2948 1213 3018 deglutitum
1265 2949 1457 3003 iterum
1503 2947 1811 3014 revocandi,
1840 2956 1898 3001 ut
1943 2963 2034 3001 ru-

475 3042 770 3097 minatione
810 3042 1094 3109 contritus,
1124 3040 1173 3096 ei
1206 3040 1348 3109 quod
1391 3038 1553 3094 alitur
1600 3039 2033 3095 accommodatus

473 3134 560 3190 sit.
600 3133 803 3201 Quibus
830 3132 1151 3190 animalibus
1174 3132 1333 3203 gulae,
1361 3146 1567 3199 omasa,
1597 3131 1820 3187 reticula
1845 3141 1899 3186 et
1924 3146 2035 3185 ma-

472 3243 576 3298 gua
604 3226 855 3283 intestina
882 3226 1085 3291 insunt,
1113 3240 1176 3281 ea
1207 3226 1261 3280 in
1298 3224 1489 3280 iisdem
1520 3240 1625 3280 non
1659 3223 1922 3279 inutiliter
1953 3238 2035 3277 re-
2061 3262 2102 3319 α

472 3317 776 3373 conduntur
805 3331 819 3368 :
847 3316 941 3371 sed
980 3315 1401 3387 unumquodque
1433 3330 1585 3371 usum
1615 3330 1679 3370 ac
1718 3329 1913 3369 munus
1936 3330 2034 3369 ne-

471 3410 764 3466 cessarium
787 3407 983 3479 explet.
1009 3391 1249 3479 Longum
1274 3416 1356 3463 est
1373 3406 1560 3463 cameli
1589 3405 1810 3472 collum,
1852 3416 1910 3460 ut
1937 3420 2034 3476 par

470 3502 543 3559 sit
573 3502 818 3572 pedibus,
847 3510 901 3557 et
942 3516 1060 3557 eam
1107 3515 1211 3571 qua
1256 3500 1491 3557 vescitur
1534 3500 1754 3555 herbam
1783 3500 2031 3569 attingat.

472 3596 645 3661 Ursae,
664 3594 856 3661 leonis,
875 3595 1077 3666 tigridis
1093 3602 1145 3650 et
1170 3602 1483 3649 caeterarum
1503 3593 1659 3661 hujus
1682 3593 1893 3665 generis
1917 3593 2033 3646 ani-

470 3689 687 3743 malium
721 3687 914 3743 collum
948 3689 1108 3743 breve
1137 3696 1241 3753 est,
1268 3694 1323 3740 et
1351 3686 1589 3741 humeris
1622 3686 1837 3741 insitum
1865 3704 1879 3738 -.
1911 3700 2035 3755 pro-

471 3790 649 3851 pterea
685 3780 825 3850 quod
875 3780 1037 3834 herba
1086 3779 1219 3849 ipsis
1273 3778 1589 3833 alimentum
1643 3793 1753 3833 non
1800 3786 1902 3841 est,
1933 3791 2032 3831 nec

472 3887 691 3928 necesse
720 3872 951 3927 habeant
977 3870 1236 3927 inclinare
1280 3885 1338 3924 se
1372 3871 1437 3924 ad
1471 3878 1688 3933 terram,
1715 3885 1835 3925 cum
1864 3870 2034 3923 carni-

468 3978 598 4019 vora
626 3963 759 4028 sint,
785 3978 847 4017 ac
884 3976 1003 4019 sese
1047 3976 1112 4017 ex
1150 3962 1461 4016 animalium
1496 3959 1671 4032 praeda
1708 3970 2027 4015 sustentem.

468 4054 604 4122 Quid
630 4056 731 4111 sibi
766 4055 876 4110 vult
906 4054 1184 4125 proboscis
1215 4055 1264 4110 iu
1294 4052 1624 4124 elephanto?
1654 4052 1791 4122 Quia
1832 4052 2029 4106 animal

470 4160 741 4216 maguum,
773 4155 827 4201 et
853 4146 1187 4203 terrestrium
1232 4146 1549 4210 maximum,
1574 4145 1640 4199 ad
1678 4143 2025 4213 injiciendum

468 4238 878 4294 occurrentibus
903 4248 1160 4294 terrorem
1186 4240 1532 4308 productum,
1558 4236 1768 4291 carnosi
1799 4244 1853 4291 et
1878 4235 2025 4291 obesi

467 4330 707 4401 corporis
752 4345 871 4385 esse
913 4331 1213 4399 oportebat.
1262 4329 1398 4384 Huic
1439 4330 1483 4385 si
1520 4329 1715 4383 collum
1755 4344 2025 4399 magnum,

467 4432 521 4477 et
548 4424 769 4493 pedibus
801 4437 898 4490 par
933 4423 1188 4475 tributum
1220 4421 1427 4485 fuisset,
1455 4420 1543 4474 vix
1576 4432 1759 4491 posset
1783 4422 2024 4487 tractari,

468 4523 648 4583 utpote
673 4513 813 4582 quod
845 4511 912 4566 ob
934 4530 965 4565 n
996 4512 1152 4565 mium
1186 4513 1503 4581 gravitatem
1531 4526 1741 4581 semper
1776 4512 2022 4566 deorsum

2141 2034 2273 2105 (51).
2312 2033 2498 2097 Οὕτως
2543 2035 2691 2088 οὐδὲν
2730 2033 3060 2105 ἀπρονόητον
3112 2034 3169 2087 ὲν
3214 2034 3324 2096 τοῖς
3361 2028 3531 2095 οὖσιν,
3589 2030 3705 2083 οὐδὲ

2136 2126 2235 2196 τῆς
2258 2126 2618 2198 ὲπιὸαλούσης
2645 2127 2824 2191 αὐτοῖς
2859 2124 3172 2197 ἐπιμελείας
3194 2124 3393 2197 ἄμοιρα
3425 2124 3556 2196 (52).
3588 2124 3705 2176 Κᾶν

2138 2218 2276 2271 αὐτὰ
2313 2217 2382 2270 τὰ
2418 2218 2550 2289 μέλη
2584 2217 2690 2270 τῶν
2737 2217 2887 2281 ζώων
2932 2216 3270 2287 καταμάθῃς,
3308 2216 3577 2285 εὑρήσεις,
3625 2213 3705 2265 ὃτι

2137 2311 2261 2365 οὔτε
2285 2310 2534 2383 περιττόν
2562 2327 2613 2363 τι
2645 2313 2672 2363 ὀ
2714 2310 2903 2372 κτίσας
2952 2308 3309 2379 προσέθηκεν,
3350 2306 3471 2359 οὔτε
3517 2305 3703 2373 ἀφεῖλε

2135 2404 2242 2459 τῶν
2271 2404 2378 2475 (55)
2423 2402 2750 2473 ἀναγκαίων.
2802 2404 2925 2466 Τοῖς
2974 2402 3340 2473 σαρκοφάγοις
3374 2399 3531 2465 ζώοις
3563 2399 3703 2465 ὀξεῖς

2134 2498 2259 2561 τοὺς
2287 2497 2503 2559 ὀδόντας
2533 2497 2797 2568 ἐνήρμοσε
2819 2512 2831 2525 ·
2875 2494 3128 2547 τοιούτων
3152 2492 3258 2563 γὰρ
3291 2487 3357 2563 ἦν
3389 2492 3546 2563 χρεία
3570 2491 3704 2562 πρὸς

2135 2588 2195 2641 τὸ
2255 2588 2353 2659 τῆς
2399 2587 2604 2659 τροφῆς
2657 2583 2814 2650 εἶδος.
2850 2585 2916 2637 Ἀ
2961 2586 3016 2638 δὲ
3051 2584 3109 2649 ἐξ
3153 2585 3406 2656 ἡμισείας
3440 2583 3702 2637 ὥπλισται

2135 2682 2246 2744 τοῖς
2296 2678 2496 2745 ὀδοῦσι,
2554 2678 2774 2742 πολλαῖς
2813 2678 2904 2731 καὶ
2946 2677 3214 2742 ποικίλαις
3255 2676 3558 2746 ἁποθήκαις
3596 2675 3703 2728 τῶν

2137 2771 2247 2843 (54)
2272 2770 2483 2843 τροφῶν
2506 2770 2897 2843 παρεσκεύασε.
2924 2769 3021 2823 Διά
3046 2768 3150 2841 γὰρ
3173 2769 3231 2821 τὸ
3252 2768 3400 2841 παρά
3430 2768 3526 2838 τὴν
3557 2767 3704 2838 πρώ-

2134 2881 2233 2934 την
2285 2863 2360 2936 μὴ
2410 2863 2719 2935 ἀρκούντως
2773 2860 3275 2917 καταλεπτύνεσθαι
3322 2860 3420 2932 τὴν
3474 2859 3700 2932 τροφὴν,

2136 2958 2331 3011 ἔδωκεν
2372 2956 2553 3020 αὐτοῖς
2577 2956 2637 3009 τὸ
2672 2954 2975 3009 καταποθὲν
3005 2953 3164 3007 πάλιν
3191 2952 3698 3023 ἁναπεμπάζεσθαι,

2134 3047 2274 3101 ὥστε
2304 3046 2668 3102 καταλεανθὲν
2702 3046 2811 3118 (55)
2856 3045 2933 3116 τῷ
2963 3045 3294 3118 μηρυκισμῷ
3328 3043 3699 3117 προσοικειοῦ-

2138 3137 2259 3191 σθαι
2283 3137 2361 3209 τῷ
2374 3138 2707 3209 τρεφομένῳ.
2738 3137 3028 3207 Στόμαχοι,
3057 3137 3149 3190 κα)⁵
3170 3138 3353 3206 ἐχῖνοι,
3381 3136 3473 3188 καὶ
3506 3133 3704 3206 κεκρύ-

2136 3230 2312 3299 φαλοι,
2348 3232 2443 3284 καὶ
2477 3228 2730 3301 ἔνυστρα,
2770 3229 2871 3282 οὐκ
2923 3227 3106 3301 ἀργῶς
3151 3228 3393 3297 ἔγκειται
3436 3225 3546 3298 (56)
3595 3225 3701 3279 τῶν

2140 3320 2290 3387 ζώων
2318 3325 2427 3386 τοῖς
2476 3321 2705 3392 ἔχουσιν,
2745 3320 2858 3374 ἀλλ’
2892 3320 3202 3390 ἀναγκαίων
3234 3320 3421 3391 χρείαν
3475 3319 3702 3374 ἕκαστον

2139 3414 2418 3486 ἐκπληροῖ.
2454 3413 2669 3486 Μακρὸς
2696 3415 2724 3467 ὀ
2752 3413 3019 3485 τράχηλος
3044 3412 3146 3483 τῆς
3174 3412 3443 3484 καμήλου,
3472 3412 3559 3467 ἴνα
3590 3415 3702 3477 τοῖς

2138 3506 2295 3559 ποσὶν
2326 3504 2635 3577 ὲξισάζηται
2665 3504 2757 3558 καὶ
2787 3504 3071 3575 ἐφικνῆται
3101 3503 3211 3575 (57)
3246 3503 3343 3573 τῆς
3382 3502 3610 3575 βοτάνης
3642 3503 3699 3570 ἐξ

2136 3591 2203 3668 ἦς
2227 3596 2423 3669 suam.
2474 3597 2685 3668 Βραχὺς
2716 3596 2808 3651 καὶ
2840 3599 2949 3659 τοῖς
2981 3593 3150 3666 ὤμοις
3182 3594 3473 3659 ἐνδεδυκὼς
3502 3597 3532 3649 ὀ
3563 3595 3699 3667 τρά-

2130 3688 2292 3761 χηλος
2317 3689 2417 3759 τῆς
2447 3688 2649 3760 ἄρκτου
2670 3705 2683 3719 ·
2720 3687 2813 3742 καὶ
2846 3688 3059 3752 λέοντος
3093 3687 3171 3755 δὲ,
3200 3688 3293 3742 καὶ⁵
3324 3686 3579 3761 τίγριδος,
3603 3688 3698 3741 καὶ

2128 3780 2235 3833 τῶν
2268 3779 2487 3843 λοιπῶν,
2535 3781 2633 3833 ὅσα
2662 3780 2849 3833 τούτου
2879 3778 2974 3832 τοῦ
3001 3778 3187 3847 γένους
3206 3795 3221 3809 ’
3260 3779 3341 3832 ὅτι
3373 3782 3473 3833 ούκ
3502 3780 3567 3832 ὲκ
3597 3777 3700 3851 τῆς

2128 3872 2262 3934 πόας
2290 3872 2472 3937 αὐτοῖς
2499 3874 2535 3944 ήη
2559 3872 2752 3945 τροφὴ,
2784 3872 2903 3926 οὐδὲ
2932 3872 3141 3944 ἀνάγκη
3177 3872 3312 3944 πρὸς
3342 3872 3440 3944 τὴν
3470 3873 3571 3943 γῆν
3602 3889 3699 3926 κα-

2126 3964 2438 4029 τακύπτειν,
2481 3965 2845 4037 σαρκοφάγοις
2873 3961 3013 4027 οὖσι,
3047 3965 3142 4017 καὶ
3173 3966 3236 4018 ἐκ
3264 3964 3361 4034 τῆς
3380 3963 3555 4034 ἄγρας
3585 3963 3695 4016 τῶν

2134 4054 2285 4120 ζώων
2317 4056 2738 4129 διαρκουμένοις.
2796 4058 2861 4111 Τί
2919 4057 3226 4128 βούλεταιὴ
3273 4053 3572 4127 προνομαία
3617 4054 3698 4125 τῷ

2128 4147 2408 4217 ἐλέφαντι;
2448 4149 2568 4202 Ὀτι
2604 4150 2747 4220 μέγα
2775 4150 2837 4203 τὸ
2872 4149 3030 4214 ζῶον,
3072 4149 3165 4203 καὶ
3195 4147 3302 4202 τῶν
3346 4148 3609 4219 χερσαίων
3632 4145 3695 4198 τὸ

2129 4241 2398 4310 μέγιστον,
2426 4241 2504 4304 είς
2534 4240 2631 4312 τήν
2660 4241 2767 4296 τῶν
2795 4241 3228 4311 ἐντυγχανόντων
3260 4239 3519 4310 ἔκπληξιν
3547 4256 3689 4311 παρ-

2127 4330 2307 4399 αχθὲν,
2353 4329 2687 4401 πολύσαρκον
2736 4331 2901 4401 ἐχρῆν
2950 4327 3088 4384 εἶναι
3141 4332 3233 4384 καὶ
3269 4328 3692 4402 συμπεφορημέ-

2130 4438 2217 4475 νον
2243 4421 2302 4474 τὸ
2328 4421 2501 4493 σῶμα.
2535 4422 2717 4493 Τούτῳ
2748 4424 2796 4475 εἰ
2824 4423 2997 4493 μέγας
3028 4423 3121 4476 καὶ
3151 4422 3423 4491 ἀναλογῶν
3459 4426 3569 4485 τοῖς
3592 4440 3690 4475 πο-

2133 4513 2215 4565 σὶν
2253 4513 2281 4563 ὁ
2304 4513 2570 4585 τράχηλος
2610 4515 2927 4586 προσετέθη,
2957 4515 3461 4586 δυσμεταχείριστος
3493 4516 3558 4568 ἂν
3597 4510 3687 4585 ἦν,

1998 4650 2013 4673 ,

542 4694 653 4764 (50)
712 4693 863 4763 Regii
922 4695 1111 4766 tertius
1155 4703 1432 4766 (-tgsextus
1482 4692 1586 4746 ὑπὸ
1649 4694 1755 4746 τῶν
1804 4694 2027 4765 αξμοόό-

2135 4696 2278 4760 ὂντα,
2306 4694 2448 4747 nullo
2474 4698 2688 4766 negotio
2714 4704 2880 4763 possrt
2900 4694 3151 4765 suppleri.
3177 4696 3345 4766 Legas
3370 4695 3524 4748 velim
3551 4710 3681 4748 cou-

506 4783 599 4829 ων,
626 4766 686 4816 ab
711 4765 1022 4817 animalibus
1052 4764 1351 4831 sanguinem
1373 4775 1674 4816 cu'lerorum
1703 4764 2021 4832 augentibus.

496 4837 667 4889 bidem
699 4835 829 4903 Reg.
859 4843 1044 4904 sextus
1073 4834 1142 4886 τὰ
1161 4834 1217 4886 δὲ
1244 4833 1515 4904 φθαρτικὰ
1548 4833 1656 4904 τῷν
1701 4833 1854 4899 ζώων
1882 4834 2019 4903 ὀλιγ.

469 4902 912 4976 Colb.srcuudus
936 4903 1215 4976 φθαρτικά
1228 4904 1333 4976 τῶν
1356 4902 1529 4958 ἄλλων
1555 4903 1729 4968 ζώων.
1763 4905 1862 4957 Alii
1890 4902 2019 4961 mss.

467 4985 522 5028 et
558 4975 687 5029 editi
715 4984 773 5027 ut
810 4975 860 5026 in
897 4974 1168 5027 contextu.
1199 4974 1312 5028 Non
1357 4984 1440 5027 est
1468 4976 1607 5043 quod
1654 4976 2020 5044 scrupulosius

466 5046 553 5099 his
592 5045 843 5097 onmibus
879 5044 1034 5097 Iidem
1060 5045 1431 5107 adhibeamus,
1464 5059 1585 5098 cum
1616 5061 1722 5098 non
1752 5061 1917 5113 pauca
1954 5061 2018 5099 ex

468 5115 612 5184 vulgi
657 5114 910 5183 opinione
946 5126 1255 5168 narrentur.
1306 5114 1489 5183 Neque
1526 5124 1700 5169 tamen
1753 5128 2021 5184 repertum

469 5188 530 5239 iri
568 5194 697 5256 puto
735 5198 1058 5256 quemquam
1100 5193 1206 5237 tam
1236 5184 1507 5256 iniquum,
1529 5187 1617 5254 qui
1652 5188 1764 5239 haec
1807 5196 1898 5239 aut
1947 5188 2024 5239 si-

469 5254 612 5308 milia
646 5268 858 5326 summo
879 5254 995 5306 viro
1018 5256 1177 5309 rebus
1210 5255 1550 5326 gravioribus
1591 5257 1797 5310 intento
1822 5260 2012 5310 condo-

466 5342 596 5379 nare
620 5325 770 5379 ttulit.

539 5397 650 5468 (51)
671 5395 850 5468 ροιιοχ
882 5392 1131 5468 Com_lief._
1153 5407 1275 5447 cum
1311 5394 1491 5468 multis
1534 5396 1654 5450 aliis
1681 5412 1807 5451 mss.
1848 5395 2025 5448 ἐκτιν-⁸

464 5463 646 5521 νῦσαι.
676 5465 813 5518 Editi
844 5482 964 5518 cum
993 5464 1156 5519 Cuisl.
1205 5467 1437 5516 secundo
1467 5466 1859 5521 ἐκτιννόουσαι.
1905 5468 2021 5519 Sta-

468 5542 559 5591 tim
590 5540 697 5588 duo
723 5553 850 5589 mss.
885 5534 1003 5588 οὐδὲ
1032 5534 1129 5603 τῆς
1163 5532 1575 5605 ἐπιϐαλλούσης.

538 5607 649 5675 (5‘2)
687 5608 909 5659 Codices
942 5613 1142 5671 septem
1188 5603 1409 5674 ἄμοιρα.
1466 5603 1604 5659 Eiliti
1634 5617 1688 5660 et
1717 5606 1882 5661 Coisl.
1918 5606 2028 5675 pri-

470 5694 589 5731 mus
619 5678 863 5747 ἄμοιρον.
898 5676 964 5729 Et
996 5677 1084 5747 hic
1113 5689 1327 5747 quoque
1362 5674 1568 5729 librarii
1609 5680 1677 5731 oh
1712 5674 2027 5729 vauum'so-

470 5744 697 5800 lamisuii
738 5744 938 5817 metum
973 5744 1471 5817 videnturdesz
1522 5761 1615 5813 pro
1653 5747 1855 5817 ἄμοιρα
1889 5748 2026 5817 δαιτί-ε

470 5819 667 5898 psisse,
698 5831 762 5870 eo
804 5815 1346 5898 videlicetnconsilio,
1397 5825 1451 5867 ut
1494 5831 1591 5869 vox
1645 5815 1870 5898 ἄμοιρον
1899 5816 2025 5898 foci

467 5885 621 5942 οὐδέν
662 5886 1029 5955 responderet.
1061 5885 1165 5941 Sed
1195 5886 1328 5940 nihil
1355 5901 1597 5953 necesse,
1624 5885 1745 5944 cum
1782 5885 1934 5951 illud,
1960 5885 2029 5939 τὰ

2135 4779 2361 4819 textum.
2422 4766 2613 4818 Statim
2677 4765 2823 4834 Regii
2865 4767 3089 4830 primus,
3139 4765 3327 4819 tertius
3374 4774 3426 4819 et
3464 4775 3688 4817 octavus

2129 4853 2250 4891 cum
2276 4836 2425 4889 Uolb.
2449 4838 2681 4890 secundo
2704 4836 2772 4889 τὰ
2800 4836 2954 4906 μέλη.
2986 4835 3122 4890 Editi
3138 4850 3257 4889 cum
3284 4852 3387 4889 uno
3404 4844 3496 4889 aut
3517 4837 3688 4889 altero

2129 4922 2229 4958 ms.
2258 4905 2328 4958 τὰ
2365 4905 2527 4958 μέρη.

2129 4922 2229 4960 ms.
2258 4922 2328 4958 τα
2364 4922 2527 4961 μεοη.

2576 4975 2818 5047 Combel‘.
2861 4990 2980 5030 cum
3035 4974 3155 5031 aliis
3197 4974 3434 5046 quinque
3485 4974 3679 5042 ἀφεῖλε

2126 5045 2253 5100 τῶν.
2292 5046 2426 5099 Editi
2458 5045 2704 5113 ἀφείλετο
2732 5047 2859 5101 τῶν.
3216 5045 3228 5046 ί
3592 5050 3595 5051 ⁷

2196 5116 2519 5187 (Βίλϐοάοχ
2540 5115 2873 5187 Conibel‘.et
2900 5115 3033 5187 Reg.
3060 5126 3292 5187 octavus
3325 5113 3532 5177 τούτοις
3567 5114 3688 5168 πολ-

2124 5186 2221 5250 λὰς
2251 5186 2345 5239 καὶ
2386 5186 2634 5249 ποικίλας
2682 5186 2967 5255 ἀποθήκας
2996 5186 3139 5251 τῶν,
3173 5197 3277 5240 etc.
3326 5187 3459 5255 Reg.
3497 5197 3684 5239 sextus

2126 5256 2374 5318 ποικίλας
2392 5258 2515 5328 ταῖς
2537 5260 2763 5327 τροφαῖς
2796 5257 3223 5328 παρεσκεύασεν.

2198 5328 2309 5396 (55)
2366 5324 2590 5396 (lodices
2651 5324 2899 5394 quatuor
2970 5337 3164 5396 prmler
3244 5324 3486 5381 Combel'.
3543 5324 3682 5376 ὥστε

2125 5395 2488 5450 καταλεανθὲν
2518 5395 2615 5465 τῷ.
2654 5397 2804 5451 Coll).
2846 5398 3110 5450 secundus
3132 5412 3250 5450 cum
3292 5397 3420 5465 Reg.
3454 5406 3604 5465 sexto
3628 5405 3682 5447 et

2123 5483 2245 5589 32m
2270 5465 2421 5521 Bodl.
2448 5464 2587 5518 ὥστε
2621 5465 3049 5520 καταλεανθέντα
3076 5466 3171 5538 τῷ.
3207 5466 3342 5520 Editi
3364 5464 3685 5519 καταλειαν-

2185 5554 2297 5589 ντα.

2185 5554 2297 5589 ντα.

2195 5606 2563 5678 (56)(Ζοάἰρρε
2591 5608 2828 5678 quinque
2862 5606 3121 5677 ἔγκειται.
3159 5606 3300 5661 Editi
3349 5621 3473 5662 cum
3523 5603 3679 5663 Colb.

2122 5675 2361 5731 seeitiido
2390 5675 2684 5744 ἔγκεινται.

2197 5746 2480 5830 (ὅἹλῼυΙιυ.
2511 5750 2777 5830 secundus
2798 5750 2906 5830 ἡούκ
2940 5749 3213 5830 ἐφίκηται.
3250 5748 3530 5830 Aliquanto
3558 5751 3682 5816 post

2124 5832 2254 5872 mss.
2286 5816 2488 5887 aliquot
2517 5819 2600 5872 ὅτι
2630 5820 2747 5891 οὐχ).
2795 5821 2860 5874 ὲκ
2905 5816 3024 5892 τῆς.
3063 5816 3201 5875 Ειιὶιί
3247 5816 3367 5875 cum
3396 5817 3546 5872 Colb.
3591 5830 3679 5872 se-

2124 5888 2300 5941 cuudo
2327 5888 2406 5941 ὅτι
2435 5889 2553 5941 οὐκ.

2124 5902 2300 5942 (ξυιιιῑο
2327 5904 2406 5941 οτι
2435 5902 2553 5944 οὑκ.
