4008 6402
393 431 490 486 201

1474 447 1757 505 HOMlLlA
1791 452 1861 506 IX
1900 451 1968 507 IN
2002 453 2492 515 HEXAEMERON.

3511 473 3615 531 202

391 548 469 619 τῷ
493 550 875 660 ὑπερϐάλλοντι
905 557 1057 631 βάρει
1086 565 1443 636 καταρρέπων
1474 570 1561 623 ἀεὶ⁵
1599 573 1733 641 πρὸς
1767 573 1829 626 τὸ
1858 573 1940 627 κά

2056 588 2325 647 vergeret.
2371 574 2522 635 Nunc
2572 590 2749 636 autem
2804 593 2966 655 caput
3012 587 3225 656 quidem
3285 603 3379 659 per
3419 605 3617 660 paucas

390 656 486 693 τω.
523 641 634 694 Νῦν
661 643 716 696 δὲ
747 647 778 712 ή
824 647 921 715 μὲν
974 652 1180 724 κεφαλὴ
1229 654 1294 707 δι’
1316 654 1508 725 ὀλίγων
1540 660 1645 713 τῶν
1668 660 1761 714 τοῦ
1792 663 1952 733 αὐχέ-

390 749 479 795 νος
525 734 824 802 σφονδύλων
850 739 984 809 πρὸς
1021 741 1118 812 τὴν
1157 745 1312 816 ῥάχιν
1340 750 1701 806 συνάπτεται⁹
1736 753 1847 824 ἔχει
1897 755 1952 808 δὲ

388 821 486 890 τὴν
525 826 879 895 προνομαίαν,
921 830 1018 900 τὴν
1043 832 1134 885 τοῦ
1169 838 1443 908 τραχήλου
1484 842 1671 911 χρείαν
1704 843 1951 915 άποπλη-

392 912 609 980 ροῦσαν,
654 915 720 968 δι’
750 912 816 988 ἧς
844 920 936 973 καὶ
987 923 1085 993 τὴν
1125 929 1331 999 τροφὴν
1377 944 1727 1003 προσαγεται,
1768 937 1861 989 καὶ
1894 936 1954 990 τὸ

389 1006 549 1097 ποτὸν
572 1007 848 1078 ἀνιμᾶται.
894 1013 1054 1068 Ἀλλά
1086 1019 1179 1070 καὶ
1223 1019 1579 1094 άδιάρθρωτοι
1609 1027 1756 1097 αὐτῴ
1780 1030 1827 1081 οί
1858 1029 1952 1080 πό·

385 1095 494 1159 δες,
525 1099 685 1152 οἱονεὶ
722 1100 897 1168 κίονες
940 1106 1225 1177 ἡνωμένοι,
1260 1112 1321 1165 τὸ
1369 1114 1533 1186 βάρος
1564 1095 1952 1188 ὑποστηρίζου-

389 1203 492 1281 σιῌν.
536 1191 597 1242 Et
625 1191 731 1263 γάρ
759 1194 930 1263 χαῦνα
958 1199 1105 1270 αὑτῷ
1131 1204 1223 1254 καὶ
1255 1204 1448 1276 δίυγρα
1482 1208 1716 1280 ὑπετέθη
1748 1211 1858 1281 (58)
1880 1213 1948 1266 τὰ

386 1279 554 1343 κῶλα,
579 1287 815 1351 συνεχεῖς
849 1285 914 1339 ἂν
939 1289 1175 1357 ἐγίνοντο
1200 1294 1309 1348 τῶν
1334 1297 1549 1367 ἄρθρων
1568 1301 1625 1353 αἱ
1666 1302 1947 1370 ἐκτροπαὶ,

386 1373 807 1441 συνοκλάζοντος
834 1380 929 1433 καὶ
964 1381 1367 1457 διανισταμένου
1400 1392 1676 1461 κουφίζειν
1693 1394 1755 1447 τὸ
1785 1394 1949 1467 βάρος

385 1462 459 1535 μὴ
479 1464 843 1536 ἐξαρκούντων
864 1472 994 1543 (59).
1025 1474 1139 1529 Νῦν
1159 1478 1215 1530 δὲ
1233 1479 1435 1550 βραχὺς
1463 1462 1797 1554 ἀστράγαλος
1821 1462 1950 1539 size-

383 1570 559 1606 κειται
582 1555 656 1625 τῷ
685 1558 804 1612 ποδὶ
830 1560 922 1613 τοῦ
956 1562 1243 1631 ἐλέφαντος
1271 1582 1284 1596 ³
1316 1566 1437 1621 οὕτε
1470 1570 1651 1640 μέντοι
1676 1573 1754 1635 είς
1780 1572 1948 1640 ἀγκύ-

381 1642 482 1712 λην
515 1644 635 1697 οὔτε
665 1648 745 1711 εἰς
778 1650 904 1716 γόνυ
935 1650 1284 1725 διήρθρωται.
1322 1657 1395 1711 Οὐ
1426 1658 1533 1731 γάρ
1573 1659 1638 1713 ἂν
1672 1662 1947 1733 ὑπήνεγκε

378 1735 441 1788 τὸ
470 1737 577 1789 τῶν
606 1737 823 1810 ἄρθρων
848 1742 1131 1816 ὀλισθηρὸν
1163 1746 1259 1819 τὴν
1288 1749 1654 1824 πολυσαρκίαν
1675 1752 1767 1806 τοῦ
1807 1752 1945 1818 ζώου

382 1827 580 1897 πολλὴν
648 1830 795 1902 αὐτῷ
855 1838 1291 1910 περικεχυμένην
1349 1842 1444 1896 καὶ
1492 1846 1941 1917 περιτρέμουσαν.

383 1921 546 1974 ὐθεν
576 1921 731 1994 χρεία
758 1923 945 1994 γέγονε
983 1927 1077 1980 τοῦ
1119 1932 1390 2001 μυκτῆρος
1417 1935 1622 1988 ἐκείνου
1656 1937 1814 2009 μέχρι
1849 1956 1939 1993 πο-
1978 1924 2017 1978 Β

378 2010 484 2063 δῶν
511 2014 852 2083 καθιεμένου.
894 2018 1005 2088 Οὐχ
1036 2021 1165 2091 ὁρᾷς
1196 2022 1252 2073 ὲν
1289 2026 1399 2087 τοῖς
1432 2025 1705 2097 πολέμοις,
1754 2031 1835 2083 ὅτι
1866 2031 1945 2084 ol-

380 2104 496 2158 ονεὶ
521 2106 714 2176 πύργοι
739 2108 881 2172 τινὲς
899 2109 1125 2182 ἔμψυχοι
1142 2113 1238 2184 τῆς
1257 2114 1530 2186 φάλαγγος
1547 2121 1907 2191 προηγοῦνται
1927 2141 1941 2188 ;

377 2194 412 2267 ἦ
445 2195 623 2265 βουνοί
642 2216 784 2263 τινες
818 2200 1082 2271 σάρκινοι,
1113 2204 1477 2261 ἀνυπόστατον
1501 2208 1714 2280 ἔχοντες
1741 2212 1838 2285 τὴν
1856 2216 1946 2284 ὁρ-

380 2302 510 2356 μην,
543 2287 652 2340 τῶν
699 2290 956 2344 ἐναντίοιν
995 2291 1084 2345 τὸν
1124 2298 1491 2369 συνασπισμὸν
1524 2300 1941 2370 διακόπτουσιν;

377 2371 474 2439 Οἷς
502 2380 550 2431 εί
584 2379 658 2451 μὴ
698 2376 764 2451 ἦν
792 2383 1156 2452 ἀναλογοῦντα
1183 2386 1250 2441 τά
1276 2389 1442 2455 κάτω,
1486 2392 1623 2464 πρὸς
1662 2394 1849 2467 οὐδένα
1878 2396 1945 2449 ἂν

340 2476 349 2488 ⁸
377 2472 570 2544 χρόνον
600 2474 662 2527 τὸ
694 2474 829 2538 ζῶον
857 2478 1129 2550 διήρκεσε.
1161 2481 1274 2537 Νῦν
1304 2484 1360 2537 δὲ
1392 2485 1491 2559 ἤδη
1513 2489 1654 2553 τινὲς
1676 2490 1943 2563 ἱστοροῦσι

375 2564 472 2618 καὶ
502 2566 785 2637 τριακόσια
822 2568 917 2639 ἐτη
951 2570 1044 2624 καὶ
1079 2571 1246 2627 πλείω
1279 2576 1481 2633 τούτων
1511 2579 1656 2649 βιοῦν
1693 2582 1783 2637 τὸν
1831 2584 1944 2637 ἐλέ-

375 2672 553 2727 φαντα
577 2673 591 2688 ·
621 2658 707 2713 διὰ
733 2659 889 2713 τοῦτο
929 2666 1287 2737 συμπεπηγὸς
1317 2666 1428 2739 (60)
1457 2672 1549 2724 καὶ¹
1587 2672 1647 2725 οὐ
1675 2674 1941 2746 διηρθρω-

378 2750 539 2821 μένον
568 2751 637 2805 τὰ
664 2752 830 2807 κῶλα.
861 2755 971 2826 Τὴν
1022 2756 1078 2810 δὲ
1126 2759 1351 2830 τροφὴν,
1408 2760 1596 2835 ὥσπερ
1639 2764 1869 2836 ἔφαμεν,
1907 2770 1939 2838 ή

377 2843 683 2915 προνομαία
708 2846 943 2917 χαμόθεν
974 2848 1066 2901 ἐπὶ
1092 2849 1152 2902 τὸ
1184 2850 1315 2919 ὕψος
1349 2852 1672 2925 διακομίζει,
1707 2858 1941 2930 όφιώδης

375 2954 459 2999 τις
484 2932 616 2989 οὖσα
648 2940 741 2990 καὶ
783 2939 1048 3011 ὑγροτέρα
1097 2942 1194 3011 τὴν
1250 2943 1428 3013 φύσιν.
1474 2945 1657 3011 Οὕτως
1687 2949 1889 3022 ἀληθὴς
1913 2953 1941 3004 ὁ

374 3026 549 3095 λόγος,
585 3026 666 3080 ὅτι
695 3027 847 3081 οὐδὲν
880 3031 1132 3101 περιττὸν
1164 3032 1281 3085 οὐδὲ
1317 3033 1557 3088 ἐλλεῖπον
1584 3038 1643 3089 ὲν
1674 3041 1785 3101 τοῖς
1825 3056 1941 3093 κτι-

376 3117 547 3179 σθεῖσι
578 3118 804 3173 δυνατὸν
837 3120 1145 3193 εὑρεθῆναι.
1182 3123 1350 3178 Τοῦτο
1391 3126 1572 3198 μέντοι
1603 3131 1852 3185 τοσοῦτον
1881 3131 1940 3185 ὃν

2055 669 2282 724 cervicis
2332 684 2614 741 compages
2657 686 2778 729 cum
2832 673 2978 733 dorsi
3021 678 3173 748 spina
3218 682 3611 753 coniungitur:

2055 758 2215 814 habet
2246 774 2371 815 vero
2404 763 2934 833 proboscidem,colli
2966 768 3139 825 oﬂicio
3162 785 3227 826 ac
3249 788 3468 829 munere
3497 776 3616 829 fun-

2053 861 2400 923 gentem,per
2425 868 2582 923 quam
2605 866 2661 912 et
2701 857 3011 915 alimentum
3058 864 3304 927 assumit,
3343 874 3397 918 et
3431 876 3610 934 potum

2050 943 2317 998 exhaurit.
2363 944 2467 999 Sed
2509 956 2563 1001 et
2589 949 2750 1017 pedes
2779 951 2945 1019 ipsius
2990 953 3230 1009 articulis
3256 956 3475 1010 minime
3504 958 3615 1012 dis-

2051 1034 2222 1099 littcti,
2279 1036 2426 1092 velut
2470 1038 2729 1096 columnae
2765 1043 3080 1114 conjunctae,
3114 1059 3250 1099 onus
3280 1046 3610 1103 suﬂ‘ulciunt.

2050 1124 2260 1179 Etenim
2292 1128 2337 1182 si
2366 1130 2470 1183 laxi
2498 1138 2553 1184 et
2588 1130 2847 1188 ﬂexibiles
2872 1135 3036 1202 pedes
3058 1135 3107 1189 ei
3157 1135 3383 1190 fuissent
3412 1153 3608 1207 suppo-

2046 1217 2134 1271 siti
2158 1258 2173 1283 ,
2193 1219 2395 1275 crebrae
2419 1221 2572 1276 facta:
2598 1223 2821 1280 fuissent
2838 1226 3186 1282 articulorum
3207 1244 3236 1283 e
3257 1230 3368 1283 suis
3393 1230 3612 1285 sedibus

2048 1308 2319 1366 motiones
2348 1330 2360 1366 :
2398 1314 2828 1385 quandoquidem
2856 1318 2983 1373 dum
3026 1318 3177 1376 ﬂexis
3215 1322 3438 1391 genibus
3473 1337 3608 1377 con-

2045 1401 2263 1466 sideret,
2293 1414 2386 1458 aut
2437 1415 2768 1475 exsurgeret,
2803 1408 3023 1464 ferendo
3064 1412 3287 1480 ponderi
3317 1427 3471 1481 pares
3502 1427 3607 1467 non

2048 1506 2246 1549 essent.
2278 1496 2430 1554 Nunc
2456 1515 2584 1559 vero
2605 1515 2798 1569 parvus
2832 1502 2969 1558 talus
3002 1504 3284 1574 subjicitur
3309 1506 3610 1573 elephantis

2046 1586 2163 1654 pedi
2196 1605 2210 1641 :
2244 1588 2355 1659 86
2389 1604 2561 1661 neque
2607 1602 2781 1647 tamen
2812 1595 2877 1649 ad
2920 1605 3284 1662 curvaturam,
3330 1614 3503 1667 neque
3544 1600 3611 1653 ad

2047 1693 2183 1745 genu
2212 1692 2523 1749 compactus
2566 1684 2807 1740 articulis
2843 1694 2945 1740 est.
2973 1684 3106 1741 Nam
3140 1689 3488 1743 articulorum
3524 1689 3608 1743 in-

2046 1771 2342 1824 constantia
2367 1786 2429 1826 ac
2464 1774 2731 1828 mobilitas
2759 1774 2979 1830 multam
3035 1778 3284 1832 animalis
3332 1780 3610 1848 corpulen-

2049 1860 2196 1925 tiam,
2229 1861 2327 1929 ipsi
2364 1862 2745 1918 circumfusam
2778 1881 2842 1921 ac
2874 1867 3214 1935 titubantem,
3236 1867 3376 1923 ferre
3407 1885 3610 1940 nequa-

2043 1967 2203 2020 quam
2251 1954 2530 2023 potuisset.
2571 1954 2722 2011 Unde
2765 1973 2930 2014 nasus
2982 1959 3071 2015 ille
3121 1961 3186 2015 ad
3232 1960 3393 2029 pedes
3440 1977 3610 2030 usque

2044 2043 2330 2108 demissus,
2380 2045 2481 2100 fuit
2509 2048 2864 2105 necessarius.
2905 2049 3091 2107 Nonne
3136 2050 3286 2106 vides
3328 2052 3380 2105 in
3433 2052 3605 2120 bellis,

2032 2133 2187 2202 quod
2225 2133 2372 2190 velut
2406 2136 2658 2191 animatae
2690 2139 2935 2208 quaedam
2988 2148 3163 2195 turres
3199 2142 3371 2196 aciem
3406 2158 3609 2212 praece-

2045 2224 2170 2277 dant
2198 2224 2333 2280 laut
2362 2227 2507 2295 quod
2557 2228 2701 2284 velut
2735 2230 2918 2286 carnei
2952 2232 3169 2300 quidam
3197 2232 3381 2301 colles,
3412 2233 3606 2290 intole-

2044 2316 2200 2371 rabili
2219 2318 2418 2389 impetu
2449 2318 2682 2391 impulsi,
2715 2322 2937 2379 densata
2962 2325 3196 2381 hostium
3232 2328 3445 2397 agmina
3481 2343 3604 2397 per-

2047 2418 2299 2477 rumpant
2324 2409 2348 2464 ?
2378 2408 2584 2476 Quibus
2610 2413 2713 2469 nisi
2740 2425 2919 2484 partes
2941 2414 3164 2472 inferna:
3197 2419 3604 2487 responderent,

2044 2509 2285 2571 tempore
2319 2501 2427 2557 ullo
2452 2504 2741 2572 persistere
2772 2505 2968 2562 animal
2997 2506 3125 2562 illud
3150 2508 3370 2565 minime
3403 2520 3604 2580 posset.

2042 2589 2195 2647 Nunc
2249 2599 2428 2648 autem
2463 2593 2706 2650 referunt
2762 2598 3002 2653 nonnulli
3056 2601 3311 2657 trecentis
3352 2602 3508 2657 annis
3554 2611 3608 2657 et

2042 2681 2270 2751 amplius
2311 2683 2494 2740 vivere
2536 2684 2919 2755 elephantem:
2965 2692 3450 2763 proptereapedes
3490 2692 3606 2761 ejus

2042 2775 2306 2845 compacti
2338 2785 2483 2843 sunt,
2537 2791 2637 2834 nec
2674 2778 2797 2833 ttllis
2842 2782 3084 2838 articulis
3131 2783 3455 2840 dividuntur.
3491 2785 3606 2841 Cae-

2043 2875 2239 2933 terum,
2273 2867 2348 2922 uti
2379 2868 2631 2934 diximus,
2662 2872 2939 2941 proboscis
2961 2888 2992 2927 e
3026 2883 3167 2929 terra
3193 2890 3403 2931 sursum
3451 2876 3606 2933 cﬂert

2041 2961 2351 3015 alimentum
2385 2980 2399 3015 :
2431 2976 2493 3016 ea
2517 2976 2707 3031 nempe
2745 2965 3012 3034 serpentis
3046 2966 3207 3021 habet
3231 2969 3486 3036 speciem,
3518 2980 3601 3022 at-

2040 3064 2144 3119 que
2172 3065 2235 3105 ex
2266 3065 2363 3106 sua
2394 3061 2584 3106 natura
2619 3052 2829 3108 facilius
2874 3052 3121 3109 ﬂectitur.
3162 3056 3309 3111 Adeo
3351 3072 3475 3111 vera
3514 3059 3601 3113 illa

2042 3142 2304 3195 sententia
2334 3151 2439 3208 est,
2468 3140 2599 3196 nihil
2624 3142 2765 3211 quod
2797 3152 2890 3197 aut
2924 3144 3203 3209 redundet,
3238 3155 3329 3199 aut
3364 3146 3598 3211 deficiat,

372 3209 451 3280 τῷ
509 3210 752 3281 μεγέθει,
794 3213 1099 3285 ὑποχείριον
1157 3218 1290 3287 ἡμῖν
1348 3218 1679 3289 κατέστησεν
1725 3223 1755 3275 ό
1807 3222 1939 3288 Θεὸς

2043 3234 2094 3286 in
2148 3231 2307 3288 rebus
2345 3233 2542 3288 creatis
2571 3208 2799 3289 inveniri
2850 3249 3026 3303 posse.
3068 3236 3230 3306 Atqui
3276 3236 3405 3291 illud
3440 3247 3602 3293 tanta:

373 3300 536 3373 (ὥστε
590 3304 684 3356 καὶ
726 3303 1105 3376 διδασκόμενον
1158 3309 1415 3373 συνιέναι,
1467 3313 1559 3365 καὶ
1604 3315 1936 3385 τυπτόμενον

373 3392 802 3467 καταδέχεσθαι),
832 3398 1074 3469 ἐναργῶς
1100 3403 1246 3471 ἡμᾶς
1274 3403 1623 3471 ἐκδιδάσκων,
1651 3407 1731 3460 ὃτι
1758 3408 1935 3464 πάντα

374 3484 638 3553 ὑπέταξεν
669 3489 819 3559 ἡμῖν,
853 3490 940 3544 διὰ
966 3491 1028 3544 τὸ
1054 3495 1173 3546 κατ’
1202 3496 1383 3549 εἰκόνα
1427 3499 1574 3567 ἡμᾶς
1610 3501 1935 3571 πεποιῆσθαι

373 3576 485 3648 (61)
512 3578 607 3632 τοῦ
634 3581 935 3646 κτίσαντος.
966 3584 1040 3637 Οὐ
1066 3584 1223 3655 μόνον
1247 3586 1303 3638 δὲ
1337 3589 1393 3641 ὲν
1419 3592 1530 3654 τοῖς
1548 3592 1801 3660 μεγάλοις
1830 3594 1936 3646 τῶν

371 3668 526 3736 ζώων
548 3671 644 3743 τὴν
679 3672 1073 3745 ἀνεξιχνίαστον
1101 3678 1291 3745 σοφίαν
1314 3678 1490 3745 ἔξεστι
1518 3682 1773 3748 κατιδεῖν,
1802 3684 1935 3740 ἀλλὰ

370 3761 465 3816 καὶ
491 3764 550 3816 ὲν
579 3767 690 3827 τοῖς
718 3766 1063 3837 μικροτάτοις
1094 3768 1244 3821 οὐδὲν
1278 3770 1491 3824 ἔλαττον
1521 3777 1837 3845 συναγεῖραι
1875 3778 1937 3829 τὸ

370 3851 574 3925 θαῦμα.
610 3857 819 3927 Ὥσπερ
855 3858 963 3929 γάρ
1005 3860 1064 3913 οὐ
1107 3861 1305 3931 μᾶλλον
1340 3861 1601 3934 θαυμάζοι
1637 3866 1734 3929 τὰς
1770 3869 1937 3937 μεγά-

367 3945 469 4011 λας
495 3949 603 4001 τῶν
624 3949 764 4020 ὀρῶν
797 3951 1059 4021 κορυφὰς,
1100 3954 1155 4005 αἳ
1184 3954 1261 4023 τῷ
1301 3956 1525 4026 πλησίον
1546 3953 1815 4012 εἶναιτῶν
1848 3979 1931 4013 νε-

370 4042 487 4112 φῶν
515 4044 580 4113 τῇ
610 4046 821 4113 συνεχεῖ
845 4045 1133 4117 περιπνοίᾳ
1168 4046 1489 4112 διασώζουσι
1530 4050 1591 4101 τὸ
1638 4052 1932 4122 χειμέριον,

369 4133 403 4204 ἢ
429 4134 527 4204 τὴν
562 4136 619 4186 ὲν
651 4138 772 4198 ταῖς
810 4136 1047 4207 φάραγξι
1084 4138 1387 4209 κοιλότητα,
1412 4141 1470 4193 οὐ
1495 4140 1652 4210 μόνον
1678 4141 1738 4195 τὸ
1770 4142 1933 4215 δυσή-

369 4240 423 4277 νε
434 4241 531 4293 μον
564 4224 671 4277 τῶν
701 4225 917 4297 ὑψηλῶν
947 4227 1357 4298 διαφεύγουσαν,
1389 4230 1525 4284 ἀλλὰ
1573 4234 1665 4286 καὶ
1698 4233 1936 4287 ἀλεεινὸν

369 4312 456 4364 ἀεὶ
510 4314 599 4366 τὸν
643 4315 779 4385 ἀέρα
814 4318 1169 4387 συνέχουσανε
1223 4320 1392 4385 οὕτως
1436 4323 1528 4374 καὶ
1573 4324 1629 4377 ἐν
1675 4327 1790 4387 ταῖς
1828 4326 1935 4379 τῶν

369 4403 522 4468 ζώων
565 4411 928 4473 κατασκευαῖς
957 4412 1017 4463 οὐ
1056 4412 1255 4481 μᾶλλον
1299 4412 1508 4482 ἄγαμαι
1547 4414 1636 4467 τὸν
1673 4415 1936 4483 ἐλέφαντα

366 4496 460 4549 τοῦ
495 4498 752 4567 μεγέθους
776 4500 806 4570 ἣ
831 4501 920 4554 τὸν
956 4502 1078 4572 μῦν,
1110 4505 1189 4556 ὅτι
1223 4503 1449 4574 φοϐερός
1472 4508 1585 4558 ἐστι
1608 4505 1685 4576 τῷ
1714 4507 1935 4575 ἐλέφαν-

2042 3325 2421 3393 magnitudinis
2452 3325 2653 3379 animal
2693 3326 2847 3381 nobis
2896 3327 3036 3381 Deus
3080 3328 3353 3383 subdidit:
3383 3329 3517 3385 adeo
3544 3340 3604 3385 ut

2037 3416 2081 3467 si
2110 3417 2387 3479 doceatur,
2417 3414 2714 3484 intelligat;
2742 3417 2784 3469 si
2828 3416 3157 3485 percutiatur
3176 3457 3190 3481 ,
3217 3418 3471 3488 perferat.
3509 3420 3602 3475 Ni-

2037 3508 2234 3561 tnirum
2262 3506 2405 3560 clare
2441 3521 2539 3560 nos
2590 3508 2780 3561 edocet
2806 3508 2946 3575 quod
2987 3509 3053 3562 ad
3084 3507 3357 3565 Creatoris
3404 3513 3597 3581 imagi-

2036 3612 2157 3651 ttetn
2215 3596 2412 3651 conditi
2468 3610 2693 3658 sumus,
2727 3596 2796 3650 ob
2855 3596 2907 3649 id
2946 3596 3101 3651 nobis
3152 3595 3317 3651 fuisse
3362 3599 3598 3664 subjecta

2035 3689 2233 3743 omnia.
2267 3686 2381 3741 Non
2406 3686 2577 3741 solum
2617 3696 2793 3740 autem
2820 3691 2873 3742 in
2906 3689 3114 3758 magnis
3140 3689 3461 3744 animalibus
3502 3692 3601 3744 im-

2036 3777 2499 3848 pervestigabilem
2530 3778 2847 3846 sapientiam
2880 3779 3064 3833 videre
3097 3788 3212 3842 est,
3240 3779 3332 3833 sed
3355 3781 3516 3835 etiam
3545 3780 3599 3836 in

2038 3871 2272 3924 minimis
2337 3870 2506 3924 nihilo
2559 3869 2761 3923 minora
2818 3871 3075 3924 miracula
3144 3871 3398 3940 colligere
3450 3872 3596 3928 licet.

2035 3962 2487 4028 Quemadmodum
2542 3962 2682 4015 enim
2737 3977 2929 4029 magna
2981 3963 3237 4015 montium
3289 3964 3596 4029 cacumina,

2035 4070 2152 4121 quae
2185 4055 2252 4108 ob
2287 4053 2505 4107 nubium
2537 4053 2866 4107 vicinitatem
2899 4069 2993 4123 per
3014 4056 3296 4109 continuos
3331 4054 3490 4109 ﬂatus
3512 4056 3597 4109 hi-

2034 4148 2256 4198 hernum
2286 4144 2456 4215 frigus
2487 4155 2827 4209 conservant,
2862 4161 2963 4199 non
3008 4147 3173 4200 miror
3202 4148 3372 4216 magis
3392 4188 3407 4213 ,
3434 4162 3597 4216 quam

2035 4238 2250 4291 vallium
2295 4252 2555 4303 concava,
2592 4252 2708 4305 quae
2737 4253 2841 4292 non
2889 4237 3059 4291 solum
3099 4247 3381 4293 ventorum
3433 4238 3598 4291 subli-

2036 4330 2199 4382 mium
2219 4327 2477 4382 smvitiem
2511 4327 2798 4391 declinant,
2831 4329 2924 4381 sed
2963 4327 3123 4381 etiam
3157 4328 3389 4396 tepidum
3416 4341 3597 4382 aerem

2034 4432 2243 4485 semper
2273 4417 2508 4471 retinent
2543 4432 2563 4471 :
2598 4416 2677 4471 sic
2704 4416 2865 4469 etiam
2902 4415 2953 4469 in
2996 4416 3307 4470 animalium
3336 4418 3598 4472 constitu-

2038 4511 2204 4571 tione,
2242 4524 2344 4563 non
2387 4507 2557 4578 magis
2610 4506 2849 4563 admiror
2900 4508 3235 4576 elephantem
3274 4507 3342 4562 ob
3390 4507 3600 4578 magni-

365 4602 420 4640 τι
441 4604 452 4615 ·
482 4588 515 4657 ἢ
538 4589 597 4640 τὸ
622 4588 944 4646 λεπτότατον
973 4593 1065 4646 τοῦ
1094 4596 1353 4665 σκορπίου
1382 4596 1625 4666 κέντρον,
1649 4597 1766 4661 πῶς
1794 4600 1934 4653 ἐκοί-

2042 4601 2294 4665 tudinem,
2326 4616 2486 4669 quant
2518 4615 2744 4665 murem,
2777 4602 2865 4670 qui
2897 4601 3217 4656 metuendus
3244 4609 3327 4655 est
3353 4599 3601 4670 elephan-

364 4674 524 4732 λανεν
556 4678 742 4751 ὥσπερ
774 4682 933 4735 αὐλὸν
981 4684 1008 4735 ὁ
1067 4686 1335 4755 τεχνίτης,
1384 4684 1522 4738 ὥστε
1549 4686 1613 4739 δι’
1648 4687 1811 4740 αὑτοῦ
1841 4689 1931 4742 τὸν

367 4769 446 4826 ιὺν
488 4774 603 4833 τοῖς
626 4772 912 4843 τρωθεῖσιν
956 4775 1211 4830 ἐνίεσθαι.
1266 4778 1376 4831 Καὶ
1409 4778 1593 4848 μηδεὶς
1633 4780 1932 4848 ἐγκαλείτω

364 4861 555 4916 τούτου
582 4862 763 4916 ἕνεκεν
791 4865 868 4935 τῷ
903 4870 1118 4937 ποιητῇ,
1154 4869 1234 4921 ὅτι
1272 4869 1450 4923 ἰοϐόλα
1478 4869 1591 4934 ζῶα
1631 4873 1723 4925 καὶ
1760 4872 1932 4945 φθαρ-

360 4955 490 5011 τικὰ
515 4956 606 5009 καὶ
635 4955 867 5029 πολέμια
891 4962 957 5029 τῇ
987 4958 1099 5031 ζωῇ
1128 4960 1284 5032 ἡμῶν
1313 4963 1673 5033 ἐπεισήγαγεν
1695 4980 1708 4993 ·
1734 4964 1929 5035 ἢοῦτω

434 5205 547 5283 (ᾇκ)
579 5205 712 5277 Reg.
775 5206 983 5276 primus
1023 5207 1276 5280 ἐπετέθη.
1334 5209 1464 5279 Reg.
1520 5220 1706 5267 sextus
1760 5214 1931 5283 προσ-

360 5274 727 5424 “igglinﬂegii
762 5346 988 5424 primus,
1017 5348 1239 5415 quintus
1285 5358 1341 5403 et
1378 5356 1605 5424 octavus
1643 5350 1939 5424 ἐξαρκοῦν-

310 5456 315 5459 .
358 5416 626 5494 τατρίξιιιξιί
657 5431 791 5494 cum
818 5416 937 5494 aliis
960 5432 1090 5471 mss.
1122 5434 1225 5471 non
1255 5420 1444 5494 paucis
1475 5416 1876 5494 ἐξαρκούντων.

433 5484 542 5554 (60)
570 5487 682 5550 Illa,
836 5485 996 5539 τοῦτο
1018 5484 1406 5560 συμπεπηγός,
1451 5484 1590 5554 etc.,'
1620 5493 1692 5546 ita
1729 5494 1940 5549 reddita

359 5565 488 5609 sunt
518 5571 547 5608 a
573 5558 738 5611 veteri
773 5558 1090 5623 interprete,
1112 5570 1167 5611 ut
1189 5558 1340 5613 dicas
1368 5562 1707 5625 elephantem
1734 5562 1942 5619 idcirco

363 5633 444 5678 tot
466 5641 729 5680 annorum
770 5626 946 5699 Spatio
972 5628 1176 5699 vivere,
1205 5631 1347 5698 quod
1370 5632 1533 5699 pedes
1561 5632 1754 5687 habeat
1791 5648 1941 5688 com-

360 5704 570 5764 pactos,
605 5712 703 5752 nec
730 5697 975 5751 articulis
1009 5697 1134 5751 ullis
1158 5697 1459 5756 diétinctos.
1483 5700 1590 5755 Sed
1629 5718 1693 5757 ea
1722 5718 1824 5758 non
1856 5713 1940 5758 est

360 5767 651 5819 verborum
681 5766 867 5821 Basilii
908 5768 1199 5837 sententia.
1239 5766 1353 5824 Hoc
1390 5782 1568 5825 autem
1610 5774 1764 5837 dicit,
1814 5773 1940 5827 inde

361 5845 620 5922 constare
669 5835 1195 5922 pedes_elephantis
1247 5842 1542 5922 coinpingi.
1577 5853 1633 5897 et
1682 5835 1936 5922 articulis

364 5905 604 5975 destitui,
630 5907 773 5965 ouod
817 5906 1037 5978 elephas
1078 5917 1225 5966 tanto
1259 5905 1522 5981 temporis
1558 5913 1734 5983 spatio
1759 5914 1923 5969 vivat.

2040 4706 2094 4747 tu
2121 4712 2133 4747 :
2162 4695 2265 4757 vel,
2300 4709 2464 4763 quam
2514 4694 2880 4749 tenuissimum
2930 4692 3125 4761 scorpii
3160 4692 3424 4758 aculeum,
3466 4707 3600 4762 quo-

2039 4788 2195 4839 modo
2215 4801 2334 4840 eum
2364 4785 2558 4839 artifex
2598 4786 2711 4853 ipse
2757 4795 3008 4853 tanquam
3052 4784 3235 4838 tibiam
3283 4786 3517 4851 cavavit,
3543 4796 3600 4839 ut

2038 4891 2132 4946 per
2156 4876 2299 4930 illum
2345 4877 2493 4930 virus
2520 4878 2777 4931 sauciatis
2809 4876 3145 4931 immittatur.
3175 4876 3284 4932 Nec
3316 4877 3599 4948 quisquam

2038 4966 2245 5020 incuset
2270 4965 2635 5029 Conditorem,
2662 4968 2802 5035 quod
2838 4966 3085 5020 animalia
3123 4976 3382 5021 venenata
3412 4968 3602 5023 exitio-

2052 5209 2282 5265 Putabat
2310 5210 2452 5265 enim
2498 5211 2735 5266 futurum
2769 5211 2956 5278 fuisse,
2993 5224 3046 5267 ut
3079 5224 3245 5270 tanta;
3284 5215 3440 5270 molis
3481 5216 3600 5268 ani-

2052 5282 2157 5352 mal
2198 5296 2303 5335 non
2344 5281 2607 5348 potuisset
2644 5293 2789 5339 stare
2827 5293 2880 5338 et
2915 5284 3232 5351 consistere,
3284 5286 3387 5339 nisi
3439 5286 3600 5352 pedes

2050 5350 2165 5417 ejus
2194 5351 2439 5405 articulis
2462 5353 2763 5408 caruissent
2797 5367 2812 5406 :
2840 5352 2933 5408 sed
2964 5355 3144 5408 statim
3161 5350 3256 5408 suo
3284 5350 3450 5421 ipsius
3469 5370 3601 5421 pon—

2047 5423 2175 5475 dere
2212 5422 2501 5475 ruiturum.
2543 5422 2617 5475 lta
2648 5425 2863 5493 quidem
2897 5426 3131 5478 sensisse
3163 5424 3418 5479 Basiliutn
3448 5424 3598 5480 arbi-

2040 5499 2156 5545 tror
2184 5507 2196 5542 :
2229 5507 2402 5561 neque
2426 5504 2602 5562 tamen
2638 5493 2895 5548 continuo
2925 5494 3081 5548 velim
3126 5495 3262 5547 hanc
3288 5495 3596 5562 opinionem

2039 5576 2138 5628 pro
2161 5576 2287 5615 vera
2314 5562 2539 5633 haberi.
2562 5561 2737 5617 Probe
2766 5565 2908 5614 enim
2943 5563 3056 5618 scio
3086 5561 3462 5633 gravissimum
3496 5563 3594 5619 Pa-

2041 5641 2200 5696 trem,
2238 5632 2325 5685 cui
2381 5648 2467 5686 res
2495 5630 2757 5698 ejusmodi
2804 5630 3109 5702 diligenter'
3136 5635 3445 5700 expendere
3485 5651 3593 5691 non

2036 5703 2287 5763 vacabat,
2313 5717 2408 5755 eas
2432 5718 2551 5769 quae
2579 5716 2676 5755 sua
2700 5712 2861 5756 aetate
2895 5703 3141 5769 vigebant
3164 5704 3448 5771 opiniones
3483 5720 3594 5761 nou

2038 5787 2161 5824 raro
2195 5772 2246 5825 in
2281 5772 2365 5826 his
2396 5772 2549 5826 libris
2586 5772 2854 5826 incautius
2881 5783 3123 5825 secutum
3153 5788 3294 5828 esse.

2107 5840 2217 5910 (61)
2254 5840 2385 5907 Reg.
2418 5843 2625 5908 primus
2660 5842 2809 5912 ἡμᾶς
2829 5842 3118 5912 ποιεῖσθαι.
3142 5843 3293 5898 Colb.
3327 5846 3598 5902 secundus

2033 5910 2123 5965 διὰ
2146 5912 2205 5964 τὸ
2240 5912 2361 5966 κατ’
2386 5912 2569 5968 εἰκόνα
2606 5910 2861 5983 γενέσθαι
2887 5911 2979 5966 τοῦ
3014 5914 3313 5978 κτίσαντος.
