4008 6402
455 452 562 516 ξιοδ

1749 463 1807 519 S.
1852 463 2090 522 BASILII
2130 469 2344 525 MAGNI

3563 477 3669 533 204

456 582 624 637 saqee
655 582 716 624 ac
737 569 858 626 vitae
881 580 1076 630 nostra:
1102 574 1441 633 adversantia
1468 578 1716 650 produxit
1740 601 1754 637 :
1778 595 1868 639 aut
1897 587 2010 657 pari

2120 589 2160 642 δ’
2215 590 2280 644 ἄν
2326 589 2440 660 (62)
2478 607 2559 653 τις
2607 591 2699 644 καὶ
2758 591 3084 664 παιδαγωγῷ
3132 590 3383 665 ἐγκαλοίη
3414 591 3492 654 είς
3521 594 3672 660 τάξιν

457 660 668 714 ratione
687 663 856 730 possit
884 665 1005 734 quis
1032 666 1336 737 vituperare
1362 671 1726 744 paedagogum,
1757 678 1845 746 qui
1882 694 2010 747 pue-

459 765 639 814 rerum
679 752 947 810 levitatem
978 757 1498 832 inconstantiamque
1519 764 1571 818 in
1600 765 1840 821 ordinem
1875 770 2013 823 redi-

455 855 627 912 geret,
653 847 848 916 quique
872 849 1042 920 plagis
1079 865 1140 906 ac
1169 852 1390 924 ﬂagellis
1416 871 1598 910 eorum
1643 858 1916 914 lasciviam
1951 877 2013 916 ac

456 937 862 1001 protervitatem
891 940 1202 1010 castigaret.

530 1025 582 1078 6.
621 1027 765 1082 Fidei
795 1044 1164 1100 argumentum
1193 1045 1318 1089 sunt
1354 1038 1556 1092 bestias.
1586 1040 1813 1095 Domino
1853 1044 2016 1097 conﬁ-

459 1115 543 1170 dis
573 1117 596 1169 ?
621 1116 790 1186 Super
812 1123 1041 1188 aspidem
1069 1133 1118 1177 et
1144 1125 1440 1180 basiliscum
1467 1131 1778 1197 ambulabis,
1808 1143 1856 1186 et
1890 1151 2014 1188 con-

460 1209 687 1270 calcabis
741 1213 937 1266 leonem
988 1227 1036 1268 et
1087 1217 1360 1272 draconem
1396 1220 1454 1274 ⁸⁸.
1502 1222 1676 1292 Atque
1734 1239 1828 1293 per
1857 1225 2013 1281 ﬁdem

459 1309 775 1368 potesmtem
839 1303 1004 1359 habes
1059 1308 1361 1362 ambulandi
1420 1325 1581 1379 super
1631 1323 1909 1382 serpentes
1953 1331 2016 1370 ac

458 1395 716 1462 scorpios,
765 1397 845 1449 An
902 1412 1003 1451 non
1061 1399 1229 1460 vides,
1261 1400 1497 1468 viperam
1542 1401 1704 1458 Paulo
1746 1415 2016 1460 sarmenta

459 1483 732 1555 colligenti
781 1487 1161 1553 adluerenlem,
1212 1490 1520 1559 nullumque
1550 1494 1599 1547 ei
1637 1495 2015 1551 detrimentum

461 1576 774 1632 inferentem
825 1579 886 1644 ”,
912 1583 1052 1648 quod
1101 1583 1186 1636 ille
1229 1594 1445 1639 sanctus
1484 1587 1730 1641 inventus
1784 1597 1865 1642 est
1918 1589 2018 1642 ﬁde

456 1667 863 1736 plcnus?Quod
901 1673 944 1726 si
977 1676 1078 1727 lide
1127 1691 1301 1740 cares,
1345 1691 1450 1730 non
1504 1680 1672 1748 magis
1711 1681 1896 1735 timeas
1925 1683 2016 1734 lte-

459 1761 638 1824 stiam,
688 1777 847 1832 quam
901 1774 1043 1818 tuam
1092 1767 1256 1834 ipsius
1312 1770 1771 1833 incredulitatem,
1807 1789 1912 1844 qna
1970 1785 2019 1830 te

459 1849 631 1916 ipsum
682 1851 828 1908 omni
883 1857 1210 1924 corruptioni
1262 1859 1551 1914 obnoxium
1573 1860 1821 1916 ell‘ecisti.
1856 1862 2016 1932 Atqui

2119 679 2300 746 ἄγοντι
2342 681 2440 750 τὴν
2467 681 2715 735 εὐκολίαν
2759 683 2858 752 τῆς
2905 683 3171 754 νεότητος,
3205 684 3299 737 καὶ
3326 682 3557 756 πληγαῖς
3579 685 3673 741 καὶ

2119 770 2336 840 μάστιξι
2370 771 2428 824 τὸ
2451 772 2743 826 ἀκόλαστον
2772 775 3170 845 σωφρονίζοντι.

2185 1043 2236 1095 6.
2278 1042 2516 1106 Πίστεως
2556 1046 2701 1096 ἐστιν
2739 1045 3006 1111 ἀπόδειξις
3048 1044 3115 1096 τὰ
3172 1043 3352 1115 θηρία.
3401 1043 3671 1110 Πέποιθας

2117 1136 2210 1187 ἐπὶ
2237 1135 2476 1208 Κύριον;
2519 1137 2643 1188 Ἐπὶ
2683 1135 2908 1190 ἀσπίδα
2934 1137 3029 1188 καὶ
3059 1137 3433 1199 ﬂava/mror
3461 1136 3669 1202 ἐπιϐή-

2116 1244 2219 1294 an,
2255 1229 2350 1280 καὶ
2377 1227 2809 1296 καταπατήσας
2842 1228 3055 1282 λέοντα
3096 1229 3190 1282 καὶ
3222 1228 3530 1296 δράκοντα.
3563 1230 3671 1283 Καὶ

2117 1317 2258 1386 ἔχεις
2287 1318 2384 1388 τὴν
2422 1317 2508 1371 διὰ
2561 1318 2792 1382 πίστεως
2822 1318 3065 1385 ἐξουσίαν
3115 1321 3301 1372 πατεῖν
3347 1318 3455 1390 (65)
3489 1319 3672 1372 ἐπάνω

2117 1410 2291 1478 ὄφεων
2331 1411 2424 1464 καὶ
2470 1409 2757 1480 σκορπίων.
2793 1412 2860 1462 Ἦ
2904 1411 3000 1480 οὐχ
3041 1413 3188 1482 ὁρᾷς,
3227 1412 3307 1464 ότι
3351 1413 3670 1483 φρυγανιζο-

2123 1504 2266 1572 μένῳ
2299 1503 2374 1572 τῷ
2411 1503 2605 1574 Παύλῳ
2640 1503 2842 1572 ἐνάψας
2881 1505 2909 1555 ό
2952 1503 3065 1573 ἔχις
3101 1503 3352 1574 οὐδεμίαν
3390 1505 3672 1576 προσετρί-

2117 1596 2253 1663 ψατο
2299 1597 2520 1668 βλάϐην,
2556 1597 2641 1650 διὰ
2689 1598 2750 1650 τὸ
2774 1597 2950 1668 πλήρη
2983 1597 3214 1660 πίστεως
3240 1597 3526 1670 εὑρεθῆναι
3559 1599 3668 1670 (64)

2118 1685 2206 1738 τὸν
2237 1686 2422 1754 ἆγιον;
2461 1689 2523 1740 Εἰ
2549 1688 2604 1740 δὲ
2633 1688 2855 1750 ἄπιστος
2882 1683 2950 1752 εἶ,
2981 1688 3141 1757 φοϐοῦ
3173 1689 3246 1760 μὴ
3279 1689 3472 1760 μᾶλλον
3496 1690 3555 1742 τὸ
3578 1690 3672 1762 οη·-

2123 1777 2234 1846 ρίον
2281 1777 2312 1847 ἢ
2367 1777 2461 1846 τὴν
2515 1776 2739 1830 σεαυτοῦ
2787 1777 3060 1842 ἀπιστίαν,
3105 1777 3172 1830 δι’
3204 1774 3270 1849 ἦς
3316 1778 3463 1851 πάσῃ
3500 1779 3673 1855 φθορᾷ

2123 1870 2343 1922 σεαυτὸν
2389 1869 2653 1923 εὐάλωτον
2692 1870 3113 1934 κατεσκεύασας.
3161 1871 3318 1924 Ἀλλὰ
3349 1871 3456 1942 γὰρ
3485 1872 3673 1926 αἰσθά-

452 1939 766 2008 jamdudum
805 1943 1030 1999 adverto
1067 1967 1094 1999 a
1131 1963 1216 2001 me
1269 1952 1591 2017 expostulari
1654 1958 2017 2022 generationis

2120 1977 2275 2029 νομαι
2305 1960 2469 2013 πάλαι
2506 1961 2573 2015 τὰ
2613 1961 2724 2032 (65)
2765 1962 2890 2033 περὶ
2921 1962 3018 2032 τῆς
3049 1962 3142 2015 τοῦ
3188 1939 3471 2033 ἀνθρώπου
3521 1963 3672 2031 γενέ-

458 2032 692 2090 hominis
733 2037 1184 2105 explanationem,
1213 2051 1267 2096 et
1296 2043 1426 2097 mihi
1458 2045 1641 2099 videor
1672 2057 1874 2100 tantum
1912 2065 2013 2102 non

453 2123 645 2187 audire
697 2127 970 2182 auditores
1016 2130 1069 2184 in
1123 2133 1372 2188 cordibus
1422 2134 1716 2191 clamantes
1763 2158 1776 2193 :
1823 2139 2013 2194 Nostra

454 2211 670 2281 quidem
709 2216 885 2282 qualia
928 2235 994 2273 ex
1028 2235 1122 2274 sua
1173 2229 1360 2277 natura
1409 2225 1518 2279 sint
1569 2228 1880 2296 edocemur,
1915 2246 2011 2285 nos

456 2319 586 2362 vero
623 2309 768 2378 ipsos
795 2312 1124 2380 ignoramus.
1153 2316 1383 2375 Necesse
1419 2321 1528 2392 87
1560 2335 1642 2379 est
1673 2325 1853 2396 igitur,
1885 2344 2018 2382 cun-

455 2397 686 2454 ctatione
702 2402 846 2455 omni
873 2418 974 2472 qua
993 2406 1380 2476 detinebamnr,
1409 2413 1640 2479 repulsa,
1659 2415 1723 2468 de
1740 2416 1823 2469 liis
1846 2416 2017 2471 disse-

457 2502 596 2543 rere.
628 2491 693 2545 Et
717 2508 846 2548 vero
869 2511 927 2550 se
957 2497 1126 2566 ipsum
1152 2515 1502 2571 cognoscere,
1531 2504 1746 2559 videtur
1773 2521 1894 2562 esse
1930 2523 2017 2563 res

455 2582 696 2638 omnium
721 2584 1054 2644 dillicillima.
1080 2590 1194 2646 Non
1224 2594 1364 2648 enim
1389 2595 1561 2650 solum
1598 2597 1783 2652 oculus
1818 2601 2018 2655 extrin-

453 2687 578 2739 seca
609 2680 964 2748 prospiciens,
994 2685 1060 2737 ad
1088 2697 1257 2740 semet
1292 2689 1729 2758 conspiciendum
1771 2693 1885 2746 visu
1910 2708 2014 2747 non

459 2765 674 2824 utitur:
721 2773 812 2825 sed
845 2783 898 2827 et
947 2775 1056 2844 ipsa
1107 2791 1257 2832 mens
1293 2791 1498 2845 nostra,
1544 2789 1699 2836 acute
1725 2784 2016 2850 'peccatum

457 2855 691 2922 alienum
720 2862 954 2932 intuens,
985 2869 1048 2920 ad
1076 2870 1289 2939 prepria
1324 2874 1658 2940 agnoscenda
1687 2874 1879 2928 delicta
1908 2884 2020 2928 tar-

456 2947 520 2999 da
547 2958 646 3006 est.
685 2951 888 3007 Idcirco
934 2967 988 3009 et
1033 2974 1175 3013 nunc
1221 2960 1397 3013 oratio
1445 2971 1650 3026 nostra,
1687 2963 1809 3018 licet
1839 2963 2017 3018 aliena

455 3036 739 3109 diligenter
775 3049 1118 3117 transegerit,
1142 3051 1206 3102 ad
1239 3065 1298 3104 ea
1341 3065 1459 3118 quae
1493 3053 1558 3106 ad
1594 3069 1690 3108 nos
1723 3054 2015 3122 pertinent,

459 3128 852 3201 investiganda,
885 3139 1064 3208 segnis
1089 3150 1192 3204 est,
1237 3151 1290 3195 et
1332 3142 1583 3197 tarditate
1622 3144 1774 3212 plena
1804 3161 1818 3198 :
1844 3159 2017 3213 quan-

457 3243 617 3297 quam
679 3246 784 3285 non
844 3233 971 3288 licet
1031 3240 1198 3306 magis
1255 3255 1316 3294 ex
1366 3239 1502 3294 caelo
1542 3250 1594 3294 et
1640 3251 1801 3304 terra,
1856 3257 2016 3311 quam

458 3336 524 3382 ex
552 3331 732 3380 nostra
775 3327 986 3395 propria
1015 3331 1394 3385 constitutione
1449 3331 1612 3387 Deum
1655 3347 1976 3400 cognoscere
2001 3376 2016 3400 ,

459 3412 509 3466 ei
561 3424 737 3480 certe,
776 3418 865 3486 qui
916 3421 1089 3489 seipse
1134 3423 1426 3489 prudenter
1487 3434 1756 3479 scrutatus
1819 3425 2018 3492 fuerit,

460 3505 537 3560 uti
592 3509 667 3560 ait
703 3507 964 3579 Propheta
1006 3532 1018 3566 :
1058 3513 1314 3569 Mirabilis
1355 3515 1498 3584 facta
1541 3525 1616 3570 est
1664 3518 1882 3571 scientia
1929 3527 2020 3572 tua

458 3612 524 3652 ea:
576 3614 654 3650 me
699 3600 744 3632 ³ο
778 3618 792 3654 ι
832 3602 931 3656 hoc
971 3613 1081 3669 est,
1115 3603 1202 3657 ubi
1251 3620 1336 3660 me
1392 3606 1502 3674 ipse
1555 3607 1721 3672 novi,
1764 3617 2020 3675 praestau-

460 3691 724 3746 tissimam
788 3704 930 3748 tuam
991 3696 1306 3766 sapientiam
1362 3699 1474 3767 ipse
1532 3698 1714 3753 didici.
1766 3699 1832 3752 Et
1888 3699 2018 3753 dixit

463 3781 598 3839 Deus
646 3799 666 3838 :
706 3783 985 3840 Faciamus
1027 3789 1282 3842 hominem
1305 3791 1370 3844 ¹¹.
1400 3789 1534 3858 Ubi,
1579 3806 1779 3860 quaeso,
1808 3791 2021 3845 Judaeus

461 3882 582 3935 est,
619 3877 710 3944 qui
765 3879 816 3930 in
877 3879 1274 3947 superioribus,
1319 3881 1442 3935 dum
1505 3882 1784 3952 theologia“:
1842 3883 2018 3936 lumen

460 3965 607 4019 velut
660 3982 752 4036 per
798 3969 1058 4025 l’et'testras
1109 3973 1365 4042 quasdam
1428 3974 1780 4036 illucesceret,
1826 3989 1888 4026 ac
1932 3990 2017 4028 se-

462 4056 638 4111 cunda
690 4059 902 4128 quidem
965 4076 1192 4130 persona
1250 4063 1470 4133 mystice
1521 4065 2016 4130 demonstraretur,

467 4148 691 4203 necdum
747 4162 922 4205 tamen
965 4152 1106 4208 clare
1162 4153 1467 4223 ell‘nlgeret,
1516 4155 1783 4225 pugnabat
1829 4155 2018 4210 adver-

464 4257 557 4295 sus
602 4244 910 4306 veritatem,
939 4255 1099 4314 atque
1141 4247 1312 4315 ipsum
1347 4247 1512 4302 Deum
1557 4252 1621 4302 ad
1664 4251 1896 4320 seipsum
1953 4249 2022 4302 lo-

465 4338 553 4405 qui
598 4336 896 4393 allirmabat
930 4339 950 4392 ἲ
985 4340 1099 4408 Ipse
1142 4339 1282 4394 enim
1309 4380 1321 4403 ,
1356 4342 1561 4409 inquit,
1597 4341 1772 4408 dixit,
1807 4351 1860 4394 et
1909 4341 2020 4410 ipse

465 4429 612 4486 fecit.
640 4429 761 4484 Fiat
802 4431 894 4485 lux
917 4473 933 4498 ,
966 4443 1012 4486 et
1047 4433 1188 4502 facta
1238 4442 1315 4487 est
1351 4433 1442 4486 lux
1474 4433 1540 4484 ”.
1603 4431 1733 4486 Erat
1777 4431 1938 4502 igitur
1967 4440 2022 4485 et

470 4530 596 4575 tunc
637 4522 688 4576 in
719 4523 954 4591 ipsorum
981 4523 1161 4579 verbis
1200 4523 1355 4578 obvia
1380 4523 1770 4592 manifestaque
1799 4523 2016 4590 ineptia.

2118 2065 2252 2112 σεως
2279 2049 2692 2120 ἀπαιτούμενος,
2738 2051 2830 2103 καὶ
2865 2052 3143 2121 μονονουχὶ
3177 2052 3390 2107 ἀκούειν
3421 2053 3559 2106 δοκῶ
3582 2071 3672 2124 μοι

2113 2141 2221 2194 τῶν
2251 2141 2535 2213 ἀκροατῶν
2561 2144 2616 2196 ἐν
2640 2145 2760 2206 ταῖς
2787 2143 3033 2213 καρδίαις
3056 2143 3458 2210 καταϐοώντων,
3484 2146 3563 2198 ὅτι
3594 2147 3673 2199 τά

2119 2233 2214 2302 μὲν
2247 2233 2492 2304 ἡμέτερα
2521 2235 2678 2288 ὁποῖά
2703 2237 2824 2289 τινά
2844 2238 2958 2288 ἐστι
2982 2235 3079 2307 τὴν
3110 2235 3268 2306 φύσιν
3298 2236 3669 2309 διδασκόμεθα,

2115 2324 2261 2393 ἡμᾶς
2299 2323 2356 2377 δὲ
2383 2325 2577 2386 αὐτοὺς
2621 2325 2938 2397 ἀγνοοῦμεν.
2982 2326 3212 2398 Ἀνάγκη
3244 2323 3334 2380 οὖν
3368 2330 3560 2393 εἰπεῖν,
3583 2328 3672 2382 τὸν

2116 2414 2410 2485 κατέχοντα
2450 2419 2596 2488 ἡμᾶς
2629 2418 2784 2470 ὄκνον
2821 2420 3269 2490 παρωσαμένους.
3314 2419 3402 2491 Τῷ
3435 2420 3544 2473 ὄντι
3567 2420 3673 2497 γὰρ

2116 2510 2257 2562 ἔοικε
2288 2511 2501 2565 πάντων
2531 2511 2668 2566 εἶναι
2709 2513 3086 2582 χαλεπώτατον
3129 2513 3317 2566 ἑαυτὸν
3360 2514 3668 2582 ἐπιγνῶναι.

2117 2600 2190 2651 Οὐ
2217 2600 2322 2670 γάρ
2354 2601 2509 2671 μόνον
2541 2602 2645 2670 (66)
2678 2603 2950 2673 ὀφθαλμὸς
2975 2603 3041 2656 τά
3081 2604 3182 2669 ἔξω
3212 2603 3418 2672 βλέπων
3451 2605 3530 2672 ἐφ’
3552 2605 3673 2656 ἐαυ-

2115 2691 2206 2742 τὸν
2240 2691 2299 2743 οὑ
2334 2691 2591 2763 κέχρηται
2624 2691 2701 2762 τῷ
2742 2695 2893 2764 ὁρᾷν,
2938 2693 3070 2746 ἀλλὰ
3123 2694 3214 2745 καὶ
3265 2693 3422 2756 αὐτὸς
3469 2694 3620 2763 ἡμῶν
3645 2697 3672 2746 ὁ

2117 2781 2258 2845 νοῦς,
2316 2780 2480 2846 ὀξέως
2534 2783 2592 2835 τὺ
2642 2783 2917 2854 ἀλλότριον
2951 2785 3247 2855 ἁμάρτημα
3300 2783 3668 2848 καταϐλέπων,

2119 2872 2316 2944 βραδύς
2365 2875 2478 2926 ἐστι
2545 2874 2680 2945 πρὸς
2723 2874 2820 2945 τὴν
2857 2874 2964 2927 τῶν
3031 2877 3242 2928 οἰκείων
3287 2874 3672 2944 ἐλαττωμάτων

2117 2966 2426 3034 ἐπίγνωσιν.
2460 2965 2554 3018 Διὰ
2588 2965 2742 3019 τοῦτο
2761 2967 2851 3020 καὶ
2874 2966 2967 3020 νῦν
2993 2969 3020 3019 ὁ
3047 2967 3217 3035 λόγος,
3243 2966 3406 3033 ὀξέως
3437 2965 3671 3018 ἐπελθὼν

2116 3057 2183 3109 τὰ
2222 3056 2496 3126 ἀλλότρια,
2553 3056 2757 3128 νωθρός
2792 3059 2906 3111 ἐστι
2967 3058 3061 3110 καὶ
3105 3059 3262 3110 ὄκνου
3296 3057 3503 3128 πλήρης
3541 3056 3672 3127 πρὸς

2116 3150 2214 3216 τὴν
2241 3150 2348 3204 τῶν
2368 3149 2581 3204 οίκείων
2607 3149 2848 3214 ἐξέτασιν
2870 3168 2882 3180 ·
2909 3151 3081 3204 καίτοι
3105 3150 3164 3202 οὑ
3203 3149 3396 3220 μᾶλλον
3429 3149 3485 3215 ἐξ
3513 3148 3674 3218 obpa-

2119 3243 2209 3295 νοῦ
2246 3243 2338 3296 καὶ
2365 3243 2464 3313 γῆς
2495 3241 2584 3294 τὸν
2624 3241 2754 3294 Θεὸν
2791 3242 2933 3295 ἔστιν
2962 3242 3280 3309 ἐπιγνῶναι,
3317 3242 3349 3313 ἢ
3377 3242 3470 3295 καὶ
3495 3242 3556 3293 ἐκ
3579 3241 3673 3311 τῆς

2122 3332 2327 3395 οίκείας
2374 3330 2528 3402 ἡμῶν
2579 3334 2920 3402 κατασκευῆς
2961 3333 3050 3384 τόν
3098 3349 3160 3400 γε
3216 3330 3448 3394 συνετῶς
3487 3330 3673 3384 ἑαυτὸν

2122 3423 2468 3490 ἐξετάσαντα,
2505 3421 2578 3485 ῶς
2612 3440 2772 3493 φησιν
2797 3423 2825 3474 ό
2865 3425 3174 3494 προφήτης·
3221 3421 3672 3491 Ἐθαυμαστώθη

2121 3517 2158 3582 ἠ
2191 3513 2412 3584 γνῶσίς
2447 3529 2562 3567 σου
2613 3514 2681 3577 ἐξ
2718 3514 2860 3583 ἐμοῦ
2880 3532 2893 3545 ·
2923 3516 3218 3579 τουτέστιν,
3247 3513 3476 3585 ἐμαυτὸν
3507 3530 3672 3566 κατα-

2124 3605 2328 3675 μαθὼν,
2367 3607 2427 3658 τὸ
2480 3603 2812 3677 ὑπερϐάλλον
2854 3607 2952 3678 τῆς
2991 3610 3046 3659 ἐν
3097 3608 3176 3660 σοὶ
3222 3607 3408 3676 σοφίας
3441 3605 3672 3670 ἐξεδιδά-

2120 3697 2274 3768 χθην.
2316 3699 2422 3751 Καὶ
2464 3695 2633 3752 εἷπεν
2671 3702 2702 3751 ὀ
2742 3700 2913 3764 Θεός-
2957 3699 3300 3767 Ποιήσωμεν
3346 3699 3670 3766 ἄνθρωπον.

2121 3788 2229 3840 Ποῦ
2267 3805 2355 3858 μοι
2381 3791 2410 3842 ὁ
2458 3789 2721 3851 Ἰουδαῖος,
2760 3790 2817 3850 ὃς
2851 3792 2908 3841 ἐν
2942 3793 3052 3852 τοῖς
3089 3791 3334 3854 κατόπιν,
3377 3788 3562 3860 ὥσπερ
3589 3788 3675 3841 διὰ

2120 3879 2346 3950 θυρίδων
2400 3879 2562 3932 τινῶν
2602 3880 2695 3932 τοῦ
2748 3879 2846 3949 τῆς
2900 3880 3170 3948 θεολογίας
3223 3879 3398 3948 φωτὸς
3450 3879 3674 3948 διαλάμο

2122 3987 2329 4034 ποντος,
2365 3972 2456 4023 καὶ
2486 3970 2735 4042 δευτέρου
2801 3970 3087 4042 προσώπου
3143 3974 3234 4024 τοῦ
3291 3970 3674 4040 ὑποδεικνυμέ-

2120 4079 2210 4114 νου
2245 4061 2353 4130 (67)
2405 4061 2502 4132 μὲν
2534 4060 2838 4132 μυστικῶς,
2865 4061 3016 4114 οῦπω
3056 4062 3111 4114 δέ
3142 4062 3384 4133 ἐναργῶς
3423 4063 3672 4132 ἐκφανέν-

2120 4169 2230 4216 τος,
2265 4151 2398 4222 πρὸς
2425 4153 2523 4222 τὴν
2546 4152 2799 4221 ἀλήθειαν
2831 4154 3160 4223 ἀπεμάχετο,
3193 4154 3352 4207 αὐτὸν
3385 4154 3561 4223 ἐαυτῷ
3590 4153 3674 4205 λέ-

2119 4259 2230 4310 γων
2259 4241 2350 4294 τὸν
2398 4241 2529 4294 Θεὸν
2571 4241 2941 4310 διαλέγεσθαι;
2991 4244 3159 4304 Αὐτὸς
3193 4243 3301 4314 γὰρ
3346 4239 3496 4304 εἷπε,
3525 4244 3673 4313 φησι,

2121 4335 2214 4388 καὶ
2247 4334 2405 4396 αὐτὸς
2455 4333 2694 4404 ἐποίησε.
2739 4334 3052 4399 Γενηθήτω
3111 4334 3270 4404 φῶς,
3309 4335 3402 4388 καὶ
3446 4335 3676 4403 ἐγένετο

2119 4425 2261 4495 φῶς.
2290 4421 2397 4477 Ἦν
2425 4424 2522 4494 μὲν
2561 4420 2652 4477 οὖν
2691 4425 2781 4476 καὶ
2823 4425 2940 4476 τότε
2984 4425 3266 4496 πρόχειρος
3305 4427 3362 4478 ἐν
3400 4429 3510 4488 τοῖς
3549 4424 3676 4495 παρ’

2121 4515 2299 4570 αὐτῶν
2320 4514 2627 4583 λεγομένοις
2657 4516 2690 4584 ἡ
2721 4513 2934 4566 ἀτοπία.
2964 4513 3056 4576 Τίς
3095 4513 3202 4584 γὰρ
3239 4513 3470 4584 χαλκεὺς
3489 4555 3503 4579 ,
3533 4513 3564 4581 ἢ
3595 4512 3677 4563 τέ-

465 4610 598 4678 Quis
630 4613 772 4666 enim
809 4612 958 4668 laber
997 4613 1290 4680 ferrarius,
1326 4624 1418 4668 aut
1451 4613 1742 4682 lignarius,
1777 4623 1868 4667 aut
1903 4614 2017 4681 quis

2125 4622 2264 4659 κτων
2289 4645 2302 4668 ,
2329 4604 2361 4673 ἣ
2387 4603 2709 4672 σκυτοτόμος
2735 4641 2748 4661 ,
2793 4603 2880 4653 ἐπὶ
2909 4602 3016 4654 τῶν
3067 4602 3310 4674 ὀργάνων
3353 4602 3452 4671 τῆς
3489 4601 3678 4670 τέχνης

465 4711 634 4768 sutor,
677 4705 822 4760 solus
869 4707 1006 4760 inter
1037 4707 1170 4761 artis
1206 4707 1560 4761 instrumenta
1609 4707 1835 4768 sedens,
1867 4704 2022 4774 adju-

464 4802 627 4846 vante
677 4795 848 4864 ipsum
909 4800 1153 4858 nemine,
1195 4799 1337 4852 dicat
1373 4797 1488 4868 ipse
1543 4796 1690 4852 sibi:
1739 4795 2022 4852 Faciamus

467 4885 723 4954 gladium,
761 4896 854 4942 aut
886 4899 1122 4942 aratrum
1163 4889 1608 4960 compingamus,
1647 4896 1741 4942 aut
1767 4888 2022 4942 conﬁcia-

469 4991 589 5032 mus
621 4979 1086 5051 calceamentumgl
1117 4984 1199 5035 An
1227 4997 1331 5037 non
1370 4982 1547 5051 potius
1570 4981 1711 5051 quod
1759 4981 1859 5035 sibi
1895 4995 2023 5034 con~

467 5068 615 5122 venit
641 5083 774 5138 opus
793 5086 912 5125 cum
935 5072 1150 5128 silentio
1171 5071 1432 5129 absolvit?
1456 5070 1592 5126 Sunt
1617 5072 1756 5125 enim
1781 5069 2023 5141 profecto

468 5173 623 5230 nugze
643 5161 901 5242 insignes,
931 5163 977 5218 si
1007 5162 1127 5244 quis
1159 5163 1376 5227 sedeat,
1407 5162 1768 5243 imperetque,
1799 5168 1853 5212 et
1884 5174 2020 5228 pra:-

541 5324 583 5356 ²⁶
604 5322 746 5379 Psal.
771 5337 857 5388 xc,
896 5322 978 5380 l5.

564 5469 651 5538 62)
675 5466 750 5518 Ita
779 5465 1014 5534 quinque
1036 5474 1162 5515 mss.
1194 5459 1336 5512 Editi
1365 5471 1492 5510 vero
1515 5456 1654 5507 οὓτω
1757 5453 1841 5523 ἀν.
1908 5524 1918 5535 _
1950 5524 1960 5534 .

565 5541 651 5577 ext
675 5536 802 5577 R00,
837 5545 1020 5577 ςριιιις
1042 5529 1287 5577 ἐξουσίαν
1323 5527 1660 5577 περιπατεῖν.
1717 5523 1807 5576 lux
1837 5525 1960 5577 edlll

564 5470 651 5538 62)
675 5470 750 5518 Ita
779 5470 1014 5534 quinque
1036 5474 1162 5515 mss.
1196 5470 1336 5512 Edlll
1365 5471 1492 5510 vero
1515 5470 1654 5556 ortu
1757 5470 1841 5523 αν.
1908 5524 1918 5535 _
1950 5524 1960 5534 .

539 5470 651 5611 (65)
675 5536 805 5611 Reg.
837 5545 1020 5611 sexttis
1042 5529 1287 5611 ἐξουσίαν
1323 5527 1660 5600 περιπατεῖν.
1717 5523 1807 5590 luit
1837 5523 2018 5592 οιιιιιῆ

469 5603 568 5681 οὐχ
588 5603 739 5682 ὁρᾷς.
760 5603 925 5682 Deest
949 5603 983 5672 ἦ
1009 5605 1059 5682 i_n
1081 5603 1296 5682 duobus
1323 5614 1450 5651 mss.
1560 5667 1572 5682 ο
1653 5663 1712 5682 Δ-
1882 5663 1922 5682 r
1945 5663 2021 5682 Ν

464 5663 909 5748 ’ᾐῖιὶίγάοέιιςθε
944 5663 1180 5741 quinque
1235 5670 1471 5730 πίστεως
1523 5663 1826 5736 εὑρεθῆναι.
1882 5663 2024 5718 Editi

473 5743 882 5822 «lassarieivat.
1056 5813 1067 5822 _
1205 5813 1216 5822 .
1261 5811 1283 5822 Α
1307 5809 1318 5822 .
1579 5806 1588 5822 ν

541 5821 652 5888 (65)
685 5804 841 5871 ὈοΙίι.
870 5813 1135 5888 secundus
1164 5809 1490 5888 αἰσθάνομαέ
1521 5806 1682 5888 πᾴλιν
1713 5804 1797 5888 Ἑά·
1887 5871 1925 5888 ππ

544 5870 656 5962 ltili)
690 5870 820 5942 'l'rcs
855 5901 980 5941 mss.
1010 5885 1220 5952 optima:
1263 5870 1405 5937 noue
1429 5878 1488 5930 οὐ
1529 5877 1634 5950 γὰρ
1677 5875 1854 5949 μόνος.
1886 5870 2028 5942 Editi

2129 4698 2285 4768 μόνος
2330 4695 2633 4765 καθήμενος
2679 4694 2810 4764 (68),
2843 4695 3052 4757 οὐδενὸς
3096 4695 3242 4765 αὑτῷ
3277 4693 3676 4762 συνεργοῦντος,

2125 4789 2267 4857 λέγει
2297 4787 2455 4849 αὐτὸς
2478 4785 2668 4855 ἐαυτιῖν
2703 4787 3020 4856 Ποιήσωμεν
3040 4785 3133 4856 τὴν
3164 4787 3453 4856 μάχαιραν,
3486 4785 3518 4856 ἦ
3547 4801 3679 4853 συμ-

2125 4879 2383 4951 πήξωμεν
2407 4879 2467 4931 τὸ
2489 4878 2716 4948 ἄροτρον
2735 4917 2748 4940 ,
2776 4878 2808 4947 ἢ
2832 4876 3273 4947 άπεργασώμεθα
3299 4876 3358 4928 τὸ
3391 4875 3636 4944 ὑπόδημα
3661 4891 3674 4903 ·

2123 4972 2237 5026 ἁλλ’
2260 4972 2377 5041 οὐχ).
2409 4973 2582 5040 σιωπῇ
2612 4969 2709 5040 τὴν
2736 4967 3122 5029 ἐπιϐάλλουσαν
3143 4966 3418 5038 ἐνέργειαν
3435 4965 3640 5019 ἐκτελεῖ
3663 4981 3676 5027 ;

2123 5064 2362 5133 Φλυαρία
2391 5063 2497 5134 γὰρ
2529 5061 2605 5132 τῷ
2640 5062 2752 5115 ὄντι
2771 5061 2935 5131 δεινὴ,
2952 5060 3185 5132 ἄρχοντά
3216 5078 3336 5114 τινα
3366 5057 3556 5113 ἐαυτοῦ
3587 5057 3679 5111 καὶ

2123 5155 2416 5225 ἐπιστάτην
2439 5153 2728 5225 καθῆσθαι,
2750 5154 3076 5218 δεσποτικῶς
3104 5151 3292 5206 ἐαυτοῦ
3326 5152 3418 5214 καὶ
3441 5149 3678 5221 σφοδρῶς

1067 5319 1110 5352 ¹⁹
1132 5319 1250 5386 Act.
1271 5333 1463 5384 xxvm,
1502 5318 1622 5372 3-6.
1697 5317 1741 5353 ’°
1767 5315 1904 5384 Psal.
1940 5331 2017 5369 cx:

2122 5311 2260 5378 ttt,6.
2335 5313 2377 5348 "
2402 5311 2536 5368 Gen.
2561 5328 2600 5374 ι,
2626 5310 2713 5370 26.
2791 5311 2835 5342 "
2869 5307 3003 5362 Gen.
3046 5323 3091 5370 ι,
3123 5308 3172 5361 ’5.

2126 5465 2245 5506 cum
2275 5448 2395 5502 aliis
2424 5447 2740 5516 quibusdam
2768 5461 2894 5498 mss.
2929 5444 3104 5513 μόνον.

2199 5519 2312 5594 (67)
2340 5511 2514 5594 Egilio
2549 5516 2713 5594 Basil.
2733 5511 3268 5594 cumquinquemss.
3308 5511 3676 5594 prmterandl.

2128 5588 2222 5642 τοῦ
2269 5583 2742 5655 ὗποδεικνυμένου.
2807 5587 2963 5637 Deest
3023 5583 3281 5638 articulus
3342 5584 3393 5656 in
3445 5583 3678 5637 editi0tte

2129 5659 2314 5795 Pu((38)
2337 5728 2578 5793 Quatuor
2602 5740 2734 5795 mss.
2764 5725 2921 5793 μόνος
2960 5723 3336 5795 καθεζόμενος.
3396 5723 3533 5778 Editi
3559 5737 3676 5778 cum

2134 5799 2337 5854 duobus
2373 5813 2497 5852 mss.
2554 5794 2873 5864 καθήμενος.
