  <div class='ocr_page' id='page_1' title='image "/cluster/home/n/w/nwhite01/storage/ocr_20150623/29/hvd.32044011320256/536.png"; bbox 0 0 4008 6402; ppageno 0'>
   <div class='ocr_carea' id='block_1_1' title="bbox 393 356 503 414">
    <p class='ocr_par' dir='ltr' id='par_1_1' title="bbox 393 356 503 414">
     <span class='ocr_line' id='line_1_1' title="bbox 393 356 503 414; baseline -0.018 0"><span class='ocrx_word' id='word_1_1' title='bbox 393 356 503 414; x_wconf 65' lang='lat'><strong>805</strong></span> 
     </span>
    </p>
   </div>
   <div class='ocr_carea' id='block_1_2' title="bbox 1511 355 2537 414">
    <p class='ocr_par' dir='ltr' id='par_1_2' title="bbox 1511 355 2537 414">
     <span class='ocr_line' id='line_1_2' title="bbox 1511 355 2537 414; baseline -0.003 -1"><span class='ocrx_word' id='word_1_2' title='bbox 1511 359 1791 414; x_wconf 76' lang='lat' dir='ltr'><strong>HOMILIA</strong></span> <span class='ocrx_word' id='word_1_3' title='bbox 1835 359 1899 412; x_wconf 80' lang='lat' dir='ltr'><strong>IX</strong></span> <span class='ocrx_word' id='word_1_4' title='bbox 1943 357 2014 413; x_wconf 86' lang='lat' dir='ltr'><strong>IN</strong></span> <span class='ocrx_word' id='word_1_5' title='bbox 2049 355 2537 413; x_wconf 71' lang='lat' dir='ltr'><strong>HEXAEHEBON.</strong></span> 
     </span>
    </p>
   </div>
   <div class='ocr_carea' id='block_1_3' title="bbox 3515 353 3620 410">
    <p class='ocr_par' dir='ltr' id='par_1_3' title="bbox 3515 353 3620 410">
     <span class='ocr_line' id='line_1_3' title="bbox 3515 353 3620 410; baseline 0.038 -3"><span class='ocrx_word' id='word_1_6' title='bbox 3515 353 3620 410; x_wconf 75' lang='grc'><strong>206</strong></span> 
     </span>
    </p>
   </div>
   <div class='ocr_carea' id='block_1_4' title="bbox 394 456 1953 546">
    <p class='ocr_par' dir='ltr' id='par_1_4' title="bbox 394 456 1953 546">
     <span class='ocr_line' id='line_1_4' title="bbox 394 456 1953 546; baseline 0 -20"><span class='ocrx_word' id='word_1_7' title='bbox 394 456 853 526; x_wconf 73' lang='grc' dir='ltr'>κατασπεύδοντα.</span> <span class='ocrx_word' id='word_1_8' title='bbox 896 473 1032 526; x_wconf 79' lang='grc' dir='ltr'>Ἀλλ’</span> <span class='ocrx_word' id='word_1_9' title='bbox 1062 475 1209 545; x_wconf 81' lang='grc' dir='ltr'>ὅμως</span> <span class='ocrx_word' id='word_1_10' title='bbox 1247 477 1295 528; x_wconf 85' lang='lat' dir='ltr'><strong>oi</strong></span> <span class='ocrx_word' id='word_1_11' title='bbox 1337 476 1495 529; x_wconf 80' lang='grc' dir='ltr'>αὑτὸν</span> <span class='ocrx_word' id='word_1_12' title='bbox 1532 476 1618 529; x_wconf 78' lang='grc' dir='ltr'><strong>τὸν</strong></span> <span class='ocrx_word' id='word_1_13' title='bbox 1647 477 1844 546; x_wconf 67' lang='grc' dir='ltr'>Κύριον</span> <span class='ocrx_word' id='word_1_14' title='bbox 1878 495 1953 528; x_wconf 75' lang='grc' dir='ltr'><strong>συ.</strong></span> 
     </span>
    </p>
   </div>
   <div class='ocr_carea' id='block_1_5' title="bbox 2056 456 3624 546">
    <p class='ocr_par' dir='ltr' id='par_1_5' title="bbox 2075 471 3624 546">
     <span class='ocr_line' id='line_1_5' title="bbox 2075 471 3624 546; baseline 0 -16"><span class='ocrx_word' id='word_1_15' title='bbox 2075 477 2145 530; x_wconf 90' lang='lat' dir='ltr'><strong>sit</strong></span> <span class='ocrx_word' id='word_1_16' title='bbox 2173 477 2297 541; x_wconf 79' lang='lat' dir='ltr'><strong>sibi,</strong></span> <span class='ocrx_word' id='word_1_17' title='bbox 2343 485 2504 546; x_wconf 88' lang='lat' dir='ltr'><strong>atque</strong></span> <span class='ocrx_word' id='word_1_18' title='bbox 2559 472 2757 527; x_wconf 86' lang='lat' dir='ltr'><strong>domini</strong></span> <span class='ocrx_word' id='word_1_19' title='bbox 2812 486 2961 526; x_wconf 91' lang='lat' dir='ltr'><strong>more</strong></span> <span class='ocrx_word' id='word_1_20' title='bbox 3009 471 3351 527; x_wconf 76' lang='lat' dir='ltr'><strong>vehementer</strong></span> <span class='ocrx_word' id='word_1_21' title='bbox 3400 488 3459 528; x_wconf 83' lang='lat' dir='ltr'><strong>se</strong></span> <span class='ocrx_word' id='word_1_22' title='bbox 3511 474 3624 543; x_wconf 87' lang='lat' dir='ltr'><strong>ipse</strong></span> 
     </span>
    </p>
   </div>
   <div class='ocr_carea' id='block_1_6' title="bbox 394 558 1958 633">
    <p class='ocr_par' dir='ltr' id='par_1_6' title="bbox 394 558 1958 633">
     <span class='ocr_line' id='line_1_6' title="bbox 394 558 1958 633; baseline 0.005 -23"><span class='ocrx_word' id='word_1_23' title='bbox 394 558 728 628; x_wconf 81' lang='grc' dir='ltr'>κοφαντῆσαι</span> <span class='ocrx_word' id='word_1_24' title='bbox 753 559 826 630; x_wconf 85' lang='grc' dir='ltr'>μὴ</span> <span class='ocrx_word' id='word_1_25' title='bbox 855 562 1305 632; x_wconf 75' lang='grc' dir='ltr'>κατοκνήσαντες,</span> <span class='ocrx_word' id='word_1_26' title='bbox 1340 564 1392 616; x_wconf 87' lang='grc' dir='ltr'><strong>τί</strong></span> <span class='ocrx_word' id='word_1_27' title='bbox 1420 564 1518 618; x_wconf 79' lang='grc' dir='ltr'><strong>οὐκ</strong></span> <span class='ocrx_word' id='word_1_28' title='bbox 1544 565 1609 618; x_wconf 83' lang='grc' dir='ltr'>ἂν</span> <span class='ocrx_word' id='word_1_29' title='bbox 1641 566 1842 618; x_wconf 85' lang='grc' dir='ltr'>εῐποιεν</span> <span class='ocrx_word' id='word_1_30' title='bbox 1866 583 1958 633; x_wconf 87' lang='grc' dir='ltr'>γε-</span> 
     </span>
    </p>
   </div>
   <div class='ocr_carea' id='block_1_7' title="bbox 395 648 1957 726">
    <p class='ocr_par' dir='ltr' id='par_1_7' title="bbox 395 648 1957 726">
     <span class='ocr_line' id='line_1_7' title="bbox 395 648 1957 726; baseline 0.008 -28"><span class='ocrx_word' id='word_1_31' title='bbox 395 648 778 719; x_wconf 85' lang='grc' dir='ltr'>γυμνασμένην</span> <span class='ocrx_word' id='word_1_32' title='bbox 817 650 951 720; x_wconf 84' lang='grc' dir='ltr'>πρὸς</span> <span class='ocrx_word' id='word_1_33' title='bbox 975 651 1036 704; x_wconf 88' lang='grc' dir='ltr'>τὺ</span> <span class='ocrx_word' id='word_1_34' title='bbox 1065 653 1260 720; x_wconf 77' lang='grc' dir='ltr'>ψεῦδος</span> <span class='ocrx_word' id='word_1_35' title='bbox 1307 654 1404 725; x_wconf 84' lang='grc' dir='ltr'><strong>τὴν</strong></span> <span class='ocrx_word' id='word_1_36' title='bbox 1438 656 1684 724; x_wconf 89' lang='grc' dir='ltr'>γλῶσσαν</span> <span class='ocrx_word' id='word_1_37' title='bbox 1714 658 1957 726; x_wconf 76' lang='grc' dir='ltr'>έχοντεςς</span> 
     </span>
    </p>
   </div>
   <div class='ocr_carea' id='block_1_8' title="bbox 407 737 1962 817">
    <p class='ocr_par' dir='ltr' id='par_1_8' title="bbox 407 737 1962 817">
     <span class='ocr_line' id='line_1_8' title="bbox 407 737 1962 817; baseline 0.007 -29"><span class='ocrx_word' id='word_1_38' title='bbox 407 737 469 788; x_wconf 81' lang='grc' dir='ltr'>Ἠ</span> <span class='ocrx_word' id='word_1_39' title='bbox 499 738 679 806; x_wconf 87' lang='grc' dir='ltr'>μέντοι</span> <span class='ocrx_word' id='word_1_40' title='bbox 709 739 956 810; x_wconf 76' lang='grc' dir='ltr'>παροῦσα</span> <span class='ocrx_word' id='word_1_41' title='bbox 985 741 1134 812; x_wconf 83' lang='grc' dir='ltr'>φωνὴ</span> <span class='ocrx_word' id='word_1_42' title='bbox 1167 743 1444 808; x_wconf 84' lang='grc' dir='ltr'><strong>παντελῶς</strong></span> <span class='ocrx_word' id='word_1_43' title='bbox 1469 745 1646 798; x_wconf 83' lang='grc' dir='ltr'>αὐτῶν</span> <span class='ocrx_word' id='word_1_44' title='bbox 1687 746 1962 817; x_wconf 82' lang='grc' dir='ltr'>ἀποφράσ-</span> 
     </span>
    </p>
   </div>
   <div class='ocr_carea' id='block_1_9' title="bbox 393 829 1957 906">
    <p class='ocr_par' dir='ltr' id='par_1_9' title="bbox 393 829 1957 906">
     <span class='ocr_line' id='line_1_9' title="bbox 393 829 1957 906; baseline 0.007 -26"><span class='ocrx_word' id='word_1_45' title='bbox 393 840 477 880; x_wconf 87' lang='grc' dir='ltr'><strong>σει</strong></span> <span class='ocrx_word' id='word_1_46' title='bbox 517 829 574 881; x_wconf 72' lang='grc' dir='ltr'><strong>τὸ</strong></span> <span class='ocrx_word' id='word_1_47' title='bbox 609 830 802 900; x_wconf 75' lang='grc' dir='ltr'>στόμαο</span> <span class='ocrx_word' id='word_1_48' title='bbox 838 832 947 885; x_wconf 79' lang='grc' dir='ltr'><strong>Καὶ</strong></span> <span class='ocrx_word' id='word_1_49' title='bbox 984 829 1152 887; x_wconf 74' lang='grc' dir='ltr'>εἶπεν</span> <span class='ocrx_word' id='word_1_50' title='bbox 1193 837 1226 888; x_wconf 82' lang='grc' dir='ltr'><em>ὁ</em></span> <span class='ocrx_word' id='word_1_51' title='bbox 1257 838 1429 901; x_wconf 87' lang='grc' dir='ltr'>Θεός·</span> <span class='ocrx_word' id='word_1_52' title='bbox 1471 837 1817 906; x_wconf 78' lang='grc' dir='ltr'>Ποιήσωμεν</span> <span class='ocrx_word' id='word_1_53' title='bbox 1853 837 1957 891; x_wconf 82' lang='grc' dir='ltr'><strong>ἄν·</strong></span> 
     </span>
    </p>
   </div>
   <div class='ocr_carea' id='block_1_10' title="bbox 394 921 1961 998">
    <p class='ocr_par' dir='ltr' id='par_1_10' title="bbox 394 921 1961 998">
     <span class='ocr_line' id='line_1_10' title="bbox 394 921 1961 998; baseline 0.006 -26"><span class='ocrx_word' id='word_1_54' title='bbox 394 921 644 986; x_wconf 82' lang='grc' dir='ltr'>θρωπον.</span> <span class='ocrx_word' id='word_1_55' title='bbox 666 921 755 991; x_wconf 79' lang='grc' dir='ltr'><strong>Μὴ</strong></span> <span class='ocrx_word' id='word_1_56' title='bbox 785 921 877 976; x_wconf 76' lang='grc' dir='ltr'><strong>καὶ</strong></span> <span class='ocrx_word' id='word_1_57' title='bbox 905 921 1022 987; x_wconf 82' lang='grc' dir='ltr'>νῦν,</span> <span class='ocrx_word' id='word_1_58' title='bbox 1053 925 1173 977; x_wconf 84' lang='grc' dir='ltr'>εἰπέ</span> <span class='ocrx_word' id='word_1_59' title='bbox 1201 943 1312 996; x_wconf 89' lang='grc' dir='ltr'>μοι,</span> <span class='ocrx_word' id='word_1_60' title='bbox 1337 928 1717 998; x_wconf 83' lang='grc' dir='ltr'><strong>μεμονωμένον</strong></span> <span class='ocrx_word' id='word_1_61' title='bbox 1754 929 1870 981; x_wconf 77' lang='grc' dir='ltr'>ἐστὶ</span> <span class='ocrx_word' id='word_1_62' title='bbox 1902 928 1961 981; x_wconf 81' lang='grc' dir='ltr'><strong>τὸ</strong></span> 
     </span>
    </p>
   </div>
   <div class='ocr_carea' id='block_1_11' title="bbox 394 1010 1956 1090">
    <p class='ocr_par' dir='ltr' id='par_1_11' title="bbox 394 1010 1956 1090">
     <span class='ocr_line' id='line_1_11' title="bbox 394 1010 1956 1090; baseline 0.008 -29"><span class='ocrx_word' id='word_1_63' title='bbox 394 1010 716 1081; x_wconf 88' lang='grc' dir='ltr'>πρόσωπον;</span> <span class='ocrx_word' id='word_1_64' title='bbox 739 1013 814 1064; x_wconf 86' lang='grc' dir='ltr'>Ού</span> <span class='ocrx_word' id='word_1_65' title='bbox 844 1012 948 1085; x_wconf 81' lang='grc' dir='ltr'>γὰρ</span> <span class='ocrx_word' id='word_1_66' title='bbox 975 1015 1311 1086; x_wconf 79' lang='grc' dir='ltr'>γέγραπται·</span> <span class='ocrx_word' id='word_1_67' title='bbox 1341 1017 1625 1089; x_wconf 79' lang='grc' dir='ltr'><strong>Γενηθήτω</strong></span> <span class='ocrx_word' id='word_1_68' title='bbox 1654 1019 1956 1090; x_wconf 83' lang='grc' dir='ltr'>ἄνθρωπος,</span> 
     </span>
    </p>
   </div>
   <div class='ocr_carea' id='block_1_12' title="bbox 395 1097 1958 1172">
    <p class='ocr_par' dir='ltr' id='par_1_12' title="bbox 395 1097 1958 1172">
     <span class='ocr_line' id='line_1_12' title="bbox 395 1097 1958 1172; baseline 0.008 -21"><span class='ocrx_word' id='word_1_69' title='bbox 395 1097 550 1162; x_wconf 79' lang='grc' dir='ltr'>ἀλλὰ,</span> <span class='ocrx_word' id='word_1_70' title='bbox 577 1099 923 1170; x_wconf 79' lang='grc' dir='ltr'><strong>Ποιήσωμεν</strong></span> <span class='ocrx_word' id='word_1_71' title='bbox 945 1101 1275 1172; x_wconf 75' lang='grc' dir='ltr'>ἄνθρωπον.</span> <span class='ocrx_word' id='word_1_72' title='bbox 1299 1107 1441 1172; x_wconf 85' lang='grc' dir='ltr'><strong>Ἕως</strong></span> <span class='ocrx_word' id='word_1_73' title='bbox 1473 1106 1625 1162; x_wconf 75' lang='grc' dir='ltr'>οὔπω</span> <span class='ocrx_word' id='word_1_74' title='bbox 1655 1111 1682 1162; x_wconf 86' lang='grc' dir='ltr'>ὁ</span> <span class='ocrx_word' id='word_1_75' title='bbox 1713 1109 1958 1162; x_wconf 75' lang='grc' dir='ltr'>διδασκό-</span> 
     </span>
    </p>
   </div>
   <div class='ocr_carea' id='block_1_13' title="bbox 395 1191 1957 1270">
    <p class='ocr_par' dir='ltr' id='par_1_13' title="bbox 395 1191 1957 1270">
     <span class='ocr_line' id='line_1_13' title="bbox 395 1191 1957 1270; baseline 0.008 -29"><span class='ocrx_word' id='word_1_76' title='bbox 395 1206 552 1258; x_wconf 85' lang='grc' dir='ltr'>μενος</span> <span class='ocrx_word' id='word_1_77' title='bbox 587 1191 970 1262; x_wconf 81' lang='grc' dir='ltr'>παρεφαίνετο,</span> <span class='ocrx_word' id='word_1_78' title='bbox 1004 1195 1060 1247; x_wconf 82' lang='grc' dir='ltr'>ὲν</span> <span class='ocrx_word' id='word_1_79' title='bbox 1095 1194 1245 1264; x_wconf 84' lang='grc' dir='ltr'>βάθει</span> <span class='ocrx_word' id='word_1_80' title='bbox 1285 1197 1626 1251; x_wconf 78' lang='grc' dir='ltr'>ὲκεκάλυπτο</span> <span class='ocrx_word' id='word_1_81' title='bbox 1651 1202 1747 1270; x_wconf 83' lang='grc' dir='ltr'>τῆς</span> <span class='ocrx_word' id='word_1_82' title='bbox 1782 1199 1957 1252; x_wconf 86' lang='grc' dir='ltr'>θεολο-</span> 
     </span>
    </p>
   </div>
   <div class='ocr_carea' id='block_1_14' title="bbox 392 1280 1959 1360">
    <p class='ocr_par' dir='ltr' id='par_1_14' title="bbox 392 1280 1959 1360">
     <span class='ocr_line' id='line_1_14' title="bbox 392 1280 1959 1360; baseline 0.008 -28"><span class='ocrx_word' id='word_1_83' title='bbox 392 1280 518 1348; x_wconf 89' lang='grc' dir='ltr'>γίας</span> <span class='ocrx_word' id='word_1_84' title='bbox 544 1282 603 1334; x_wconf 85' lang='grc' dir='ltr'><strong>τὸ</strong></span> <span class='ocrx_word' id='word_1_85' title='bbox 626 1281 734 1351; x_wconf 88' lang='grc'><strong>(69)</strong></span> <span class='ocrx_word' id='word_1_86' title='bbox 765 1285 1054 1355; x_wconf 73' lang='grc' dir='ltr'>κήρυγμαο</span> <span class='ocrx_word' id='word_1_87' title='bbox 1089 1287 1176 1340; x_wconf 84' lang='grc' dir='ltr'>ὅτε</span> <span class='ocrx_word' id='word_1_88' title='bbox 1211 1285 1394 1342; x_wconf 86' lang='grc' dir='ltr'>λοιπὸν</span> <span class='ocrx_word' id='word_1_89' title='bbox 1427 1288 1710 1360; x_wconf 85' lang='grc' dir='ltr'>ἀνθρώπου</span> <span class='ocrx_word' id='word_1_90' title='bbox 1746 1290 1959 1359; x_wconf 87' lang='grc' dir='ltr'>γένεσις</span> 
     </span>
    </p>
   </div>
   <div class='ocr_carea' id='block_1_15' title="bbox 391 1373 1958 1453">
    <p class='ocr_par' dir='ltr' id='par_1_15' title="bbox 391 1373 1958 1453">
     <span class='ocr_line' id='line_1_15' title="bbox 391 1373 1958 1453; baseline 0.006 -29"><span class='ocrx_word' id='word_1_91' title='bbox 391 1373 770 1444; x_wconf 76' lang='grc' dir='ltr'><strong>προσδοκᾶται,</strong></span> <span class='ocrx_word' id='word_1_92' title='bbox 792 1378 1241 1449; x_wconf 82' lang='grc' dir='ltr'>παραγυμνοῦται</span> <span class='ocrx_word' id='word_1_93' title='bbox 1262 1381 1294 1451; x_wconf 73' lang='grc' dir='ltr'>ἡ</span> <span class='ocrx_word' id='word_1_94' title='bbox 1313 1379 1510 1444; x_wconf 82' lang='grc' dir='ltr'><strong>πίστις,</strong></span> <span class='ocrx_word' id='word_1_95' title='bbox 1532 1381 1958 1453; x_wconf 80' lang='grc' dir='ltr'>καὶτρανότερον</span> 
     </span>
    </p>
   </div>
   <div class='ocr_carea' id='block_1_16' title="bbox 391 1463 1958 1543">
    <p class='ocr_par' dir='ltr' id='par_1_16' title="bbox 391 1463 1958 1543">
     <span class='ocr_line' id='line_1_16' title="bbox 391 1463 1958 1543; baseline 0.008 -30"><span class='ocrx_word' id='word_1_96' title='bbox 391 1478 468 1514; x_wconf 88' lang='grc' dir='ltr'><strong>πα</strong></span> <span class='ocrx_word' id='word_1_97' title='bbox 476 1463 791 1534; x_wconf 83' lang='grc' dir='ltr'>ραδηλοῦται</span> <span class='ocrx_word' id='word_1_98' title='bbox 811 1467 911 1538; x_wconf 82' lang='grc' dir='ltr'>τῆς</span> <span class='ocrx_word' id='word_1_99' title='bbox 925 1469 1180 1540; x_wconf 80' lang='grc' dir='ltr'>ἀληθείας</span> <span class='ocrx_word' id='word_1_100' title='bbox 1194 1471 1254 1524; x_wconf 79' lang='grc' dir='ltr'><strong>τὸ</strong></span> <span class='ocrx_word' id='word_1_101' title='bbox 1273 1471 1466 1543; x_wconf 84' lang='grc' dir='ltr'><strong>δόγμα.</strong></span> <span class='ocrx_word' id='word_1_102' title='bbox 1481 1472 1828 1542; x_wconf 78' lang='grc' dir='ltr'>Ποιήσωμεν</span> <span class='ocrx_word' id='word_1_103' title='bbox 1857 1474 1958 1526; x_wconf 79' lang='grc' dir='ltr'>ἀν-</span> 
     </span>
    </p>
   </div>
   <div class='ocr_carea' id='block_1_17' title="bbox 391 1555 1956 1636">
    <p class='ocr_par' dir='ltr' id='par_1_17' title="bbox 391 1555 1956 1636">
     <span class='ocr_line' id='line_1_17' title="bbox 391 1555 1956 1636; baseline 0.007 -29"><span class='ocrx_word' id='word_1_104' title='bbox 391 1557 644 1622; x_wconf 78' lang='grc' dir='ltr'>θρωπον.</span> <span class='ocrx_word' id='word_1_105' title='bbox 663 1559 922 1624; x_wconf 79' lang='grc' dir='ltr'>Ἀκούεις,</span> <span class='ocrx_word' id='word_1_106' title='bbox 946 1555 1366 1634; x_wconf 83' lang='grc' dir='ltr'>ῶΧριστομὰχε,</span> <span class='ocrx_word' id='word_1_107' title='bbox 1392 1563 1565 1635; x_wconf 83' lang='grc' dir='ltr'>ὅτιτῷ</span> <span class='ocrx_word' id='word_1_108' title='bbox 1587 1566 1826 1636; x_wconf 86' lang='grc' dir='ltr'>κοινωνῷ</span> <span class='ocrx_word' id='word_1_109' title='bbox 1845 1567 1956 1635; x_wconf 85' lang='grc'><strong>(70)</strong></span> 
     </span>
    </p>
   </div>
   <div class='ocr_carea' id='block_1_18' title="bbox 389 1648 1958 1725">
    <p class='ocr_par' dir='ltr' id='par_1_18' title="bbox 389 1648 1958 1725">
     <span class='ocr_line' id='line_1_18' title="bbox 389 1648 1958 1725; baseline 0.006 -25"><span class='ocrx_word' id='word_1_110' title='bbox 389 1648 489 1718; x_wconf 85' lang='grc' dir='ltr'>τῆς</span> <span class='ocrx_word' id='word_1_111' title='bbox 505 1649 859 1722; x_wconf 85' lang='grc' dir='ltr'>δημιουργίας</span> <span class='ocrx_word' id='word_1_112' title='bbox 883 1655 1348 1725; x_wconf 84' lang='grc' dir='ltr'>προσδιαλέγεται,</span> <span class='ocrx_word' id='word_1_113' title='bbox 1367 1657 1443 1709; x_wconf 82' lang='grc' dir='ltr'><strong>Δι’</strong></span> <span class='ocrx_word' id='word_1_114' title='bbox 1462 1653 1531 1712; x_wconf 81' lang='grc' dir='ltr'>οὗ</span> <span class='ocrx_word' id='word_1_115' title='bbox 1551 1657 1643 1710; x_wconf 73' lang='grc' dir='ltr'>καὶ</span> <span class='ocrx_word' id='word_1_116' title='bbox 1672 1657 1810 1723; x_wconf 84' lang='grc' dir='ltr'>τοὺς</span> <span class='ocrx_word' id='word_1_117' title='bbox 1827 1657 1958 1710; x_wconf 73' lang='grc' dir='ltr'>αἰῶ-</span> 
     </span>
    </p>
   </div>
   <div class='ocr_carea' id='block_1_19' title="bbox 388 1739 1957 1814">
    <p class='ocr_par' dir='ltr' id='par_1_19' title="bbox 388 1739 1957 1814">
     <span class='ocr_line' id='line_1_19' title="bbox 388 1739 1957 1814; baseline 0.006 -24"><span class='ocrx_word' id='word_1_118' title='bbox 388 1754 501 1803; x_wconf 84' lang='grc' dir='ltr'><strong>νας</strong></span> <span class='ocrx_word' id='word_1_119' title='bbox 529 1739 814 1808; x_wconf 81' lang='grc' dir='ltr'>ἐποίησεν</span> <span class='ocrx_word' id='word_1_120' title='bbox 834 1760 846 1772; x_wconf 91' lang='grc'><strong>·</strong></span> <span class='ocrx_word' id='word_1_121' title='bbox 880 1742 946 1808; x_wconf 87' lang='grc' dir='ltr'>ὃς</span> <span class='ocrx_word' id='word_1_122' title='bbox 972 1743 1136 1812; x_wconf 62' lang='grc' dir='ltr'>φέρει</span> <span class='ocrx_word' id='word_1_123' title='bbox 1177 1745 1247 1797; x_wconf 84' lang='grc' dir='ltr'>τὰ</span> <span class='ocrx_word' id='word_1_124' title='bbox 1279 1746 1598 1814; x_wconf 82' lang='grc' dir='ltr'>σύμπαντα</span> <span class='ocrx_word' id='word_1_125' title='bbox 1631 1745 1710 1810; x_wconf 86' lang='grc' dir='ltr'><strong>τῷ</strong></span> <span class='ocrx_word' id='word_1_126' title='bbox 1740 1748 1957 1814; x_wconf 76' lang='grc' dir='ltr'>ῥήματι</span> 
     </span>
    </p>
   </div>
   <div class='ocr_carea' id='block_1_20' title="bbox 2067 562 3626 636">
    <p class='ocr_par' dir='ltr' id='par_1_20' title="bbox 2067 562 3626 636">
     <span class='ocr_line' id='line_1_20' title="bbox 2067 562 3626 636; baseline 0 -17"><span class='ocrx_word' id='word_1_127' title='bbox 2067 575 2275 636; x_wconf 80' lang='lat' dir='ltr'><strong>urgeat.</strong></span> <span class='ocrx_word' id='word_1_128' title='bbox 2323 567 2702 620; x_wconf 79' lang='lat' dir='ltr'><strong>Verumtamen</strong></span> <span class='ocrx_word' id='word_1_129' title='bbox 2739 562 2830 632; x_wconf 85' lang='lat' dir='ltr'><strong>qui</strong></span> <span class='ocrx_word' id='word_1_130' title='bbox 2871 564 3043 634; x_wconf 91' lang='lat' dir='ltr'><strong>ipsum</strong></span> <span class='ocrx_word' id='word_1_131' title='bbox 3088 563 3368 618; x_wconf 90' lang='lat' dir='ltr'><strong>Dominum</strong></span> <span class='ocrx_word' id='word_1_132' title='bbox 3421 564 3626 620; x_wconf 87' lang='lat' dir='ltr'><strong>calum-</strong></span> 
     </span>
    </p>
   </div>
   <div class='ocr_carea' id='block_1_21' title="bbox 2067 651 3626 721">
    <p class='ocr_par' dir='ltr' id='par_1_21' title="bbox 2067 651 3626 721">
     <span class='ocr_line' id='line_1_21' title="bbox 2067 651 3626 721; baseline -0.002 -11"><span class='ocrx_word' id='word_1_133' title='bbox 2067 655 2206 710; x_wconf 81' lang='lat' dir='ltr'><strong>niari</strong></span> <span class='ocrx_word' id='word_1_134' title='bbox 2235 655 2390 710; x_wconf 88' lang='lat' dir='ltr'><strong>veriti</strong></span> <span class='ocrx_word' id='word_1_135' title='bbox 2418 670 2522 709; x_wconf 87' lang='lat' dir='ltr'><strong>non</strong></span> <span class='ocrx_word' id='word_1_136' title='bbox 2553 665 2698 718; x_wconf 87' lang='lat' dir='ltr'><strong>sunt,</strong></span> <span class='ocrx_word' id='word_1_137' title='bbox 2727 652 2852 720; x_wconf 91' lang='lat' dir='ltr'><strong>quid</strong></span> <span class='ocrx_word' id='word_1_138' title='bbox 2893 652 3071 706; x_wconf 83' lang='lat' dir='ltr'><strong>dicere</strong></span> <span class='ocrx_word' id='word_1_139' title='bbox 3114 665 3220 706; x_wconf 92' lang='lat' dir='ltr'><strong>non</strong></span> <span class='ocrx_word' id='word_1_140' title='bbox 3251 651 3491 721; x_wconf 89' lang='lat' dir='ltr'><strong>possint,</strong></span> <span class='ocrx_word' id='word_1_141' title='bbox 3523 651 3626 707; x_wconf 70' lang='lat' dir='ltr'><strong>lin~</strong></span> 
     </span>
    </p>
   </div>
   <div class='ocr_carea' id='block_1_22' title="bbox 2065 744 3627 818">
    <p class='ocr_par' dir='ltr' id='par_1_22' title="bbox 2065 744 3627 818">
     <span class='ocr_line' id='line_1_22' title="bbox 2065 744 3627 818; baseline -0.001 -18"><span class='ocrx_word' id='word_1_142' title='bbox 2065 764 2220 818; x_wconf 80' lang='lat' dir='ltr'><strong>gnam</strong></span> <span class='ocrx_word' id='word_1_143' title='bbox 2280 747 2540 801; x_wconf 75' lang='lat' dir='ltr'><strong>habentes</strong></span> <span class='ocrx_word' id='word_1_144' title='bbox 2604 745 2668 799; x_wconf 87' lang='lat' dir='ltr'><strong>ad</strong></span> <span class='ocrx_word' id='word_1_145' title='bbox 2723 744 3062 799; x_wconf 88' lang='lat' dir='ltr'><strong>mendacium</strong></span> <span class='ocrx_word' id='word_1_146' title='bbox 3118 744 3509 798; x_wconf 75' lang='lat' dir='ltr'><strong>exercitatam?</strong></span> <span class='ocrx_word' id='word_1_147' title='bbox 3555 745 3627 798; x_wconf 81' lang='lat' dir='ltr'><strong>At</strong></span> 
     </span>
    </p>
   </div>
   <div class='ocr_carea' id='block_1_23' title="bbox 2066 832 3622 907">
    <p class='ocr_par' dir='ltr' id='par_1_23' title="bbox 2066 832 3622 907">
     <span class='ocr_line' id='line_1_23' title="bbox 2066 832 3622 907; baseline -0.003 -16"><span class='ocrx_word' id='word_1_148' title='bbox 2066 853 2299 907; x_wconf 70' lang='lat' dir='ltr'><strong>praesens</strong></span> <span class='ocrx_word' id='word_1_149' title='bbox 2328 853 2427 892; x_wconf 83' lang='lat' dir='ltr'><strong>vox</strong></span> <span class='ocrx_word' id='word_1_150' title='bbox 2461 837 2682 891; x_wconf 88' lang='lat' dir='ltr'><strong>omnino</strong></span> <span class='ocrx_word' id='word_1_151' title='bbox 2729 850 2790 890; x_wconf 91' lang='lat' dir='ltr'><strong>os</strong></span> <span class='ocrx_word' id='word_1_152' title='bbox 2844 835 3080 904; x_wconf 91' lang='lat' dir='ltr'><strong>ipsorum</strong></span> <span class='ocrx_word' id='word_1_153' title='bbox 3125 832 3344 903; x_wconf 90' lang='lat' dir='ltr'><strong>oppilat.</strong></span> <span class='ocrx_word' id='word_1_154' title='bbox 3396 833 3461 886; x_wconf 86' lang='lat' dir='ltr'><strong>Et</strong></span> <span class='ocrx_word' id='word_1_155' title='bbox 3490 835 3622 888; x_wconf 76' lang='lat' dir='ltr'><strong>dixit</strong></span> 
     </span>
    </p>
   </div>
   <div class='ocr_carea' id='block_1_24' title="bbox 2065 924 3624 996">
    <p class='ocr_par' dir='ltr' id='par_1_24' title="bbox 2065 924 3624 996">
     <span class='ocr_line' id='line_1_24' title="bbox 2065 924 3624 996; baseline -0.004 -10"><span class='ocrx_word' id='word_1_156' title='bbox 2065 932 2201 986; x_wconf 86' lang='lat' dir='ltr'><strong>Deus</strong></span> <span class='ocrx_word' id='word_1_157' title='bbox 2233 947 2250 984; x_wconf 91' lang='lat'><strong><em>:</em></strong></span> <span class='ocrx_word' id='word_1_158' title='bbox 2273 929 2561 984; x_wconf 73' lang='lat' dir='ltr'><strong>Faciamus</strong></span> <span class='ocrx_word' id='word_1_159' title='bbox 2588 929 2867 983; x_wconf 80' lang='lat' dir='ltr'><strong>hominem.</strong></span> <span class='ocrx_word' id='word_1_160' title='bbox 2891 926 3184 996; x_wconf 85' lang='lat' dir='ltr'><strong>Nuncjam,</strong></span> <span class='ocrx_word' id='word_1_161' title='bbox 3207 925 3292 980; x_wconf 92' lang='lat' dir='ltr'><strong>dic</strong></span> <span class='ocrx_word' id='word_1_162' title='bbox 3318 924 3471 991; x_wconf 80' lang='lat' dir='ltr'><strong>mibi,</strong></span> <span class='ocrx_word' id='word_1_163' title='bbox 3493 941 3624 980; x_wconf 87' lang='lat' dir='ltr'><strong>nun-</strong></span> 
     </span>
    </p>
   </div>
   <div class='ocr_carea' id='block_1_25' title="bbox 2063 1017 3617 1092">
    <p class='ocr_par' dir='ltr' id='par_1_25' title="bbox 2063 1017 3617 1092">
     <span class='ocr_line' id='line_1_25' title="bbox 2063 1017 3617 1092; baseline -0.003 -18"><span class='ocrx_word' id='word_1_164' title='bbox 2063 1022 2191 1092; x_wconf 83' lang='lat' dir='ltr'><strong>quid</strong></span> <span class='ocrx_word' id='word_1_165' title='bbox 2233 1022 2386 1076; x_wconf 86' lang='lat' dir='ltr'><strong>unica</strong></span> <span class='ocrx_word' id='word_1_166' title='bbox 2433 1027 2514 1076; x_wconf 93' lang='lat' dir='ltr'><strong>est</strong></span> <span class='ocrx_word' id='word_1_167' title='bbox 2561 1019 2822 1089; x_wconf 85' lang='lat' dir='ltr'><strong>persona?</strong></span> <span class='ocrx_word' id='word_1_168' title='bbox 2854 1017 2968 1072; x_wconf 80' lang='lat' dir='ltr'><strong>Non</strong></span> <span class='ocrx_word' id='word_1_169' title='bbox 3009 1017 3153 1072; x_wconf 90' lang='lat' dir='ltr'><strong>enim</strong></span> <span class='ocrx_word' id='word_1_170' title='bbox 3200 1017 3461 1086; x_wconf 91' lang='lat' dir='ltr'><strong>scriptum</strong></span> <span class='ocrx_word' id='word_1_171' title='bbox 3493 1024 3617 1071; x_wconf 88' lang='lat' dir='ltr'><strong>est:</strong></span> 
     </span>
    </p>
   </div>
   <div class='ocr_carea' id='block_1_26' title="bbox 2065 1106 3624 1177">
    <p class='ocr_par' dir='ltr' id='par_1_26' title="bbox 2065 1106 3624 1177">
     <span class='ocr_line' id='line_1_26' title="bbox 2065 1106 3624 1177; baseline -0.003 -11"><span class='ocrx_word' id='word_1_172' title='bbox 2065 1114 2181 1168; x_wconf 83' lang='lat' dir='ltr'><strong>Fiat</strong></span> <span class='ocrx_word' id='word_1_173' title='bbox 2247 1115 2446 1177; x_wconf 90' lang='lat' dir='ltr'><strong>homo,</strong></span> <span class='ocrx_word' id='word_1_174' title='bbox 2509 1111 2642 1174; x_wconf 88' lang='lat' dir='ltr'><strong>sed,</strong></span> <span class='ocrx_word' id='word_1_175' title='bbox 2700 1107 2984 1162; x_wconf 79' lang='lat' dir='ltr'><strong>Faciamus</strong></span> <span class='ocrx_word' id='word_1_176' title='bbox 3054 1106 3344 1174; x_wconf 62' lang='lat' dir='ltr'><strong>hominem,</strong></span> <span class='ocrx_word' id='word_1_177' title='bbox 3373 1106 3624 1174; x_wconf 86' lang='lat' dir='ltr'><strong>Quandiu</strong></span> 
     </span>
    </p>
   </div>
   <div class='ocr_carea' id='block_1_27' title="bbox 2064 1198 3622 1272">
    <p class='ocr_par' dir='ltr' id='par_1_27' title="bbox 2064 1198 3622 1272">
     <span class='ocr_line' id='line_1_27' title="bbox 2064 1198 3622 1272; baseline -0.004 -14"><span class='ocrx_word' id='word_1_178' title='bbox 2064 1205 2295 1258; x_wconf 92' lang='lat' dir='ltr'><strong>nondum</strong></span> <span class='ocrx_word' id='word_1_179' title='bbox 2321 1203 2610 1272; x_wconf 86' lang='lat' dir='ltr'><strong>apparebat</strong></span> <span class='ocrx_word' id='word_1_180' title='bbox 2647 1200 2738 1270; x_wconf 89' lang='lat' dir='ltr'><strong>qui</strong></span> <span class='ocrx_word' id='word_1_181' title='bbox 2771 1201 3076 1260; x_wconf 88' lang='lat' dir='ltr'><strong>doceretur,</strong></span> <span class='ocrx_word' id='word_1_182' title='bbox 3130 1198 3182 1251; x_wconf 92' lang='lat' dir='ltr'><strong>in</strong></span> <span class='ocrx_word' id='word_1_183' title='bbox 3232 1198 3498 1266; x_wconf 80' lang='lat' dir='ltr'><strong>profundo</strong></span> <span class='ocrx_word' id='word_1_184' title='bbox 3528 1212 3622 1252; x_wconf 86' lang='lat' dir='ltr'><strong>oc-</strong></span> 
     </span>
    </p>
   </div>
   <div class='ocr_carea' id='block_1_28' title="bbox 2062 1287 3623 1358">
    <p class='ocr_par' dir='ltr' id='par_1_28' title="bbox 2062 1287 3623 1358">
     <span class='ocr_line' id='line_1_28' title="bbox 2062 1287 3623 1358; baseline -0.003 -13"><span class='ocrx_word' id='word_1_185' title='bbox 2062 1292 2201 1345; x_wconf 89' lang='lat' dir='ltr'><strong>cnlta</strong></span> <span class='ocrx_word' id='word_1_186' title='bbox 2245 1300 2364 1344; x_wconf 89' lang='lat' dir='ltr'><strong>erat</strong></span> <span class='ocrx_word' id='word_1_187' title='bbox 2411 1289 2688 1357; x_wconf 73' lang='lat' dir='ltr'><strong>theologia:</strong></span> <span class='ocrx_word' id='word_1_188' title='bbox 2740 1288 3050 1358; x_wconf 66' lang='lat' dir='ltr'><strong>praedicatio</strong></span> <span class='ocrx_word' id='word_1_189' title='bbox 3086 1305 3100 1340; x_wconf 88' lang='lat'><strong>:</strong></span> <span class='ocrx_word' id='word_1_190' title='bbox 3145 1301 3267 1340; x_wconf 92' lang='lat' dir='ltr'><strong>cum</strong></span> <span class='ocrx_word' id='word_1_191' title='bbox 3316 1297 3493 1341; x_wconf 89' lang='lat' dir='ltr'><strong>autem</strong></span> <span class='ocrx_word' id='word_1_192' title='bbox 3528 1287 3623 1340; x_wconf 87' lang='lat' dir='ltr'><strong>lto-</strong></span> 
     </span>
    </p>
   </div>
   <div class='ocr_carea' id='block_1_29' title="bbox 2062 1377 3621 1451">
    <p class='ocr_par' dir='ltr' id='par_1_29' title="bbox 2062 1377 3621 1451">
     <span class='ocr_line' id='line_1_29' title="bbox 2062 1377 3621 1451; baseline -0.003 -15"><span class='ocrx_word' id='word_1_193' title='bbox 2062 1383 2220 1436; x_wconf 73' lang='lat' dir='ltr'><strong>minis</strong></span> <span class='ocrx_word' id='word_1_194' title='bbox 2239 1390 2576 1451; x_wconf 81' lang='lat' dir='ltr'><strong>exspectatur</strong></span> <span class='ocrx_word' id='word_1_195' title='bbox 2589 1380 2882 1448; x_wconf 84' lang='lat' dir='ltr'><strong>generatio,</strong></span> <span class='ocrx_word' id='word_1_196' title='bbox 2902 1379 3198 1432; x_wconf 88' lang='lat' dir='ltr'><strong>denudatur</strong></span> <span class='ocrx_word' id='word_1_197' title='bbox 3220 1377 3370 1442; x_wconf 81' lang='lat' dir='ltr'><strong>ﬁdes,</strong></span> <span class='ocrx_word' id='word_1_198' title='bbox 3393 1377 3621 1432; x_wconf 83' lang='lat' dir='ltr'><strong>clarius-</strong></span> 
     </span>
    </p>
   </div>
   <div class='ocr_carea' id='block_1_30' title="bbox 2059 1467 3620 1540">
    <p class='ocr_par' dir='ltr' id='par_1_30' title="bbox 2059 1467 3620 1540">
     <span class='ocr_line' id='line_1_30' title="bbox 2059 1467 3620 1540; baseline -0.001 -16"><span class='ocrx_word' id='word_1_199' title='bbox 2059 1487 2162 1540; x_wconf 87' lang='lat' dir='ltr'><strong>que</strong></span> <span class='ocrx_word' id='word_1_200' title='bbox 2202 1471 2464 1526; x_wconf 85' lang='lat' dir='ltr'><strong>revelatur</strong></span> <span class='ocrx_word' id='word_1_201' title='bbox 2497 1468 2740 1524; x_wconf 86' lang='lat' dir='ltr'><strong>veritatis</strong></span> <span class='ocrx_word' id='word_1_202' title='bbox 2776 1469 2989 1539; x_wconf 85' lang='lat' dir='ltr'><strong>dogma.</strong></span> <span class='ocrx_word' id='word_1_203' title='bbox 3014 1467 3300 1522; x_wconf 83' lang='lat' dir='ltr'><strong>Faciamus</strong></span> <span class='ocrx_word' id='word_1_204' title='bbox 3337 1468 3620 1522; x_wconf 78' lang='lat' dir='ltr'><strong>hominem.</strong></span> 
     </span>
    </p>
   </div>
   <div class='ocr_carea' id='block_1_31' title="bbox 2059 1559 3624 1630">
    <p class='ocr_par' dir='ltr' id='par_1_31' title="bbox 2059 1559 3624 1630">
     <span class='ocr_line' id='line_1_31' title="bbox 2059 1559 3624 1630; baseline -0.003 -12"><span class='ocrx_word' id='word_1_205' title='bbox 2059 1563 2248 1628; x_wconf 80' lang='lat' dir='ltr'><strong>Audis,</strong></span> <span class='ocrx_word' id='word_1_206' title='bbox 2293 1578 2326 1616; x_wconf 91' lang='grc' dir='ltr'><strong>ο</strong></span> <span class='ocrx_word' id='word_1_207' title='bbox 2357 1561 2558 1616; x_wconf 87' lang='lat' dir='ltr'><strong>Christi</strong></span> <span class='ocrx_word' id='word_1_208' title='bbox 2607 1570 2967 1630; x_wconf 79' lang='lat' dir='ltr'><strong>oppugnator,</strong></span> <span class='ocrx_word' id='word_1_209' title='bbox 3011 1559 3187 1627; x_wconf 90' lang='lat' dir='ltr'><strong>ipsum</strong></span> <span class='ocrx_word' id='word_1_210' title='bbox 3237 1561 3304 1615; x_wconf 86' lang='lat' dir='ltr'><strong>ad</strong></span> <span class='ocrx_word' id='word_1_211' title='bbox 3341 1559 3499 1616; x_wconf 79' lang='lat' dir='ltr'><strong>oﬂicii</strong></span> <span class='ocrx_word' id='word_1_212' title='bbox 3535 1574 3624 1614; x_wconf 88' lang='lat' dir='ltr'><strong>so-</strong></span> 
     </span>
    </p>
   </div>
   <div class='ocr_carea' id='block_1_32' title="bbox 2059 1642 3620 1722">
    <p class='ocr_par' dir='ltr' id='par_1_32' title="bbox 2059 1642 3620 1722">
     <span class='ocr_line' id='line_1_32' title="bbox 2059 1642 3620 1722; baseline -0.003 -12"><span class='ocrx_word' id='word_1_213' title='bbox 2059 1658 2199 1710; x_wconf 89' lang='lat' dir='ltr'><strong>cium</strong></span> <span class='ocrx_word' id='word_1_214' title='bbox 2239 1654 2380 1722; x_wconf 85' lang='lat' dir='ltr'><strong>loqui</strong></span> <span class='ocrx_word' id='word_1_215' title='bbox 2414 1669 2427 1706; x_wconf 88' lang='lat'><strong>:</strong></span> <span class='ocrx_word' id='word_1_216' title='bbox 2463 1642 2566 1708; x_wconf 79' lang='lat' dir='ltr'><strong>Per</strong></span> <span class='ocrx_word' id='word_1_217' title='bbox 2607 1669 2756 1722; x_wconf 85' lang='lat' dir='ltr'><strong>quem</strong></span> <span class='ocrx_word' id='word_1_218' title='bbox 2807 1651 2928 1720; x_wconf 84' lang='lat' dir='ltr'><strong>fecit</strong></span> <span class='ocrx_word' id='word_1_219' title='bbox 2969 1660 3014 1704; x_wconf 81' lang='lat' dir='ltr'><strong>et</strong></span> <span class='ocrx_word' id='word_1_220' title='bbox 3049 1651 3280 1716; x_wconf 60' lang='lat' dir='ltr'><strong>saecula;</strong></span> <span class='ocrx_word' id='word_1_221' title='bbox 3321 1653 3410 1722; x_wconf 85' lang='lat' dir='ltr'><strong>qui</strong></span> <span class='ocrx_word' id='word_1_222' title='bbox 3449 1664 3620 1721; x_wconf 83' lang='lat' dir='ltr'><strong>portat</strong></span> 
     </span>
    </p>
   </div>
   <div class='ocr_carea' id='block_1_33' title="bbox 2059 1741 3620 1802">
    <p class='ocr_par' dir='ltr' id='par_1_33' title="bbox 2059 1741 3620 1802">
     <span class='ocr_line' id='line_1_33' title="bbox 2059 1741 3620 1802; baseline -0.003 -1"><span class='ocrx_word' id='word_1_223' title='bbox 2059 1751 2231 1802; x_wconf 73' lang='lat' dir='ltr'><strong>omnia</strong></span> <span class='ocrx_word' id='word_1_224' title='bbox 2274 1747 2420 1801; x_wconf 82' lang='lat' dir='ltr'><strong>verba</strong></span> <span class='ocrx_word' id='word_1_225' title='bbox 2458 1745 2659 1799; x_wconf 81' lang='lat' dir='ltr'><strong>virtutis</strong></span> <span class='ocrx_word' id='word_1_226' title='bbox 2697 1759 2808 1798; x_wconf 68' lang='lat' dir='ltr'><strong>sua:</strong></span> <span class='ocrx_word' id='word_1_227' title='bbox 2847 1743 2913 1793; x_wconf 81' lang='grc'><strong>³³.</strong></span> <span class='ocrx_word' id='word_1_228' title='bbox 2953 1741 3059 1797; x_wconf 88' lang='lat' dir='ltr'><strong>Sed</strong></span> <span class='ocrx_word' id='word_1_229' title='bbox 3107 1759 3212 1797; x_wconf 89' lang='lat' dir='ltr'><strong>non</strong></span> <span class='ocrx_word' id='word_1_230' title='bbox 3255 1744 3416 1799; x_wconf 87' lang='lat' dir='ltr'><strong>tacite</strong></span> <span class='ocrx_word' id='word_1_231' title='bbox 3459 1743 3620 1799; x_wconf 84' lang='lat' dir='ltr'><strong>verba</strong></span> 
     </span>
    </p>
   </div>
   <div class='ocr_carea' id='block_1_34' title="bbox 388 1829 1953 1911">
    <p class='ocr_par' dir='ltr' id='par_1_34' title="bbox 388 1829 1953 1911">
     <span class='ocr_line' id='line_1_34' title="bbox 388 1829 1953 1911; baseline 0.005 -27"><span class='ocrx_word' id='word_1_232' title='bbox 388 1829 500 1900; x_wconf 79' lang='grc' dir='ltr'>τῆς</span> <span class='ocrx_word' id='word_1_233' title='bbox 531 1831 833 1902; x_wconf 79' lang='grc' dir='ltr'>δυνάμεως</span> <span class='ocrx_word' id='word_1_234' title='bbox 859 1837 1066 1892; x_wconf 85' lang='grc' dir='ltr'>αὑτοῦ.</span> <span class='ocrx_word' id='word_1_235' title='bbox 1114 1837 1252 1890; x_wconf 81' lang='grc' dir='ltr'>Ἀλλ’</span> <span class='ocrx_word' id='word_1_236' title='bbox 1285 1839 1345 1890; x_wconf 84' lang='grc' dir='ltr'><strong>οὑ</strong></span> <span class='ocrx_word' id='word_1_237' title='bbox 1373 1839 1480 1909; x_wconf 80' lang='grc' dir='ltr'>γὰρ</span> <span class='ocrx_word' id='word_1_238' title='bbox 1507 1841 1682 1910; x_wconf 78' lang='grc' dir='ltr'>ἡσυχῆ</span> <span class='ocrx_word' id='word_1_239' title='bbox 1718 1840 1953 1911; x_wconf 83' lang='grc' dir='ltr'>παραδέ·</span> 
     </span>
    </p>
   </div>
   <div class='ocr_carea' id='block_1_35' title="bbox 2056 1829 3623 1911">
    <p class='ocr_par' dir='ltr' id='par_1_35' title="bbox 2061 1835 3623 1909">
     <span class='ocr_line' id='line_1_35' title="bbox 2061 1835 3623 1909; baseline -0.003 -15"><span class='ocrx_word' id='word_1_240' title='bbox 2061 1841 2260 1909; x_wconf 74' lang='lat' dir='ltr'><strong>excipit</strong></span> <span class='ocrx_word' id='word_1_241' title='bbox 2299 1838 2514 1906; x_wconf 89' lang='lat' dir='ltr'><strong>pietatis</strong></span> <span class='ocrx_word' id='word_1_242' title='bbox 2543 1855 2555 1890; x_wconf 92' lang='lat'><strong>:</strong></span> <span class='ocrx_word' id='word_1_243' title='bbox 2587 1848 2644 1890; x_wconf 85' lang='lat' dir='ltr'><strong>at</strong></span> <span class='ocrx_word' id='word_1_244' title='bbox 2673 1835 3122 1905; x_wconf 86' lang='lat' dir='ltr'><strong>quemadmodum</strong></span> <span class='ocrx_word' id='word_1_245' title='bbox 3165 1835 3350 1888; x_wconf 78' lang='lat' dir='ltr'><strong>bestia:</strong></span> <span class='ocrx_word' id='word_1_246' title='bbox 3379 1851 3497 1904; x_wconf 70' lang='lat' dir='ltr'><strong>quae</strong></span> <span class='ocrx_word' id='word_1_247' title='bbox 3525 1837 3623 1890; x_wconf 88' lang='lat' dir='ltr'><strong>ho-</strong></span> 
     </span>
    </p>
   </div>
   <div class='ocr_carea' id='block_1_36' title="bbox 387 1923 1958 2000">
    <p class='ocr_par' dir='ltr' id='par_1_36' title="bbox 387 1923 1958 2000">
     <span class='ocr_line' id='line_1_36' title="bbox 387 1923 1958 2000; baseline 0.006 -27"><span class='ocrx_word' id='word_1_248' title='bbox 387 1939 541 1993; x_wconf 85' lang='grc' dir='ltr'>χεται</span> <span class='ocrx_word' id='word_1_249' title='bbox 561 1923 650 1976; x_wconf 87' lang='grc' dir='ltr'><strong>τὸν</strong></span> <span class='ocrx_word' id='word_1_250' title='bbox 677 1923 831 1992; x_wconf 87' lang='grc' dir='ltr'>λόγον</span> <span class='ocrx_word' id='word_1_251' title='bbox 853 1926 948 1994; x_wconf 80' lang='grc' dir='ltr'>τῆς</span> <span class='ocrx_word' id='word_1_252' title='bbox 978 1926 1253 1988; x_wconf 75' lang='grc' dir='ltr'>εὐσεϐείας</span> <span class='ocrx_word' id='word_1_253' title='bbox 1275 1944 1287 1956; x_wconf 70' lang='grc'><strong><em>⁸</em></strong></span> <span class='ocrx_word' id='word_1_254' title='bbox 1320 1925 1508 1998; x_wconf 83' lang='grc' dir='ltr'>ὥσπερ</span> <span class='ocrx_word' id='word_1_255' title='bbox 1537 1928 1594 1981; x_wconf 79' lang='grc' dir='ltr'>δὲ</span> <span class='ocrx_word' id='word_1_256' title='bbox 1619 1927 1724 1980; x_wconf 85' lang='grc' dir='ltr'><strong>τῶν</strong></span> <span class='ocrx_word' id='word_1_257' title='bbox 1757 1927 1958 2000; x_wconf 78' lang='grc' dir='ltr'>Θηρίων</span> 
     </span>
    </p>
   </div>
   <div class='ocr_carea' id='block_1_37' title="bbox 386 2012 1959 2085">
    <p class='ocr_par' dir='ltr' id='par_1_37' title="bbox 386 2012 1959 2085">
     <span class='ocr_line' id='line_1_37' title="bbox 386 2012 1959 2085; baseline 0.004 -21"><span class='ocrx_word' id='word_1_258' title='bbox 386 2012 455 2065; x_wconf 80' lang='grc' dir='ltr'>τὰ</span> <span class='ocrx_word' id='word_1_259' title='bbox 501 2013 1020 2084; x_wconf 86' lang='grc' dir='ltr'>μισανθρωπὸτατα,</span> <span class='ocrx_word' id='word_1_260' title='bbox 1071 2016 1288 2069; x_wconf 75' lang='grc' dir='ltr'>ἐπειδὰν</span> <span class='ocrx_word' id='word_1_261' title='bbox 1332 2021 1442 2081; x_wconf 83' lang='grc' dir='ltr'>τοῖς</span> <span class='ocrx_word' id='word_1_262' title='bbox 1484 2016 1715 2085; x_wconf 82' lang='grc' dir='ltr'>ζώγροις</span> <span class='ocrx_word' id='word_1_263' title='bbox 1767 2019 1959 2071; x_wconf 77' lang='grc' dir='ltr'>ἐναπο-</span> 
     </span>
    </p>
   </div>
   <div class='ocr_carea' id='block_1_38' title="bbox 387 2090 1958 2177">
    <p class='ocr_par' dir='ltr' id='par_1_38' title="bbox 387 2090 1958 2177">
     <span class='ocr_line' id='line_1_38' title="bbox 387 2090 1958 2177; baseline 0.004 -24"><span class='ocrx_word' id='word_1_264' title='bbox 387 2098 629 2171; x_wconf 82' lang='grc' dir='ltr'>κλεισθῇ,</span> <span class='ocrx_word' id='word_1_265' title='bbox 679 2102 1066 2173; x_wconf 84' lang='grc' dir='ltr'>περιϐρύχεται</span> <span class='ocrx_word' id='word_1_266' title='bbox 1105 2105 1214 2174; x_wconf 88' lang='grc'><strong>(71)</strong></span> <span class='ocrx_word' id='word_1_267' title='bbox 1259 2107 1368 2168; x_wconf 84' lang='grc' dir='ltr'>τοῖς</span> <span class='ocrx_word' id='word_1_268' title='bbox 1414 2090 1730 2177; x_wconf 79' lang='grc' dir='ltr'>κυλίνδροις,</span> <span class='ocrx_word' id='word_1_269' title='bbox 1761 2106 1820 2158; x_wconf 84' lang='grc' dir='ltr'><strong>τὸ</strong></span> <span class='ocrx_word' id='word_1_270' title='bbox 1861 2107 1958 2176; x_wconf 86' lang='grc' dir='ltr'><strong>μὲν</strong></span> 
     </span>
    </p>
   </div>
   <div class='ocr_carea' id='block_1_39' title="bbox 385 2191 1957 2268">
    <p class='ocr_par' dir='ltr' id='par_1_39' title="bbox 385 2191 1957 2268">
     <span class='ocr_line' id='line_1_39' title="bbox 385 2191 1957 2268; baseline 0.005 -26"><span class='ocrx_word' id='word_1_271' title='bbox 385 2191 584 2262; x_wconf 83' lang='grc' dir='ltr'>πικρὸν</span> <span class='ocrx_word' id='word_1_272' title='bbox 613 2193 705 2245; x_wconf 78' lang='grc' dir='ltr'><strong>καὶ</strong></span> <span class='ocrx_word' id='word_1_273' title='bbox 730 2195 1003 2266; x_wconf 84' lang='grc' dir='ltr'>ἀνήμερον</span> <span class='ocrx_word' id='word_1_274' title='bbox 1045 2195 1144 2265; x_wconf 84' lang='grc' dir='ltr'>τῆς</span> <span class='ocrx_word' id='word_1_275' title='bbox 1185 2195 1394 2264; x_wconf 76' lang='grc' dir='ltr'>φύσεως</span> <span class='ocrx_word' id='word_1_276' title='bbox 1430 2197 1830 2268; x_wconf 75' lang='grc' dir='ltr'>ἐνδεικνύμενα,</span> <span class='ocrx_word' id='word_1_277' title='bbox 1864 2199 1957 2250; x_wconf 82' lang='grc' dir='ltr'><strong>ἐκ-</strong></span> 
     </span>
    </p>
   </div>
   <div class='ocr_carea' id='block_1_40' title="bbox 387 2281 1958 2356">
    <p class='ocr_par' dir='ltr' id='par_1_40' title="bbox 387 2281 1958 2356">
     <span class='ocr_line' id='line_1_40' title="bbox 387 2281 1958 2356; baseline 0.004 -23"><span class='ocrx_word' id='word_1_278' title='bbox 387 2281 673 2354; x_wconf 83' lang='grc' dir='ltr'>πληρῶσαι</span> <span class='ocrx_word' id='word_1_279' title='bbox 724 2284 780 2338; x_wconf 81' lang='grc' dir='ltr'>δὲ</span> <span class='ocrx_word' id='word_1_280' title='bbox 819 2287 916 2356; x_wconf 81' lang='grc' dir='ltr'><strong>τὴν</strong></span> <span class='ocrx_word' id='word_1_281' title='bbox 963 2287 1160 2356; x_wconf 88' lang='grc' dir='ltr'>μανίαν</span> <span class='ocrx_word' id='word_1_282' title='bbox 1199 2288 1300 2339; x_wconf 86' lang='grc' dir='ltr'><strong>ούκ</strong></span> <span class='ocrx_word' id='word_1_283' title='bbox 1344 2287 1566 2356; x_wconf 79' lang='grc' dir='ltr'>ἔχοντα·</span> <span class='ocrx_word' id='word_1_284' title='bbox 1607 2286 1750 2340; x_wconf 76' lang='grc' dir='ltr'>οὕτω</span> <span class='ocrx_word' id='word_1_285' title='bbox 1788 2287 1878 2339; x_wconf 74' lang='grc' dir='ltr'>καὶ</span> <span class='ocrx_word' id='word_1_286' title='bbox 1900 2287 1958 2340; x_wconf 79' lang='grc' dir='ltr'><strong>τὸ</strong></span> 
     </span>
    </p>
   </div>
   <div class='ocr_carea' id='block_1_41' title="bbox 388 2373 1957 2448">
    <p class='ocr_par' dir='ltr' id='par_1_41' title="bbox 388 2373 1957 2448">
     <span class='ocr_line' id='line_1_41' title="bbox 388 2373 1957 2448; baseline 0.002 -23"><span class='ocrx_word' id='word_1_287' title='bbox 388 2373 579 2445; x_wconf 78' lang='grc' dir='ltr'>ἐχθρὸν</span> <span class='ocrx_word' id='word_1_288' title='bbox 606 2375 704 2444; x_wconf 83' lang='grc' dir='ltr'>τῆς</span> <span class='ocrx_word' id='word_1_289' title='bbox 725 2375 982 2445; x_wconf 85' lang='grc' dir='ltr'>ἀληθείας</span> <span class='ocrx_word' id='word_1_290' title='bbox 1011 2377 1165 2446; x_wconf 85' lang='grc' dir='ltr'>γένος</span> <span class='ocrx_word' id='word_1_291' title='bbox 1197 2379 1243 2429; x_wconf 81' lang='grc' dir='ltr'>οἱ</span> <span class='ocrx_word' id='word_1_292' title='bbox 1282 2378 1543 2442; x_wconf 83' lang='grc' dir='ltr'>Ἰουδαῖοι,</span> <span class='ocrx_word' id='word_1_293' title='bbox 1595 2377 1957 2448; x_wconf 79' lang='grc' dir='ltr'>στενοχωρού-</span> 
     </span>
    </p>
   </div>
   <div class='ocr_carea' id='block_1_42' title="bbox 385 2467 1957 2541">
    <p class='ocr_par' dir='ltr' id='par_1_42' title="bbox 385 2467 1957 2541">
     <span class='ocr_line' id='line_1_42' title="bbox 385 2467 1957 2541; baseline 0 -21"><span class='ocrx_word' id='word_1_294' title='bbox 385 2483 538 2540; x_wconf 80' lang='grc' dir='ltr'>μενοι</span> <span class='ocrx_word' id='word_1_295' title='bbox 573 2467 704 2538; x_wconf 74' lang='lat'><strong>(7‘2),</strong></span> <span class='ocrx_word' id='word_1_296' title='bbox 741 2467 935 2534; x_wconf 81' lang='grc' dir='ltr'>Πολλὰ,</span> <span class='ocrx_word' id='word_1_297' title='bbox 961 2469 1142 2538; x_wconf 71' lang='grc' dir='ltr'>φασὶν,</span> <span class='ocrx_word' id='word_1_298' title='bbox 1177 2469 1291 2522; x_wconf 78' lang='grc' dir='ltr'>ἔστι</span> <span class='ocrx_word' id='word_1_299' title='bbox 1317 2470 1381 2522; x_wconf 78' lang='grc' dir='ltr'>τὰ</span> <span class='ocrx_word' id='word_1_300' title='bbox 1409 2470 1672 2541; x_wconf 87' lang='grc' dir='ltr'>πρόσωπα</span> <span class='ocrx_word' id='word_1_301' title='bbox 1700 2469 1835 2539; x_wconf 84' lang='grc' dir='ltr'>πρὸς</span> <span class='ocrx_word' id='word_1_302' title='bbox 1865 2469 1957 2532; x_wconf 65' lang='grc' dir='ltr'><strong>οὓς</strong></span> 
     </span>
    </p>
   </div>
   <div class='ocr_carea' id='block_1_43' title="bbox 382 2557 1956 2632">
    <p class='ocr_par' dir='ltr' id='par_1_43' title="bbox 382 2557 1956 2632">
     <span class='ocr_line' id='line_1_43' title="bbox 382 2557 1956 2632; baseline 0.001 -22"><span class='ocrx_word' id='word_1_303' title='bbox 382 2559 413 2611; x_wconf 82' lang='grc' dir='ltr'><em>ὁ</em></span> <span class='ocrx_word' id='word_1_304' title='bbox 460 2557 615 2626; x_wconf 85' lang='grc' dir='ltr'>λόγος</span> <span class='ocrx_word' id='word_1_305' title='bbox 669 2558 858 2628; x_wconf 85' lang='grc' dir='ltr'>γέγονε</span> <span class='ocrx_word' id='word_1_306' title='bbox 897 2561 990 2613; x_wconf 82' lang='grc' dir='ltr'>τοῦ</span> <span class='ocrx_word' id='word_1_307' title='bbox 1023 2559 1178 2613; x_wconf 81' lang='grc' dir='ltr'>Θεοῦ.</span> <span class='ocrx_word' id='word_1_308' title='bbox 1223 2561 1344 2624; x_wconf 85' lang='grc' dir='ltr'>Τοῖς</span> <span class='ocrx_word' id='word_1_309' title='bbox 1382 2560 1632 2628; x_wconf 81' lang='grc' dir='ltr'>ἀγγέλοις</span> <span class='ocrx_word' id='word_1_310' title='bbox 1663 2560 1771 2632; x_wconf 84' lang='grc' dir='ltr'><strong>γὰρ</strong></span> <span class='ocrx_word' id='word_1_311' title='bbox 1811 2560 1956 2628; x_wconf 83' lang='grc' dir='ltr'>λέγει</span> 
     </span>
    </p>
   </div>
   <div class='ocr_carea' id='block_1_44' title="bbox 382 2649 1958 2721">
    <p class='ocr_par' dir='ltr' id='par_1_44' title="bbox 382 2649 1958 2721">
     <span class='ocr_line' id='line_1_44' title="bbox 382 2649 1958 2721; baseline 0.002 -21"><span class='ocrx_word' id='word_1_312' title='bbox 382 2649 496 2712; x_wconf 80' lang='grc' dir='ltr'>τοῖς</span> <span class='ocrx_word' id='word_1_313' title='bbox 521 2649 860 2719; x_wconf 81' lang='grc' dir='ltr'>παρεστῶσιν</span> <span class='ocrx_word' id='word_1_314' title='bbox 887 2651 1035 2721; x_wconf 86' lang='grc' dir='ltr'>αὐτῷ</span> <span class='ocrx_word' id='word_1_315' title='bbox 1053 2667 1066 2680; x_wconf 79' lang='grc'><strong><em>⁸</em></strong></span> <span class='ocrx_word' id='word_1_316' title='bbox 1096 2650 1446 2720; x_wconf 83' lang='grc' dir='ltr'>Ποιήσωμεν</span> <span class='ocrx_word' id='word_1_317' title='bbox 1467 2650 1796 2719; x_wconf 80' lang='grc' dir='ltr'>ἄνθρωπον.</span> <span class='ocrx_word' id='word_1_318' title='bbox 1828 2650 1958 2704; x_wconf 84' lang='grc' dir='ltr'>Ἰου-</span> 
     </span>
    </p>
   </div>
   <div class='ocr_carea' id='block_1_45' title="bbox 383 2739 1958 2814">
    <p class='ocr_par' dir='ltr' id='par_1_45' title="bbox 383 2739 1958 2814">
     <span class='ocr_line' id='line_1_45' title="bbox 383 2739 1958 2814; baseline 0.002 -21"><span class='ocrx_word' id='word_1_319' title='bbox 383 2739 569 2795; x_wconf 82' lang='grc' dir='ltr'>δαϊκὸν</span> <span class='ocrx_word' id='word_1_320' title='bbox 597 2742 658 2794; x_wconf 86' lang='grc' dir='ltr'><strong>τὸ</strong></span> <span class='ocrx_word' id='word_1_321' title='bbox 684 2740 928 2812; x_wconf 82' lang='grc' dir='ltr'>πλάσμα,</span> <span class='ocrx_word' id='word_1_322' title='bbox 960 2743 1058 2812; x_wconf 83' lang='grc' dir='ltr'>τῆς</span> <span class='ocrx_word' id='word_1_323' title='bbox 1091 2743 1298 2795; x_wconf 74' lang='grc' dir='ltr'>ἐκεῖθεν</span> <span class='ocrx_word' id='word_1_324' title='bbox 1343 2743 1588 2806; x_wconf 79' lang='grc' dir='ltr'>εὐκολίας</span> <span class='ocrx_word' id='word_1_325' title='bbox 1632 2744 1691 2796; x_wconf 77' lang='grc' dir='ltr'>τὸ</span> <span class='ocrx_word' id='word_1_326' title='bbox 1733 2743 1958 2814; x_wconf 79' lang='grc' dir='ltr'>μυθολό-</span> 
     </span>
    </p>
   </div>
   <div class='ocr_carea' id='block_1_46' title="bbox 383 2833 1954 2906">
    <p class='ocr_par' dir='ltr' id='par_1_46' title="bbox 383 2833 1954 2906">
     <span class='ocr_line' id='line_1_46' title="bbox 383 2833 1954 2906; baseline 0.001 -21"><span class='ocrx_word' id='word_1_327' title='bbox 383 2849 556 2904; x_wconf 82' lang='grc' dir='ltr'>γημα’</span> <span class='ocrx_word' id='word_1_328' title='bbox 615 2833 700 2886; x_wconf 82' lang='grc' dir='ltr'><strong>ἴνα</strong></span> <span class='ocrx_word' id='word_1_329' title='bbox 727 2833 816 2888; x_wconf 82' lang='grc' dir='ltr'><strong>τὸν</strong></span> <span class='ocrx_word' id='word_1_330' title='bbox 846 2835 959 2905; x_wconf 78' lang='grc'><strong>(75)</strong></span> <span class='ocrx_word' id='word_1_331' title='bbox 1009 2835 1103 2887; x_wconf 77' lang='grc' dir='ltr'><strong>ἕνα</strong></span> <span class='ocrx_word' id='word_1_332' title='bbox 1150 2834 1222 2905; x_wconf 79' lang='grc' dir='ltr'>μὴ</span> <span class='ocrx_word' id='word_1_333' title='bbox 1253 2834 1682 2906; x_wconf 79' lang='grc' dir='ltr'>παραδέξωνται,</span> <span class='ocrx_word' id='word_1_334' title='bbox 1725 2835 1954 2905; x_wconf 83' lang='grc' dir='ltr'>μυρίους</span> 
     </span>
    </p>
   </div>
   <div class='ocr_carea' id='block_1_47' title="bbox 384 2923 1956 2997">
    <p class='ocr_par' dir='ltr' id='par_1_47' title="bbox 384 2923 1956 2997">
     <span class='ocr_line' id='line_1_47' title="bbox 384 2923 1956 2997; baseline 0.003 -23"><span class='ocrx_word' id='word_1_335' title='bbox 384 2923 683 2991; x_wconf 78' lang='grc' dir='ltr'>εἰσάγουσι.</span> <span class='ocrx_word' id='word_1_336' title='bbox 718 2925 825 2978; x_wconf 79' lang='grc' dir='ltr'><strong>Καὶ</strong></span> <span class='ocrx_word' id='word_1_337' title='bbox 862 2925 952 2978; x_wconf 87' lang='grc' dir='ltr'><strong>τὸν</strong></span> <span class='ocrx_word' id='word_1_338' title='bbox 983 2925 1110 2978; x_wconf 83' lang='grc' dir='ltr'>Υἱὺν</span> <span class='ocrx_word' id='word_1_339' title='bbox 1144 2925 1478 2989; x_wconf 77' lang='grc' dir='ltr'>ἀθετοῦντες,</span> <span class='ocrx_word' id='word_1_340' title='bbox 1515 2925 1750 2988; x_wconf 82' lang='grc' dir='ltr'>οἰκέταις</span> <span class='ocrx_word' id='word_1_341' title='bbox 1774 2927 1834 2977; x_wconf 84' lang='grc' dir='ltr'><strong>τὸ</strong></span> <span class='ocrx_word' id='word_1_342' title='bbox 1859 2928 1956 2997; x_wconf 85' lang='grc' dir='ltr'><strong>τῆς</strong></span> 
     </span>
    </p>
   </div>
   <div class='ocr_carea' id='block_1_48' title="bbox 385 3012 1955 3086">
    <p class='ocr_par' dir='ltr' id='par_1_48' title="bbox 385 3012 1955 3086">
     <span class='ocr_line' id='line_1_48' title="bbox 385 3012 1955 3086; baseline 0.001 -20"><span class='ocrx_word' id='word_1_343' title='bbox 385 3012 713 3082; x_wconf 83' lang='grc' dir='ltr'>συμϐουλίας</span> <span class='ocrx_word' id='word_1_344' title='bbox 730 3014 944 3084; x_wconf 81' lang='grc' dir='ltr'>ἀξίωμα</span> <span class='ocrx_word' id='word_1_345' title='bbox 963 3015 1322 3086; x_wconf 82' lang='grc' dir='ltr'>περιάπτουσι</span> <span class='ocrx_word' id='word_1_346' title='bbox 1342 3033 1354 3047; x_wconf 78' lang='grc' dir='ltr'><strong><em>ο</em></strong></span> <span class='ocrx_word' id='word_1_347' title='bbox 1381 3016 1473 3068; x_wconf 76' lang='grc' dir='ltr'><strong>καὶ</strong></span> <span class='ocrx_word' id='word_1_348' title='bbox 1492 3017 1616 3078; x_wconf 77' lang='grc' dir='ltr'>τοὺς</span> <span class='ocrx_word' id='word_1_349' title='bbox 1635 3015 1955 3085; x_wconf 78' lang='grc' dir='ltr'>ὁμοδούλους</span> 
     </span>
    </p>
   </div>
   <div class='ocr_carea' id='block_1_49' title="bbox 383 3103 1950 3178">
    <p class='ocr_par' dir='ltr' id='par_1_49' title="bbox 383 3103 1950 3178">
     <span class='ocr_line' id='line_1_49' title="bbox 383 3103 1950 3178; baseline 0.004 -23"><span class='ocrx_word' id='word_1_350' title='bbox 383 3103 540 3175; x_wconf 77' lang='grc' dir='ltr'>ἡμῶν</span> <span class='ocrx_word' id='word_1_351' title='bbox 581 3105 801 3176; x_wconf 86' lang='grc' dir='ltr'>κυρίους</span> <span class='ocrx_word' id='word_1_352' title='bbox 851 3105 1063 3160; x_wconf 84' lang='grc' dir='ltr'>ποιοῦσι</span> <span class='ocrx_word' id='word_1_353' title='bbox 1109 3107 1208 3176; x_wconf 80' lang='grc' dir='ltr'>τῆς</span> <span class='ocrx_word' id='word_1_354' title='bbox 1257 3107 1527 3177; x_wconf 78' lang='grc' dir='ltr'>ἡμετέρας</span> <span class='ocrx_word' id='word_1_355' title='bbox 1576 3107 1950 3178; x_wconf 76' lang='grc' dir='ltr'>δημιουργίας.</span> 
     </span>
    </p>
   </div>
   <div class='ocr_carea' id='block_1_50' title="bbox 2065 1927 3619 1992">
    <p class='ocr_par' dir='ltr' id='par_1_50' title="bbox 2065 1927 3619 1992">
     <span class='ocr_line' id='line_1_50' title="bbox 2065 1927 3619 1992; baseline -0.001 -9"><span class='ocrx_word' id='word_1_356' title='bbox 2065 1933 2194 1985; x_wconf 82' lang='lat' dir='ltr'><strong>mini</strong></span> <span class='ocrx_word' id='word_1_357' title='bbox 2220 1940 2346 1986; x_wconf 89' lang='lat' dir='ltr'><strong>sunt</strong></span> <span class='ocrx_word' id='word_1_358' title='bbox 2377 1929 2772 1992; x_wconf 50' lang='lat' dir='ltr'><strong>infensissima’,</strong></span> <span class='ocrx_word' id='word_1_359' title='bbox 2807 1942 2928 1981; x_wconf 89' lang='lat' dir='ltr'><strong>cum</strong></span> <span class='ocrx_word' id='word_1_360' title='bbox 2960 1928 3011 1981; x_wconf 92' lang='lat' dir='ltr'><strong>in</strong></span> <span class='ocrx_word' id='word_1_361' title='bbox 3045 1927 3223 1980; x_wconf 82' lang='lat' dir='ltr'><strong>caveis</strong></span> <span class='ocrx_word' id='word_1_362' title='bbox 3255 1927 3619 1991; x_wconf 90' lang='lat' dir='ltr'><strong>includuntur,</strong></span> 
     </span>
    </p>
   </div>
   <div class='ocr_carea' id='block_1_51' title="bbox 2061 2017 3620 2091">
    <p class='ocr_par' dir='ltr' id='par_1_51' title="bbox 2061 2017 3620 2091">
     <span class='ocr_line' id='line_1_51' title="bbox 2061 2017 3620 2091; baseline -0.003 -14"><span class='ocrx_word' id='word_1_363' title='bbox 2061 2025 2263 2078; x_wconf 84' lang='lat' dir='ltr'><strong>circum</strong></span> <span class='ocrx_word' id='word_1_364' title='bbox 2323 2021 2617 2091; x_wconf 89' lang='lat' dir='ltr'><strong>sepimenta</strong></span> <span class='ocrx_word' id='word_1_365' title='bbox 2667 2017 2936 2083; x_wconf 85' lang='lat' dir='ltr'><strong>frendent,</strong></span> <span class='ocrx_word' id='word_1_366' title='bbox 3000 2027 3161 2088; x_wconf 84' lang='lat' dir='ltr'><strong>atque</strong></span> <span class='ocrx_word' id='word_1_367' title='bbox 3209 2018 3620 2073; x_wconf 84' lang='lat' dir='ltr'><strong>amaritudinem</strong></span> 
     </span>
    </p>
   </div>
   <div class='ocr_carea' id='block_1_52' title="bbox 2061 2110 3622 2182">
    <p class='ocr_par' dir='ltr' id='par_1_52' title="bbox 2061 2110 3622 2182">
     <span class='ocr_line' id='line_1_52' title="bbox 2061 2110 3622 2182; baseline -0.002 -15"><span class='ocrx_word' id='word_1_368' title='bbox 2061 2114 2276 2182; x_wconf 81' lang='lat' dir='ltr'><strong>quidem</strong></span> <span class='ocrx_word' id='word_1_369' title='bbox 2309 2127 2373 2166; x_wconf 89' lang='lat' dir='ltr'><strong>ac</strong></span> <span class='ocrx_word' id='word_1_370' title='bbox 2405 2111 2670 2166; x_wconf 82' lang='lat' dir='ltr'><strong>feritatem</strong></span> <span class='ocrx_word' id='word_1_371' title='bbox 2705 2119 2908 2164; x_wconf 65' lang='lat' dir='ltr'><strong>naturae</strong></span> <span class='ocrx_word' id='word_1_372' title='bbox 2946 2110 3270 2173; x_wconf 89' lang='lat' dir='ltr'><strong>ostendunt,</strong></span> <span class='ocrx_word' id='word_1_373' title='bbox 3310 2125 3408 2165; x_wconf 90' lang='lat' dir='ltr'><strong>nec</strong></span> <span class='ocrx_word' id='word_1_374' title='bbox 3441 2119 3622 2164; x_wconf 89' lang='lat' dir='ltr'><strong>tamen</strong></span> 
     </span>
    </p>
   </div>
   <div class='ocr_carea' id='block_1_53' title="bbox 2062 2199 3622 2271">
    <p class='ocr_par' dir='ltr' id='par_1_53' title="bbox 2062 2199 3622 2271">
     <span class='ocr_line' id='line_1_53' title="bbox 2062 2199 3622 2271; baseline -0.001 -15"><span class='ocrx_word' id='word_1_375' title='bbox 2062 2203 2294 2258; x_wconf 81' lang='lat' dir='ltr'><strong>furorem</strong></span> <span class='ocrx_word' id='word_1_376' title='bbox 2320 2218 2472 2256; x_wconf 85' lang='lat' dir='ltr'><strong>suum</strong></span> <span class='ocrx_word' id='word_1_377' title='bbox 2503 2210 2728 2271; x_wconf 89' lang='lat' dir='ltr'><strong>possunt</strong></span> <span class='ocrx_word' id='word_1_378' title='bbox 2752 2199 2968 2269; x_wconf 83' lang='lat' dir='ltr'><strong>explere</strong></span> <span class='ocrx_word' id='word_1_379' title='bbox 2999 2217 3013 2252; x_wconf 89' lang='lat'><strong>:</strong></span> <span class='ocrx_word' id='word_1_380' title='bbox 3047 2200 3118 2252; x_wconf 88' lang='lat' dir='ltr'><strong>ita</strong></span> <span class='ocrx_word' id='word_1_381' title='bbox 3149 2208 3201 2251; x_wconf 91' lang='lat' dir='ltr'><strong>et</strong></span> <span class='ocrx_word' id='word_1_382' title='bbox 3225 2215 3356 2270; x_wconf 77' lang='lat' dir='ltr'><strong>gens</strong></span> <span class='ocrx_word' id='word_1_383' title='bbox 3378 2200 3622 2254; x_wconf 80' lang='lat' dir='ltr'><strong>veritatis</strong></span> 
     </span>
    </p>
   </div>
   <div class='ocr_carea' id='block_1_54' title="bbox 2060 2289 3623 2358">
    <p class='ocr_par' dir='ltr' id='par_1_54' title="bbox 2060 2289 3623 2358">
     <span class='ocr_line' id='line_1_54' title="bbox 2060 2289 3623 2358; baseline -0.001 -11"><span class='ocrx_word' id='word_1_384' title='bbox 2060 2291 2308 2354; x_wconf 86' lang='lat' dir='ltr'><strong>inimica,</strong></span> <span class='ocrx_word' id='word_1_385' title='bbox 2340 2289 2505 2344; x_wconf 62' lang='lat' dir='ltr'><strong>Judaei</strong></span> <span class='ocrx_word' id='word_1_386' title='bbox 2551 2290 2616 2343; x_wconf 88' lang='lat' dir='ltr'><strong>ad</strong></span> <span class='ocrx_word' id='word_1_387' title='bbox 2660 2291 2934 2358; x_wconf 80' lang='lat' dir='ltr'><strong>angustias</strong></span> <span class='ocrx_word' id='word_1_388' title='bbox 2973 2289 3205 2353; x_wconf 88' lang='lat' dir='ltr'><strong>redacti,</strong></span> <span class='ocrx_word' id='word_1_389' title='bbox 3234 2289 3427 2342; x_wconf 89' lang='lat' dir='ltr'><strong>multas</strong></span> <span class='ocrx_word' id='word_1_390' title='bbox 3469 2289 3623 2347; x_wconf 83' lang='lat' dir='ltr'><strong>aiunt</strong></span> 
     </span>
    </p>
   </div>
   <div class='ocr_carea' id='block_1_55' title="bbox 2057 2371 3620 2449">
    <p class='ocr_par' dir='ltr' id='par_1_55' title="bbox 2057 2371 3620 2449">
     <span class='ocr_line' id='line_1_55' title="bbox 2057 2371 3620 2449; baseline -0.003 -13"><span class='ocrx_word' id='word_1_391' title='bbox 2057 2396 2176 2436; x_wconf 90' lang='lat' dir='ltr'><strong>esse</strong></span> <span class='ocrx_word' id='word_1_392' title='bbox 2227 2371 2516 2449; x_wconf 84' lang='lat' dir='ltr'><strong>personas,</strong></span> <span class='ocrx_word' id='word_1_393' title='bbox 2570 2379 2636 2432; x_wconf 88' lang='lat' dir='ltr'><strong>ad</strong></span> <span class='ocrx_word' id='word_1_394' title='bbox 2687 2392 2821 2447; x_wconf 86' lang='lat' dir='ltr'><strong>quas</strong></span> <span class='ocrx_word' id='word_1_395' title='bbox 2862 2376 2952 2430; x_wconf 89' lang='lat' dir='ltr'><strong>Dei</strong></span> <span class='ocrx_word' id='word_1_396' title='bbox 2999 2392 3177 2432; x_wconf 89' lang='lat' dir='ltr'><strong>sermo</strong></span> <span class='ocrx_word' id='word_1_397' title='bbox 3230 2377 3464 2430; x_wconf 86' lang='lat' dir='ltr'><strong>directus</strong></span> <span class='ocrx_word' id='word_1_398' title='bbox 3517 2387 3620 2431; x_wconf 86' lang='lat' dir='ltr'><strong>est.</strong></span> 
     </span>
    </p>
   </div>
   <div class='ocr_carea' id='block_1_56' title="bbox 2058 2463 3616 2535">
    <p class='ocr_par' dir='ltr' id='par_1_56' title="bbox 2058 2463 3616 2535">
     <span class='ocr_line' id='line_1_56' title="bbox 2058 2463 3616 2535; baseline 0 -15"><span class='ocrx_word' id='word_1_399' title='bbox 2058 2468 2196 2522; x_wconf 89' lang='lat' dir='ltr'><strong>Dicit</strong></span> <span class='ocrx_word' id='word_1_400' title='bbox 2239 2468 2379 2522; x_wconf 90' lang='lat' dir='ltr'><strong>enim</strong></span> <span class='ocrx_word' id='word_1_401' title='bbox 2429 2466 2727 2521; x_wconf 88' lang='lat' dir='ltr'><strong>astantibus</strong></span> <span class='ocrx_word' id='word_1_402' title='bbox 2777 2466 2876 2520; x_wconf 88' lang='lat' dir='ltr'><strong>sibi</strong></span> <span class='ocrx_word' id='word_1_403' title='bbox 2905 2466 3140 2535; x_wconf 84' lang='lat' dir='ltr'><strong>angelis:</strong></span> <span class='ocrx_word' id='word_1_404' title='bbox 3178 2463 3464 2519; x_wconf 75' lang='lat' dir='ltr'><strong>Faciamus</strong></span> <span class='ocrx_word' id='word_1_405' title='bbox 3515 2467 3616 2520; x_wconf 80' lang='lat' dir='ltr'><strong>Ito-</strong></span> 
     </span>
    </p>
   </div>
   <div class='ocr_carea' id='block_1_57' title="bbox 2057 2556 3615 2626">
    <p class='ocr_par' dir='ltr' id='par_1_57' title="bbox 2057 2556 3615 2626">
     <span class='ocr_line' id='line_1_57' title="bbox 2057 2556 3615 2626; baseline 0.002 -16"><span class='ocrx_word' id='word_1_406' title='bbox 2057 2560 2244 2612; x_wconf 81' lang='lat' dir='ltr'><strong>minem</strong></span> <span class='ocrx_word' id='word_1_407' title='bbox 2262 2558 2326 2610; x_wconf 74' lang='lat'><strong>&quot;.</strong></span> <span class='ocrx_word' id='word_1_408' title='bbox 2344 2556 2621 2612; x_wconf 80' lang='lat' dir='ltr'><strong>Judaicum</strong></span> <span class='ocrx_word' id='word_1_409' title='bbox 2653 2566 3012 2612; x_wconf 90' lang='lat' dir='ltr'><strong>commentum</strong></span> <span class='ocrx_word' id='word_1_410' title='bbox 3051 2567 3168 2621; x_wconf 88' lang='lat' dir='ltr'><strong>est,</strong></span> <span class='ocrx_word' id='word_1_411' title='bbox 3193 2565 3352 2626; x_wconf 90' lang='lat' dir='ltr'><strong>atque</strong></span> <span class='ocrx_word' id='word_1_412' title='bbox 3380 2557 3615 2613; x_wconf 84' lang='lat' dir='ltr'><strong>levitatis</strong></span> 
     </span>
    </p>
   </div>
   <div class='ocr_carea' id='block_1_58' title="bbox 2058 2647 3616 2717">
    <p class='ocr_par' dir='ltr' id='par_1_58' title="bbox 2058 2647 3616 2717">
     <span class='ocr_line' id='line_1_58' title="bbox 2058 2647 3616 2717; baseline -0.001 -13"><span class='ocrx_word' id='word_1_413' title='bbox 2058 2651 2180 2704; x_wconf 90' lang='lat' dir='ltr'><strong>inde</strong></span> <span class='ocrx_word' id='word_1_414' title='bbox 2228 2647 2480 2717; x_wconf 73' lang='lat' dir='ltr'><strong>proiecta:</strong></span> <span class='ocrx_word' id='word_1_415' title='bbox 2526 2649 2839 2703; x_wconf 87' lang='lat' dir='ltr'><strong>inventum:</strong></span> <span class='ocrx_word' id='word_1_416' title='bbox 2879 2657 3034 2702; x_wconf 87' lang='lat' dir='ltr'><strong>utne</strong></span> <span class='ocrx_word' id='word_1_417' title='bbox 3077 2663 3238 2702; x_wconf 90' lang='lat' dir='ltr'><strong>unum</strong></span> <span class='ocrx_word' id='word_1_418' title='bbox 3283 2648 3616 2717; x_wconf 86' lang='lat' dir='ltr'><strong>suscipiant,</strong></span> 
     </span>
    </p>
   </div>
   <div class='ocr_carea' id='block_1_59' title="bbox 2059 2739 3621 2809">
    <p class='ocr_par' dir='ltr' id='par_1_59' title="bbox 2059 2739 3621 2809">
     <span class='ocr_line' id='line_1_59' title="bbox 2059 2739 3621 2809; baseline 0.001 -15"><span class='ocrx_word' id='word_1_419' title='bbox 2059 2742 2365 2794; x_wconf 79' lang='lat' dir='ltr'><strong>innumeros</strong></span> <span class='ocrx_word' id='word_1_420' title='bbox 2398 2741 2678 2795; x_wconf 90' lang='lat' dir='ltr'><strong>inducunt.</strong></span> <span class='ocrx_word' id='word_1_421' title='bbox 2701 2739 2767 2794; x_wconf 80' lang='lat' dir='ltr'><strong>Et</strong></span> <span class='ocrx_word' id='word_1_422' title='bbox 2791 2739 2984 2794; x_wconf 88' lang='lat' dir='ltr'><strong>Filium</strong></span> <span class='ocrx_word' id='word_1_423' title='bbox 3015 2741 3383 2809; x_wconf 89' lang='lat' dir='ltr'><strong>reprobantes,</strong></span> <span class='ocrx_word' id='word_1_424' title='bbox 3408 2739 3621 2795; x_wconf 80' lang='lat' dir='ltr'><strong>famulis</strong></span> 
     </span>
    </p>
   </div>
   <div class='ocr_carea' id='block_1_60' title="bbox 2057 2829 3606 2896">
    <p class='ocr_par' dir='ltr' id='par_1_60' title="bbox 2057 2829 3606 2896">
     <span class='ocr_line' id='line_1_60' title="bbox 2057 2829 3606 2896; baseline -0.001 -13"><span class='ocrx_word' id='word_1_425' title='bbox 2057 2830 2368 2896; x_wconf 77' lang='lat' dir='ltr'><strong>dignitatem</strong></span> <span class='ocrx_word' id='word_1_426' title='bbox 2394 2829 2693 2882; x_wconf 89' lang='lat' dir='ltr'><strong>attribuunt</strong></span> <span class='ocrx_word' id='word_1_427' title='bbox 2724 2829 2954 2891; x_wconf 89' lang='lat' dir='ltr'><strong>consilii,</strong></span> <span class='ocrx_word' id='word_1_428' title='bbox 2983 2837 3035 2882; x_wconf 88' lang='lat' dir='ltr'><strong>et</strong></span> <span class='ocrx_word' id='word_1_429' title='bbox 3065 2843 3353 2882; x_wconf 88' lang='lat' dir='ltr'><strong>conservos</strong></span> <span class='ocrx_word' id='word_1_430' title='bbox 3390 2837 3606 2882; x_wconf 89' lang='lat' dir='ltr'><strong>nostros</strong></span> 
     </span>
    </p>
   </div>
   <div class='ocr_carea' id='block_1_61' title="bbox 2056 2916 3618 2988">
    <p class='ocr_par' dir='ltr' id='par_1_61' title="bbox 2056 2916 3618 2988">
     <span class='ocr_line' id='line_1_61' title="bbox 2056 2916 3618 2988; baseline -0.002 -14"><span class='ocrx_word' id='word_1_431' title='bbox 2056 2919 2289 2974; x_wconf 76' lang='lat' dir='ltr'><strong>alliciunt</strong></span> <span class='ocrx_word' id='word_1_432' title='bbox 2324 2919 2612 2973; x_wconf 86' lang='lat' dir='ltr'><strong>ereationis</strong></span> <span class='ocrx_word' id='word_1_433' title='bbox 2663 2927 2859 2973; x_wconf 69' lang='lat' dir='ltr'><strong>nostrae</strong></span> <span class='ocrx_word' id='word_1_434' title='bbox 2893 2919 3155 2972; x_wconf 86' lang='lat' dir='ltr'><strong>dominos.</strong></span> <span class='ocrx_word' id='word_1_435' title='bbox 3205 2916 3378 2972; x_wconf 84' lang='lat' dir='ltr'><strong>Homo</strong></span> <span class='ocrx_word' id='word_1_436' title='bbox 3437 2921 3618 2988; x_wconf 80' lang='lat' dir='ltr'><strong>perfe-</strong></span> 
     </span>
    </p>
   </div>
   <div class='ocr_carea' id='block_1_62' title="bbox 2057 3009 3620 3080">
    <p class='ocr_par' dir='ltr' id='par_1_62' title="bbox 2057 3009 3620 3080">
     <span class='ocr_line' id='line_1_62' title="bbox 2057 3009 3620 3080; baseline -0.002 -16"><span class='ocrx_word' id='word_1_437' title='bbox 2057 3021 2176 3067; x_wconf 90' lang='lat' dir='ltr'><strong>ctus</strong></span> <span class='ocrx_word' id='word_1_438' title='bbox 2209 3011 2276 3066; x_wconf 87' lang='lat' dir='ltr'><strong>ad</strong></span> <span class='ocrx_word' id='word_1_439' title='bbox 2311 3009 2623 3080; x_wconf 78' lang='lat' dir='ltr'><strong>angelorum</strong></span> <span class='ocrx_word' id='word_1_440' title='bbox 2662 3009 2909 3064; x_wconf 86' lang='lat' dir='ltr'><strong>evehitur</strong></span> <span class='ocrx_word' id='word_1_441' title='bbox 2937 3009 3269 3078; x_wconf 86' lang='lat' dir='ltr'><strong>dignitatem.</strong></span> <span class='ocrx_word' id='word_1_442' title='bbox 3305 3011 3474 3076; x_wconf 88' lang='lat' dir='ltr'><strong>Quale</strong></span> <span class='ocrx_word' id='word_1_443' title='bbox 3525 3028 3620 3062; x_wconf 79' lang='lat' dir='ltr'><strong>au-</strong></span> 
     </span>
    </p>
   </div>
   <div class='ocr_carea' id='block_1_63' title="bbox 2060 3099 3620 3170">
    <p class='ocr_par' dir='ltr' id='par_1_63' title="bbox 2060 3099 3620 3170">
     <span class='ocr_line' id='line_1_63' title="bbox 2060 3099 3620 3170; baseline 0 -16"><span class='ocrx_word' id='word_1_444' title='bbox 2060 3110 2164 3154; x_wconf 87' lang='lat' dir='ltr'><strong>tem</strong></span> <span class='ocrx_word' id='word_1_445' title='bbox 2193 3099 2465 3170; x_wconf 83' lang='lat' dir='ltr'><strong>opiﬁcium</strong></span> <span class='ocrx_word' id='word_1_446' title='bbox 2508 3114 2602 3167; x_wconf 89' lang='lat' dir='ltr'><strong>par</strong></span> <span class='ocrx_word' id='word_1_447' title='bbox 2631 3112 2750 3152; x_wconf 79' lang='lat' dir='ltr'><strong>esse</strong></span> <span class='ocrx_word' id='word_1_448' title='bbox 2786 3108 2961 3168; x_wconf 85' lang='lat' dir='ltr'><strong>potest</strong></span> <span class='ocrx_word' id='word_1_449' title='bbox 2993 3099 3106 3169; x_wconf 78' lang='grc'>88</span> <span class='ocrx_word' id='word_1_450' title='bbox 3134 3101 3432 3153; x_wconf 86' lang='lat' dir='ltr'><strong>conditori?</strong></span> <span class='ocrx_word' id='word_1_451' title='bbox 3474 3102 3620 3156; x_wconf 77' lang='lat' dir='ltr'><strong>Con-</strong></span> 
     </span>
    </p>
   </div>
   <div class='ocr_carea' id='block_1_64' title="bbox 385 3191 1953 3271">
    <p class='ocr_par' dir='ltr' id='par_1_64' title="bbox 385 3196 1953 3271">
     <span class='ocr_line' id='line_1_64' title="bbox 385 3196 1953 3271; baseline 0.004 -23"><span class='ocrx_word' id='word_1_452' title='bbox 385 3196 601 3249; x_wconf 85' lang='grc' dir='ltr'>Τελειού</span> <span class='ocrx_word' id='word_1_453' title='bbox 611 3215 770 3267; x_wconf 89' lang='grc' dir='ltr'>μενος</span> <span class='ocrx_word' id='word_1_454' title='bbox 799 3199 1081 3270; x_wconf 85' lang='grc' dir='ltr'>ἄνθρωπος</span> <span class='ocrx_word' id='word_1_455' title='bbox 1111 3199 1243 3271; x_wconf 79' lang='grc' dir='ltr'>πρὸς</span> <span class='ocrx_word' id='word_1_456' title='bbox 1279 3200 1377 3270; x_wconf 80' lang='grc' dir='ltr'><strong>τὴν</strong></span> <span class='ocrx_word' id='word_1_457' title='bbox 1405 3198 1510 3252; x_wconf 90' lang='grc' dir='ltr'><strong>τῶν</strong></span> <span class='ocrx_word' id='word_1_458' title='bbox 1533 3199 1777 3268; x_wconf 82' lang='grc' dir='ltr'>ἀγγέλων</span> <span class='ocrx_word' id='word_1_459' title='bbox 1800 3200 1953 3266; x_wconf 81' lang='grc' dir='ltr'>ἀξίαν</span> 
     </span>
    </p>
   </div>
   <div class='ocr_carea' id='block_1_65' title="bbox 2056 3191 3619 3271">
    <p class='ocr_par' dir='ltr' id='par_1_65' title="bbox 2059 3191 3619 3261">
     <span class='ocr_line' id='line_1_65' title="bbox 2059 3191 3619 3261; baseline -0.001 -15"><span class='ocrx_word' id='word_1_460' title='bbox 2059 3194 2236 3246; x_wconf 85' lang='lat' dir='ltr'><strong>sidera</strong></span> <span class='ocrx_word' id='word_1_461' title='bbox 2263 3202 2440 3245; x_wconf 86' lang='lat' dir='ltr'><strong>autem</strong></span> <span class='ocrx_word' id='word_1_462' title='bbox 2474 3201 2526 3245; x_wconf 89' lang='lat' dir='ltr'><strong>et</strong></span> <span class='ocrx_word' id='word_1_463' title='bbox 2553 3206 2669 3260; x_wconf 77' lang='lat' dir='ltr'><strong>qua:</strong></span> <span class='ocrx_word' id='word_1_464' title='bbox 2716 3198 3049 3259; x_wconf 85' lang='lat' dir='ltr'><strong>sequuntur:</strong></span> <span class='ocrx_word' id='word_1_465' title='bbox 3087 3191 3165 3242; x_wconf 84' lang='lat' dir='ltr'><strong>Ad</strong></span> <span class='ocrx_word' id='word_1_466' title='bbox 3208 3193 3484 3261; x_wconf 85' lang='lat' dir='ltr'><strong>imaginem</strong></span> <span class='ocrx_word' id='word_1_467' title='bbox 3525 3209 3619 3246; x_wconf 76' lang='lat' dir='ltr'><strong>no-</strong></span> 
     </span>
    </p>
   </div>
   <div class='ocr_carea' id='block_1_66' title="bbox 385 3286 1950 3361">
    <p class='ocr_par' dir='ltr' id='par_1_66' title="bbox 385 3286 1950 3361">
     <span class='ocr_line' id='line_1_66' title="bbox 385 3286 1950 3361; baseline 0.003 -22"><span class='ocrx_word' id='word_1_468' title='bbox 385 3286 662 3356; x_wconf 83' lang='grc' dir='ltr'>ἁνάγεται.</span> <span class='ocrx_word' id='word_1_469' title='bbox 700 3290 856 3342; x_wconf 87' lang='grc' dir='ltr'>Ποῖον</span> <span class='ocrx_word' id='word_1_470' title='bbox 899 3290 954 3342; x_wconf 83' lang='grc' dir='ltr'>δὲ</span> <span class='ocrx_word' id='word_1_471' title='bbox 991 3289 1380 3361; x_wconf 78' lang='grc' dir='ltr'>δημιούργημα</span> <span class='ocrx_word' id='word_1_472' title='bbox 1424 3292 1535 3344; x_wconf 80' lang='grc' dir='ltr'>ἴσον</span> <span class='ocrx_word' id='word_1_473' title='bbox 1561 3291 1781 3344; x_wconf 83' lang='grc' dir='ltr'>δύναται</span> <span class='ocrx_word' id='word_1_474' title='bbox 1811 3287 1950 3344; x_wconf 80' lang='grc' dir='ltr'>εἶναι</span> 
     </span>
    </p>
   </div>
   <div class='ocr_carea' id='block_1_67' title="bbox 381 3376 1951 3454">
    <p class='ocr_par' dir='ltr' id='par_1_67' title="bbox 381 3376 1951 3454">
     <span class='ocr_line' id='line_1_67' title="bbox 381 3376 1951 3454; baseline 0.003 -23"><span class='ocrx_word' id='word_1_475' title='bbox 381 3376 463 3448; x_wconf 84' lang='grc' dir='ltr'>τῷ</span> <span class='ocrx_word' id='word_1_476' title='bbox 509 3378 788 3444; x_wconf 83' lang='grc' dir='ltr'>κτίσαντι;</span> <span class='ocrx_word' id='word_1_477' title='bbox 831 3379 1024 3433; x_wconf 84' lang='grc' dir='ltr'>Σκόπει</span> <span class='ocrx_word' id='word_1_478' title='bbox 1067 3380 1122 3433; x_wconf 83' lang='grc' dir='ltr'>δὲ</span> <span class='ocrx_word' id='word_1_479' title='bbox 1181 3382 1275 3435; x_wconf 75' lang='grc' dir='ltr'><strong>καὶ</strong></span> <span class='ocrx_word' id='word_1_480' title='bbox 1299 3381 1366 3434; x_wconf 85' lang='grc' dir='ltr'><strong>τά</strong></span> <span class='ocrx_word' id='word_1_481' title='bbox 1403 3381 1512 3453; x_wconf 69' lang='grc'><strong>(74)</strong></span> <span class='ocrx_word' id='word_1_482' title='bbox 1553 3383 1748 3454; x_wconf 71' lang='grc' dir='ltr'>ἐφεξῆς</span> <span class='ocrx_word' id='word_1_483' title='bbox 1772 3400 1784 3412; x_wconf 90' lang='grc'><strong>·</strong></span> <span class='ocrx_word' id='word_1_484' title='bbox 1813 3385 1951 3438; x_wconf 79' lang='grc' dir='ltr'>Κατ’</span> 
     </span>
    </p>
   </div>
   <div class='ocr_carea' id='block_1_68' title="bbox 384 3472 1954 3545">
    <p class='ocr_par' dir='ltr' id='par_1_68' title="bbox 384 3472 1954 3545">
     <span class='ocr_line' id='line_1_68' title="bbox 384 3472 1954 3545; baseline 0.001 -19"><span class='ocrx_word' id='word_1_485' title='bbox 384 3473 587 3527; x_wconf 74' lang='grc' dir='ltr'>εἰκόνα</span> <span class='ocrx_word' id='word_1_486' title='bbox 617 3472 927 3540; x_wconf 76' lang='grc' dir='ltr'>ἡμετέραν.</span> <span class='ocrx_word' id='word_1_487' title='bbox 961 3474 1024 3525; x_wconf 89' lang='grc' dir='ltr'>Τί</span> <span class='ocrx_word' id='word_1_488' title='bbox 1055 3472 1230 3541; x_wconf 86' lang='grc' dir='ltr'>λέγεις</span> <span class='ocrx_word' id='word_1_489' title='bbox 1264 3474 1397 3544; x_wconf 78' lang='grc' dir='ltr'>πρὸς</span> <span class='ocrx_word' id='word_1_490' title='bbox 1415 3475 1606 3541; x_wconf 77' lang='grc' dir='ltr'>τοῦτο;</span> <span class='ocrx_word' id='word_1_491' title='bbox 1635 3475 1724 3545; x_wconf 81' lang='grc' dir='ltr'><strong>Μὴ</strong></span> <span class='ocrx_word' id='word_1_492' title='bbox 1758 3477 1850 3528; x_wconf 72' lang='grc' dir='ltr'><strong>καὶ</strong></span> <span class='ocrx_word' id='word_1_493' title='bbox 1879 3476 1954 3528; x_wconf 89' lang='grc' dir='ltr'>εί-</span> 
     </span>
    </p>
   </div>
   <div class='ocr_carea' id='block_1_69' title="bbox 383 3563 1953 3638">
    <p class='ocr_par' dir='ltr' id='par_1_69' title="bbox 383 3563 1953 3638">
     <span class='ocr_line' id='line_1_69' title="bbox 383 3563 1953 3638; baseline 0.001 -20"><span class='ocrx_word' id='word_1_494' title='bbox 383 3563 496 3618; x_wconf 85' lang='grc' dir='ltr'>κὼν</span> <span class='ocrx_word' id='word_1_495' title='bbox 527 3563 623 3635; x_wconf 82' lang='grc' dir='ltr'><strong>μία</strong></span> <span class='ocrx_word' id='word_1_496' title='bbox 669 3564 804 3618; x_wconf 75' lang='grc' dir='ltr'>Θεοῦ</span> <span class='ocrx_word' id='word_1_497' title='bbox 841 3567 934 3618; x_wconf 77' lang='grc' dir='ltr'>καὶ</span> <span class='ocrx_word' id='word_1_498' title='bbox 972 3567 1254 3635; x_wconf 86' lang='grc' dir='ltr'>ἀγγέλων;</span> <span class='ocrx_word' id='word_1_499' title='bbox 1294 3566 1422 3620; x_wconf 89' lang='grc' dir='ltr'>Υἱοῦ</span> <span class='ocrx_word' id='word_1_500' title='bbox 1457 3568 1554 3637; x_wconf 83' lang='grc' dir='ltr'>μὲν</span> <span class='ocrx_word' id='word_1_501' title='bbox 1591 3567 1696 3638; x_wconf 88' lang='grc' dir='ltr'><strong>γάρ</strong></span> <span class='ocrx_word' id='word_1_502' title='bbox 1725 3568 1818 3620; x_wconf 68' lang='grc' dir='ltr'>καὶ</span> <span class='ocrx_word' id='word_1_503' title='bbox 1852 3569 1953 3619; x_wconf 87' lang='grc' dir='ltr'><strong>Πα-</strong></span> 
     </span>
    </p>
   </div>
   <div class='ocr_carea' id='block_1_70' title="bbox 381 3651 1954 3727">
    <p class='ocr_par' dir='ltr' id='par_1_70' title="bbox 381 3651 1954 3727">
     <span class='ocr_line' id='line_1_70' title="bbox 381 3651 1954 3727; baseline 0.001 -21"><span class='ocrx_word' id='word_1_504' title='bbox 381 3653 511 3724; x_wconf 84' lang='grc' dir='ltr'>τρδς</span> <span class='ocrx_word' id='word_1_505' title='bbox 545 3655 695 3707; x_wconf 85' lang='grc' dir='ltr'>πᾶσα</span> <span class='ocrx_word' id='word_1_506' title='bbox 727 3655 936 3726; x_wconf 80' lang='grc' dir='ltr'>ἀνάγκη</span> <span class='ocrx_word' id='word_1_507' title='bbox 961 3655 1060 3726; x_wconf 82' lang='grc' dir='ltr'><strong>τὴν</strong></span> <span class='ocrx_word' id='word_1_508' title='bbox 1087 3655 1254 3726; x_wconf 84' lang='grc' dir='ltr'>αὐτὴν</span> <span class='ocrx_word' id='word_1_509' title='bbox 1278 3651 1415 3709; x_wconf 79' lang='grc' dir='ltr'>εἶναι</span> <span class='ocrx_word' id='word_1_510' title='bbox 1457 3657 1670 3727; x_wconf 75' lang='grc' dir='ltr'>μορφήν</span> <span class='ocrx_word' id='word_1_511' title='bbox 1691 3674 1703 3686; x_wconf 92' lang='grc'>·</span> <span class='ocrx_word' id='word_1_512' title='bbox 1738 3656 1954 3726; x_wconf 87' lang='grc' dir='ltr'>θεοπρε-</span> 
     </span>
    </p>
   </div>
   <div class='ocr_carea' id='block_1_71' title="bbox 382 3745 1952 3819">
    <p class='ocr_par' dir='ltr' id='par_1_71' title="bbox 382 3745 1952 3819">
     <span class='ocr_line' id='line_1_71' title="bbox 382 3745 1952 3819; baseline 0 -20"><span class='ocrx_word' id='word_1_513' title='bbox 382 3745 503 3810; x_wconf 87' lang='grc' dir='ltr'><strong>πῶς</strong></span> <span class='ocrx_word' id='word_1_514' title='bbox 527 3746 768 3817; x_wconf 85' lang='grc' dir='ltr'>δηλονότι</span> <span class='ocrx_word' id='word_1_515' title='bbox 793 3747 893 3818; x_wconf 83' lang='grc' dir='ltr'>τῆς</span> <span class='ocrx_word' id='word_1_516' title='bbox 925 3748 1133 3819; x_wconf 82' lang='grc' dir='ltr'>μορφῆς</span> <span class='ocrx_word' id='word_1_517' title='bbox 1167 3747 1480 3819; x_wconf 83' lang='grc' dir='ltr'>νοουμένης,</span> <span class='ocrx_word' id='word_1_518' title='bbox 1511 3749 1608 3800; x_wconf 82' lang='grc' dir='ltr'><strong>οὐκ</strong></span> <span class='ocrx_word' id='word_1_519' title='bbox 1638 3749 1695 3800; x_wconf 86' lang='grc' dir='ltr'>ὲν</span> <span class='ocrx_word' id='word_1_520' title='bbox 1717 3750 1952 3817; x_wconf 85' lang='grc' dir='ltr'>σχήματι</span> 
     </span>
    </p>
   </div>
   <div class='ocr_carea' id='block_1_72' title="bbox 384 3838 1952 3910">
    <p class='ocr_par' dir='ltr' id='par_1_72' title="bbox 384 3838 1952 3910">
     <span class='ocr_line' id='line_1_72' title="bbox 384 3838 1952 3910; baseline -0.001 -18"><span class='ocrx_word' id='word_1_521' title='bbox 384 3838 704 3909; x_wconf 83' lang='grc' dir='ltr'>σωματικῷ,</span> <span class='ocrx_word' id='word_1_522' title='bbox 735 3839 851 3891; x_wconf 86' lang='grc' dir='ltr'>ἀλλ’</span> <span class='ocrx_word' id='word_1_523' title='bbox 877 3840 934 3891; x_wconf 82' lang='grc' dir='ltr'>ὲν</span> <span class='ocrx_word' id='word_1_524' title='bbox 965 3839 1042 3910; x_wconf 82' lang='grc' dir='ltr'><strong>τῷ</strong></span> <span class='ocrx_word' id='word_1_525' title='bbox 1077 3838 1326 3909; x_wconf 75' lang='grc' dir='ltr'>ἰδιώματι</span> <span class='ocrx_word' id='word_1_526' title='bbox 1355 3840 1454 3906; x_wconf 85' lang='grc' dir='ltr'>τῆς</span> <span class='ocrx_word' id='word_1_527' title='bbox 1477 3838 1952 3909; x_wconf 80' lang='grc' dir='ltr'>θεότητος.”Ακουε</span> 
     </span>
    </p>
   </div>
   <div class='ocr_carea' id='block_1_73' title="bbox 382 3929 1952 4000">
    <p class='ocr_par' dir='ltr' id='par_1_73' title="bbox 382 3929 1952 4000">
     <span class='ocr_line' id='line_1_73' title="bbox 382 3929 1952 4000; baseline -0.002 -15"><span class='ocrx_word' id='word_1_528' title='bbox 382 3930 477 3985; x_wconf 74' lang='grc' dir='ltr'><strong>καὶ</strong></span> <span class='ocrx_word' id='word_1_529' title='bbox 511 3931 576 3982; x_wconf 81' lang='grc' dir='ltr'><strong>σὺ</strong></span> <span class='ocrx_word' id='word_1_530' title='bbox 605 3931 634 3982; x_wconf 84' lang='grc' dir='ltr'>ὁ</span> <span class='ocrx_word' id='word_1_531' title='bbox 671 3931 736 3982; x_wconf 82' lang='grc' dir='ltr'>ὲκ</span> <span class='ocrx_word' id='word_1_532' title='bbox 762 3930 860 4000; x_wconf 85' lang='grc' dir='ltr'>τῆς</span> <span class='ocrx_word' id='word_1_533' title='bbox 893 3930 1014 3993; x_wconf 86' lang='grc' dir='ltr'>νέας</span> <span class='ocrx_word' id='word_1_534' title='bbox 1064 3931 1374 4000; x_wconf 87' lang='grc' dir='ltr'>κατατομῆς</span> <span class='ocrx_word' id='word_1_535' title='bbox 1421 3930 1562 3999; x_wconf 87' lang='grc'><strong>(75),</strong></span> <span class='ocrx_word' id='word_1_536' title='bbox 1614 3932 1642 3983; x_wconf 82' lang='grc' dir='ltr'><strong>ὁ</strong></span> <span class='ocrx_word' id='word_1_537' title='bbox 1684 3929 1774 3982; x_wconf 86' lang='grc' dir='ltr'><strong>τὸν</strong></span> <span class='ocrx_word' id='word_1_538' title='bbox 1822 3931 1952 3982; x_wconf 80' lang='grc' dir='ltr'>Ἰου-</span> 
     </span>
    </p>
   </div>
   <div class='ocr_carea' id='block_1_74' title="bbox 380 4019 1948 4092">
    <p class='ocr_par' dir='ltr' id='par_1_74' title="bbox 380 4019 1948 4092">
     <span class='ocr_line' id='line_1_74' title="bbox 380 4019 1948 4092; baseline 0.002 -20"><span class='ocrx_word' id='word_1_539' title='bbox 380 4019 608 4090; x_wconf 78' lang='grc' dir='ltr'>δαϊσμδν</span> <span class='ocrx_word' id='word_1_540' title='bbox 642 4020 958 4092; x_wconf 87' lang='grc' dir='ltr'>πρεσϐεύων</span> <span class='ocrx_word' id='word_1_541' title='bbox 1008 4022 1065 4072; x_wconf 81' lang='grc' dir='ltr'>ἐν</span> <span class='ocrx_word' id='word_1_542' title='bbox 1099 4021 1524 4092; x_wconf 85' lang='grc' dir='ltr'>Χριστιανισμοῦ</span> <span class='ocrx_word' id='word_1_543' title='bbox 1573 4023 1948 4092; x_wconf 85' lang='grc' dir='ltr'>προσποιήσει.</span> 
     </span>
    </p>
   </div>
   <div class='ocr_carea' id='block_1_75' title="bbox 381 4110 1948 4182">
    <p class='ocr_par' dir='ltr' id='par_1_75' title="bbox 381 4110 1948 4182">
     <span class='ocr_line' id='line_1_75' title="bbox 381 4110 1948 4182; baseline 0.001 -19"><span class='ocrx_word' id='word_1_544' title='bbox 381 4110 500 4164; x_wconf 89' lang='grc' dir='ltr'>Τίνι</span> <span class='ocrx_word' id='word_1_545' title='bbox 528 4111 691 4179; x_wconf 86' lang='grc' dir='ltr'>λέγει·</span> <span class='ocrx_word' id='word_1_546' title='bbox 746 4112 883 4167; x_wconf 83' lang='grc' dir='ltr'>Κατ’</span> <span class='ocrx_word' id='word_1_547' title='bbox 912 4113 1111 4165; x_wconf 70' lang='grc' dir='ltr'>εἰκόνα</span> <span class='ocrx_word' id='word_1_548' title='bbox 1141 4112 1430 4181; x_wconf 72' lang='grc' dir='ltr'>ἡμετέραν</span> <span class='ocrx_word' id='word_1_549' title='bbox 1442 4129 1461 4176; x_wconf 89' lang='grc'><em>;</em></span> <span class='ocrx_word' id='word_1_550' title='bbox 1493 4113 1609 4166; x_wconf 89' lang='grc' dir='ltr'>Τίνι</span> <span class='ocrx_word' id='word_1_551' title='bbox 1643 4113 1786 4182; x_wconf 81' lang='grc' dir='ltr'>ἄλλῳ</span> <span class='ocrx_word' id='word_1_552' title='bbox 1828 4129 1889 4181; x_wconf 87' lang='grc' dir='ltr'><strong>γε</strong></span> <span class='ocrx_word' id='word_1_553' title='bbox 1917 4113 1948 4182; x_wconf 78' lang='grc' dir='ltr'>ἦ</span> 
     </span>
    </p>
   </div>
   <div class='ocr_carea' id='block_1_76' title="bbox 380 4200 1950 4274">
    <p class='ocr_par' dir='ltr' id='par_1_76' title="bbox 380 4200 1950 4274">
     <span class='ocr_line' id='line_1_76' title="bbox 380 4200 1950 4274; baseline 0.002 -22"><span class='ocrx_word' id='word_1_554' title='bbox 380 4200 459 4269; x_wconf 82' lang='grc' dir='ltr'>τῷ</span> <span class='ocrx_word' id='word_1_555' title='bbox 489 4201 878 4271; x_wconf 83' lang='grc' dir='ltr'>ἀπαυγάσματι</span> <span class='ocrx_word' id='word_1_556' title='bbox 907 4202 1005 4272; x_wconf 83' lang='grc' dir='ltr'>τῆς</span> <span class='ocrx_word' id='word_1_557' title='bbox 1027 4202 1200 4272; x_wconf 75' lang='grc' dir='ltr'>δόξης,</span> <span class='ocrx_word' id='word_1_558' title='bbox 1235 4204 1326 4255; x_wconf 71' lang='grc' dir='ltr'><strong>καὶ</strong></span> <span class='ocrx_word' id='word_1_559' title='bbox 1348 4203 1651 4274; x_wconf 81' lang='grc' dir='ltr'>χαρακτῆρι</span> <span class='ocrx_word' id='word_1_560' title='bbox 1687 4203 1786 4273; x_wconf 80' lang='grc' dir='ltr'>τῆς</span> <span class='ocrx_word' id='word_1_561' title='bbox 1817 4204 1950 4254; x_wconf 79' lang='grc' dir='ltr'>ὐπο-</span> 
     </span>
    </p>
   </div>
   <div class='ocr_carea' id='block_1_77' title="bbox 383 4293 1951 4364">
    <p class='ocr_par' dir='ltr' id='par_1_77' title="bbox 383 4293 1951 4364">
     <span class='ocr_line' id='line_1_77' title="bbox 383 4293 1951 4364; baseline 0.003 -20"><span class='ocrx_word' id='word_1_562' title='bbox 383 4293 626 4356; x_wconf 77' lang='grc' dir='ltr'>στάσεως</span> <span class='ocrx_word' id='word_1_563' title='bbox 671 4293 835 4346; x_wconf 80' lang='grc' dir='ltr'>αὑτοῦ</span> <span class='ocrx_word' id='word_1_564' title='bbox 890 4295 1023 4364; x_wconf 89' lang='grc'>(76),</span> <span class='ocrx_word' id='word_1_565' title='bbox 1059 4295 1116 4358; x_wconf 86' lang='grc' dir='ltr'>ὃς</span> <span class='ocrx_word' id='word_1_566' title='bbox 1169 4297 1314 4348; x_wconf 85' lang='grc' dir='ltr'>ἐστιν</span> <span class='ocrx_word' id='word_1_567' title='bbox 1362 4295 1522 4349; x_wconf 80' lang='grc' dir='ltr'>εἰκὼν</span> <span class='ocrx_word' id='word_1_568' title='bbox 1563 4296 1653 4348; x_wconf 79' lang='grc' dir='ltr'>τοῦ</span> <span class='ocrx_word' id='word_1_569' title='bbox 1687 4296 1820 4348; x_wconf 80' lang='grc' dir='ltr'>Θεοῦ</span> <span class='ocrx_word' id='word_1_570' title='bbox 1858 4295 1951 4348; x_wconf 79' lang='grc' dir='ltr'>τοῦ</span> 
     </span>
    </p>
   </div>
   <div class='ocr_carea' id='block_1_78' title="bbox 378 4383 1950 4460">
    <p class='ocr_par' dir='ltr' id='par_1_78' title="bbox 378 4383 1950 4460">
     <span class='ocr_line' id='line_1_78' title="bbox 378 4383 1950 4460; baseline 0 -20"><span class='ocrx_word' id='word_1_571' title='bbox 378 4383 648 4456; x_wconf 74' lang='grc' dir='ltr'>ἀοράτους</span> <span class='ocrx_word' id='word_1_572' title='bbox 681 4385 758 4455; x_wconf 82' lang='grc' dir='ltr'>Τῇ</span> <span class='ocrx_word' id='word_1_573' title='bbox 791 4385 894 4457; x_wconf 77' lang='grc' dir='ltr'>ἰδίᾳ</span> <span class='ocrx_word' id='word_1_574' title='bbox 935 4389 1109 4440; x_wconf 81' lang='grc' dir='ltr'>τοίνυν</span> <span class='ocrx_word' id='word_1_575' title='bbox 1145 4388 1312 4440; x_wconf 81' lang='grc' dir='ltr'>είκόνι</span> <span class='ocrx_word' id='word_1_576' title='bbox 1347 4390 1412 4458; x_wconf 85' lang='grc' dir='ltr'>τῇ</span> <span class='ocrx_word' id='word_1_577' title='bbox 1446 4386 1626 4460; x_wconf 74' lang='grc' dir='ltr'>ζώσῃ,</span> <span class='ocrx_word' id='word_1_578' title='bbox 1663 4390 1726 4458; x_wconf 81' lang='grc' dir='ltr'>τῇ</span> <span class='ocrx_word' id='word_1_579' title='bbox 1768 4389 1950 4440; x_wconf 74' lang='grc' dir='ltr'>εἰπού-</span> 
     </span>
    </p>
   </div>
   <div class='ocr_carea' id='block_1_79' title="bbox 450 4581 1434 4651">
    <p class='ocr_par' dir='ltr' id='par_1_79' title="bbox 450 4581 1434 4651">
     <span class='ocr_line' id='line_1_79' title="bbox 450 4581 1434 4651; baseline -0.003 -12"><span class='ocrx_word' id='word_1_580' title='bbox 450 4584 497 4616; x_wconf 85' lang='grc'><strong>²³</strong></span> <span class='ocrx_word' id='word_1_581' title='bbox 528 4583 692 4640; x_wconf 80' lang='lat' dir='ltr'><strong>Hebr.</strong></span> <span class='ocrx_word' id='word_1_582' title='bbox 728 4601 770 4649; x_wconf 90' lang='lat' dir='ltr'><strong>I,</strong></span> <span class='ocrx_word' id='word_1_583' title='bbox 799 4584 853 4649; x_wconf 68' lang='lat'><strong>2,</strong></span> <span class='ocrx_word' id='word_1_584' title='bbox 883 4585 938 4638; x_wconf 79' lang='grc'>5.</span> <span class='ocrx_word' id='word_1_585' title='bbox 1015 4587 1060 4618; x_wconf 65' lang='grc'>³³</span> <span class='ocrx_word' id='word_1_586' title='bbox 1098 4586 1229 4640; x_wconf 83' lang='lat' dir='ltr'><strong>Gen.</strong></span> <span class='ocrx_word' id='word_1_587' title='bbox 1276 4602 1311 4651; x_wconf 87' lang='lat' dir='ltr'><strong>l,</strong></span> <span class='ocrx_word' id='word_1_588' title='bbox 1346 4581 1434 4637; x_wconf 73' lang='grc'><strong>26.</strong></span> 
     </span>
    </p>
   </div>
   <div class='ocr_carea' id='block_1_80' title="bbox 452 4736 2014 4820">
    <p class='ocr_par' dir='ltr' id='par_1_80' title="bbox 452 4736 2014 4820">
     <span class='ocr_line' id='line_1_80' title="bbox 452 4736 2014 4820; baseline 0.001 -31"><span class='ocrx_word' id='word_1_589' title='bbox 452 4736 564 4808; x_wconf 88' lang='grc'><strong>(69)</strong></span> <span class='ocrx_word' id='word_1_590' title='bbox 587 4737 824 4820; x_wconf 49' lang='lat' dir='ltr'><strong>ltaHmss.</strong></span> <span class='ocrx_word' id='word_1_591' title='bbox 872 4747 1099 4820; x_wconf 66' lang='lat' dir='ltr'><strong>septem.</strong></span> <span class='ocrx_word' id='word_1_592' title='bbox 1130 4738 1271 4820; x_wconf 78' lang='grc' dir='ltr'><strong>Εάὶιί</strong></span> <span class='ocrx_word' id='word_1_593' title='bbox 1313 4738 1592 4820; x_wconf 55' lang='lat' dir='ltr'><strong>cummaliis</strong></span> <span class='ocrx_word' id='word_1_594' title='bbox 1617 4740 1935 4819; x_wconf 79' lang='lat' dir='ltr'><strong>quibusdam</strong></span> <span class='ocrx_word' id='word_1_595' title='bbox 1973 4751 2014 4804; x_wconf 81' lang='grc' dir='ltr'><strong>ι)</strong></span> 
     </span>
    </p>
   </div>
   <div class='ocr_carea' id='block_1_81' title="bbox 379 4807 1936 4884">
    <p class='ocr_par' dir='ltr' id='par_1_81' title="bbox 379 4807 1936 4884">
     <span class='ocr_line' id='line_1_81' title="bbox 379 4807 1936 4884; baseline 0 -22"><span class='ocrx_word' id='word_1_596' title='bbox 379 4807 845 4884; x_wconf 36' lang='grc' dir='ltr'>ωδε-,κεκαλυπτο</span> <span class='ocrx_word' id='word_1_597' title='bbox 869 4809 965 4884; x_wconf 71' lang='grc' dir='ltr'>τῆς</span> <span class='ocrx_word' id='word_1_598' title='bbox 988 4807 1312 4884; x_wconf 78' lang='grc' dir='ltr'>θεογνωσίας</span> <span class='ocrx_word' id='word_1_599' title='bbox 1327 4810 1408 4861; x_wconf 82' lang='grc' dir='ltr'>τό.</span> <span class='ocrx_word' id='word_1_600' title='bbox 1430 4807 1732 4877; x_wconf 74' lang='lat' dir='ltr'><strong>Tlteologite</strong></span> <span class='ocrx_word' id='word_1_601' title='bbox 1760 4821 1936 4864; x_wconf 87' lang='lat' dir='ltr'><strong>autem</strong></span> 
     </span>
    </p>
   </div>
   <div class='ocr_carea' id='block_1_82' title="bbox 377 4877 1938 4948">
    <p class='ocr_par' dir='ltr' id='par_1_82' title="bbox 377 4877 1938 4948">
     <span class='ocr_line' id='line_1_82' title="bbox 377 4877 1938 4948; baseline 0.002 -18"><span class='ocrx_word' id='word_1_602' title='bbox 377 4877 816 4948; x_wconf 64' lang='lat' dir='ltr'><strong>praedicationem</strong></span> <span class='ocrx_word' id='word_1_603' title='bbox 857 4877 983 4932; x_wconf 86' lang='lat' dir='ltr'><strong>dicit</strong></span> <span class='ocrx_word' id='word_1_604' title='bbox 1014 4879 1310 4932; x_wconf 81' lang='lat' dir='ltr'><strong>doctrinam</strong></span> <span class='ocrx_word' id='word_1_605' title='bbox 1367 4893 1506 4942; x_wconf 86' lang='lat' dir='ltr'><strong>eam,</strong></span> <span class='ocrx_word' id='word_1_606' title='bbox 1547 4895 1650 4946; x_wconf 88' lang='lat' dir='ltr'><strong>qua</strong></span> <span class='ocrx_word' id='word_1_607' title='bbox 1695 4893 1938 4948; x_wconf 66' lang='lat' dir='ltr'><strong>persona:</strong></span> 
     </span>
    </p>
   </div>
   <div class='ocr_carea' id='block_1_83' title="bbox 378 4947 1655 5017">
    <p class='ocr_par' dir='ltr' id='par_1_83' title="bbox 378 4947 1655 5017">
     <span class='ocr_line' id='line_1_83' title="bbox 378 4947 1655 5017; baseline -0.002 -15"><span class='ocrx_word' id='word_1_608' title='bbox 378 4947 736 5017; x_wconf 73' lang='lat' dir='ltr'><strong>sanctissima:</strong></span> <span class='ocrx_word' id='word_1_609' title='bbox 761 4947 1042 5002; x_wconf 83' lang='lat' dir='ltr'><strong>Trinitatis</strong></span> <span class='ocrx_word' id='word_1_610' title='bbox 1073 4960 1255 5017; x_wconf 90' lang='lat' dir='ltr'><strong>aperte</strong></span> <span class='ocrx_word' id='word_1_611' title='bbox 1280 4950 1655 5016; x_wconf 64' lang='lat' dir='ltr'><strong>praedicantur.</strong></span> 
     </span>
    </p>
   </div>
   <div class='ocr_carea' id='block_1_84' title="bbox 479 5016 1934 5088">
    <p class='ocr_par' dir='ltr' id='par_1_84' title="bbox 479 5016 1934 5088">
     <span class='ocr_line' id='line_1_84' title="bbox 479 5016 1934 5088; baseline 0.003 -21"><span class='ocrx_word' id='word_1_612' title='bbox 479 5016 569 5088; x_wconf 87' lang='lat'><strong>70)</strong></span> <span class='ocrx_word' id='word_1_613' title='bbox 621 5018 711 5071; x_wconf 90' lang='lat' dir='ltr'><strong>Sic</strong></span> <span class='ocrx_word' id='word_1_614' title='bbox 744 5016 1154 5088; x_wconf 27' lang='lat' dir='ltr'><strong>Regiiﬁprimns,</strong></span> <span class='ocrx_word' id='word_1_615' title='bbox 1201 5021 1389 5072; x_wconf 89' lang='lat' dir='ltr'><strong>tertius</strong></span> <span class='ocrx_word' id='word_1_616' title='bbox 1443 5028 1498 5072; x_wconf 87' lang='lat' dir='ltr'><strong>et</strong></span> <span class='ocrx_word' id='word_1_617' title='bbox 1554 5020 1775 5087; x_wconf 85' lang='lat' dir='ltr'><strong>quintus</strong></span> <span class='ocrx_word' id='word_1_618' title='bbox 1814 5034 1934 5072; x_wconf 87' lang='lat' dir='ltr'><strong>cum</strong></span> 
     </span>
    </p>
   </div>
   <div class='ocr_carea' id='block_1_85' title="bbox 376 5085 1936 5159">
    <p class='ocr_par' dir='ltr' id='par_1_85' title="bbox 376 5085 1936 5159">
     <span class='ocr_line' id='line_1_85' title="bbox 376 5085 1936 5159; baseline -0.001 -18"><span class='ocrx_word' id='word_1_619' title='bbox 376 5085 557 5159; x_wconf 28' lang='lat' dir='ltr'><strong>Colbg</strong></span> <span class='ocrx_word' id='word_1_620' title='bbox 594 5085 851 5159; x_wconf 55' lang='lat' dir='ltr'><strong>secundo:</strong></span> <span class='ocrx_word' id='word_1_621' title='bbox 893 5087 1031 5141; x_wconf 84' lang='lat' dir='ltr'><strong>Editi</strong></span> <span class='ocrx_word' id='word_1_622' title='bbox 1083 5104 1204 5141; x_wconf 88' lang='lat' dir='ltr'><strong>cum</strong></span> <span class='ocrx_word' id='word_1_623' title='bbox 1246 5104 1350 5159; x_wconf 79' lang='lat' dir='ltr'><strong>uno</strong></span> <span class='ocrx_word' id='word_1_624' title='bbox 1377 5099 1468 5140; x_wconf 87' lang='lat' dir='ltr'><strong>aut</strong></span> <span class='ocrx_word' id='word_1_625' title='bbox 1520 5085 1936 5159; x_wconf 48' lang='lat' dir='ltr'><strong>alterumsed)</strong></span> 
     </span>
    </p>
   </div>
   <div class='ocr_carea' id='block_1_86' title="bbox 377 5156 1931 5242">
    <p class='ocr_par' dir='ltr' id='par_1_86' title="bbox 377 5156 1931 5242">
     <span class='ocr_line' id='line_1_86' title="bbox 377 5156 1931 5242; baseline 0.002 -33"><span class='ocrx_word' id='word_1_626' title='bbox 377 5156 559 5242; x_wconf 62' lang='grc' dir='ltr'>κοινῷ.</span> <span class='ocrx_word' id='word_1_627' title='bbox 595 5157 738 5211; x_wconf 80' lang='lat' dir='ltr'><strong>Infra</strong></span> <span class='ocrx_word' id='word_1_628' title='bbox 771 5156 903 5226; x_wconf 80' lang='lat' dir='ltr'><strong>Reg.</strong></span> <span class='ocrx_word' id='word_1_629' title='bbox 929 5167 1110 5212; x_wconf 74' lang='lat' dir='ltr'><strong>sextus</strong></span> <span class='ocrx_word' id='word_1_630' title='bbox 1139 5159 1284 5213; x_wconf 86' lang='lat' dir='ltr'><strong>solus</strong></span> <span class='ocrx_word' id='word_1_631' title='bbox 1323 5157 1478 5226; x_wconf 86' lang='grc' dir='ltr'>λόγον</span> <span class='ocrx_word' id='word_1_632' title='bbox 1517 5158 1617 5228; x_wconf 79' lang='grc' dir='ltr'>τῆς</span> <span class='ocrx_word' id='word_1_633' title='bbox 1657 5156 1931 5228; x_wconf 76' lang='grc' dir='ltr'>ἀληθείας·</span> 
     </span>
    </p>
   </div>
   <div class='ocr_carea' id='block_1_87' title="bbox 377 5244 1942 5377">
    <p class='ocr_par' dir='ltr' id='par_1_87' title="bbox 377 5244 1942 5377">
     <span class='ocr_line' id='line_1_87' title="bbox 377 5244 1942 5377; baseline -0.012 -9"><span class='ocrx_word' id='word_1_634' title='bbox 377 5244 732 5377; x_wconf 37' lang='lat'><strong>(068813.535.</strong></span> <span class='ocrx_word' id='word_1_635' title='bbox 761 5298 962 5377; x_wconf 50' lang='lat' dir='ltr'><strong>Pii&quot;!th</strong></span> <span class='ocrx_word' id='word_1_636' title='bbox 989 5298 1219 5370; x_wconf 78' lang='grc' dir='ltr'>ζώγροις</span> <span class='ocrx_word' id='word_1_637' title='bbox 1247 5297 1643 5368; x_wconf 81' lang='grc' dir='ltr'>ὲναποσκιασθῇ</span> <span class='ocrx_word' id='word_1_638' title='bbox 1663 5297 1942 5377; x_wconf 43' lang='grc' dir='ltr'>Δπεριϐρύ-</span> 
     </span>
    </p>
   </div>
   <div class='ocr_carea' id='block_1_88' title="bbox 377 5367 1936 5491">
    <p class='ocr_par' dir='ltr' id='par_1_88' title="bbox 377 5367 1936 5491">
     <span class='ocr_line' id='line_1_88' title="bbox 377 5367 1936 5446; baseline 0.002 -27"><span class='ocrx_word' id='word_1_639' title='bbox 377 5384 551 5446; x_wconf 75' lang='grc' dir='ltr'>χεται.</span> <span class='ocrx_word' id='word_1_640' title='bbox 585 5367 950 5423; x_wconf 26' lang='grc' dir='ltr'>ΕάιιίοίΒυείΙ.</span> <span class='ocrx_word' id='word_1_641' title='bbox 990 5367 1120 5423; x_wconf 67' lang='grc' dir='ltr'>(ιιιιιί</span> <span class='ocrx_word' id='word_1_642' title='bbox 1169 5381 1310 5424; x_wconf 79' lang='lat' dir='ltr'><strong>sext.</strong></span> <span class='ocrx_word' id='word_1_643' title='bbox 1359 5385 1489 5424; x_wconf 87' lang='lat' dir='ltr'><strong>mss.</strong></span> <span class='ocrx_word' id='word_1_644' title='bbox 1529 5367 1936 5439; x_wconf 80' lang='grc' dir='ltr'>περιϐρύχεται.</span> 
     </span>
     <span class='ocr_line' id='line_1_89' title="bbox 378 5437 1209 5491; baseline 0.001 -1"><span class='ocrx_word' id='word_1_645' title='bbox 378 5439 555 5491; x_wconf 76' lang='lat' dir='ltr'><strong>bditio</strong></span> <span class='ocrx_word' id='word_1_646' title='bbox 585 5437 755 5491; x_wconf 77' lang='lat' dir='ltr'><strong>Paris.</strong></span> <span class='ocrx_word' id='word_1_647' title='bbox 792 5439 1209 5491; x_wconf 80' lang='grc' dir='ltr'>πεοιϐουγᾶται.</span> 
     </span>
    </p>
   </div>
   <div class='ocr_carea' id='block_1_89' title="bbox 449 5447 1940 5581">
    <p class='ocr_par' dir='ltr' id='par_1_89' title="bbox 449 5447 1940 5581">
     <span class='ocr_line' id='line_1_90' title="bbox 449 5447 1209 5510; baseline 0.005 -22"><span class='ocrx_word' id='word_1_648' title='bbox 449 5447 555 5492; x_wconf 85' lang='lat' dir='ltr'><strong>lilio</strong></span> <span class='ocrx_word' id='word_1_649' title='bbox 585 5447 755 5493; x_wconf 77' lang='lat' dir='ltr'><strong>Paris.</strong></span> <span class='ocrx_word' id='word_1_650' title='bbox 792 5447 1209 5510; x_wconf 78' lang='grc' dir='ltr'>περιϐρυχᾶται.</span> 
     </span>
     <span class='ocr_line' id='line_1_91' title="bbox 449 5507 1940 5581; baseline 0.001 -21"><span class='ocrx_word' id='word_1_651' title='bbox 449 5508 566 5581; x_wconf 34' lang='grc'><strong>(79)-</strong></span> <span class='ocrx_word' id='word_1_652' title='bbox 597 5507 734 5581; x_wconf 70' lang='lat' dir='ltr'><strong>Reg.</strong></span> <span class='ocrx_word' id='word_1_653' title='bbox 791 5513 997 5581; x_wconf 77' lang='lat' dir='ltr'><strong>primus</strong></span> <span class='ocrx_word' id='word_1_654' title='bbox 1041 5510 1181 5581; x_wconf 76' lang='grc' dir='ltr'>οὕτω</span> <span class='ocrx_word' id='word_1_655' title='bbox 1211 5511 1303 5562; x_wconf 74' lang='grc' dir='ltr'><strong>καὶ</strong></span> <span class='ocrx_word' id='word_1_656' title='bbox 1349 5510 1408 5562; x_wconf 85' lang='grc' dir='ltr'><strong>τὸ</strong></span> <span class='ocrx_word' id='word_1_657' title='bbox 1457 5508 1562 5562; x_wconf 89' lang='grc' dir='ltr'><strong>τῶν</strong></span> <span class='ocrx_word' id='word_1_658' title='bbox 1605 5508 1820 5581; x_wconf 76' lang='grc' dir='ltr'>ἐχθρῶν</span> <span class='ocrx_word' id='word_1_659' title='bbox 1841 5510 1940 5578; x_wconf 83' lang='grc' dir='ltr'>τῆς</span> 
     </span>
    </p>
   </div>
   <div class='ocr_carea' id='block_1_90' title="bbox 376 5577 1938 5651">
    <p class='ocr_par' dir='ltr' id='par_1_90' title="bbox 376 5577 1938 5651">
     <span class='ocr_line' id='line_1_92' title="bbox 376 5577 1938 5651; baseline 0.001 -20"><span class='ocrx_word' id='word_1_660' title='bbox 376 5577 658 5651; x_wconf 36' lang='grc' dir='ltr'>ἀληθείαςμ</span> <span class='ocrx_word' id='word_1_661' title='bbox 684 5578 950 5651; x_wconf 81' lang='grc' dir='ltr'>Ἰουδαίων</span> <span class='ocrx_word' id='word_1_662' title='bbox 1014 5579 1188 5651; x_wconf 83' lang='grc' dir='ltr'>γένος,</span> <span class='ocrx_word' id='word_1_663' title='bbox 1241 5577 1748 5651; x_wconf 76' lang='grc' dir='ltr'>στενοχωρούμενοι.</span> <span class='ocrx_word' id='word_1_664' title='bbox 1789 5577 1938 5651; x_wconf 70' lang='lat' dir='ltr'><strong>Reg.</strong></span> 
     </span>
    </p>
   </div>
   <div class='ocr_carea' id='block_1_91' title="bbox 381 5647 1940 5721">
    <p class='ocr_par' dir='ltr' id='par_1_91' title="bbox 381 5647 1940 5721">
     <span class='ocr_line' id='line_1_93' title="bbox 381 5647 1940 5721; baseline 0.001 -21"><span class='ocrx_word' id='word_1_665' title='bbox 381 5647 571 5721; x_wconf 75' lang='lat' dir='ltr'><strong>tertius</strong></span> <span class='ocrx_word' id='word_1_666' title='bbox 603 5647 745 5701; x_wconf 79' lang='grc' dir='ltr'>οὕτω</span> <span class='ocrx_word' id='word_1_667' title='bbox 773 5649 866 5702; x_wconf 76' lang='grc' dir='ltr'>καὶ</span> <span class='ocrx_word' id='word_1_668' title='bbox 901 5649 960 5721; x_wconf 84' lang='grc' dir='ltr'><strong>τὸ</strong></span> <span class='ocrx_word' id='word_1_669' title='bbox 1009 5649 1199 5721; x_wconf 81' lang='grc' dir='ltr'>ἐχθρὸν</span> <span class='ocrx_word' id='word_1_670' title='bbox 1249 5651 1346 5720; x_wconf 82' lang='grc' dir='ltr'>τῆς</span> <span class='ocrx_word' id='word_1_671' title='bbox 1394 5647 1651 5720; x_wconf 77' lang='grc' dir='ltr'>ἀληθείας</span> <span class='ocrx_word' id='word_1_672' title='bbox 1677 5647 1940 5703; x_wconf 80' lang='grc' dir='ltr'>Ἰουδαίων</span> 
     </span>
    </p>
   </div>
   <div class='ocr_carea' id='block_1_92' title="bbox 378 5716 1940 5792">
    <p class='ocr_par' dir='ltr' id='par_1_92' title="bbox 378 5716 1940 5792">
     <span class='ocr_line' id='line_1_94' title="bbox 378 5716 1940 5792; baseline 0.002 -22"><span class='ocrx_word' id='word_1_673' title='bbox 378 5716 552 5785; x_wconf 84' lang='grc' dir='ltr'>γένος,</span> <span class='ocrx_word' id='word_1_674' title='bbox 587 5716 1260 5792; x_wconf 76' lang='grc' dir='ltr'>στενοχωρούμενοι.ἘιΙὶιὶ</span> <span class='ocrx_word' id='word_1_675' title='bbox 1285 5716 1405 5777; x_wconf 75' lang='lat' dir='ltr'><strong>cum</strong></span> <span class='ocrx_word' id='word_1_676' title='bbox 1441 5716 1613 5776; x_wconf 74' lang='lat' dir='ltr'><strong>tribus</strong></span> <span class='ocrx_word' id='word_1_677' title='bbox 1644 5737 1774 5776; x_wconf 85' lang='lat' dir='ltr'><strong>mss.</strong></span> <span class='ocrx_word' id='word_1_678' title='bbox 1807 5729 1864 5775; x_wconf 85' lang='lat' dir='ltr'><strong>ut</strong></span> <span class='ocrx_word' id='word_1_679' title='bbox 1890 5721 1940 5773; x_wconf 89' lang='lat' dir='ltr'><strong>in</strong></span> 
     </span>
    </p>
   </div>
   <div class='ocr_carea' id='block_1_93' title="bbox 379 5798 654 5844">
    <p class='ocr_par' dir='ltr' id='par_1_93' title="bbox 379 5798 654 5844">
     <span class='ocr_line' id='line_1_95' title="bbox 379 5798 654 5844; baseline 0.011 -3"><span class='ocrx_word' id='word_1_680' title='bbox 379 5798 654 5844; x_wconf 67' lang='lat' dir='ltr'><strong>COIHCXlU.</strong></span> 
     </span>
    </p>
   </div>
   <div class='ocr_carea' id='block_1_94' title="bbox 1547 4582 1992 4647">
    <p class='ocr_par' dir='ltr' id='par_1_94' title="bbox 1547 4582 1992 4647">
     <span class='ocr_line' id='line_1_96' title="bbox 1547 4582 1992 4647; baseline -0.002 -10"><span class='ocrx_word' id='word_1_681' title='bbox 1547 4585 1590 4614; x_wconf 80' lang='lat'>&quot;</span> <span class='ocrx_word' id='word_1_682' title='bbox 1624 4582 1777 4637; x_wconf 81' lang='lat' dir='ltr'><strong>Joan.</strong></span> <span class='ocrx_word' id='word_1_683' title='bbox 1813 4599 1875 4647; x_wconf 78' lang='grc' dir='ltr'>χ,</span> <span class='ocrx_word' id='word_1_684' title='bbox 1903 4584 1992 4639; x_wconf 81' lang='grc'>50.</span> 
     </span>
    </p>
   </div>
   <div class='ocr_carea' id='block_1_95' title="bbox 2053 3279 3619 3353">
    <p class='ocr_par' dir='ltr' id='par_1_95' title="bbox 2053 3279 3619 3353">
     <span class='ocr_line' id='line_1_97' title="bbox 2053 3279 3619 3353; baseline -0.001 -15"><span class='ocrx_word' id='word_1_685' title='bbox 2053 3296 2234 3338; x_wconf 83' lang='lat' dir='ltr'><strong>stram.</strong></span> <span class='ocrx_word' id='word_1_686' title='bbox 2288 3282 2421 3348; x_wconf 85' lang='lat' dir='ltr'><strong>Quid</strong></span> <span class='ocrx_word' id='word_1_687' title='bbox 2473 3283 2604 3336; x_wconf 89' lang='lat' dir='ltr'><strong>dicis</strong></span> <span class='ocrx_word' id='word_1_688' title='bbox 2649 3282 2714 3335; x_wconf 84' lang='lat' dir='ltr'><strong>ad</strong></span> <span class='ocrx_word' id='word_1_689' title='bbox 2764 3282 2893 3335; x_wconf 86' lang='lat' dir='ltr'><strong>hoc?</strong></span> <span class='ocrx_word' id='word_1_690' title='bbox 2943 3279 3078 3336; x_wconf 83' lang='lat' dir='ltr'><strong>Num</strong></span> <span class='ocrx_word' id='word_1_691' title='bbox 3103 3291 3157 3336; x_wconf 88' lang='lat' dir='ltr'><strong>et</strong></span> <span class='ocrx_word' id='word_1_692' title='bbox 3188 3282 3278 3335; x_wconf 88' lang='lat' dir='ltr'><strong>Dei</strong></span> <span class='ocrx_word' id='word_1_693' title='bbox 3315 3293 3368 3336; x_wconf 88' lang='lat' dir='ltr'><strong>et</strong></span> <span class='ocrx_word' id='word_1_694' title='bbox 3402 3284 3619 3353; x_wconf 82' lang='lat' dir='ltr'><strong>angelo-</strong></span> 
     </span>
    </p>
   </div>
   <div class='ocr_carea' id='block_1_96' title="bbox 2053 3371 3617 3442">
    <p class='ocr_par' dir='ltr' id='par_1_96' title="bbox 2053 3371 3617 3442">
     <span class='ocr_line' id='line_1_98' title="bbox 2053 3371 3617 3442; baseline -0.001 -13"><span class='ocrx_word' id='word_1_695' title='bbox 2053 3391 2170 3430; x_wconf 89' lang='lat' dir='ltr'><strong>rum</strong></span> <span class='ocrx_word' id='word_1_696' title='bbox 2203 3392 2305 3428; x_wconf 87' lang='lat' dir='ltr'><strong>una</strong></span> <span class='ocrx_word' id='word_1_697' title='bbox 2344 3384 2428 3428; x_wconf 83' lang='lat' dir='ltr'><strong>est</strong></span> <span class='ocrx_word' id='word_1_698' title='bbox 2451 3373 2665 3442; x_wconf 81' lang='lat' dir='ltr'><strong>imago?</strong></span> <span class='ocrx_word' id='word_1_699' title='bbox 2697 3372 2814 3426; x_wconf 87' lang='lat' dir='ltr'><strong>Filii</strong></span> <span class='ocrx_word' id='word_1_700' title='bbox 2845 3373 3059 3440; x_wconf 88' lang='lat' dir='ltr'><strong>quidem</strong></span> <span class='ocrx_word' id='word_1_701' title='bbox 3087 3382 3141 3426; x_wconf 89' lang='lat' dir='ltr'><strong>et</strong></span> <span class='ocrx_word' id='word_1_702' title='bbox 3173 3371 3348 3427; x_wconf 86' lang='lat' dir='ltr'><strong>Patris</strong></span> <span class='ocrx_word' id='word_1_703' title='bbox 3375 3375 3617 3429; x_wconf 84' lang='lat' dir='ltr'><strong>eamdem</strong></span> 
     </span>
    </p>
   </div>
   <div class='ocr_carea' id='block_1_97' title="bbox 2051 3463 3616 3530">
    <p class='ocr_par' dir='ltr' id='par_1_97' title="bbox 2051 3463 3616 3530">
     <span class='ocr_line' id='line_1_99' title="bbox 2051 3463 3616 3530; baseline -0.001 -9"><span class='ocrx_word' id='word_1_704' title='bbox 2051 3482 2170 3522; x_wconf 89' lang='lat' dir='ltr'><strong>esse</strong></span> <span class='ocrx_word' id='word_1_705' title='bbox 2208 3466 2432 3520; x_wconf 84' lang='lat' dir='ltr'><strong>formam</strong></span> <span class='ocrx_word' id='word_1_706' title='bbox 2471 3466 2690 3518; x_wconf 90' lang='lat' dir='ltr'><strong>omnino</strong></span> <span class='ocrx_word' id='word_1_707' title='bbox 2734 3478 2957 3518; x_wconf 88' lang='lat' dir='ltr'><strong>necesse</strong></span> <span class='ocrx_word' id='word_1_708' title='bbox 2984 3473 3100 3530; x_wconf 87' lang='lat' dir='ltr'><strong>est;</strong></span> <span class='ocrx_word' id='word_1_709' title='bbox 3135 3463 3304 3518; x_wconf 80' lang='lat' dir='ltr'><strong>forma</strong></span> <span class='ocrx_word' id='word_1_710' title='bbox 3348 3466 3616 3530; x_wconf 83' lang='lat' dir='ltr'><strong>videlicet.</strong></span> 
     </span>
    </p>
   </div>
   <div class='ocr_carea' id='block_1_98' title="bbox 2054 3545 3616 3627">
    <p class='ocr_par' dir='ltr' id='par_1_98' title="bbox 2054 3545 3616 3627">
     <span class='ocr_line' id='line_1_100' title="bbox 2054 3545 3616 3627; baseline -0.001 -15"><span class='ocrx_word' id='word_1_711' title='bbox 2054 3558 2128 3612; x_wconf 91' lang='lat' dir='ltr'><strong>uti</strong></span> <span class='ocrx_word' id='word_1_712' title='bbox 2163 3545 2327 3610; x_wconf 87' lang='lat' dir='ltr'><strong>Deum</strong></span> <span class='ocrx_word' id='word_1_713' title='bbox 2355 3557 2530 3621; x_wconf 88' lang='lat' dir='ltr'><strong>decet,</strong></span> <span class='ocrx_word' id='word_1_714' title='bbox 2560 3555 2853 3622; x_wconf 89' lang='lat' dir='ltr'><strong>intellecta,</strong></span> <span class='ocrx_word' id='word_1_715' title='bbox 2898 3570 3005 3610; x_wconf 83' lang='lat' dir='ltr'><strong>non</strong></span> <span class='ocrx_word' id='word_1_716' title='bbox 3044 3555 3095 3608; x_wconf 93' lang='lat' dir='ltr'><strong>in</strong></span> <span class='ocrx_word' id='word_1_717' title='bbox 3133 3572 3393 3625; x_wconf 89' lang='lat' dir='ltr'><strong>corporea</strong></span> <span class='ocrx_word' id='word_1_718' title='bbox 3423 3559 3616 3627; x_wconf 79' lang='lat' dir='ltr'><strong>ﬁgura,</strong></span> 
     </span>
    </p>
   </div>
   <div class='ocr_carea' id='block_1_99' title="bbox 2053 3646 3615 3717">
    <p class='ocr_par' dir='ltr' id='par_1_99' title="bbox 2053 3646 3615 3717">
     <span class='ocr_line' id='line_1_101' title="bbox 2053 3646 3615 3717; baseline -0.001 -14"><span class='ocrx_word' id='word_1_719' title='bbox 2053 3648 2146 3703; x_wconf 91' lang='lat' dir='ltr'><strong>sed</strong></span> <span class='ocrx_word' id='word_1_720' title='bbox 2172 3649 2224 3702; x_wconf 93' lang='lat' dir='ltr'><strong>in</strong></span> <span class='ocrx_word' id='word_1_721' title='bbox 2255 3648 2554 3702; x_wconf 76' lang='lat' dir='ltr'><strong>divinitatis</strong></span> <span class='ocrx_word' id='word_1_722' title='bbox 2581 3647 2927 3716; x_wconf 86' lang='lat' dir='ltr'><strong>proprietate.</strong></span> <span class='ocrx_word' id='word_1_723' title='bbox 2949 3646 3088 3702; x_wconf 87' lang='lat' dir='ltr'><strong>Audi</strong></span> <span class='ocrx_word' id='word_1_724' title='bbox 3112 3655 3167 3702; x_wconf 88' lang='lat' dir='ltr'><strong>et</strong></span> <span class='ocrx_word' id='word_1_725' title='bbox 3195 3655 3248 3701; x_wconf 89' lang='lat' dir='ltr'><strong>tu</strong></span> <span class='ocrx_word' id='word_1_726' title='bbox 3273 3648 3362 3717; x_wconf 93' lang='lat' dir='ltr'><strong>qui</strong></span> <span class='ocrx_word' id='word_1_727' title='bbox 3386 3663 3449 3702; x_wconf 80' lang='lat' dir='ltr'><strong>ex</strong></span> <span class='ocrx_word' id='word_1_728' title='bbox 3480 3665 3615 3702; x_wconf 88' lang='lat' dir='ltr'><strong>nova</strong></span> 
     </span>
    </p>
   </div>
   <div class='ocr_carea' id='block_1_100' title="bbox 2051 3741 3616 3812">
    <p class='ocr_par' dir='ltr' id='par_1_100' title="bbox 2051 3741 3616 3812">
     <span class='ocr_line' id='line_1_102' title="bbox 2051 3741 3616 3812; baseline 0.003 -16"><span class='ocrx_word' id='word_1_729' title='bbox 2051 3741 2359 3796; x_wconf 87' lang='lat' dir='ltr'><strong>concisione</strong></span> <span class='ocrx_word' id='word_1_730' title='bbox 2391 3756 2472 3804; x_wconf 89' lang='lat' dir='ltr'><strong>es,</strong></span> <span class='ocrx_word' id='word_1_731' title='bbox 2498 3742 2588 3810; x_wconf 87' lang='lat' dir='ltr'><strong>qui</strong></span> <span class='ocrx_word' id='word_1_732' title='bbox 2633 3741 3029 3797; x_wconf 87' lang='lat' dir='ltr'><strong>Christianismi</strong></span> <span class='ocrx_word' id='word_1_733' title='bbox 3074 3742 3291 3796; x_wconf 88' lang='lat' dir='ltr'><strong>nomine</strong></span> <span class='ocrx_word' id='word_1_734' title='bbox 3335 3753 3496 3812; x_wconf 89' lang='lat' dir='ltr'><strong>atque</strong></span> <span class='ocrx_word' id='word_1_735' title='bbox 3541 3747 3616 3800; x_wconf 84' lang='lat' dir='ltr'><strong>si-</strong></span> 
     </span>
    </p>
   </div>
   <div class='ocr_carea' id='block_1_101' title="bbox 2055 3832 3616 3890">
    <p class='ocr_par' dir='ltr' id='par_1_101' title="bbox 2055 3832 3616 3890">
     <span class='ocr_line' id='line_1_103' title="bbox 2055 3832 3616 3890; baseline 0.001 -2"><span class='ocrx_word' id='word_1_736' title='bbox 2055 3834 2348 3889; x_wconf 90' lang='lat' dir='ltr'><strong>mulatione</strong></span> <span class='ocrx_word' id='word_1_737' title='bbox 2386 3833 2595 3888; x_wconf 88' lang='lat' dir='ltr'><strong>stabilis</strong></span> <span class='ocrx_word' id='word_1_738' title='bbox 2629 3832 2982 3888; x_wconf 82' lang='lat' dir='ltr'><strong>Judaismum.</strong></span> <span class='ocrx_word' id='word_1_739' title='bbox 3022 3834 3116 3888; x_wconf 90' lang='lat' dir='ltr'><strong>Cui</strong></span> <span class='ocrx_word' id='word_1_740' title='bbox 3152 3835 3280 3888; x_wconf 91' lang='lat' dir='ltr'><strong>dicit</strong></span> <span class='ocrx_word' id='word_1_741' title='bbox 3319 3854 3330 3889; x_wconf 90' lang='lat'><strong>:</strong></span> <span class='ocrx_word' id='word_1_742' title='bbox 3368 3836 3450 3888; x_wconf 82' lang='lat' dir='ltr'><strong>Ad</strong></span> <span class='ocrx_word' id='word_1_743' title='bbox 3483 3837 3616 3890; x_wconf 88' lang='lat' dir='ltr'><strong>ima-</strong></span> 
     </span>
    </p>
   </div>
   <div class='ocr_carea' id='block_1_102' title="bbox 2054 3925 3616 3999">
    <p class='ocr_par' dir='ltr' id='par_1_102' title="bbox 2054 3925 3616 3999">
     <span class='ocr_line' id='line_1_104' title="bbox 2054 3925 3616 3999; baseline 0.001 -19"><span class='ocrx_word' id='word_1_744' title='bbox 2054 3929 2223 3999; x_wconf 84' lang='lat' dir='ltr'><strong>ginem</strong></span> <span class='ocrx_word' id='word_1_745' title='bbox 2273 3928 2546 3981; x_wconf 82' lang='lat' dir='ltr'><strong>nostram?</strong></span> <span class='ocrx_word' id='word_1_746' title='bbox 2592 3926 2709 3989; x_wconf 84' lang='lat' dir='ltr'><strong>Cui,</strong></span> <span class='ocrx_word' id='word_1_747' title='bbox 2749 3940 2964 3994; x_wconf 66' lang='lat' dir='ltr'><strong>quaeso,</strong></span> <span class='ocrx_word' id='word_1_748' title='bbox 3019 3925 3176 3980; x_wconf 87' lang='lat' dir='ltr'><strong>alteri</strong></span> <span class='ocrx_word' id='word_1_749' title='bbox 3227 3941 3388 3995; x_wconf 86' lang='lat' dir='ltr'><strong>quam</strong></span> <span class='ocrx_word' id='word_1_750' title='bbox 3434 3927 3616 3995; x_wconf 71' lang='lat' dir='ltr'><strong>gloria:</strong></span> 
     </span>
    </p>
   </div>
   <div class='ocr_carea' id='block_1_103' title="bbox 2055 4018 3615 4090">
    <p class='ocr_par' dir='ltr' id='par_1_103' title="bbox 2055 4018 3615 4090">
     <span class='ocr_line' id='line_1_105' title="bbox 2055 4018 3615 4090; baseline -0.001 -17"><span class='ocrx_word' id='word_1_751' title='bbox 2055 4020 2362 4090; x_wconf 89' lang='lat' dir='ltr'><strong>splendori,</strong></span> <span class='ocrx_word' id='word_1_752' title='bbox 2396 4027 2451 4072; x_wconf 91' lang='lat' dir='ltr'><strong>et</strong></span> <span class='ocrx_word' id='word_1_753' title='bbox 2497 4019 2812 4074; x_wconf 77' lang='lat' dir='ltr'><strong>substantiae</strong></span> <span class='ocrx_word' id='word_1_754' title='bbox 2842 4018 3008 4087; x_wconf 91' lang='lat' dir='ltr'><strong>ipsius</strong></span> <span class='ocrx_word' id='word_1_755' title='bbox 3035 4018 3336 4073; x_wconf 85' lang='lat' dir='ltr'><strong>characteri</strong></span> <span class='ocrx_word' id='word_1_756' title='bbox 3364 4059 3377 4083; x_wconf 91' lang='lat'><strong>,</strong></span> <span class='ocrx_word' id='word_1_757' title='bbox 3415 4019 3615 4088; x_wconf 87' lang='lat' dir='ltr'><strong>quiest</strong></span> 
     </span>
    </p>
   </div>
   <div class='ocr_carea' id='block_1_104' title="bbox 2059 4107 3612 4178">
    <p class='ocr_par' dir='ltr' id='par_1_104' title="bbox 2059 4107 3612 4178">
     <span class='ocr_line' id='line_1_106' title="bbox 2059 4107 3612 4178; baseline -0.003 -13"><span class='ocrx_word' id='word_1_758' title='bbox 2059 4110 2152 4164; x_wconf 91' lang='lat' dir='ltr'><strong>Dei</strong></span> <span class='ocrx_word' id='word_1_759' title='bbox 2179 4109 2460 4164; x_wconf 87' lang='lat' dir='ltr'><strong>invisibilis</strong></span> <span class='ocrx_word' id='word_1_760' title='bbox 2507 4107 2726 4178; x_wconf 86' lang='lat' dir='ltr'><strong>imago?</strong></span> <span class='ocrx_word' id='word_1_761' title='bbox 2764 4107 2947 4176; x_wconf 85' lang='lat' dir='ltr'><strong>itaque</strong></span> <span class='ocrx_word' id='word_1_762' title='bbox 2989 4107 3209 4177; x_wconf 81' lang='lat' dir='ltr'><strong>imagini</strong></span> <span class='ocrx_word' id='word_1_763' title='bbox 3249 4123 3360 4162; x_wconf 70' lang='lat' dir='ltr'><strong>suae</strong></span> <span class='ocrx_word' id='word_1_764' title='bbox 3389 4108 3612 4171; x_wconf 86' lang='lat' dir='ltr'><strong>viventi,</strong></span> 
     </span>
    </p>
   </div>
   <div class='ocr_carea' id='block_1_105' title="bbox 2054 4199 3613 4270">
    <p class='ocr_par' dir='ltr' id='par_1_105' title="bbox 2054 4199 3613 4270">
     <span class='ocr_line' id='line_1_107' title="bbox 2054 4199 3613 4270; baseline -0.001 -18"><span class='ocrx_word' id='word_1_765' title='bbox 2054 4217 2172 4270; x_wconf 70' lang='lat' dir='ltr'><strong>quae</strong></span> <span class='ocrx_word' id='word_1_766' title='bbox 2206 4202 2340 4254; x_wconf 79' lang='lat' dir='ltr'><strong>dixit</strong></span> <span class='ocrx_word' id='word_1_767' title='bbox 2373 4220 2383 4254; x_wconf 92' lang='lat'><strong>:</strong></span> <span class='ocrx_word' id='word_1_768' title='bbox 2421 4199 2532 4270; x_wconf 86' lang='lat' dir='ltr'><strong>Ego</strong></span> <span class='ocrx_word' id='word_1_769' title='bbox 2585 4211 2630 4253; x_wconf 86' lang='lat' dir='ltr'><strong>et</strong></span> <span class='ocrx_word' id='word_1_770' title='bbox 2673 4199 2835 4254; x_wconf 77' lang='lat' dir='ltr'><strong>Pater</strong></span> <span class='ocrx_word' id='word_1_771' title='bbox 2874 4217 3033 4253; x_wconf 88' lang='lat' dir='ltr'><strong>unum</strong></span> <span class='ocrx_word' id='word_1_772' title='bbox 3071 4216 3249 4254; x_wconf 85' lang='lat' dir='ltr'><strong>sumus</strong></span> <span class='ocrx_word' id='word_1_773' title='bbox 3279 4201 3323 4230; x_wconf 81' lang='lat'>&quot;</span> <span class='ocrx_word' id='word_1_774' title='bbox 3346 4216 3360 4263; x_wconf 87' lang='lat'><strong>;</strong></span> <span class='ocrx_word' id='word_1_775' title='bbox 3386 4210 3474 4254; x_wconf 91' lang='lat' dir='ltr'><strong>et:</strong></span> <span class='ocrx_word' id='word_1_776' title='bbox 3509 4199 3613 4264; x_wconf 84' lang='lat' dir='ltr'><strong>Qui</strong></span> 
     </span>
    </p>
   </div>
   <div class='ocr_carea' id='block_1_106' title="bbox 2056 4290 3612 4354">
    <p class='ocr_par' dir='ltr' id='par_1_106' title="bbox 2056 4290 3612 4354">
     <span class='ocr_line' id='line_1_108' title="bbox 2056 4290 3612 4354; baseline 0.003 -11"><span class='ocrx_word' id='word_1_777' title='bbox 2056 4309 2132 4346; x_wconf 81' lang='lat' dir='ltr'><strong>ms</strong></span> <span class='ocrx_word' id='word_1_778' title='bbox 2178 4292 2328 4354; x_wconf 77' lang='lat' dir='ltr'><strong>vidit,</strong></span> <span class='ocrx_word' id='word_1_779' title='bbox 2383 4292 2510 4345; x_wconf 79' lang='lat' dir='ltr'><strong>vidit</strong></span> <span class='ocrx_word' id='word_1_780' title='bbox 2547 4290 2756 4345; x_wconf 86' lang='lat' dir='ltr'><strong>Patrem</strong></span> <span class='ocrx_word' id='word_1_781' title='bbox 2789 4292 2868 4352; x_wconf 77' lang='grc' dir='ltr'><strong>²⁶ς</strong></span> <span class='ocrx_word' id='word_1_782' title='bbox 2925 4295 3048 4347; x_wconf 84' lang='lat' dir='ltr'><strong>huic</strong></span> <span class='ocrx_word' id='word_1_783' title='bbox 3099 4294 3272 4347; x_wconf 85' lang='lat' dir='ltr'><strong>dicit:</strong></span> <span class='ocrx_word' id='word_1_784' title='bbox 3331 4292 3612 4347; x_wconf 81' lang='lat' dir='ltr'><strong>Faciamus</strong></span> 
     </span>
    </p>
   </div>
   <div class='ocr_carea' id='block_1_107' title="bbox 2056 4383 3610 4454">
    <p class='ocr_par' dir='ltr' id='par_1_107' title="bbox 2056 4383 3610 4454">
     <span class='ocr_line' id='line_1_109' title="bbox 2056 4383 3610 4454; baseline 0.001 -18"><span class='ocrx_word' id='word_1_785' title='bbox 2056 4385 2317 4436; x_wconf 85' lang='lat' dir='ltr'><strong>hominem</strong></span> <span class='ocrx_word' id='word_1_786' title='bbox 2345 4383 2413 4434; x_wconf 88' lang='lat' dir='ltr'><strong>ad</strong></span> <span class='ocrx_word' id='word_1_787' title='bbox 2444 4385 2723 4453; x_wconf 85' lang='lat' dir='ltr'><strong>imaginem</strong></span> <span class='ocrx_word' id='word_1_788' title='bbox 2749 4396 3000 4438; x_wconf 81' lang='lat' dir='ltr'><strong>nastram.</strong></span> <span class='ocrx_word' id='word_1_789' title='bbox 3037 4386 3138 4441; x_wconf 85' lang='lat' dir='ltr'><strong>Ubi</strong></span> <span class='ocrx_word' id='word_1_790' title='bbox 3174 4395 3255 4440; x_wconf 88' lang='lat' dir='ltr'><strong>est</strong></span> <span class='ocrx_word' id='word_1_791' title='bbox 3284 4387 3458 4454; x_wconf 85' lang='lat' dir='ltr'><strong>imago</strong></span> <span class='ocrx_word' id='word_1_792' title='bbox 3481 4401 3610 4450; x_wconf 83' lang='lat' dir='ltr'><strong>una,</strong></span> 
     </span>
    </p>
   </div>
   <div class='ocr_carea' id='block_1_108' title="bbox 2069 4572 2525 4642">
    <p class='ocr_par' dir='ltr' id='par_1_108' title="bbox 2069 4572 2525 4642">
     <span class='ocr_line' id='line_1_110' title="bbox 2069 4572 2525 4642; baseline -0.002 -6"><span class='ocrx_word' id='word_1_793' title='bbox 2069 4585 2114 4614; x_wconf 79' lang='lat'>&quot;</span> <span class='ocrx_word' id='word_1_794' title='bbox 2150 4572 2303 4638; x_wconf 79' lang='lat' dir='ltr'><strong>.loatt.</strong></span> <span class='ocrx_word' id='word_1_795' title='bbox 2341 4600 2446 4642; x_wconf 72' lang='lat' dir='ltr'><strong>xlv,</strong></span> <span class='ocrx_word' id='word_1_796' title='bbox 2477 4583 2525 4637; x_wconf 83' lang='lat'><strong>9.</strong></span> 
     </span>
    </p>
   </div>
   <div class='ocr_carea' id='block_1_109' title="bbox 2115 4740 3610 4812">
    <p class='ocr_par' dir='ltr' id='par_1_109' title="bbox 2115 4740 3610 4812">
     <span class='ocr_line' id='line_1_111' title="bbox 2115 4740 3610 4812; baseline 0.003 -20"><span class='ocrx_word' id='word_1_797' title='bbox 2115 4740 2228 4812; x_wconf 80' lang='lat'><strong>(73)</strong></span> <span class='ocrx_word' id='word_1_798' title='bbox 2258 4740 2408 4812; x_wconf 62' lang='grc' dir='ltr'>(ξομ).</span> <span class='ocrx_word' id='word_1_799' title='bbox 2446 4742 2714 4795; x_wconf 89' lang='lat' dir='ltr'><strong>secundus</strong></span> <span class='ocrx_word' id='word_1_800' title='bbox 2767 4741 2850 4793; x_wconf 77' lang='grc' dir='ltr'><strong>ἵνα</strong></span> <span class='ocrx_word' id='word_1_801' title='bbox 2871 4741 2978 4812; x_wconf 65' lang='grc' dir='ltr'>γὰρ</span> <span class='ocrx_word' id='word_1_802' title='bbox 3025 4743 3133 4794; x_wconf 86' lang='grc' dir='ltr'>τόν.</span> <span class='ocrx_word' id='word_1_803' title='bbox 3193 4740 3340 4794; x_wconf 87' lang='lat' dir='ltr'><strong>Bodl.</strong></span> <span class='ocrx_word' id='word_1_804' title='bbox 3391 4742 3476 4794; x_wconf 83' lang='grc' dir='ltr'><strong>ἵνα</strong></span> <span class='ocrx_word' id='word_1_805' title='bbox 3517 4744 3610 4796; x_wconf 76' lang='grc' dir='ltr'><strong>τὸν</strong></span> 
     </span>
    </p>
   </div>
   <div class='ocr_carea' id='block_1_110' title="bbox 2045 4809 3612 4882">
    <p class='ocr_par' dir='ltr' id='par_1_110' title="bbox 2045 4809 3612 4882">
     <span class='ocr_line' id='line_1_112' title="bbox 2045 4809 3612 4882; baseline 0.003 -19"><span class='ocrx_word' id='word_1_806' title='bbox 2045 4809 2143 4882; x_wconf 60' lang='grc' dir='ltr'><strong>ἕνα</strong></span> <span class='ocrx_word' id='word_1_807' title='bbox 2169 4811 2242 4880; x_wconf 84' lang='grc' dir='ltr'>μὴ</span> <span class='ocrx_word' id='word_1_808' title='bbox 2270 4809 2546 4882; x_wconf 70' lang='grc' dir='ltr'>δέξωνται.</span> <span class='ocrx_word' id='word_1_809' title='bbox 2581 4812 2772 4864; x_wconf 82' lang='lat' dir='ltr'><strong>Statim</strong></span> <span class='ocrx_word' id='word_1_810' title='bbox 2824 4809 2962 4864; x_wconf 80' lang='lat' dir='ltr'><strong>idem</strong></span> <span class='ocrx_word' id='word_1_811' title='bbox 3000 4826 3123 4882; x_wconf 83' lang='lat' dir='ltr'><strong>mss.</strong></span> <span class='ocrx_word' id='word_1_812' title='bbox 3179 4812 3416 4882; x_wconf 80' lang='grc' dir='ltr'>μυρίους</span> <span class='ocrx_word' id='word_1_813' title='bbox 3437 4815 3612 4867; x_wconf 79' lang='grc' dir='ltr'>ἐπεισ-</span> 
     </span>
    </p>
   </div>
   <div class='ocr_carea' id='block_1_111' title="bbox 2047 4880 3604 4956">
    <p class='ocr_par' dir='ltr' id='par_1_111' title="bbox 2047 4880 3604 4956">
     <span class='ocr_line' id='line_1_113' title="bbox 2047 4880 3604 4956; baseline 0.018 -27"><span class='ocrx_word' id='word_1_814' title='bbox 2047 4880 2292 4956; x_wconf 52' lang='grc' dir='ltr'>ἀλέουσιν.</span> <span class='ocrx_word' id='word_1_815' title='bbox 2341 4880 2577 4934; x_wconf 89' lang='lat' dir='ltr'><strong>Subinde</strong></span> <span class='ocrx_word' id='word_1_816' title='bbox 2615 4890 3016 4956; x_wconf 67' lang='lat' dir='ltr'><strong>quatuor&#39;mss.</strong></span> <span class='ocrx_word' id='word_1_817' title='bbox 3049 4880 3116 4956; x_wconf 56' lang='grc' dir='ltr'><strong>τὲ</strong></span> <span class='ocrx_word' id='word_1_818' title='bbox 3152 4880 3604 4956; x_wconf 18' lang='grc' dir='ltr'><strong>τῆςτσέδμβφυλῆς·</strong></span> 
     </span>
    </p>
   </div>
   <div class='ocr_carea' id='block_1_112' title="bbox 2047 4951 3530 5022">
    <p class='ocr_par' dir='ltr' id='par_1_112' title="bbox 2047 4951 3530 5022">
     <span class='ocr_line' id='line_1_114' title="bbox 2047 4951 3530 5022; baseline 0.003 -19"><span class='ocrx_word' id='word_1_819' title='bbox 2047 4951 2196 5022; x_wconf 13' lang='grc' dir='ltr'><strong>Εάίιίί</strong></span> <span class='ocrx_word' id='word_1_820' title='bbox 2212 4966 2333 5022; x_wconf 77' lang='lat' dir='ltr'><strong>cum</strong></span> <span class='ocrx_word' id='word_1_821' title='bbox 2364 4966 2469 5022; x_wconf 84' lang='lat' dir='ltr'><strong>uno</strong></span> <span class='ocrx_word' id='word_1_822' title='bbox 2492 4959 2584 5003; x_wconf 87' lang='lat' dir='ltr'><strong>aut</strong></span> <span class='ocrx_word' id='word_1_823' title='bbox 2607 4951 2777 5004; x_wconf 88' lang='lat' dir='ltr'><strong>altero</strong></span> <span class='ocrx_word' id='word_1_824' title='bbox 2813 4965 2940 5003; x_wconf 89' lang='lat' dir='ltr'><strong>mss.</strong></span> <span class='ocrx_word' id='word_1_825' title='bbox 2965 4951 3025 5022; x_wconf 78' lang='grc' dir='ltr'><strong>τὸ</strong></span> <span class='ocrx_word' id='word_1_826' title='bbox 3056 4951 3530 5022; x_wconf 38' lang='grc' dir='ltr'>τῆςμσυμϐουλίας.</span> 
     </span>
    </p>
   </div>
   <div class='ocr_carea' id='block_1_113' title="bbox 2116 5018 3536 5090">
    <p class='ocr_par' dir='ltr' id='par_1_113' title="bbox 2116 5018 3536 5090">
     <span class='ocr_line' id='line_1_115' title="bbox 2116 5018 3536 5090; baseline 0.004 -20"><span class='ocrx_word' id='word_1_827' title='bbox 2116 5020 2228 5090; x_wconf 70' lang='grc'><strong>(74)</strong></span> <span class='ocrx_word' id='word_1_828' title='bbox 2253 5018 2378 5072; x_wconf 82' lang='lat' dir='ltr'><strong>Mss.</strong></span> <span class='ocrx_word' id='word_1_829' title='bbox 2413 5020 2656 5089; x_wconf 84' lang='lat' dir='ltr'><strong>plerique</strong></span> <span class='ocrx_word' id='word_1_830' title='bbox 2695 5035 2882 5074; x_wconf 88' lang='lat' dir='ltr'><strong>oumes</strong></span> <span class='ocrx_word' id='word_1_831' title='bbox 2915 5020 3007 5072; x_wconf 71' lang='grc' dir='ltr'><strong>καὶ</strong></span> <span class='ocrx_word' id='word_1_832' title='bbox 3033 5018 3121 5075; x_wconf 73' lang='grc' dir='ltr'>τά.</span> <span class='ocrx_word' id='word_1_833' title='bbox 3155 5018 3297 5076; x_wconf 78' lang='grc' dir='ltr'>ΕιΙὶίἱ</span> <span class='ocrx_word' id='word_1_834' title='bbox 3337 5023 3430 5075; x_wconf 74' lang='grc' dir='ltr'><strong>καὶ</strong></span> <span class='ocrx_word' id='word_1_835' title='bbox 3456 5024 3536 5076; x_wconf 82' lang='grc' dir='ltr'>τό.</span> 
     </span>
    </p>
   </div>
   <div class='ocr_carea' id='block_1_114' title="bbox 2116 5090 3606 5161">
    <p class='ocr_par' dir='ltr' id='par_1_114' title="bbox 2116 5090 3606 5161">
     <span class='ocr_line' id='line_1_116' title="bbox 2116 5090 3606 5161; baseline 0.003 -21"><span class='ocrx_word' id='word_1_836' title='bbox 2116 5090 2226 5161; x_wconf 84' lang='grc'><strong>(75)</strong></span> <span class='ocrx_word' id='word_1_837' title='bbox 2259 5090 2630 5159; x_wconf 77' lang='grc' dir='ltr'>Κατατομῆς.</span> <span class='ocrx_word' id='word_1_838' title='bbox 2672 5090 2786 5161; x_wconf 80' lang='lat' dir='ltr'><strong>V_ox</strong></span> <span class='ocrx_word' id='word_1_839' title='bbox 2835 5098 2918 5144; x_wconf 88' lang='lat' dir='ltr'><strong>est</strong></span> <span class='ocrx_word' id='word_1_840' title='bbox 2959 5090 3126 5156; x_wconf 86' lang='lat' dir='ltr'><strong>Pauli,</strong></span> <span class='ocrx_word' id='word_1_841' title='bbox 3156 5090 3387 5160; x_wconf 82' lang='lat' dir='ltr'><strong>Philipp.</strong></span> <span class='ocrx_word' id='word_1_842' title='bbox 3426 5107 3508 5158; x_wconf 84' lang='grc' dir='ltr'>ιιι,</span> <span class='ocrx_word' id='word_1_843' title='bbox 3551 5095 3606 5158; x_wconf 76' lang='lat'><strong>‘2,</strong></span> 
     </span>
    </p>
   </div>
   <div class='ocr_carea' id='block_1_115' title="bbox 2045 5158 3605 5231">
    <p class='ocr_par' dir='ltr' id='par_1_115' title="bbox 2045 5158 3605 5231">
     <span class='ocr_line' id='line_1_117' title="bbox 2045 5158 3605 5231; baseline 0.001 -19"><span class='ocrx_word' id='word_1_844' title='bbox 2045 5158 2268 5231; x_wconf 73' lang='grc' dir='ltr'>βλέπετε</span> <span class='ocrx_word' id='word_1_845' title='bbox 2319 5162 2649 5231; x_wconf 82' lang='grc' dir='ltr'>κατατομήν.</span> <span class='ocrx_word' id='word_1_846' title='bbox 2685 5158 2869 5231; x_wconf 80' lang='lat' dir='ltr'><strong>Cavete</strong></span> <span class='ocrx_word' id='word_1_847' title='bbox 2899 5163 3262 5214; x_wconf 83' lang='lat' dir='ltr'><strong>concisionem.</strong></span> <span class='ocrx_word' id='word_1_848' title='bbox 3297 5158 3389 5214; x_wconf 84' lang='lat' dir='ltr'><strong>Sic</strong></span> <span class='ocrx_word' id='word_1_849' title='bbox 3427 5173 3605 5214; x_wconf 86' lang='lat' dir='ltr'><strong>autem</strong></span> 
     </span>
    </p>
   </div>
   <div class='ocr_carea' id='block_1_116' title="bbox 2043 5229 3608 5300">
    <p class='ocr_par' dir='ltr' id='par_1_116' title="bbox 2043 5229 3608 5300">
     <span class='ocr_line' id='line_1_118' title="bbox 2043 5229 3608 5300; baseline -0.002 -16"><span class='ocrx_word' id='word_1_850' title='bbox 2043 5229 2332 5300; x_wconf 85' lang='lat' dir='ltr'><strong>Apostolus</strong></span> <span class='ocrx_word' id='word_1_851' title='bbox 2359 5229 2820 5283; x_wconf 49' lang='lat' dir='ltr'><strong>vocabat&#39;Judaens</strong></span> <span class='ocrx_word' id='word_1_852' title='bbox 2846 5245 2941 5297; x_wconf 86' lang='lat' dir='ltr'><strong>per</strong></span> <span class='ocrx_word' id='word_1_853' title='bbox 2969 5241 3356 5298; x_wconf 88' lang='lat' dir='ltr'><strong>contemptum,</strong></span> <span class='ocrx_word' id='word_1_854' title='bbox 3391 5245 3608 5284; x_wconf 88' lang='lat' dir='ltr'><strong>eorum-</strong></span> 
     </span>
    </p>
   </div>
   <div class='ocr_carea' id='block_1_117' title="bbox 2043 5299 3607 5369">
    <p class='ocr_par' dir='ltr' id='par_1_117' title="bbox 2043 5299 3607 5369">
     <span class='ocr_line' id='line_1_119' title="bbox 2043 5299 3607 5369; baseline -0.001 -14"><span class='ocrx_word' id='word_1_855' title='bbox 2043 5299 2146 5369; x_wconf 78' lang='lat' dir='ltr'><strong>qlte</strong></span> <span class='ocrx_word' id='word_1_856' title='bbox 2175 5299 2536 5369; x_wconf 63' lang='lat' dir='ltr'><strong>concisione&quot;)</strong></span> <span class='ocrx_word' id='word_1_857' title='bbox 2579 5301 2627 5353; x_wconf 85' lang='lat' dir='ltr'><strong>in</strong></span> <span class='ocrx_word' id='word_1_858' title='bbox 2681 5315 2844 5353; x_wconf 77' lang='lat' dir='ltr'><strong>carne</strong></span> <span class='ocrx_word' id='word_1_859' title='bbox 2899 5301 3125 5367; x_wconf 80' lang='lat' dir='ltr'><strong>positam</strong></span> <span class='ocrx_word' id='word_1_860' title='bbox 3181 5309 3345 5352; x_wconf 78' lang='lat' dir='ltr'><strong>totam</strong></span> <span class='ocrx_word' id='word_1_861' title='bbox 3407 5313 3607 5354; x_wconf 79' lang='lat' dir='ltr'><strong>nostra:</strong></span> 
     </span>
    </p>
   </div>
   <div class='ocr_carea' id='block_1_118' title="bbox 2045 5367 3280 5438">
    <p class='ocr_par' dir='ltr' id='par_1_118' title="bbox 2045 5367 3280 5438">
     <span class='ocr_line' id='line_1_120' title="bbox 2045 5367 3280 5438; baseline -0.004 -13"><span class='ocrx_word' id='word_1_862' title='bbox 2045 5367 2443 5425; x_wconf 84' lang='lat' dir='ltr'><strong>circumcisioni</strong></span> <span class='ocrx_word' id='word_1_863' title='bbox 2472 5367 2629 5438; x_wconf 83' lang='lat' dir='ltr'><strong>plane</strong></span> <span class='ocrx_word' id='word_1_864' title='bbox 2655 5369 2923 5438; x_wconf 88' lang='lat' dir='ltr'><strong>spirituali</strong></span> <span class='ocrx_word' id='word_1_865' title='bbox 2953 5371 3280 5438; x_wconf 84' lang='lat' dir='ltr'><strong>opponebat.</strong></span> 
     </span>
    </p>
   </div>
   <div class='ocr_carea' id='block_1_119' title="bbox 2115 5437 3608 5523">
    <p class='ocr_par' dir='ltr' id='par_1_119' title="bbox 2115 5437 3608 5523">
     <span class='ocr_line' id='line_1_121' title="bbox 2115 5437 3608 5523; baseline 0.001 -32"><span class='ocrx_word' id='word_1_866' title='bbox 2115 5439 2226 5523; x_wconf 81' lang='grc'><strong>(76)</strong></span> <span class='ocrx_word' id='word_1_867' title='bbox 2259 5439 2399 5523; x_wconf 74' lang='lat' dir='ltr'><strong>Editi</strong></span> <span class='ocrx_word' id='word_1_868' title='bbox 2423 5437 2917 5523; x_wconf 27' lang='lat' dir='ltr'><strong>et~Coi‘s&#39;l.’prilmus</strong></span> <span class='ocrx_word' id='word_1_869' title='bbox 2951 5437 3182 5523; x_wconf 37' lang='lat' dir='ltr'><strong>et&#39;l‘leg.</strong></span> <span class='ocrx_word' id='word_1_870' title='bbox 3204 5448 3436 5523; x_wconf 44' lang='lat' dir='ltr'><strong>.octarvns</strong></span> <span class='ocrx_word' id='word_1_871' title='bbox 3476 5438 3608 5523; x_wconf 61' lang='grc' dir='ltr'>ὑποτ</span> 
     </span>
    </p>
   </div>
   <div class='ocr_carea' id='block_1_120' title="bbox 2045 5507 3608 5577">
    <p class='ocr_par' dir='ltr' id='par_1_120' title="bbox 2045 5507 3608 5577">
     <span class='ocr_line' id='line_1_122' title="bbox 2045 5507 3608 5577; baseline 0 -14"><span class='ocrx_word' id='word_1_872' title='bbox 2045 5507 2287 5572; x_wconf 80' lang='grc' dir='ltr'>στᾶσεως</span> <span class='ocrx_word' id='word_1_873' title='bbox 2342 5507 2527 5561; x_wconf 79' lang='grc' dir='ltr'>αὐτοῦ.</span> <span class='ocrx_word' id='word_1_874' title='bbox 2591 5509 2706 5562; x_wconf 84' lang='lat' dir='ltr'><strong>Nec</strong></span> <span class='ocrx_word' id='word_1_875' title='bbox 2753 5509 2909 5562; x_wconf 87' lang='lat' dir='ltr'><strong>aliter</strong></span> <span class='ocrx_word' id='word_1_876' title='bbox 2962 5508 3152 5575; x_wconf 86' lang='lat' dir='ltr'><strong>legitur</strong></span> <span class='ocrx_word' id='word_1_877' title='bbox 3203 5507 3255 5560; x_wconf 91' lang='lat' dir='ltr'><strong>in</strong></span> <span class='ocrx_word' id='word_1_878' title='bbox 3316 5507 3486 5577; x_wconf 80' lang='lat' dir='ltr'><strong>Epist.</strong></span> <span class='ocrx_word' id='word_1_879' title='bbox 3538 5508 3608 5563; x_wconf 85' lang='lat' dir='ltr'><strong>ad</strong></span> 
     </span>
    </p>
   </div>
   <div class='ocr_carea' id='block_1_121' title="bbox 2045 5578 3605 5648">
    <p class='ocr_par' dir='ltr' id='par_1_121' title="bbox 2045 5578 3605 5648">
     <span class='ocr_line' id='line_1_123' title="bbox 2045 5578 3605 5648; baseline -0.001 -14"><span class='ocrx_word' id='word_1_880' title='bbox 2045 5581 2208 5634; x_wconf 81' lang='lat' dir='ltr'><strong>Hebr.</strong></span> <span class='ocrx_word' id='word_1_881' title='bbox 2239 5596 2276 5642; x_wconf 82' lang='grc' dir='ltr'><strong>ι,</strong></span> <span class='ocrx_word' id='word_1_882' title='bbox 2301 5579 2354 5632; x_wconf 76' lang='grc'>5.</span> <span class='ocrx_word' id='word_1_883' title='bbox 2396 5582 2462 5632; x_wconf 87' lang='lat' dir='ltr'><strong>At</strong></span> <span class='ocrx_word' id='word_1_884' title='bbox 2493 5583 2642 5632; x_wconf 88' lang='lat' dir='ltr'><strong>deest</strong></span> <span class='ocrx_word' id='word_1_885' title='bbox 2669 5578 2832 5631; x_wconf 82' lang='grc' dir='ltr'>αὐτοῦ</span> <span class='ocrx_word' id='word_1_886' title='bbox 2868 5580 2920 5631; x_wconf 90' lang='lat' dir='ltr'><strong>itt</strong></span> <span class='ocrx_word' id='word_1_887' title='bbox 2945 5593 3038 5632; x_wconf 81' lang='lat' dir='ltr'><strong>sex</strong></span> <span class='ocrx_word' id='word_1_888' title='bbox 3061 5593 3188 5630; x_wconf 89' lang='lat' dir='ltr'><strong>mss.</strong></span> <span class='ocrx_word' id='word_1_889' title='bbox 3215 5579 3605 5648; x_wconf 71' lang='lat' dir='ltr'><strong>Qntesequun-</strong></span> 
     </span>
    </p>
   </div>
   <div class='ocr_carea' id='block_1_122' title="bbox 2047 5647 3610 5772">
    <p class='ocr_par' dir='ltr' id='par_1_122' title="bbox 2047 5647 3610 5772">
     <span class='ocr_line' id='line_1_124' title="bbox 2047 5647 3610 5772; baseline 0 -70"><span class='ocrx_word' id='word_1_890' title='bbox 2047 5661 2138 5772; x_wconf 52' lang='lat' dir='ltr'><strong>Eu-l</strong></span> <span class='ocrx_word' id='word_1_891' title='bbox 2166 5650 2364 5772; x_wconf 60' lang='lat' dir='ltr'><strong>verba,i</strong></span> <span class='ocrx_word' id='word_1_892' title='bbox 2379 5650 2438 5746; x_wconf 65' lang='grc' dir='ltr'>ξς</span> <span class='ocrx_word' id='word_1_893' title='bbox 2473 5650 2637 5714; x_wconf 82' lang='grc' dir='ltr'>ἐστιν,</span> <span class='ocrx_word' id='word_1_894' title='bbox 2667 5658 2795 5714; x_wconf 90' lang='lat' dir='ltr'><strong>etc.,</strong></span> <span class='ocrx_word' id='word_1_895' title='bbox 2833 5648 3174 5715; x_wconf 78' lang='lat' dir='ltr'><strong>reperiuntur</strong></span> <span class='ocrx_word' id='word_1_896' title='bbox 3227 5650 3279 5702; x_wconf 86' lang='lat' dir='ltr'><strong>in</strong></span> <span class='ocrx_word' id='word_1_897' title='bbox 3321 5647 3487 5719; x_wconf 81' lang='lat' dir='ltr'><strong>Epist.</strong></span> <span class='ocrx_word' id='word_1_898' title='bbox 3536 5648 3610 5702; x_wconf 83' lang='lat' dir='ltr'><strong>ad</strong></span> 
     </span>
     <span class='ocr_line' id='line_1_125' title="bbox 2088 5736 2425 5772; baseline 0 0"><span class='ocrx_word' id='word_1_899' title='bbox 2088 5739 2117 5772; x_wconf 86' lang='grc' dir='ltr'><strong>υ</strong></span> <span class='ocrx_word' id='word_1_900' title='bbox 2141 5736 2246 5772; x_wconf 83' lang='lat' dir='ltr'><strong>oss.</strong></span> <span class='ocrx_word' id='word_1_901' title='bbox 2275 5736 2311 5772; x_wconf 87' lang='grc' dir='ltr'><strong>ι.</strong></span> <span class='ocrx_word' id='word_1_902' title='bbox 2377 5738 2425 5772; x_wconf 73' lang='grc' dir='ltr'>ι).</span> 
     </span>
    </p>
   </div>
   <div class='ocr_carea' id='block_1_123' title="bbox 2045 5719 2425 5787">
    <p class='ocr_par' dir='ltr' id='par_1_123' title="bbox 2045 5719 2425 5787">
     <span class='ocr_line' id='line_1_126' title="bbox 2045 5719 2425 5787; baseline -0.005 -11"><span class='ocrx_word' id='word_1_903' title='bbox 2045 5719 2246 5776; x_wconf 78' lang='lat' dir='ltr'><strong>Cnloss.</strong></span> <span class='ocrx_word' id='word_1_904' title='bbox 2275 5736 2311 5787; x_wconf 87' lang='grc' dir='ltr'><strong>ι,</strong></span> <span class='ocrx_word' id='word_1_905' title='bbox 2343 5719 2425 5774; x_wconf 81' lang='grc'><strong>15.</strong></span> 
     </span>
    </p>
   </div>
  </div>
