4008 6402
386 353 495 412 207

1701 354 1762 412 Β.
1804 353 2048 410 BASlLll
2089 355 2301 412 MAGNI

3521 345 3632 409 ετξ

388 465 660 539 quomodo
708 464 872 520 fuerit
919 464 1336 522 dissimilitudo?
1380 463 1447 520 Et
1486 468 1608 538 fecit
1660 467 1798 523 Deus
1856 469 1953 521 ho—

2063 486 2131 545 σῃ
2149 471 2262 539 (77)
2276 486 2291 502 ο
2309 467 2449 538 Ἐγὼ
2463 467 2559 520 καί
2582 470 2614 521 ὁ
2629 461 2830 534 Πατὴρ
2845 462 2914 518 ἓν
2931 461 3137 531 ἐσμεν,
3151 459 3264 522 καὶ,
3283 459 3343 512 '0
3360 459 3629 529 ἑωρακὼς

383 563 575 616 minem
627 559 694 613 ".
740 557 888 623 Non,
939 557 1226 615 Fecerunt.
1272 560 1469 616 Vitavit
1511 562 1614 617 boc
1665 562 1783 616 loco
1829 577 1954 631 per-

385 663 642 708 sonarum
704 649 1120 706 multitudinem.
1169 650 1460 722 Postquam
1514 662 1693 706 autem
1740 667 1837 720 per
1868 651 1954 706 illa

385 740 905 807 erudivitJudaeum,
940 757 1037 811 per
1079 743 1190 797 haec
1236 759 1364 798 vero
1411 759 1650 799 errorem
1679 743 1956 815 gentilium

385 832 656 898 exclusit,
715 841 830 886 tuto
887 833 1118 887 recurrit
1159 834 1225 886 ad
1276 835 1561 900 unitatem,
1592 844 1649 888 ut
1677 847 1731 890 ct
1763 835 1956 890 Filium

383 935 511 975 cum
537 919 696 974 Patre
720 919 1009 989 intelligas,
1035 931 1089 974 et
1114 921 1410 989 periculum
1439 924 1795 980 multitudinis
1833 927 1959 981 deo.

382 1030 506 1070 rum
530 1012 776 1083 effugias.
815 1011 882 1066 In
916 1015 1141 1081 imagine
1180 1013 1271 1066 Dei
1309 1014 1423 1083 fecit
1449 1017 1622 1082 ipsum
1657 1017 1720 1071 ³⁸.
1748 1017 1957 1072 Rursus

385 1118 676 1176 personam
701 1104 818 1170 ejus
856 1104 947 1172 qui
975 1119 1155 1158 secum
1202 1106 1362 1159 simul
1407 1108 1754 1175 Operabatur,
1789 1109 1957 1163 intro-

383 1193 560 1250 duxit.
599 1190 713 1245 Non
747 1190 888 1246 enim
925 1191 1059 1245 dixit
1093 1213 1104 1246 :
1139 1191 1193 1245 In
1229 1194 1464 1263 imagine
1493 1195 1573 1248 sui
1605 1194 1802 1263 ipsius;
1839 1196 1952 1260 sed,

384 1284 452 1339 In
484 1283 579 1338 Dei
613 1283 862 1353 imagine.
898 1282 952 1337 ln
998 1298 1103 1353 quo
1138 1294 1316 1338 autem
1367 1285 1615 1353 praeferat
1648 1286 1738 1340 Dei
1769 1286 1955 1356 imagi-

389 1393 515 1434 nem
544 1376 705 1430 homo
728 1416 743 1440 ,
789 1385 842 1431 ct
868 1391 975 1446 quo
1011 1387 1166 1444 pacto
1193 1377 1562 1433 similitudinis
1589 1377 1702 1446 ejus
1735 1378 1807 1434 sit
1833 1394 1954 1448 par—

390 1467 579 1535 ticeps,
605 1466 656 1519 in
690 1467 1058 1533 sequentibus,
1088 1467 1196 1520 Deo
1219 1471 1400 1526 dante.
1429 1482 1778 1536 exponemus.
1803 1466 1954 1524 Nunc

379 1567 560 1612 autem
602 1557 654 1612 id
683 1556 854 1612 solum
882 1553 1113 1624 dicatur,
1145 1558 1190 1613 si
1224 1574 1326 1611 una
1359 1567 1442 1612 est
1466 1560 1664 1628 imago.
1698 1561 1836 1614 umle
1858 1559 1952 1615 tibi

376 1649 436 1707 in
473 1659 708 1706 mentem
740 1649 888 1704 venit
918 1650 1244 1717 impietatem
1274 1658 1380 1704 tam
1412 1651 1802 1706 intolerandam
1829 1666 1955 1721 pro—

379 1744 546 1808 titeri,
576 1752 633 1796 ut
666 1741 860 1796 Filium
897 1740 1044 1797 Patri
1071 1741 1384 1797 dissimilem
1412 1744 1596 1799 dicas?
1615 1743 1660 1800 0
1685 1744 1950 1814 ingratum

2057 560 2180 629 ἐμὲ,
2217 559 2433 629 ἑώρακε
2462 557 2568 611 τὸν
2599 555 2827 624 Πατέρα
2845 573 2859 586 ο
2888 553 3060 624 ταύτῃ
3077 549 3246 619 λέγει·
3282 550 3630 620 Ποιήσωμεν

2057 650 2368 718 ἄνθρωπον
2389 654 2514 702 κατ’
2543 649 2742 701 εἰκόνα
2771 643 3077 715 ἡμετέραν.
3109 644 3281 697 Ὅπου
3320 641 3414 713 μία
3447 641 3625 709 εἰκὼν,

2059 742 2161 794 ποῦ
2190 742 2249 795 τὸ
2279 742 2562 811 ἀνόμοιον;
2588 743 2692 792 Καὶ
2722 737 3012 805 ἐποίησεν
3035 738 3068 789 ό
3101 734 3243 800 Θεὸς
3275 734 3382 786 τὸν
3408 734 3630 803 ἀνθρω-

2059 849 2195 889 πον.
2249 833 2412 906 Οὐχὶ,
2460 831 2769 902 Ἐποίησαν.
2811 829 3046 897 Ἔφυγεν
3091 824 3323 879 ἐνταῦθα
3368 825 3460 880 τὸν
3488 825 3626 898 πληο

2059 923 2263 994 θυσμὺν
2290 923 2399 975 τῶν
2430 920 2755 994 προσώπων.
2780 921 2856 971 Δι’
2890 917 3111 972 ἐκείνων
3138 918 3233 988 μὲν
3269 917 3360 968 τὸν
3377 917 3628 970 Ἰουδαῖον

2057 1014 2342 1079 παιδεύων,
2369 1013 2457 1068 διὰ
2482 1013 2686 1066 τούτων
2715 1012 2770 1068 δὲ
2800 1010 2889 1065 τὸν
2924 1009 3270 1080 Ἑλληνισμὺν
3305 1009 3628 1076 ἀποκλείων,

2059 1105 2316 1174 dno-3:00.61;
2359 1105 2664 1177 ἀνέδραμεν
2710 1103 2800 1156 ἐπὶ
2839 1101 2936 1173 τὴν
2979 1101 3208 1172 μονάδα,
3245 1101 3330 1154 ἵνα
3377 1101 3472 1153 καὶ
3505 1101 3632 1154 Υἱὺν

2056 1199 2182 1266 νοῇς
2215 1194 2354 1265 μετὰ
2398 1195 2630 1266 Πατρδς,
2658 1193 2752 1246 καὶ
2797 1192 2894 1263 τῆς
2947 1190 3231 1254 πολυθεΐας
3279 1190 3524 1263 ἐκφύγῃς
3569 1191 3634 1245 τὸ

2056 1287 2412 1340 ἐπικίνδυνον.
2473 1286 2575 1339 Ἐν
2617 1283 2803 1340 εικόνι
2843 1281 2988 1337 Θεοῦ
3032 1282 3144 1353 (78)
3187 1281 3475 1347 ἐποίησεν
3522 1285 3632 1337 αὑ·-

2056 1381 2178 1432 τόν.
2209 1377 2376 1432 Πάλιν
2402 1376 2494 1430 τοῦ
2519 1375 2778 1447 συνεργοῦ
2800 1375 2861 1428 τὸ
2887 1373 3172 1444 πρόσωπον
3204 1375 3628 1445 παρεισήγαγεν.

2057 1469 2130 1521 Ub
2153 1469 2258 1540 γὰρ
2279 1465 2552 1534 εἷπεν,“Εν
2577 1468 2740 1523 εἰκόνι
2755 1465 2969 1530 ἑαυτοῦ,
2994 1464 3130 1531 ἀλλ’,
3148 1465 3242 1519 Ἐν
3260 1468 3444 1519 εἰκόνι
3463 1466 3628 1520 Θεοῦ.

2069 1561 2154 1616 Ἐν
2175 1561 2280 1614 τίνι
2324 1561 2422 1631 μὲν
2452 1556 2542 1613 οὖν
2587 1561 2698 1630 ἔχει
2740 1559 2801 1611 τὸ
2833 1559 2952 1612 κατ’
2987 1557 3169 1610 εἰκόνα
3200 1555 3334 1609 Θεοῦ
3371 1557 3399 1608 6
3427 1557 3636 1629 ἄνθρω-

2058 1671 2176 1718 πος,
2218 1655 2312 1706 καὶ
2356 1653 2472 1716 πῶς
2520 1651 2921 1723 μεταλαμϐάνει
2959 1649 3052 1704 τοῦ
3083 1647 3202 1703 καθ’
3247 1649 3526 1720 ὁμοίωσιν,
3575 1651 3634 1703 ὲν

2055 1749 2167 1808 τοῖς
2191 1746 2409 1816 ἐφεξῆς,
2439 1743 2576 1798 Θεοῦ
2605 1743 2856 1807 διδόντος,
2885 1743 3162 1814 είρήσεται
3182 1757 3195 1773 ·
3234 1739 3330 1795 νῦν
3353 1741 3410 1794 δὲ
3441 1740 3632 1794 τοσοῦ-

381 1834 660 1892 auimum!
695 1831 1132 1903 quandoquidem
1167 1833 1573 1890 similitudinem
1620 1851 1762 1902 eam,
1799 1836 1952 1907 cujus

2057 1849 2142 1888 τον
2169 1832 2426 1903 λεγέσθω,
2462 1834 2542 1886 ὅτι
2598 1835 2646 1884 εἰ
2707 1833 2807 1904 μία
2843 1830 3040 1896 εἰκὼν,
3094 1831 3257 1885 πόθεν
3290 1847 3371 1885 σοι
3402 1830 3635 1903 ἐπῆλθεν

379 1923 558 1983 factus
585 1939 644 1979 es
668 1925 936 1992 particeps
961 1961 976 1984 ,
1006 1922 1252 1977 beneﬁcii
1284 1925 1488 1978 auctori
1535 1940 1640 1979 non
1680 1926 1952 1995 rependis,

374 2027 435 2075 et
461 2033 525 2073 ea
554 2032 672 2088 qua:
696 2017 834 2071 dono
858 2029 1114 2069 concessa
1148 2025 1296 2080 sunt,
1329 2017 1423 2072 tibi
1459 2018 1556 2086 ipsi
1587 2020 1804 2086 quidem
1828 2035 1954 2090 pro-

377 2109 497 2180 pria
552 2121 772 2161 manere
817 2116 1015 2177 putas,
1065 2107 1158 2161 sed
1209 2124 1311 2162 non
1349 2110 1484 2164 sinis
1519 2112 1718 2166 habere
1759 2112 1950 2166 Filium

384 2217 508 2255 cum
555 2202 800 2271 genitore
848 2207 1126 2268 acceptam
1181 2214 1211 2253 a
1275 2211 1463 2255 natura
1523 2201 1950 2260 similitudinem.

377 2290 579 2347 Verum
628 2292 782 2346 nobis
827 2291 1099 2346 silentium
1151 2293 1339 2347 indicit
1379 2303 1587 2362 tempus
1633 2293 1955 2364 advespera-

377 2400 562 2451 sccns,
587 2383 785 2455 quippe
809 2383 954 2453 quod
982 2383 1302 2453 jamdudum
1345 2384 1512 2439 solem
1533 2385 1598 2439 ad
1622 2386 1953 2441 occidentem

374 2478 675 2533 demiserit.
714 2477 812 2532 Hic
847 2477 1012 2548 igitur
1052 2485 1106 2532 et
1134 2491 1232 2531 nos
1261 2476 1420 2531 dictis
1456 2477 1733 2541 contenti,
1755 2478 1955 2532 oratio-

384 2583 508 2623 nem
563 2569 960 2638 consopiamus.
1004 2566 1160 2624 Nunc
1202 2569 1419 2638 quidem
1468 2579 1729 2638 quantum
1776 2571 1956 2627 studio

378 2670 564 2716 vestro
610 2659 903 2714 excitando
935 2662 1068 2715 satis
1112 2659 1248 2726 fuit,
1298 2674 1600 2716 sermonem
1635 2662 1950 2733 attigimus:

379 2752 474 2806 sed
506 2752 887 2822 perfectiorem
919 2768 1096 2807 rerum
1130 2753 1523 2824 propositarum
1551 2753 1952 2824 inquisitionem

379 2842 436 2899 iu
464 2844 942 2914 consequentibus,
981 2844 1184 2914 Spiritu
1224 2854 1414 2900 sancto
1446 2845 1764 2912 adiuvante,
1797 2846 1953 2900 adbi-

379 2935 650 2990 bebimus.
680 2936 840 2991 Abite
880 2937 1248 3003 exsultantes,
1282 2951 1472 2991 amans
1498 2936 1694 2991 Christi
1727 2937 1952 3005 concio,

375 3036 435 3082 et
459 3027 637 3082 omnis
663 3027 877 3083 obsonii
915 3028 1215 3098 sumptuosi
1242 3038 1297 3082 et
1321 3027 1594 3082 variorum
1641 3026 1955 3083 condimen-

379 3129 558 3173 torum
591 3120 728 3186 loco,
763 3135 950 3174 eorum
987 3136 1106 3188 qua:
1133 3119 1368 3174 diximus
1404 3119 1662 3173 memoria
1702 3120 1953 3175 honestas

383 3222 597 3267 vestras
624 3226 841 3267 mensas
887 3213 1155 3266 inslruile.
1187 3210 1564 3265 Confundatur
1595 3210 1686 3279 qui
1717 3210 1952 3265 dissimi-

381 3301 664 3358 litudincm
695 3301 941 3357 inducit:
977 3301 1180 3372 pudore
1212 3299 1477 3354 alliciatur
1513 3299 1768 3357 Judaeus:
1817 3317 1952 3373 gau-

379 3395 506 3448 deat
532 3394 652 3464 pius
702 3394 1042 3464 dogmatibus
1069 3391 1316 3448 veritatis
1352 3410 1366 3446 :
1397 3391 1726 3461 gloriﬁcetur
1770 3392 1950 3448 Domi-

379 3500 487 3542 nus
512 3525 527 3552 ,
563 3486 646 3539 cui
688 3485 855 3556 gloria
889 3497 941 3540 et
979 3486 1258 3556 imperium
1296 3485 1348 3538 in
1383 3483 1576 3538 sweula
1610 3485 1928 3541 saeculorum

376 3579 577 3636 Amen.

2053 1927 2302 1998 ἀφόρητα
2344 1927 2645 1991 δυσσεϐεῖν,
2697 1927 2948 1998 ἀνόμοιον
2995 1926 3206 1995 λέγοντι
3249 1925 3339 1977 τὸν
3388 1924 3513 1978 Υίὺν
3556 1922 3635 1995 τῷ

2053 2019 2258 2090 Πατρί;
2291 2020 2354 2071 Ὤ
2376 2020 2474 2090 τῆς
2497 2018 2820 2090 ἀχαριστίας
2842 2019 2854 2073 l
2882 2013 2950 2092 ἧς
2974 2015 3265 2088 μετέλαϐες
3296 2016 3634 2086 ὁμοιότητος,

2053 2109 2254 2182 ταύτης
2277 2110 2337 2164 ού
2389 2109 2682 2180 μεταδίδως
2713 2109 2790 2180 τῷ
2832 2108 3126 2183 εὐεργέτεω
3170 2108 3264 2162 καὶ
3312 2105 3490 2177 σαυτῷ
3535 2106 3636 2179 μὲν

2055 2202 2217 2274 κύρια
2252 2203 2434 2274 μένειν
2464 2203 2531 2256 τὰ
2564 2204 2628 2256 ὲκ
2661 2201 2761 2272 τῆς
2805 2201 3027 2273 χάριτος
3075 2199 3490 2274 παρασχεθέντα
3522 2199 3633 2270 (79)

2055 2289 2314 2363 νομίζεις,
2341 2290 2418 2361 τῷ
2449 2291 2506 2344 δὲ
2542 2289 2658 2362 Υίῷ
2690 2289 2787 2363 τὴν
2825 2292 2889 2345 ὲκ
2915 2290 3131 2360 φύσεως
3172 2290 3465 2361 ὁμοιότητα
3500 2289 3634 2360 πρὸς

2054 2383 2143 2439 τὸν
2171 2385 2511 2455 γεννήσαντα
2535 2384 2678 2454 ἔχειν
2713 2384 2810 2436 οὐκ
2834 2384 3184 2455 ὲπιτρέπειςς
3229 2383 3389 2437 Ἀλλὰ
3424 2382 3633 2454 σιωπὴν

2054 2477 2164 2549 γὰρ
2190 2478 2319 2548 ἡμῖν
2353 2479 2635 2533 ἐπιτάσσει
2664 2475 2848 2530 λοιπὸν
2877 2479 2909 2547 ή
2941 2477 3150 2546 ἑσπέρα
3176 2475 3342 2530 πάλαι
3377 2475 3516 2547 πρὸς
3543 2474 3635 2528 δυ-

2057 2566 2200 2638 σμὰς
2228 2568 2318 2620 τὸν
2343 2567 2495 2639 ἥλιον
2536 2564 2972 2638 παραπέμψασα.
3013 2564 3275 2619 Ἐνταῦθα
3317 2565 3380 2637 δὴ
3412 2560 3504 2617 οῦν
3541 2563 3633 2616 τὸν

2054 2657 2212 2728 λόγον
2269 2660 2362 2713 καὶ
2409 2661 2572 2731 ἡμεῖς
2620 2658 3036 2728 κατευνάσωμεν
3092 2657 3225 2728 (80),
3276 2657 3634 2729 ἀρκεσθέντες

2055 2756 2165 2818 τοῖς
2193 2755 2312 2824 είρη
2323 2753 2523 2824 μένοις.
2550 2751 2662 2805 Νῦν
2688 2751 2784 2822 μὲν
2810 2746 2901 2804 οὗν
2927 2751 3048 2805 ὅσον
3071 2750 3330 2823 διεγεῖραι
3363 2750 3514 2820 ὑμῶν
3543 2748 3632 2802 τὸν

2058 2842 2219 2913 ζῆλον
2257 2840 2349 2894 τοῦ
2407 2841 2566 2910 λόγου
2610 2837 3001 2912 παρηψάμεθα’
3033 2839 3133 2911 τὴν
3187 2839 3243 2894 δὲ
3296 2839 3632 2909 τελειοτέραν

2058 2932 2187 3004 περ).
2217 2932 2324 2985 τῶν
2357 2931 2732 3004 προκειμένων
2767 2929 3012 2995 ἐξέτασιν
3039 2932 3096 2984 ὲν
3135 2933 3245 2994 τοῖς
3271 2931 3397 3001 ἑξῆς
3426 2928 3632 2983 ἀποδώ-

2058 3043 2222 3097 σομεν
2253 3029 2319 3097 τῇ
2356 3024 2618 3096 συνεργίᾳ
2647 3023 2741 3077 τοῦ
2782 3023 3119 3095 Πνεύματος.
3156 3023 3348 3077 Ἀττιτὲ
3387 3024 3498 3094 (81)
3543 3041 3631 3094 μοι

2057 3118 2359 3190 χαίροντες.
2384 3119 2416 3189 ἡ
2455 3116 2793 3187 φιλόχριστος
2822 3116 3106 3187 ἐκκλησία,
3131 3118 3249 3171 ἀντὶ
3278 3115 3477 3179 παντὸς
3494 3116 3630 3187 ὕψου

2059 3208 2385 3273 πολυτελοῦς
2409 3210 2503 3264 καὶ⁸
2523 3226 2633 3262 των
2663 3208 2924 3262 ποικίλων
2953 3226 3190 3280 καρυκευ
3199 3210 3381 3280 μάτων
3404 3213 3470 3281 τῇ
3497 3209 3632 3281 μνή-

2055 3319 2128 3372 μῃ
2158 3300 2265 3354 τῶν
2298 3299 2601 3371 εἰρημένων
2651 3300 2749 3363 τὰς
2793 3300 2996 3370 σεμνὰς
3037 3300 3189 3371 ὑμῶν
3220 3299 3629 3370 καττιικοσμοῦν⁹

2051 3410 2140 3456 τες
2165 3393 2461 3465 τραπέζας.
2508 3392 2966 3461 Καταισχυνέσθω
3009 3394 3038 3445 6
3070 3392 3340 3462 ἀνόμοιος.
3380 3391 3630 3464 ὲντρεπέ-

2053 3485 2164 3539 σθω
2195 3487 2223 3538 6
2274 3483 2542 3549 Ἰουδαῖος,
2580 3484 2896 3554 ἀγαλλέσθω
2924 3487 3036 3549 τοῖς
3084 3484 3314 3554 δόγμασι
3355 3483 3455 3554 τῆς
3500 3483 3631 3553 ἁλη-

2053 3578 2202 3641 θείας
2227 3579 2254 3630 ὁ
2286 3576 2398 3647 (82)
2429 3575 2677 3649 εὐσεϐὴς,
2712 3575 3016 3641 δοξαζέσθω
3047 3579 3075 3629 6
3109 3575 3333 3647 Κύριος,
3365 3569 3409 3645 ᾧ
3451 3578 3484 3646 ἡ
3511 3571 3632 3639 δόξα

2059 3669 2153 3724 καὶ
2177 3669 2237 3722 τὸ
2269 3670 2468 3741 κράτος
2494 3671 2572 3733 είς
2596 3669 2723 3733 τοὺς
2758 3669 2960 3733 αἰῶνας
2983 3668 3091 3721 τῶν
3127 3667 3356 3723 αἰώνων.
3399 3668 3592 3740 ’Δμήν.

2231 3885 2666 3894 ..μ-ο-α-αῤ
2689 3889 2730 3894 ..-
2743 3887 2940 3895 _—__—.—

384 3881 2424 3914 Ἢ

1676 4072 2292 4166 MONITUM.

451 4514 567 4586 89
602 4514 787 4571 Basilii
843 4515 900 4569 in
934 4513 1178 4569 Pratum
1226 4512 1504 4568 orationes
1555 4523 1681 4582 post
1722 4513 1872 4586 Opus
1905 4529 2000 4570 sex
2047 4514 2256 4569 dierum
2304 4513 2540 4569 edendas
2576 4528 2696 4570 esse
2735 4515 3120 4585 judicavimus.
3152 4511 3334 4567 Visum
3366 4519 3446 4566 est
3490 4509 3632 4564 enim

380 4608 725 4678 Scripturam
763 4625 792 4663 a
826 4608 1106 4678 Scriptura
1133 4622 1238 4662 non
1271 4621 1546 4677 separare.
1573 4606 1728 4674 Quod
1759 4607 1807 4665 si
1830 4617 2090 4677 utrasque
2120 4608 2395 4662 orationes
2427 4617 2480 4661 et
2504 4608 2556 4661 in
2586 4607 2949 4664 Hexaemeron
2970 4610 3096 4664 etin
3132 4603 3372 4660 Psalmos
3407 4603 3546 4657 inter
3573 4615 3634 4656 se

386 4715 713 4770 comparare
755 4701 1005 4757 volumus
1029 4740 1045 4763 ,
1083 4716 1188 4756 non
1224 4700 1431 4768 negabo
1464 4700 1680 4770 quidem
1725 4702 1937 4772 priores
1968 4700 2362 4772 posterioribus
2394 4699 2553 4771 longe
2593 4703 2735 4772 apud
2766 4703 3021 4771 antiquos
3061 4700 3230 4757 fuisse
3259 4698 3580 4754 celebriores
3611 4711 3629 4749 :

385 4791 485 4844 sed
520 4805 625 4844 non
664 4791 822 4847 facile
866 4792 1162 4848 concedam
1205 4793 1450 4847 utiliores
1488 4807 1631 4849 esse.
1655 4792 1724 4848 Et
1755 4803 1818 4848 ut
1859 4794 2025 4849 semel
2063 4794 2236 4848 dicam
2277 4791 2420 4863 quod
2470 4793 2682 4860 sentio,
2714 4793 3018 4865 eloquentia
3063 4792 3109 4848 si
3153 4798 3430 4864 spectetur
3475 4797 3636 4858 atque

391 4883 632 4938 Varietas
657 4883 982 4952 argumenti,
1015 4887 1193 4952 patiar
1221 4882 1584 4938 Hexaemeron
1608 4885 1900 4954 anteponi;
1929 4885 1973 4940 si
2015 4883 2224 4940 fructus
2248 4894 2410 4955 atque
2434 4885 2657 4950 utilitas,
2690 4900 2796 4941 non
2829 4886 2981 4942 item.

457 4975 702 5031 Ps:ilmos
738 4991 937 5044 paucos
963 4977 1350 5044 interpretatus
1371 4987 1453 5032 est
1477 4975 1728 5042 Basilius,
1755 4985 1850 5032 aut
1871 4986 2022 5032 certe
2043 4992 2341 5047 paucorum
2371 4977 2872 5046 interpretationem
2898 4978 2964 5032 ad
2993 4994 3090 5035 nos
3121 4990 3292 5047 usque
3316 4969 3638 5050 pervenies.

456 5135 500 5166 ⁸⁷
529 5131 723 5198 Genu,
757 5129 846 5186 27.
888 5129 934 5162 ³⁸
967 5132 1098 5187 ibid.

459 5295 569 5368 (77)
597 5293 688 5350 Sic
730 5293 947 5368 codices
974 5302 1100 5347 tres.
1122 5292 1283 5368 _Editi
1315 5293 1462 5365 ζώσῃ
1494 5310 1548 5346 τε
1575 5295 1671 5347 καὶ
1705 5294 1956 5368 εἶπούσῃο

396 5363 630 5421 Ἔνώτε
662 5365 759 5418 καὶ
786 5364 833 5416 6.
876 5363 1157 5418 Conscntit
1197 5375 1373 5417 textus
1399 5363 1555 5417 sat-er
1577 5381 1696 5418 cum
1729 5382 1856 5419 mss.

456 5437 568 5506 (78)
635 5437 723 5489 Ἐν
767 5433 949 5506 εἰκρνι
999 5433 1160 5488 Θεοῦ·
1224 5434 1311 5487 ubi
1371 5433 1513 5488 LXX
1570 5436 1964 5505 significantius

384 5505 505 5564 κατ’
538 5505 725 5560 είκόνα
753 5505 910 5559 Θεοῦ.

455 5577 753 5648 (Ἴωβος.
807 5577 1029 5648 quintus
1087 5592 1168 5629 σοι
1217 5574 1654 5648 παρασχεθέντσι.
1693 5575 1962 5648 Subinde

379 5651 510 5718 editi
543 5646 621 5718 fit?)
645 5646 702 5700 δὲ
727 5647 917 5718 Κυρίῳ
949 5648 1074 5718 τήν.
1112 5650 1180 5700 At
1211 5645 1308 5700 sex'
1339 5645 1470 5704 IIISS.
1504 5646 1579 5717 τῷ
1611 5645 1666 5698 δὲ
1693 5645 1806 5716 Υἱῴ
1840 5647 1958 5716 τήν.

380 5716 522 5787 Infra
564 5717 692 5787 Reg.
719 5716 924 5786 primus
958 5719 1037 5780 εἰς
1058 5717 1287 5787 δυσμάς.

449 5786 565 5860 (80)
593 5784 733 5857 3ρεῖ
757 5787 977 5858 quintus
1008 5784 1510 5860 καταπαυσὼμεθα.
1545 5784 1678 5860 Reg.
1721 5786 1754 5842 3
1783 5803 1954 5842 κατα-

2077 5294 2396 5365 παύσωμεν.
2427 5292 2566 5349 Editi
2593 5309 2713 5350 cum
2741 5293 3006 5365 aliquibus
3032 5310 3159 5351 mss.
3190 5306 3245 5349 ut
3272 5295 3324 5349 in
3358 5305 3528 5353 textu.

2143 5364 2430 5436 (81)“Ε‹Ιίιί
2460 5365 2619 5418 ἄπιτε
2666 5365 2815 5434 γοῦν.
2853 5364 3011 5420 Deest
3039 5366 3168 5434 γοῦν
3203 5366 3255 5419 in
3291 5367 3494 5436 nostris
3537 5380 3630 5420 sex

2071 5434 2203 5490 mss.
2229 5446 2282 5488 et
2309 5436 2358 5490 in
2401 5435 2549 5489 Bodl.
2600 5436 2664 5488 Et
2695 5436 2908 5503 quidem
2939 5437 3197 5504 particula
3219 5434 3351 5502 γοῦν
3372 5453 3435 5489 eo
3462 5440 3630 5500 magis

2069 5514 2317 5630 stripecta
2357 5506 2533 5630 ,πίωσι-ἰ
2569 5506 2755 5571 debet,
2785 5506 2924 5574 quod
2960 5507 3156 5560 Basilio
3187 5521 3526 5578 nequaquam
3553 5505 3631 5559 fa—

2071 5592 2140 5630 nu
2169 5591 2294 5630 ιρι-ιε
2327 5593 2368 5630 ει
2404 5614 2416 5629 .

2071 5577 2294 5630 Iuiliaris
2327 5577 2416 5630 sit.

2142 5646 2254 5716 (8:2)
2283 5645 2434 5700 Coll».
2473 5645 3009 5717 secundusaéypaa:
3056 5645 3157 5716 τῆς
3201 5645 3530 5717 Ἐκκλησίας
3579 5644 3628 5699 6.

2071 5715 2262 5770 Statim
2301 5717 2441 5771 idem
2470 5717 2635 5773 codex
2665 5715 2885 5788 κράτος,
2917 5719 2948 5786 ή
2986 5715 3120 5788 τιμὴ
3147 5718 3237 5770 καὶ
3268 5715 3634 5788 προσκύνησις

2065 5803 2164 5852 εις.
