4008 6402
302 384 413 440 209
1511 383 1796 440 HOMILIA
1831 381 1899 438 ΙΝ
1941 382 2272 441 PSALMUM
2311 385 2353 441 l.
3432 379 3539 434 210

303 506 540 553 constat.
583 496 709 552 Mihi
743 497 957 568 quidem
986 498 1206 554 dubium
1242 513 1347 555 non
1378 506 1480 563 est,
1518 498 1645 567 quin
1680 499 2029 568 gravissimus
2069 498 2231 554 Pater
2251 510 2307 555 et
2336 499 2474 554 alios
2502 498 2736 569 psalmos
2764 499 3147 566 interpretatus
3170 498 3267 560 sit,
3292 509 3414 549 cum
3451 496 3536 547 vix

305 596 481 665 possit
514 592 694 648 afferri
725 596 886 661 ratio,
917 610 1015 650 cur
1055 596 1152 650 hos
1174 609 1311 664 quos
1342 594 1605 649 habemus
1632 594 1973 663 esposuisset
2000 609 2138 649 unos
2168 612 2182 648 :
2224 594 2320 651 sed
2352 604 2529 649 tamen
2560 594 2627 649 iis
2654 595 2902 649 assentiri
2924 608 3032 647 non
3064 606 3224 661 queo,
3258 591 3347 660 qui
3373 604 3533 660 arguo

302 700 553 746 mentum
579 691 941 745 certissimum
974 700 1134 762 atque
1162 685 1625 745 evidentissimum
1654 705 1721 745 ex
1753 692 2201 759 interpretatione
2234 690 2423 759 psalmi
2454 690 2667 759 septimi
2698 699 2752 743 et
2779 684 3037 741 tricesimi
3071 683 3178 752 peti
3211 696 3369 750 posse
3392 679 3538 733 arbi-

301 791 539 841 trantur.
565 784 714 852 Quod
743 785 885 840 enim
902 784 1202 855 aiuut(85),
1231 785 1388 839 citari
1414 785 1465 839 in
1494 786 1597 840 hac
1621 785 2065 853 interpretatione
2093 786 2523 855 explanationem
2545 785 2735 857 psalmi
2755 782 2917 847 sexti,
2943 795 3045 835 nec
3093 789 3269 832 tamen
3296 791 3414 830 eam
3446 791 3538 829 us-

308 890 474 946 quam
508 892 845 947 comparere,
878 878 929 933 id
963 877 1116 932 futile
1143 887 1227 933 est
1258 879 1478 935 omnino
1502 888 1553 933 et
1579 879 1758 933 inane.
1787 879 1881 933 llla
1907 880 2051 934 enim
2079 881 2268 949 psalmi
2297 882 2555 935 tricesimi
2592 878 2804 949 septimi
2835 873 3228 944 interpretatio,
3252 872 3328 926 uti
3357 878 3541 924 osten-

299 971 513 1033 demus,
552 970 771 1025 Eusebii
819 971 960 1027 fetus
992 981 1111 1035 est,
1142 987 1249 1028 non
1281 971 1491 1026 Basilii.
1519 970 1721 1026 Przeter
1753 971 1853 1026 hos
1884 986 2020 1041 quos
2056 973 2319 1028 habemus
2347 973 2616 1043 psalmos,
2650 969 2803 1027 citari
2843 977 2900 1022 et
2928 966 3063 1022 alios
3106 980 3134 1018 a
3166 962 3538 1031 Metapbrasta

298 1063 448 1118 haud
479 1064 789 1135 ignoramus
819 1082 832 1118 :
867 1066 962 1119 sed
996 1063 1374 1136 Metaphrasta:
1400 1066 1454 1121 in
1482 1066 1678 1122 litteris
1708 1068 2006 1122 auctoritas
2028 1082 2089 1121 ea
2128 1084 2234 1123 non
2260 1078 2365 1137 est,
2399 1084 2560 1138 quam
2594 1084 2736 1123 caeco
2773 1069 2974 1137 impetu
3012 1062 3163 1133 sequi
3192 1075 3467 1130 cogamur.

370 1156 844 1212 Circumferuntur
866 1156 1083 1210 nomine
1110 1155 1290 1211 Basilii
1321 1158 1503 1212 decem
1537 1164 1591 1211 et
1626 1164 1833 1225 septem
1868 1154 2145 1210 Orationes
2178 1158 2232 1209 in
2263 1154 2525 1214 Psalmos.
2565 1156 2669 1212 Sed
2709 1156 2821 1211 fere
2854 1153 3105 1210 convenit
3138 1153 3279 1206 inter
3319 1152 3537 1217 doctos,

299 1258 533 1312 alteram
574 1256 628 1309 in
658 1253 972 1308 vicesimum
1018 1266 1266 1308 octavum
1305 1252 1571 1322 psalmum
1600 1252 1878 1308 homiliam
1910 1252 1974 1305 ad
1999 1267 2122 1307 eum
2163 1252 2385 1308 minime
2427 1254 2700 1322 pertinere
2743 1271 2757 1308 :
2792 1252 2885 1308 sed
2930 1265 3064 1320 opus
3101 1263 3223 1304 esse
3254 1246 3495 1318 plagiarii
3520 1286 3537 1312 ,

300 1350 388 1405 vel
421 1348 600 1418 petius
627 1345 857 1401 studiosi
904 1343 1231 1415 cuiuspiam,
1268 1345 1358 1413 qui
1389 1359 1446 1399 se
1484 1358 1740 1398 exercere
1766 1384 1782 1409 ,
1818 1351 1873 1399 et
1899 1341 2156 1397 Basilium
2188 1342 2385 1397 imitari
2425 1343 2675 1399 voluerit.
2715 1345 2901 1401 Oratio
2929 1360 3142 1416 quoque
3171 1346 3222 1400 in
3253 1344 3538 1415 septimum

296 1452 355 1499 et
387 1442 719 1497 tricesimum
759 1439 1035 1512 psalmum
1064 1449 1314 1510 suspecta
1351 1422 1565 1507 quidem
1595 1436 1710 1491 visa
1750 1444 1835 1493 est
1857 1435 2223 1492 Combelisio:
2262 1436 2357 1491 sed
2417 1438 2587 1493 noluit
2640 1439 2931 1508 quidquam
2985 1449 3247 1500 statuere,
3278 1447 3370 1490 aut
3418 1452 3541 1506 pro-

299 1538 576 1594 nuntiare.
604 1536 872 1591 Potuisset
903 1544 1104 1600 tamen,
1139 1551 1261 1590 cum
1294 1532 1469 1588 oratio
1500 1533 1609 1600 illa,
1645 1544 1701 1588 ut
1734 1532 2074 1595 monuimus,
2107 1538 2384 1585 auctorem
2416 1530 2609 1587 habeat
2646 1548 2750 1586 non
2786 1532 3043 1587 Basilium
3069 1572 3084 1597 ,
3112 1531 3203 1586 sed
3232 1530 3539 1584 Eusebium.

298 1626 378 1685 De
411 1631 494 1683 his
518 1629 691 1683 fusius
711 1628 761 1682 in
785 1627 1130 1683 Przefatione.

372 1718 614 1787 Reliqua:
636 1718 944 1788 quindecim
977 1720 1251 1775 orationes
1280 1733 1378 1789 pro
1405 1720 1638 1789 genuino
1674 1717 1861 1773 Basilii
1894 1719 2002 1774 fetu
2039 1717 2311 1772 habentur
2335 1716 2404 1771 ab
2430 1715 2701 1770 omnibus.
2741 1714 2823 1770 Me
2859 1716 3075 1784 quidem
3115 1730 3436 1783 magnopere
3465 1721 3543 1767 tot

298 1811 636 1865 eruditorum
666 1810 906 1863 virorum
930 1821 1237 1865 commovet
1266 1813 1560 1865 auctoritas
1585 1828 1598 1863 :
1635 1810 1729 1864 sed
1754 1827 1820 1865 ne
1846 1810 1901 1863 in
1922 1822 2108 1865 eorum
2139 1806 2461 1861 sententiam
2490 1807 2806 1871 concedam,
2836 1806 3124 1875 prohibent
3159 1805 3346 1870 multa,
3374 1818 3546 1874 eaque

300 1902 649 1975 gravissima.
687 1901 793 1956 Res
820 1914 998 1958 autem
1039 1902 1446 1973 inquisitionem
1488 1901 1781 1972 longiorem
1821 1902 2325 1973 diligentioremque
2368 1913 2489 1954 cum
2522 1896 2789 1967 postulet,
2840 1897 2890 1951 id
2921 1898 3254 1952 commodius
3286 1898 3455 1951 multo
3487 1897 3541 1950 in

307 1994 629 2065 praefatione
655 1994 888 2064 generali
915 1995 1307 2062 praestabimus.
1336 1995 1520 2050 Dicam
1546 1995 1740 2059 obiter,
1774 1994 2074 2059 orationes,
2097 2009 2215 2066 qua:
2249 2007 2373 2046 vere
2397 1990 2578 2045 Basilii
2612 1998 2759 2055 sunt,
2784 1990 2851 2045 ad
2884 1990 3137 2060 populum
3162 1990 3369 2044 habitas
3396 2003 3539 2043 esse:

299 2078 463 2155 inque
488 2094 755 2140 conventu
790 2084 1004 2154 publico
1032 2088 1431 2155 prouuntiatas,
1470 2100 1525 2144 et
1562 2103 1897 2159 quacunque
1928 2088 2068 2143 hanc
2106 2095 2285 2140 notam
2322 2099 2430 2154 pra:
2460 2098 2518 2138 se
2548 2098 2652 2137 non
2685 2080 2807 2145 fert,
2838 2097 2955 2136 eam
2987 2086 3055 2137 ob
3084 2082 3134 2135 id
3168 2081 3335 2135 solum
3364 2093 3547 2149 suspe-

296 2192 442 2237 ctam
470 2180 640 2234 videri
672 2181 886 2233 debere.

370 2272 590 2343 Legenti
617 2273 745 2326 mihi
782 2273 832 2326 id
855 2288 1010 2344 Opus,
1052 2272 1192 2342 quod
1235 2271 1499 2326 edendum
1542 2273 1751 2325 curavit
1778 2270 1859 2325 vir
1894 2269 2237 2325 doctissimus
2278 2264 2556 2321 Balthasar
2596 2265 2919 2332 Corderius,
2981 2266 3218 2321 occurrit
3258 2266 3545 2322 diﬂlcultas

297 2364 443 2423 baud
477 2366 692 2435 exigua.
727 2364 858 2419 Nam
887 2364 1177 2418 maximam
1214 2374 1420 2432 partem
1445 2378 1629 2418 eorum
1664 2377 1783 2433 qua:
1805 2363 1859 2417 in
1882 2361 2298 2417 Commentario
2326 2358 2595 2414 Theodori
2629 2356 2962 2413 Heracleota:
2984 2357 3256 2429 legebam,
3305 2364 3545 2429 comperi

299 2462 436 2517 nihil
458 2461 601 2515 aliud
631 2476 752 2517 esse
777 2504 790 2524 ,
832 2462 932 2515 nisi
964 2461 1132 2526 ipsam
1169 2459 1352 2515 Basilii
1387 2462 1443 2512 in
1476 2456 1720 2513 Psalmos
1765 2456 2199 2528 explanationem
2222 2496 2238 2524 ,
2266 2454 2431 2525 idque
2462 2454 2527 2507 ad
2567 2453 2812 2508 verbum.
2844 2450 3085 2508 Verebar
3110 2468 3212 2507 uua
3250 2467 3315 2506 ex
3352 2463 3541 2523 parte,

301 2558 767 2613 Coinmeutarium
804 2558 950 2612 illum
978 2557 1261 2613 Theodoro
1290 2558 1549 2615 adimere.
1580 2556 1648 2611 ob
1679 2566 1918 2611 veterum
1948 2555 2209 2611 librorum
2234 2554 2636 2618 auctoritatem,
2668 2554 2733 2608 ad
2760 2567 2988 2622 quorum
3016 2550 3175 2607 fidem
3202 2552 3304 2608 hoc
3330 2552 3379 2607 ei
3408 2567 3544 2624 opus

302 2653 564 2707 tributum
600 2665 683 2708 est
711 2673 722 2708 :
758 2670 822 2707 ex
851 2654 1043 2720 altera,
1077 2665 1353 2708 oratorum
1382 2653 1646 2721 optimum
1671 2651 1928 2707 Basilium
1953 2651 2079 2705 furti
2105 2650 2369 2706 dedecore
2396 2657 2558 2719 atque
2586 2647 2804 2702 infamia
2833 2662 3121 2717 aspergere
3148 2663 3254 2702 non
3279 2658 3538 2717 poteram.

302 2746 414 2802 Sed
450 2763 555 2802 non
587 2749 674 2802 diu
705 2765 997 2817 suspensus
1029 2749 1101 2802 fui
1130 2758 1182 2803 et
1221 2749 1480 2803 incertus.
1511 2745 1644 2801 Nam
1670 2748 1853 2803 statim
1879 2748 2074 2817 agnovi
2101 2745 2558 2802 Commentarium
2590 2760 2710 2799 eum
2741 2746 2831 2815 qui
2878 2746 3097 2800 nomine
3140 2744 3405 2801 Theodori
3438 2744 3543 2797 cir-

304 2841 627 2907 cumfertur,
653 2841 921 2896 Theodori
959 2843 1118 2895 unius
1144 2857 1279 2909 opus
1317 2857 1424 2895 non
1450 2856 1593 2905 esse,
1625 2842 1717 2896 sed
1746 2841 2059 2906 multorum,
2090 2839 2357 2910 Origenis,
2386 2838 2622 2904 Eusebii,
2657 2838 2840 2894 Basilii
2876 2839 3064 2908 ipsius,
3098 2839 3345 2909 Didymi,
3378 2836 3542 2890 Joan-

302 2931 389 2984 nis
416 2930 809 3000 Chrysostomi,
846 2931 1192 2995 Theodoreti,
1228 2942 1333 2987 etc.
1360 2931 1478 2987 Uno
1501 2932 1686 2995 verbo,
1719 2932 1990 2987 constabit
2012 2946 2074 2986 ex
2099 2930 2414 3001 praefatione
2436 2972 2449 2994 ,
2485 2929 2946 2984 Commentarium
2973 2929 3233 2983 hactenus
3260 2927 3543 2982 Theodoro

302 3016 639 3075 lleracleotae
668 3022 984 3077 attributum
1014 3023 1064 3076 in
1088 3020 1410 3078 Catenarum
1436 3037 1660 3078 numero
1686 3025 1869 3093 reponi
1898 3023 2089 3079 merito
2117 3037 2292 3092 posse.
2319 3023 2396 3078 Ex
2421 3039 2528 3093 quo
2562 3022 2641 3105 fit,
2678 3031 2738 3077 ut
2762 3021 2993 3076 Basilius
3024 3033 3205 3077 noster
3232 3021 3542 3094 longissime

301 3110 372 3164 ab
398 3112 544 3165 onini
570 3113 910 3181 expilationis
937 3113 1173 3183 furtique
1200 3114 1507 3183 suspicione
1532 3115 1722 3169 abesse
1743 3115 1953 3171 debeat.

373 3200 491 3255 Jam
524 3203 568 3256 si
599 3202 865 3272 quispiam
896 3213 1123 3271 quaerat,
1149 3220 1253 3273 quo
1278 3213 1539 3273 tempore,
1572 3218 1681 3273 quo
1706 3204 1824 3260 loco
1847 3205 2041 3260 habitae
2066 3206 2175 3261 sint
2201 3205 2303 3260 illae
2335 3204 2515 3260 Basilii
2544 3207 2596 3259 in
2628 3205 2868 3261 Psalmas
2899 3219 3182 3270 orationes,
3216 3200 3577 3276 respondere'

304 3304 611 3363 promptum
642 3311 748 3349 non
784 3295 907 3349 erit.
942 3295 1039 3350 Vix
1071 3296 1214 3350 enim
1245 3311 1307 3350 ea
1334 3295 1401 3349 de
1429 3310 1489 3350 re
1510 3296 1645 3350 certi
1677 3296 1970 3367 quidquam
2003 3298 2166 3352 statui
2210 3311 2369 3369 posse
2400 3297 2751 3352 arbitramur.
2778 3295 3043 3351 Malumus
3068 3306 3247 3350 autem
3282 3297 3349 3350 de
3382 3299 3543 3355 rebus

305 3388 488 3451 silere,
521 3402 680 3456 quam
708 3387 900 3448 falsum
936 3387 1137 3456 aliquid
1165 3399 1257 3442 aut
1286 3389 1551 3443 incertum
1584 3391 1955 3458 pronuntiare.

379 3480 550 3535 Nemo
587 3481 749 3551 paulo
781 3483 1062 3537 humanior
1089 3483 1284 3549 nescit,
1320 3482 1684 3549 Ambrosium,
1709 3498 1830 3539 cum
1856 3499 1984 3539 suos
2008 3484 2061 3536 in
2089 3482 2457 3537 Hexaemeron
2502 3483 2668 3538 libros
2698 3483 2957 3538 scriberet
2979 3523 2995 3545 ,
3037 3483 3299 3552 permulta
3330 3483 3397 3538 ad
3426 3498 3543 3539 ver.

306 3575 433 3629 bum
467 3590 497 3629 e
521 3575 720 3631 Basilio
743 3576 1061 3644 sumpsisse.
1094 3575 1199 3631 Sed
1233 3592 1335 3630 non
1360 3576 1432 3630 ita
1469 3585 1651 3631 notum
1683 3587 1787 3640 est,
1817 3592 1939 3631 eum
1968 3576 2068 3630 hoc
2091 3576 2229 3631 idem
2257 3576 2469 3643 fecisse,
2502 3592 2623 3630 cum
2648 3574 2885 3645 psalmos
2920 3576 3181 3645 quosdam
3216 3578 3543 3647 interpreta-

310 3680 477 3723 retur.
509 3668 617 3722 Nec
648 3669 896 3739 cuiquam
925 3668 975 3722 id
1010 3668 1199 3723 mirum
1234 3668 1400 3723 videri
1426 3666 1605 3733 debet,
1639 3683 1762 3723 cum
1791 3668 2107 3723 Ambrosius
2136 3669 2186 3722 in
2214 3668 2565 3737 explanandis
2595 3666 2823 3722 Psalmis
2846 3685 2952 3723 non
2988 3669 3153 3723 multa
3185 3669 3472 3724 admodum
3510 3687 3543 3726 a

280 3761 510 3818 'anilio
538 3773 811 3819 mutuatus
848 3764 935 3819 sit.
978 3765 1243 3831 Quoniam
1287 3775 1462 3819 tamen
1494 3780 1602 3819 non
1626 3766 1816 3820 desunt
1856 3765 2050 3834 quibus
2088 3765 2383 3832 jucundum
2431 3764 2502 3817 sit
2542 3773 2594 3818 et
2629 3772 2839 3830 gratum
2873 3775 3198 3828 cognoscere
3237 3761 3363 3827 quid
3398 3761 3538 3817 alius

308 3859 541 3926 scriptor
565 3858 632 3912 ab
662 3858 769 3912 alio
799 3858 1108 3927 sumpserit,
1141 3856 1230 3911 illa
1263 3858 1533 3913 Ambrosii
1567 3857 1708 3921 loca,
1745 3857 2215 3925 quantulacunque
2244 3868 2389 3919 sunt,
2424 3871 2522 3911 suo
2553 3855 2670 3910 loco
2701 3855 2963 3908 adnotare
2991 3866 3100 3907 non
3136 3852 3356 3923 pigebit.

384 3948 581 4003 Videre
607 3959 690 4003 est
712 3949 764 4003 in
796 3948 1001 4003 Latinis
1025 3949 1353 4003 editionibus
1389 3951 1630 4020 quaedam
1658 3954 1712 4003 in
1743 3948 1980 4005 l’salmos
2016 3950 2263 4014 Scholia,
2295 3967 2412 4020 qua:
2450 3951 2643 4007 Basilio
2672 3949 3010 4013 tribuuntur;
3037 3947 3132 4001 sed
3154 3948 3220 4002 de
3244 3948 3310 4002 iis
3336 3948 3543 4019 longius

310 4039 584 4095 disserere
614 4055 831 4095 necesse
857 4057 963 4095 non
992 4042 1222 4096 videtur.
1257 4040 1451 4096 Notum
1479 4053 1563 4096 est
1592 4042 1735 4096 enim
1771 4055 1833 4095 ea
1866 4042 2136 4103 epitomeu
2168 4057 2289 4097 esse
2324 4059 2355 4097 e
2380 4042 2747 4114 Cbrysostomi
2781 4053 2836 4096 et
2864 4040 3187 4095 Theodoreti
3214 4040 3366 4096 libris
3399 4040 3542 4097 male

310 4134 765 4191 consarcinatam.
794 4136 925 4189 Cum
954 4153 1082 4208 ergo
1112 4154 1175 4193 ea
1209 4138 1427 4194 Scholia
1460 4139 1512 4193 in
1554 4139 1753 4209 spuriis
1780 4149 1942 4206 atque
1980 4139 2297 4196 adulterinis
2328 4141 2449 4209 poni
2477 4150 2726 4209 oportere
2758 4138 3031 4193 fateantur
3061 4152 3273 4202 omnes,
3299 4139 3347 4192 id
3377 4137 3543 4192 semel

309 4232 527 4279 notasse
549 4227 681 4281 satis
715 4227 1056 4293 habebimus,
1087 4245 1186 4284 nec
1228 4246 1450 4299 usquam
1488 4229 1716 4299 amplius
1745 4230 1810 4284 de
1832 4228 1899 4284 iis
1924 4230 2249 4287 mentionem
2291 4231 2452 4287 ullam
2483 4230 2758 4292 iaciemus.
2794 4230 2925 4285 Nam
2966 4232 3018 4286 in
3061 4232 3222 4288 rebus
3245 4231 3545 4303 perspicuis

312 4326 554 4387 tempore
582 4319 905 4374 abutendum
939 4329 994 4376 et
1017 4322 1348 4390 argumentis
1382 4338 1485 4376 non
1519 4332 1765 4391 putamus
1798 4318 1932 4392 (84).

589 4591 726 4645 ΤΟΥ
748 4592 835 4649 EN
851 4592 1073 4647 ΑΓΙΟΙΣ
1105 4593 1375 4655 ΠΑΤΡΟΣ
1411 4594 1606 4650 ΗΜΩΝ

1594 4596 1606 4650 l
2361 4586 2611 4655 sane“
2642 4595 2893 4654 PATRIS
2930 4552 3177 4654 Nosmt

784 4784 1391 4884 ΒΑΣΙΛΕΙΟΥ,

2560 4795 2976 4889 BASILII,

449 4992 901 5065 ’Δρχιεπισκόπου
949 4994 1285 5065 Καισαρείας
1323 4994 1733 5059 Καππαδοκίας,

1720 5035 1733 5059 .
2232 5000 2491 5058 Caesareae
2515 5002 2866 5075 Cappadocia!
2894 5003 3303 5074 archiepiscopi,

416 5158 665 5213 OMIAIA
695 5159 821 5213 ΕΙΣ
848 5158 980 5211 ΊὈΝ
1006 5158 1297 5211 ΠΡΩΤΟΝ
1312 5158 1619 5213 ΨΑΛΜὉΝ
1631 5156 1767 5225 (85).
1902 5169 1951 5229 Α

1902 5169 1951 5229 Α
2160 5158 2481 5215 IIOMILIA
2521 5160 2612 5217 ΙΝ
2654 5159 3004 5217 ΡδΑιιιωι
3053 5160 3369 5222 PRIMUM.

378 5291 429 5345 1.
462 5291 618 5345 Πᾶσα
662 5289 853 5361 Γραφὴ
908 5289 1261 5353 Θεόπνευστος
1312 5290 1405 5343 καὶ⁵
1447 5288 1735 5360 ὠφέλιμος,
1789 5287 1876 5343 διὰ

2048 5291 2158 5363 90
2192 5293 2243 5349 1.
2283 5292 2472 5349 Omnis
2515 5293 2793 5365 Scriptura
2832 5305 2914 5351 est
2959 5295 3212 5353 divinitus
3244 5299 3503 5368 inspirata

305 5382 467 5436 τοῦτο
498 5385 872 5454 συγγραφεῐσα
906 5381 1056 5454 παρὰ
1084 5381 1177 5435 τοῦ
1205 5381 1345 5437 Πνεύ
1354 5397 1539 5453 ματος,
1575 5380 1661 5446 ἵν’,
1691 5380 1878 5452 ὥσπερ

1978 5391 2141 5451 atque
2171 5382 2314 5438 utilis
2344 5382 2411 5448 ”,
2445 5383 2566 5438 ideo
2592 5398 2621 5437 a
2654 5383 2856 5455 Spiritu
2892 5393 3079 5441 sancto
3106 5388 3410 5456 conscripta
3438 5429 3452 5449 ,
3483 5406 3534 5444 ut

308 5475 368 5528 ἑν
394 5474 556 5545 κοινῷ
583 5474 693 5528 τῶν
734 5474 922 5545 ψυχῶν
990 5476 1229 5547 ἰατρείῳ,
1277 5473 1477 5536 πάντες
1511 5472 1782 5545 ἄνθρωποι
1815 5473 1876 5525 τὸ

1980 5475 2126 5528 velut
2158 5475 2212 5530 in
2259 5474 2533 5530 communi
2571 5474 2872 5530 animarum
2907 5476 3269 5531 curandarum
3303 5474 3536 5543 ofﬁcina.

308 5568 449 5639 ῐαμα
474 5566 565 5620 τοῦ
596 5567 798 5621 οἰκείου
821 5566 1024 5630 πάθους
1045 5567 1273 5630 ἕκαστος
1293 5562 1664 5636 ὲκλεγώμεοα,
1701 5564 1752 5619 ’1
1759 5582 1878 5635 αμα

1981 5580 2078 5619 nos
2127 5580 2315 5621 omnes
2368 5574 2631 5636 quotquot
2671 5581 2859 5620 sumus
2904 5564 3149 5621 homines
3183 5565 3251 5621 ad
3293 5576 3534 5623 nostrum

383 5684 428 5716 ιο
452 5681 495 5736 ιι
528 5660 679 5737 Tim.
708 5697 807 5746 ιιι,
837 5682 923 5736 to.

405 5778 494 5847 83)
520 5777 732 5833 Tillem.
766 5793 888 5848 pag.
916 5777 1040 5834 290.

381 5776 500 5920 εει)
525 5847 609 5907 Cf.
639 5863 757 5905 can.
798 5849 858 5904 41
910 5847 1038 5905 Viue
1068 5845 1126 5904 8.
1162 5844 1352 5903 Basilii
1390 5854 1518 5902 tom.
1548 5844 1589 5901 Ι.
1636 5845 1792 5904 Enn.

1976 5774 2281 5920 ngiggSic
2318 5792 2447 5833 mss.
2476 5774 2545 5831 At
2572 5774 2701 5832 editi
2735 5775 2813 5838 εἰς
2850 5773 2948 5843 τὴν
2990 5771 3163 5845 ἀρχὴν
3191 5771 3285 5827 τοῦ
3319 5789 3536 5849 apes-rep

382 5844 500 5920 (84)
525 5847 609 5907 Cf.
639 5844 862 5905 cani“
910 5847 1038 5905 Viue
1068 5845 1126 5904 8.
1162 5844 1352 5903 Basilii
1390 5854 1518 5902 tom.
1548 5844 1589 5901 Ι.
1636 5845 1792 5904 Enn.

639 5844 862 5905 cani“
910 5847 1038 5905 Viue
1068 5845 1126 5904 8.
1162 5844 1352 5903 Basilii
1390 5854 1518 5902 tom.
1548 5844 1589 5901 Ι.
1636 5845 1792 5904 Enn.
1976 5844 2209 5923 ψαλμοῦ.

1864 5947 1897 5957 η
