4008 6402
533 367 633 424 2H

1833 380 1889 435 S.
1934 381 2176 437 BASlLll
2215 383 2426 440 MAGNI

537 490 780 544 morbum
833 493 1126 548 sanandum
1190 496 1450 552 medelam
1521 500 1750 564 seligere
1805 503 2068 570 possimus

2197 507 2325 574 γὰρ,
2356 507 2509 577 φησι,
2552 508 2918 562 καταπαύσει
2952 509 3233 578 ἁμαρτιας
3265 508 3548 578 μεγάλας.
3587 508 3759 564 Ἕλλα

535 580 801 636 Medicina
848 585 1020 646 enim,
1057 587 1232 655 inquit
1281 587 1557 659 Scriptura
1584 631 1598 654 ,
1631 592 1829 644 sedabit
1880 608 2087 658 peccata

532 689 723 741 magna
757 674 823 728 ³ο.
859 676 1014 730 Aliud
1055 677 1214 747 igitur
1251 682 1518 750 prophetae
1555 683 1775 744 docent,
1824 683 1961 738 aliud
1995 686 2074 736 hi-

531 765 742 827 storici,
775 765 918 820 aliud
950 766 1030 821 lex
1055 809 1070 831 ,
1107 770 1249 823 aliud
1277 773 1480 838 species
1505 773 1619 839 ejus
1642 790 1759 841 qua}
1793 776 1842 828 in
1874 776 2091 829 Prover-

530 853 636 907 biis
663 853 931 910 invenitur
957 861 1364 916 exhortationis.
1396 863 1462 914 At
1503 864 1759 933 quidquid
1791 866 1842 918 in
1877 870 2087 920 eat-teris

534 947 665 1000 utile
696 957 813 1013 est,
847 950 935 1002 hic
980 968 1114 1005 unus
1146 951 1477 1007 Psalmorum
1517 955 1654 1010 liber
1696 957 2087 1026 complectitur.

535 1036 868 1095 Vaticinatur
897 1042 1095 1106 futura,
1127 1045 1336 1099 animos
1365 1058 1581 1101 revocat
1623 1050 1686 1101 ad
1718 1051 1953 1104 hiStoria:
1979 1067 2090 1104 tne-

531 1132 757 1186 moriam
781 1173 794 1196 ,
831 1137 1132 1202 pra-scribit
1163 1137 1284 1192 vitae
1321 1139 1658 1194 instituenda:
1687 1143 1900 1195 modum
1929 1161 1941 1196 :
1970 1156 2088 1210 qua:

530 1231 654 1275 sunt
686 1227 888 1292 agenda
936 1231 1194 1296 suggerit.
1224 1231 1290 1285 Et
1319 1248 1425 1286 uno
1451 1233 1638 1298 verbo,
1665 1236 1796 1290 liber
1828 1238 1911 1290 hic
1939 1253 2084 1292 com-

531 1325 693 1368 mune
719 1317 984 1384 quoddam
1021 1330 1102 1372 est
1140 1324 1290 1375 bona:
1324 1325 1578 1378 doctrinae
1617 1329 2038 1396 promptuarium
2071 1346 2085 1382 :

530 1404 621 1471 qui
648 1405 904 1476 quidquid
942 1411 1159 1466 cuilibet
1194 1413 1528 1481 profuturum
1559 1418 1662 1482 sit,
1697 1419 1978 1488 diligenter
2002 1422 2085 1474 of-

529 1491 650 1546 fert.
677 1492 808 1546 Nam
849 1498 1087 1566 antiquis
1119 1502 1420 1557 anin'iarum
1449 1505 1761 1562 vulneribus
1794 1511 2031 1564 medetur
2069 1530 2081 1566 :

526 1591 826 1648 promptam
869 1602 1034 1654 nuper
1064 1590 1337 1646 vulnerato
1372 1595 1659 1649 sanitatem
1694 1600 1868 1651 reddit
1905 1604 2084 1669 :quod

525 1683 725 1738 argrum
760 1685 841 1728 est
870 1676 1042 1741 fovet,
1075 1683 1214 1748 quod
1262 1699 1386 1737 vero
1419 1686 1685 1741 incolume
1708 1698 1760 1740 et
1787 1689 2077 1758 integrum,

526 1775 829 1816 conservat.
862 1768 924 1818 Et
947 1771 1158 1823 tandem
1191 1773 1276 1826 hic
1307 1774 1457 1838 liber,
1495 1781 1666 1844 quoad
1701 1779 1813 1846 cjus
1845 1781 1956 1835 fieri
1983 1796 2080 1851 po-

2196 598 2293 666 μὲν
2321 595 2414 651 οὖν
2451 601 2720 668 προφῆται
2783 601 3109 663 παιδεύουσι,
3153 601 3246 654 καὶ
3289 601 3420 656 ἄλλα
3472 603 3754 672 ἱστορικοὶ,

2194 689 2286 739 καὶ
2317 691 2344 741 ὁ
2372 689 2532 758 νόμος
2565 691 2747 761 ἕτερα,
2778 693 2872 744 καὶ
2904 692 3036 745 ἄλλα
3063 694 3124 746 τὸ
3159 690 3295 757 εἶδος
3325 697 3422 764 τῆς
3466 713 3759 766 παροιμια-

2193 778 2294 846 κῆς
2318 780 2707 851 παραινέσεως.
2763 783 2825 834 Ἠ
2858 783 2912 835 δὲ
2944 783 3050 836 τῶν
3093 783 3333 854 Ψαλμῶν
3376 784 3553 854 βίϐλος
3594 786 3654 838 τὸ
3696 787 3757 839 ὲκ

2192 871 2408 923 πάντων
2459 871 2728 942 ὠφέλιμον
2770 875 3104 944 περιείληφε.
3151 875 3482 946 Προφητεύει
3528 876 3595 929 τὰ
3629 877 3754 946 μέλ-

2191 962 2348 1014 λοντα
2371 979 2384 991 ·
2421 963 2658 1032 ἱστορίας
2692 965 3124 1034 ὑπομιμνήσκει·
3175 965 3452 1036 νομοθετεῖ
3494 966 3572 1037 τῷ
3621 968 3753 1038 βίῳ·

2192 1053 2499 1107 ὑποτίθεται
2532 1055 2598 1108 τὰ
2631 1056 2876 1124 πρακτέα
2898 1073 2910 1086 ·
2951 1057 3044 1110 καὶ
3093 1057 3426 1122 ἁπαξαπλῶς
3462 1060 3637 1112 κοινὸν
3664 1078 3758 1113 τα-

2193 1144 2362 1213 μιεῖόν
2397 1147 2540 1199 ἐστιν
2562 1146 2780 1213 ἀγαθῶν
2803 1147 3142 1218 διδαγμάτων
3161 1188 3176 1211 ,
3197 1149 3256 1202 τὸ
3284 1150 3497 1220 ἑκάστῳ
3527 1151 3759 1220 πρόσφο-

2191 1253 2282 1307 ρον
2327 1236 2467 1289 κατὰ
2515 1238 2613 1308 τὴν
2642 1240 2954 1309 ἐπιμέλειαν
2985 1240 3389 1312 ὲξευρίσκουσα.
3423 1243 3501 1294 Τά
3541 1259 3600 1293 τε
3646 1242 3756 1313 γὰρ

2191 1326 2394 1379 παλαιά
2426 1327 2708 1398 τραύματα
2758 1330 2862 1383 τῶν
2905 1331 3088 1401 ψυχῶν
3122 1332 3356 1398 ἐξιᾶται,
3406 1333 3498 1386 καὶ
3531 1333 3608 1403 τῷ
3641 1351 3753 1386 veo-

2188 1415 2378 1488 τρώτῳ
2402 1421 2621 1489 ταχεῖαν
2646 1421 2837 1489 ἐπάγει
2869 1423 2977 1490 (86)
3009 1423 3104 1493 τὴν
3131 1425 3499 1494 ἐπανόρθωσιν
3521 1466 3536 1490 ,
3568 1427 3662 1478 καὶ
3694 1428 3754 1478 τὸ

2187 1509 2471 1577 νενοσηκὸς
2512 1515 2904 1581 περιποιεῖται,
2956 1516 3048 1566 καὶ
3093 1515 3153 1567 τὸ
3186 1516 3439 1586 ἀκέραιον
3470 1515 3747 1579 διασώζειο

2187 1599 2278 1650 καὶ
2307 1599 2441 1663 ὅλως
2470 1601 2676 1672 ἐξαιρεῖ
2701 1604 2769 1656 τά
2797 1604 2962 1674 πάθη,
2991 1605 3108 1658 καθ’
3137 1607 3258 1659 ὅσον
3290 1602 3402 1659 οἷόν
3438 1626 3519 1671 τε,
3549 1609 3619 1660 τὰ
3643 1626 3754 1663 ποι-

2186 1689 2350 1753 κίλως
2374 1696 2491 1754 ταῖς
2514 1693 2712 1763 ψυχαῖς
2741 1697 2796 1747 ἐν
2824 1697 2898 1766 τῷ
2937 1696 3034 1768 βίῳ
3068 1697 3171 1751 τῶν
3207 1699 3300 1751 ἀνθ
3312 1698 3506 1770 ρώπων
3535 1701 3747 1756 ἐνδυνα-

2188 1781 2444 1836 στεύοντα
2473 1801 2484 1813 ·
2515 1786 2608 1837 καὶ
2638 1786 2795 1839 τοῦτο
2842 1788 2978 1857 μετά
3010 1806 3151 1850 τινος
3179 1789 3532 1858 ψυχαγωγίας
3577 1794 3749 1861 ἐμμε-

527 1860 673 1912 test,
707 1870 899 1921 pravos
932 1870 1141 1914 coercet
1172 1862 1413 1928 affectus,
1451 1870 1540 1935 qui
1574 1885 1667 1935 per
1694 1870 1965 1924 hominum
2004 1873 2068 1925 vi-

2185 1871 2307 1935 λοῦς
2363 1875 2453 1926 καὶ
2515 1876 2704 1947 ἡδονῆς
2769 1837 3019 1950 σώὶφρονα
3080 1837 3350 1950 λογιῐσμδν⁸
3398 1837 3746 1951 ειμποιοῦ-σιης.

527 1951 633 1994 tam
674 1943 724 1997 in
755 1947 962 2001 animos
993 1951 1136 2003 varie
1171 1964 1517 2019 grassantur:
1549 1967 1707 2026 atque
1739 1960 1786 2011 id
1811 1977 1930 2014 cum
1955 1976 2083 2015 cou-

523 2030 679 2083 cinna
721 2038 948 2101 quadam
991 2040 1253 2095 suavitate
1293 2053 1452 2113 atque
1502 2047 1776 2116 voluptate
1802 2089 1816 2112 ,
1848 2065 1967 2118 quae
1995 2053 2083 2106 ho-

525 2133 706 2176 nestas
741 2125 1019 2190 ingenerat
1067 2132 1437 2199 cogitationes.
1480 2135 1689 2191 Etenim
1727 2140 1814 2192 ubi
1852 2139 2082 2209 Spiritus

525 2221 740 2267 sanctus
787 2231 953 2285 genus
993 2219 1267 2276 homintun
1313 2227 1582 2295 perSpcxit
1622 2228 1686 2281 ad
1731 2230 2077 2285 excolendam

523 2301 770 2358 virtutem
797 2309 982 2362 adduci
1012 2312 1096 2364 vix
1134 2329 1310 2380 posse,
1342 2327 1392 2372 et
1415 2335 1442 2371 a
1481 2321 1635 2374 nobis
1669 2321 1738 2375 ob
1763 2331 1997 2376 nostram
2025 2325 2077 2378 in

529 2394 855 2464 voluptatem
902 2405 1312 2470 propensionem
1356 2409 1492 2463 viam
1540 2424 1744 2466 reetam
1773 2415 2075 2481 contemni,

524 2486 651 2552 quid
689 2489 836 2562 vagit?
864 2491 1135 2563 Dogmatis
1181 2497 1474 2555 immiscuit
1513 2504 1805 2560 harmoniae
1849 2507 2078 2564 dulcedi-

521 2589 668 2638 nem,
715 2588 771 2632 ut
809 2596 988 2636 rerum
1024 2587 1324 2642 auditarum
1349 2589 1679 2657 iucunditate
1710 2612 1772 2650 ac
1800 2599 2076 2656 dulcedine

516 2667 848 2738 eloquiorum
902 2677 1184 2732 utilitatem
1252 2684 1552 2740 nescientes
1622 2690 2070 2759 perciperenlus:

517 2759 660 2815 haud
687 2762 843 2819 aliter
884 2777 1045 2838 atque
1090 2770 1358 2840 sapientes
1396 2777 1623 2844 medici,
1655 2780 1746 2847 qui
1814 2797 2074 2838 nausean-

515 2854 658 2910 tibus
689 2857 957 2924 potionem
996 2865 1311 2919 amariorem
1356 2867 1562 2934 daturi,
1603 2873 1798 2940 saepius
1845 2876 2069 2931 calicem

517 2947 675 3003 melle
707 2949 1134 3010 circumliniunt.
1164 2957 1288 3011 ldeo
1331 2961 1581 3016 concinni
1618 2964 1694 3017 illi
1741 2967 2068 3034 psalmorum

515 3049 813 3098 concentus
861 3045 1150 3115 excogitati
1202 3049 1358 3103 nobis
1399 3061 1555 3116 sunt,
1587 3063 1645 3107 ut
1690 3055 1728 3108 ii
1780 3057 1869 3126 qui
1919 3061 2068 3127 pueri

2197 1963 2412 2036 Ἐπειδὴ
2470 1966 2577 2037 γὰρ
2627 1963 2731 2022 εἶδε
2780 1969 2840 2022 τὸ
2890 1969 3109 2040 Πνεῦμα
3147 1971 3206 2022 τὸ
3247 1971 3396 2040 ἆγιον
3437 1971 3748 2039 δυσάγωγον

2183 2051 2316 2121 πρὸς
2337 2054 2535 2125 ἀρετὴν
2564 2055 2624 2107 τὸ
2650 2056 2804 2124 γένος
2829 2057 2932 2110 τῶν
2960 2059 3280 2131 ἀνθρώπων,
3299 2061 3391 2113 καὶ
3419 2060 3506 2114 διὰ
3530 2061 3589 2114 τὸ
3612 2062 3748 2132 πρὸς

2181 2143 2370 2214 ἡδονὴν
2431 2147 2726 2218 ἐπιρρεπὲς
2778 2149 2869 2202 τοῦ
2921 2149 3080 2221 ὀρθοῦ
3143 2152 3256 2222 βίου
3312 2153 3748 2223 καταμελοῦντας

2180 2236 2359 2304 ἡμᾶς·
2421 2238 2472 2289 τί
2505 2242 2678 2304 ποιεῖ;
2713 2241 2785 2292 Τὸ
2836 2243 2898 2295 ὲκ
2934 2244 3032 2314 τῆς
3060 2243 3322 2315 μελῳδίας
3366 2246 3596 2316 τερπνὸν
3638 2249 3748 2308 τοῖς

2177 2323 2436 2395 δόγμασιν
2473 2328 2845 2400 ἐγκατέμιξεν,
2881 2331 2967 2385 ἵνα
2991 2332 3067 2402 τῷ
3097 2335 3354 2404 προσηνεῖ
3382 2335 3474 2388 καὶ
3501 2334 3626 2404 λείῳ
3648 2337 3748 2405 τῆς

2179 2416 2344 2487 ἀκοῆς
2371 2419 2431 2471 τὸ
2460 2421 2521 2472 ἐκ
2550 2421 2656 2474 τῶν
2690 2422 2862 2492 λόγων
2898 2423 3165 2495 ὠφέλιμον
3207 2425 3572 2489 λανθανόντως
3611 2426 3743 2478 ὑπο-

2175 2507 2449 2578 δεξώμεθα
2469 2526 2481 2538 '
2505 2511 2643 2564 κατά
2664 2513 2789 2576 τοὺς
2814 2515 3006 2581 σοφοὺς
3027 2515 3134 2568 τῶν
3158 2517 3371 2587 ἰατρῶν,
3394 2518 3463 2578 οἳ,
3486 2517 3593 2570 τῶν
3613 2534 3745 2588 φαρ-

2179 2599 2363 2667 μάκων
2387 2602 2454 2653 τὰ
2489 2604 2860 2675 αὑστηρότερα
2897 2606 3067 2658 πίνειν
3100 2607 3330 2671 διδόντες
3369 2612 3479 2670 τοῖς
3517 2608 3742 2661 κακοσίο

2173 2703 2306 2750 τοις,
2341 2689 2512 2757 μέλιτι
2559 2692 2815 2756 πολλάκις
2864 2694 2960 2764 τὴν
3002 2695 3196 2748 κύλικα
3237 2697 3594 2767 περιχρίουσι.
3644 2696 3742 2749 Διά

2171 2775 2328 2829 τοῦτο
2355 2777 2421 2831 τὰ
2461 2780 2753 2851 ὲναρμὸνια
2793 2782 2965 2837 ταῦτα
3019 2785 3152 2855 μέλη
3186 2785 3294 2838 τῶν
3341 2786 3568 2857 ψαλμῶν
3613 2787 3740 2856 ἡμῖν

2172 2865 2529 2938 ἐπινενόηται,
2560 2870 2645 2923 ἵνα
2691 2873 2738 2923 οἱ
2790 2873 2898 2943 (87)
2949 2874 3134 2937 παῖδες
3167 2875 3263 2946 τὴν
3289 2876 3534 2946 ἡλικίαν,
3569 2879 3601 2950 ἢ
3648 2880 3740 2932 καὶ

2170 2956 2306 3020 ὅλως
2345 2961 2391 3010 oi
2419 2963 2598 3030 νεαροὶ
2625 2963 2682 3014 τὸ
2711 2958 2858 3033 ἦθος,
2880 2963 2957 3034 τῷ
2991 2966 3088 3035 μὲν
3120 2966 3294 3020 δοκεῖν
3330 2968 3636 3038 μελῳδῶσι,
3670 2972 3735 3040 τῇ

2167 3047 2225 3101 δὲ
2250 3049 2473 3120 ἀληθείᾳ
2495 3051 2591 3114 τὰς
2620 3053 2794 3123 ψυχὰς
2820 3055 3262 3111 ὲκπαιδεύωνται.
3294 3056 3432 3113 Οὔτε
3469 3058 3578 3130 γὰρ
3603 3060 3736 3113 ἀπο-

513 3142 638 3184 snnt
661 3141 834 3198 rotate,
865 3145 957 3188 aut
981 3137 1141 3190 etiam
1165 3141 1382 3194 omnino
1415 3141 1653 3198 moribus
1679 3155 1803 3200 sunt
1821 3149 2063 3216 juvenes,

2174 3140 2412 3195 στολικὸν
2433 3160 2514 3206 τις
2544 3143 2664 3197 οὔτε
2693 3148 3024 3216 προφητικὸν
3063 3150 3430 3221 παράγγελμα
3458 3152 3564 3204 τῶν
3605 3153 3736 3204 πολ-

515 3221 641 3275 dum
672 3223 724 3276 in
747 3226 978 3292 speciem
1019 3229 1232 3296 quidem
1258 3240 1507 3298 cantant,
1539 3235 1709 3303 reipsa
1744 3247 1917 3292 tamen
1949 3242 2062 3294 ani-

519 3329 636 3366 mas
665 3315 915 3370 erudiant
947 3333 1091 3373 suas.
1125 3317 1224 3374 Vix
1264 3323 1407 3376 enim
1444 3339 1675 3393 unquam
1710 3343 1844 3383 unus
1879 3331 2069 3400 aliquis

511 3419 541 3458 e
571 3406 750 3460 multis
785 3418 840 3461 et
887 3425 952 3462 ex
993 3410 1267 3467 desidibus
1314 3415 1590 3481 discessit,
1627 3419 1715 3487 qui
1748 3432 2066 3492 praeceptum

508 3500 867 3567 apostolicum
902 3514 994 3556 aut
1021 3505 1387 3572 propheticum
1420 3511 1676 3566 memoria
1712 3512 1941 3567 retineat
1969 3533 1982 3568 :
2014 3527 2069 3570 at

509 3591 838 3661 psalmorum
862 3594 1074 3648 oracula
1101 3608 1153 3650 et
1185 3597 1327 3651 domi
1357 3600 1712 3664 modulantur,
1745 3613 1798 3658 et
1821 3604 1874 3658 in
1893 3604 2064 3663 forum

507 3685 921 3741 circumferunt.
951 3686 1016 3740 Et
1036 3688 1246 3742 etiamsi
1277 3690 1396 3757 quis
1432 3691 1482 3743 in
1518 3691 1641 3746 fera:
1676 3696 1891 3750 modum
1913 3697 2066 3753 valde

512 3786 727 3842 mtuet,
763 3776 850 3831 ubi
883 3777 1100 3845 psalmis
1130 3779 1420 3834 demulceri
1452 3785 1696 3852 cmperit,
1729 3788 1908 3842 statim
1933 3803 2061 3844 con-

410 3871 417 3879 '
505 3868 678 3936 30pita
704 3880 798 3933 per
825 3867 1102 3921 melodiam
1125 3869 1286 3922 animi
1314 3869 1524 3926 feritate
1549 3873 1682 3927 abit.

575 3957 630 4011 2.
672 3957 916 4013 Psalmus
971 3958 1325 4027 tranquillitas
1388 3974 1470 4015 est
1518 3964 1855 4029 animarum,
1913 3969 2063 4038 pacis

507 4049 732 4112 arbiter,
803 4049 1153 4104 tumultuosos
1221 4051 1660 4123 turbulentasque
1711 4058 2063 4127 cogitationes

505 4141 820 4210 compescit.
874 4141 939 4197 Ut
967 4146 1210 4212 reprimit
1249 4149 1749 4203 excaudescentiam
1792 4160 1846 4204 et
1895 4152 2058 4206 animi

505 4233 941 4297 concitationem,
1000 4235 1072 4288 ita
1136 4237 1410 4290 lasciviam
1482 4238 1734 4296 refrenat.
1783 4241 2061 4298 Amicitias

505 4327 756 4382 conciliat
787 4326 1053 4395 psalmus:
1097 4331 1367 4383 consociat
1402 4331 1720 4385 dissidentes
1745 4371 1761 4395 ,
1793 4332 1933 4387 inter
1962 4335 2059 4387 ini-

506 4420 674 4474 micos
727 4419 955 4489 gratiam
1017 4419 1310 4489 componit.
1340 4418 1470 4486 Quis
1523 4422 1663 4474 enim
1707 4422 1881 4478 adhuc
1935 4439 2054 4479 eum

2173 3228 2277 3282 λῶν
2332 3231 2428 3283 καὶ
2479 3232 2736 3303 ῥᾳθύμων
2790 3235 2987 3305 ῥᾳδίως
3037 3239 3165 3292 ποτὲ
3218 3243 3282 3310 τῇ
3334 3243 3521 3314 μνήμῃ
3565 3259 3734 3295 κατα-

2171 3319 2312 3389 σχὼν
2358 3319 2466 3391 (88)
2527 3322 2765 3392 ἀπῆλθε’
2813 3325 2880 3378 τὰ
2923 3325 2978 3378 δὲ
3027 3327 3136 3381 τῶν
3170 3329 3397 3400 ψαλμῶν
3450 3331 3600 3399 λόγια
3639 3333 3733 3384 καὶ

2168 3413 2288 3463 κατ’
2320 3408 2465 3465 οἷκον
2500 3414 2811 3484 μελῳδοῦσι,
2867 3419 2961 3470 κα)⁸
2995 3419 3086 3472 ἐπὶ
3119 3421 3218 3491 τῆς
3257 3421 3460 3494 ἀγορᾶς
3507 3423 3729 3494 περιφέ-

2169 3519 2321 3572 ρουσι
2340 3519 2353 3532 ·
2391 3503 2484 3555 καί
2507 3505 2607 3558 πού
2638 3522 2719 3570 τις
2749 3507 2856 3561 τῶν
2892 3509 3094 3580 σφόδρα
3122 3511 3602 3583 ὲκτεθηριωμένων
3629 3513 3730 3565 ὑπὸ

2166 3593 2359 3665 θυμοῦ,
2395 3596 2608 3650 ἐπειδὰν
2652 3598 2881 3670 ἄρξηται
2936 3600 3013 3671 τῷ
3056 3601 3254 3674 ψαλμῷ
3309 3603 3728 3676 κατεπᾲδεσθαι,

2164 3687 2402 3758 ἀπῆλθεν
2453 3688 2638 3754 εὐθὺς,
2665 3691 2725 3742 τὸ
2757 3692 3003 3763 ἁγριαῖον
3047 3695 3146 3764 τῆς
3185 3696 3359 3768 ψυχῆς
3394 3701 3460 3769 τῇ
3497 3696 3730 3769 μελῳδίᾳ

2165 3779 2560 3850 κατακοιμίσας
2587 3780 2716 3852 (89).

2229 3962 2285 4015 2.
2313 3963 2540 4033 Ψαλμὸς
2573 3963 2778 4036 γαλήνη
2811 3965 3025 4035 ψυχῶν,
3055 3968 3353 4041 βραϐευτὴς
3395 3973 3634 4042 εἰρήνης,
3664 3974 3726 4027 τὸ

2162 4055 2420 4125 θορυϐοῦν
2445 4058 2537 4109 καὶ
2583 4061 2841 4128 κυμαῖνον
2875 4059 2980 4113 τῶν
3020 4059 3290 4132 λογισμῶν
3329 4065 3721 4121 καταστέλλων.

2160 4145 2440 4198 Μαλάσσει
2477 4146 2575 4216 μὲν
2620 4148 2728 4219 γὰρ
2754 4147 2853 4218 τῆς
2878 4148 3052 4220 ψυχῆς
3093 4151 3153 4203 τὸ
3181 4152 3549 4224 θυμούμενον,
3579 4157 3640 4208 τὸ
3665 4156 3722 4210 δὲ

2159 4236 2452 4291 ἀκόλαστον
2491 4239 2827 4310 σωφρονίζει.
2871 4241 3099 4312 Ψαλμὸς
3155 4243 3335 4311 φιλίας
3392 4247 3719 4315 συναγωγὸς,

2157 4329 2348 4392 ’ἐνωσις
2385 4329 2705 4396 διεστώτων,
2742 4332 3128 4404 ὲχθραινόντων
3171 4335 3593 4408 διαλλακτήριον.
3626 4339 3720 4402 Τίς

2157 4419 2268 4488 γὰρ
2294 4417 2373 4471 ἔτι
2398 4419 2587 4491 ἐχθρὸν
2609 4420 2856 4491 ἡγεῖσθαι
2887 4421 3106 4475 δύναται
3144 4424 3260 4492 μεθ’
3291 4419 3350 4477 οῦ
3382 4426 3509 4496 μίαν
3539 4427 3716 4496 ἀφῆκε

505 4525 732 4581 quocum
769 4526 930 4564 unam
963 4510 1029 4564 ad
1065 4510 1229 4564 Deum
1265 4527 1446 4564 vocem
1477 4513 1677 4575 emisit,
1705 4513 1819 4568 loco
1857 4515 2056 4570 inimici

2174 4509 2297 4580 πρὸς
2318 4510 2448 4564 Θεὸν
2480 4512 2575 4582 τὴν
2617 4516 2835 4584 φωνήν;
2887 4516 3045 4567 Ὥστε
3080 4518 3170 4569 καὶ
3215 4519 3275 4570 τὸ
3327 4520 3581 4589 μέγιστον
3611 4521 3718 4573 τῶν

503 4605 703 4658 habere
731 4603 931 4670 possit?
959 4602 1141 4670 Itaque
1170 4612 1224 4656 et
1265 4603 1523 4658 bonorum
1557 4605 1846 4658 maximum
1886 4607 2058 4661 chari-

505 4703 668 4748 tatem
709 4691 959 4746 conciliat
988 4691 1311 4760 psalmorum
1348 4702 1536 4748 cannis
1559 4735 1574 4760 ,
1617 4695 1707 4763 qui
1737 4707 2052 4752 concentum

507 4799 608 4839 ceu
633 4783 893 4852 quoddam
936 4782 1040 4853 91
1069 4783 1338 4838 vinculum
1373 4785 1438 4837 ad
1484 4786 1822 4840 concordiam
1872 4789 2053 4843 ineun-

498 4876 622 4930 dam
653 4874 918 4929 adinvenit
943 4914 958 4939 ,
1005 4875 1364 4945 populumque
1403 4875 1469 4930 ad
1510 4876 1657 4930 chori
1705 4877 1862 4932 unius
1905 4895 2048 4951 sym-

497 4967 752 5038 phoniam
786 4977 1093 5037 congregat.
1152 4967 1428 5022 Daetnones
1478 4967 1715 5036 psalmus
1750 4969 1918 5041 fugat,
1957 4989 2045 5028 ac-

499 5055 666 5113 cersit
733 5053 1042 5124 angelorum
1113 5055 1496 5123 patrocinium;
1560 5055 1829 5111 ministrat
1898 5072 2046 5112 arma

495 5155 686 5204 contra
713 5153 1006 5200 nocturnos
1051 5145 1298 5208 timores,
1345 5146 1655 5202 diurnorum
1707 5148 1941 5204 laborum
1967 5161 2048 5207 est

497 5234 754 5304 requies:
807 5231 1089 5286 infantium
1142 5234 1422 5300 securitas,
1473 5247 1844 5304 ornamentum
1891 5239 2046 5309 juve-

553 5369 790 5426 “Eccle.
820 5385 885 5435 ι,
912 5369 967 5424 4.

566 5505 678 5579 (86)
712 5505 843 5579 Reg.
876 5507 1151 5579 secundus
1179 5508 1457 5577 ἐπανάγει.
1489 5510 1685 5564 Ibidem
1727 5511 1778 5562 in
1819 5522 2042 5579 utraque

495 5575 732 5650 editione
767 5575 932 5650 Basil.
957 5589 1009 5630 et
1051 5576 1216 5632 Paris.
1271 5580 1338 5630 ita
1366 5575 1596 5650 legitur,
1642 5575 2036 5650 ἐπανόρθωσιν·

493 5647 592 5717 καὶ
614 5645 674 5699 τὸ
694 5647 976 5717 νενοσηκὸς
999 5651 1374 5717 περιποιεῖται.
1418 5651 1520 5704 Sed
1548 5649 1656 5712 illa,
1687 5651 1779 5702 καὶ
1798 5645 1877 5712 τό,
1909 5662 2040 5713 etc..

500 5715 557 5770 in
585 5718 784 5799 nostris
807 5715 943 5799 ni's's.
967 5715 1080 5770 non
1119 5720 1472 5799 reperiuntur.
1503 5718 1726 5799 Unde-si
1766 5721 1848 5799 cui
1896 5721 2044 5773 vide-

503 5791 692 5846 rentur
719 5786 1078 5842 additamenta
1107 5786 1227 5844 esSe
1271 5789 1631 5852 librariorum.
1665 5790 1715 5844 in
1763 5787 1877 5857 ejus
1916 5806 2042 5845 sen-

2163 4599 2380 4667 ἀγαθῶν
2424 4603 2522 4673 τὴν
2554 4604 2772 4675 ἀγάπην
2804 4607 2836 4675 ἡ
2867 4605 3156 4677 ψαλμῳδία
3202 4610 3514 4681 παρέχεται,
3558 4613 3718 4665 οἱονεὶ

2162 4690 2452 4762 σύνδεσμόν
2498 4710 2615 4747 τινα
2643 4695 2778 4768 πρὸς
2815 4696 2910 4767 τὴν
2943 4697 3132 4752 ἕνωσιν
3168 4701 3265 4770 τὴν
3301 4703 3556 4774 συνῳδίαν
3596 4706 3714 4756 ἐπι·

2157 4783 2412 4852 νοήσασα,
2474 4787 2566 4838 καὶ
2618 4789 2697 4850 είς
2744 4787 2860 4851 ἑνὸς
2891 4789 3050 4860 χοροῦ
3101 4793 3413 4860 συμψωνίαν
3459 4794 3550 4848 τὸν
3589 4794 3717 4849 λαὸν

2159 4874 2587 4943 συναρμόξουσα.
2636 4877 2863 4948 Ψαλμὸς
2921 4880 3184 4952 δαιμόνων
3256 4885 3714 4956 φυγαδευτήριον,

2151 4964 2249 5034 τῆς
2278 4965 2384 5016 τῶν
2413 4967 2658 5034 ἀγγέλων
2680 4969 2925 5041 βοηθείας
2948 4974 3237 5045 ἐπαγωγή·
3260 4976 3420 5030 ὅπλον
3446 4980 3502 5030 ὲν
3532 4980 3714 5049 φόϐοις

2153 5061 2503 5126 νυκτερινοίς,
2551 5059 2853 5125 ἀνάπαυσις
2906 5064 3086 5117 κόπων
3135 5069 3440 5138 ἡμερινῶνο
3500 5073 3714 5142 νηπίοις

2152 5149 2415 5220 ἀσφάλεια
2435 5193 2451 5219 ,
2477 5155 2812 5224 ἀκμάζουσιν
2839 5159 3262 5231 ὲγκαλλώπισμα
3279 5203 3295 5229 ,
3321 5165 3711 5238 πρεσϐυτέροις

2152 5244 2485 5314 παρηγορίαν
2520 5248 2729 5315 γυναιξὶ
2752 5249 2948 5323 κόσμος
2977 5252 3395 5321 ἀρμοδιώτατος.
3442 5255 3551 5320 Τὰς
3583 5260 3711 5328 ἐρη-

2150 5513 2367 5567 tentiam
2395 5512 2549 5565 facile
2574 5513 2943 5566 concederem.

2220 5582 2330 5650 (87)
2361 5581 2582 5635 Codices
2613 5583 2717 5634 duo
2740 5581 2816 5644 ὡς
2843 5583 2914 5635 οι.

2219 5652 2329 5727 (88)
2367 5651 2513 5727 guns
2533 5666 2562 5704 e
2589 5651 2911 5706 Colbertinis
2959 5655 3417 5727 παρακατασχὼν.

2220 5721 2330 5791 (89)
2365 5721 2544 5776 Codex
2575 5737 2708 5776 unus
2731 5721 3149 5796 κατακοιμήσας.
