4008 6402
321 363 436 422 215

1536 365 1822 424 HOMILIA
1858 365 1926 421 IN
1966 367 2296 431 PSALMUM
2327 376 2370 432 l.

3451 376 3556 431 214

325 481 463 551 μίας
507 479 721 544 οἰκίζει,
784 478 883 544 τὰς
936 480 1139 551 ἀγοράς
1199 479 1557 554 σωφρονίζει·
1615 483 1883 555 εἰσαγομέ-

2004 505 2155 558 num,
2186 507 2373 547 senum
2401 491 2696 548 consolatio
2717 533 2731 558 ,
2763 493 3326 548 convenientissimum
3361 495 3556 549 mulie-

323 589 440 636 νοις
461 571 570 642 (90)
593 572 942 644 στοιχείωσις,
967 575 1379 644 προκοπτόντων
1399 575 1643 648 αὔξησις,
1667 577 1897 631 τελειου-

326 665 504 734 μένων
529 664 818 734 στήριγμα,
836 662 1158 734 Ἐκκλησίας
1185 667 1354 735 φωνή.
1386 660 1554 731 Οὗτος
1582 667 1679 732 τὰς
1708 667 1898 739 ἑορτάς

324 753 645 826 φαιδρύνει,
672 749 824 818 οὗτος
856 755 955 826 τὴν
998 755 1138 808 κατὰ
1175 756 1306 810 θεὸν
1346 757 1518 830 λύπην
1557 759 1894 832 δημιουργεῖ.

321 847 554 917 Ψαλμδς
581 847 688 920 γὰρ
719 848 813 901 καὶ
836 851 900 902 ὲκ
921 847 1127 918 λιθίνης
1159 849 1268 921 (91)
1297 851 1524 922 καρδίας
1551 851 1782 924 δάκρυον
1807 854 1898 906 ὲκ-

329 939 600 992 καλεῖται·
634 940 851 1012 ψαλμὸς
888 941 948 994 τὸ
989 941 1098 994 τῶν
1143 943 1388 1012 ἀγγέλων
1418 943 1596 1016 ἔργον,
1641 944 1700 997 τὸ
1729 945 1895 1016 οὐρά-

322 1048 438 1084 νιον
468 1030 801 1101 πολίτευμα,
836 1032 897 1085 τὸ
947 1034 1311 1104 πνευματικὸν
1359 1035 1628 1107 θυμίαμα.
1690 1037 1752 1088 Ὢ
1798 1037 1897 1107 τῆς

324 1123 499 1193 σοφῆς
526 1123 765 1186 ἐπινοίας
797 1123 889 1177 τοῦ
923 1124 1262 1190 διδασκάλου,
1296 1126 1430 1196 ὁμοῦ
1458 1144 1518 1180 τε
1566 1127 1712 1199 ᾅδειν
1747 1129 1896 1199 ἡμᾶς

324 1216 422 1270 καὶ
466 1215 534 1269 τὰ
559 1215 807 1287 λυσιτελῆ
847 1218 1140 1287 μανθάνειν
1173 1219 1595 1289 μηχανωμένουί
1643 1219 1762 1273 ὅθεν
1803 1222 1894 1273 καὶ

328 1305 525 1376 μᾶλλόν
552 1325 663 1370 πως
685 1305 1001 1364 ἐντυποῦται
1019 1308 1128 1379 (9'2)
1141 1312 1260 1372 ταῖς
1281 1309 1475 1380 ψυχαῖς
1486 1311 1553 1364 τὰ
1568 1310 1889 1381 διδάγματα.

323 1397 509 1451 Βίαιον
553 1399 650 1469 μὲν
708 1399 815 1470 γὰρ
865 1400 1092 1471 μάθημα
1141 1402 1202 1453 ού
1259 1403 1467 1472 πέφυκε
1531 1405 1887 1476 παραμένειν,

323 1491 392 1544 τὰ
418 1492 474 1544 δὲ
505 1492 640 1562 μετὰ
669 1492 911 1565 τέρψεως
939 1495 1031 1546 καὶ
1074 1496 1294 1567 χάριτος
1320 1496 1636 1567 εἰσδυόμενα
1668 1498 1775 1568 (95)
1804 1515 1894 1570 μο-

321 1583 622 1653 νιμώτερόν
661 1601 778 1647 πως
813 1587 933 1647 ταῖς
963 1584 1162 1655 ψυχαῖς
1205 1586 1361 1658 ἡμῶν
1405 1588 1655 1652 ὲνιζάνει.
1693 1590 1756 1641 Τί
1787 1590 1893 1662 γὰρ

317 1675 418 1727 οὐκ
463 1673 529 1726 ἂν
581 1673 771 1744 μάθοις
835 1676 1108 1741 ὲντεῦθεν;
1166 1677 1225 1729 οὐ
1278 1677 1377 1748 τῆς
1429 1677 1647 1750 ἀνδρίας
1691 1678 1752 1732 τὸ
1796 1697 1892 1749 με-

317 1765 690 1836 γαλοπρεπές;
741 1767 799 1818 ού
839 1766 939 1837 τῆς
999 1767 1340 1840 δικαιοσύνης
1403 1769 1464 1822 τὺ
1531 1770 1788 1841 ἀκριϐές;
1827 1771 1888 1824 οὐ

317 1856 674 1928 σωφροσύνης
720 1857 780 1910 τὸ
839 1859 1064 1929 σεμνόν;
1119 1861 1180 1913 ού
1221 1860 1282 1913 τὸ
1335 1861 1434 1930 τῆς
1476 1862 1889 1931 φρονήσεωςτέ-

314 1946 494 2014 λειον;
528 1951 587 2002 οὐ
635 1951 919 2020 μετανοίας
961 1952 1187 2024 τρόπονς
1229 1954 1326 2023 οὐχ
1368 1954 1641 2024 ὑπομονῆς
1683 1954 1885 2025 μέτρα;

317 2043 418 2112 οὐχ
468 2043 496 2095 ὃ
523 2060 575 2095 τι
610 2043 675 2096 ἂν
706 2043 877 2107 εἴποις
902 2044 1009 2112 (94)
1040 2045 1148 2098 τῶν
1194 2045 1449 2114 ἀγαθῶν;
1498 2047 1761 2101 Ἐνταῦθα
1809 2047 1887 2100 ἔνι

321 2131 568 2201 θεολογία
598 2133 801 2200 τελεία,
835 2134 1137 2205 πρόρρησις
1177 2135 1278 2203 τῆς
1320 2135 1409 2188 διὰ
1453 2136 1656 2207 σαρκὸς
1699 2137 1885 2208 ζεπιδη-

317 2225 451 2296 μίας
491 2224 746 2296 Χριστοῦ,
790 2226 982 2298 ἀπειλὴ
1024 2226 1275 2298 κρίσεως,
1321 2228 1667 2292 ἀναστάσεως
1709 2226 1883 2292 ἐλπὶς,

315 2319 482 2388 φόϐος
512 2316 804 2382 κολάσεως,
837 2317 1158 2386 ἐπαγγελίαι
1189 2319 1365 2390 δόξης,
1402 2321 1713 2393 μυστηρίων
1746 2321 1884 2374 ἀπο-

313 2408 608 2478 καλύψεις·
649 2407 846 2473 πάντα,
881 2407 1068 2480 ῶσπερ
1095 2411 1152 2462 ὲν
1188 2410 1407 2481 μεγάλῳ
1438 2411 1546 2464 τινὶ
1593 2411 1684 2464 κα)¹
1723 2410 1886 2480 κοινῷ

311 2500 565 2571 ταμιείῳ,
599 2503 665 2571 τῇ
704 2499 868 2571 βίϐλῳ
901 2500 1007 2554 τῶν
1043 2499 1286 2571 Ψαλμῶν
1316 2501 1759 2574 τεθησαύρισται,
1793 2503 1882 2574 ἣν,

312 2591 525 2647 πολλῶν
565 2591 731 2645 ὄντων
763 2592 1007 2663 ὀργάνων
1043 2593 1338 2663 μουσικῶν,
1387 2594 1524 2664 πρὸς
1556 2593 1616 2646 τὸ
1658 2593 1885 2663 λεγόμε-

310 2702 404 2740 νον
444 2684 737 2756 ψαλτήριον
778 2685 1019 2756 ἥρμοσεν
1066 2688 1096 2738 ὁ
1143 2689 1426 2758 προφήτης
1451 2727 1464 2750 ,
1509 2686 1612 2758 τὴν
1654 2687 1880 2748 ἄνωθεν,

311 2779 437 2848 ἐμοὶ
476 2777 653 2830 δοκεῖν
682 2775 815 2847 (95),
858 2776 1156 2847 ἐνηχοῦσαν
1213 2777 1361 2850 αὐτῷ
1396 2779 1556 2850 χάριν
1597 2778 1750 2849 παρὰ
1788 2779 1880 2832 τοῦ

309 2869 626 2939 ΙΙνεύματος
676 2867 1105 2939 ἐνδεικνύμενος,
1163 2869 1294 2923 διότι
1347 2869 1505 2924 τοῦτο
1560 2871 1719 2942 μόνον
1773 2871 1881 2924 τῶν

314 2959 589 3031 μουσικῶν
617 2959 862 3030 ὀργάνων
893 2959 988 3030 τὴν
1020 2961 1200 3014 αἰτίαν
1231 2961 1338 3016 τῶν
1369 2962 1618 3031 φθόγγων
1661 2965 1726 3017 ἐκ
1772 2964 1880 3018 τῶν

309 3048 516 3104 ἄνωθεν
546 3048 679 3118 ἔχει.
708 3049 784 3119 Τῇ
817 3048 1019 3121 κιθάρᾳ
1047 3051 1146 3121 μὲν
1173 3052 1281 3123 γὰρ
1311 3052 1404 3106 καὶ
1435 3056 1500 3125 τῇ
1529 3052 1666 3124 λύρᾳ
1699 3055 1877 3108 κάτω-

1998 599 2114 638 rum
2146 585 2329 650 decus,
2367 583 2672 654 frequentat
2696 585 3044 653 solitudines,
3080 585 3250 640 forum
3284 587 3552 640 emendat.

2000 670 2246 729 Psalmus
2293 676 2674 744 incipientibus
2720 676 2928 730 initium
2986 683 3104 743 est,
3169 676 3554 730 incrementum

2000 765 2426 836 proficientibus,
2466 768 2718 838 perfectis
2742 767 3136 823 firmamentum
3167 785 3182 834 ;
3219 783 3320 824 vox
3346 779 3428 842 est
3455 768 3558 821 Ec-

1997 859 2175 914 clesiae
2210 877 2224 914 :
2259 859 2491 914 laetificat
2537 860 2651 914 dies
2682 859 2847 914 festos
2877 878 2891 914 :
2937 876 3054 915 eam
3093 875 3214 931 quae
3263 861 3554 916 secundum

1995 948 2160 1006 Deum
2181 960 2282 1017 est,
2301 949 2570 1006 tristitiam
2589 961 2756 1006 creat.
2781 953 3071 1008 Enimvero
3091 952 3329 1022 psalmus
3349 966 3378 1006 e
3395 949 3558 1008 corde

1997 1041 2206 1112 lapideo
2229 1046 2336 1099 ciet
2368 1044 2652 1115 lacrymas.
2683 1044 2924 1099 Psalmus
2951 1044 3258 1115 angelorum
3288 1058 3421 1111 opus
3448 1053 3554 1106 est,

1999 1133 2238 1187 cmlestis
2264 1135 2627 1198 conversatio,
2652 1134 2930 1204 spirituale
2955 1135 3266 1206 thymiama.
3283 1133 3327 1188 0
3343 1134 3558 1203 sapiens

2001 1226 2241 1296 magistri
2270 1227 2572 1293 inventum,
2601 1227 2690 1296 qui
2715 1238 2886 1281 artem
2912 1244 3016 1298 qua
3039 1227 3196 1282 simul
3219 1241 3555 1290 caneremus,

1994 1326 2046 1371 et
2092 1318 2238 1372 utilia
2277 1318 2630 1383 disceremus,
2685 1319 3041 1388 excogitavit;
3102 1319 3240 1372 unde
3290 1327 3344 1371 et
3389 1314 3558 1387 magis

1991 1410 2388 1480 quodammodo
2441 1411 2635 1465 animis
2688 1422 2949 1481 praecepta
3004 1412 3402 1480 imprimuntur.
3458 1408 3558 1464 Vix

1996 1501 2142 1554 enim
2175 1500 2371 1554 durare
2397 1499 2530 1554 solet
2555 1500 2694 1568 quod
2725 1499 2922 1552 invitus
2950 1499 3204 1554 didiceris
3238 1517 3251 1553 :
3295 1499 3436 1566 quod
3464 1513 3558 1551 au-

1997 1597 2100 1645 tem
2134 1589 2370 1660 jucunde
2399 1589 2740 1659 suaviterque
2773 1600 3051 1660 acceptum
3081 1599 3158 1644 est
3180 1630 3195 1653 ,
3242 1591 3480 1644 tenacius
3503 1590 3555 1642 in

1997 1683 2189 1737 animis
2243 1683 2443 1736 nostris
2493 1681 2706 1736 insidet.
2766 1680 2905 1746 Quid
2965 1681 3139 1734 enim‘
3177 1682 3301 1735 inde
3350 1681 3558 1734 discere

1999 1789 2103 1829 non
2196 1774 2398 1844 queas?
2470 1789 2647 1828 nonne
2729 1771 3065 1827 fortitudinis
3146 1771 3558 1826 claritudinem?

1993 1866 2402 1935 nonnejustitia:
2424 1865 2806 1935 integritatem,
2828 1867 3143 1936 gravitatem
3163 1865 3553 1934 temperantiae,

1989 1957 2287 2026 prudentiae
2310 1956 2691 2025 perfectionem
2714 1957 2737 2009 ?
2766 1970 2940 2010 nonne
2963 1955 3291 2024 poenitentiae
3314 1956 3556 2019 modum,

1989 2058 2083 2102 aut
2142 2048 2410 2117 patientiae
2470 2049 2815 2102 mensuram?
2872 2063 3046 2102 nonne
3105 2047 3318 2101 tandem
3374 2047 3558 2102 omnia

1991 2154 2320 2209 quaecunque
2373 2139 2601 2208 proferri
2659 2150 2882 2207 possunt
2935 2138 3116 2193 bona?
3173 2137 3268 2192 llic
3318 2137 3556 2208 perfecta

1988 2231 2274 2301 theologia,
2305 2232 2392 2285 hic
2421 2231 2485 2284 de
2517 2229 2716 2284 Christi
2749 2230 2802 2285 in
2843 2245 3060 2285 carnem
3106 2231 3335 2283 adventu
3367 2228 3558 2282 vatici-

1987 2324 2159 2390 nium,
2195 2323 2282 2378 bic
2319 2321 2664 2376 comminatio
2697 2322 2906 2392 judicii,
2951 2321 3363 2377 resurrectionis
3405 2336 3550 2390 spes,

1987 2416 2150 2470 timor
2185 2413 2458 2484 supplicii,
2501 2411 2680 2482 gloriae
2725 2414 3128 2482 promissiones,
3171 2411 3553 2483 mysteriorum

1985 2506 2276 2568 revelatio;
2321 2506 2498 2560 omnia
2544 2506 2594 2558 in
2629 2504 2959 2560 Psalmorum
2999 2504 3136 2558 libro
3165 2503 3308 2557 velut
3343 2504 3394 2557 in
3437 2518 3554 2564 ma-

1984 2613 2088 2668 gno
2113 2597 2343 2666 quodam
2370 2607 2423 2650 et
2451 2595 2721 2650 communi
2763 2597 3130 2664 promptuario
3168 2596 3550 2664 reconduntur,

1983 2689 2152 2756 Quem
2203 2688 2418 2754 librum,
2473 2689 2685 2741 tametsi
2743 2688 2951 2740 diversa
3015 2697 3141 2741 sunt
3199 2687 3552 2742 instrumenta

1984 2782 2222 2844 musica,
2278 2779 2342 2834 ad
2403 2780 2746 2848 psalterium,
2802 2781 2944 2849 quod
3003 2789 3222 2839 vocant,
3285 2777 3552 2846 Propheta

1983 2872 2201 2942 aptavit.
2254 2871 2460 2940 Quippe
2513 2869 2765 2939 gratiam,
2820 2878 2876 2923 ut
2925 2869 3051 2922 mihi
3109 2869 3343 2940 videtur,
3394 2869 3444 2922 in
3489 2881 3556 2923 eo

1982 2967 2214 3034 desuper
2259 2978 2287 3016 a
2341 2971 2527 3016 sancto
2569 2959 2771 3029 Spiritu
2824 2974 3076 3014 resonare
3126 2959 3378 3022 ostendit,
3431 2973 3554 3028 pro-

1981 3067 2164 3126 pterea
2217 3056 2358 3124 quod
2417 3054 2519 3107 hoc
2562 3051 2732 3106 solum
2787 3066 2850 3104 ex
2906 3050 3126 3104 musicis
3180 3049 3553 3104 instrumentis

312 3141 402 3194 θεν
434 3144 461 3194 ὁ
493 3141 694 3212 χαλκὸς
732 3142 933 3211 ὑπηχεῖ
965 3142 1100 3214 πρὸς
1131 3143 1192 3196 τὸ
1225 3143 1498 3216 πλῆκτρον
1517 3163 1530 3176 ο
1567 3146 1627 3199 τὸ
1671 3145 1874 3218 ψαλτή-

1987 3149 2108 3205 editi
2151 3148 2267 3202 soni
2309 3159 2525 3200 causam
2580 3146 2647 3196 ab
2694 3143 2884 3196 altiore
2921 3141 3038 3196 loco
3082 3141 3262 3196 habet.
3306 3139 3440 3194 Nam
3474 3142 3550 3196 ci-

315 3251 426 3305 ριον
471 3234 527 3287 δὲ
564 3233 722 3287 τοῦτο
757 3233 865 3288 τῶν
904 3235 1214 3306 ἁρμονικῶν
1249 3236 1470 3307 ῥυθμῶν
1512 3237 1716 3292 ἄνωθεν
1763 3239 1878 3310 ἔχει

309 3327 411 3390 τὰς
441 3326 692 3398 ἀφορμάς
712 3343 726 3356 '
763 3328 848 3380 ῖνα
877 3328 970 3380 καὶ
1003 3329 1165 3398 ἡμεῖς
1191 3327 1258 3380 τὰ
1284 3327 1396 3382 ἄνω
1427 3327 1610 3401 ζητεῖν
1644 3331 1879 3402 μελετῶ-

314 3436 436 3491 μεν,
471 3420 563 3472 καὶ
596 3419 669 3490 μὴ
701 3421 766 3488 τῇ
802 3419 959 3490 ἡδονῇ
992 3418 1082 3472 τοῦ
1118 3418 1308 3490 μέλους
1332 3421 1424 3473 ἐπὶ
1456 3422 1524 3474 τὰ
1548 3421 1647 3492 τῆς
1677 3422 1878 3494 σαρκὸς

309 3511 460 3583 πάθη
487 3512 942 3584 καταφερὼμεθᾳ..
985 3514 1218 3566 Κάκεῖνο
1244 3513 1299 3565 δὲ
1337 3509 1488 3583 οἶμαι
1532 3514 1621 3567 τὸν
1663 3533 1878 3589 προφη-

308 3605 460 3662 τικὸν
486 3606 641 3674 λόγον
674 3605 882 3675 βαθέως
911 3607 1040 3676 ἡμῖν
1066 3605 1156 3657 καὶ
1175 3604 1350 3674 σοφῶς
1369 3605 1458 3658 διὰ
1473 3606 1568 3676 τῆς
1590 3607 1682 3659 τοῦ
1709 3610 1876 3680 ὀργά-

308 3719 403 3756 νου
419 3699 764 3770 κατασκευῆς
803 3697 1144 3768 ἐνδεδεῖχθαι,
1166 3699 1247 3750 ὄτι
1277 3699 1324 3751 οί
1360 3698 1618 3768 ἐμμελεῖς
1660 3701 1754 3754 καὶ
1783 3702 1876 3754 εὖ..

311 3795 573 3866 ἀρμοστοι
591 3793 871 3862 τὰςψυχάς
892 3791 1078 3862 ῥᾳδίαν
1098 3789 1277 3861 ἔχουσι
1304 3790 1413 3862 (96)
1447 3791 1544 3863 τὴν
1572 3795 1651 3856 εἰς
1680 3795 1747 3846 τὰ
1767 3795 1878 3862 ἄνω

309 3888 556 3960 πορείαν.
568 3885 688 3938 Ἰδω
695 3903 793 3955 μεν
806 3884 860 3936 δὲ
877 3871 1062 3936 λοιπὸν
1079 3885 1170 3936 καὶ
1182 3883 1279 3955 τὴν
1297 3883 1468 3954 ἀρχὴν
1485 3885 1593 3939 τῶν
1609 3886 1874 3957 Ψαλμῶν.

1985 3242 2154 3297 tharae
2211 3254 2275 3293 ac
2315 3237 2441 3307 lyrae
2479 3251 2552 3290 aes
2590 3249 2654 3289 ex
2701 3234 2942 3288 inferiori
2993 3245 3147 3303 parte
3176 3234 3407 3288 sonitum
3442 3235 3553 3292 edit

1983 3334 2050 3388 ad
2107 3332 2398 3402 plectrum;
2453 3327 2765 3397 psalterium
2824 3341 2954 3380 vero
3005 3340 3032 3378 a
3086 3335 3236 3395 parte
3284 3327 3549 3396 superiori

1983 3425 2262 3480 concinna:
2307 3435 2416 3474 suae
2457 3417 2838 3473 modulationis
2877 3415 3136 3484 originem
3173 3416 3312 3471 ducit
3349 3435 3362 3471 :
3404 3425 3463 3470 ut
3495 3424 3552 3472 et

1983 3531 2082 3572 nos
2127 3529 2246 3584 qua:
2289 3525 2499 3565 sursum
2536 3520 2659 3562 sunt
2703 3523 2942 3578 quaerere
2983 3508 3314 3568 studeamus,
3346 3515 3401 3561 et
3445 3523 3548 3560 nun

1983 3616 2279 3667 concentus
2320 3603 2600 3658 dulcedine
2650 3603 2716 3656 ad
2757 3600 2934 3655 carnis
2973 3600 3260 3670 spurcitias
3307 3601 3552 3654 devolvar

1985 3717 2122 3756 mur.
2179 3699 2318 3765 Quin
2383 3705 2436 3749 et
2489 3694 2798 3764 prophetica
2853 3693 3012 3746 verba
3065 3705 3158 3759 per
3208 3690 3548 3744 instrumenti

1986 3795 2143 3863 hujus
2172 3797 2504 3844 structuram
2539 3785 2646 3837 alta
2685 3783 2918 3852 quadam
2964 3792 3017 3835 et
3064 3780 3294 3848 sapienti
3338 3780 3551 3835 ratione

1985 3886 2138 3950 illud,
2173 3882 2384 3952 opinor,
2427 3877 2582 3933 nobis
2620 3873 2930 3940 ostendunt,
2963 3873 3130 3942 quod,
3167 3887 3392 3941 quorum
3435 3872 3549 3926 ani-

309 3998 433 4039 mus
469 3982 753 4051 aequabilis
791 3990 895 4043 est,
956 3980 1198 4048 beneque
1241 3980 1592 4049 compositus,
1656 3982 1723 4038 iis
1778 3985 2087 4055 expeditum
2137 3979 2238 4033 iter
2293 3976 2357 4030 ad
2412 3972 2691 4043 superiora
2748 3977 2949 4040 pateat.
3004 3966 3272 4023 Caeterum
3334 3967 3546 4022 initium

309 4075 647 4131 Psalmnrum
692 4073 991 4126 videamus.

383 4168 435 4220 ὅ.
466 4166 765 4236 Μακάριος
805 4165 980 4234 ἀνὴρ,
1029 4165 1097 4231 ὃς
1123 4169 1232 4220 οὐκ
1269 4167 1556 4237 ἐπορεύθη
1590 4169 1660 4223 ἐν
1679 4167 1883 4239 ,ϐουλῄ

307 4258 562 4315 ἀσεϐῶν.
596 4258 881 4328 Οίκοδόμοι
913 4258 1010 4328 μὲν
1038 4254 1130 4312 οῦν
1175 4258 1378 4330 μεγέθη
1427 4261 1885 4332 κατασκευασμά-

307 4368 418 4403 των
463 4353 541 4414 είς
579 4349 710 4421 ὕψος
755 4351 1018 4419 αἴροντες,
1049 4349 1443 4419 ἀναλογοῦντας
1471 4353 1549 4423 τῷ
1595 4353 1718 4423 ὕψει
1751 4355 1880 4418 τοὺς

2050 4168 2106 4224 3.
2156 4166 2314 4220 Vens.
2349 4165 2398 4217 1.
2440 4161 2635 4216 Beatus
2667 4160 2762 4223 vir,
2796 4160 2884 4228 qui
2929 4173 3031 4211 non
3071 4157 3197 4209 abiit
3242 4157 3296 4210 in
3330 4153 3546 4208 consilio

1979 4261 2279 4332 impiorum.
2335 4257 2476 4311 Sane
2527 4253 2807 4308 architecti
2860 4266 2978 4305 cum
3029 4250 3079 4304 in
3127 4248 3291 4302 altum
3337 4247 3547 4317 erigunt

1977 4352 2171 4408 molem
2222 4349 2592 4411 aedificiorum,
2643 4346 2987 4399 fundamenta
3033 4339 3302 4396 altitudini
3353 4353 3547 4392 conve-

307 4441 588 4512 θεμελίους
631 4441 1055 4496 ὑποϐάλλονται·
1086 4442 1177 4495 καὶ
1221 4444 1509 4513 ναυπηγοὶ,
1549 4448 1873 4522 μυριοφόρον

1987 4444 2176 4500 uientia
2236 4442 2483 4511 iaciunt;
2547 4438 2783 4507 itemque
2847 4435 3061 4490 navium
3126 4432 3362 4487 artiﬁces
3422 4447 3543 4486 cum

309 4535 724 4606 συμπηγνύντες
755 4534 976 4598 ὁλκάδα,
1014 4534 1412 4605 συμϐαίνουσαν
1447 4535 1524 4607 τῷ
1569 4536 1721 4608 βάρει
1767 4539 1873 4591 τῶν

308 4628 603 4699 ἀγωγίμων
641 4628 738 4699 τὴν
768 4628 961 4698 τρόπιν
992 4628 1312 4699 πήγνυνται.
1343 4627 1455 4681 Καὶ
1485 4629 1541 4680 ἐν
1572 4631 1636 4700 τῇ
1666 4631 1874 4698 γενέσει

307 4720 416 4772 τῶν
443 4719 594 4784 ζώων
627 4721 659 4790 ἡ
689 4720 886 4791 καρδία
918 4718 1104 4790 πρώτη
1142 4719 1540 4790 καταϐληθεῖσα
1582 4721 1732 4793 παρὰ
1777 4723 1874 4792 τῆς

310 4810 542 4878 φύσεως,
572 4808 941 4878 ἀναλογοῦσαν
973 4807 1050 4879 τῷ
1097 4807 1336 4878 μέλλοντι
1382 4809 1729 4864 συνίστασθαι
1754 4809 1875 4882 quin

306 4903 404 4974 τὴν
445 4902 593 4975 παρὰ
643 4902 741 4973 τῆς
786 4901 998 4970 φύσεως
1039 4898 1302 4970 λαμϐάνει
1355 4899 1682 4971 καταϐολήν·
1739 4901 1871 4954 διότι

307 4995 635 5067 συμμέτρως
652 4997 771 5058 ταῖς
791 4994 1018 5056 οἰκείαις
1045 4994 1240 5064 ἀρχαῖς
1273 4993 1758 5064 περιυφαινομένου
1781 4995 1874 5048 τοῦ

306 5085 576 5157 σώματος,
610 5087 666 5139 αί
715 5085 858 5139 κατὰ
905 5085 973 5140 τὰ
1023 5085 1226 5156 μεγέθη
1268 5084 1521 5157 διαφοραὶ
1565 5086 1672 5139 τῶν
1723 5087 1874 5151 ζώων

305 5178 710 5238 ἀποτελοῦνται.
749 5179 924 5248 Ὅπερ
955 5173 1048 5231 οῦν
1079 5177 1189 5246 (97)
1218 5176 1462 5248 θεμέλιος
1503 5179 1558 5230 ὲν
1592 5179 1742 5249 οἴκῳ,
1780 5180 1873 5231 καὶ

377 5357 502 5432 (90)?
523 5358 659 5411 Editi
690 5366 745 5432 et
773 5356 1008 5426 quinque
1049 5371 1178 5414 mss.
1214 5353 1605 5423 εἰσαγομένοις.
1632 5354 1734 5410 Alii
1760 5355 1864 5408 duo

304 5428 434 5501 mss.
461 5428 846 5501 εἰσαγομένων.

377 5501 486 5566 (91)
517 5496 739 5554 Codices
764 5498 868 5551 duo
897 5498 1003 5550 ἀπὸ
1034 5496 1261 5566 λιθίνης.

375 5570 487 5643 (92)
505 5571 603 5643 A_lii
627 5583 756 5643 mss.
774 5584 890 5621 cum
907 5572 991 5623 ed.
1012 5568 1349 5643 ἐντυποῦται.
1362 5567 1470 5643 Alii
1492 5571 1611 5622 ὲντυ
1621 5566 1862 5620 ποῦνται.

380 5639 491 5710 (93)
521 5641 610 5694 Sic
657 5639 824 5710 major
850 5654 974 5705 pars
1027 5653 1153 5692 mss.
1198 5641 1266 5691 Αι
1289 5639 1414 5693 editi
1453 5650 1508 5694 et
1552 5655 1681 5693 mss.
1729 5655 1863 5691 Iton-

306 5713 436 5767 nulli
467 5708 528 5763 τὺ
557 5711 678 5766 δὲ...
712 5708 1070 5779 εἰσδυόμενον.

382 5779 489 5853 (9t)
529 5782 679 5836 Coll).
705 5797 839 5833 unus
868 5777 1041 5850 εἴπῃς.
1078 5778 1181 5833 Nec
1221 5785 1289 5836 ita
1344 5779 1510 5835 multo
1558 5789 1673 5850 post
1729 5777 1858 5847 Reg.

1981 4534 2348 4607 prmgrandem
2385 4541 2438 4586 et
2469 4529 2774 4586 onerariam
2811 4543 2999 4582 navem
3030 4535 3370 4590 construunt,
3406 4524 3544 4578 cari-

1981 4643 2102 4681 nam
2133 4641 2252 4696 qum
2285 4624 2650 4679 vellendarum
2691 4621 2949 4676 mercium
2989 4619 3138 4673 oneri
3184 4633 3280 4686 par
3312 4618 3382 4671 sit
3412 4632 3542 4688 sup-

1979 4725 2202 4786 ponunt.
2266 4714 2403 4784 Quin
2450 4723 2503 4768 et
2556 4714 2606 4767 iu
2657 4711 3008 4766 animantium
3065 4710 3411 4779 generatione
3448 4723 3543 4763 cor

1979 4808 2120 4878 quod
2179 4808 2408 4876 primum
2472 4803 2791 4858 naturaliter
2858 4802 3152 4864 formatur,
3214 4809 3539 4854 structuram

1979 4900 2196 4954 animali
2243 4899 2521 4970 figurando
2562 4899 2808 4951 idoneam
2843 4911 2872 4949 a
2916 4904 3104 4949 natura
3146 4893 3358 4962 accipit.
3399 4892 3543 4959 Qua-

1978 5000 2196 5062 propter
2218 5007 2339 5047 cum
2364 5006 2564 5062 corpus
2597 4989 2983 5046 convenienter
3008 4987 3240 5058 propriis
3266 4985 3542 5055 principiis

1977 5083 2326 5138 constitutum
2359 5092 2463 5148 est,
2493 5092 2603 5136 tum
2642 5080 2954 5134 animalium
2993 5079 3302 5149 magnitudo
3328 5076 3538 5131 diversa

1974 5178 2221 5235 emcitur.
2251 5175 2368 5244 Quo
2391 5176 2554 5247 igitur
2584 5173 2742 5230 modo
2774 5173 2840 5226 ad
2868 5171 3084 5227 domum
3123 5185 3182 5226 se
3215 5168 3374 5224 habet
3414 5167 3536 5221 fun-

1972 5353 2238 5410 secundus
2268 5352 2624 5423 ἀποκάλυψις.

2043 5423 2152 5498 (95)
2185 5423 2324 5498 Ειίίίί
2347 5414 2788 5498 et__lnss..aliquot
2815 5417 3155 5490 ἐμοὶδοκεῖν.
3185 5415 3287 5470 Alii
3320 5414 3536 5484 quidam

1972 5508 2102 5548 mss.
2138 5495 2261 5564 ἐμοὶ
2287 5493 2452 5548 δοκεῖ.

2043 5564 2154 5635 (96)
2171 5555 2325 5618 Ἐιιίιί
2355 5579 2475 5618 cum
2509 5563 2681 5635 tribus
2728 5575 2858 5615 mss.
2889 5560 2968 5612 ὅτι
3002 5557 3122 5614 oi...
3175 5556 3377 5627 ἔχουσι.
3431 5555 3533 5610 Alii

1973 5644 2082 5689 tres
2113 5633 2241 5688 mss.
2275 5635 2360 5686 ἵνα
2385 5635 2502 5690 οἱ...
2535 5633 2718 5702 ἔχωσι.

1979 5776 1998 5790 ν
2044 5702 2154 5772 (97)
2186 5703 2323 5793 [ξιίὶιί
2375 5716 2426 5758 et
2483 5693 2715 5774 qua‘tuur
2773 5717 2898 5755 mss.
2949 5701 3082 5770 ὅπερ
3141 5693 3252 5751 οὖν.
3290 5697 3392 5752 Alii
3430 5699 3532 5751 duo

1970 5787 2155 5850 ῶσπερ
2179 5787 2286 5828 ουν.
2504 5787 2507 5791 ’
