4008 6402
461 348 565 404 215

1754 342 1813 398 S.
1853 338 2095 403 BASILII
2134 336 2350 395 MAGNI

3582 333 3729 388 216

458 471 793 530 damentuin,
820 443 977 520 et‘ad
1012 464 1191 519 navim
1222 464 1426 530 carina,
1450 472 1507 520 et
1531 464 1595 520 ad
1627 463 1875 519 animalis
1900 477 2021 517 cor-
2051 501 2061 522 ε

2163 478 2183 512 ν
2214 456 2383 528 πλοίῳ
2409 456 2620 527 τρόπις,
2654 453 2747 507 καὶ
2794 455 2852 507 ὲν
2896 451 3105 521 σώματι
3139 448 3275 514 ζώου
3312 452 3523 523 καρδία,
3559 452 3729 505 ταὺ-

460 575 561 630 pus
597 572 710 623 cor,
752 558 938 612 eodem
978 556 1045 609 ad
1077 555 1412 610 Psalmorum
1455 554 1705 626 generale
1732 568 2025 625 argumen-

464 661 573 703 tum
598 664 656 704 se
683 646 842 701 habet
864 648 1023 702 etiam
1054 647 1161 718 92
1186 647 1346 701 breve
1370 646 1496 700 illud
1520 646 1863 715 prooemium.
1890 645 2023 698 Nam

465 756 587 796 cum
634 740 799 794 David
844 738 910 793 ad
961 738 1147 801 multa,
1194 752 1366 808 eaque
1408 738 1595 802 ardua,
1641 748 1695 791 et
1733 735 2029 790 innumeris

468 829 757 883 sudoribus
803 843 867 883 ac
917 827 1187 881 laboribus
1242 825 1437 880 referta
1490 825 1541 878 in
1586 825 1727 879 serie
1768 824 2029 878 orationis

468 931 611 975 esset
656 922 1058 982 exliortaturus,
1111 915 1163 969 in
1214 923 1550 969 antecessum
1607 912 1766 968 linem
1816 913 2028 967 beatum

468 1011 684 1080 pietatis
717 1005 1198 1078 propugnatoribus
1232 1006 1712 1069 commonstravit;
1757 1012 1813 1058 ut
1858 1005 2029 1059 bono-

470 1112 588 1151 rum
639 1096 793 1151 nobis
832 1094 1189 1164 repositorum
1236 1110 1330 1164 spe
1374 1095 1646 1149 molestias
1689 1094 1812 1148 vita:
1855 1096 2033 1148 animo

467 1204 623 1257 aquo
652 1185 1097 1255 perferamus.Sie
1121 1187 1281 1240 etiam
1306 1201 1553 1255 asperum
1579 1200 1643 1241 ac
1664 1184 2032 1240 difﬁcillimum

2125 567 2223 621 την
2258 566 2346 618 μοι
2387 549 2532 601 δοκεῖ
2562 546 2658 616 τὴν
2687 546 2913 615 δύναμιν
2942 544 3083 614 ἔχειν
3113 543 3247 615 πρὸς
3284 544 3380 614 τὴν
3411 544 3539 615 ὃλην
3583 544 3731 597 τῶν

2128 639 2371 710 Ψαλμῶν
2422 638 2761 710 κατασκευὴν
2790 635 2927 708 [καὶ]
2982 636 3042 688 τὸ
3091 634 3261 707 βραχὺ
3311 634 3468 687 τοῦτο
3504 636 3727 706 προοί-

2132 749 2272 802 μιον.
2322 730 2538 801 Ἐπειδὴ
2587 729 2695 800 γὰρ
2738 728 2905 781 πολλά
2948 728 3042 780 καὶ
3088 729 3317 781 ὲπίπονα
3358 728 3450 781 καὶ⁵
3486 728 3729 797 μυρίων

2133 823 2369 895 ἱδρώτων
2390 823 2479 875 καὶ
2503 821 2679 875 πόνων
2698 820 2933 891 γέμοντα
2955 822 3237 890 παραινεῖν
3265 818 3465 889 μέλλει,
3484 820 3729 889 προϊόν-

2132 931 2221 976 τος
2253 912 2347 965 τοῦ
2380 912 2560 978 λόγου,
2606 914 2718 973 τοῖς
2748 911 2846 980 τῆς
2890 910 3168 973 εὐσεϐείας
3197 911 3522 978 ἀγωνισταῖς
3561 926 3725 979 προ⁸

2132 1004 2309 1059 λαϐὼν
2340 1003 2583 1070 ὑπέδειξε
2608 1003 2667 1056 τὸ
2690 1002 2957 1074 μακάριον
2983 1002 3155 1065 τέλος,
3184 1002 3270 1053 ἵνα
3294 1004 3358 1073 τῇ
3389 1001 3564 1054 ἑλπίδι
3593 1000 3726 1053 τῶν

2134 1096 2505 1167 ἀποκειμένων
2556 1094 2771 1163 ἀγαθῶν
2823 1094 3042 1157 ἀλύπως
3084 1092 3177 1145 τοῦ
3219 1092 3334 1163 βίον
3378 1092 3447 1144 τὰ
3476 1090 3731 1159 ἀλγεινὰ

2134 1192 2474 1261 διαφέρωμεν
2503 1189 2632 1259 (98).
2659 1188 2844 1252 Οῦτως
2868 1189 2961 1240 καὶ
2990 1187 3284 1257 ὁδοιπόροις
3303 1188 3559 1256 τραχεῖαν
3586 1184 3729 1238 ὁδὸν

474 1282 577 1334 iter
612 1279 933 1335 facientibus
976 1278 1042 1331 ad
1086 1279 1434 1333 sustinendos
1481 1277 1691 1332 labores
1736 1279 2036 1333 levamento

2163 1282 2517 1354 πορευομένοις
2551 1282 2643 1334 καὶ
2675 1280 2934 1333 δύσϐατον
2963 1278 3205 1347 κουφίζει
3238 1279 3327 1331 τὸν
3360 1277 3554 1348 μόχθον
3590 1278 3731 1329 ἑπι-

470 1382 554 1425 est
602 1370 944 1425 commodum
1003 1379 1385 1437 speratumque
1442 1368 1830 1431 diversorium;
1878 1375 2037 1435 atque

2163 1376 2343 1446 ’ἠδειον
2386 1375 2569 1437 αὑτοῖς
2607 1371 2973 1444 προσδοκηθὲν
3006 1370 3345 1439 καταγώγιον
3366 1388 3378 1401 ο
3414 1372 3506 1424 καὶ
3536 1368 3729 1441 ἐμπό-

473 1460 862 1549 mercatoribus
912 1462 979 1513 ad
1030 1460 1418 1529 peragraudum
1466 1472 1614 1513 mare
1659 1458 1865 1511 animos
1912 1456 2040 1511 facit

2163 1480 2266 1525 »ους
2296 1465 2438 1515 ποιεῖ
2462 1462 2558 1533 τῆς
2584 1460 2855 1531 Θαλάσσης
2878 1460 3219 1531 κατατολμᾷν
3250 1461 3283 1531 ἡ
3314 1460 3577 1530 ἐπιθυμία
3601 1459 3726 1512 τῶν

473 1546 836 1622 parandarum
870 1551 1127 1605 mercium
1157 1549 1480 1604 desiderium
1508 1567 1521 1602 :
1551 1546 1677 1617 quin
1708 1556 1761 1601 et
1788 1546 2039 1617 agricolis

2163 1554 2467 1623 ιγωγίμων·
2508 1552 2600 1605 καὶ
2644 1551 2903 1622 γεωργῶν
2951 1549 3400 1620 ὑποκλέπτειίθθ)
3436 1550 3561 1611 τοὺς
3611 1548 3728 1603 τό*

474 1646 718 1698 laborum
757 1658 975 1699 sensum
1016 1642 1409 1712 quodammodo
1447 1655 1571 1710 spes
1604 1640 1794 1695 messis
1832 1639 2038 1694 adimit.

2163 1664 2265 1710 tau;
2311 1649 2343 1718 ἡ
2386 1647 2483 1716 τῆς
2532 1644 2865 1716 ἐπικαρπίας
2898 1644 3068 1706 ἐλπίς.
3111 1644 3201 1695 Διὸ
3240 1647 3331 1696 καὶ
3355 1644 3383 1695 6
3408 1642 3584 1705 κοινὸς
3615 1641 3725 1696 to;

475 1735 836 1801 Quamobrem
872 1744 926 1787 et
970 1731 1273 1786 communis
1316 1732 1437 1785 vita:
1482 1731 1816 1796 emendator,
1856 1729 2042 1784 doctor

2163 1738 2259 1791 lion
2293 1737 2602 1810 διορθωτὴς,
2638 1739 2665 1789 ὁ
2701 1738 2871 1808 μέγας
2907 1736 3241 1798 διδάσκαλος,
3272 1735 3330 1787 τὸ
3366 1734 3581 1805 πνεῦμα
3616 1735 3733 1806 τῆς

477 1842 723 1898 magnus,
755 1826 975 1896 spiritus
1001 1825 1266 1892 veritatis,
1297 1825 1569 1895 sapienter
1599 1841 1663 1881 ae
1696 1826 1833 1880 scite
1864 1825 2042 1879 statim

2163 1803 2421 1903 ἱληθείας,
2462 1803 2639 1901 σοφῶς
2667 1803 2761 1883 καὶ
2785 1803 3049 1899 έντέχνως
3076 1829 3201 1889 τοὺς
3234 1827 3457 1898 μισθοὺς
3481 1803 3731 1898 προεϐἀ-

479 1925 547 1976 ah
588 1921 741 1975 initio
777 1920 1074 1975 mercedem
1120 1919 1419 1988 proposuit,
1458 1926 1513 1971 ut
1551 1932 1709 1987 supra
1754 1924 2049 1988 przesentes

480 2011 692 2065 labores
717 2009 910 2073 evecti,
937 2007 1119 2061 animo
1152 2010 1217 2061 ad
1253 2014 1579 2061 azternorum
1620 2007 1879 2060 honorum
1920 2020 2050 2074 gan-

480 2102 568 2157 dia
607 2115 971 2171 properemus.
1008 2098 1200 2152 Beatus
1234 2098 1329 2164 vir,
1361 2098 1451 2167 qui
1490 2114 1591 2151 non
1632 2097 1760 2151 abiit
1792 2099 1845 2152 in
1875 2097 2050 2151 comi-

483 2194 554 2248 lt'o
592 2194 892 2261 impiorum.
927 2191 1079 2257 Quod
1116 2204 1244 2257 ergo
1277 2205 1398 2244 vere
1438 2188 1636 2243 bonum
1685 2188 1916 2253 exsistit,
1954 2189 2048 2241 im-

482 2286 673 2357 primis
698 2300 761 2337 ac
784 2284 1050 2354 praecipue
1096 2283 1309 2336 beatum
1358 2280 1754 2351 praedicandum
1793 2290 1894 2334 est.
1939 2280 2052 2335 lloc

483 2386 660 2432 autem
692 2376 832 2429 Deus
873 2382 975 2427 est.
1018 2370 1166 2427 Unde
1193 2382 1246 2425 et
1296 2370 1493 2424 Paulus
1534 2370 1602 2423 tle
1629 2368 1843 2422 Christo
1890 2382 2045 2422 men-

486 2469 685 2522 tionem
734 2463 1001 2526 facturus,
1054 2462 1177 2516 ait:
1233 2458 1531 2515 Secundum
1580 2457 2055 2527 manifestatiouem

491 2559 627 2613 beati
661 2558 776 2622 Dei,
812 2568 857 2610 et
892 2554 1183 2611 Saluatoris
1222 2554 1388 2605 nostri
1435 2552 1564 2605 Jeau
1596 2550 1791 2604 Christi
1814 2550 1881 2606 “.
1918 2551 2055 2607 Bea-

488 2664 601 2705 tum
630 2649 774 2707 enim
805 2662 930 2702 vere
950 2653 1051 2711 est,
1083 2646 1225 2716 quod
1256 2659 1351 2715 per
1377 2658 1435 2700 se
1456 2648 1653 2699 bonum
1687 2652 1793 2709 est,
1820 2644 1887 2698 ad
1914 2644 2055 2713 quod

491 2742 784 2810 respiciunt
810 2739 1013 2803 omnia,
1041 2737 1182 2807 quod
1218 2738 1469 2791 universa
1494 2734 1827 2799 desiderant,
1860 2746 2055 2789 natura

490 2834 864 2897 immutabilis,
889 2831 1073 2886 herilis
1093 2830 1341 2900 dignitas,
1368 2829 1474 2883 vita
1514 2827 1905 2898 perturbationi
1932 2827 2060 2881 nulli

489 2929 740 2990 obnoxia,
768 2925 957 2980 hilaris
977 2923 1185 2978 vivendi
1210 2921 1737 2991 ratio,qua:alterari
1765 2930 1856 2975 aut
1880 2920 2065 2976 immu-

495 3020 595 3074 tari
616 3019 817 3085 nequit,
834 3014 953 3070 fons
970 3015 1293 3077 scaturiens,
1313 3014 1580 3067 uberrima
1598 3013 1792 3081 gratia,
1813 3011 2068 3067 inexhau-

498 3123 615 3167 stus
656 3112 959 3165 thesaurus.
1018 3107 1179 3176 Atqui
1227 3106 1472 3161 homines
1512 3104 1684 3175 ignari
1718 3143 1734 3170 ,
1775 3104 2067 3172 mundique

497 3200 876 3270 amantes,qui
897 3198 1019 3253 boni
1050 3199 1217 3268 ipsius
1248 3197 1494 3266 ignorant
1520 3204 1789 3259 naturam,
1816 3210 1900 3247 res
1916 3195 2066 3247 nihili

495 3295 691 3364 saepius
716 3292 1007 3359 mstimant,
1038 3291 1276 3355 divitias,
1313 3290 1617 3353 sanitatem,
1645 3288 1765 3343 vita:
1816 3287 2070 3356 splendo-

499 3403 648 3446 rem:
679 3401 903 3458 quarum
932 3401 1109 3440 rerum
1149 3386 1280 3441 nihil
1309 3392 1392 3440 est
1417 3398 1511 3439 sua
1547 3383 1713 3454 ipsius
1742 3392 1934 3438 natura
1966 3383 2066 3439 bo-

502 3497 627 3535 num
658 3495 674 3543 ;
703 3492 805 3532 non
842 3475 1015 3532 solum
1046 3477 1187 3545 quod
1214 3473 1370 3529 facile
1401 3489 1452 3527 in
1479 3470 1749 3527 contraria
1774 3479 2069 3535 mutentur,

503 3575 595 3627 sed
625 3571 767 3643 quod
798 3586 865 3626 ne
913 3571 1081 3626 bonos
1106 3569 1317 3638 quidem
1354 3567 1563 3622 valeant
1589 3580 1927 3637 possessores
1948 3578 2072 3620 suos

503 3666 745 3721 reddere.
782 3663 914 3729 Quis
940 3662 1083 3717 enim
1106 3661 1175 3716 ob
1204 3661 1421 3715 divitias
1444 3659 1667 3728 justus?
1698 3657 1821 3728 quis
1850 3666 2073 3728 propter

503 3756 786 3811 sanitatem
842 3752 1188 3823 temperans?
1242 3751 1352 3806 lmo
1382 3765 1511 3805 sane
1550 3750 1665 3804 haec
1694 3750 1873 3804 omnia
1934 3748 2074 3803 male

504 3846 778 3900 utentibus
822 3846 889 3898 ad
931 3844 1258 3913 peccandum
1307 3855 1451 3909 sape
1483 3840 1810 3895 inserviunt.
1876 3840 2073 3895 Beatus

507 3940 670 4005 igitur
730 3937 837 4004 ille,
897 3938 989 4007 qui
1047 3951 1109 3990 ea
1166 3950 1285 4006 quae
1347 3932 1563 4002 plurimi
1622 3944 1749 3989 sunt
1807 3934 2072 3998 habenda,

507 4029 762 4101 possidet,
791 4029 993 4099 quique
1019 4042 1229 4091 eorum,
1259 4043 1379 4096 qua:
1413 4036 1685 4096 nequeunt
1731 4026 1952 4089 auferri,
1982 4027 2077 4080 lio-

506 4138 697 4178 nurum
752 4120 1021 4191 particeps
1068 4130 1169 4176 est.
1204 4120 1309 4175 Sed
1339 4136 1446 4191 quo
1479 4130 1639 4189 pacto
1687 4121 1833 4176 hunc
1884 4134 2078 4190 cogno-

505 4212 758 4272 scemus?
818 4213 921 4278 Qui
957 4229 1060 4266 non
1128 4212 1255 4265 abiit
1320 4213 1376 4264 in
1431 4212 1648 4266 consilio
1683 4213 1980 4281 impiorum.
2010 4209 2079 4263 Et

507 4306 817 4380 priusquam
849 4318 1111 4371 exponam
1148 4303 1275 4372 quid
1305 4306 1378 4356 sit
1405 4318 1508 4357 non
1539 4304 1739 4358 abiisse
1766 4304 1821 4357 iu
1851 4300 2076 4356 consilio

510 4398 822 4468 impiorum,
840 4396 945 4452 loci
971 4394 1130 4464 hujus
1155 4394 1503 4465 quaestionem
1528 4395 1681 4450 vobis
1705 4395 1912 4450 solvere
1935 4395 2073 4448 volo.

2146 1922 2268 1976 λετο
2299 1922 2396 1994 (l),
2439 1924 2547 1987 ἵνα,
2580 1922 3014 1993 ὑπερκύπτοντες
3058 1922 3181 1984 τοὺς
3214 1922 3271 1973 ὲν
3297 1921 3451 1992 χερσὶ
3496 1921 3727 1983 πόνους,

2148 2018 2213 2086 τῇ
2260 2014 2465 2086 διανοίᾳ
2506 2013 2641 2083 πρὸς
2681 2013 2781 2083 τὴν
2824 2012 3122 2065 ἀπόλαυσιν
3166 2010 3272 2065 τῶν
3306 2012 3537 2065 αίωνίων
3580 2012 3732 2080 ἀγα-

2151 2106 2258 2160 θῶν
2287 2105 2361 2176 (2)
2394 2104 2760 2175 ἐπειγώμεθα.
2801 2103 3103 2171 Μακάριος
3130 2103 3305 2171 ἀνὴρ,
3346 2102 3413 2169 ὃς
3441 2105 3549 2158 οὐκ
3575 2104 3728 2159 ἐπο-

2149 2203 2327 2271 ρεύθη
2360 2201 2429 2255 ἐν
2450 2199 2655 2268 βου.λῇ
2678 2198 2929 2255 ἀσεϐῶν.
2969 2198 3122 2251 Ἐστι
3158 2198 3254 2269 μὲν
3287 2193 3379 2252 οὖν
3418 2198 3480 2252 τὸ
3516 2199 3731 2269 κυρίως

2153 2294 2247 2348 καὶ
2276 2293 2507 2365 πρώτως
2541 2292 2894 2365 μακαριστὸν,
2926 2289 2987 2344 τὸ
3018 2288 3283 2359 ἀληθινῶς
3310 2289 3528 2358 ἀγαθόν.
3552 2289 3731 2343 Τοῦτο

2153 2386 2210 2441 δέ
2238 2387 2383 2439 ἐστιν
2413 2388 2443 2440 6
2492 2385 2642 2448 Θεός.
2691 2384 2853 2437 Ὅθεν
2898 2384 2993 2436 καὶ
3040 2381 3270 2444 Παῦλος,
3317 2382 3620 2453 ὑπόμνησιν
3645 2381 3725 2452 (3)

2160 2476 2365 2547 μέλλων
2397 2476 2665 2531 ποιεῖσθαι
2712 2473 2970 2549 Χριστοῦ,
3014 2476 3173 2530 Κατὰ
3208 2474 3323 2540 τὴν
3350 2474 3725 2544 ἐπιφάνειαν,

2158 2569 2311 2639 φησι,
2340 2568 2446 2621 τοῦ
2463 2568 2758 2636 μακαρίου
2790 2565 2957 2631 Θεοῦ,
2986 2565 3085 2619 καί
3110 2565 3382 2635 Σωτῆρος
3416 2564 3583 2633 ἡμῶν
3621 2566 3729 2634 ἰη-

2160 2660 2274 2713 σοῦ
2305 2659 2581 2727 Χριστοῦ.
2616 2659 2901 2729 Μακάριον
2931 2657 3039 2730 γὰρ
3068 2657 3146 2728 τῷ
3177 2658 3289 2711 δντι
3320 2658 3380 2710 τὺ
3408 2656 3724 2719 αὑτόκαλον,

2161 2750 2298 2820 πρὸς
2315 2749 2344 2802 ὃ
2366 2749 2544 2804 πάντα
2572 2748 2888 2810 ἀποϐλέπει,
2914 2740 2974 2801 οὗ
3004 2750 3180 2803 πάντα
3205 2748 3435 2818 ἐφίεται,
3480 2752 3513 2820 ἡ
3570 2748 3728 2821 ἀτρε-

2163 2858 2294 2904 πτος
2325 2840 2506 2910 φύσις,
2534 2841 2595 2894 τὸ
2621 2841 2936 2895 δεσποτικὸν
2965 2841 3200 2910 ἀξίωμα,
3250 2842 3282 2911 ἡ
3309 2841 3566 2912 ἀόχλητος
3592 2840 3725 2912 ζωὴ,

2163 2936 2196 3003 ὴ
2226 2934 2426 2996 ἄλυπος
2465 2933 2784 3006 διεξαγωγὴ,
2832 2933 2960 3003 περὶ
2990 2933 3057 3003 ῆν
3089 2933 3189 2986 οὑκ
3234 2932 3377 2986 ἐστιν
3405 2934 3686 2997 ἀλλοίωσις
3710 2972 3724 2997 ,

2166 3018 2233 3095 ἧς
2268 3025 2364 3095 οὑχ
2387 3023 2614 3077 ἅπτεται
2642 3022 2907 3093 μεταϐολή
2927 3039 2940 3053 ·
2966 3024 2998 3093 ἡ
3032 3022 3271 3093 βρύουσα
3304 3024 3473 3094 πηγὴ,
3502 3026 3535 3094 ἡ
3566 3024 3728 3093 ἀφθο-

2095 3135 2138 3193 c
2171 3132 2257 3179 νος
2315 3115 2491 3185 χάρις,
2549 3115 2578 3167 6
2634 3114 2973 3185 ἀδαπάνητος
3024 3114 3313 3184 θησαυρός.
3375 3114 3627 3184 Ἀμαθεῖς
3671 3114 3727 3168 δὲ
3782 3146 3815 3159 κ

2170 3205 2266 3260 ἀνθ
2274 3223 2443 3278 ρωποι
2465 3206 2558 3260 καὶ
2581 3205 2916 3277 φιλόκοσμοι,
2948 3206 3266 3275 ἀγνοοῦντες
3293 3206 3456 3259 αὑτοῦ
3480 3204 3572 3259 τοῦ
3598 3206 3729 3274 ἀγά-

2171 3297 2263 3351 θοῦ
2318 3298 2414 3368 τὴν
2468 3298 2646 3366 φύσιν,
2704 3298 3063 3371 μακαρίζουσι
3107 3298 3365 3363 πολλάκις
3408 3296 3476 3350 τὰ
3513 3298 3727 3368 μηδενὸς

2168 3388 2313 3455 ἀξια,
2364 3388 2608 3456 πλοῦτον,
2657 3390 2885 3460 ὑγίειαν,
2919 3391 3269 3463 περιφάνειαν
3302 3390 3416 3460 βίου
3438 3406 3451 3420 ·
3481 3383 3557 3443 ὧν
3582 3390 3728 3447 οὐδέν

2171 3483 2316 3534 ἐστιν
2345 3480 2545 3550 ἀγαθὸν
2579 3484 2643 3553 τῇ
2680 3480 2871 3535 ἑαυτοῦ
2907 3481 3101 3552 φύσειο
3136 3483 3196 3536 οὑ
3233 3483 3389 3553 μόνον
3427 3481 3613 3535 καθότι
3637 3483 3728 3553 ρᾳ-

2170 3574 2288 3629 δίαν
2329 3573 2439 3643 ἔχει
2469 3574 2569 3645 τὴν
2596 3576 2732 3646 πρὸς
2761 3576 2829 3630 τά
2876 3577 3090 3630 ἐναντία
3124 3576 3478 3647 περιτροπὴν,
3516 3576 3627 3629 ἀλλ’
3653 3575 3727 3628 ὅτι

2174 3665 2307 3737 μηδὲ
2339 3664 2571 3733 ἀγαθοὺς
2603 3665 2823 3721 δύναται
2872 3669 2998 3731 τοὺς
3041 3668 3408 3739 κεκτημένους
3438 3666 3723 3721 ἀποτελεῖν.

2173 3760 2268 3823 Τίς
2320 3758 2428 3832 γὰρ
2490 3760 2693 3823 δίκαιος
2744 3760 2832 3817 διὰ
2879 3762 3172 3831 χρήματα;
3230 3760 3313 3823 τίς
3370 3757 3597 3831 σώφρων
3644 3757 3724 3811 διὰ

2175 3852 2410 3920 ὑγίειαν;
2442 3854 2759 3906 Τοὺναντίον
2801 3854 2898 3924 μὲν
2926 3849 3037 3915 οὖν,
3073 3852 3165 3905 καὶ
3187 3850 3453 3922 ὑπηρεσία
3482 3850 3726 3912 πολλάκις

2176 3943 2311 4014 πρὸς
2339 3945 2612 4015 ἁμαρτίαν
2650 3947 2761 4007 τοῖς
2794 3943 2976 4005 κακῶς
3019 3943 3321 4013 χρωμένοις
3360 3942 3561 3994 τούτων
3609 3942 3723 3994 ἕκα-

2177 4054 2300 4089 στον
2319 4038 2542 4105 γίνεται.
2568 4038 2851 4108 Μακάριος
2867 4033 2959 4091 οὖν
2983 4036 3092 4090 ὁτὰ
3118 4036 3369 4089 πλείστου
3398 4036 3519 4100 ἀξια
3544 4050 3726 4103 κεκτηο

2179 4128 2357 4198 μένος,
2391 4130 2419 4182 6
2444 4129 2552 4183 τῶν
2598 4129 2970 4200 ἀναφαιρέτων
3002 4127 3222 4197 ἀγαθῶν
3260 4128 3501 4197 μέτοχος.
3544 4126 3725 4180 Τοῦτον

2175 4220 2230 4273 δὲ
2264 4221 2376 4285 πῶς
2402 4222 2842 4292 έπιγνωσόμεθα;
2876 4224 2981 4286 Ὃς
3008 4222 3117 4275 οὐκ
3145 4220 3435 4287 ἐπορεύθη
3463 4214 3723 4284 ἐνβουλῇ

2176 4312 2429 4367 ἀσεϐῶν.
2466 4315 2574 4369 Καὶ
2616 4316 2743 4385 πρίν
2789 4332 2851 4383 γε
2890 4316 3081 4377 είπεῖν,
3113 4314 3165 4367 τί
3208 4312 3267 4365 τὸ
3299 4312 3371 4383 μὴ
3415 4310 3722 4382 πορευθῆναι

2180 4406 2235 4455 ὲν
2267 4403 2424 4475 βουλῇ
2461 4404 2695 4467 ἀσεϐῶν,
2727 4404 2982 4476 βούλομαι
3018 4406 3142 4473 ὑμῖν
3170 4404 3231 4457 τὸ
3274 4404 3330 4455 ὲν
3361 4403 3437 4472 τῷ
3469 4402 3614 4471 τόπῳ
3641 4401 3723 4468 ζη-

512 4490 620 4541 Cnr
666 4487 955 4558 Propheta,
1016 4487 1215 4557 inquis,
1257 4490 1427 4541 solum
1479 4486 1749 4540 hominem
1804 4485 1969 4556 eligit,
2010 4502 2061 4539 at

2179 4494 2437 4564 τούμενον
2479 4494 2746 4549 διαλῦσαι.
2794 4496 2892 4549 Διά
2934 4497 3009 4559 τί,
3042 4496 3225 4566 φησιν,
3268 4496 3296 4547 6
3345 4494 3619 4563 προφήτης
3648 4490 3724 4541 τὸν

515 4579 771 4649 ιπίεόίεοι
824 4579 1106 4646 ξὺεοιιιηιῖ
1170 4595 1296 4633 num
1353 4578 1604 4632 mulieres
1656 4592 1686 4630 a
1746 4577 2076 4632 beatitudine

514 4670 783 4725 exclusit?
816 4673 968 4728 Absit
996 4674 1009 4727 l
1034 4671 1321 4727 Enimvero
1352 4671 1451 4725 viri
1485 4680 1539 4725 et
1593 4669 1833 4725 mulieris
1864 4685 1965 4723 una
1994 4678 2077 4723 est

516 4763 688 4818 virtus
711 4776 727 4816 :
755 4764 1190 4835 quandoquidem
1219 4766 1498 4831 utriusque
1524 4762 1732 4817 creatio
1754 4762 1955 4815 honore
1982 4778 2079 4831 par

515 4869 619 4921 est,
651 4874 715 4913 ac
738 4859 961 4928 proinde
988 4860 1268 4929 utriusque
1297 4874 1510 4928 quoque
1537 4873 1741 4912 merces
1756 4866 1840 4912 est
1863 4856 2074 4912 eadem.

515 4950 651 5005 Audi
696 4949 987 5005 Genesim:
1030 4949 1172 5005 Fecit
1227 4952 1364 5005 Deus
1414 4950 1709 5015 hominem,
1765 4949 1971 5020 inquit;
2008 4949 2077 5001 ad

590 5108 630 5141 "
658 5108 762 5164 Tit.
790 5124 851 5172 ll,
884 5110 969 5166 l5.

594 5244 704 5314 (98)
735 5245 1073 5299 Colhertiuus
1103 5260 1238 5295 unus
1267 5243 1651 5314 ὑποφέρωμεν.

596 5312 705 5382 (99)
728 5315 830 5369 Pro
852 5314 1179 5375 ὑποκλέπτει
1216 5312 1475 5369 Scribttur
1511 5312 1828 5382 simpliciter
1870 5312 1922 5365 in
1950 5312 2084 5367 duo-

526 5389 626 5444 bus
658 5402 785 5439 mss.
816 5385 1054 5438 κλέπτει.

593 5456 668 5526 (l)
699 5456 876 5510 Codex
905 5472 1043 5526 unus
1067 5452 1447 5525 προεϐάλλετο.

492 5556 493 5565 ι
599 5522 676 5591 (ἐξ)
700 5526 874 5579 ΕιΙὶιίο
902 5525 1071 5579 Paris.
1103 5522 1210 5578 τῶν
1232 5524 1604 5594 ἀποκειμένων
1634 5522 1872 5591 ἀγαθῶν.
1906 5528 1973 5575 Al
2004 5536 2088 5594 Via-

482 5646 487 5649 .
530 5596 672 5650 riant
701 5596 819 5649 libri
848 5612 1007 5649 manu
1039 5596 1266 5654 exarati.
1292 5591 1518 5650 unum...
1546 5598 1595 5646 in
1628 5596 1745 5647 aliis
1773 5594 1964 5662 legitur
1981 5591 2089 5643 τῶν

532 5665 907 5733 ἀποκειμένων
932 5667 1163 5719 αἰωνίων
1192 5665 1428 5733 ἀγαθῶν·
1490 5664 1542 5717 in
1587 5666 1704 5718 aliis
1730 5681 1857 5733 vero
1887 5662 2090 5729 simpli-

535 5738 650 5787 rius
681 5735 785 5795 τῶν
812 5736 1040 5790 αἰωνίων
1064 5732 1301 5803 ἀγαθῶνσ
1347 5746 1399 5789 ει
1423 5735 1491 5788 ita
1530 5736 1809 5801 scripsisse
1838 5732 2090 5803 Basilium

534 5815 803 5874 putamus,
846 5822 909 5860 ne
935 5820 1089 5862 voces
1113 5801 1183 5860 ‘in
1210 5823 1285 5860 ων
1318 5805 1626 5863 desinentes
1658 5808 1855 5860 frustra
1908 5801 2087 5857 multi-

2182 4586 2348 4656 ἄνδρα
2399 4586 2557 4657 μόνον
2610 4586 2966 4657 ἐκλεξάμενος
3010 4584 3337 4657 μακαρίζει;
3382 4581 3489 4653 ἆρα
3539 4582 3606 4651 μὴ
3645 4579 3723 4632 τοῦ

2186 4678 2533 4749 μακαρισμοῦ
2576 4678 2673 4741 τάς
2713 4680 2974 4746 γυναῖκας
3024 4674 3343 4739 ἀπέκλεισε;
3383 4672 3473 4742 Μὴ
3508 4670 3719 4739 γένοιτοέ

2184 4772 2297 4825 Μία
2340 4771 2446 4843 γὰρ
2478 4773 2646 4844 ἀρετὴ
2691 4772 2881 4843 ἀνδρὸς
2913 4772 3005 4825 καὶ
3042 4770 3318 4839 γυναικὸς,
3360 4767 3545 4835 ἐπειδὴ
3586 4764 3720 4833 καὶὴ

2182 4862 2356 4925 κτίσις
2384 4862 2713 4934 ἀμφοτέροις
2739 4862 3019 4932 ὁμότιμος,
3046 4860 3184 4913 ὥστε
3210 4860 3302 4911 καὶ
3330 4860 3357 4910 6
3384 4856 3569 4927 μισθὸς
3594 4856 3619 4907 6
3645 4854 3724 4905 αὑ-

2182 4951 2269 5014 τὸς
2308 4952 2654 5023 ἀμφοτέροις.
2707 4953 2906 5005 Ἀκουε
2957 4952 3053 5022 τῆς
3096 4952 3133 5005 Γ
3137 4950 3383 5012 ενέσεως·
3447 4946 3722 5011 Ἐποίησε,

2192 5244 2542 5313 plicarentur.

2264 5312 2341 5383 (5)
2379 5310 2686 5383 Inﬁduohus
2736 5323 2863 5383 mss.
2912 5318 3007 5383 pro
3054 5302 3357 5373 ὑπόμνησιν
3406 5299 3599 5367 legitur
3628 5298 3722 5383 ἐπί-

2196 5375 2411 5455 μνησιν.
2449 5382 2543 5434 llic
2574 5381 2741 5441 locus,
2773 5378 2823 5430 ἰιΙ
2857 5375 2997 5445 quod
3031 5387 3407 5439 nonnunquam
3448 5385 3541 5423 usu
3578 5375 3715 5429 venit,

2196 5454 2456 5495 r'ntinaltlﬁ
2508 5461 2587 5495 ρςι
2643 5465 2706 5495 ex
2762 5449 2989 5495 tlnnhus.
3040 5443 3217 5495 Prima
3272 5457 3397 5495 nars
3435 5448 3633 5495 sumpta
3669 5454 3715 5491 et

2194 5449 2456 5507 ινιιιῖιιιιιιε
2508 5461 2587 5501 est
2643 5465 2709 5502 ex
2762 5449 2989 5501 tlnohns.
3042 5449 3217 5496 Prima
3272 5457 3397 5509 pars
3435 5449 3633 5505 sumpta
3669 5454 3721 5491 ex

2195 5524 2362 5581 Enist.
2390 5520 2408 5573 Ι
2434 5522 2497 5590 all
2528 5519 2766 5590 Timuth.
2798 5533 2835 5590 t_,
2877 5516 2935 5590 l_l
2980 5531 2991 5566 :
3025 5511 3181 5590 Κατά
3208 5512 3267 5564 τὸ
3307 5508 3626 5590 Εὑαγγέλιον
3646 5508 3722 5590 τῆς

2192 5580 2346 5663 δόξης
2373 5589 2464 5643 τοῦ
2492 5588 2756 5663 μακαρίον
2781 5585 2955 5663 ger-:05:
3012 5584 3178 5637 ειιετδ
3193 5597 3337 5663 ,Ἰθτὲ
3380 5596 3445 5633 c"
3472 5580 3720 5663 .E'iis't-m'

2195 5650 2374 5717 Τίῐιῖῖιι
2409 5677 2466 5717 ιι.
2492 5650 2566 5715 ’15
2600 5676 2613 5712 :
2647 5650 2753 5714 Kal
2778 5656 3166 5727 ἐπιφάνειαν...
3193 5652 3439 5724 Σωτῆρος
3463 5650 3611 5720 ἡμῶν
3642 5650 3722 5720 ’1ης

2198 5734 2291 5785 σοῦ
2320 5730 2573 5785 Χριστοῦ.

2198 5753 2291 5788 σου
2320 5747 2573 5803 λριστου.
