4008 6402
267 427 380 484 217

270 543 429 616 φησι,
476 540 507 592 ό
542 538 685 600 Θεος
730 533 843 587 ’τὸν
890 530 1219 600 ἄνθρωπον·
1271 520 1396 575 κατ’
1454 519 1659 571 εἰκόνα
1692 512 1838 568 Θεοῦ
1870 522 1912 576 Α

268 606 561 696 ἐποίησεν
601 622 819 677 αὐτόν·
864 619 1051 689 ἄρσεν
1083 613 1181 670 καί
1221 610 1375 683 θῆλυ
1420 607 1704 674 ἐποίησεν
1734 606 1839 656 αὺ-

1471 390 1753 460 Houiua
1786 397 1853 455 IN
1893 389 2219 450 PSALMUM
2260 389 2304 444 ι.

1942 506 2220 576 imaginem
2254 500 2352 555 Dei
2374 498 2498 569 fecit
2524 496 2673 552 illum
2693 509 2714 563 ,'
2735 494 3027 550 masculum
3056 466 3103 549 et
3129 494 3380 565 feminam
3423 497 3503 567 fe-

1941 599 2012 653 cit
2069 595 2239 651 eos”.
2278 590 2516 658 Quorum
2574 597 2752 644 autem
2807 595 3001 642 natura
3051 600 3182 654 una,
3210 586 3401 642 horum
3447 600 3501 643 et

3393 380 3499 439 218

272 678 443 784 rode:
474 713 571 770 Ὦν
596 715 654 769 δὲ
682 716 715 780 ἠ
756 678 915 782 φύσις
959 712 1077 782 μία,
1116 678 1319 761 τούτων
1356 703 1450 757 καὶ
1488 701 1756 771 ἐνέργειαι
1782 698 1839 750 αἱ

1978 689 2183 744 ctiones
2208 686 2406 740 eaedem
2434 700 2449 748 ;
2476 695 2705 752 quorum
2743 689 2826 735 est
2854 678 3060 749 aequale
3108 693 3265 749 opus,
3310 683 3501 734 borum

274 812 438 869 αιταε
456 809 554 883 (4)·
586 803 659 861 ὧν
681 806 737 859 δὲ

275 907 460 967 αὑτός.
499 899 598 955 Διά
645 900 698 952 τί
747 893 860 961 οὖν,
915 894 1103 965 ἀνδρὸς
1153 887 1428 962 μνησθεὶς,
1478 885 1579 954 τὴν
1614 882 1846 951 γυναῖκα

278 994 697 1064 ἀπεσιώπησεν;
742 990 862 1043 Ὅτι
891 987 1078 1059 ἀρκεῖν
1106 984 1370 1055 ἡγήσατο,
1408 978 1533 1049 μιᾶς
1560 974 1724 1045 οΰσης
1748 972 1844 1043 τῆς

282 1087 518 1159 φύσεως,
546 1062 608 1136 ἐκ
631 1080 724 1134 τοῦ
766 1075 1231 1151 ἡγεμονικωτέρου
1260 1072 1321 1124 τὸ
1348 1070 1467 1123 ὅλον
1495 1062 1844 1129 ἐνδείξασθαι.

281 1155 584 1243 Μακάριος
594 1168 704 1227 οὖν
715 1169 888 1237 ἀνὴρ,
906 1167 969 1233 ὃς
983 1168 1092 1221 οὐκ
1109 1164 1401 1231 ἐπορεύθη
1417 1161 1485 1213 ἐν
1494 1155 1699 1224 ,βουλῇ
1710 1155 1851 1209 ἀσε-

286 1270 424 1325 ϐῶν.
445 1268 640 1321 Σκόπει
661 1264 767 1317 τῶν
798 1262 1053 1334 ῥημάτων
1074 1258 1132 1312 τὸ
1158 1255 1379 1327 ἀκριϐὲς
1397 1254 1493 1324 (5),
1511 1250 1625 1313 πῶς
1646 1249 1847 1318 ἑκάστη

286 1362 433 1428 λέξις
471 1356 750 1427 δογμάτων
792 1354 1162 1424 πεπλήρωται.
1193 1349 1305 1403 Οὐκ
1331 1342 1502 1409 εἶπεν,
1543 1345 1638 1406 Ὃς
1667 1342 1726 1394 οὐ
1757 1355 1853 1392 πο-

293 1456 507 1526 ρεύεται
540 1452 595 1503 ἐν
627 1448 783 1519 βουλῇ
811 1443 1043 1507 ἀσεϐῶν,
1088 1442 1223 1505 ἀλλ’,
1269 1442 1365 1504 Ὃς
1405 1439 1513 1491 οὐκ
1544 1433 1849 1503 ἐπορεύθη.

305 1543 363 1597 ’0
400 1543 496 1613 μὲν
528 1541 634 1610 γάρ
679 1541 734 1591 ἐν
773 1535 849 1607 τῷ
894 1534 990 1605 βίῳ
1016 1533 1295 1603 τυγχάνων
1325 1528 1474 1583 οὔπω
1504 1523 1851 1597 μακαριστὸς,

292 1636 382 1691 διὰ
413 1634 474 1688 τὸ
514 1632 704 1704 ἄδηλον
731 1631 828 1701 τῆς
871 1626 1172 1689 ἐκϐάσεως·
1202 1627 1229 1677 ὁ
1267 1623 1324 1677 δέ
1358 1617 1761 1692 συμπληρώσας
1790 1614 1857 1669 τὰ

294 1726 666 1789 ἐπιϐάλλοντα,
695 1723 787 1776 καὶ
825 1719 1197 1791 ἀναπιρῤήτῳ
1228 1715 1369 1769 τέλει
1392 1714 1488 1785 τὴν
1520 1711 1663 1782 ζωὴν
1687 1725 1856 1763 κατα-

295 1820 535 1880 κλείσας,
565 1808 716 1877 οὗτος
751 1813 847 1886 ήδη
878 1808 1131 1879 ἀσφαλῶς
1164 1804 1541 1879 μακαρίζεται.
1569 1803 1666 1856 Διά
1689 1801 1741 1854 τί
1769 1796 1859 1854 οὖν

299 1908 556 1980 μακάριοι
604 1906 650 1956 οἱ
697 1901 1048 1974 πορευόμενοι
1092 1901 1148 1951 ἐν
1179 1896 1326 1967 νόμῳ
1378 1893 1611 1964 κυρίους

296 2001 423 2062 τοὺς
455 1996 813 2069 πορευθέντας
856 1994 989 2055 ἐκεῖ,
1023 1989 1163 2044 ἀλλά
1186 1989 1312 2051 τοὺς
1351 1986 1430 2039 ἔτι
1469 1983 1862 2055 πορευομένους

302 2091 668 2165 μακαριστοὺς
717 2089 745 2140 ό
788 2086 939 2153 λόγος
973 2082 1220 2136 τίθεται·
1254 2080 1336 2133 ὃτι
1369 2080 1417 2131 οἱ
1446 2077 1506 2129 τὸ
1542 2075 1742 2145 ἀγαθὸν
1776 2074 1866 2144 ἐρ-

299 2185 611 2255 γαζόμενοι,
640 2183 694 2234 ἐν
742 2178 887 2249 αὐτῷ
918 2176 994 2248 τῷ
1029 2174 1173 2247 ἔργῳ
1207 2172 1267 2226 τὸ
1304 2170 1595 2225 ἀπόδεκτον
1619 2167 1829 2237 ἔχουσιν
1848 2182 1863 2197 ο

300 2280 352 2331 οἱ
380 2277 437 2329 δέ
469 2275 527 2329 τὸ
555 2274 721 2327 κακὸν
751 2270 1042 2341 φεύγοντες
1065 2267 1185 2329 οὐκ,
1213 2263 1305 2316 ἐὰν
1330 2261 1476 2328 ἅπαξ
1507 2277 1607 2313 που
1636 2260 1668 2329 ἢ
1691 2256 1869 2310 δεύτε-

309 2389 400 2444 ρον
430 2367 715 2422 ἐκκλίνωσι
760 2364 860 2435 τὴν
912 2360 1205 2431 ἁμαρτίαν,
1258 2354 1551 2419 ἐπαινετοὶ,
1610 2350 1723 2405 ἀλλ’
1775 2348 1869 2401 ἐὰν

300 2440 569 2533 δυνηθῶσι
596 2456 688 2510 τοῦ
717 2453 887 2508 κακοῦ
917 2454 1014 2523 τὴν
1044 2452 1234 2521 πεῖραν
1268 2449 1347 2510 είς
1374 2446 1434 2498 τὸ
1463 2442 1722 2505 παντελὲς
1744 2440 1863 2493 δια-

304 2557 515 2629 δρᾶναι.
557 2552 651 2605 Ἐκ
678 2550 733 2604 δὲ
762 2549 854 2619 τῆς
870 2546 962 2600 τοῦ
987 2545 1144 2614 λόγου
1195 2537 1509 2600 ἀκολουθίας
1557 2536 1653 2589 καὶ
1690 2535 1872 2604 ἓτερον

307 2626 440 2722 ἡμῖν
470 2648 671 2719 ἄπορον
694 2641 935 2712 ἀνεφάνη
951 2639 1050 2710 (6).
1066 2637 1162 2689 Διὰ
1182 2636 1233 2688 τί
1253 2634 1372 2703 οὐχὶ
1385 2631 1476 2685 τὸν
1515 2626 1876 2699 κατορθοῦντα

310 2716 408 2814 την
438 2716 978 2810 ἀρετῆνμακαρίζει,
1004 2729 1141 2785 ἀλλά
1164 2728 1253 2781 τὸν
1292 2726 1365 2797 μὴ
1391 2720 1724 2792 πεποιηκότα
1779 2716 1876 2787 τὴν

304 2806 621 2905 ’ἁμαρτίανξ
655 2806 837 2889 Οὕτως
863 2823 971 2894 γὰρ
994 2821 1087 2875 καὶ
1116 2820 1300 2883 ἵππος,
1330 2816 1422 2869 καὶ
1444 2809 1589 2883 βοῦς,
1618 2808 1711 2862 καὶ
1735 2806 1878 2869 λίθος

315 2900 802 3001 μακαρισθήσεται.
819 2918 974 2970 Ποῖον
997 2913 1104 2985 γὰρ
1126 2911 1329 2981 ἄψυχον
1348 2907 1475 2976 ἔστη
1499 2907 1556 2958 ἐν
1577 2900 1680 2972 ὁδῷ
1704 2901 1880 2971 ἀμαρ-

311 2992 499 3074 iam;
522 3038 535 3082 ί
552 2992 749 3087 ἣδποῖον
763 3011 952 3078 ἄλογον
966 3002 1056 3060 ἐπὶ
1071 3003 1306 3073 καθέδρᾳ
1320 2998 1393 3070 (7)
1412 2997 1490 3050 λοι
1498 2994 1613 3067 μῶν
1632 2992 1848 3047 ἐκάθισε
1863 3007 1877 3055 ;

315 3112 525 3182 Μικρὸν
558 3083 654 3178 μὲν
682 3100 772 3159 οὖν
820 3098 1113 3170 ἀναμείνας
1134 3138 1147 3157 ,
1194 3093 1442 3163 εὑρήσεις
1478 3087 1533 3141 τὸ
1562 3087 1715 3156 ἴαμα.
1762 3083 1884 3134 Ἐπ-

316 3205 440 3273 άγει
468 3200 593 3271 γάρ·
613 3195 762 3250 Ἀλλ’
784 3194 818 3263 ἣ
844 3193 913 3246 ἐν
936 3189 1009 3261 (8)
1028 3186 1106 3252 τῷ
1140 3184 1298 3254 νόμῳ
1325 3184 1467 3248 Κυρι

318 3267 525 3349 autat).
541 3267 694 3345 Θείου
709 3289 763 3342 δὲ
779 3287 940 3357 νόμου
962 3281 1155 3354 μελέτη
1172 3278 1263 3329 ἐπὶ
1293 3274 1383 3328 τὸν
1405 3270 1618 3340 λογικὸν
1638 3267 1791 3340 μόνον

323 3388 532 3442 πίπτει.
555 3384 743 3453 Ἡμεῖς
765 3380 820 3432 δέ
844 3379 1060 3432 κάκεῖνο
1079 3372 1187 3445 (id)
1208 3370 1454 3438 λέγομεν,
1485 3365 1565 3417 ὅτι
1599 3358 1739 3431 ἀρχὴ
1756 3358 1888 3429 πρὸς

322 3479 420 3550 τὴν
460 3472 718 3544 ἀνάληψιν
747 3472 852 3522 τῶν
881 3466 1080 3530 καλῶν,
1119 3465 1153 3534 ἡ
1187 3457 1528 3529 ἀναχώρησις
1552 3451 1659 3505 τῶν
1684 3446 1887 3503 κακῶν.

328 3546 655 3626 ’ἐκκλίνον
685 3565 814 3638 γάρ,
851 3562 1038 3634 φησιν,
1078 3556 1195 3613 ἀπὸ
1248 3551 1457 3614 κακοῦ,
1493 3548 1591 3603 καὶ
1632 3546 1893 3612 ποίησον

326 3663 573 3733 ἀγαθόν.

397 3750 451 3803 4.
470 3747 653 3817 Σοφῶς
669 3740 758 3799 οὖν
786 3743 876 3796 καὶ
907 3740 1166 3811 ἐντέχνως
1186 3736 1476 3808 προσάγων
1504 3730 1648 3803 ἡμᾶς
1680 3729 1758 3791 εἰς
1784 3726 1893 3796 (Η)

329 3840 549 3913 ἀρετὴν,
579 3839 675 3910 τὴν
701 3835 1044 3906 ἀναχώρησιν
1066 3832 1165 3901 τῆς
1189 3827 1387 3890 κακίας
1411 3824 1583 3896 ἀρχὴν
1606 3821 1898 3889 ἐποιήσατο

337 3931 440 3985 τῶν
488 3927 685 3983 καλῶν.
730 3926 791 3978 El
821 3923 928 3994 γάρ
966 3918 1124 3981 εὐθὺς
1177 3913 1443 3987 προέϐαλέ
1480 3927 1559 3963 σοι
1595 3908 1664 3960 τὰ
1695 3904 1895 3968 τέλεια,

331 4023 664 4092 ἀπώκνησας
703 4018 768 4071 ἂν
794 4016 928 4087 πρὸς
972 4012 1067 4083 τὴν
1098 4009 1435 4080 ἐγχείρησιψ
1472 4001 1566 4055 νῦν
1592 3999 1649 4052 δέ
1678 3998 1788 4059 τοῖς
1818 3994 1902 4047 εὐ-

336 4111 681 4184 ληπτοτέροις
735 4124 792 4160 σε
831 4102 1159 4175 προσεθίζει,
1206 4101 1292 4152 ἵνα
1337 4090 1752 4162 κατατολμήσῃς
1792 4085 1900 4138 τῶν

339 4178 826 4274 εςρεξῆςίΚλίμακι
865 4196 971 4265 γὰρ
1020 4188 1394 4263 προσεοικέναι
1427 4184 1589 4255 φαίην
1623 4180 1686 4235 ἂν
1730 4178 1904 4245 ἔγωγε

338 4308 437 4377 τῆς
464 4301 741 4363 εὐσεϐείας
779 4305 877 4370 τὴν
905 4296 1134 4363 ἄσκησιν
1159 4308 1171 4320 ·
1222 4288 1447 4357 κλίμακι
1472 4278 1676 4351 ἐκείνη,
1700 4274 1767 4345 ἢν
1792 4271 1900 4325 εἶδέ

348 4376 470 4466 ποτε
503 4412 530 4461 ὁ
560 4407 822 4480 μακάριος
862 4398 1075 4454 Ἰακὼϐ.
1103 4392 1170 4466 ἧς
1197 4392 1264 4445 τά
1306 4389 1403 4461 μέν
1450 4382 1517 4457 ἦν
1543 4376 1809 4453 πρόσγειά
1846 4392 1904 4429 τε

344 4517 439 4569 καὶ
469 4513 578 4584 (12)
612 4506 942 4582 χαμαίζηλα,
968 4503 1035 4557 τὰ
1067 4502 1123 4554 δὲ
1151 4498 1293 4567 ὑπὲρ
1324 4492 1483 4546 αὐτὸν
1507 4488 1607 4558 ἤδη
1643 4485 1732 4539 τὸν
1756 4484 1910 4536 οὐρα-

346 4559 439 4569 ""'
470 4559 578 4584 \'_I
614 4559 815 4582 A"t""'-
844 4559 853 4577 .
930 4559 941 4568 .
1264 4559 1275 4567 _

342 4616 432 4668 νδν
462 4611 780 4667 ἀνετείνετο.
810 4606 969 4658 Ὥστε
994 4603 1071 4654 δεῖ
1096 4601 1219 4660 τοὺς
1248 4591 1630 4662 εἰσαγομένους
1661 4584 1796 4657 πρὸς
1820 4582 1907 4635 τὸν
1942 4593 1983 4646 ι)

330 4716 465 4771 ’κατ’
506 4710 703 4784 ἀρετὴν
731 4708 842 4778 βίον
872 4706 983 4766 τοῖς
1012 4699 1247 4773 πρώτοις
1275 4694 1501 4765 βαθμοῖς
1529 4684 1835 4742 ἐπιϐάλλειν
1854 4682 1916 4734 τὸ

354 5040 470 5095 κατ’
502 5038 679 5106 ὀλίγον
706 5028 985 5105 προκοπῆς
1014 5020 1303 5079 ἀναϐῶσιν.
1339 5016 1549 5083 Ὥσπερ
1576 5004 1667 5062 οὖν
1696 5005 1787 5058 ἐπὶ
1818 5001 1914 5070 τῆς

426 5176 469 5207 ³¹
508 5173 700 5229 Cenes.
737 5166 891 5233 t,27.
966 5164 1009 5195 ³³
1048 5156 1191 5240 Ρεει.
1225 5165 1414 5216 xxxvr,
1446 5148 1537 5201 27.

434 5316 508 5387 (ί)
539 5316 629 5367 Sic
658 5324 786 5364 mss.
810 5316 1070 5377 plerique.
1097 5316 1131 5351 Α

433 5386 508 5449 (5)
539 5383 712 5436 Editio
741 5372 1131 5449 Paris._cx_61:at

360 5427 552 5511 σκόπει
578 5452 717 5515 πῶς,
763 5427 1020 5503 θιξῖδθιί
1050 5427 1378 5515 vocandum;
1428 5427 1914 5515 [)Eiill-IZOLxl‘lll‘tlltll‘ia:

586 5492 717 5577 ἱλεῖ
752 5492 966 5586 legitur,
985 5492 1302 5586 nec—mirum
1328 5502 1380 5557 id
1403 5492 1569 5554 videri
1596 5492 1773 5555 debet,
1793 5502 1913 5543 cum

360 5578 598 5653 secundo
629 5595 744 5645 loco
772 5578 1302 5658 prorsusredundet.

436 5664 512 5732 (6)
546 5663 725 5717 Codex
758 5651 895 5713 tinus
926 5651 1119 5732 ὲφᾴενη·
1147 5727 1158 5732 _
1271 5713 1428 5732 M9“
1475 5706 1569 5732 ηπ

434 5706 511 5805 ii)’
541 5706 934 5805 ἔὶζίῖῖἱῑῌξε.
963 5706 1167 5790 ἐιῖιιὺοι
1197 5706 1595 5784 καθέδρᾳ.Αιὶἰ,

363 5801 807 5873 Αιῖῑ,“καθέδραν.
916 5864 949 5873 __
1064 5859 1087 5873 ,,
1225 5865 1238 5873 _
1279 5851 1443 5873 ...μμ
1505 5844 1641 5873 n_|:.:

435 5839 812 5948 Z'éﬁﬁ‘ié'f,
842 5864 1035 5939 quibus
1062 5859 1244 5917 favent
1279 5851 1468 5910 Biblia.
1505 5844 1645 5901 eum
1674 5839 1809 5898 ἀλλὰ
1835 5840 1913 5895 ἐν.

539 5313 629 5367 Sic
658 5324 786 5364 mss.
810 5305 1070 5377 plerique.
1097 5299 1257 5377 Abest
1293 5288 1552 5377 articulus
1584 5279 1902 5377 ab

1153 5349 1260 5420 τῶν
1290 5359 1543 5435 ῥημάτων
1576 5355 1636 5407 τὸ
1665 5349 1908 5435 ἀκριϐὲς,

1627 5698 1911 5772 καθέδρας.

764 768 824 858 τὸ
856 768 1011 876 ἔργον
1046 768 1178 861 έσον,
1201 799 1399 851 τούτων
1427 793 1517 847 καὶ
1544 768 1788 862 όήμισθὸς
1815 789 1843 841 ὁ

1978 786 1999 832 ι
2025 790 2232 831 merces
2255 774 2464 829 eadem.
2496 774 2673 839 Quare
2698 783 2849 840 ergo,
2877 769 2978 823 viri
3014 768 3154 824 facta
3203 770 3501 837 mentione,

1946 870 2223 926 mulierem
2273 863 2767 929 tacuit‘lQuoniam
2804 862 2937 916 satis
2987 875 3107 916 esse
3152 860 3503 923 existimavit,

1946 977 2066 1019 cum
2087 975 2188 1015 una
2212 960 2282 1015 sit
2305 968 2496 1011 natura
2515 953 2815 1016 amborum,
2830 966 2942 1021 per
2964 950 3281 1021 praecipuam
3298 961 3505 1019 partem

1948 1063 2117 1109 totum
2143 1050 2467 1120 signiﬁca-re.
2492 1047 2683 1102 Beatus
2706 1044 2812 1115 93
2837 1044 2995 1113 igitur
3024 1044 3119 1104 vir,
3143 1042 3230 1112 qui
3257 1056 3356 1095 non
3381 1041 3508 1094 abiit

1947 1148 2003 1202 in
2027 1146 2249 1201 concilio
2294 1143 2595 1211 impiorum.
2635 1137 2925 1194 Considera
2960 1136 3246 1190 verborum
3288 1147 3509 1187 accura-

1952 1239 2153 1295 tionem
2188 1255 2203 1293 :
2243 1233 2505 1303 quomodo
2531 1229 2781 1301 qumlibet
2810 1226 2975 1283 dictio
2998 1225 3281 1281 sententiis
3310 1224 3508 1279 referta

1952 1332 2043 1387 sit.
2079 1328 2193 1384 Non
2220 1326 2375 1391 dixit,
2406 1322 2508 1390 Qui
2544 1336 2648 1375 non
2683 1320 2797 1374 abit
2842 1318 2897 1373 in
2927 1317 3151 1374 consilio
3180 1316 3464 1384 impiorum
3496 1332 3511 1382 ;

1956 1424 2073 1488 sed,
2110 1420 2212 1486 Qui
2241 1435 2345 1473 non
2376 1416 2526 1470 abiit.
2572 1413 2673 1481 Qui
2704 1412 2845 1467 enim
2876 1412 2928 1467 in
2971 1412 3072 1466 bac
3100 1406 3208 1463 vita
3246 1418 3514 1472 versatur,

1957 1512 2190 1569 nondum
2223 1517 2442 1579 propter
2472 1508 2736 1561 incertum
2781 1504 2982 1558 exitum
3025 1503 3212 1555 beatus
3243 1508 3327 1553 est
3370 1514 3512 1569 pm:-

1959 1603 2257 1661 dicandus:
2291 1599 2380 1669 qui
2406 1611 2534 1651 vero
2560 1610 2712 1650 suum
2737 1592 3299 1663 e‘xpleveritoﬂicium,
3327 1593 3521 1644 vitam-

1958 1712 2062 1768 que
2091 1706 2238 1751 certo
2278 1693 2384 1747 line
2414 1689 2690 1752 clauserit,
2723 1688 2767 1741 is
2806 1686 2915 1754 jam
2943 1686 3130 1740 beatus
3166 1693 3277 1738 tuto
3301 1683 3518 1737 dicitur.

1959 1789 2071 1845 Cur
2101 1788 2263 1859 igitur
2294 1781 2435 1839 beati
2474 1781 2563 1849 qui
2588 1777 2864 1834 ambulant
2893 1777 2942 1830 in
2974 1776 3090 1845 lege
3121 1773 3374 1829 Domini?
3415 1789 3519 1828 non

1661 1891 1720 1943 οὐ
1752 1889 1857 1963 γὰρ
1890 1877 1933 1939 Β
1960 1882 2101 1937 enim
2130 1879 2218 1933 hic
2267 1874 2545 1944 Scriptura
2579 1885 2673 1926 eos
2700 1870 2789 1939 qui
2834 1866 3262 1931 ambulaverunt,
3295 1866 3388 1919 sed
3429 1879 3523 1919 eos

1963 1970 2054 2042 qui
2082 1970 2256 2049 adhuc
2282 1962 2579 2024 ambulant,
2607 1956 2859 2027 prtedicat
2888 1956 3073 2011 beatos
3106 1970 3120 2007 :
3154 1953 3405 2021 quoniam
3430 1952 3523 2020 qui

1968 2064 2167 2121 faciunt
2194 2062 2413 2124 bonum,
2441 2057 2495 2111 in
2522 2054 2635 2123 ipsa
2666 2052 2875 2105 actione
2906 2056 3308 2116 consequuntur
3334 2058 3529 2115 appro-

1966 2156 2278 2216 bationem;
2315 2147 2409 2204 sed
2481 2144 2572 2215 qui
2626 2142 2798 2195 vitant
2848 2139 3066 2203 malum,
3123 2135 3372 2190 laudandi
3422 2152 3527 2189 non

1967 2256 2111 2309 sunt,
2140 2245 2184 2299 si
2220 2244 2360 2299 forte
2376 2238 2541 2294 semel
2562 2246 2653 2291 aut
2678 2237 2870 2289 iterum
2895 2240 3168 2303 peccatum
3188 2229 3528 2293 evitaverint,

1967 2339 2062 2396 sed
2094 2338 2137 2392 si
2164 2335 2384 2390 omnino
2418 2331 2544 2385 mali
2573 2327 2961 2396 experientiam
2989 2323 3261 2378 declinare
3301 2321 3527 2390 possint.

1968 2426 2145 2493 Atque
2175 2421 2333 2477 etiam
2360 2418 2527 2473 altera
2560 2414 2846 2470 ditlicultas
2868 2426 2932 2467 ex
2957 2409 3215 2464 oratiOnis
3240 2410 3380 2461 serie
3412 2418 3532 2460 sese

1972 2516 2129 2571 nobis
2176 2511 2420 2568 obtulit:
2458 2508 2566 2563 Cur
2611 2521 2732 2561 eum
2779 2504 2867 2573 qui
2920 2501 3049 2557 colit
3100 2500 3375 2563 virtutem,
3424 2511 3532 2550 non

1978 2606 2121 2658 dicat
2148 2602 2386 2666 beatum,
2414 2599 2508 2653 sed
2550 2610 2692 2660 eum,
2734 2594 2824 2664 qui
2852 2599 3126 2657 peccatum
3167 2604 3273 2641 non
3299 2585 3531 2641 admisit.

1974 2693 2087 2750 Hac
2116 2694 2258 2749 enim
2284 2693 2496 2747 ratione
2513 2702 2703 2758 equus,
2724 2687 2818 2741 bos
2844 2694 2898 2737 et
2930 2682 3062 2751 lapis
3087 2680 3266 2734 felices
3290 2685 3538 2749 poterunt

1975 2786 2254 2858 appellari.
2302 2784 2431 2851 Quae
2482 2782 2625 2837 enim
2675 2793 2763 2833 res
2814 2776 3103 2830 inanimata
3157 2772 3305 2826 stetit
3355 2770 3405 2823 in
3451 2770 3537 2821 via

1976 2877 2357 2952 peccatorum?
2379 2883 2469 2930 aut
2488 2889 2607 2942 quae
2630 2884 2718 2927 res
2742 2868 2965 2924 rationis
2988 2879 3181 2935 expers
3205 2863 3256 2917 in
3283 2861 3537 2917 cathedra

1979 2973 2293 3046 pestilentia:
2318 2968 2497 3026 sedit?
2528 2963 2775 3052 Profecto
2799 2963 2841 3017 si
2875 2958 3149 3029 paululum
3187 2963 3545 3022 exspectave-

1981 3065 2077 3131 ris,
2112 3061 2403 3118 remedium
2428 3040 2889 3111 invenies.‘lnfert
2921 3047 3063 3103 enim
3098 3046 3289 3116 (νεειε.
3316 3042 3405 3112 2):
3435 3040 3540 3096 Sed

1463 3180 1544 3233 ἴου
1570 3132 1646 3231 tdr
1658 3174 1877 3242 θέλημα

1983 3155 2037 3209 in
2093 3155 2203 3224 lege
2258 3149 2475 3205 Domini
2526 3145 2769 3202 voluntas
2813 3140 2946 3210 ejus.
2994 3136 3163 3191 Porro
3190 3135 3382 3189 divinze
3412 3132 3544 3200 legis

1811 3225 1885 3337 l9)
1914 3238 1955 3295 C
1989 3243 2266 3302 meditatio
2288 3242 2337 3296 ei
2366 3239 2490 3303 soli,
2531 3236 2622 3307 qui
2649 3233 2917 3306 particeps
2941 3225 3166 3283 rationis
3197 3232 3303 3291 est,
3340 3234 3542 3276 conve-

2112 3333 2154 3337 μ
2658 3327 2670 3337 .
2743 3323 2773 3337 ..
2814 3322 2826 3333 .
2910 3336 2945 3337 γέ
3009 3316 3326 3337 ῃ.μ.,,,ω
3370 3312 3531 3337 “ML

1989 3337 2088 3392 nit.
2110 3333 2218 3389 Nos
2249 3340 2429 3387 autem
2462 3337 2516 3383 et
2543 3327 2671 3381 illud
2724 3322 2972 3385 dicimus,
3009 3316 3329 3388 principium
3370 3312 3544 3366 bono-

1991 3443 2106 3483 rum
2138 3422 2607 3493 acquirendorum,
2636 3427 2907 3471 recessum
2936 3425 3057 3467 esse
3085 3425 3114 3462 a
3141 3407 3301 3462 malo.
3330 3402 3547 3458 Declina

1991 3539 2023 3575 ι
2055 3518 2217 3584 malo,
2248 3514 2438 3585 inquit,
2470 3522 2515 3568 et
2545 3512 2628 3580 {ac
2657 3510 2845 3563 bonum
2865 3505 2929 3556 ⁸⁸.

2064 3716 2117 3770 4.
2152 3713 2336 3784 Itaque
2376 3726 2499 3767 cum
2549 3708 2619 3763 ad
2672 3706 2924 3761 virtutem
2956 3716 3053 3756 nos
3106 3697 3404 3759 induceret,
3460 3706 3549 3746 san

1996 3809 2210 3880 pienter
2233 3820 2296 3859 ac
2329 3800 2463 3857 scite
2487 3798 2740 3853 vitiorum
2790 3793 2989 3864 fugam,
3024 3792 3285 3844 bonorum
3331 3784 3542 3837 initium

2000 3871 2159 3956 iecit.
2188 3896 2401 3953 Etenim
2435 3893 2481 3947 si
2512 3890 2690 3947 statim
2738 3902 2799 3944 ea
2843 3897 2963 3954 quae
3008 3887 3130 3935 sunt
3173 3874 3428 3947 perfecta,
3459 3871 3552 3925 tibi

1998 3991 2379 4065 proposuisset,
2430 3985 2499 4040 ad
2524 3998 2588 4039 ea
2641 3979 2889 4036 tentanda
2946 3973 3139 4028 fuisses
3176 3963 3551 4027 cunctantior;

2001 4100 2143 4140 nunc
2167 4096 2294 4137 vero
2332 4079 2399 4133 ad
2422 4092 2485 4132 ea
2512 4090 2631 4145 quae
2659 4081 2812 4141 captu
2847 4067 3081 4123 faciliora
3112 4068 3254 4124 sunt,
3290 4069 3341 4114 te
3374 4071 3557 4111 assue-

2004 4176 2150 4240 facit,
2181 4180 2239 4227 ut
2258 4186 2320 4227 ea
2337 4185 2454 4241 quae
2470 4171 2784 4236 sequuntur,
2811 4157 3143 4230 aggrediare.
3176 4152 3286 4221 Ego
3310 4147 3555 4218 equidem

2006 4264 2220 4339 pietatis
2247 4260 2692 4318 exercitationem
2723 4251 2883 4309 scalae
2915 4244 3248 4305 consimilem
3277 4252 3397 4294 esse
3435 4250 3558 4290 cre-

2007 4327 2257 4422 diderim,
2297 4352 2543 4410 videlicet
2564 4350 2719 4405 scalae
2741 4345 2835 4408 illi,
2867 4355 3027 4413 quam
3045 4338 3232 4392 beatus
3248 4331 3412 4389 Iacob
3430 4327 3559 4382 olim

2010 4452 2160 4519 vidit,
2213 4449 2366 4519 cujus
2410 4444 2622 4516 quidem
2673 4454 2798 4510 pars
2840 4447 3043 4489 terram
3102 4426 3375 4495 tangebat,
3425 4428 3565 4474 erat-

2168 4513 2316 4596 bumi
2349 4513 2624 4607 depressa,
2677 4545 2804 4601 pars
2834 4540 2962 4583 vero
3000 4523 3169 4577 altera
3208 4517 3346 4572 ultra
3389 4513 3562 4581 ipsum

2012 4636 2203 4692 crelum
2234 4630 2623 4704 porrigebatur.
2661 4600 2838 4691 Quare
2870 4629 3086 4672 necesse
3126 4619 3232 4674 est,
3281 4610 3359 4662 ut'
3394 4604 3432 4658 ii
3470 4600 3565 4670 qui

2012 4734 2139 4780 sunt
2206 4694 2271 4777 ad
2324 4694 2576 4775 virtutem
2640 4709 3002 4774 instituendi,
3056 4702 3247 4774 primis
3313 4694 3567 4767 gradibus

1849 4805 1913 4906 fw
2011 4817 2332 4872 admoveant
2359 4810 2668 4881 vestigium,
2694 4806 2923 4872 indeque
2947 4801 3013 4855 ad
3061 4801 3348 4865 sequentes
3375 4787 3570 4860 gradus

2499 4905 2502 4906 ν
2673 4903 2682 4906 -
2905 4894 2920 4906 .
2967 4894 2997 4906 _.
3076 4905 3081 4906 ν
3151 4905 3160 4906 ί
3214 4883 3457 4906 “gub
3504 4878 3568 4906 Al

2011 4924 2223 4978 semper
2243 4878 2533 4976 progressi,
2561 4903 2774 4956 tandem
2801 4894 3053 4965 paulatim
3074 4883 3480 4961 progrediendo,
3504 4878 3569 4933 ad

2010 4997 2345 5053 altitudinem
2386 4995 2634 5049 humana:
2678 4998 2882 5043 natura:
2928 4998 3032 5038 non
3077 4981 3334 5049 imparem
3382 4984 3570 5044 perve-

2085 5270 2160 5342 (9)
2185 5258 2748 5342 Reg._se_cundus_ént
2792 5255 2900 5309 τῶν
2929 5248 3161 5321 λογικῶν
3212 5245 3391 5316 μόνον.
3424 5237 3572 5294 Colb.

2015 5331 2222 5415 primus
2233 5331 2344 5415 ἐπὶ
2371 5336 2433 5388 τὸ
2457 5331 2691 5414 λογικόν.

2089 5379 2827 5482 ἷολέέιίίνκάκεῖνο
2869 5396 2921 5450 in
2966 5392 3136 5447 tribus
3184 5400 3314 5440 mss.
3364 5379 3580 5434 additur

2027 5483 2204 5621 μόῖἴῖᾗ
2232 5547 2503 5621 scriptum
2551 5539 2821 5621 invenitur
2972 5531 3145 5621 t’ribus'
3178 5538 3307 5579 mss.
3347 5519 3583 5621 elgdyozv

2022 5590 2177 5705 qua;
2764 5607 2959 5705 tertius;
2978 5595 3320 5684 ἀναχρρησιν
3347 5590 3456 5644 τῶν
3483 5604 3584 5643 κα-

2308 5688 2319 5702 ’
2382 5701 2454 5705 ω·
2473 5701 2490 5705 λ
2584 5679 2708 5705 ‘---‘-‘-
2728 5694 2775 5705 --
2865 5692 2933 5705 -ιι-
2969 5688 3045 5705 ι-ιυ
3076 5682 3270 5705 ειιηητη

2024 5673 2324 5747 θεῶν’πόιοῦ
2334 5701 2512 5759 μενος,
2537 5673 2708 5752 ἀρχὴν
2728 5678 2838 5759 τῶν
2865 5673 3045 5729 καλῶν
3075 5673 3288 5759 εἴδραίεξξἶ

2091 5724 3027 5832 ’τὲξέἒὶἕιῖἒὲαὶῗλι⁷ἶιιεε.
3056 5724 3292 5797 ηοιῖιιυιιί
3324 5724 3588 5805 πρόσγειά

2024 5851 2081 5888 τε
2112 5831 2222 5885 καί.
