4008 6402
502 336 602 393 219

1791 337 1849 393 S.
1890 333 2135 390 BASlLll
2167 332 2385 391 MAGNI

3751 335 3862 392 220

503 454 675 508 niant.
706 451 1167 519 Qitemadmodum
1193 453 1425 525 igiturin
1444 452 1589 509 scala
1622 453 1825 523 prims
1846 455 2062 525 gradus,

2167 453 2430 523 κλίμακος
2461 446 2648 524 πρώτη
2702 448 3030 521 ἀνάϐασιςὴ
3074 449 3172 520 τῆς
3215 448 3349 520 γῆς
3416 446 3858 522 ἀναχώρησις,

497 557 745 599 recessus
795 543 863 597 ab
898 543 1061 596 humo
1107 550 1191 597 est
1222 560 1234 596 :
1280 544 1353 598 ita
1403 543 1457 597 in
1491 545 1614 599 vitze
1644 544 1888 599 instituto
1918 544 2058 613 quod

498 634 792 690 secundum
824 633 986 687 Deum
1017 633 1109 699 sit,
1136 634 1412 702 profectus
1463 635 1698 700 initium,
1732 636 2002 690 discessus
2028 650 2057 689 a

465 772 469 777 .
502 724 642 778 malo
665 732 769 777 est.
803 721 1030 777 Prorsus
1060 734 1240 779 autem
1272 724 1485 779 facilius
1510 735 1593 780 est
1622 726 1844 781 omnino
1874 727 2057 791 otiari,

500 826 657 880 quam
677 810 898 879 quodvis
924 811 1273 879 opusfacere:
1298 814 1444 868 verbi
1464 816 1665 883 gratia:
1691 814 1807 869 Non
1822 814 2061 880 occides;

502 917 604 954 non
647 902 1013 967 maechaberis;
1051 920 1149 957 non
1180 904 1436 969 furaberis
1460 906 1523 960 “.
1560 906 1756 961 Horum
1789 908 2064 976 quodlibet

502 1005 705 1045 meram
754 993 983 1047 actionis
1022 1002 1074 1046 et
1110 1002 1286 1048 motus
1331 995 1683 1063 privationem
1717 997 1965 1067 postulat.
1998 997 2063 1050 ll-

502 1081 591 1135 lud
620 1097 765 1147 vero,
785 1082 982 1153 Diliges
1010 1085 1302 1153 proximum
1331 1096 1476 1138 tuum
1505 1088 1635 1140 sicut
1665 1089 1952 1157 teipsum”;
1977 1097 2057 1142 et:

512 1168 686 1231 Vende
714 1193 830 1246 qua:
850 1177 1028 1241 habes,
1061 1188 1108 1230 et
1136 1178 1203 1229 da
1229 1178 1540 1246 pauperibus
1556 1180 1620 1245 ³⁶;
1654 1189 1707 1232 et
1734 1197 1747 1232 :
1771 1178 1831 1233 Si
1864 1180 1980 1250 quis
2015 1188 2061 1232 te

502 1268 846 1336 augariaverit
882 1268 1023 1322 mille
1043 1286 1250 1337 passus,
1277 1272 1404 1325 vade
1430 1288 1546 1325 cum
1574 1270 1664 1324 illo
1692 1272 1794 1325 duo
1812 1272 1875 1335 δ’,
1904 1271 2059 1337 digna

503 1358 717 1413 athletis
760 1374 920 1428 opera
964 1370 1122 1425 sunt,
1170 1363 1363 1431 quibus
1416 1363 1691 1433 patrandis
1749 1364 2059 1433 animojam

504 1449 626 1503 forti
665 1462 718 1505 et
750 1463 966 1508 strenuo
996 1468 1129 1523 Opus
1159 1464 1259 1509 est.
1291 1455 1472 1521 Quare
1521 1455 1666 1509 illius
1721 1455 1918 1510 mirare
1971 1471 2061 1510 sa-

504 1542 779 1609 pientiam,
811 1544 899 1613 qui
949 1560 1042 1614 per
1096 1561 1158 1599 ea
1199 1562 1317 1614 quae
1349 1545 1593 1600 faciliora
1646 1556 1699 1601 et
1733 1548 2063 1615 expeditiora

503 1643 650 1698 sunt,
683 1635 747 1687 ad
775 1634 1155 1703 perfectionem
1201 1652 1297 1689 nos
1333 1637 1569 1691 deducit.
1605 1636 1729 1691 Tria
1764 1648 1942 1692 autent
1969 1654 2064 1693 no-

500 1734 586 1789 bis
622 1736 899 1802 proposuit
924 1736 1116 1791 merito
1144 1737 1403 1804 cavenda,
1436 1753 1505 1793 ne
1537 1737 1786 1794 videlicet
1811 1739 2063 1797 abeamus

502 1825 556 1879 in
591 1827 812 1881 consilio
837 1826 1145 1896 impiorum,
1171 1842 1237 1882 ne
1259 1837 1460 1884 stemus
1486 1830 1539 1883 in
1577 1830 1658 1884 via
1692 1840 2058 1898 peccatorum,
2095 1813 2136 1868 Β

503 1931 573 1972 ne
596 1917 648 1971 in
681 1918 935 1974 cathedra
970 1919 1291 1988 pestilentiae
1323 1923 1628 1977 sedeamus.
1668 1922 1870 1978 Rerum
1908 1934 2063 1980 uatu-

505 2022 620 2061 ram
650 2018 884 2073 secutus,
901 2008 1173 2080 94verba
1198 2012 1299 2067 hoc
1317 2014 1503 2068 ordine
1526 2014 1805 2083 disposuit.
1826 2015 2059 2072 Primum

503 2100 646 2155 enim
672 2100 1065 2169 deliberamus;
1088 2102 1279 2157 deinde
1301 2102 1739 2160 deliberationem
1762 2107 2060 2177 firmamus;

503 2200 774 2260 postremo
805 2192 962 2246 rebus
1002 2192 1312 2249 deliberatis
1342 2195 1666 2253 insistimus.
1691 2198 1831 2253 Ante
1878 2200 2058 2252 omnia

505 2282 671 2350 igitur
697 2284 888 2339 mentis
908 2294 1102 2339 nostra:
1119 2285 1378 2340 munditia
1404 2287 1725 2343 declaranda
1749 2303 1865 2345 erat
1884 2290 2061 2355 beata,

504 2374 756 2441 quoniam
826 2376 1025 2435 {cordis
1081 2378 1433 2445 {propositum
1514 2380 1787 2435 actionum
1870 2396 2061 2450 corpo-

505 2478 720 2518 rearum
808 2466 959 2519 radix
1050 2469 1280 2525 exsistit.
1355 2469 1695 2526 Adulterium
1785 2473 1928 2528 enim
2010 2474 2061 2527 in

502 2554 799 2625 voluptuosi
868 2558 1043 2611 anima
1112 2559 1285 2628 primo
1364 2560 1642 2616 incensum
1700 2601 1716 2628 ,
1794 2563 1868 2617 ita
1944 2578 2062 2619 eam

504 2650 903 2718 corruptionem
970 2668 1087 2721 quae
1160 2668 1254 2722 per
1305 2669 1501 2723 corpus
1585 2654 1680 2720 ﬁt,
1734 2658 1891 2725 parit.
1951 2655 2061 2711 Uu-

507 2736 572 2791 de
627 2747 682 2791 et
730 2739 987 2793 Dominus
1039 2741 1181 2795 intus
1229 2757 1350 2798 esse
1406 2744 1481 2797 ait
1541 2759 1658 2812 qua:
1718 2746 2065 2815 coinquinant

508 2828 777 2882 hominem
806 2829 869 2884 ³⁸.
916 2830 1176 2896 Quoniam
1237 2844 1415 2887 autem
1464 2834 1753 2889 admissum
1808 2835 1859 2888 in
1901 2836 2062 2889 Deum

506 2930 819 2989 peccatum,
870 2921 1117 2990 impietas
1156 2924 1371 2991 proprie
1416 2924 1633 2987 dicitur,
1671 2925 1811 2979 absit
1860 2935 1916 2979 ut
1967 2942 2067 2980 un-

509 3026 668 3081 quam
709 3014 775 3067 de
822 3014 930 3069 Deo
975 3029 1070 3080 per
1112 3015 1534 3069 incredulitatem
1577 3017 1913 3072 dubitemus!
1952 3018 2065 3072 Hoc

512 3119 744 3173 namque
778 3115 860 3159 est
906 3106 1095 3160 abiisse
1135 3108 1189 3160 in
1229 3107 1442 3161 consilio
1480 3108 1776 3176 impiorum,
1816 3111 1858 3163 si
1893 3111 1941 3163 in
1976 3119 2066 3165 tuo

2160 544 2328 607 οὕτως
2347 542 2438 595 ἐπὶ
2462 542 2561 613 τῆς
2590 542 2729 596 κατά
2757 536 2887 595 Θεὸν
2914 537 3205 608 πολιτείας,
3233 538 3426 610 ἀρχὴ
3455 538 3603 607 (15)
3640 558 3859 611 προκο-

2161 635 2267 706 πῆς
2300 637 2327 687 6
2352 634 2626 705 χωρισμὸς
2653 634 2745 687 τοῦ
2777 632 2968 688 κακοῦ.
2997 633 3172 696 Ὃλως
3198 631 3254 684 δὲ
3289 633 3503 684 πᾶσα
3528 632 3735 703 ἀργία
3765 638 3856 690 καὶ

2160 728 2259 798 τῆς
2286 728 2554 799 τυχούσης
2581 720 2832 799 πράξεώς
2860 728 3006 779 ἐστιν
3030 723 3471 795 εὐμαρεστέρα.
3498 740 3515 754 ·
3568 719 3729 790 οἷον,
3766 729 3847 779 Οὐ

2160 820 2604 889 φονεύσεις-οὺ
2637 818 3007 888 μοιχεύσειςο
3061 818 3133 869 οὺ
3190 816 3536 884 κλέψεις.
3613 816 3853 887 Ἀργὲας

2160 910 2359 963 τούτων
2377 908 2601 962 ἕκαστον
2621 909 2716 962 καὶ
2734 908 3020 979 ἀκινησίας
3039 906 3229 961 δεῖται.
3257 906 3717 976 Ἀγαπήσεις
3734 910 3841 979 (14)

2160 1004 2265 1057 τὸν
2297 1003 2563 1071 πλησίον
2595 1018 2710 1057 σου
2737 1002 2817 1069 ὡς
2844 998 3104 1055 σεαυτόν
3131 1016 3144 1029 ο
3170 999 3294 1066 καὶ,
3318 999 3706 1069 Πώλησόν
3730 1017 3848 1056 σου

2160 1096 2232 1149 τὰ
2260 1094 2623 1163 ὑπάρχοντα,
2673 1096 2771 1148 καὶ
2834 1093 2937 1159 δὸς
2986 1093 3241 1162 πτωχοῖς
3266 1110 3284 1123 ο
3332 1093 3487 1159 καὶ,
3551 1092 3712 1147 Ἐάν
3747 1096 3838 1163 τίς

2163 1203 2235 1241 σε
2263 1188 2626 1256 ἀγγηριεύσῃ
2653 1186 2858 1255 μίλιον
2896 1185 2983 1251 ἓν,
3008 1186 3197 1255 ὕπαγε
3233 1188 3395 1253 μετ’
3433 1184 3669 1241 αὑτοῦ
3707 1187 3838 1252 δύο,

2163 1276 2508 1347 ἐνεργήματα
2532 1278 2677 1329 ἐστιν
2706 1275 2963 1345 ἀθληταῖς
2992 1275 3296 1346 πρέποντα,
3335 1276 3459 1329 καὶ
3494 1275 3709 1347 ψυχῆς
3732 1279 3829 1351 ἤδη

2162 1368 2417 1437 νεανικῆς
2443 1367 2672 1437 δεόμενα
2709 1366 2845 1435 πρὸς
2870 1366 3223 1437 κατόρθωσιν.
3269 1366 3480 1418 "(late
3523 1367 3833 1437 Θαύμασον

2161 1462 2259 1532 τὴν
2290 1461 2479 1529 σοφίαν
2506 1460 2598 1514 τοῦ
2650 1461 2737 1515 διά
2770 1460 2877 1513 τῶν
2905 1460 3348 1531 εύμαρεστέρων
3387 1460 3503 1513 καὶ
3538 1460 3818 1531 εύληπτο·

2163 1550 2786 1622 τέρωνὲνάγοντοςὴμᾶς
2802 1550 2937 1623 πρὸς
2953 1550 3048 1622 τὴν
3060 1550 3568 1621 τελείωσιν.Τρία
3598 1550 3665 1603 δὲ
3701 1569 3825 1621 προε

2165 1640 2351 1696 έϐαλεν
2370 1643 2499 1713 ἡμῖν
2515 1643 2582 1697 τά
2605 1641 2849 1712 φυλακῆς
2867 1642 3009 1709 ἄξια,
3037 1642 3110 1714 μὴ
3134 1641 3519 1713 πορευθῆναι
3550 1645 3620 1695 ἐν
3646 1642 3813 1714 βουλῇ

2164 1734 2393 1798 ἀσεϐῶν,
2427 1735 2499 1806 μὴ
2532 1737 2721 1806 στῆναι
2767 1737 2823 1787 ἐν
2853 1734 2955 1804 ὁδῷ
2982 1733 3363 1805 ἁμαρτωλῶν,
3412 1733 3506 1804 μὴ
3534 1734 3818 1803 καθεσθῆ-

2164 1843 2251 1881 ναι
2289 1827 2380 1879 ἐπὶ
2423 1825 2685 1898 καθέδρας
2722 1826 2831 1896 (15)
2865 1824 3086 1895 λοιμῶν.
3134 1826 3211 1895 Τῇ
3260 1825 3459 1893 φύσει
3510 1825 3637 1877 τῶν
3681 1843 3813 1896 πρα-

2164 1919 2387 1989 γμάτων
2409 1916 2692 1988 ἑπόμενος,
2738 1917 2835 1987 τὴν
2865 1916 3014 1982 τάξιν
3047 1914 3247 1985 ταύτην
3283 1917 3418 1977 τοῖς
3471 1916 3807 1986 εἰρημένοις

2165 2010 2448 2081 ἐπέθηκεν.
2484 2007 2853 2080 Βουλευόμεθα
2882 2008 2986 2080 γὰρ
3028 2007 3296 2078 πρότερον
3320 2048 3337 2072 ,
3382 2002 3525 2060 εἶτα
3559 2006 3805 2076 ἱστῶμεν

2165 2105 2224 2157 τὸ
2257 2104 2561 2174 βούλευμα,
2594 2099 2711 2155 εἶτα
2758 2104 2869 2165 τοῖς
2910 2100 3273 2171 βουλευθεῖσιν
3317 2100 3796 2171 ὲναπομένομεν.

2167 2194 2403 2266 Πρώτως
2433 2190 2525 2247 οὖν
2569 2188 2901 2265 μακαριστὸν
2935 2192 2993 2245 τὸ
3025 2195 3080 2244 ἐν
3126 2194 3188 2263 τῇ
3219 2190 3467 2264 διανοίᾳ
3504 2194 3540 2263 ἡ
3552 2192 3682 2263 μῶν
3710 2209 3799 2244 κα-

2167 2286 2349 2358 θαρὸν,
2380 2285 2565 2356 ἐπειδὴ
2600 2285 2723 2355 ῥίζα
2761 2283 2869 2336 τῶν
2907 2283 2994 2336 διὰ
3024 2282 3116 2335 τοῦ
3153 2281 3436 2353 σώματος
3485 2284 3793 2354 ἐνεργειῶν

2166 2379 2225 2431 τὸ
2250 2380 2305 2430 ὲν
2343 2377 2537 2447 καρδίᾳ
2570 2376 2857 2446 βούλευμα.
2903 2375 2965 2428 Ἠ
2997 2375 3103 2445 γὰρ
3131 2375 3390 2445 μοιχεία,
3445 2377 3510 2427 ὲν
3538 2379 3610 2446 τῇ
3646 2376 3786 2447 ψυχῇ

2166 2468 2258 2523 τοῦ
2283 2469 2388 2540 (16)
2429 2468 2705 2539 φιληδόνου
2742 2466 2954 2538 πρῶτον
2999 2465 3444 2536 ἀναφλεχθεῖσα,
3492 2467 3647 2521 οὕτω
3690 2468 3785 2539 τὴν

2166 2560 2252 2612 διὰ
2291 2558 2383 2611 τοῦ
2420 2558 2667 2629 σώματος
2713 2557 2918 2627 φθορὰν
2958 2556 3369 2628 ἀπεργάζεται.
3410 2559 3596 2612 ’Ὅθεν
3635 2560 3730 2612 καὶ
3758 2561 3785 2611 6

2168 2649 2367 2721 Κύριός
2388 2667 2547 2721 φησιν
2567 2648 2773 2703 ἔνδοθεν
2795 2644 3013 2702 εἶναιτὰ
3032 2649 3322 2705 κοινοῦντα
3339 2652 3440 2703 τὸν
3460 2651 3564 2705 ἀνο
3575 2668 3771 2723 ρωπον.

2180 2742 2393 2813 Ἐπειδὴ
2417 2742 2473 2795 δὲ
2494 2741 2654 2795 ἀσὲϐε
2664 2759 2716 2796 ια
2731 2741 2931 2814 κυρίως
2949 2739 3209 2813 λέγεταιὴ
3234 2744 3323 2806 εἰς
3339 2742 3487 2796 Θεὸν
3505 2743 3775 2815 ἁμαρτία,

2173 2836 2247 2907 μὴ
2264 2835 2471 2904 γένοιτο
2486 2834 2738 2901 δέξασθαι
2754 2836 2901 2906 ἡμᾶς
2919 2833 2978 2899 ἐξ
2996 2835 3251 2898 ἀπιστίας
3271 2835 3415 2889 ποτὲ
3431 2836 3766 2907 ἀμφιϐολίαν

2173 2928 2300 2997 περὶ
2330 2926 2463 2980 Θεοῦ
2491 2927 2503 2980 !
2534 2925 2702 2979 Τοῦτο
2724 2927 2831 2997 γάρ
2855 2928 2968 2979 ἐστι
2987 2926 3046 2978 τὸ
3072 2926 3457 2994 πορευθῆναι
3479 2926 3770 2994 ἐνβουλῇ

2170 3018 2422 3082 ἀσεϐῶν,
2463 3016 2557 3071 ὲάν
2605 3019 2763 3090 εἴπῃς
2812 3018 2869 3069 έν
2920 3019 2984 3088 τῇ
3034 3017 3230 3089 καρδίᾳ
3264 3035 3405 3071 σου·
3454 3015 3609 3089 *Αρα
3652 3018 3763 3070 ἔστι

2171 3109 2300 3173 Θεὸς
2331 3110 2605 3180 κυϐερνῶν
2638 3109 2706 3163 τά
2740 3110 3067 3180 σύμπαντα;
3096 3106 3207 3180 ἆρα
3240 3110 3367 3163 ἔστι
3399 3110 3542 3175 Θεὸς
3588 3113 3646 3163 ἐν
3686 3110 3763 3162 οὐ·

512 3200 677 3252 corde
702 3198 899 3252 dixeris
924 3215 937 3250 :
965 3197 1096 3251 Num
1130 3199 1266 3253 Deus
1286 3209 1390 3265 est,
1418 3198 1506 3267 qui
1542 3199 1789 3253 universa
1826 3201 2063 3255 modere-

2171 3172 2640 3273 ρανῷ,οίκονομῶν
2655 3172 3254 3273 τά(1¹ῖ)καθ’ἕκαστον;
3280 3198 3397 3275 ἆρα
3418 3172 3631 3275 κρίσις;
3653 3198 3755 3273 ἆρα

515 3296 604 3344 tur
630 3299 683 3343 et
710 3288 1005 3360 gubernet?
1030 3287 1165 3343 Num
1191 3290 1330 3344 Deus
1356 3292 1406 3344 iu
1432 3290 1582 3345 caelis
1608 3300 1709 3356 est,
1735 3292 1824 3361 qui
1854 3292 2068 3362 dispen-

515 3389 600 3436 set
627 3379 872 3450 singula?
895 3389 1046 3435 estne
1080 3378 1377 3448 judicium?
1404 3381 1539 3435 Nunt
1568 3383 1856 3452 unicuique
1877 3398 2068 3438 secun-

512 3474 638 3527 dum
672 3487 835 3539 opera
883 3488 976 3527 sua
1024 3473 1364 3527 retribuenda
1399 3483 1481 3528 est
1517 3476 1762 3529 merces?
1794 3476 1902 3530 Cur
1930 3491 2060 3546 ergo

506 3562 633 3631 justi
676 3569 852 3631 egent,
902 3570 1212 3631 peccatores
1258 3579 1385 3618 vero
1440 3564 1715 3618 abundant
1756 3566 1983 3634 opibus?
2011 3566 2064 3620 bi

509 3668 671 3723 aegra,
707 3652 778 3705 illi
822 3651 975 3706 firma
1016 3664 1139 3706 sunt
1176 3651 1519 3707 valetudine?
1548 3654 1599 3708 hi
1633 3654 1955 3721 inhonorati,
1992 3655 2066 3710 illi

509 3753 633 3799 sunt
661 3746 893 3799 maximo
920 3745 971 3798 in
993 3745 1227 3799 honore?
1248 3743 1494 3812 Nunquid
1528 3744 1745 3800 fortuito
1781 3746 1953 3800 fertur
1980 3748 2067 3802 hic

510 3839 763 3901 mundus,
799 3848 852 3891 et
886 3838 1159 3894 temerarii
1195 3837 1409 3906 quidam
1455 3851 1611 3892 casus
1650 3840 2067 3910 uniuscujusque

509 3931 677 3984 vitam
709 3941 906 3984 temere
931 3931 1269 3998 partiuntur?
1300 3931 1424 3985 llaec
1445 3930 1489 3984 si
1512 3932 1855 4001 cogitaveris,
1885 3931 2065 3987 abiisti

509 4021 565 4077 in
600 4023 826 4077 consilio
878 4024 1185 4092 impiorum.
1237 4024 1432 4079 Beatus
1471 4024 1657 4095 igitur,
1698 4024 1786 4092 qui
1838 4025 1904 4079 de
1957 4024 2065 4079 Deo

514 4112 650 4167 nihil
680 4112 863 4167 habuit
886 4115 1256 4181 dubitationis,
1284 4116 1372 4184 qui
1397 4114 1537 4169 circa
1560 4113 1844 4184 praesentia
1875 4113 2067 4183 pusillo

508 4226 616 4266 non
647 4220 728 4265 est
753 4210 952 4273 animo,
987 4211 1078 4265 sed
1110 4220 1387 4280 exspectat
1432 4211 1646 4275 futura;
1678 4211 1763 4266 cui
1796 4210 2066 4266 incredula

508 4304 577 4356 de
604 4317 689 4367 eo,
709 4303 796 4371 qui
831 4319 929 4355 nos
954 4304 1181 4365 creavit,
1210 4302 1445 4370 suspicio
1484 4317 1587 4356 non
1626 4301 1841 4357 insedit.
1872 4302 2065 4356 Beatus

509 4404 686 4448 autem
720 4404 774 4448 et
811 4394 917 4459 ille,
942 4395 1028 4461 qui
1066 4397 1117 4447 in
1145 4394 1226 4447 via
1250 4404 1591 4464 peccatorum
1620 4409 1723 4448 non
1752 4394 1916 4449 stetit.
1946 4392 2063 4447 Vita

2168 3290 2519 3354 ἁνταπὸδοσις
2555 3290 2766 3362 ἑκάστῳ
2788 3291 2928 3345 κατά
2960 3291 3018 3344 τὸ
3040 3290 3195 3363 ἔργον
3221 3291 3399 3345 αὑτοῦ
3422 3310 3437 3357 ;
3469 3295 3571 3346 Διά
3595 3292 3648 3344 τί
3669 3287 3757 3343 οὖν

2171 3382 2370 3435 δίκαιοι
2406 3384 2675 3451 πένονται,
2724 3384 2815 3437 καὶ
2871 3383 3183 3454 ἁμαρτω).οὶ
3214 3383 3583 3448 πλουτοῦσιν;
3612 3378 3745 3437 οὗτοι

2169 3468 2723 3532 ἀσθενοῦσι,κάκεῖνοι
2754 3470 3017 3544 ἔρρωνται
3043 3488 3056 3536 ;
3092 3465 3236 3526 οὗτοι
3269 3473 3485 3545 ἄτιμοι,
3514 3474 3747 3526 κάκεῖνοι

2168 3560 2399 3627 ἔνδοξοι;
2435 3563 2658 3633 Μήποτε
2686 3563 3004 3634 αὐτομάτως
3028 3562 3057 3615 6
3097 3565 3306 3635 κόσμος
3358 3565 3610 3636 φέρεται,
3653 3562 3741 3616 καὶ

2172 3653 2449 3722 συντυχίαι
2500 3653 2645 3717 τινὲς
2700 3654 2881 3722 ἄλογοι
2936 3654 3184 3718 ἀτάκτως
3232 3656 3457 3726 ἑκάστῳ
3509 3654 3741 3723 ἀποκλη-

2170 3744 2320 3817 ροῦσι
2366 3745 2476 3816 (18)
2520 3748 2646 3808 τοὺς
2681 3745 2856 3816 βίους;
2893 3746 3017 3799 Ἐἀν
3050 3745 3221 3799 ταῦτα
3267 3746 3583 3818 διανοηθῇς,
3616 3748 3734 3798 ἐπο-

2172 3836 2364 3907 ρεύθης
2394 3839 2450 3889 ἐν
2484 3834 2640 3907 βουλῇ
2666 3836 2895 3890 ἀσεϐῶν.
2930 3836 3213 3908 Μακάριος
3247 3833 3344 3891 οὖν
3378 3838 3437 3901 ὃς
3457 3838 3557 3890 οὐκ
3583 3835 3731 3888 ἔλαϐε

2169 3928 2295 3998 περὶ
2348 3927 2481 3980 Θεοῦ
2515 3928 2828 3997 δισταγμὸν,
2870 3929 2897 3979 6
2933 3929 3007 3999 μὴ
3040 3926 3465 3999 μικροψυχήσας
3500 3928 3625 3997 περὶ
3662 3924 3727 3980 τὰ

2168 4020 2427 4089 παρόντα,
2462 4018 2574 4071 ἀλλ’
2607 4019 2889 4091 ἀναμένων
2917 4019 2986 4072 τά
3017 4021 3449 4093 προσδοκώμενα
3469 4038 3481 4050 ·
3532 4020 3588 4083 ὃς
3631 4019 3721 4073 οὐκ

2168 4113 2290 4181 ἔσχε
2346 4114 2473 4182 περὶ
2521 4111 2613 4164 τοῦ
2661 4112 2944 4176 κτίσαντος
2975 4114 3121 4185 ἡμᾶς
3167 4114 3439 4185 ὑπόληψιν
3486 4113 3714 4166 ἄπιστον.

2166 4205 2449 4275 Μακάριος
2483 4203 2537 4256 δὲ
2576 4204 2845 4267 κάκεῖνος,
2901 4200 2959 4268 ὅς
2994 4204 3049 4258 ἐν
3102 4204 3205 4275 ὁδῷ
3252 4203 3583 4277 ἁμαρτωλῶν
3623 4202 3715 4253 οὐκ

2167 4296 2315 4367 ἔστη.
2366 4296 2512 4357 Ὀδὸς
2538 4295 2634 4365 μὲν
2666 4291 2757 4348 οὖν
2789 4299 2817 4349 6
2850 4295 2962 4365 βίος
3010 4296 3223 4367 εἴρηται
3256 4297 3344 4349 διὰ
3372 4298 3472 4367 τὴν
3505 4295 3631 4366 πρὸς
3659 4291 3711 4343 τὸ

2165 4388 2315 4451 τέλος
2336 4388 2563 4441 ἑκάστου
2592 4386 2697 4440 τῶν
2735 4388 3099 4457 γεννηθέντων
3120 4386 3346 4453 ἔπειξιν.
3380 4389 3583 4456 ’Ὠσπερ
3607 4382 3707 4452 γὰρ

508 4488 695 4555 utique
740 4486 932 4540 dicitur
972 4487 1078 4551 via,
1111 4486 1253 4555 quod
1290 4485 1517 4555 quilibet
1554 4485 1605 4538 in
1641 4485 1800 4538 vitam
1853 4484 2058 4549 ingres-

2167 4480 2212 4533 οἱ
2258 4482 2314 4532 ἐν
2357 4481 2469 4543 τοῖς
2501 4478 2703 4541 πλοίοις
2743 4478 3090 4543 καθεύδοντες
3132 4479 3453 4551 αὐτομάτως
3484 4477 3582 4530 ὑπὸ
3620 4470 3705 4526 τοῦ

508 4592 623 4642 sus,
669 4579 733 4631 ad
772 4581 930 4632 linem
972 4586 1238 4646 properet.
1282 4576 1741 4645 Quemadmodum
1787 4576 1928 4628 enim
1972 4574 2064 4642 qui

510 4670 564 4725 in
594 4671 819 4742 navigiis
849 4673 1138 4738 dormiunt,
1166 4680 1357 4740 sponte
1382 4685 1411 4723 a
1449 4678 1608 4724 vento
1652 4670 1705 4721 in
1755 4677 1941 4736 portus
1972 4667 2064 4720 de-

509 4764 795 4829 ducuntur,
857 4772 912 4818 et
959 4763 1205 4831 quamvis
1259 4763 1357 4833 ipsi
1406 4776 1741 4832 nequaquam
1803 4760 2060 4824 sentiant,

507 4870 697 4910 cursus
747 4863 921 4909 tamen
964 4871 1055 4911 eos
1101 4857 1166 4910 ad
1208 4855 1492 4910 terminum
1542 4853 1843 4922 urgetzsic
1881 4860 1936 4906 et
1962 4867 2063 4906 nos

508 4946 779 5003 dillluente
808 4947 930 5000 vitae
954 4958 1149 5001 nostra:
1178 4954 1436 5016 tempore,
1477 4943 1774 4999 insensibili
1813 4943 1937 4997 vitze
1963 4957 2057 4997 no-

511 5051 636 5097 strae
681 5054 840 5094 cursu
892 5040 1037 5093 velut
1088 5040 1344 5093 continuo
1388 5037 1616 5107 quodam
1671 5047 1723 5092 ct
1766 5036 2059 5106 irrequieto

518 5145 664 5191 motu
716 5133 1075 5202 unusquisque
1115 5133 1182 5187 ad
1226 5131 1501 5203 proprium
1530 5131 1688 5185 ﬁnem
1724 5129 2057 5186 festinamus.

2167 4573 2578 4644 πνεύματοςὲπὶ
2609 4571 2831 4642 λιμένας
2864 4571 3103 4640 ἄγονται,
3139 4572 3242 4626 κᾶν
3268 4573 3419 4625 αὐτοὶ
3442 4571 3512 4643 μὴ
3536 4562 3701 4621 αἰσθά-

2167 4686 2383 4731 νωνται,
2411 4665 2525 4719 ἀλλ’
2547 4668 2575 4718 6
2610 4665 2805 4736 δρόμος
2832 4666 3028 4728 αὐτοὺς
3051 4665 3187 4737 πρὸς
3208 4665 3269 4718 τὸ
3294 4665 3440 4727 τέλος
3472 4660 3660 4726 ἐπείγει
3683 4672 3694 4684 ·

2166 4761 2305 4815 οὕτω
2340 4759 2433 4812 καὶ¹
2461 4760 2638 4828 ἡμεῖς,
2662 4758 2755 4811 τοῦ
2784 4757 2973 4830 χρόνου
3003 4757 3103 4827 τῆς
3137 4757 3280 4828 ζωῆς
3322 4755 3473 4827 ἡμῶν
3500 4750 3691 4823 παραρ-

2169 4852 2399 4923 ρέοντος,
2417 4848 2524 4902 οἷόν
2575 4867 2679 4901 τινι
2706 4849 2914 4919 κινήσει
2946 4851 3157 4918 συνεχεῖ
3188 4848 3279 4901 κα)⁵
3302 4844 3550 4913 ἀπαύστῳ
3575 4837 3693 4910 πρὸς

2168 4944 2226 4997 τὸ
2271 4945 2465 4996 οἰκεῖον
2492 4942 2718 5003 ἕκαστος
2760 4938 2931 5010 πέρας
2966 4938 3043 5010 τῷ
3080 4939 3387 4993 λανθάνοντι
3416 4934 3583 5006 δρόμῳ
3603 4928 3686 4997 τῆς

2167 5034 2309 5103 ζωῆς
2344 5031 2499 5103 ἡμῶν
2540 5030 2991 5101 κατεπειγόμεθα.
3033 5025 3186 5094 Οἷον,
3225 5027 3513 5087 καθεύδεις,
3553 5016 3685 5103 xui?

2167 5100 2445 5198 χρόνος-σε
2478 5100 2845 5195 παρατρέχειέ
2900 5125 3234 5195 ἐγρήγορας,
3285 5122 3373 5174 καὶ
3411 5114 3615 5184 ἄσχολος
3639 5100 3687 5158 εἷ

582 5298 625 5329 ³⁵
665 5295 834 5352 Exod.
869 5312 936 5351 xx
967 5335 982 5360 ,
1038 5295 1105 5351 13
1132 5324 1158 5337 -
1192 5293 1277 5349 l5.
1356 5294 1398 5326 ³⁸
1448 5292 1633 5348 Matth.
1670 5309 1754 5346 xu.
1789 5334 1804 5360 ,
1854 5290 1940 5347 19.
2017 5289 2061 5322 ³⁸

2167 5290 2230 5345 id.
2254 5289 2342 5343 21.
2419 5287 2460 5318 ³⁷
2486 5285 2673 5340 Matth.
2701 5301 2751 5353 ν,
2774 5286 2862 5339 41.
2904 5282 2948 5318 ³⁸
2976 5282 3165 5339 Matth.
3190 5280 3364 5348 xv,l8.

580 5440 695 5510 (13)
724 5440 854 5510 Beg.
877 5438 1141 5493 secundus
1176 5438 1417 5510 diram].

581 5507 693 5579 (M)
725 5507 856 5579 Rep.
890 5510 1155 5564 secundus
1176 5508 1235 5560 τὸ
1257 5507 1335 5579 δὲ,
1372 5507 1720 5577 Ἀγαπήσεις.

579 5574 690 5645 (⁷15)
730 5578 793 5632 Et
812 5574 908 5633 hic
939 5594 1151 5648 quoque
1181 5579 1236 5632 in
1272 5578 1539 5647 aliquibus
1571 5574 1709 5630 'mss.
1738 5574 1934 5648 legitur
1964 5574 2056 5648 επὶ

507 5644 792 5717 καθέδραν.
824 5648 929 5703 Nec
959 5644 1034 5702 ita
1066 5644 1231 5701 inulto
1258 5644 1378 5717 post
1431 5662 1559 5701 mss.
1606 5646 1845 5717 nonnulli
1879 5644 2056 5714 βουλὸ-

2155 5516 2291 5556 unus
2316 5501 2435 5569 ἀμφ

2227 5430 2338 5500 (16)
2372 5427 2719 5500 Codexunus
2750 5426 2808 5500 ἐν
2845 5426 2911 5494 τῇ
2958 5422 3152 5493 καρδίᾳ
3201 5416 3313 5472 τοῦ.
3354 5412 3484 5467 Infra
3527 5402 3670 5460 codex

2444 5495 2645 5549 ιϐολίαν
2670 5495 2807 5547 τινά.

2226 5546 2803 5640 (reﬂantem;
2838 5564 2866 5640 εξ
2925 5560 3221 5640 ο,ικονρμςῖ›ν
3254 5556 3328 5610 τά·
3361 5546 3664 5640 ξίθἯισῗῗ

2156 5604 2899 5697 ιηξεῖ’ἀντίδὸυσις.η8υῖ›ἶιιόε
2932 5604 3245 5688 ἀπογίιῗίιθιη
3298 5638 3416 5680 mss.
3448 5610 3575 5670 κατὰ
3605 5604 3663 5659 τά

510 5705 713 5801 μεθα.ξ.
736 5718 1070 5801 βούλημα..λ
1088 5705 1447 5801 βρυληθεῖσιν.
1474 5716 1710 5772 Subinde
1764 5705 1893 5785 Reg.
1943 5726 2054 5770 ler-

2167 5711 2289 5781 ἔργα
2314 5705 2499 5762 αὐτοῦ.

2230 5782 2267 5801 II
2282 5780 2333 5801 οἱ
2364 5778 2398 5801 ο
2413 5792 2472 5801 Αι-

509 5798 611 5843 ttus
642 5789 701 5841 τὸ
735 5788 1011 5861 ἐγκάρδιον
1046 5788 1307 5859 βούλημα.

2531 5775 2794 5834 secundus
2843 5785 2893 5831 et
2927 5774 3080 5831 Colb.
3122 5781 3298 5829 sextus
3336 5747 3655 5826 διακληροῦσιο
