4008 6402
329 401 431 456 29.1

1517 406 1795 462 HOMILIA
1836 406 1898 463 IN
1939 407 2264 463 PSALMUM
2297 407 2334 463 Ι.

3444 409 3556 467 233

325 516 432 586 τὴν
461 515 695 568 διάνοιαν
715 532 728 544 ·
761 516 873 569 ἀλλ’
920 516 1067 586 ὅμως
1098 518 1131 588 ἠ
1173 516 1285 588 ζωὴ
1319 516 1639 581 δαπανᾶται,
1673 521 1774 574 κᾶν
1797 520 1892 590 τὴν

1997 521 2238 590 Exempli
2285 534 2470 582 causa,
2517 519 2742 586 dormis,
2786 531 2993 589 tempus
3030 531 3080 576 te
3132 522 3299 593 fugit;
3342 524 3554 592 vigilas,

333 604 588 676 αἴσθησιν
611 605 767 675 ἡμῶν
817 605 1102 677 διαφεύγῃ.
1139 607 1347 679 Δρόμον
1370 603 1460 660 οὖν
1487 627 1603 662 τινα
1631 610 1894 681 τρέχομεν

332 697 539 760 πάντες
589 697 862 769 ἄνθρωποι
901 737 916 758 ,
947 699 1080 772 πρὸς
1137 698 1197 751 τὸ
1255 702 1448 754 οἰκεῖον
1493 703 1642 764 τέλος
1671 703 1897 766 ἕκαστος

333 788 675 865 ἐπειγόμενοι
724 789 866 859 (19)’
899 789 986 842 διὰ
1022 790 1178 842 τοῦτο
1210 791 1409 856 πάντες
1463 793 1628 863 ἐσμὲν
1669 795 1723 845 ὲν
1770 793 1891 863 ὁδῷ.

333 880 442 933 Καὶ
455 879 593 932 οὕτω
607 881 650 933 δ’
665 880 729 934 ἂν
748 881 930 944 λάϐοις
952 883 1048 953 τῆς
1077 882 1197 936 ὁδοῦ
1216 884 1312 953 τὴν
1330 884 1553 939 ἔννοιαν.
1589 885 1895 957 Ὀδοιπόρος

328 972 636 1043 ἐφέστηκας
654 973 729 1043 τῷ
747 973 844 1044 βίῳ
861 976 1030 1045 τούτῳ
1048 992 1063 1004 '
1087 975 1263 1030 πάντα
1284 978 1550 1049 παρέρχῃ,
1570 978 1747 1030 πάντα
1774 996 1898 1031 κατ-

333 1061 557 1116 όπινσου
589 1063 814 1130 γίνεται.
854 1061 1004 1128 Εἶδες
1032 1066 1122 1119 ἐπὶ
1145 1067 1240 1137 τῆς
1267 1067 1384 1120 ὁδοῦ
1415 1069 1597 1136 φυτὸν,
1631 1068 1661 1139 ἢ
1693 1070 1827 1122 πόαν
1858 1068 1891 1139 ἦ

336 1153 499 1224 ὓδωρ,
516 1155 546 1226 ἢ
560 1157 586 1207 6
601 1173 649 1207 τι
669 1155 731 1208 ἂν
746 1156 880 1227 τύχῃ
893 1157 997 1209 τῶν
1015 1157 1198 1226 ἀξίων]
1213 1157 1498 1229 θεάματος·
1525 1159 1716 1231 μικρὸν
1741 1161 1827 1213 ὲτὲ
1839 1179 1868 1232 ρ
1881 1193 1893 1201 -

337 1245 500 1314 φθης,
539 1243 655 1299 εἶτα
709 1247 1069 1318 παρέδραμες.
1103 1249 1268 1303 Πάλιν
1299 1251 1543 1322 ἐνέτυχες
1578 1253 1762 1319 λίθοις,
1803 1255 1896 1308 καὶ

335 1339 593 1408 φάραγξι,
623 1340 716 1390 καὶ
745 1342 1025 1409 κρημνοῖς,
1049 1341 1141 1392 καὶ
1171 1342 1476 1408 σκοπέλοις,
1506 1345 1596 1397 καὶ
1623 1346 1893 1415 σκόλοψιν,

333 1429 444 1497 {9.0)
477 1431 510 1499 ἦ
529 1447 626 1481 που
654 1430 743 1482 καὶ
761 1428 986 1501 θηρίοις,
1007 1433 1098 1484 καὶ
1120 1433 1385 1503 ἑρπετοῖς,
1407 1435 1786 1500 καὶὰκάνθαις,
1803 1437 1894 1491 καί

329 1535 474 1573 τισιν
489 1520 665 1583 ἄλλοις
679 1520 786 1573 τῶν
799 1521 1060 1592 ὀχληρῶν·
1082 1524 1273 1594 μικρὸν
1293 1526 1537 1597 ηνιὰθης,
1555 1524 1670 1579 εἶτα
1687 1527 1894 1581 κατέλι-

336 1629 454 1674 πες.
485 1613 733 1678 Τοιοῦτος
775 1617 802 1666 6
846 1615 988 1685 βίος,
1027 1615 1148 1669 οὔτε
1187 1617 1253 1670 τὰ
1277 1620 1481 1690 τερπνὰ
1527 1619 1744 1690 μόνιμα,
1771 1621 1891 1673 οὔτε

329 1705 400 1755 τὰ
439 1703 658 1776 λυπηρὰ
709 1708 907 1780 διαρκῆ
955 1709 1308 1781 κεκτημένος.
1353 1711 1416 1762 Ἢ
1467 1711 1582 1774 ὁδὸς
1629 1713 1727 1764 οὐκ
1779 1712 1892 1764 ἐστι

332 1796 421 1867 σὴ,
468 1797 580 1849 ἀλλ’
618 1799 737 1850 οὐδὲ
783 1799 850 1853 τὰ
891 1801 1130 1873 παρόντα
1163 1802 1252 1858 σά.
1299 1802 1419 1855 Ἐπὶ
1453 1801 1559 1856 τῶν
1581 1803 1888 1870 ὁδευόντων,

1995 620 2048 665 et
2085 611 2255 681 agitas
2293 610 2492 680 aliquid
2550 620 2759 677 mente;
2804 613 3154 668 nihilominus
3205 623 3383 670 tamen
3425 617 3549 680 vita,

1995 701 2206 756 etiamsi
2252 717 2356 756 non
2399 703 2714 770 sentiamus,
2759 703 3079 760 absumitur.
3107 704 3303 760 Omnes
3333 721 3460 776 ergo
3486 706 3552 759 ad

1995 794 2269 864 propriam
2333 795 2560 864 quisque
2625 805 2822 851 metam
2893 807 3272 866 properantes,
3335 813 3551 853 curs-um

1995 887 2279 955 quemdam
2309 887 2600 952 currimus,
2634 890 2985 957 quamobrem
3012 905 3195 944 sumus
3235 890 3284 942 iu
3317 889 3401 943 via
3440 906 3548 942 om-

1998 993 2112 1033 nes.
2147 977 2258 1032 Hoc
2284 978 2446 1032 etiam
2476 979 2632 1034 modo
2661 981 2800 1033 viam
2834 981 3130 1050 intelligere
3160 982 3351 1050 possis.
3377 982 3430 1036 In
3456 983 3557 1036 hac

1997 1068 2103 1120 vita
2134 1068 2311 1122 viator
2337 1084 2427 1133 es;
2460 1070 2636 1122 omnia
2677 1080 2977 1137 transeunt,
3007 1081 3126 1141 post
3167 1083 3372 1142 tergum
3407 1082 3553 1127 tuum

2001 1156 2374 1224 relinquuntur
2400 1157 2602 1211 omnia.
2632 1156 2895 1224 Plantam,
2933 1161 3174 1225 herbam,
3212 1177 3427 1230 aquam,
3465 1171 3557 1216 aut

1996 1248 2208 1317 quidvis
2246 1249 2387 1302 aliud
2437 1259 2652 1319 aspectu
2705 1251 2921 1321 dignum
2962 1253 3014 1306 in
3052 1252 3133 1305 via
3170 1253 3344 1307 vidisti
3378 1273 3390 1306 :
3424 1269 3556 1322 pau-

2001 1338 2108 1391 lttm
2150 1337 2467 1403 ohlectatus,
2518 1353 2642 1391 mox
2697 1341 2961 1408 prmteris.
3002 1341 3207 1394 Rursus
3249 1341 3299 1392 in
3329 1340 3552 1407 lapides,

1997 1429 2296 1494 convalles,
2337 1429 2652 1498 prtccipitia,
2685 1431 2931 1499 scopulos
2957 1442 3010 1487 et
3044 1433 3213 1500 palos,
3249 1441 3340 1485 aut
3391 1431 3554 1485 etiam

1996 1521 2050 1573 in
2081 1519 2248 1584 feras,
2271 1520 2322 1572 in
2364 1521 2615 1574 animalia
2648 1522 2908 1590 repentia,
2941 1524 2992 1576 in
3023 1524 3222 1592 spinas,
3254 1533 3309 1578 et
3336 1524 3386 1577 in
3411 1523 3556 1576 aliud

1995 1612 2221 1680 quodvis
2259 1611 2612 1665 infortunium
2665 1613 2898 1670 incidisti
2927 1630 2940 1667 :
2967 1629 3246 1684 postquam
3275 1632 3332 1671 es
3369 1616 3559 1685 paulu-

1995 1703 2102 1757 ltun
2133 1703 2384 1769 afﬂictus,
2416 1719 2538 1758 mox
2569 1705 2670 1759 ista
2695 1705 2978 1776 reliquisti.
3007 1706 3128 1761 Vita
3151 1718 3232 1762 est
3255 1707 3510 1775 ejusmodi
3538 1721 3554 1758 :

1997 1811 2172 1866 neque
2209 1796 2323 1866 ejus
2357 1797 2562 1852 delicia:
2589 1812 2763 1867 neque
2799 1799 3053 1854 molestia:
3099 1810 3408 1855 constanter
3433 1815 3558 1870 per-

327 1887 468 1958 ὁμοῦ
499 1907 554 1941 τε
577 1890 604 1941 6
633 1890 844 1962 πρῶτος
872 1891 931 1944 τὸ
961 1871 1101 1964 ίχνος
1126 1894 1363 1964 ὲκίνησε,
1395 1893 1487 1947 καὶ
1529 1893 1688 1958 εὐθὺς
1716 1897 1743 1948 6
1774 1899 1890 1967 μετ’

1996 1897 2262 1943 severant.
2297 1887 2407 1941 'Iua
2437 1903 2543 1943 non
2577 1897 2661 1944 est
2685 1890 2798 1944 hare
2827 1889 2931 1952 via,
2972 1904 3144 1958 neque
3188 1899 3289 1946 tute
3315 1903 3441 1945 sunt
3470 1907 3555 1948 res

332 1981 496 2033 αὑτὸν
538 1987 633 2054 τὴν
676 1982 830 2053 βάσιν
867 1985 1082 2055 ἤνεγκε,
1119 1987 1210 2040 καὶ
1258 1987 1373 2057 μετ’
1397 1988 1601 2039 ἐκεῖνον
1637 1989 1665 2040 6
1695 1989 1890 2058 ἐφεπό-

333 2087 510 2141 μενος.

405 2249 457 2305 5.
489 2252 682 2304 Σκόπει
723 2251 779 2304 δὲ
812 2253 903 2306 καὶ
943 2252 1008 2306 τὰ
1048 2251 1138 2306 τοῦ
1179 2254 1291 2326 βίου
1326 2257 1373 2307 εἰ
1409 2257 1482 2328 μὴ
1519 2256 1888 2328 παραπλήσια.

331 2341 578 2412 Σήμερον
607 2342 704 2412 τὴν
733 2343 833 2413 γῆν
869 2344 932 2396 σὺ
956 2343 1323 2416 ὲγεώργῃσας,
1365 2347 1456 2399 καὶ
1495 2345 1678 2418 αὔριον
1715 2347 1888 2413 ἄλλος,

333 2435 428 2486 καὶ
457 2435 575 2504 μετ’
603 2435 804 2488 ἐκεῖνον
835 2434 1037 2506 ἕτερος.
1081 2437 1240 2508 Ὁρᾷς
1278 2439 1400 2501 τοὺς
1443 2439 1642 2510 ἀγροὺς
1674 2439 1892 2504 τούτους

331 2529 426 2579 καὶ
471 2527 566 2591 τὰς
611 2527 916 2592 πολυτελεῖς
948 2529 1151 2595 οίκίας;
1203 2532 1348 2584 Πόσα
1381 2532 1477 2602 ήδη
1522 2533 1755 2604 ὀνόματα
1800 2536 1891 2603 ἀφ’

330 2611 394 2673 οὗ
441 2621 629 2688 γέγονε
667 2621 870 2674 τούτων
896 2622 1003 2692 (21)
1042 2622 1266 2676 ἕκαστον
1309 2625 1542 2696 ἧμειψεῑ
1580 2627 1684 2680 Τοῦ
1724 2627 1894 2691 δεῖνος

334 2712 553 2780 ἐλέγετο
573 2754 588 2777 ,
639 2707 756 2765 εἶτα
799 2713 1186 2786 μετωνομάσθη
1221 2716 1355 2786 πρὸς
1393 2717 1575 2788 ἕτερον
1601 2733 1615 2748 ·
1647 2717 1781 2789 πρὸς
1803 2719 1892 2772 τὸν

331 2805 481 2856 δεῖνα
510 2804 790 2876 μετῆλθεν,
822 2800 939 2858 εἶτα
967 2805 1060 2857 νῦν
1094 2805 1249 2859 ἄλλου
1277 2807 1510 2875 λέγεται.
1529 2805 1758 2880 ⁷Αρ²οὗν
1781 2809 1891 2880 (‘29.)

332 2897 433 2965 οὐχ
463 2895 576 2958 ὁδὸς
624 2895 778 2965 ἡμῶν
815 2896 842 2947 6
873 2894 1006 2965 βίος,
1033 2895 1218 2950 ἄλλοτε
1251 2897 1404 2950 ἄλλον
1444 2900 1890 2970 μεταλαμϐάνων,

335 2989 430 3040 καὶ
454 2988 656 3051 πάντας
691 2987 825 3058 ἔχων
853 2988 1100 3058 ἀλλήλοις
1139 2990 1543 3061 ἐφεπομὲνουςς
1591 2991 1893 3059 Μακάριος

333 3074 427 3132 οὖν
476 3078 544 3144 ὅς
584 3079 679 3131 ἐπὶ
715 3077 819 3146 τῆς
856 3078 998 3133 ὀδοῦ
1028 3077 1146 3133 τῶν
1175 3081 1531 3149 ἁμαρτωλῶν
1568 3085 1677 3136 οὐκ
1719 3083 1888 3152 ἔστη.

336 3170 409 3223 Τὸ
441 3170 519 3236 δὲ,
561 3172 680 3222 Οὐκ
709 3169 877 3237 ἔστη,
908 3171 958 3224 τί
1006 3173 1190 3236 tactv;
1241 3173 1356 3225 Ἔτι
1391 3174 1482 3226 ἐπὶ
1526 3175 1622 3244 τῆς
1671 3173 1892 3246 πρώτης

337 3262 549 3331 ἡλικίας
576 3262 725 3324 ὄντες
755 3263 802 3314 οί
832 3261 1126 3334 ἄνθρωποι,
1157 3263 1277 3316 οὔτε
1307 3265 1364 3316 ὲν
1388 3265 1554 3337 κακία
1571 3267 1754 3336 ἐσμὲν,
1773 3265 1892 3318 οὕτε

336 3357 395 3407 ὲν
430 3356 594 3425 ἀρετῇ
625 3355 989 3424 (ἀνεπίδεκτος
1025 3355 1133 3426 γὰρ
1165 3357 1198 3426 ἡ
1233 3357 1414 3427 ἡλικία
1445 3357 1543 3426 τῆς
1569 3357 1733 3421 ἕξεως
1765 3359 1893 3410 ἑκα-

337 3443 519 3516 τέρας)
546 3461 560 3474 ·
589 3444 806 3496 ἐπειδὰν
852 3444 908 3497 δὲ
936 3447 964 3498 6
997 3445 1150 3514 λόγος
1172 3445 1326 3516 ἡμῶν
1356 3447 1746 3518 συμπληρωθῇ,
1776 3449 1891 3502 τότε

335 3534 542 3604 γίνεται
568 3535 626 3587 τὸ
655 3535 1031 3609 γεγραμμένον
1053 3553 1066 3566 °
1124 3537 1450 3604 Ἐλθούσης
1477 3537 1545 3590 δὲ
1587 3537 1695 3606 τῆς
1738 3539 1896 3592 ἐντο-

333 3626 486 3696 λῆς,
543 3629 580 3698 ἡ
627 3627 878 3697 ἁμαρτία
929 3627 1247 3697 ἀνέζὴσεν,
1297 3630 1410 3699 ἐγὼ
1455 3629 1524 3682 δὲ
1572 3630 1892 3685 ἀπέθανον.

347 3719 792 3772 Ἐπανατέλλουσι
821 3720 927 3790 γάρ
943 3721 1190 3790 λογισμοὶ
1215 3720 1461 3790 πονηροὶ,
1482 3721 1544 3773 ὲκ
1565 3721 1670 3774 τῶν
1710 3722 1895 3776 παθῶν

334 3811 432 3881 τῆς
465 3810 660 3881 σαρκὸς
691 3814 808 3874 ταῖς
828 3811 1026 3881 ψυχαῖς
1050 3811 1204 3882 ἡμῶν
1242 3811 1624 3882 ὲντικτόμενοι.
1670 3813 1760 3885 Τῷ
1781 3813 1894 3868 ὄντι

334 3903 442 3973 γάρ
486 3901 710 3956 ἐλθοῦσα
739 3905 771 3973 ή
802 3901 1006 3973 ἐντολὴ,
1061 3902 1336 3956 τουτέστιν
1378 3907 1410 3974 ἡ
1459 3903 1755 3970 διάγνωσις
1785 3903 1893 3958 τῶν

337 3994 536 4059 καλῶν,
573 3995 668 4047 ἐὰν
700 3994 773 4065 μὴ
803 3996 1191 4068 κατακρατήσῃ
1222 3995 1313 4048 τοῦ
1350 3995 1586 4066 χείρονος
1613 3994 1893 4066 λογισμοῦ,

337 4085 472 4138 ἀλλὰ
507 4087 833 4157 συγχωρήσῃ
869 4085 971 4139 ὑπὸ
998 4086 1104 4138 τῶν
1137 4085 1322 4138 παθῶν
1346 4085 1894 4158 ἐξανδραποδισθῆναι

336 4179 426 4230 τὸν
452 4178 705 4248 λογισμόν
726 4194 737 4206 ·
764 4178 992 4249 ἀνέζησε
1029 4179 1126 4249 μὲν
1161 4181 1193 4250 ἡ
1237 4178 1497 4250 ἁμαρτία,
1524 4179 1756 4232 ἀπέθανε
1784 4179 1839 4233 δὲ
1868 4183 1896 4234 6

337 4262 479 4326 νοῦς,
507 4265 694 4333 νεκρὸς
730 4266 1012 4335 γενόμενος
1039 4269 1148 4330 τοῖς
1172 4269 1592 4340 παραπτώμασι.
1616 4270 1896 4341 Μακάριος

335 4351 427 4407 οὖν
449 4357 476 4407 6
503 4355 576 4426 μὴ
606 4356 919 4427 ἐγχρονίσας
942 4360 1007 4428 τῇ
1030 4357 1133 4427 ὁδῷ
1159 4358 1266 4410 τῶν
1311 4360 1730 4430 ἁμαρτανόντων
1760 4361 1893 4432 (2⁸5),

335 4448 470 4501 ἀλλὰ
505 4448 746 4518 λογισμῷ
785 4448 1013 4518 βελτίονι
1069 4451 1205 4519 πρὸς
1249 4450 1345 4522 τὴν
1385 4452 1580 4523 εὐσεϐῆ
1623 4451 1894 4506 πολιτείαν

1992 1991 2308 2049 prmsentes.
2355 1978 2500 2034 Inter
2537 1981 2790 2049 viatores,
2831 1981 2992 2036 simul
3026 1992 3083 2036 ut
3130 1983 3337 2052 primus
3366 1985 3554 2053 pedem

1993 2074 2178 2135 movit,
2213 2074 2334 2126 huic
2386 2073 2658 2142 proximus
2691 2073 2850 2127 infert
2881 2074 3127 2143 gradum,
3156 2082 3207 2126 et
3255 2084 3376 2142 post
3411 2077 3554 2129 hunc

1993 2161 2128 2213 alter
2153 2161 2242 2228 qui
2278 2163 2536 2230 sequitur.

2062 2252 2114 2306 5.
2158 2253 2330 2306 Velim
2371 2262 2547 2306 autem
2578 2254 2847 2318 attendas,
2882 2271 3007 2307 num
3057 2255 3220 2309 etiam
3249 2255 3369 2308 vita:
3399 2269 3556 2310 casus

1999 2342 2108 2395 sint
2134 2342 2420 2396 assimiles.
2459 2340 2630 2397 Hodie
2659 2353 2714 2396 tu
2737 2343 2946 2397 coluisti
2980 2354 3199 2412 terram,
3239 2361 3360 2400 cras
3396 2349 3552 2409 alter,

1992 2441 2112 2501 post
2142 2433 2280 2486 hunc
2307 2432 2447 2488 colet
2476 2443 2529 2488 et
2564 2433 2721 2489 alius.
2764 2435 2925 2490 Vides
2969 2451 3128 2504 agros
3158 2438 3254 2492 hos
3283 2448 3336 2492 et
3369 2438 3556 2494 domos

1993 2525 2368 2592 sumptuosas?
2421 2524 2643 2590 Quoties
2695 2527 2924 2595 singula,
2985 2544 3052 2582 ex
3107 2545 3212 2600 quo
3266 2531 3555 2595 exsistunt,

1993 2629 2187 2669 nomen
2227 2613 2336 2683 jam
2374 2617 2673 2671 mutavere!
2711 2616 3034 2672 Dicebautur
3060 2619 3217 2688 hujus
3246 2637 3384 2686 esse,
3408 2630 3557 2690 post-

1993 2719 2057 2758 ea
2097 2705 2229 2773 ipsis
2289 2706 2595 2775 impositum
2641 2716 2724 2762 est
2767 2723 2964 2764 nomen
3017 2709 3258 2778 alterius,
3296 2715 3360 2767 ad
3390 2714 3556 2767 alium

1995 2801 2366 2866 transierunt,
2401 2811 2513 2857 tum
2552 2803 2763 2856 demum
2831 2803 3054 2859 alterius
3104 2821 3223 2861 esse
3281 2807 3554 2863 dicuntur.

1995 2891 2181 2948 Nonne
2216 2908 2344 2963 ergo
2375 2894 2480 2948 vita
2523 2904 2701 2949 nostra
2733 2897 2816 2950 via
2846 2906 2952 2962 est,
2982 2897 3087 2951 alio
3127 2908 3366 2966 tempore
3391 2900 3556 2956 alium

1994 2986 2289 3055 excipiens,
2320 2995 2374 3039 et
2403 2987 2453 3038 iu
2484 3002 2585 3054 qua
2617 2985 2716 3040 sibi
2748 2987 2974 3040 invicem
3003 2989 3299 3042 succedunt
3331 2990 3558 3046 omnes?

1995 3074 2188 3129 Beatus
2226 3077 2398 3145 itaque
2431 3077 2521 3144 qui
2549 3075 2607 3128 in
2639 3076 2717 3128 via
2749 3085 3082 3143 peccatorum
3107 3074 3214 3145 95
3251 3092 3352 3130 non
3389 3077 3553 3130 stetit.

1996 3167 2128 3221 Illud
2176 3177 2376 3228 autem,
2421 3166 2543 3220 Non
2601 3167 2762 3232 stetit,
2815 3168 2943 3237 quid
3000 3167 3102 3222 sibi
3153 3167 3306 3220 vult?
3337 3166 3471 3222 Dum
3501 3167 3557 3223 in

1995 3259 2164 3330 prima
2198 3260 2370 3313 adhuc
2406 3259 2748 3315 consistimus
2797 3269 2976 3323 astate,
3013 3274 3113 3314 nec
3159 3259 3411 3329 improbi,
3459 3273 3558 3314 nec

1995 3352 2192 3404 virtute
2226 3351 2432 3418 praediti
2468 3365 2652 3405 sumus
2682 3348 2766 3421 (ea
2791 3350 2934 3404 enim
2967 3359 3097 3404 tetas
3127 3349 3561 3404 habilusutrius-

1995 3458 2098 3512 que
2136 3457 2304 3511 capax
2350 3458 2456 3497 non
2495 3443 2632 3513 est);
2665 3441 2756 3498 sed
2791 3453 3142 3512 posteaquam
3191 3444 3327 3497 ratio
3370 3456 3554 3498 nostra

1995 3535 2229 3602 perfecta
2256 3543 2339 3589 est
2358 3543 2519 3603 atque
2549 3533 2838 3598 cumulata,
2871 3547 3000 3589 tunc
3034 3534 3092 3587 lit
3126 3534 3266 3603 quod
3297 3539 3558 3606 scriptum

1997 3635 2082 3681 est
2109 3640 2123 3678 :
2150 3625 2214 3676 At
2252 3641 2367 3677 cum
2401 3623 2619 3677 venisset
2662 3623 2986 3690 mandatum,
3039 3634 3304 3692 peccatum
3354 3624 3560 3692 revixit,

1996 3735 2089 3787 ego
2138 3726 2312 3770 autem
2342 3727 2577 3769 mortuus
2611 3731 2726 3768 sum
2749 3715 2814 3768 ”.
2839 3715 3099 3769 Oriuntur
3118 3716 3258 3768 enim
3296 3715 3448 3769 malm
3470 3731 3561 3771 co-

1995 3811 2296 3882 gitationes,
2338 3823 2455 3878 qua:
2495 3823 2562 3863 ex
2606 3808 2787 3863 carnis
2817 3807 3207 3876 cupiditatibus
3259 3807 3311 3859 in
3355 3807 3557 3862 animis

1997 3901 2194 3956 nostris
2229 3909 2574 3968 generantur.
2617 3898 2748 3952 Nam
2796 3899 2975 3966 reipsa
3023 3897 3110 3952 ubi
3146 3897 3289 3951 venit
3338 3899 3561 3952 manda-

1998 4003 2132 4057 tum,
2162 3994 2266 4048 hoc
2299 4000 2400 4055 est,
2435 3990 2559 4046 boni
2601 3990 2918 4060 honestique
2952 3988 3234 4056 judicium,
3267 3988 3309 4042 si
3355 3991 3560 4058 cogita-

1998 4085 2197 4138 tionem
2233 4083 2469 4153 pejorem
2501 4096 2603 4136 non
2647 4081 2861 4147 vicerit,
2896 4080 2988 4134 sed
3021 4095 3048 4133 a
3074 4079 3253 4149 pravis
3285 4078 3564 4134 aﬂectibus

1996 4179 2230 4230 animum
2278 4176 2328 4230 in
2363 4175 2674 4230 servitutem
2711 4173 2878 4244 redigi
2924 4173 3153 4227 siverit:
3195 4173 3390 4226 revixit
3433 4172 3560 4242 qui-

1995 4270 2113 4323 dem
2140 4277 2442 4338 peccatum,
2476 4281 2624 4321 meus
2666 4280 2794 4320 vero
2823 4264 3054 4336 peccatis
3091 4263 3409 4333 interempta
3445 4278 3561 4318 mo-

1998 4363 2154 4416 ritur.
2191 4361 2386 4416 Beatus
2421 4359 2604 4430 igitur,
2655 4357 2743 4428 qui
2798 4357 2850 4411 in
2904 4356 2992 4411 via
3056 4365 3398 4426 peccatorum
3452 4369 3559 4412 non

1998 4453 2312 4508 immoratus
2352 4461 2457 4519 est,
2499 4453 2592 4506 sed
2635 4449 2850 4505 saniore
2894 4447 3119 4504 consilio
3151 4448 3217 4500 ad
3249 4447 3390 4517 piam
3426 4462 3560 4501 con-

336 4540 740 4611 μετατι-ηδήσας.
778 4539 880 4592 Δύο
901 4541 1009 4612 γάρ
1042 4543 1180 4596 είσιν
1204 4542 1312 4595 ὁδοὶ
1352 4544 1588 4597 ἐναντίαι
1621 4543 1892 4616 ἀλλήλαις·

2001 4545 2358 4599 versationem
2391 4557 2449 4598 se
2495 4542 2717 4611 recepit.
2752 4541 2878 4595 Duae
2925 4553 3158 4624 namque
3195 4547 3322 4592 sunt
3355 4537 3456 4593 via:
3487 4537 3564 4593 in-

332 4630 369 4701 ἠ
405 4631 501 4701 μὲν
535 4630 759 4685 πλατεῖα
775 4633 866 4684 καὶ
886 4631 1213 4704 εὐρύχωρος,
1247 4637 1279 4705 ή
1300 4634 1354 4687 δὲ
1379 4635 1536 4705 στενὴ
1569 4637 1660 4688 καὶ
1679 4635 1895 4707 τεθλιμ-

337 4724 493 4795 μένη.
541 4725 650 4778 Καὶ
689 4723 780 4777 δύο
819 4725 1021 4796 ὁδηγοὶ,
1058 4725 1314 4797 ἑκάτερος
1361 4726 1495 4798 πρὸς
1545 4726 1734 4780 ἑαυτὸν
1771 4729 1893 4780 ὲπι-

337 4818 586 4888 στρέφειν
621 4817 732 4888 (24)
765 4819 1075 4890 ἐπιχειρῶν.
1105 4820 1254 4889 Ἔχει
1297 4815 1388 4873 οῦν
1420 4822 1453 4890 ή
1493 4819 1590 4889 μὲν
1631 4819 1747 4873 λεία
1778 4819 1894 4883 ὁδὸς

334 4912 426 4963 καὶ
458 4910 669 4982 πρανὴς
701 4911 813 4983 (25)
843 4911 1032 4983 ὁδηγὸν
1061 4911 1354 4983 ἀπατηλὸν,
1384 4911 1609 4982 δαίμονα
1637 4912 1888 4982 πονηρὸν,

329 5001 396 5053 δι’
431 5002 624 5072 ἡδονῆς
658 5003 794 5074 πρὸς
823 5002 920 5074 τὴν
962 5003 1233 5057 ἀπώλειαν
1274 5002 1400 5066 τοὺς
1447 5002 1744 5072 ἑπομένους
1773 5003 1891 5054 ἐπι-

332 5093 655 5164 συρόμενον·
689 5096 722 5166 ὴ
751 5095 808 5148 δὲ
840 5099 1066 5167 τραχεῖα
1103 5095 1200 5150 καὶ¹
1240 5094 1472 5166 ἀνάντης
1502 5093 1728 5162 ἄγγελον
1756 5095 1890 5162 ἀγα-

331 5184 442 5244 θὸν.
470 5186 557 5240 διὰ
576 5187 685 5239 τῶν
714 5187 983 5244 ἐπιπόνων
1013 5190 1110 5260 τῆς
1142 5188 1346 5258 ἀρετῆς
1373 5185 1509 5258 πρὸς
1541 5185 1601 5238 τὸ
1625 5184 1890 5256 μακάριον

403 5333 447 5365 ²⁹
480 5332 638 5390 ROm.
665 5349 761 5399 νη,
796 5334 849 5390 9.

403 5512 515 5582 (19)
551 5512 690 5566 Εάἱῑί
717 5510 1080 5582 ἐπειγόμενοι.
1114 5506 1184 5566 Δί
1231 5523 1362 5566 mss.
1397 5519 1631 5579 quatuor
1674 5504 1887 5573 ἐπειγό-

333 5599 518 5734 μείξδξ
555 5651 646 5734 Sic
665 5650 1015 5734 editioBasil.
1049 5651 1374 5734 cum‘tribtts
1421 5663 1550 5734 mss.
1582 5645 1712 5700 Illud
1736 5687 1751 5713 ,
1793 5644 1886 5699 καὶ

332 5721 606 5793 σκόλοψιν,
631 5724 683 5777 in
714 5723 946 5778 editione
973 5721 1144 5776 Paris.
1172 5721 1602 5793 desiderabatur.

401 5787 518 5877 ςειῐ
542 5794 634 5850 Sic
695 5809 824 5850 mss.
871 5801 1120 5863 quatuor.
1178 5790 1350 5846 Editio
1406 5788 1580 5846 Paris.
1627 5787 1885 5858 ὀνόματα,

331 5881 550 5926 μουτων.

2003 4647 2083 4691 ter
2123 4649 2181 4692 se
2225 4635 2548 4692 contrariae:
2580 4648 2682 4689 una
2715 4633 2822 4687 lata
2869 4641 2925 4688 et
2971 4631 3226 4702 Spatiosa,
3259 4630 3425 4685 altera
3465 4645 3561 4684 an-

2000 4740 2153 4799 gusta
2177 4737 2232 4782 et
2258 4737 2548 4784 coarctata.
2593 4728 2706 4783 Duo
2752 4727 2914 4781 etiam
2946 4733 3073 4780 sunt
3095 4725 3192 4779 vite
3221 4725 3406 4789 duces,
3424 4736 3561 4794 qut)

2002 4834 2121 4873 rum
2175 4827 2403 4887 uterque
2451 4818 2714 4872 viatorem
2769 4818 2835 4870 ad
2897 4829 2955 4870 se
3001 4813 3273 4868 attrahere
3311 4823 3557 4868 conatur.

2003 4910 2164 4964 Plana
2198 4910 2411 4980 quidem
2430 4919 2484 4964 et
2507 4909 2727 4964 declivis
2757 4909 2842 4962 via
2876 4908 3040 4962 habet
3067 4905 3309 4961 fallacem
3343 4905 3560 4970 ducem,

1997 4999 2197 5053 malum
2242 4998 2540 5053 daemonem
2571 4998 2660 5068 qui
2693 5011 2786 5052 eos
2823 4997 2914 5067 qui
2952 5012 3010 5052 se
3038 5006 3358 5066 sequuntur,
3387 4995 3439 5050 iu
3477 4995 3562 5049 iu-

1996 5091 2214 5144 teritum
2251 5104 2349 5160 per
2394 5089 2718 5160 voluptatem
2773 5089 2978 5142 trahit:
3008 5105 3193 5159 aspera
3230 5103 3356 5143 vero
3387 5097 3443 5142 et
3473 5103 3555 5141 ar-

1999 5182 2100 5236 dua
2127 5182 2236 5244 via,
2271 5183 2468 5236 bonum
2499 5181 2769 5251 angelum,
2797 5182 2887 5252 qui
2909 5195 3168 5251 sequaces
3199 5194 3323 5235 suos
3353 5194 3448 5249 per
3482 5179 3562 5234 la-

2079 5503 2168 5576 22)
2201 5503 2290 5576 Sic
2316 5519 2444 5559 mss.
2475 5503 2889 5576 plttrimitDcest
2919 5501 3093 5576 o-5v_it_t
3125 5499 3356 5554 eddione
3387 5498 3557 5556 Paris.

2080 5571 2172 5644 '23)
2203 5575 2338 5644 Reg.
2367 5571 2636 5628 secundus
2660 5573 2768 5644 τῶν
2794 5571 3154 5644 ἁμαρτωλῶν.

2080 5583 2149 5629 2’3
2203 5583 2338 5644 Heg.
2367 5583 2636 5628 secundus
2660 5583 2768 5626 των
2794 5583 3154 5643 αμαρτωΑων.

2078 5583 2172 5715 ΞᾹΙ
2221 5644 2414 5698 Nostra
2473 5645 2636 5698 editio
2673 5643 2844 5698 Paris.
2900 5643 3236 5712 ἐπιτρέψειν.
3301 5641 3366 5693 At
3427 5657 3554 5694 mss.

1985 5715 2356 5786 ἐπιστρέφειν.

2059 5781 2169 5856 (25)
2205 5781 2380 5838 Editio
2406 5791 2634 5856 utraque
2657 5781 2831 5856 Basil.
2863 5793 2917 5838 et
2950 5782 3124 5856 Paris.
3147 5781 3262 5856 666;
3293 5781 3386 5856 καὶ
3416 5781 3555 5835 πλασ

1983 5859 2103 5912 τεῖα
2127 5851 2220 5910 καὶ
2249 5853 2478 5923 πρανὴς.
2516 5851 2739 5910 Brevius
2776 5870 2902 5910 mss.
2932 5853 3048 5916 666;
3078 5853 3169 5906 καὶ
3197 5853 3427 5922 πρανής.
