4008 6402
474 367 581 422 225

1775 356 1833 413 S.
1875 355 2120 413 BASlLIl
2162 351 2379 409 MAGNI

3586 342 3737 398 224

473 478 689 535 boriosa
719 473 935 529 virtutis
969 469 1228 527 exercitia
1277 469 1344 525 ad
1397 468 1609 523 beatum
1646 467 1804 523 linem
1840 470 2032 539 perdu-

2134 467 2284 529 τέλος
2318 465 2443 528 τοὺς
2485 463 2779 535 ἑπομένους
2821 462 3043 531 ἄγοντα.
3074 460 3217 524 Ἕως
3252 459 3349 531 μὲν
3378 456 3471 513 οὖν
3502 459 3739 531 νήπιός

467 569 564 625 cit.
593 571 724 623 Dum
760 566 926 636 igitur
959 564 1186 635 quisque
1219 570 1463 617 nostrum
1497 574 1631 630 puer
1657 569 1760 623 est,
1793 574 2031 629 praesen-

468 669 551 716 tes
585 658 927 728 persequitur
952 656 1273 726 voluptates,
1309 667 1483 723 neque
1510 652 1672 705 habet
1702 651 1863 704 ullam
1894 661 2032 706 tem-

468 750 618 819 poris
656 748 821 802 futuri
865 747 1132 801 rationem
1157 785 1173 812 ,
1215 759 1389 813 neque
1436 754 1619 797 curam
1654 742 1803 810 :jam
1850 750 2033 795 autem

473 843 559 897 vir
592 842 789 908 factus,
819 839 1139 910 postjudicii
1186 838 1591 908 perfectionem,
1619 835 1797 890 videre
1824 835 1922 889 sibi
1955 834 2035 887 vi-

470 935 627 989 detur
660 934 823 987 vitam
863 933 913 986 in
946 935 1200 985 virtutem
1243 938 1299 984 et
1343 928 1531 983 vitium
1577 926 1836 989 divisam;
1867 935 2033 994 atque

469 1025 641 1080 oculis
674 1024 838 1076 animi
878 1024 928 1076 in
962 1032 1256 1090 utrumque
1292 1033 1433 1088 saepe
1474 1017 1754 1085 conjectis,
1787 1017 2033 1087 proprie-

472 1124 611 1168 tates
662 1112 941 1179 utriusqne
1004 1110 1144 1163 inter
1183 1123 1241 1163 se
1297 1107 1583 1177 azqualiter
1628 1107 1870 1161 diversas
1915 1120 2034 1161 esse

464 1202 689 1271 iudicat.
725 1202 789 1255 Et
830 1201 1047 1270 quidem
1082 1208 1428 1269 peccatorum
1477 1198 1585 1253 vita
1626 1198 1861 1252 05tendit
1896 1212 2032 1252 cun-

469 1304 586 1347 ctas
637 1292 917 1360 praesentis
968 1289 1147 1344 saeculi
1208 1288 1508 1359 voluptates
1554 1288 1860 1358 :justorum
1907 1303 2033 1343 vero

468 1385 602 1447 vita,
644 1382 755 1437 sola
802 1382 966 1435 futuri
1020 1380 1118 1436 invi
1156 1382 1294 1435 bona
1339 1390 1745 1435 commonstrat.
1781 1379 1848 1434 Et
1888 1389 2035 1436 certe

468 1477 845 1532 saIVandorum
893 1476 977 1528 via
1026 1485 1230 1544 quanto
1287 1475 1591 1544 pulchriora
1640 1475 1924 1544 pollicetur
1949 1475 2034 1527 fu-

471 1578 609 1628 tura,
648 1575 795 1620 tanto
844 1565 1196 1619 laboriosiora
1243 1565 1463 1619 exhibet
1524 1565 1850 1632 praesentia:
1885 1564 2034 1618 volu-

466 1658 639 1727 ptaria
669 1667 846 1709 autem
875 1666 925 1708 et
958 1655 1164 1723 impura
1195 1656 1301 1708 vita
1336 1671 1440 1709 non
1462 1655 1514 1707 in
1549 1664 1820 1724 posterum
1849 1669 2037 1723 exspe-

468 1749 715 1811 ctandas,
747 1748 839 1801 sed
885 1747 995 1813 jam
1030 1758 1321 1814 praesentes
1372 1746 1591 1800 delicias
1624 1746 1893 1815 proponit.
1931 1745 2037 1800 Ita-

2134 558 2278 609 ἐστιν
2309 554 2537 617 ἕκαστος
2577 551 2751 623 ἡμῶν,
2786 551 2847 604 τὸ
2877 553 2935 604 ὲν
2968 550 3045 621 τῷ
3070 549 3295 621 παρόντι
3323 548 3419 621 ἡδὺ
3460 546 3732 612 διώκων,

2133 644 2385 715 οὐδεμίαν
2426 642 2520 696 τοῦ
2567 642 2851 713 μέλλοντος
2887 639 3209 711 κηδεμονίαν
3251 641 3484 692 ποιεῖται
3504 655 3519 668 ο
3556 639 3735 709 ἀνὴρ

2132 735 2188 787 δὲ
2209 735 2307 805 ἤδη
2339 732 2646 803 γενόμενος,
2672 731 2811 804 μετά
2831 731 2921 784 τὸν
2945 728 3288 801 ἀπαρτισμὸν
3314 729 3420 782 τῶν
3450 728 3732 790 ἐννοιῶν,

2132 821 2243 879 οἷον
2278 825 2409 895 ὁρᾷν
2451 824 2598 877 δοκεῖ
2620 824 2708 876 τὸν
2740 823 2852 893 βίον
2878 820 3024 892 αὐτῷ
3056 820 3367 891 σχιζόμενον
3397 821 3532 892 πρὸς
3566 821 3737 891 ἀρε-

2132 916 2229 987 τὴν
2272 917 2365 969 καὶ
2409 916 2628 980 κακίαν,
2666 906 2767 969 ’καὶ
2801 915 2979 969 πυκνά
3011 914 3120 985 (26)
3174 915 3303 986 πρὸς
3347 914 3601 985 ἑκάτερον
3642 912 3734 963 τὸ

2133 1007 2287 1077 ὄμμα
2317 1007 2415 1078 τῆς
2439 1006 2617 1078 ψυχῆς
2649 1007 3055 1077 μεταστρέφων,
3089 1005 3403 1077 παράλληλα
3432 1005 3603 1072 κρίνει
3628 1005 3730 1057 τὰ

2136 1099 2381 1170 ἐκατέρῳ
2414 1100 2705 1169 προσόντα.
2750 1098 2857 1152 Καὶ
2892 1101 2920 1152 ό
2957 1099 3054 1170 μὲν
3077 1098 3184 1151 τῶν
3221 1098 3556 1169 ἁμαρτωλῶν
3582 1098 3728 1168 βίος

2135 1191 2309 1245 πάντα
2334 1190 2658 1244 δείκνυσιτά
2678 1190 2770 1244 τοῦ
2798 1191 3059 1260 παρόντος
3093 1189 3280 1253 αἰῶνος
3317 1189 3549 1259 τερπνά·
3579 1192 3606 1241 ὁ
3639 1188 3724 1241 δὲ

2132 1280 2240 1333 τῶν
2253 1280 2496 1348 δικαίων,
2537 1282 2674 1352 μόνα
2695 1279 3057 1350 ὑποφαίνειτά
3078 1280 3166 1333 τοῦ
3200 1279 3477 1351 μέλλοντος
3493 1279 3717 1347 ἀγαθά.

2134 1373 2243 1426 Καὶ
2275 1374 2309 1443 ἡ
2347 1373 2444 1443 μὲν
2468 1372 2577 1425 τῶν
2619 1371 2935 1441 σωζομένων
2960 1370 3075 1434 ὁδός
3099 1371 3218 1423 ὅσον
3251 1369 3390 1423 καλὰ
3417 1370 3725 1439 ὑπισχνείκι

2132 1481 2222 1516 ται
2253 1463 2319 1516 τὰ
2369 1463 2649 1534 μέλλοντα,
2695 1462 2947 1516 τοσοῦτον
2996 1462 3225 1515 ἐπίπονα
3281 1460 3576 1530 παρέχεται
3622 1460 3719 1512 τὰ

2132 1556 2376 1629 παρόντα
2397 1572 2409 1585 ’
2444 1558 2472 1609 ὁ
2496 1556 2551 1608 δὲ
2573 1556 2700 1627 ἡδὺς
2732 1556 2824 1609 καὶ
2854 1556 3146 1617 ἀκόλαστος
3182 1553 3292 1623 βίος
3322 1553 3442 1622 οὐχ).
3474 1551 3721 1621 προσδο-

2134 1648 2389 1718 κωμένην
2432 1649 2511 1711 είς
2548 1646 2794 1716 ὕστερον,
2832 1646 2945 1700 ἀλλ’
2977 1646 3075 1717 ἤδη
3119 1644 3395 1716 παροῦσαν
3420 1644 3719 1715 προτείνε-

2132 1756 2221 1792 ται
2247 1740 2357 1809 (27)
2385 1740 2481 1808 τὴν
2510 1738 2827 1792 ἀπόλαυσιν.
2872 1737 3095 1808 Ίλιγγιᾷ
3121 1733 3210 1790 οὖν
3236 1738 3385 1789 πᾶσα
3410 1735 3575 1805 ψυχὴ,
3601 1733 3716 1787 καὶ

469 1854 574 1906 que
596 1838 854 1905 vertigine
886 1837 1093 1890 laborat
1125 1837 1303 1889 anima
1330 1836 1528 1901 omnis,
1567 1846 1728 1904 atque
1762 1836 2032 1891 titubanti-

2139 1831 2459 1901 μετοκλάζει
2504 1834 2617 1894 τοῖς
2660 1831 2958 1901 λογισμοῖς,
3011 1831 3135 1883 ὅταν
3169 1830 3266 1900 μὲν
3309 1828 3585 1899 ὲνθυμηθῇ
3627 1827 3713 1881 τὰ

469 1930 572 1983 bus
624 1928 1040 1998 cogitationibus
1102 1928 1521 1997 agitatur:cum
1581 1927 1794 1996 quidem
1852 1943 2032 1982 secum

2135 1923 2347 1989 αἰώνια,
2382 1923 2479 1994 τὴν
2512 1924 2712 1994 ἀρετὴν
2765 1921 3078 1994 αἱρουμένη,
3130 1923 3257 1975 ὅταν
3303 1920 3361 1973 δὲ
3414 1920 3707 1991 ἀποϐλέψῃ

474 2022 700 2076 revolvit
734 2030 954 2084 :elerna,
1001 2021 1149 2088 eligit
1191 2022 1464 2083 virtutem,
1506 2035 1625 2073 cum
1656 2036 1781 2075 vero
1815 2022 2032 2089 respicit

2135 2017 2269 2085 πρὸς
2295 2017 2362 2069 τά
2392 2017 2654 2088 παρόντα,
2688 2015 2783 2087 τὴν
2810 2015 3002 2087 ἡδονὴν
3033 2012 3368 2085 προτιμῶσα.
3395 2008 3521 2063 Ἷὶδε
3570 2010 3707 2081 βλέ-

470 2114 537 2167 ad
560 2114 864 2182 praesentia,
906 2112 1231 2180 voluptatem
1269 2112 1505 2179 praefert.
1536 2112 1631 2166 llic
1673 2114 1867 2168 bonam
1901 2130 2027 2168 cor-

2133 2126 2225 2160 πει
2280 2110 2482 2179 σαρκὸς
2531 2108 2845 2173 εὐπάθειαν,
2895 2109 3010 2160 ἐκεῖ
3059 2105 3424 2173 δουλαγωγίαν
3459 2112 3699 2176 σαρκός⁹

473 2208 617 2277 poris
651 2206 1015 2261 habitudinem
1044 2205 1326 2275 conspicit,
1360 2205 1431 2259 ibi
1455 2208 1635 2261 carnis
1670 2209 1982 2264 servitutem
2014 2228 2028 2265 :

472 2300 559 2354 hic
582 2300 921 2360 ebrietatem.
962 2297 1031 2351 ibi
1063 2297 1324 2366 jejunium
1359 2312 1373 2348 :
1405 2297 1494 2352 hic
1518 2299 1812 2355 cachinnos
1837 2300 2035 2354 immo-

471 2388 640 2453 dicos,
662 2388 729 2443 ibi
758 2389 1021 2456 plurimas
1055 2388 1363 2458 lacrymas:
1394 2389 1481 2443 hic
1527 2389 1890 2456 saltationem,
1923 2392 2033 2447 illic

472 2482 881 2548 precationem:
914 2480 1001 2534 hic
1045 2480 1227 2545 tibias,
1270 2480 1378 2535 illic
1420 2482 1651 2551 gemitus
1678 2502 1690 2537 :
1716 2482 1805 2538 hic
1828 2496 2033 2538 scorta-

473 2573 697 2637 tionem,
728 2571 839 2625 illic.
863 2571 1245 2641 virginitatem.
1277 2570 1539 2637 Quoniam
1569 2574 1727 2643 igitur
1743 2576 1884 2644 quod
1909 2589 2033 2628 vere

469 2661 668 2716 bemun
701 2671 802 2721 est.
847 2661 898 2714 id
944 2662 1204 2716 duntaxat
1236 2666 1446 2717 ratione
1473 2678 1569 2733 per
1598 2665 1754 2719 tidem
1787 2680 2033 2733 compre-

471 2752 630 2805 hendi
684 2761 859 2822 potest
907 2751 1084 2821 (longe
1111 2752 1252 2806 enim
1297 2754 1469 2816 abest,
1506 2767 1605 2807 nec
1656 2753 1789 2806 vidit
1820 2753 2031 2817 oculus,

470 2857 571 2897 nec
616 2842 765 2896 auris
800 2840 1108 2911 audivit“),
1136 2844 1340 2910 peccati
1390 2856 1517 2897 vero
1568 2842 1806 2911 suavitas
1853 2857 2034 2911 prom-

473 2939 642 2999 ptain.
670 2940 723 2982 et
751 2945 845 2999 per
868 2943 1058 2984 omnes
1092 2944 1282 2983 sensus
1313 2929 1559 2984 ﬂuentem
1586 2931 1905 2999 voluptatein
1937 2933 2031 2987 ha-

470 3022 592 3085 bet;
636 3020 838 3075 idcirco
884 3022 1108 3086 beatus,
1143 3022 1234 3091 qui
1285 3032 1502 3091 propter
1532 3023 1815 3093 voluptatis
1855 3024 2032 3079 illece-

470 3112 597 3167 bras
625 3127 728 3165 non
759 3111 1018 3168 deductus
1043 3121 1127 3167 est
1153 3112 1220 3166 ad
1264 3112 1563 3179 interitum,
1596 3115 1691 3169 sed
1721 3130 1870 3184 spem
1896 3117 2032 3169 salu-

2130 2194 2231 2253 ὧδε
2281 2200 2470 2270 μέθην,
2518 2203 2632 2253 ἐκεῖ
2665 2200 2946 2268 νηστείαν·
2984 2192 3084 2251 ὦδε
3130 2196 3367 2267 γέλωτας
3408 2199 3693 2267 ἀκρατεῖς,

2132 2291 2248 2343 ἐκεῖ
2275 2291 2506 2361 δάκρυον
2538 2290 2753 2358 δαψιλές
2780 2309 2793 2321 ·
2823 2288 3052 2342 ἐνταῦθα
3079 2288 3320 2359 ὄρχησιν,
3357 2288 3516 2340 κάκεῖ
3536 2304 3704 2358 προσ-

2132 2385 2327 2454 ευχήν·
2373 2382 2567 2447 αὐλοὺς
2615 2376 2736 2445 ὦδε,
2790 2383 2950 2435 κάκεῖ
3001 2379 3369 2450 στεναγμούς·
3419 2372 3520 2433 ὧδε
3555 2397 3696 2451 πορ-

2130 2476 2299 2539 νείαν,
2335 2476 2496 2528 κάκεῖ
2533 2475 2846 2546 παρθενίαν.
2891 2473 3041 2526 Ἐπεὶ
3075 2468 3164 2526 οὖν
3202 2473 3261 2525 τὸ
3298 2473 3394 2543 μὲν
3427 2470 3699 2542 ἀληθινῶς

2130 2567 2331 2635 ἀγαθὸν
2377 2567 2619 2639 λογισμῷ
2660 2566 2860 2636 ληπτόν
2900 2568 3014 2618 ἐστι
3045 2565 3131 2619 διὰ
3179 2565 3410 2628 πίστεως
3450 2564 3694 2635 (μακράν

2130 2658 2237 2729 γὰρ
2270 2658 2599 2729 ἀπῴκισται,
2632 2659 2723 2712 καὶ
2757 2656 3027 2728 ὀφθαλμὸς
3071 2658 3170 2709 οὐκ
3200 2652 3324 2721 εἶδε,
3349 2656 3441 2710 καὶ
3471 2652 3561 2719 οὖς
3592 2657 3697 2710 οὐκ

2130 2750 2373 2822 ἢκουσε),
2399 2752 2459 2804 τὸ
2488 2751 2544 2804 δὲ
2574 2750 2672 2821 τῆς
2701 2750 2970 2821 ἁμαρτίας
3011 2748 3105 2821 ἡδὺ
3139 2747 3424 2819 πρόχειρον
3462 2746 3696 2819 ἔχεικαὶ

2129 2840 2217 2894 διὰ
2246 2841 2424 2912 πάσης
2455 2842 2756 2912 αἰσθήσεως
2788 2841 3012 2911 ῥέουσαν
3035 2841 3133 2912 τὴν
3155 2840 3477 2893 ἀπόλαυσινο
3516 2840 3696 2910 μακά-

2134 2950 2244 3003 ριος
2278 2936 2306 2987 ὁ
2345 2935 2421 3005 μὴ
2462 2935 2820 3006 περιτραπεὶς
2853 2936 2916 2987 ἐκ
2972 2933 3080 3004 (28)
3112 2932 3216 2985 τῶν
3252 2932 3350 3003 τῆς
3391 2931 3582 3002 ἡδονῆς
3605 2931 3693 2985 δε-

2130 3023 2452 3095 λεασμάτων
2482 3024 2619 3096 πρὸς
2665 3025 2764 3097 τὴν
2797 3023 3093 3084 ἀπώλειαν,
3144 3023 3280 3077 ἀλλά
3321 3024 3386 3077 δι’
3422 3024 3697 3094 ὑπομονῆς

2129 3115 2227 3186 τὴν
2260 3116 2449 3169 ἐλπίδα
2485 3116 2583 3188 τῆς
2612 3115 2881 3187 σωτηρίας
2922 3114 3373 3185 ἀπεκδεχόμενος,
3407 3114 3501 3168 καὶ
3537 3116 3593 3167 ἐν
3622 3117 3691 3186 τῇ

475 3204 547 3258 tis
573 3214 846 3273 exspectat
873 3220 967 3273 per
1000 3204 1332 3273 patientiam,
1366 3220 1431 3258 ac
1491 3206 1542 3259 in
1581 3217 1808 3277 utraque
1832 3207 1917 3261 via
1949 3222 2031 3263 se-

2132 3206 2328 3278 ἐκλογῇ
2361 3206 2467 3260 τῶν
2500 3207 2631 3260 ὁδῶν
2648 3208 2921 3279 ἑκατέρων
2943 3207 3017 3280 μὴ
3044 3206 3237 3270 ἐπιϐὰς
3259 3209 3359 3278 τῆς
3382 3204 3501 3258 ὁδοῦ
3534 3204 3694 3274 ἀγού-

470 3295 738 3350 cet'nenda
768 3296 908 3349 viam
932 3297 997 3348 ad
1032 3295 1296 3349 deteriora
1336 3295 1619 3350 ducentem
1652 3312 1753 3351 non
1795 3300 1957 3369 capit.

544 3387 597 3442 6.
645 3385 807 3443 Vens.
847 3389 898 3441 l.
928 3386 996 3440 Et
1026 3387 1081 3441 in
1106 3387 1358 3441 cathedra
1388 3389 1696 3455 pestilentia:
1727 3405 1830 3444 non
1875 3393 2028 3445 sedit.

471 3478 608 3536 Num
641 3482 758 3537 illas
786 3482 913 3537 dicit
942 3482 1250 3548 cathedras,
1281 3482 1332 3536 in
1362 3483 1558 3551 quibus
1593 3493 1777 3539 nostra
1803 3501 2029 3556 corpora

473 3571 637 3641 quieti
679 3571 902 3625 damus?
935 3571 1113 3640 Ecqua
1154 3578 1236 3624 est
1276 3570 1401 3640 ligni
1434 3585 1556 3625 cum
1597 3582 1820 3639 peccato
1868 3574 2035 3628 socie-

475 3670 578 3724 tas,
609 3669 666 3713 ut
706 3660 1019 3713 cathedram
1058 3675 1088 3712 a
1125 3668 1413 3730 peccatore
1465 3672 1887 3732 praoccupatam
1916 3672 2034 3717 tan-

471 3767 632 3822 quam
660 3753 930 3807 exitialem
981 3751 1167 3822 fugere
1211 3752 1474 3808 debeam?
1506 3752 1699 3809 Nonne
1730 3755 1938 3809 ﬁrmam
1970 3771 2034 3811 ac

472 3843 721 3899 stabilem
746 3843 797 3899 in
822 3845 934 3897 vitii
956 3843 1348 3913 approbatione
1372 3858 1576 3898 moram
1590 3844 1701 3916 96
1720 3845 2031 3901 cathedram

472 3935 578 3989 dici
620 3935 773 3989 nobis
798 3937 1091 4004 putandum
1128 3935 1253 3991 est?
1283 3934 1435 4001 Quod
1461 3949 1753 3992 caveamus
1794 3947 2030 4006 oportet,

475 4037 758 4098 propterea
796 4029 939 4097 quod
981 4029 1218 4083 studiosa
1252 4029 1304 4083 in
1341 4030 1577 4098 peccatis
1612 4045 1761 4086 mora
1792 4030 2033 4087 habitum

474 4121 757 4191 quemdam
792 4121 883 4190 qui
918 4120 1007 4175 vix
1050 4122 1229 4175 excuti
1272 4132 1467 4191 potest,
1494 4124 1545 4178 in
1586 4125 1784 4179 animis
1819 4125 2036 4195 ingenc-

473 4224 577 4268 rat.
609 4211 707 4267 Vix
762 4213 901 4268 enim
937 4223 1157 4268 sanatur
1190 4214 1520 4269 inveteratus
1561 4216 1729 4270 animi
1792 4217 2032 4280 morbus,

474 4307 706 4375 malique
737 4306 1054 4362 exercitatio
1091 4317 1329 4376 tempore
1387 4310 1703 4363 conﬁrmata
1731 4323 1744 4361 :
1773 4309 1879 4363 imo
1910 4324 2035 4362 vero

473 4399 653 4456 sanari
710 4398 931 4453 omnino
961 4413 1066 4451 non
1118 4406 1316 4467 potest,
1349 4398 1392 4452 si
1430 4398 1762 4453 consuetudo
1793 4397 1848 4452 in
1880 4409 2034 4452 natu-

2133 3315 2231 3368 σης
2264 3298 2356 3351 ἐπὶ
2384 3298 2451 3351 τὰ
2472 3297 2708 3371 χείρονα.

2201 3390 2253 3443 6.
2280 3389 2389 3444 Καὶ
2419 3390 2517 3442 ἐπὶ
2535 3389 2822 3460 καθέδρας
2844 3390 3067 3454 λοιμῶν
3094 3392 3204 3445 οὐκ
3232 3389 3529 3444 ἐκάθισεν.
3550 3383 3693 3459 Ἀρα

2130 3483 2331 3547 ταύτας
2392 3483 2538 3553 λέγει
2592 3484 2691 3547 τὰς
2745 3484 3047 3555 καθέδρας,
3097 3484 3180 3553 ἐφ’
3226 3477 3301 3536 ὧν
3348 3482 3694 3552 ἀναπαύομεν

2130 3577 2162 3645 ἡ
2173 3575 2285 3645 μῶν
2305 3575 2373 3628 τά
2403 3575 2659 3647 σώματα;
2685 3576 2789 3629 Καὶ
2820 3577 2903 3638 τίς
2929 3578 2960 3648 ἡ
2983 3576 3089 3630 ἀπὸ
3120 3574 3213 3629 τοῦ
3244 3574 3398 3639 ξύλου
3427 3574 3536 3645 (29)
3560 3572 3690 3644 πρὸς

2133 3666 2405 3738 ἁμαρτίαν
2435 3668 2741 3738 μετάδοσις,
2772 3666 2913 3719 ὥστε
2943 3685 3009 3738 με
3042 3669 3139 3738 τὴν
3171 3667 3275 3721 ὑπὸ
3303 3666 3396 3720 τοῦ
3436 3668 3691 3738 ἁμαρτω-

2131 3755 2224 3808 λοῦ
2264 3756 2806 3828 προκαταληφθεῖσαν
2848 3757 3112 3831 καθέδραν
3142 3758 3217 3821 ὡς
3249 3757 3515 3829 βλαϐερὰν
3562 3760 3692 3811 ἀπο-

2133 3846 2394 3916 φεύγειν;
2427 3848 2497 3901 ’Ἡ
2538 3848 2776 3919 νομίζειν
2821 3850 2966 3919 ἡμᾶς
3008 3849 3112 3921 χρὴ
3145 3850 3410 3921 καθέδραν
3444 3849 3689 3917 λέγεσθαι

2131 3937 2230 4009 τὴν
2274 3938 2491 4009 ἑδραίαν
2538 3940 2633 3993 καὶ
2678 3939 2902 4010 μόνιμον
2934 3940 2991 3992 ὲν
3025 3942 3090 4010 τῇ
3138 3939 3313 4011 κρίσει
3369 3940 3466 4010 τῆς
3501 3939 3689 4003 κακίας

2132 4030 2441 4101 διατριϐήνς
2486 4032 2550 4084 Ὃ
2597 4031 2894 4099 φυλακτέον
2933 4033 3081 4102 ἡμῖν,
3113 4030 3243 4084 διότι
3287 4030 3348 4084 τὸ
3399 4030 3690 4100 φιλοπόνως

2134 4121 2565 4194 προσδιατρίϐειν
2598 4125 2718 4186 ταῖς
2760 4122 3052 4194 ἁμαρτίαις
3082 4123 3192 4187 ’ἐξιν
3226 4122 3343 4176 τινὰ
3382 4123 3687 4194 δυσκίνητον

2130 4218 2251 4279 ταῖς
2280 4214 2477 4286 ψυχαῖς
2521 4217 2756 4286 ἐμποιεῖ.
2807 4213 3118 4269 Παλαιωθὲν
3147 4214 3254 4286 γὰρ
3290 4214 3464 4278 πάθος
3493 4215 3684 4285 ψυχῆς,

2134 4308 2228 4361 καὶ
2241 4306 2412 4362 κακοῦ
2440 4307 2637 4378 μελέτη
2669 4307 2842 4379 χρόνῳ
2868 4306 3221 4377 βεϐαιωθεῖσα
3247 4307 3494 4371 δυσίατός
3516 4308 3678 4371 ἐστιν,

2133 4399 2165 4469 ἤ
2202 4401 2294 4453 καὶ
2321 4401 2537 4464 ἀνίατος
2560 4399 2858 4464 παντελῶς,
2888 4402 2967 4463 είς
2991 4398 3172 4468 φύσιν,
3197 4399 3272 4462 ὡς
3286 4398 3356 4452 τά
3387 4399 3576 4465 πολλὰ,
3600 4398 3686 4452 τοῦ

472 4506 588 4547 ram
616 4499 874 4554 transeat,
902 4489 954 4544 id
987 4490 1128 4558 quod
1153 4490 1467 4559 plerumque
1499 4491 1699 4545 evenit.
1726 4489 2029 4560 Optaudum

2135 4490 2288 4555 ἔθους
2342 4492 2752 4563 μεθισταμένου.
2787 4488 2963 4562 Εὖχῆς
2998 4492 3095 4561 μὲν
3122 4484 3212 4544 οὖν
3239 4490 3383 4557 ἀξιον
3418 4492 3492 4563 μὴ
3526 4508 3687 4563 προσ-

474 4582 636 4652 igitur
671 4581 854 4647 fuerit,
887 4591 945 4637 ut
970 4597 1039 4638 ne
1066 4584 1393 4650 attingamus
1418 4581 1638 4635 malum.
1662 4582 1914 4636 Attamen
1947 4598 2031 4637 se-

473 4673 645 4729 cunda
694 4684 936 4743 superest
979 4674 1271 4744 navigatio,
1302 4684 1360 4728 ut
1384 4674 1567 4729 statim
1599 4682 1719 4744 post
1747 4676 2034 4743 experien-

476 4765 604 4820 tiam
647 4765 775 4820 illud
810 4774 1061 4835 tanquam
1090 4766 1276 4822 bestia:
1313 4776 1590 4821 venenatae
1634 4764 1841 4834 plagam
1867 4764 2032 4818 decli-

475 4871 684 4919 nemus,
715 4860 1010 4913 secuudum
1041 4858 1386 4914 Salomonem
1423 4858 1489 4911 de
1533 4856 1770 4925 improba
1807 4854 2031 4909 muliere

474 4947 795 5004 scribentem
823 4964 838 5002 :
874 4947 956 5003 Ne
985 4950 1192 5018 injicias
1228 4949 1439 5004 oculum
1472 4959 1620 5003 tuum
1667 4949 1721 5001 in
1771 4964 1907 5009 eam,
1941 4948 2030 5000 sed

475 5038 617 5092 rasili
634 5054 651 5100 ;
677 5055 740 5092 ne
766 5038 1063 5092 moreris“.
1093 5040 1156 5093 Et
1182 5053 1309 5094 vero
1336 5039 1600 5109 quosdam
1636 5036 1782 5101 novi,
1814 5038 1905 5106 qui
1936 5050 2032 5106 per

546 5192 630 5247 “l
659 5192 785 5248 Cor.
820 5208 883 5258 ll,
913 5192 966 5248 9.
1052 5192 1094 5225 “
1119 5192 1278 5248 Prov.
1310 5192 1505 5259 ix,18.

474 5355 655 5480 κνὲἓδ)
708 5355 810 5410 Pro
849 5353 1028 5407 πυκνά
1076 5354 1269 5423 Iegitur
1316 5355 1368 5410 in
1428 5354 1696 5424 aliquibus
1744 5370 1871 5409 mss.
1930 5372 2031 5407 πυ-

545 5497 655 5566 (27)
687 5496 822 5551 Edit.
861 5494 1148 5565 προτείνει.
1181 5495 1250 5547 At
1278 5510 1407 5550 mss.
1457 5510 1563 5550 non
1608 5494 1761 5565 pauci
1818 5496 2033 5566 προτεί-

473 5582 658 5707 Ἳὲἕ)
686 5636 777 5691 Sic
803 5651 932 5691 mss.
962 5635 1200 5705 plurimi.
1232 5633 1436 5691 Vocula
1465 5638 1529 5689 ὲκ
1556 5636 1607 5688 in
1634 5633 1793 5689 editis
1819 5634 2031 5689 deside-

475 5717 656 5845 ’Ἶὲδὶ
688 5775 826 5831 Editi
852 5775 959 5830 ἀπὸ
984 5777 1160 5833 ἕύλου.
1186 5779 1251 5833 At
1284 5794 1417 5836 mss.
1446 5775 1551 5831 ἀπὸ
1586 5775 1677 5830 τοῦ
1710 5774 1885 5840 ξύλου·

2141 4581 2377 4651 ἅψασθαι
2428 4582 2520 4635 τοῦ
2562 4582 2750 4636 κακοῦ.
2791 4581 3048 4647 Δεύτερος
3076 4582 3132 4635 δὲ
3161 4581 3344 4646 πλοῦς,
3372 4582 3530 4646 εὐθὺς
3560 4583 3688 4653 μετὰ

2139 4671 2235 4741 τὴν
2264 4674 2456 4743 πεῖραν
2482 4671 2669 4743 ὥσπερ
2695 4671 2894 4725 ἰοϐόλου
2932 4670 3145 4743 πληγὴν
3170 4672 3521 4742 ἀποφεύγειν,
3557 4673 3689 4726 κατά

2131 4762 2193 4816 τὸ
2220 4765 2600 4835 γεγραμμένον
2628 4766 2777 4837 παρά
2806 4764 2897 4818 τοῦ
2931 4764 3287 4835 Σολομῶντος,
3312 4765 3439 4837 περὶ
3466 4765 3562 4835 τῆς
3594 4782 3688 4834 γυ-

2132 4856 2317 4920 ναικὸς
2349 4858 2445 4927 τῆς
2477 4858 2706 4927 φαύλης,
2755 4859 2834 4911 ὅτι
2874 4858 2967 4926 Μὴ
3005 4857 3339 4927 ἐπιστήσῃς
3390 4857 3504 4912 σόν
3541 4857 3688 4927 ὄμμα

2134 4948 2280 5015 πρὸς
2293 4950 2504 5017 αὐτὴν,
2519 4952 2652 5005 ἀλλ’
2668 4951 3083 5020 ἁποπήδησονυ
3093 4950 3178 5021 μὴ
3192 4951 3547 5020 ἐγχρονίσῃς
3561 4950 3685 5020 (50).

2133 5039 2249 5093 Νῦν
2294 5041 2350 5094 δὲ
2393 5038 2510 5096 οἷδά
2552 5061 2705 5108 τινας
2744 5045 2801 5096 ἐν
2842 5044 3049 5114 νεότητι
3095 5043 3229 5114 πρὸς
3260 5042 3329 5097 τὰ
3357 5042 3455 5113 τῆς
3498 5042 3687 5114 σαρκὸς

2205 5356 2313 5425 (50)
2342 5354 2516 5427 Editio
2563 5355 2733 5410 Paris.
2771 5356 2844 5427 μὴ
2874 5357 3125 5426 χρονίσῃς
3161 5356 3219 5408 ὲν
3258 5354 3335 5425 τῷ
3364 5356 3534 5423 τόπῳ.
3587 5355 3683 5411 Sed

2133 5427 2281 5486 illud,
2319 5427 2375 5477 ἐν
2411 5425 2490 5495 τῷ
2515 5428 2687 5497 τόπῳ,
2723 5425 2781 5479 in
2804 5425 3041 5479 editione
3075 5427 3236 5478 Basil.
3277 5441 3371 5497 et“
3397 5428 3448 5479 in
3495 5430 3685 5479 nostris

2132 5512 2221 5549 sex
2256 5510 2388 5550 mss.
2423 5499 2590 5550 deest.
2636 5496 2710 5549 Ex
2762 5510 2867 5564 quo
2919 5499 2994 5555 lit,
3054 5507 3110 5549 ut
3145 5512 3209 5549 ex
3243 5496 3429 5549 Bibliis
3456 5497 3682 5548 additum

2131 5566 2297 5619 fuisse
2359 5566 2503 5618 credi
2559 5568 2753 5618 merito
2782 5566 2966 5633 possit.
3005 5566 3066 5618 Et
3101 5569 3200 5620 huc
3254 5567 3572 5629 notandum,
3601 5581 3686 5634 pro

2130 5634 2381 5706 χρονίσῃς
2410 5635 2509 5703 legi
2551 5636 2603 5690 in
2635 5636 2869 5690 editione
2903 5635 3060 5691 Basil.
3118 5650 3167 5689 et
3218 5637 3268 5690 in
3311 5637 3510 5705 aliquot
3565 5651 3683 5690 mss.

2131 5705 2469 5775 ἐγχρονίσιιςο
