4008 6402
297 437 406 494 9ἳί5

1487 441 1767 492 llUMlLlA
1805 443 1866 489 ιλ
1910 438 2236 490 ι’δλωιυΜ
2277 437 2318 488 Ι.

3404 435 3513 493 226

296 552 446 624 πάθη
486 553 995 625 κατολισθήσαντας,
1022 554 1114 608 καὶ
1146 553 1304 626 μέχρι
1329 554 1517 618 πολιᾶς
1551 555 1662 624 (Si)
1692 553 1862 623 αὐτῆς

1971 567 2113 606 suam
2139 551 2475 620 juventutem
2523 553 2575 606 in
2625 553 2802 607 carnis
2834 553 2959 606 vitia
2990 554 3215 624 delapsi,
3251 555 3315 609 ad
3347 557 3513 625 ipsam

291 645 385 700 διὰ
412 644 698 716 συνήθειαν
727 644 819 698 τοῦ
856 644 1025 699 κακοῦ
1048 647 1165 707 ταῖς
1194 645 1488 717 ἁμαρτίαις
1519 644 1860 718 παραμένον-

291 754 414 800 τας.
463 737 549 800 Ὠς
595 736 703 808 γὰρ
755 738 802 790 οἰ
867 738 925 789 ἑν
1000 737 1243 809 βορϐόρῳ
1290 736 1694 807 καλινδούμενοι
1747 735 1858 805 (52)

292 831 466 899 χοῖροι
489 827 573 880 ἀεὶ
596 827 1058 898 προσπλάττουσιν
1090 829 1299 891 ἑαυτοῖς
1329 828 1418 880 τὸν
1459 827 1626 896 πηλόν
1645 844 1658 857 ·
1687 825 1860 890 οὕτως

291 914 440 973 οὗτοι
469 919 528 972 τὸ
551 922 613 972 ὲκ
644 919 740 989 τῆς
774 919 965 989 ἡδονῆς
995 916 1183 989 αἶσχος
1223 918 1344 972 καθ’
1380 919 1612 990 ἑκάστην
1651 918 1861 990 ἡμέραν

293 1010 861 1080 προσαναμάσσονται.
914 1011 1195 1082 Μακάριον
1252 1011 1350 1081 μὲν
1396 1005 1488 1062 οὖν
1519 1010 1577 1062 τὸ
1626 1009 1702 1080 μὴ
1749 1009 1862 1061 δια-

292 1102 550 1172 νοηθῆναι
583 1101 644 1153 τὸ
689 1099 952 1172 πονηρόνο
997 1103 1044 1154 εί
1098 1101 1153 1154 δὲ
1197 1101 1338 1154 κατά
1372 1101 1723 1172 συναρπαγὴν
1766 1099 1859 1152 τοῦ

291 1191 489 1262 ἐχθροῦ
522 1191 687 1255 ἐδέξω
711 1194 775 1262 τῇ
798 1193 940 1263 ψυχῇ
972 1192 1308 1263 βουλεύματα
1334 1192 1608 1255 ἀσεϐείας,
1637 1190 1710 1263 μὴ
1734 1193 1862 1260 στῇς

293 1285 390 1338 ἐπὶ
423 1285 518 1354 τῆς
566 1286 858 1355 ἁμαρτίας.
899 1286 958 1337 Εἰ
999 1285 1056 1337 δὲ
1097 1286 1190 1337 καὶ
1233 1284 1390 1338 τοῦτο
1434 1283 1726 1347 πέπονθας,
1787 1281 1861 1353 μὴ

292 1376 607 1447 ἑνιδρυνθῇς
634 1376 712 1446 τῷ
743 1375 914 1446 κακῷ.
944 1375 1033 1448 Μὴ
1066 1376 1241 1430 τοίνυν
1273 1375 1543 1445 καθεσθῇς
1579 1375 1670 1427 ἐπὶ
1721 1374 1851 1428 καθ-

293 1467 456 1538 έδρας
474 1468 572 1536 τῆς
603 1467 710 1519 τῶν
734 1468 956 1538 λοιμῶν.
985 1469 1043 1520 Ei
1071 1467 1178 1537 t35)
1209 1466 1434 1538 ἐνόησας
1463 1465 1724 1538 καθέδραν
1743 1466 1862 1520 τίνα

294 1559 692 1630 φησὶνὸλόγος,
723 1561 805 1612 ὅτι
850 1561 946 1630 τὴν
967 1559 1162 1629 διαρκῆ
1187 1559 1332 1627 λέγει
1364 1558 1453 1611 τοῦ
1483 1556 1652 1611 κακοῦ
1693 1574 1859 1628 προσ-

293 1650 500 1721 εδρίαν,
529 1649 781 1714 ἐξέτασον
806 1650 990 1704 λοιπὸν
1014 1650 1170 1713 τίνας
1200 1648 1449 1719 ὠνόμασε
1476 1649 1601 1711 τοὺς
1621 1647 1858 1718 λοιμούς.

291 1743 432 1795 Φασὶ
471 1742 532 1811 δὴ
570 1743 660 1794 τὸν
707 1742 893 1812 λοιμὸν
938 1743 986 1794 οί
1033 1742 1161 1812 περὶ
1205 1742 1375 1794 ταῦτα
1427 1739 1609 1801 δεινοὶ,
1645 1738 1862 1791 ἐπειδὰν

293 1833 414 1896 ἑνὸς
439 1832 720 1904 ἀνθρώπου
754 1833 786 1904 ἦ
815 1835 1041 1905 κτήνους
1074 1833 1299 1903 ἅψηται,
1330 1831 1471 1886 κατὰ
1508 1831 1740 1884 διάδοσιν
1775 1830 1862 1883 ἐπὶ

294 1927 507 1989 πάντας
557 1929 682 1990 τοὺς
727 1926 1040 1996 ἑγγίζοντας
1101 1926 1482 1992 διανέμεσθαι·
1536 1924 1695 1993 φύσιν
1753 1923 1860 1994 γὰρ

293 2016 436 2072 εἶναι
471 2020 566 2089 τῆς
593 2016 747 2070 νόσου
773 2017 1047 2089 τοιαύτην,
1071 2016 1131 2070 τὸ
1163 2016 1221 2081 ἑξ
1245 2015 1486 2088 ἀλλήλων
1511 2015 1716 2078 πάντας
1743 2015 1864 2067 ἀνα-

291 2109 604 2181 πιμπλάναι
634 2111 732 2179 τῆς
759 2109 1084 2180 ἀρρωστίας.
1122 2107 1361 2161 Τοιοῦτοι
1389 2107 1444 2160 δέ
1467 2105 1608 2170 τινές
1643 2108 1746 2160 είσι
1774 2107 1864 2158 καὶ

290 2204 343 2255 οἱ
387 2202 614 2274 ἐργάται
636 2201 736 2272 τῆς
759 2201 1006 2272 ἀνομίας.
1048 2200 1240 2263 Ἀλλος
1271 2201 1379 2270 γὰρ
1405 2201 1548 2271 ἄλλῳ
1574 2199 1674 2269 τῆς
1702 2199 1859 2253 νόσου

297 2295 667 2367 μεταδιδόντες
701 2293 1040 2346 συννοσοῦσιν
1066 2293 1317 2364 ἀλλήλοις
1337 2333 1351 2358 ,
1381 2293 1476 2345 καὶ
1506 2293 1866 2346 συναπόλλυν-

291 2405 404 2442 ται.
443 2387 512 2439 ’Ὴ
538 2388 635 2456 οὐχ
673 2388 803 2457 ὁρᾷς
833 2388 956 2449 τοὺς
992 2385 1220 2456 πόρνους
1252 2386 1373 2447 τοὺς
1403 2385 1494 2436 ἐπὶ
1532 2385 1628 2455 τῆς
1664 2385 1867 2455 ἀγορᾶς

292 2478 660 2551 καθημένους,
702 2478 796 2530 καὶ
838 2478 1254 2546 καταγελῶντας
1287 2476 1393 2530 τῶν
1428 2476 1864 2548 σωφρονούντων,

294 2572 393 2626 καὶ
423 2571 808 2643 διηγουμένους
843 2569 1051 2624 ἑαυτῶν
1080 2569 1148 2624 τὰ
1172 2570 1270 2641 τῆς
1302 2570 1564 2640 αἰσχύνης
1597 2569 1758 2640 ἔργα,
1801 2569 1869 2623 τά

293 2662 390 2716 τοῦ
419 2663 641 2726 σκότους
663 2660 1091 2732 ἐπιτηδεύματα,
1133 2661 1226 2714 καὶ
1253 2661 1318 2714 τὰ
1344 2662 1484 2734 πάθη
1515 2663 1614 2733 τῆς
1648 2663 1868 2733 ἀτιμίας

295 2755 504 2827 ἀπαριο
514 2755 813 2826 μουμένους
835 2754 909 2818 ὡς
935 2755 1233 2825 ἀριστείας,
1264 2756 1296 2826 ἧ
1319 2772 1470 2818 τινας
1501 2755 1665 2818 ἄλλας
1684 2756 1873 2827 ἀνδρα-

293 2849 529 2920 γαθίας;
564 2841 722 2902 Οὗτοί
752 2850 886 2900 εἰσιν
915 2850 962 2900 οἱ
994 2847 1171 2918 λοιμοὶ
1202 2849 1250 2900 οἱ
1286 2844 1346 2900 τὸ
1389 2847 1519 2900 ἴδιον
1564 2847 1729 2900 κακὸν
1779 2847 1871 2900 ἐπὶ

299 2943 508 3004 πάντας
523 2942 673 3008 ἄγειν
690 2937 1135 3008 φιλονεικοῦντες,
1166 2941 1258 2992 καὶ
1275 2938 1502 3003 πολλοὺς
1528 2940 1738 3003 ἑαυτοῖς
1759 2938 1870 3009 (54)

297 3032 713 3105 παραπλησίους
741 3030 994 3099 γενέσθαι
1046 3028 1510 3102 φιλοτιμούμενοι,
1557 3031 1643 3084 ἵνα
1697 3031 1754 3084 ὲν
1803 3032 1870 3102 τῇ

297 3126 556 3196 κοινωνίᾳ
576 3123 684 3177 τῶν
711 3122 896 3176 κακῶν
925 3122 1230 3192 διαφύγωσι
1260 3121 1327 3176 τὰ
1354 3123 1550 3192 ὀνείδη.
1595 3120 1731 3176 Οὔτε
1766 3121 1872 3192 γὰρ

298 3217 414 3289 πῦρ
441 3216 890 3286 εὐκαταπρήστου
914 3213 1044 3284 ὕλης
1071 3213 1345 3283 ἁψάμενον
1370 3213 1595 3266 δυνατὸν
1647 3211 1719 3283 μὴ
1751 3213 1872 3282 οὐχὶ
1899 3234 1940 3292 C

298 3311 393 3364 ἐπὶ
443 3311 624 3363 πᾶσαν
672 3308 840 3378 αὐτὴν
876 3307 1147 3376 διαϐῆναι,
1193 3305 1365 3368 ἄλλως
1398 3323 1457 3358 τε
1491 3304 1592 3359 κᾶν
1643 3304 1870 3376 ἐπιτύχῃ

299 3403 611 3474 πνεύματος
637 3400 895 3471 ἑπιφόρου
923 3400 1022 3470 τὴν
1049 3399 1222 3468 φλόγα
1277 3396 1684 3467 διακομίζοντος
1706 3413 1718 3426 °
1747 3395 1870 3449 οὕτε

298 3497 400 3568 τὴν
443 3494 734 3566 ἁμαρτίαν,
774 3492 890 3554 ἑνὸς
931 3491 1234 3562 ἀψαμένην,
1284 3490 1358 3561 μὴ
1388 3489 1508 3560 οὐχὶ
1542 3490 1633 3542 ἐπὶ
1667 3489 1874 3552 πάντας

299 3587 428 3648 τοὺς
473 3583 786 3653 ἐγγίζοντας
842 3581 1087 3644 διελθεῖν,
1145 3579 1485 3646 ἑξαπτόντων
1542 3577 1710 3648 αὐτὴν
1767 3577 1874 3631 τῶν

302 3676 629 3747 πνευμάτων
687 3675 786 3745 τῆς
847 3673 1132 3744 πονηρίας.
1185 3671 1258 3723 Τὸ
1307 3670 1416 3742 γὰρ
1467 3670 1566 3740 τῆς
1623 3668 1874 3739 πορνείας

303 3770 523 3840 πνεῦμα
549 3769 649 3821 οὐκ
673 3767 920 3837 ἀνέχεται
948 3768 1004 3817 ἑν
1041 3764 1118 3835 τῷ
1148 3763 1228 3816 ἑνὶ
1271 3763 1462 3833 στῆναι
1494 3761 1604 3832 (55)
1641 3760 1738 3832 τὴν
1761 3760 1876 3812 ἀτι-

306 3861 459 3932 μίαν,
478 3859 589 3912 ἀλλ⁹
613 3858 770 3920 εὐθὺς
791 3856 1074 3929 ἡλικιῶται
1093 3872 1154 3906 συ
1163 3852 1645 3925 μπαρελήφθησαν·
1679 3849 1871 3921 κῶμοι,

303 3954 403 4007 καὶ
421 3953 610 4024 μέθαι,¹
628 3952 721 4005 καὶ
742 3948 940 4020 αἰσχρά
969 3949 1299 4019 διηγήματα·
1329 3947 1518 4017 ἑταίρα
1543 3943 1657 4014 (56)
1678 3960 1740 3996 συ
1750 3941 1877 4013 μπί-

305 4063 492 4108 νουσα,
526 4044 699 4115 τοῦτῳ
730 4040 1154 4115 προσμειδιῶσα,
1193 4041 1442 4093 κάκεῖνον
1480 4037 1873 4109 διερεθίζουσα,

304 4142 404 4194 καὶ
429 4139 638 4201 πάντας
670 4137 803 4208 πρὸς
829 4136 929 4206 τὴν
951 4135 1118 4204 αὐτὴν
1144 4133 1420 4203 ἁμαρτίαν
1471 4129 1873 4200 συμφλέγουσα.

303 4226 455 4299 ’Λρα
497 4227 689 4298 μικρὸς
713 4229 741 4279 ὁ
769 4225 952 4296 λοιμὸς
980 4219 1152 4286 οὗτος,
1189 4223 1220 4293 ἢ
1250 4221 1421 4293 μικρά
1467 4222 1499 4291 ἡ
1528 4220 1759 4283 διάδοσις
1783 4217 1876 4273 τοῦ

307 4321 514 4387 nam”);
545 4320 610 4372 Τί
648 4319 724 4383 δὲ,
765 4319 793 4369 ὁ
838 4316 928 4369 τὸν
969 4315 1296 4384 πλεονέκτην
1331 4311 1528 4384 ζηλῶν,
1557 4312 1589 4381 ἢ
1625 4310 1653 4361 ὁ
1684 4310 1773 4363 τὸν
1820 4310 1878 4375 ἑξ

309 4413 477 4484 ἄλλης
499 4411 641 4474 τινος
671 4408 933 4480 πονηρίας
966 4406 1236 4478 περιφανῆ
1263 4423 1384 4458 τινα
1425 4403 1704 4473 πολιτικὴν
1726 4402 1878 4455 δυνα-

311 4505 495 4558 στείαν
549 4499 1028 4573 περιϐεϐλημένον,
1073 4498 1106 4567 ἢ
1166 4496 1334 4550 ἐθνῶν
1389 4495 1684 4565 ἡγεμονίαν
1732 4493 1881 4563 ἕχον-

1964 659 2134 712 usque
2175 645 2424 698 canitiem
2457 644 2509 697 in
2543 645 2779 712 peccatis
2814 653 3030 714 propter
3072 646 3196 700 mali
3230 659 3516 702 consuetu-

1964 738 2140 790 dinem
2187 746 2688 806 perseveravcrnnt.
2723 737 3180 804 Quemadmodum
3219 738 3360 793 enim
3395 753 3518 794 sues

1964 831 2053 899 qui
2093 845 2214 884 sese
2247 829 2298 883 in
2331 843 2487 883 caeno
2535 829 2842 895 obvolvunt,
2884 844 3096 899 semper
3117 831 3284 900 magis
3313 845 3375 884 ac
3404 846 3517 885 ma-

1965 921 2044 989 gis
2073 920 2183 975 luto
2209 929 2609 990 asperguntur.
2642 923 2722 976 sic
2752 922 2786 976 ii
2838 922 3074 992 quotidie
3108 923 3276 992 magis
3301 938 3366 978 ac
3405 939 3519 976 ma-

1966 1011 2046 1079 gis
2079 1011 2368 1080 voluptatis
2400 1013 2501 1066 sibi
2525 1013 2755 1068 dedecus
2783 1013 3024 1068 inurunt.
3049 1012 3329 1070 Beatitudo
3359 1015 3519 1085 igitur

1962 1111 2044 1154 cst
2075 1101 2273 1155 malum
2328 1118 2434 1156 non
2486 1108 2795 1172 cogitasse:
2830 1103 2872 1159 si
2927 1114 3103 1158 tamen
3151 1105 3353 1159 inimici
3401 1108 3520 1160 dolo

1963 1189 2184 1242 consilia
2236 1189 2521 1259 impietatis
2569 1192 2834 1260 receperis
2876 1193 2928 1246 in
2977 1195 3175 1255 anima.
3213 1209 3279 1249 ne
3307 1198 3520 1252 steteris

1965 1280 2013 1332 in
2043 1289 2283 1349 peccato.
2322 1281 2472 1348 Quod
2520 1284 2562 1337 si
2593 1284 2756 1337 etiam
2806 1283 2856 1336 id
2887 1284 2977 1337 tibi
3009 1286 3256 1354 contigit,
3291 1287 3342 1340 in
3379 1288 3520 1341 man

1963 1388 2029 1426 ne
2063 1387 2396 1440 permaneas.
2429 1373 2504 1427 Ne
2544 1375 2706 1444 igitur
2735 1374 2940 1430 sederis
2971 1376 3020 1429 in
3072 1379 3324 1433 cathedra
3357 1383 3522 1448 pesti.

1965 1465 2273 1519 lentiarum.
2317 1465 2373 1520 Si
2417 1466 2726 1521 intellexisti
2769 1484 3056 1537 quamnam
3095 1471 3410 1526 cathedram
3437 1473 3518 1526 di-

1963 1569 2050 1612 cat
2076 1558 2374 1626 Scriptura,
2408 1558 2658 1612 nimirum
2695 1560 2902 1629 longam
2933 1561 2983 1614 in
3013 1563 3152 1617 malo
3179 1552 3522 1634 perseverat).

1965 1650 2112 1714 tiam,
2143 1650 2209 1704 de
2258 1660 2454 1704 caetero
2500 1651 2754 1720 exquiras
2801 1653 2959 1706 velim
3013 1668 3145 1722 quas
3187 1656 3513 1724 pestilentiat

1966 1742 2225 1795 nominet.
2272 1741 2436 1794 Aiunt.
2467 1741 2722 1797 harumce
2759 1757 2936 1797 rerum
2978 1745 3130 1814 periti
3179 1755 3402 1814 pestem,
3430 1747 3517 1800 nbt

1965 1847 2127 1886 unum
2162 1831 2454 1896 heminem,
2482 1842 2572 1886 aut
2594 1832 2894 1900 jumentum
2919 1823 3175 1905 attigerit,
3204 1837 3255 1891 in
3280 1853 3522 1908 quosque

1965 1925 2235 1992 proximos
2288 1939 2380 1991 per
2424 1925 2571 1979 vices
2609 1939 2852 1996 serpere;
2907 1929 3238 1982 contendunt
3285 1944 3520 1998 namque

1966 2014 2121 2082 hujus
2178 2015 2346 2070 morbi
2399 2025 2645 2070 naturam
2707 2016 2863 2071 talem
2922 2032 3064 2084 esse,
3096 2029 3152 2074 ut
3184 2034 3369 2075 omnes
3403 2037 3521 2077 sese

1966 2119 2150 2163 mutuo
2193 2109 2512 2178 aegritudine
2553 2111 2812 2180 repleant.
2848 2111 3005 2168 Tales
3050 2113 3231 2183 itaque
3273 2124 3400 2171 sunt
3429 2117 3524 2170 ini-

1967 2200 2194 2272 quitatis
2241 2203 2493 2271 operarii.
2537 2200 2670 2255 Nam
2699 2202 2837 2258 alter
2873 2203 3026 2259 alteri
3051 2207 3292 2260 morbum
3325 2206 3522 2277 imper-

1971 2294 2165 2348 tientes
2212 2302 2475 2364 aegrotant
2517 2293 2696 2358 simul,
2745 2295 3011 2365 simulque
3059 2308 3304 2366 pereunt.
3336 2298 3522 2354 Nonne

1967 2385 2197 2438 cinmdos
2227 2383 2494 2455 conspicis
2523 2385 2572 2438 in
2600 2383 2718 2440 foro
2747 2387 3019 2448 sedentes.
3054 2388 3143 2457 qui
3177 2398 3358 2444 castos
3389 2404 3522 2459 quo-

1967 2490 2072 2543 que
2107 2475 2353 2542 irrident,
2382 2478 2578 2546 quique
2606 2493 2699 2531 sua
2735 2479 3076 2547 turpitudinis
3107 2495 3268 2550 opera
3297 2495 3522 2536 narran-

1970 2576 2073 2632 tes,
2121 2567 2465 2622 tenebrarum
2511 2570 2686 2624 studia
2717 2579 2770 2624 et
2800 2571 3116 2639 cupiditates
3144 2571 3524 2640 ignominiosas

1972 2667 2222 2727 tanquam
2260 2658 2523 2727 praeclare
2563 2670 2733 2730 gesta,
2770 2670 2862 2715 aut
2905 2661 3010 2714 alia
3043 2663 3286 2731 quaedam
3311 2664 3524 2734 egregia

1971 2747 2208 2804 facinora
2237 2749 2698 2805 commemorant?
2726 2749 2912 2807 Pestes
2940 2762 3066 2807 sunt
3105 2753 3162 2820 ii,
3187 2753 3278 2825 qui
3325 2753 3379 2808 in
3411 2771 3526 2811 om-

1972 2858 2067 2898 nes
2102 2841 2478 2896 transfundere
2505 2852 2766 2896 conantur
2795 2843 3065 2912 pr0prium
3107 2844 3368 2911 morbum,
3393 2847 3528 2900 mnl-

1974 2941 2160 3000 tosque
2192 2931 2291 2985 sibi
2328 2931 2534 2984 similes
2564 2931 2677 2985 fieri
2711 2947 3034 3002 magnopere
3059 2934 3302 3002 cupiunt,
3331 2943 3389 2989 ut
3435 2952 3529 3006 per

1978 3019 2118 3075 hanc
2152 3019 2414 3074 malorum
2447 3021 2987 3076 communicationem
3021 3022 3294 3079 infamiam
3337 3027 3528 3083 vitent.

1975 3108 2107 3162 Nam
2160 3123 2332 3178 neque
2384 3108 2523 3178 ignis
2576 3110 2858 3165 materiam
2894 3113 3249 3182 suscipiendae
3301 3112 3530 3172 flamma:

1977 3201 2217 3255 idoneam
2253 3209 2463 3266 nactus,
2499 3200 2740 3257 cohiberi
2791 3212 2983 3271 potest,
3014 3204 3304 3274 quominus
3354 3207 3533 3262 subsi-

1974 3289 2070 3344 liat
2110 3289 2175 3344 ad
2223 3291 2528 3346 universam
2560 3313 2572 3349 :
2610 3292 2866 3358 maxime,
2912 3293 2964 3350 si
3002 3294 3293 3352 vehemens
3344 3307 3530 3354 ventus

1975 3380 2608 3436 transfundatllannuam
2639 3398 2654 3436 :
2688 3396 2862 3451 neque
2888 3383 3003 3438 fieri
3031 3393 3224 3454 potest,
3256 3396 3314 3441 ut
3341 3402 3532 3458 pecca-

1976 3486 2108 3544 tum,
2145 3474 2288 3545 quod
2318 3489 2483 3527 unum
2519 3473 2750 3544 aliquem
2799 3476 3060 3546 attigerit,
3096 3477 3162 3531 ad
3189 3493 3375 3535 omnes
3405 3480 3536 3536 vici-

1974 3584 2072 3624 nos
2102 3582 2204 3624 non
2243 3576 2496 3632 transeat,
2545 3566 2588 3620 si
2642 3568 2894 3636 nequitia:
2921 3569 3143 3637 spiritus
3181 3570 3308 3624 illud
3343 3586 3536 3627 acceno

1973 3662 2121 3715 dant.
2160 3658 2375 3713 Manere
2415 3658 2556 3713 enim
2606 3657 2659 3712 in
2715 3674 2820 3713 uno
2869 3661 3200 3729 iniquitatem
3252 3677 3356 3717 non
3409 3664 3537 3719 sinit

1975 3750 2196 3819 Spiritus
2246 3749 2440 3818 stupri,
2489 3749 2582 3802 sed
2654 3750 2834 3804 statim
2889 3752 3053 3806 coaevi
3121 3753 3534 3822 consociantur;

1975 3842 2438 3907 comessationes,
2514 3841 2848 3907 ebrietates,
2931 3857 3207 3898 sermones
3282 3844 3534 3912 obsceni;

1976 3945 2214 3986 scortum
2266 3939 2622 4000 compotans,
2661 3929 2784 3986 huic
2828 3931 3094 3998 arridens,
3151 3932 3299 3988 illum
3351 3950 3538 4004 provo-

1978 4039 2128 4089 cans,
2174 4025 2238 4078 ad
2290 4024 2428 4077 idem
2460 4034 2741 4092 peccatum
2792 4025 3099 4081 accendens
3136 4041 3346 4084 onmes.
3393 4027 3532 4084 Nunt

1979 4132 2142 4186 parva
2195 4117 2310 4170 lucc
2363 4116 2702 4185 pestilentia,
2754 4132 2881 4171 num
2933 4117 3140 4174 modica
3183 4118 3370 4176 isthaec
3414 4138 3538 4192 pec.
3604 4169 3616 4178 .

1978 4210 2081 4263 cati
2136 4209 2424 4280 contagio?
2456 4209 2593 4276 Quid
2638 4223 2787 4275 vero,
2815 4209 3059 4279 quisquis
3112 4226 3330 4268 avarum
3374 4230 3540 4268 annu-

1979 4301 2138 4364 latur,
2187 4311 2278 4352 aut
2339 4313 2509 4363 eum,
2575 4299 2665 4367 qui
2725 4313 2820 4367 per
2891 4300 3106 4371 aliquod
3155 4304 3298 4359 aliud
3365 4306 3540 4362 scelus

1979 4391 2324 4458 conSpicuam
2377 4391 2664 4459 quamdam
2743 4407 2806 4447 ac
2884 4391 3097 4447 civilem
3163 4395 3539 4451 auctoritatem

1981 4482 2206 4549 adeptus
2247 4489 2364 4547 est,
2418 4492 2510 4535 aut
2561 4483 2799 4548 gentium
2864 4484 3027 4537 habet
3097 4483 3403 4554 imperium,
3450 4496 3542 4541 aut

310 4615 399 4658 τα,
457 4596 491 4667 ἢ
553 4594 924 4666 στρατοπέδων
974 4590 1226 4661 ἄρχοντα,
1268 4583 1387 4642 εἷτα
1426 4590 1538 4651 τοῖς
1584 4587 1870 4656 αἰσχίστοις

1982 4575 2314 4628 exercituum
2355 4574 2458 4626 dux
2493 4582 2597 4637 est,
2625 4575 2817 4628 deinde
2865 4576 2908 4627 si
2962 4573 3241 4632 atlectibus
3296 4579 3541 4647 turpissi-

311 4690 541 4745 πάθεσιν
607 4686 1010 4758 ἑμιρυρόμενον,
1066 4684 1185 4754 ουχὶ
1252 4683 1386 4754 αὐτῇ
1444 4684 1508 4752 τῇ
1582 4679 1726 4749 ψυχῇ
1786 4677 1874 4731 τὸν

311 4779 495 4850 λοιμὸν
567 4775 897 4848 παρεδέξατο
928 4813 942 4837 ,
1009 4773 1068 4826 τὸ
1130 4771 1223 4825 τοῦ
1303 4768 1632 4841 ζηλουμένου
1710 4766 1874 4821 κακὸν

311 4874 508 4925 οἰκεῖον
563 4867 924 4938 ποιοῦμενος;
965 4866 1030 4917 Αἱ
1078 4863 1184 4934 γάρ
1236 4861 1376 4914 κατὰ
1426 4861 1516 4913 τὸν
1571 4859 1685 4928 βίον
1736 4857 1876 4926 λαμ-

313 4963 579 5036 πρότητες
634 4959 1114 5026 συναναφαίνουσιν
1169 4955 1279 5024 (57)
1339 4952 1560 5014 ἑαυταῖς
1617 4950 1876 5011 καὶτοὺς

317 5057 462 5127 βίους
489 5054 596 5107 τῶν
632 5050 1030 5123 περιϐλέπτωνο
1077 5047 1170 5101 καὶ
1212 5044 1537 5116 στρατιῶται
1581 5043 1678 5113 μὲν
1710 5039 1785 5105 ὡς
1816 5041 1884 5092 τὰ

317 5147 484 5202 πολλά
523 5148 634 5207 τοῖς
675 5142 1168 5215 στρατοπεδάρχαις
1199 5136 1600 5208 ἑξομοιοῦνται·
1645 5135 1693 5187 οί
1735 5133 1790 5186 δὲ
1825 5135 1883 5186 ἑν

388 5305 498 5366 151)
532 5300 670 5354 Editi
697 5297 855 5369 μέχρι
875 5296 1149 5366 τελευτῆς.
1177 5297 1245 5348 At
1277 5309 1403 5349 mss.
1453 5303 1682 5362 quatuor
1714 5287 1875 5359 μέχρι

313 5375 565 5444 πολιᾶςκ
831 5441 838 5444 Α
1068 5436 1098 5444 __
1140 5437 1151 5444 _
1188 5436 1200 5444 _
1354 5432 1370 5444 ι
1444 5433 1466 5444 _
1513 5429 1525 5444 ο

386 5428 501 5514 (5ἓῇ
541 5443 671 5511 Reg.
725 5441 910 5493 tertius
963 5448 1020 5491 et
1061 5429 1724 5514 COiSl.-I_XUXE‘{§05ELSVOL.'
1759 5428 1875 5514 Yox

313 5498 494 5588 χοίροί
531 5498 682 5567 deest
740 5513 798 5588 inA
850 5524 981 5588 ῐιιδξ.
1016 5506 1347 5588 .n'onngttllis.‘
1377 5498 1666 5588 Aliqitniito
1714 5498 1873 5588 infra,

314 5571 458 5642 ἓατά
495 5581 847 5654 συναρπαγὴν
881 5575 974 5631 τοῦ
1013 5575 1238 5654 ἐχθροῦ,
1285 5574 1638 5654 advel-hum,
1676 5571 1877 5654 μύξης-

315 5659 489 5725 ptione
520 5641 721 5706 ininiict'
751 5641 769 5705 Ξ
802 5641 900 5704 hoc
930 5641 1274 5713 estfi'a'ltncia
1328 5653 1375 5698 et
1417 5644 1553 5695 malo
1600 5641 1720 5693 dolo
1770 5641 1874 5691 iui-

317 5742 460 5780 ηιιει.

295 5779 323 5858 id
389 5794 501 5860 (33)
527 5791 616 5846 Sic
640 5806 768 5843 mss.
806 5787 990 5841 nostri.
1028 5787 1096 5837 At
1119 5785 1244 5860 editi
1277 5783 1397 5860 ἐπεὶ
1419 5779 1486 5860 εἰ.

389 5849 504 5936 ἶβίν)
532 5864 623 5916 Sic
674 5872 800 5914 mss.
837 5861 900 5911 At
958 5872 1084 5910 vero
1113 5855 1241 5907 editi
1287 5854 1583 5915 αὑτοῖς,....
1609 5849 1874 5920 γίνεσθαι.

635 5955 904 6016 Ρηιιοι.
952 5949 1070 6010 Gn.
1116 5944 1354 6008 XXIX.

1985 4667 2086 4720 mis
2131 4665 2527 4720 contaminatus
2581 4665 2765 4730 fuerit,
2814 4682 2994 4722 nonne
3044 4667 3096 4721 in
3125 4669 3302 4722 animo
3331 4672 3543 4741 excepit

1981 4758 2087 4828 97
2110 4767 2333 4825 pestem,
2362 4767 2494 4823 tum,
2525 4773 2647 4812 cum
2681 4758 2878 4812 malum
2909 4758 3026 4827 ejus
3049 4775 3206 4829 quem
3237 4761 3540 4828 stimulatur,

1985 4851 2256 4919 proprium
2307 4851 2410 4905 sibi
2470 4851 2736 4905 reddidit?
2771 4850 2904 4905 Nam
2940 4861 2993 4906 et
3038 4853 3204 4924 vitam
3233 4869 3418 4910 eorum
3451 4857 3544 4924 qui

1985 4943 2207 5009 clarent,
2234 4955 2415 4996 secum
2442 4943 2733 4997 ostendunt
2762 4942 2866 4997 illa:
2901 4944 3034 5014 ipsa:
3060 4923 3350 5014 dignitates
3377 4923 3496 5000 vita:
3527 4964 3541 5002 :

1985 5044 2040 5089 et
2070 5034 2267 5089 milites
2303 5035 2514 5104 quidem
2555 5034 2866 5104 plerumque
2891 5036 3198 5092 consimiles
3233 5048 3358 5094 sunt
3387 5039 3542 5094 duci-

1946 5165 1951 5172 -
1988 5127 2123 5194 bus;
2158 5125 2337 5195 populi
2376 5141 2506 5181 vero
2535 5126 2587 5180 in
2617 5126 2927 5184 civitatibus
2950 5129 3230 5184 imitantur
3259 5131 3544 5199 magistra-

1980 5283 2100 5338 Mox
2135 5284 2238 5338 duo
2265 5297 2394 5338 mss.
2422 5281 2776 5352 διαφεύγωσι.

2052 5353 2508 5426 (55)Coisl.cnm
2565 5353 2695 5426 Reg.
2759 5355 2915 5409 tertio
2970 5353 3180 5426 στῆναι.
3237 5353 3378 5411 Editi
3425 5371 3546 5426 cum

1982 5423 2099 5497 aliis
2151 5439 2281 5497 inss.
2313 5423 2526 5497 στῆσαι.
2574 5423 2809 5497 ΔΙιιῃιεε.
2847 5423 3114 5497 nonnullis
3179 5441 3272 5493 pro
3325 5425 3548 5497 ἀτιμίαν

1982 5495 2181 5565 legitur
2210 5493 2482 5565 ἁμαρτίαν
2519 5511 2532 5546 :
2573 5493 2625 5565 in
2654 5494 2776 5565 aliis
2804 5496 3122 5565 quibusdam
3153 5497 3404 5564 ἀνομίαν.

2053 5564 2163 5636 ςὸϐ)
2200 5563 2338 5632 Reg.
2369 5565 2556 5636 tertius
2596 5563 2790 5634 ἑταίρα.
2835 5564 3006 5634 τούτῳ
3054 5563 3413 5636 συμπίνουσα,
3452 5568 3550 5620 κά-

1982 5632 2154 5704 κείνῳ
2176 5633 2600 5706 προσμειδιῶσα,
2638 5632 2809 5705 τούτῳ
2868 5632 3308 5705 προσομιλοῦσα,
3366 5638 3550 5691 κάκεῖ-

1982 5719 2090 5768 νον,
2130 5714 2235 5757 etc.

2059 5775 2170 5841 (57)
2221 5775 2311 5830 Sic
2369 5789 2498 5830 mss.
2538 5774 2779 5846 plerique
2836 5788 3044 5830 omnes.
3087 5774 3226 5832 Editi
3256 5778 3554 5852 συνεμφαί-

1987 5861 2186 5903 νουσιν.
2309 5878 2314 5884 ·

3183 5940 3221 6001 8
