4008 6402
453 337 557 392 9.27

1759 334 1815 389 S.
1860 334 2102 389 BASlLll
2139 336 2354 391 MAGNI

3591 339 3697 394 29.8

451 471 558 516 tus.
593 460 658 514 Et
687 459 738 512 in
763 473 992 522 summa,
1019 457 1112 512 ubi
1139 456 1296 536 unius
1325 455 1500 510 scelus
1528 455 1668 526 plebi
1697 455 1870 510 visum
1896 455 1995 512 fue-

2117 459 2233 520 ταῖς
2283 459 2468 511 πόλεσι
2525 457 2685 526 δῆμοι
2734 454 2950 527 ζηλοῦσι
2995 455 3121 518 τοὺς
3177 457 3234 508 ὲν
3283 453 3531 524 δυνάμει.
3585 456 3697 508 Καὶ

449 552 520 605 rit
553 549 855 605 imitatione
883 550 1139 620 dignum,
1175 549 1394 620 proprie
1421 559 1474 604 et
1507 559 1652 604 recte
1682 548 1861 617 aliqua
1890 549 2012 602 ani-

446 656 655 696 marum
681 639 844 710 pestis
867 642 920 696 in
948 642 1052 697 vita
1077 653 1295 698 exstare
1314 643 1542 697 dicetur.
1567 640 1846 696 Claritudo
1868 642 2010 696 enim

447 730 775 798 improbitati
798 729 1008 798 juncta,
1044 731 1239 785 multos
1265 744 1450 784 eorum
1492 730 1579 798 qui
1627 728 1785 784 facile
1825 730 2014 786 labun-

447 831 556 886 tur,
593 823 658 877 ad
704 822 883 877 simile
921 824 1154 878 studium
1201 825 1390 877 trahit.
1427 823 1690 889 Quoniam
1727 823 1911 891 itaque
1943 824 2010 876 ab

447 916 552 971 alio
577 915 641 968 ad
673 916 902 969 altermn
940 917 1214 984 corruptio
1237 924 1438 980 manat,
1479 915 1660 968 talium
1703 916 1898 970 animae
1925 916 2009 969 di-

445 1017 641 1060 cantur
665 1015 812 1073 peste
840 1003 1062 1060 allectat.
1092 1004 1168 1059 Ne
1199 1007 1358 1076 igitur
1387 1007 1438 1060 in
1470 1006 1725 1060 cathedra
1752 1007 2010 1076 pestilen-

450 1100 648 1152 tiarum
681 1097 906 1158 sederis,
953 1112 1084 1152 neve
1118 1099 1304 1169 judicii
1337 1112 1710 1171 corruptorum
1754 1109 1808 1155 et
1842 1101 2011 1170 pesti.-

450 1189 683 1244 ferorum
715 1189 811 1242 fias
840 1189 1127 1257 particeps,
1155 1204 1333 1259 neque
1363 1191 1414 1244 in
1441 1191 1596 1245 malis
1623 1190 1863 1244 consiliis
1894 1204 2010 1260 per-

446 1295 684 1335 maneas.
720 1280 880 1349 Atqui
910 1282 1085 1336 oratio
1117 1281 1171 1336 in
1209 1283 1336 1351 ipsis
1361 1283 1537 1336 adhuc
1575 1283 1856 1349 protemiis
1881 1297 2006 1336 ver-

443 1383 616 1439 satur,
646 1381 702 1428 et
750 1381 928 1427 tamen
965 1373 1110 1428 illius
1141 1375 1349 1444 copiam
1381 1375 1599 1430 modum
1637 1375 1901 1430 excedere
1929 1376 2007 1428 vi-

442 1467 575 1530 deo;
599 1467 734 1520 adeo
760 1474 819 1519 ut
843 1480 1016 1533 neque
1039 1466 1189 1521 vobis
1217 1465 1373 1520 facile
1397 1467 1468 1520 sit
1491 1466 1717 1536 plurima
1749 1466 2003 1528 retinere.

442 1573 616 1628 neque
663 1558 816 1622 mihi,
851 1557 1133 1612 deficiente
1177 1573 1261 1612 me
1292 1574 1444 1624 voce,
1477 1559 1546 1612 ob
1575 1566 1888 1612 consuetam
1924 1559 2005 1611 in-

442 1650 785 1712 firmitatem,
819 1649 1117 1702 orationem
1152 1649 1426 1718 prosequi.
1469 1648 1786 1717 Quanquam
1823 1658 2000 1704 autem

440 1752 502 1792 ea
541 1754 661 1808 qua:
707 1738 974 1804 diximus,
1019 1736 1329 1806 imperfecte
1361 1738 1501 1794 dicta
1544 1739 1690 1804 sint,
1721 1754 1843 1794 cum
1877 1739 2000 1793 mali

439 1829 656 1899 quidem
691 1827 811 1898 fuga
859 1832 1226 1883 deu'tonstrata
1269 1830 1376 1894 sit,
1408 1828 1667 1898 perfectio
1714 1843 1844 1884 vero
1885 1843 2002 1898 quae

437 1922 600 1978 bonis
626 1921 878 1991 operibus
907 1921 1221 1990 acquiritur,
1271 1924 1469 1977 omissa
1503 1923 1575 1977 sit
1607 1944 1619 1978 :
1654 1923 2004 1978 nihilominus

442 2025 620 2067 tamen
665 2013 954 2082 praesentia
989 2011 1232 2084 benignis
1271 2013 1494 2069 auribus
1525 2016 2001 2078 commendantes,

441 2104 774 2176 pollicemur,
809 2103 919 2159 Deo
960 2104 1159 2171 dante,
1202 2105 1409 2176 reliqua
1436 2114 1599 2161 etiam
1643 2106 2002 2176 completuros

441 2210 560 2260 nos,
597 2195 642 2250 si
676 2195 837 2250 modo
871 2210 976 2250 non
1004 2195 1224 2251 omnino
1251 2196 1303 2250 in
1335 2205 1608 2267 posterum
1636 2198 1702 2252 ad
1731 2197 2003 2253 silentium

439 2287 766 2356 redigantur.
807 2285 1033 2342 Tribuat
1076 2295 1254 2342 autem
1308 2287 1566 2342 Dominus
1616 2287 1772 2344 nobis
1815 2303 1999 2344 eorum

438 2391 557 2447 quae
585 2379 818 2434 diximus
849 2379 1178 2444 mercedem,
1212 2380 1362 2436 vobis
1386 2395 1511 2436 vero
1539 2395 1725 2436 eorum
1754 2396 1873 2452 qua!
1902 2397 2000 2436 au-

439 2469 595 2522 distis
624 2467 855 2524 fructum
876 2511 892 2535 ,
925 2472 1095 2538 gratia
1134 2469 1336 2526 Christi
1379 2472 1544 2541 ipsius
1570 2513 1585 2537 ,
1615 2473 1701 2528 cui
1738 2472 1905 2542 gloria
1948 2482 2003 2526 et

438 2561 720 2629 imperium
747 2562 798 2616 in
833 2563 1024 2618 saecula
1060 2563 1396 2619 saeculorum.
1429 2567 1619 2621 Amen.

791 2877 1094 2934 EJUSI.)EM
1126 2878 1190 2933 IN
1229 2878 1553 2935 PSALMUM
1598 2877 1703 2934 Vll.

442 2992 687 3046 Psalmus
719 2992 816 3059 ipsi
851 2991 1014 3063 David
1024 3034 1037 3053 ,
1061 3009 1208 3062 quem
1233 2994 1414 3046 cecinit
1446 2992 1688 3058 Domino,
1711 3008 1806 3063 pro
1831 2994 1994 3047 verbis

947 3062 1107 3116 Cltusi
1128 3063 1226 3131 filii
1249 3063 1472 3117 Jemeni.

515 3155 563 3207 1.
611 3154 891 3224 inscriptio
943 3155 1154 3224 septimi
1202 3154 1393 3224 psalmi
1443 3155 1839 3225 quodammodo
1891 3158 1994 3216 Re-

439 3261 664 3314 gnorum
706 3247 942 3301 historiae
1007 3245 1094 3300 ubi
1134 3245 1201 3300 de
1232 3243 1430 3300 Davide
1477 3254 1750 3310 narratur,
1785 3246 1994 3301 videtur

510 3405 620 3478 (58)
651 3405 825 3478 Editio
848 3405 1018 3462 Paris.
1048 3409 1126 3471 εἰς
1157 3407 1246 3460 τὸν
1271 3407 1453 3478 ὅμοιον
1483 3407 1639 3478 ζῆλον
1669 3409 1776 3462 τῶν
1817 3409 1990 3462 εὑολι-

439 3475 648 3547 σθήτων
677 3477 977 3547 ἐφέλκεται.
1004 3479 1082 3530 Ad
1108 3475 1326 3531 verbum
1356 3475 1638 3546 interpres,
1675 3478 1870 3532 Multos
1924 3481 1992 3531 ad

437 3548 822 3602 wmulationem
857 3547 1079 3614 similent
1121 3563 1322 3610 eorum,
1367 3549 1455 3616 qui
1500 3550 1650 3613 proni
1701 3565 1761 3602 ac
1805 3550 1992 3604 lubrici

438 3627 560 3670 sunt
581 3619 648 3670 ad
679 3620 1019 3685 peccandum,
1055 3619 1237 3671 trahit.
1273 3619 1341 3671 At
1365 3619 1529 3673 nostri
1553 3635 1646 3674 sex
1678 3635 1831 3685 mss.,
1863 3622 1992 3672 utin

441 3697 612 3748 textu,
644 3704 746 3742 non
773 3689 1001 3742 diversis
1026 3687 1239 3754 quidem
1268 3689 1468 3750 verbis,
1501 3691 1595 3743 sed
1625 3690 1728 3745 alio
1753 3690 1943 3744 ordine
1980 3707 1993 3740 :

438 3773 558 3824 qua:
609 3759 820 3814 diversa
879 3759 1166 3814 verborum
1229 3758 1556 3822 collocatio,
1623 3758 1879 3829 quantula
1935 3776 1993 3812 ea

437 3844 648 3899 cunque
675 3839 780 3893 est,
828 3829 1144 3884 sententiam
1171 3837 1334 3882 totam
1367 3828 1684 3896 mutaverat,
1714 3828 1797 3882 vel
1822 3830 1996 3898 potius

437 3911 771 3967 corruperat.

511 3968 626 4039 (59)
658 3969 748 4039 Sic
787 3985 917 4025 mss.
951 3984 1064 4024 sex.
1088 3967 1299 4025 Atediti
1325 3985 1447 4039 cum
1477 3969 1684 4023 duobus
1707 3985 1836 4025 mss.
1868 3970 1997 4038 φθο-

438 4037 918 4112 ροποιῶνηηιίιίθιη
953 4055 1082 4112 mss.
1114 4043 1216 4095 duo
1245 4037 1575 4110 λοιμεώνων.

507 4110 619 4181 (40)
642 4110 1161 4182 [ᾖιίιὶᾐὲναπομένῃς.
1191 4113 1267 4182 At
1286 4109 1412 4165 mss.
1437 4109 1817 4182 evanopelvfng.

507 4179 619 4251 (41)
658 4179 833 4234 Editio
869 4179 1094 4251 utraque
1133 4181 1293 4235 Basil.
1343 4190 1391 4235 et
1444 4179 1619 4234 Paris.
1666 4179 1996 4251 τελειώσεως

437 4249 783 4322 παρεθείσης.
811 4249 1069 4322 At_Coisl
1121 4263 1174 4305 et
1223 4266 1316 4305 sex
1353 4251 1444 4322 alii
1505 4265 1628 4322 mss.
1667 4250 1996 4322 τελειώσεως

435 4319 958 4393 παρατεθείσης.υὺί
984 4324 1276 4393 notandum
1302 4331 1405 4393 est,
1423 4321 1523 4390 legi
1547 4321 1762 4393 quidem
1785 4324 1834 4375 in
1858 4321 1992 4389 Reg.

326 4408 335 4416 '
433 4390 626 4460 quarto
655 4390 991 4461 παραθείσης
1013 4390 1101 4461 (‘3),
1127 4394 1220 4444 sed
1251 4391 1564 4461 particulam
1591 4391 1663 4460 μή
1695 4393 1834 4446 inter
1864 4393 1996 4445 duas

433 4459 604 4516 line'as
633 4459 866 4514 additam
898 4459 1039 4516 esse.
1070 4460 1142 4515 Ex
1174 4476 1278 4528 quo
1319 4459 1397 4521 fit,
1423 4468 1480 4512 ut
1509 4459 1612 4512 non
1649 4459 1875 4515 multum
1921 4461 1995 4511 la-

2113 550 2269 614 ὅλως,
2305 549 2524 604 ἐπειδὰν
2551 549 2610 602 τὸ
2636 547 2728 601 τοῦ
2756 547 2872 610 ἐνὸς
2897 545 3062 600 κακὸν
3092 547 3377 619 μιμήσεως
3401 547 3552 613 ἄξιον
3583 549 3696 611 τοῖς

2116 642 2326 706 πολλοῖς
2353 641 2579 713 νομισθῇ
2603 680 2618 704 ,
2654 640 2868 704 οἰκείως
2900 640 2994 692 καὶ
3025 640 3406 713 προσηκόντως
3438 638 3696 710 λεχθήσε-

2113 748 2199 784 ται
2234 732 2417 801 λοιμός
2444 749 2528 795 τις
2557 730 2744 801 ψυχῶν
2770 729 3116 793 ἐπιπολάζειν
3144 728 3221 800 τῷ
3248 729 3366 800 βίῳ.
3399 729 3472 782 Τὸ
3500 729 3609 802 γὰρ
3637 730 3696 782 ὲν

2113 824 2280 894 κακίᾳ
2327 822 2682 896 περίϐλεπτον
2711 821 2937 886 πολλοὺς
2975 821 3081 874 τῶν
3110 821 3465 892 εῦολισθὴτων
3491 823 3571 884 είς
3602 820 3694 873 τὸν

2111 915 2292 985 ὅμοιον
2321 914 2481 984 ζῆλον
2513 914 2799 982 ἐφέλκεται
2839 913 2970 984 (58).
3018 913 3168 966 Ἐπεὶ
3200 908 3293 967 οὖν
3321 912 3478 977 ἄλλος
3509 913 3566 980 ἐξ
3598 911 3692 967 ἄλ-

2111 1006 2201 1059 λου
2230 1007 2326 1078 τῆς
2367 1007 2570 1078 φθορᾶς
2605 1006 3019 1076 ἀναπίμπλαται
3042 1045 3059 1073 ,
3104 1003 3428 1076 λοιμώσσειν
3463 1007 3560 1067 τὰς
3590 1004 3690 1074 ψυ-

2110 1097 2209 1167 χὰς
2237 1100 2284 1150 oi
2310 1097 2537 1151 τοιοῦτοι
2571 1097 2933 1167 λεγέσθωσαν.
2984 1097 3076 1168 Μὴ
3115 1097 3291 1150 τοίνυν
3339 1096 3572 1169 καθίσῃς
3599 1097 3692 1148 ἐπὶ

2110 1189 2378 1260 καθέδρας
2407 1189 2610 1261 λοιμῶν
2632 1231 2645 1253 ,
2677 1191 2709 1261 ἢ
2747 1190 2820 1260 μὴ
2851 1188 3124 1260 μετάσχῃς
3164 1188 3439 1258 συνεδρίου
3477 1186 3687 1258 ἀνθρώ-

2109 1300 2224 1336 πων
2257 1282 2500 1354 φθορέων
2535 1283 2645 1353 (59)
2679 1283 2771 1336 καὶ
2810 1281 3123 1353 λυμεώνων,
3160 1282 3192 1352 ἢ
3225 1281 3298 1353 μὴ
3329 1280 3688 1353 ἑναπομείνῃς

2109 1376 2218 1448 (40)
2250 1381 2361 1441 τοῖς
2390 1377 2572 1441 κακῶς
2613 1376 2994 1447 βουλευθεῖσιν.
3044 1375 3180 1428 Ἀλλ’
3216 1376 3244 1428 ὁ
3285 1374 3384 1445 μὲν
3411 1374 3568 1442 λόγος
3604 1373 3686 1427 ἔτι

2107 1468 2166 1519 ὲν
2212 1465 2548 1536 προοιμίοις,
2588 1465 2647 1518 τὸ
2696 1466 2752 1518 δὲ
2796 1463 3000 1534 πλῆθος
3037 1463 3147 1535 ὁρῶ
3193 1462 3295 1533 τὴν
3344 1461 3685 1533 συμμετρίαν

2107 1555 2382 1609 ἐκϐαῖνονο
2431 1553 2505 1617 ὡς
2545 1556 2678 1626 μήτε
2728 1555 2854 1625 ὑμῖν
2887 1553 3073 1625 ῥᾳδίαν
3110 1548 3248 1605 εἶναι
3281 1552 3391 1605 τῶν
3428 1552 3683 1606 πλειόνων

2105 1646 2199 1717 τὴν
2242 1646 2508 1718 φυλακὴν,
2562 1646 2696 1718 μήτε
2744 1645 2868 1716 ἐμοὶ
2916 1644 3014 1716 τὴν
3059 1644 3332 1697 διακονίαν
3375 1643 3468 1697 τοῦ
3501 1644 3679 1714 λόγου,

2103 1738 2190 1791 διὰ
2225 1738 2321 1809 τὴν
2355 1737 2650 1810 σύντροφον
2698 1736 2977 1791 ἀσθένειαν
3021 1737 3120 1807 τῆς
3164 1737 3349 1807 φωνῆς
3382 1738 3527 1808 ἡμᾶς
3565 1739 3683 1790 ἐπι-

2037 1811 2075 1864 B
2104 1829 2413 1901 λειπούσης.
2469 1830 2530 1881 Ei
2565 1830 2621 1882 δὲ
2661 1831 2754 1883 καὶ
2781 1830 2983 1892 ἀτελῶς
3027 1828 3243 1899 εἴρηται
3286 1829 3355 1881 τὰ
3398 1829 3679 1901 εἰρημένα,

2102 1918 2196 1971 τοῦ
2229 1919 2326 1990 μὲν
2351 1919 2522 1972 κακοῦ
2555 1922 2652 1990 τῆς
2682 1921 2859 1992 φυγῆς
2887 1917 3294 1989 ὑποδειχθείσης
3315 1961 3328 1986 ,
3371 1921 3471 1990 τῆς
3497 1921 3552 1973 δὲ
3593 1921 3681 1974 διὰ

2103 2011 2210 2065 τῶν
2261 2012 2479 2080 ἀγαθῶν
2535 2012 2710 2084 ἔργων
2771 2012 3103 2076 τελειώσεως
3161 2012 3491 2084 παρεθείσης
3545 2013 3681 2083 (41),

2103 2105 2251 2174 ὅμως
2284 2103 2619 2174 εὐγνώμοσιν
2659 2105 2849 2167 ἀκοαῖς
2899 2104 3265 2174 παραθέμενοι
3307 2104 3375 2157 τὰ
3420 2105 3681 2175 παρόντα,

2103 2195 2572 2266 ἐπαγγελλόμεθα,
2610 2195 2744 2248 Θεοῦ
2771 2196 3019 2259 διδόντος,
3057 2195 3464 2270 ἀναπληρώσειν
3495 2199 3681 2251 καὶτὰ

2106 2288 2396 2359 λειπόμενα
2416 2327 2430 2350 ,
2477 2289 2570 2341 saw
2615 2303 2677 2356 γε
2711 2288 2783 2359 μὴ
2816 2287 2912 2359 τὴν
2963 2290 3199 2360 παντελῆ
3226 2289 3407 2342 λοιπὸν
3437 2289 3679 2342 ὑπέλθω-

2112 2396 2207 2450 μεν
2239 2379 2468 2451 σιωπήν.
2509 2378 2785 2450 Παράσχοι
2814 2378 2867 2432 δὲ
2892 2381 2919 2432 ό
2947 2379 3148 2451 Κύριος
3187 2382 3279 2434 καὶ
3307 2382 3435 2451 ἡμῖν
3467 2382 3572 2434 τῶν
3599 2383 3678 2434 εί-

2112 2472 2360 2544 ρημένων
2397 2471 2616 2543 μισθὸν,
2644 2473 2737 2525 καὶ
2771 2473 2896 2544 ὑμῖν
2927 2473 3134 2543 καρπὸν
3162 2467 3237 2527 ὧν
3266 2473 3550 2544 ἠκούσατε,
3584 2475 3679 2544 χά-

2111 2583 2216 2636 ριτι
2242 2564 2334 2618 τοῦ
2368 2564 2603 2636 Χριστοῦ
2637 2563 2801 2618 αὐτοῦ
2832 2563 2964 2634 (42),
2994 2565 3074 2617 ὅτι
3104 2564 3249 2635 αὐτῷ
3273 2568 3306 2636 ἡ
3340 2564 3464 2632 δόξα
3498 2567 3592 2619 καὶ
3618 2564 3678 2618 τὸ

2112 2658 2307 2728 κράτος
2340 2661 2419 2722 είς
2451 2660 2574 2722 τοὺς
2603 2659 2801 2723 αἰῶνας
2837 2658 2943 2710 τῶν
2973 2657 3202 2712 αἰώνων.
3248 2659 3438 2729 Ἀμήν.

2326 2882 2462 2935 ΤΟΥ
2485 2883 2716 2935 ΑΥΤΟΥ
2747 2884 2853 2936 ΕΙΣ
2882 2883 3019 2935 TON
3050 2881 3102 2936 Z'
3129 2881 3448 2937 ΨΑΛΜΟΝ.

2159 2992 2401 3062 Ψαλμίῖνς
2426 2993 2504 3058 τῷ
2527 2993 2721 3057 Δαϐὶδ,
2755 2993 2825 3045 ὃν
2852 2988 2968 3064 ᾖσε
3002 2992 3079 3057 τῷ
3100 2993 3296 3061 Κυρίῳ
3325 2991 3474 3060 ὑπὲρ
3502 2990 3618 3046 τῶν

2377 3065 2574 3133 λόγων
2597 3065 2781 3116 Χουσὶ
2811 3064 2942 3117 υἱοῦ
2976 3065 3206 3133 Ἰεμενεί
3239 3064 3374 3133 (45).

2169 3157 2218 3208 ’l.
2258 3158 2414 3209 Δοκεῖ
2440 3171 2557 3218 πως
2584 3155 2839 3220 ἐναντίως
2868 3157 3010 3225 ἔχειν
3048 3156 3180 3227 πρὸς
3204 3155 3302 3227 τὴν
3335 3157 3393 3210 ἐν
3417 3159 3536 3222 ταῖς
3566 3157 3671 3212 Ba.-

2099 3248 2319 3311 σιλείαις
2349 3249 2608 3321 ἱστορίαν,
2643 3247 2770 3301 ἔνθα
2801 3247 2867 3301 τὰ
2893 3249 3021 3320 περὶ
3057 3247 3151 3301 τοῦ
3175 3248 3339 3302 Δαὸὶδ
3373 3249 3671 3322 ἀναγέγρα-

2099 3413 2284 3475 faciat,
2325 3427 2386 3467 ex
2429 3413 2508 3467 eis
2570 3413 2958 3466 rrmtuabimur.
3011 3410 3134 3474 Ejus
3170 3410 3334 3480 igitur
3373 3413 3488 3466 haec
3521 3420 3669 3476 sunt,

2105 3484 2345 3537 Psalmus
2378 3500 2470 3552 pro
2521 3484 2820 3552 ignorantia
2857 3482 2972 3552 ipsi
3025 3481 3189 3552 David
3221 3521 3236 3542 ,
3281 3498 3431 3552 quem
3483 3483 3668 3552 cecinit

2102 3554 2322 3607 Domino
2378 3549 2736 3620 super-verbis
2796 3551 3064 3618 Aithiopis
3124 3550 3223 3616 ﬁlii
3277 3549 3500 3604 Gemini.
3559 3550 3668 3606 Nec

2103 3625 2260 3678 aliter
2296 3623 2674 3692 Hieronymus,
2705 3623 2882 3692 quies
2916 3620 3135 3674 Hebraeo
3182 3622 3261 3674 sic
3289 3620 3670 3692 Verlilzilgno-

2106 3696 2237 3746 ratio
2265 3693 2453 3761 David,
2477 3691 2614 3761 quod
2637 3693 2818 3745 cecinit
2853 3691 3077 3744 Domino
3095 3705 3251 3757 super
3278 3692 3429 3744 verba
3456 3691 3668 3746 Ethio-

2104 3765 2182 3829 pis
2241 3763 2338 3831 filii
2384 3760 2611 3816 Gemini.
2654 3762 2776 3815 Han:
2808 3771 2984 3814 autem
3021 3774 3085 3814 eo
3145 3761 3320 3819 retuli,
3355 3769 3412 3813 ut
3450 3762 3663 3830 planum

2108 3831 2365 3894 facerem,
2394 3833 2716 3899 interpretes
2740 3832 3000 3900 quosdam
3041 3844 3138 3898 pro
3181 3831 3348 3883 Χουσί
3387 3833 3666 3898 scripsisse

2105 3902 2398 3966 Αἰθίοπος,
2450 3895 2551 3955 nec
2618 3895 2795 3969 inepte
2851 3895 3119 3966 {Ethiopis
3176 3902 3390 3954 nomine
3449 3895 3662 3956 saulem

2104 3971 2427 4039 Ethiopicis
2460 3971 2697 4025 moribus
2727 3970 3005 4039 praeditum
3033 3970 3101 4023 ab
3129 3970 3352 4024 eruditis
3394 3972 3526 4025 viris
3586 3971 3665 4024 in-

2106 4037 2304 4107 telligi,
2331 4042 2400 4096 ob
2438 4041 2597 4108 idque
2641 4038 2810 4093 videri
2858 4037 3114 4109 Basilium
3173 4039 3302 4109 ejus
3353 4041 3540 4109 psalmi
3581 4043 3663 4094 in-

2104 4113 2449 4180 scriptionem
2509 4107 2631 4164 cum
2683 4110 2750 4163 iis
2772 4123 2890 4178 qua:
2921 4107 3247 4180 dicuntur‘ll
3278 4107 3410 4177 Reg.
3439 4127 3570 4174 xvn,
3607 4111 3661 4175 5,

2105 4178 2261 4250 longe
2288 4181 2498 4234 facilius
2541 4180 2830 4234 conciliare
2885 4178 3142 4246 potuisse.
3182 4178 3313 4250 Nam
3353 4194 3383 4233 e
3417 4195 3473 4233 re
3503 4195 3662 4247 expe-

2104 4249 2276 4304 dierat
2307 4267 2388 4314 se,
2436 4252 2480 4304 si
2513 4250 2578 4302 de
2616 4250 2846 4311 duobus,
2893 4263 2997 4302 non
3051 4252 3118 4303 de
3169 4265 3274 4303 uno
3306 4249 3519 4305 homine
3547 4265 3665 4303 Scr-

2105 4336 2314 4375 monent
2353 4320 2536 4373 haberi
2565 4319 2810 4380 dixisset,
2833 4318 2918 4371 hic
2947 4319 3014 4370 de
3044 4318 3226 4383 Saule,
3259 4317 3364 4372 illic
3386 4319 3452 4372 de
3498 4318 3660 4373 Chusi

2106 4391 2212 4445 filio
2246 4390 2464 4443 Arachi.
2497 4387 2871 4458 Paraphrasim
2908 4387 3248 4441 Chaldaicam
3281 4388 3426 4458 legas
3482 4391 3659 4450 velim,

2103 4471 2155 4513 et
2178 4460 2350 4514 Ducaei
2382 4469 2554 4513 notas.
2579 4457 2770 4511 Mirum
2799 4457 2972 4510 visum
3011 4468 3094 4512 est
3127 4458 3324 4512 homini
3344 4457 3664 4512 doctissimo

431 4504 730 4585 iiiiéitidiiiu
756 4504 1314 4599 sit,'u‘ii:ovitioi-loalegi
1347 4504 1566 4599 debeat.
1589 4545 1710 4582 cum
1737 4504 1817 4584 ei;
1840 4538 1986 4582 utra-
2029 4504 2070 4556 ί)
2101 4504 2315 4594 Dircaeo,
2347 4529 2488 4597 quod
2534 4527 2770 4599 Basilius
2827 4528 3121 4599 aliquanto,
3147 4537 3267 4599 post
3295 4527 3664 4599 dicat,_ncque

432 4616 536 4669 que
564 4601 789 4655 lectione
815 4601 1000 4654 eadem
1027 4601 1180 4668 plane
1203 4598 1465 4652 sententia
1511 4598 1794 4652 efliciatur.
1835 4601 1983 4665 Quod

431 4671 573 4724 enim
611 4671 909 4739 appositum
939 4687 1042 4724 non
1069 4679 1170 4733 est,
1205 4671 1254 4723 id
1283 4671 1543 4724 omissum
1581 4669 1746 4724 fuisse
1770 4683 1986 4723 necesse

430 4740 808 4810 est.7Constat
859 4742 1041 4809 igitur,
1088 4740 1230 4810 quod
1281 4740 1346 4810 ad
1398 4740 1718 4810 sententiam
1772 4739 1980 4810 attinet,

432 4809 562 4863 nihil
599 4813 800 4864 referre
829 4808 1006 4863 utrum
1055 4808 1199 4880 legas
1230 4808 1588 4880 ,τελειώσεως
1635 4808 1982 4880 παρεθείσης,

429 4880 736 4950 perfectione
791 4881 1001 4942 omissa,
1049 4877 1131 4934 ari
1168 4879 1492 4942 τελειώσεως
1537 4879 1610 4950 μὴ
1665 4877 1986 4949 παρατεθεί-

433 4964 552 5018 σης,
575 4948 885 5018 perfectione
925 4965 1024 5002 μου
1052 4952 1283 5014 apposita
1330 4950 1544 5018 legeris.
1574 4948 1723 5015 Quod
1747 4948 1807 5002 isi
1833 4950 1978 5016 quis~

430 5017 572 5087 piam
599 5017 710 5085 jam
757 5033 823 5071 ex
870 5034 953 5071 me
992 5029 1218 5086 quierat,
1247 5031 1366 5071 utra
1391 5017 1525 5072 inihi
1556 5029 1819 5087 scriptura
1859 5033 1980 5087 vera

428 5086 550 5144 esse
586 5087 850 5157 videatur,
877 5089 1127 5142 libentius
1154 5089 1503 5157 posteriorem
1521 5086 1823 5141 defendam.
1850 5086 1980 5142 Cum

427 5161 570 5229 enim
613 5156 665 5229 in
713 5159 916 5229 nostris
955 5156 1170 5229 septem
1219 5174 1346 5212 mss.
1401 5169 1711 5229 constanter
1740 5174 1983 5229 παρατε-

427 5227 614 5295 θείσης
647 5226 872 5295 legatur,
907 5228 979 5280 ita
1005 5228 1219 5296 quidem
1251 5229 1528 5297 scripsisse
1555 5228 1806 5281 Basilimn
1826 5226 1983 5280 'arbi-

429 5309 542 5351 tror
567 5314 582 5351 :
610 5299 702 5350 sed
734 5298 973 5350 Voculam
1008 5297 1080 5367 μή
1104 5312 1168 5350 ex
1196 5298 1324 5365 Reg.
1355 5308 1544 5366 quarto
1582 5299 1815 5351 additam
1840 5299 1980 5350 volo.

431 5368 498 5421 Ut
523 5367 716 5420 uthtec
749 5378 892 5427 sunt,
931 5371 1198 5436 vulgatam
1234 5368 1514 5421 lectionem
1553 5370 1806 5421 intactam
1859 5369 1982 5420 reli-

425 5437 660 5505 quimus,
687 5451 806 5490 cum
839 5439 970 5492 nihil
1007 5439 1256 5500 intersit,
1297 5449 1414 5491 utro
1457 5439 1614 5491 modo
1650 5438 1874 5506 legatur.

497 5506 605 5577 (42)
649 5509 776 5579 lieg.
821 5509 1008 5561 tertius
1034 5507 1214 5578 χάριτι
1238 5507 1328 5559 τοῦ
1357 5509 1556 5579 Κυρίου
1577 5505 1746 5579 ἡμῶν
1786 5505 1978 5576 Ἰησοῦ.

425 5575 700 5649 ΙΙιιιᾴίκαι
732 5575 791 5630 τὸ
815 5575 1043 5649 κράτος,
1058 5575 1299 5633 εἰιιιιιιιε
1328 5575 1454 5632 mss.
1487 5575 1810 5631 addidimus.

500 5645 611 5718 (45)
659 5647 828 5718 Quam
856 5645 1027 5703 'varie
1079 5650 1217 5718 apud
1258 5650 1432 5701 varios
1497 5649 1702 5715 positus
1744 5649 1814 5701 sit
1865 5647 1980 5714 ejus

426 5716 614 5787 psalmi
667 5717 870 5787 titulus,
899 5734 966 5772 ex
1022 5716 1272 5787 lleiaplis
1332 5719 1582 5787 cognosci
1647 5728 1838 5784 potest.
1873 5721 1980 5772 Sed

427 5785 634 5854 Aun
687 5786 850 5844 solius
883 5785 1572 5858 interpretaiioumn'qllud
1604 5789 1716 5844 sola
1769 5789 1834 5843 ad
1867 5803 1978 5843 rem

2093 4599 2281 4664 Chusi,
2323 4613 2494 4666 neque
2553 4598 2716 4652 alium
2752 4612 3075 4666 quemquam
3113 4598 3162 4650 iu
3207 4598 3427 4651 historia
3457 4597 3660 4666 Regum

2090 4670 2260 4722 lilium
2327 4668 2538 4723 Gemini
2590 4667 2852 4735 reperiri,
2893 4682 3010 4718 cum
3062 4666 3240 4720 Semei
3283 4667 3585 4720 nominetur
3622 4667 3663 4720 ll

2090 4739 2225 4806 Reg.
2255 4755 2366 4798 χιι.
2395 4738 2481 4801 16,
2510 4737 2621 4808 υἱὸς
2648 4736 2820 4808 Γηρὰ,
2854 4735 2970 4808 υἱοῦ
2997 4736 3229 4808 ῨΊεμινεί
3257 4777 3271 4800 ,
3305 4735 3450 4808 filius
3500 4736 3660 4796 Gem,

2087 4809 2188 4876 ﬁlii
2219 4808 2442 4862 Gemini.
2482 4807 2673 4860 Mirum
2709 4806 2841 4861 sane
2866 4807 2916 4858 id
2962 4807 3126 4876 videri
3178 4807 3358 4876 debet,
3388 4806 3661 4860 hominem

2091 4880 2498 4946 Scripturarum
2530 4876 2915 4945 peritissimum
2979 4875 3238 4946 Basilium
3291 4875 3346 4928 in
3391 4878 3661 4946 ejusmodi

2089 4944 2331 5002 errorem
2377 4944 2674 5013 incidisse:
2719 4947 2811 5000 sed
2847 4961 3064 4999 monere
3111 4944 3264 5013 juvat
3306 4954 3473 4998 totum
3507 4944 3661 5008 illud,

2085 5018 2202 5069 ἐστὶ
2230 5017 2286 5069 δὲ
2310 5016 2435 5068 οὗτε
2471 5011 2625 5079 οὗτος
2650 5015 2770 5068 οὕτε
2803 5016 2958 5078 ἄλλος
2983 5033 3065 5079 τις
3094 5011 3203 5068 τῶν
3234 5017 3349 5068 ἐκεῖ
3397 5013 3659 5084 φαινομέο

2085 5105 2189 5140 νων
2221 5087 2334 5148 υἱὸς
2377 5086 2619 5156 Ὶεμινεί,
2652 5088 2704 5140 in
2744 5086 3072 5141 Colbertinis
3109 5097 3301 5156 quarto
3349 5094 3403 5140 et
3430 5095 3659 5156 septimo

2093 5174 2194 5210 non
2247 5155 2482 5212 exstare.
2535 5158 2691 5213 Unde
2735 5157 2984 5210 fortassis
3035 5155 3192 5212 alicui
3240 5158 3472 5224 suspicio
3524 5155 3656 5207 ον.τί

2085 5229 2273 5294 possit,
2304 5230 2414 5281 haec
2451 5228 2635 5291 verba,
2668 5229 2720 5280 in
2747 5241 2841 5280 ora
2872 5227 2992 5282 libri
3019 5229 3252 5295 primum
3303 5226 3494 5293 posita,
3523 5238 3650 5295 pro-

2084 5291 2269 5366 gressu
2328 5308 2625 5366 temporum
2684 5297 2738 5350 in
2784 5297 2953 5362 ipsum
2989 5291 3191 5350 téXtum
3227 5291 3654 5366 irrépsissegSed

2086 5362 2285 5433 [.tlllcn,
2333 5376 2392 5421 ut
2439 5362 2641 5421 rerum
2699 5369 2890 5428 fatear,
2948 5367 3019 5420 ita
3058 5362 3348 5434 scripsisse
3400 5362 3654 5417 Basilium

2085 5447 2232 5506 puto,
2270 5452 2370 5493 nec
2405 5441 2472 5491 ob
2513 5438 2671 5491 aliam
2704 5452 2922 5492 causam
2952 5436 3380 5504 praetermissum
3409 5437 3459 5487 id
3491 5434 3654 5487 fuisse

2084 5511 2136 5562 in
2159 5507 2480 5572 Colbertinis
2502 5507 2920 5576 exemplaribus,
2948 5523 3107 5574 quam
3163 5507 3304 5576 quod
3367 5506 3652 5576 continen-

2087 5580 2240 5630 terin
2289 5580 2391 5630 line
2419 5572 3038 5646 duarum—periuriorem
3096 5572 3353 5646 scriptum
3419 5577 3488 5626 sit
3541 5572 3653 5646 υἱὸς

2095 5646 2330 5718 Ὶεμινεί.
2361 5646 2571 5718 Noruut
2592 5645 2734 5701 enim
2765 5648 2853 5714 qui
2885 5648 2966 5699 vel
2992 5645 3257 5700 tantillum
3286 5649 3335 5699 in
3387 5645 3651 5714 ejusmodi

2086 5721 2244 5771 rebus
2268 5717 2550 5770 exercitati
2573 5726 2716 5779 sunt,
2751 5732 2861 5769 non
2892 5732 3015 5770 raro
3039 5719 3352 5787 contingere
3379 5755 3394 5782 ,
3433 5727 3489 5768 ut
3523 5725 3651 5767 tunc

2083 5787 2286 5860 librarii
2313 5787 2590 5859 periodum
2617 5787 2847 5844 alterum
2880 5788 3146 5842 omittunt.
