4008 6402
462 346 558 408 Ξδι

1768 343 1822 397 S.
1871 344 2110 399 BASlLll
2154 347 2199 398 Μ
2212 348 2296 401 AG
2309 348 2372 397 Μ

3602 347 3727 400 2'52

462 471 621 539 igitur
646 466 839 519 mirum
865 462 1031 516 videri
1063 463 1238 526 debet,
1270 462 1315 517 si
1349 475 1494 514 nunc
1524 474 1739 529 quoque
1768 473 2025 528 corpora-

2145 463 2259 526 rc‘sp,
2302 475 2483 527 φησιν,
2515 458 2551 524 ἠ
2574 457 2755 524 σοφία
2783 456 2899 509 ἀπὸ
2932 456 3050 509 τῶν
3072 455 3300 510 τέκνων
3329 455 3522 524 αὐτῆς
3545 474 3558 485 ·
3596 458 3727 521 καὶ,

464 561 530 615 lis
575 558 692 628 ejus
749 564 902 626 pater
951 563 1213 615 taceatur,
1265 552 1569 621 praecipuus
1628 564 1757 606 vero
1819 550 2035 605 Davidis

464 652 671 704 amicus
696 647 1010 701 vocatussit
1034 648 1265 698 dexterae
1294 642 1458 706 ﬁlius,
1479 642 1679 711 quippe
1706 640 1797 711 qui
1823 659 1851 696 a
1876 641 2037 697 factis

463 741 563 795 sibi
593 753 891 808 congruum
933 751 1233 807 cognomen
1265 735 1600 806 acquisierit.

535 1013 589 1067 2.
623 1014 784 1067 Vsus.
823 1012 874 1065 2.
914 1011 1132 1065 Domine
1163 1009 1301 1064 Deus
1323 1026 1487 1075 meus,
1515 1010 1570 1063 in
1597 1018 1645 1064 te
1672 1025 1901 1079 speravi,
1927 1009 2038 1062 sal-

466 1136 581 1174 vum
614 1135 691 1171 me
715 1116 818 1185 fac.
844 1116 1070 1170 Putatur
1092 1113 1317 1183 simplex
1346 1112 1605 1182 quiddam
1639 1125 1781 1177 esse,
1816 1121 1871 1166 et
1898 1110 2039 1179 quod

467 1235 495 1273 a
529 1219 717 1289 quovis
758 1228 903 1272 recte
934 1216 1106 1286 possit
1141 1213 1395 1284 proferri,
1434 1212 1563 1267 illud
1594 1212 1844 1268 videlicet
1882 1231 1895 1267 ε
1938 1212 2041 1266 Do-

467 1322 604 1373 mine
637 1318 772 1373 Deus
805 1335 970 1381 meus,
998 1318 1126 1371 inte
1164 1319 1395 1385 speravi,
1424 1315 1625 1369 saluum
1657 1329 1739 1367 me
1766 1313 1871 1383 fac.
1905 1314 2041 1367 For-

470 1420 631 1475 tassis
663 1435 765 1474 non
800 1419 870 1472 ita
908 1434 965 1473 se
996 1433 1082 1471 res
1118 1417 1301 1470 habet.
1335 1414 1437 1481 Qui
1475 1427 1707 1483 namque
1741 1412 1793 1466 in
1826 1412 2042 1466 homine

469 1531 666 1591 sperat,
690 1531 782 1574 aut
811 1521 896 1589 qui
929 1518 997 1573 ob
1030 1518 1229 1586 aliquid
1261 1516 1404 1570 aliud
1432 1514 1761 1569 mundanum
1795 1512 2039 1577 eﬂ'erlur,

468 1632 618 1692 puta,
650 1622 719 1676 ob
772 1629 1087 1691 potestatem
1113 1660 1127 1686 ,
1170 1619 1254 1673 vel
1303 1618 1370 1671 ob
1400 1616 1643 1680 divitias,
1676 1614 1759 1669 vel
1788 1616 1856 1669 ob
1888 1615 2038 1683 quid-

470 1723 611 1791 piam
640 1721 782 1776 aliud
810 1735 1017 1780 eorum,
1045 1734 1162 1789 qua:
1189 1718 1327 1772 inter
1360 1732 1445 1772 res
1474 1717 1651 1771 claras
1678 1733 1706 1772 a
1736 1717 1927 1773 multis
1960 1735 2043 1773 re-

2151 551 2289 604 Ἐὰν
2315 545 2374 620 ᾖ,
2400 549 2582 619 φησιν,
2610 547 2737 601 ἐκεῖ
2754 548 2885 613 υίὸς
2912 546 3173 615 εἰρήνης.
3204 547 3367 600 Οὐδὲν
3391 543 3483 601 οὖν
3514 547 3727 619 θαυμα-

2142 640 2264 692 στὸν
2308 640 2401 692 καὶ
2429 639 2522 691 νῦν
2564 636 2903 708 σιωπηθῆναι
2941 637 3039 706 μὲν
3070 636 3232 691 αὑτοῦ
3268 637 3357 690 τὸν
3402 639 3723 709 σωματικὸν

2142 730 2380 801 πατέρα,
2425 730 2604 795 δεξιᾶς
2647 730 2702 782 δὲ
2745 730 2857 781 υἱὸν
2907 729 2997 780 τὸν
3040 728 3383 800 ἀρχιεταίρον
3426 730 3520 782 τοῦ
3550 728 3745 801 Δαϐὶδξ

2140 820 2539 892 ὀνομασθῆναι,
2574 820 2681 873 ἀπὸ
2716 819 2815 888 τῆς
2843 818 3091 888 πράξεως
3117 792 3391 890 πρέποντα
3418 818 3595 890 ἑαυτῷ
3620 792 3752 872 τὸνι

2141 912 2523 983 χρηματισμὸν
2557 910 2805 964 λαϐόντα.

2210 1006 2262 1058 2.
2302 1006 2475 1072 Κύριε
2508 1008 2539 1058 ὀ
2570 1004 2711 1068 Θεός
2746 1020 2899 1072 μου,
2933 1003 3029 1056 ἐπὶ
3071 1002 3169 1057 σοί
3208 1002 3473 1071 ἤλπισα,
3507 1004 3732 1058 σῶσόν

2138 1111 2232 1164 με.
2276 1093 2643 1164 Νομιζόμενον
2675 1093 2877 1146 ἁπλοῦν
2906 1090 3043 1147 εἶναι
3074 1094 3167 1147 κα)⁵
3201 1094 3304 1147 ὑπὸ
3334 1093 3429 1147 τοῦ
3460 1096 3728 1164 τυχόντος

2144 1187 2307 1257 ὑγιῶς
2339 1185 2699 1256 ἀναφέρεσθαι
2727 1184 3070 1243 δύνασθαι,τὸ
3094 1223 3111 1250 ,
3138 1186 3316 1253 Κύριε
3344 1188 3374 1238 ὀ
3402 1186 3544 1250 Θεός
3567 1202 3719 1254 μου,

2142 1282 2235 1333 ἐπὶ
2255 1280 2353 1333 σοὶ
2383 1280 2633 1349 ἤλπισα,
2665 1277 2871 1331 σῶσόν
2890 1295 2987 1347 με,
3016 1278 3155 1348 τάχα
3185 1279 3245 1330 οὐ
3276 1276 3514 1331 τοιοῦτόν
3542 1280 3718 1331 ἐστιν.

2155 1373 2212 1425 Ὀ
2240 1371 2345 1443 γὰρ
2392 1371 2476 1422 ἐπ’
2511 1368 2792 1440 ἄνθρωπον
2840 1367 3106 1434 ἐλπίζων,
3140 1368 3171 1437 ἢ
3227 1367 3313 1418 ἐπ’
3343 1366 3468 1421 ἄλλο
3509 1385 3559 1419 τι
3606 1368 3725 1419 τῶν

2143 1464 2284 1517 κατὰ
2318 1462 2405 1517 τὸν
2440 1462 2550 1532 βίον
2584 1458 3071 1533 μετεωριζόμενος,
3119 1454 3227 1512 οἷον
3260 1460 3350 1512 ἐπὶ
3378 1459 3719 1522 δυναστείαν,

2143 1557 2175 1627 ἢ
2213 1556 2484 1627 χρήματα,
2508 1555 2542 1625 ἢ
2572 1571 2623 1606 τι
2650 1554 2755 1606 τῶν
2790 1551 2942 1622 παρὰ
2962 1556 3073 1615 τοῖς
3107 1551 3318 1615 πολλοῖς
3343 1551 3721 1622 νομιζομένων

2145 1646 2283 1702 εἶναι
2329 1647 2625 1719 λαμπρῶν,
2679 1647 2738 1699 ού
2785 1645 3003 1699 δύναται
3058 1647 3260 1698 εἰπεῖν·
3298 1645 3471 1713 Κύριε
3511 1647 3544 1698 ὀ
3570 1645 3722 1709 Θεός

2140 1760 2278 1811 μου,
2312 1742 2409 1795 ἐπὶ
2451 1741 2547 1794 σοὶ
2576 1740 2827 1808 ἤλπισα.
2880 1738 3250 1810 Παράγγελμα
3294 1738 3400 1807 γάρ
3449 1739 3601 1799 ἐστι,
3636 1735 3721 1808 μὴ

469 1835 745 1896 putantur,
780 1840 886 1878 non
927 1830 1105 1891 potest
1142 1821 1325 1875 dicere
1368 1836 1382 1873 :
1419 1818 1640 1874 Domine
1686 1818 1825 1874 Deus
1868 1836 2034 1884 meus,

2145 1837 2376 1901 ἐλπίζειν
2401 1838 2485 1889 ἐπ’
2517 1836 2783 1906 ἄρχοντας
2804 1851 2815 1862 ·
2860 1831 2973 1897 καὶ,
3016 1830 3477 1899 Ἐπικατάρατος
3500 1828 3721 1896 ἀνθρω-

470 1928 526 1983 in
555 1937 603 1982 te
634 1927 836 1991 speravi
863 1925 929 1980 ‘3.
961 1923 1295 1990 Praeceptum
1323 1921 1465 1977 enim
1502 1930 1606 1987 est,
1645 1936 1751 1976 non
1788 1931 2037 1987 oportere

472 2019 525 2072 in
559 2014 892 2086 principibus
919 2027 1143 2083 sperare
1169 2011 1246 2075 5’;
1278 2020 1354 2072 et,
1392 2008 1704 2062 Malediclus
1739 2008 1914 2071 homo,
1943 2007 2032 2074 qui

473 2106 689 2177 conﬁdit
735 2106 789 2159 in
820 2105 1047 2158 homine.
1093 2102 1551 2168 Quemadmodum
1602 2114 1701 2154 nec
1746 2098 2036 2167 quidquam

472 2197 613 2252 aliud
639 2203 851 2264 oportet
877 2203 1069 2263 praeter
1100 2192 1265 2246 Deum
1305 2190 1483 2245 colere
1513 2207 1526 2242 :
1561 2189 1640 2244 sic
1672 2203 1770 2243 nec
1818 2189 1870 2242 in
1901 2187 2032 2250 alio,

471 2302 630 2357 quam
660 2287 712 2339 in
741 2285 848 2339 Deo
880 2283 991 2355 99
1019 2282 1259 2337 omnium
1300 2280 1527 2337 Domino
1571 2294 1719 2345 spem
1753 2293 2035 2348 reponere.

472 2380 599 2445 Spes
632 2378 768 2432 enim
800 2393 933 2440 mea,
969 2376 1159 2445 inquit,
1191 2384 1239 2430 el
1271 2374 1499 2427 cautatio
1539 2389 1653 2426 mea
1690 2372 1948 2425 Dominus
1969 2372 2035 2425 ⁸ο.

471 2471 576 2527 Sed
606 2469 874 2539 quomodo
904 2478 1096 2538 rogat,
1135 2477 1191 2521 ut
1222 2467 1455 2537 primum
1496 2476 1742 2520 servetur
1777 2480 1807 2518 a
1852 2478 2035 2534 perse-

471 2561 797 2631 quentibus,
828 2559 1021 2614 deinde
1044 2598 1059 2624 ,
1103 2565 1160 2611 ut
1199 2556 1496 2612 liberetur?
1528 2554 1721 2610 Puncti
1762 2556 2040 2611 distinctio

472 2654 674 2711 claram
699 2653 887 2707 reddet
906 2650 1249 2706 sententiam.
1276 2648 1492 2704 Salvum
1509 2664 1589 2702 me
1616 2647 1698 2711 fac
1720 2665 1786 2703 ea:
1801 2650 2039 2704 omnibus

472 2746 896 2815 persequentibus
922 2759 1001 2797 me
1019 2781 1034 2806 ,
1061 2752 1106 2796 et
1138 2741 1298 2794 libera
1322 2756 1424 2804 me,
1449 2738 1634 2810 (Vsus.
1664 2741 1718 2811 ’5)
1748 2758 1809 2795 ne
1836 2743 2042 2813 quando

474 2840 643 2906 rapiat
677 2848 731 2891 ut
763 2838 841 2891 leo
877 2838 1106 2890 animam
1135 2850 1323 2888 meam.
1363 2832 1491 2899 Quae
1536 2834 1701 2904 igitur
1741 2833 2042 2890 (inferentia

474 2933 615 2986 inter
654 2930 859 2985 servari
902 2939 955 2983 et
1002 2926 1259 2983 liberari?
1299 2925 1562 2980 Nimirum
1610 2928 1826 2997 proprie
1868 2927 2041 2982 salute

474 3039 608 3095 opus
640 3033 724 3078 est
750 3022 1017 3077 debilibus
1049 3038 1062 3075 :
1099 3021 1191 3089 qui
1223 3035 1352 3075 vero
1376 3019 1689 3073 detinentur
1721 3021 1774 3074 in
1818 3021 2042 3090 captivi-

478 3126 607 3181 tate,
633 3116 872 3185 indigent
897 3124 954 3169 ut
976 3114 1288 3169 liberentur.
1318 3112 1609 3183 Propterea
1640 3113 1686 3167 is
1707 3112 1921 3182 quidem
1947 3113 2035 3183 qui

476 3221 571 3277 per
600 3222 659 3262 se
680 3206 872 3263 debilis
900 3214 1002 3272 est,
1036 3213 1089 3259 et
1120 3213 1296 3258 tamen
1331 3203 1384 3257 in
1413 3218 1471 3258 se
1499 3203 1697 3257 retinet
1728 3202 1913 3268 tidem,
1945 3217 2038 3270 per

476 3295 749 3367 prapriam
813 3294 970 3350 [idem
1039 3294 1105 3348 ad
1159 3293 1387 3349 salutem
1457 3301 1815 3362 praeparatur.
1877 3291 2039 3346 Fides

476 3390 645 3455 enim,
678 3389 881 3458 inquit,
927 3397 1016 3441 tua
1060 3396 1107 3440 te
1149 3388 1349 3440 salvam
1380 3386 1500 3454 fecit
1534 3386 1617 3451 In;
1645 3394 1719 3449 et,
1770 3382 1895 3439 Fiat
1949 3384 2040 3438 tibi

476 3479 609 3532 sicut
635 3476 899 3530 credidisti
924 3476 989 3529 ⁸³.
1023 3473 1121 3541 Qui
1160 3490 1287 3529 vero
1321 3474 1629 3530 liberandus
1679 3484 1782 3537 est.
1808 3475 2038 3545 pretium

478 3586 575 3640 pro
606 3584 664 3625 se
695 3568 907 3623 aliunde
951 3565 1358 3637 persolvendum
1403 3574 1700 3635 exspectat.
1736 3566 1922 3635 Itaque
1953 3567 2039 3620 cui

480 3662 721 3716 imminet
750 3670 805 3715 et
837 3659 1110 3727 impendet
1138 3674 1303 3720 mors,
1337 3659 1381 3713 is
1416 3674 1537 3714 cum
1567 3660 1668 3714 sibi
1700 3660 1948 3714 conscius
1974 3660 2041 3717 sit

477 3754 800 3810 salvatorem
833 3766 950 3807 esse
975 3766 1158 3817 unum,
1178 3762 1338 3820 atque
1359 3767 1521 3804 unum
1543 3751 1909 3813 liberatorem,
1931 3750 2037 3803 ait:

480 3844 544 3897 In
575 3854 621 3898 te
641 3844 862 3913 speravi,
891 3844 1090 3897 salvum
1122 3859 1200 3896 me
1228 3843 1315 3911 [ac
1335 3842 1403 3897 ab
1432 3842 1771 3907 inﬁrmitate,
1803 3852 1849 3895 et
1878 3842 2039 3895 libera

476 3953 557 3990 me
606 3950 636 3989 a
686 3935 1016 4004 captivitate.
1072 3934 1339 3988 Existimo
1394 3944 1595 3999 autem,
1644 3944 1895 3987 strenuos
1952 3934 2041 3987 Dei

478 4028 731 4092 athletas,
762 4028 851 4095 qui
889 4041 1008 4080 cum
1035 4027 1400 4082 invisibilihus
1430 4026 1664 4079 inimicis
1700 4041 1794 4095 per
1827 4038 2040 4078 onmem

479 4133 631 4173 suam
662 4119 824 4171 vitam
866 4117 1017 4172 valde
1044 4119 1315 4172 colluctati
1349 4128 1493 4181 sunt,
1539 4127 1820 4186 postquam
1857 4132 2040 4170 eorum

478 4226 667 4266 onmes
716 4210 1094 4265 insectationes
1144 4209 1463 4281 elTugerint,
1518 4224 1682 4278 prope
1729 4208 1851 4261 vitm
1883 4207 2041 4261 ﬁnem

480 4302 820 4364 constitutos,
850 4316 878 4352 a
916 4301 1093 4355 saeculi
1129 4302 1367 4369 principe
1414 4301 1738 4359 examinari,
1779 4310 1834 4350 ut
1868 4299 1911 4350 si
1957 4313 2042 4349 re-

481 4393 760 4461 periantur
790 4400 883 4445 aut
920 4390 1142 4445 vulnera
1174 4406 1239 4444 ex
1272 4392 1691 4454 certaminibus,
1720 4399 1813 4443 aut
1838 4390 2046 4457 aliquas

2066 3159 2107 3216 C

2139 1940 2285 1990 πος,
2331 1924 2398 1989 ὃς
2441 1924 2556 1991 τὴν
2600 1921 2818 1975 ἐλπίδα
2851 1921 2976 1991 ἔχει
3012 1921 3104 1974 ἐπ’
3140 1922 3468 1989 ἄνθρωπον.
3500 1919 3719 1990 Ὥσπερ

2138 2018 2258 2070 οὐδὲ
2290 2016 2469 2069 σέϐειν
2499 2015 2624 2069 ἄλλο
2666 2032 2719 2067 τι
2751 2014 2899 2084 παρὰ
2932 2014 3019 2066 τὸν
3051 2012 3180 2065 Θεὸν
3211 2012 3505 2084 προσῆκεν,
3540 2009 3716 2075 οὕτως

2140 2109 2257 2162 οὐδὲ
2289 2110 2379 2161 ἐπὶ
2436 2108 2590 2163 ἄλλον
2652 2105 2889 2171 ἐλπίζειν
2940 2106 2973 2175 ἢ
3023 2106 3113 2157 ὲπί
3157 2105 3248 2157 τὸν
3280 2104 3409 2157 Θεὸν
3436 2103 3544 2157 τῶν
3572 2104 3717 2159 πάδ-

2138 2218 2244 2253 των
2276 2200 2495 2270 Κύριον.
2540 2199 2738 2264 Ἐλπὶς
2776 2198 2884 2267 γάρ
2919 2213 3036 2265 μου
3060 2236 3073 2260 ,
3110 2195 3275 2266 φησί,
3308 2195 3405 2249 καί
3444 2195 3712 2264 ῦμνησίς

2134 2311 2251 2363 μου
2280 2292 2389 2361 (Si)
2425 2296 2456 2346 ὀ
2483 2292 2712 2361 Κύριος.
2754 2290 2877 2353 Πῶς
2901 2288 2956 2341 δὲ
2991 2288 3204 2359 πρῶτον
3238 2287 3472 2358 σωθῆναι
3494 2284 3710 2356 εὔχεται

2140 2386 2203 2437 ὲκ
2230 2384 2335 2437 τῶν
2359 2383 2680 2445 διωκόντων,
2714 2376 2830 2433 εἶτα
2851 2379 3107 2452 ρυσθῆναι
3135 2395 3148 2443 ;
3188 2377 3248 2430 Ἢ
3276 2378 3524 2447 διαστολὴ
3565 2378 3713 2447 σαφῆ

2141 2476 2354 2545 ποιήσει
2389 2474 2477 2528 τὸν
2508 2474 2683 2541 λόγον.
2720 2470 2929 2525 Σῶσον
2959 2472 3066 2543 γάρ
3101 2488 3177 2540 με
3220 2470 3287 2523 ἐκ
3329 2469 3567 2522 πάντων
3591 2466 3714 2521 τῶν

2140 2567 2471 2620 διωκόντων
2490 2582 2585 2633 με,
2611 2564 2707 2618 καὶ
2727 2564 2914 2633 ῥῦσαί
2933 2580 3041 2633 με,
3079 2562 3164 2633 μή
3199 2576 3340 2615 ποτε
3365 2560 3604 2630 ἁρπάσῃ
3630 2560 3714 2626 ὡς

2139 2659 2294 2712 λέων
2328 2657 2442 2725 τὴν
2464 2656 2674 2726 ψυχήν
2696 2675 2833 2725 μου.
2881 2656 2975 2719 Τίς
3008 2652 3099 2709 οὖν
3134 2656 3167 2725 ὴ
3203 2652 3432 2724 διαφορὰ
3478 2651 3570 2705 τοῦ
3606 2650 3709 2703 σώ-

2142 2749 2325 2815 ζεσθαι
2369 2751 2463 2803 καὶ
2504 2749 2597 2803 τοῦ
2654 2750 2875 2821 ῥύεσθαι
2933 2748 3076 2819 (52);
3125 2750 3243 2801 ’Ότι
3292 2747 3389 2816 τῆς
3435 2743 3709 2815 σωτηρίας

2145 2843 2240 2913 μὲν
2268 2841 2469 2913 κυρίως
2494 2844 2541 2894 οἰ
2570 2839 2919 2902 ἀσθενοῦντες
2944 2837 3220 2909 χρῄζουσι,
3247 2836 3339 2889 τοῦ
3367 2834 3627 2908 ρυσθῆναι
3650 2832 3706 2887 δὲ

2141 2935 2190 2988 οἰ
2226 2934 2283 2987 ὲν
2306 2936 2373 3004 τῇ
2405 2932 2746 3004 αἰχμαλωσίᾳ
2791 2932 3162 3003 κατεχόμενοι.
3212 2928 3309 2981 Διὰ
3354 2926 3508 2980 τοῦτο
3536 2927 3564 2978 ὁ
3610 2924 3708 2995 μὲν

2142 3027 2198 3079 ἐν
2237 3024 2413 3095 ἑαυτῷ
2459 3025 2597 3095 έχων
2632 3024 2729 3095 τὴν
2766 3024 3077 3095 ἀσθένειαν,
3135 3024 3191 3075 ὲν
3229 3018 3405 3089 ἐαυτῷ
3442 3017 3499 3069 δὲ
3532 3014 3710 3068 λαϐὰν

2142 3118 2239 3191 τὴν
2271 3119 2487 3181 πίστιν,
2536 3117 2639 3172 ὑπὸ
2678 3118 2777 3189 τῆς
2823 3094 3025 3182 οἰκείας
3073 3116 3305 3177 πίστεως
3350 3114 3707 3182 οἰκονομεῖται

2143 3210 2277 3281 πρὸς
2306 3210 2366 3262 τὸ
2392 3208 2645 3279 σωθῆναι.
2684 3208 2745 3263 Ἡ
2772 3209 2973 3273 πίστις
2994 3206 3101 3277 γάρ
3125 3223 3262 3268 σου,
3296 3204 3445 3274 φησι,
3476 3197 3710 3255 σέσωκέ

2139 3319 2243 3356 σε’
2298 3304 2423 3365 καὶ,
2470 3302 2786 3369 Γενηθήτω
2838 3318 2933 3354 σοι
2976 3301 3055 3365 ὠς
3110 3299 3494 3359 ἐπίστευσας.
3550 3291 3617 3344 Ὁ
3652 3289 3711 3343 δὲ

2140 3394 2366 3463 ὀφείλων
2393 3394 2502 3464 (55)
2540 3393 2799 3465 ρυσθῆναι
2828 3391 2990 3463 τιμὴν
3022 3389 3218 3454 ἔξωθεν
3250 3388 3388 3458 ὑπὲρ
3421 3383 3582 3439 αὑτοῦ
3613 3399 3711 3435 κα-

2140 3485 2428 3555 τατεθῆναι
2469 3468 2785 3551 ὀφείλουσαν
2829 3480 3109 3552 ἀναμένει.
3160 3477 3217 3530 '0
3249 3476 3427 3529 τοίνυν
3470 3473 3575 3526 ὑπὸ
3620 3472 3713 3525 τὸν

2143 3577 2371 3630 θάνατον
2400 3574 2495 3637 ὢν,
2525 3575 2700 3639 εἰδὼς,
2736 3575 2817 3628 ὅτι
2846 3569 2927 3635 εἷς
2952 3575 2979 3625 ὁ
3012 3570 3218 3636 σώζων,
3251 3564 3329 3633 εἷς
3363 3570 3390 3622 ὁ
3414 3564 3711 3639 λυτρούμε-

2141 3686 2257 3732 νος,
2292 3668 2421 3721 Ἐπί
2454 3667 2586 3729 σοὶ,
2624 3666 2783 3737 φησὶν
2804 3706 2817 3729 ,
2846 3664 3081 3733 ἤλπισα
3101 3706 3114 3730 ,
3145 3662 3349 3717 σῶσόν
3379 3676 3455 3729 με
3486 3657 3591 3711 ἀπὸ
3614 3657 3713 3728 τῆς

2143 3762 2462 3822 ἀσθενείας,
2512 3759 2607 3812 καὶ
2658 3758 2844 3826 ῥῦσαί
2883 3775 2959 3827 με
3006 3757 3113 3810 ἀπὸ
3161 3758 3260 3827 τῆς
3320 3751 3710 3825 αἰχμαλωσίας.

2144 3849 2308 3923 Οἶμαι
2342 3852 2435 3915 δὲ,
2464 3853 2542 3904 ὅτι
2574 3853 2622 3903 οἱ
2651 3854 2883 3919 γενναῖοι
2914 3850 3006 3903 τοῦ
3034 3849 3167 3903 θεοῦ
3212 3847 3472 3919 ἀθληταὶ,
3518 3842 3712 3904 ἱκανῶς

2145 3945 2293 4013 παρὰ
2341 3944 2515 3997 πάντα
2546 3943 2635 3996 τὸν
2669 3942 2874 3995 ἑαυτῶν
2917 3942 3029 4012 βίον
3070 3944 3179 4004 τοῖς
3226 3940 3474 4011 ἁοράτοις
3503 3935 3711 4006 ἐχθροῖς

2146 4032 2664 4105 προσπαλαίσαντες.
2690 4030 2908 4084 ἐπειδὰν
2935 4030 3112 4092 πάσας
3156 4028 3332 4081 αὐτῶν
3362 4024 3712 4093 ὑπεκφύγωσι

2143 4129 2240 4190 τὰς
2266 4126 2493 4189 διώξεις,
2522 4125 2656 4195 πρὸς
2694 4123 2770 4193 τῷ
2802 4123 2944 4175 τέλει
2969 4122 3061 4175 τοῦ
3088 4121 3204 4191 βίου
3232 4120 3530 4190 γενόμενοι,
3566 4119 3711 4186 ἐρευ-

2144 4216 2339 4270 νῶνται
2374 4215 2477 4267 ὑπὸ
2510 4215 2601 4267 τοῦ
2640 4215 2894 4284 ἄρχοντος
2942 4212 3033 4266 τοῦ
3078 4212 3299 4275 αἰῶνος,
3343 4213 3463 4277 ἵνα,
3506 4208 3569 4261 ἂν
3617 4207 3712 4277 μὲν

2147 4308 2435 4377 εὑρεθῶσιν
2470 4307 2682 4376 ἔχοντες
2710 4306 2995 4377 τραύματα
3024 4306 3129 4358 ἀπὸ
3156 4304 3263 4357 τῶν
3302 4300 3709 4371 παλαισμάτων,

2147 4397 2178 4465 ἣ
2212 4396 2430 4459 σπίλους
2462 4396 2632 4459 τινὰς,
2670 4396 2763 4449 καί
2787 4396 2988 4459 τύπους
3011 4396 3107 4465 τῆς
3134 4394 3424 4465 ἁμαρτίας,
3454 4407 3715 4459 κατασχε-

481 4482 738 4546 maculas,
771 4492 861 4535 aut
900 4482 1105 4551 peccati
1140 4482 1364 4551 vestigia
1399 4483 1691 4537 retinuisse
1719 4521 1734 4545 ,
1765 4483 2040 4535 detinean-

2149 4487 2351 4540 θῶσινο
2392 4488 2485 4541 ἐὰν
2515 4488 2571 4541 δὲ
2618 4488 2849 4559 ἄτρωτοι
2903 4487 3163 4559 εὑρεθῶσι
3220 4486 3312 4538 καὶ
3354 4483 3585 4546 ἄσπιλοι,
3641 4480 3713 4543 ὡς

477 4584 565 4629 tur
594 4594 606 4629 :
638 4576 720 4629 sin
755 4585 931 4628 autem
974 4574 1315 4628 inveniantur
1348 4573 1674 4627 invulnerati
1715 4582 1769 4627 et
1818 4573 2047 4625 interne-

483 4664 610 4730 rati,
638 4681 663 4717 a
694 4666 910 4719 Christo
936 4676 1192 4733 tanquam
1228 4665 1412 4719 invicti
1448 4674 1502 4718 et
1528 4663 1680 4716 liberi
1718 4663 1770 4715 in
1802 4663 2041 4731 requiem

486 4757 897 4811 transferantur.
933 4755 1066 4811 Orat
1104 4756 1268 4825 igitur
1316 4771 1411 4825 pro
1439 4755 1543 4809 vita
1581 4756 1829 4825 praesenti
1862 4768 1917 4809 et
1963 4755 2045 4809 fu—

554 4913 598 4943 “
630 4913 823 4967 Psalm.
850 4929 1015 4975 CXVII,
1042 4913 1093 4965 9.
1174 4911 1217 4942 δ’
1240 4911 1437 4966 Jerem.
1467 4925 1593 4972 xvn,
1622 4910 1671 4963 5.

557 5074 666 5147 (5|)
694 5073 821 5147 Vp}
840 5090 939 5143 μου
972 5073 1151 5147 addita
1179 5082 1258 5125 est
1290 5088 1353 5147 ex
1393 5073 1522 5147 Reg.
1551 5070 1789 5147 secundo
1814 5072 2043 5147 el_Cul_lt.

484 5140 657 5202 sexto.
716 5140 914 5196 Ibidem
963 5143 1229 5196 editiones
1292 5140 1572 5197 l'arisfet
1618 5140 1777 5195 anil.
1809 5143 1925 5205 πῶς
1967 5144 2043 5198 δέ.

488 5222 641 5271 Deest
671 5214 725 5267 δέ
757 5214 807 5265 in
849 5228 981 5284 mss.
1009 5212 1159 5284 Haud
1194 5212 1348 5281 longe
1383 5213 1491 5277 illa,
1529 5212 1602 5284 μὴ
1638 5213 2049 5284 δντοςᾼλυτρουο

485 5290 669 5359 μένου,
716 5284 848 5355 μηδὲ
914 5282 1223 5359 σώζοντος,
1287 5282 1655 5359 adduntn’r‘in
1724 5282 2047 5359 Colherttnis

483 5352 677 5427 quarto
711 5352 1018 5427 et'seplinto
1046 5363 1166 5422 post
1207 5368 1362 5427 voces
1389 5352 1566 5425 ψυχήν
1600 5369 1699 5423 μου
1738 5369 1769 5427 Ἀ
1799 5355 1890 5407 sed
1921 5369 2043 5408 Ctttlt

484 5422 659 5483 ticsittl
693 5429 743 5479 in
767 5426 885 5478 aliis
917 5441 1010 5479 sex
1049 5438 1181 5476 mss.
1219 5422 1609 5491 videanturqne
1640 5440 1669 5477 e
1721 5422 2044 5492 glossemate

484 5500 722 5559 ﬂuxisse,
767 5496 968 5550 idcirco
997 5497 1238 5547 inserere
1267 5509 1327 5547 ea
1361 5495 1635 5547 contextni
1673 5495 1963 5545 noluimus.

555 5569 665 5635 (5:2)
697 5568 922 5621 Codices
946 5567 1150 5634 aliquot
1178 5563 1461 5635 ρυσθῆναι.
1498 5564 1816 5635 Subindein
1870 5565 2044 5617 tribus

486 5633 613 5690 mss.
638 5633 829 5705 legitur
866 5633 1247 5707 οἰκοδομεῖται.
1280 5633 1418 5707 Editi
1453 5643 1659 5707 veroet
1826 5635 2041 5707 quidam

487 5724 613 5759 mss.
673 5702 1057 5775 οἰκονομεῖταιξ
1106 5705 1225 5761 Mox
1275 5705 1440 5758 editio
1486 5704 1658 5758 Paris.
1715 5702 1926 5775 Σέσωκέ
1960 5720 2040 5763 σε,

488 5776 715 5844 πορεύου
744 5778 821 5839 εἰς
853 5772 1093 5848 εἰρήνην,
1137 5778 1228 5830 καὶ
1261 5774 1561 5845 γενηθήτω,
1603 5786 1708 5831 etc.
1746 5772 1842 5826 Ubi
1892 5785 2044 5827 notat

2152 4582 2445 4654 ἀκράτητοι
2484 4581 2653 4646 ὄντες,
2688 4581 2763 4644 ὼς
2792 4579 3061 4651 ἐλεύθεροι
3092 4579 3195 4632 ὑπὸ
3219 4576 3451 4649 Χριστοῦ
3478 4572 3714 4628 ἀναπαύο

2156 4689 2370 4726 σωνται.
2410 4672 2639 4743 Εὔχεται
2674 4669 2766 4726 οὖν
2793 4672 2916 4744 περί
2952 4689 3011 4724 τε
3052 4674 3151 4742 τῆς
3185 4669 3414 4723 ἐνταῦθα
3450 4667 3593 4736 ζωῆς
3624 4664 3717 4717 καὶ

2154 4766 2280 4833 περὶ
2318 4766 2411 4835 τῆς
2443 4765 2755 4836 μελλούσης.
2786 4765 2991 4819 Σῶσον
3018 4765 3124 4834 γάρ
3144 4780 3239 4833 με,
3273 4763 3456 4833 φησὶν,
3488 4756 3717 4811 ἐνταῦθα

1752 4912 1795 4941 ⁵⁰
1826 4912 1962 4966 Psal.
1996 4932 2117 4981 nx,
2156 4920 2209 4983 ὃ,
2242 4924 2291 4971 (i.
2371 4922 2412 4950 ⁸¹
2456 4919 2584 4974 an.
2614 4935 2705 4985 vlt,
2747 4919 2833 4974 50.
2911 4920 2957 4950 “
3000 4916 3184 4972 Matth.
3234 4930 3351 4979 vttl,
3392 4914 3474 4967 l3.

2156 5079 2237 5131 vir
2268 5078 2667 5133 eniditissimus
2694 5078 2918 5131 Dncznus
2952 5076 3061 5139 illa,
3096 5071 3329 5144 πορεύου
3355 5073 3432 5132 εἰς
3473 5070 3715 5144 εἰρήνην,

2154 5149 2335 5202 addita
2374 5148 2539 5203 fuisse
2589 5166 2653 5203 ex
2691 5149 2831 5202 Oliv.
2860 5157 2912 5201 et
2935 5142 3179 5214 Anglicis
3214 5160 3227 5195 :
3266 5157 3384 5212 quae
3406 5144 3568 5214 verba
3612 5142 3716 5207 legi

2150 5233 2366 5287 quoque
2398 5221 2448 5271 in
2479 5220 2685 5273 duobus
2716 5218 2898 5287 Regiis
2940 5210 3069 5270 mss.
3124 5230 3253 5287 non
3284 5210 3714 5287 dissimulamus.

2153 5278 2257 5341 Sed
2282 5278 2497 5351 tamen,
2526 5305 2648 5341 cttm
2696 5278 3001 5341 haecvverba
3044 5287 3097 5339 in
3128 5284 3364 5339 editione
3414 5278 3713 5334 Basileensi

2152 5360 2355 5424 desint,
2383 5369 2436 5413 et
2461 5360 2515 5413 in
2546 5358 2789 5426 plurimis
2815 5373 2968 5420 mss.,
2988 5371 3219 5421 cumque
3238 5362 3494 5423 praeterea
3519 5351 3716 5426 seriem

2152 5421 2414 5483 orationis
2474 5421 2872 5496 interrumpere
2910 5421 3599 5491 videantur,'expungenda
3652 5432 3716 5473 ea

2152 5516 2479 5553 CQIISIIIIIHIS.

2226 5569 2338 5638 (55)
2374 5571 2464 5623 Sic
2493 5578 2697 5634 septem
2736 5583 2863 5623 mss.
2897 5582 3048 5635 asque
3072 5581 3135 5618 ac
3164 5563 3433 5638 editiones
3454 5559 3632 5638 Paris.
3659 5568 3715 5638 et

2152 5628 2332 5762 533m:
2359 5645 2424 5695 At
2463 5628 2614 5695 Col'b.
2656 5650 2882 5705 uuartus
2928 5628 2981 5693 et
3010 5638 3209 5693 Catena
3243 5633 3569 5689 Corderiana
3611 5628 3717 5683 ὁδὲ

2216 5726 2339 5762 Αων.

2216 5726 2319 5761 Αων
2329 5751 2339 5762 .
