4008 6402
282 403 389 457 235

1458 405 1742 462 HOMILIA
1776 405 1842 460 ΙΝ
1882 405 2207 464 PSALMUM
2247 409 2356 466 VII.

3408 401 3513 460 234

279 514 403 571 ἀπὸ
442 512 556 567 τῶν
591 513 925 570 διωκόντων
1088 534 1103 549 ⁸
1143 518 1329 587 ῥῦσαι
1367 517 1425 571 δέ
1456 536 1532 589 με
1556 520 1670 573 ἐκεῖ
1696 523 1752 574 ἐν
1777 520 1849 591 τῷ

1961 533 2104 581 tura.
2138 524 2352 580 Salvum
2375 526 2541 590 enim,
2574 524 2766 594 inquit,
2796 541 2872 578 me
2897 524 3004 592 fac,
3042 520 3131 576 hic
3158 538 3188 574 a
3210 535 3517 592 persequen-

282 604 462 676 καιρῷ
495 605 591 676 τῆς
619 604 863 677 ἐρεύνης,
890 608 974 677 μή
1005 625 1148 663 ποτε
1184 610 1428 680 ἁρπάσῃ
1460 612 1540 677 ὠς
1569 613 1723 665 λέων
1746 613 1849 681 τὴν

1961 616 2099 669 tibus
2126 632 2242 682 me;
2271 617 2435 671 libera
2470 634 2548 671 me
2580 631 2709 671 vero
2736 616 2847 671 illic
2873 626 3113 685 tempore
3138 614 3423 679 examinis,
3453 632 3515 669 ne

279 696 496 766 ψυχήν
514 714 656 766 μου.
691 699 800 751 Καὶ
826 699 997 753 ταῦτα
1042 701 1231 773 μάθοις
1262 701 1327 755 ἂν
1354 702 1411 767 ἐξ
1446 702 1608 755 αὐτοῦ
1635 703 1727 756 τοῦ
1749 705 1856 757 Κυ-

282 785 404 860 ρίοῖ.)
439 790 687 857 λέγοντος
731 791 859 861 περ)⁸
889 791 981 845 τὸν
1021 792 1208 863 καιρόν
1251 791 1343 846 τοῦ
1385 793 1589 858 πάθους
1612 812 1624 825 ο
1664 794 1793 848 Νῦν
1824 800 1856 848 ό

276 881 483 951 ἅρχων
521 882 626 936 τοῦ
655 882 885 950 κόσμου
915 884 1128 937 τούτου
1172 884 1438 953 ἔρχεται,
1492 885 1589 937 καὶ
1630 886 1698 938 ἐν
1729 886 1855 955 ἐμοὶ

277 971 405 1033 ἕξει
452 970 647 1026 οὐδέν.
712 973 852 1025 Ἀλλ’
884 975 913 1027 ό
968 975 1095 1044 μὲν,
1154 975 1227 1046 μὴ
1284 977 1512 1047 ποιήσας
1561 977 1852 1048 ἁμαρτίαν,

279 1064 467 1133 ἔλεγεν
490 1064 631 1135 ἔχειν
658 1064 811 1118 οὐδέν
833 1081 845 1093 ·
877 1064 1147 1137 ἀνθρώπῳ
1175 1066 1231 1119 δὲ
1264 1065 1532 1136 αὔταρκες
1556 1107 1570 1129 ,
1610 1068 1704 1122 ἐὰν
1733 1067 1854 1119 τολ-

283 1159 436 1229 μήσῃ
464 1160 635 1211 εἰπεῖν
660 1196 674 1220 ,
707 1158 787 1211 ὄτι
815 1157 1065 1229 Ἔρχεται
1096 1159 1124 1210 ὁ
1154 1159 1335 1228 ἄρχων
1362 1158 1457 1211 τοῦ
1493 1159 1697 1229 κόσμου
1735 1159 1855 1211 τού-

277 1268 399 1315 του,
431 1249 525 1304 καὶ
554 1251 610 1302 ἐν
653 1249 773 1319 ἐμοὶ
822 1248 931 1312 ἕξει
970 1249 1125 1319 ὀλίγα
1159 1250 1254 1302 καὶ
1298 1249 1487 1320 μικρά.
1514 1249 1767 1313 Κίνδυνος
1799 1251 1853 1304 δὲ

278 1340 455 1395 ταῦτα
488 1340 695 1405 παθεῖν,
728 1339 821 1393 ἐὰν
850 1339 924 1411 μὴ
946 1340 1157 1411 ἔχωμεν
1180 1340 1271 1394 τὸν
1302 1340 1659 1412 λυτρούμενον
1682 1342 1848 1412 ἡμᾶς,

282 1433 421 1504 μηδέ
452 1433 543 1485 τὸν
574 1430 831 1494 σώζοντα.
883 1431 1026 1501 Πρὸς
1055 1432 1123 1485 τὰ
1150 1432 1240 1484 δύο
1280 1432 1347 1486 τὰ
1390 1432 1719 1503 προκείμενα
1762 1433 1852 1485 δύο

279 1525 400 1576 ἐστὶ
427 1522 498 1575 τὰ
528 1521 869 1592 ἐπαγόμενα’
898 1520 1108 1575 Σῶσόν
1120 1538 1196 1589 με
1218 1521 1284 1574 ἐκ
1315 1522 1418 1575 τοῦ
1446 1521 1715 1589 πλήθους
1736 1521 1852 1575 τῶν

278 1612 619 1665 διωκόντων
643 1627 738 1680 με,
772 1610 869 1663 καὶ
889 1609 1073 1678 ῥῦσαι
1105 1610 1217 1681 (55)
1242 1651 1256 1675 ,
1292 1611 1378 1664 ἴνα
1408 1611 1480 1682 μή
1511 1627 1640 1663 ποτε
1670 1612 1849 1680 ἁρπα-

282 1702 418 1767 σθῶ,
447 1701 522 1765 ὡς
548 1702 621 1773 μὴ
647 1702 797 1765 ὄντος
820 1702 1207 1773 λυτρουμένου.

350 1794 404 1847 3.
427 1794 599 1861 Κύριε
617 1796 650 1847 ό
673 1794 815 1858 Bede
830 1811 968 1863 μου,
1000 1796 1051 1848 ει
1082 1793 1339 1861 ἐποίησα
1374 1794 1567 1859 τοῦτο,
1594 1798 1647 1848 εὶ
1680 1796 1850 1850 ἐστιν

277 1883 483 1938 ἀδικία
511 1883 581 1937 ἐν
622 1886 794 1953 χερσί
830 1902 968 1954 μου,
999 1886 1052 1938 ει
1097 1884 1482 1939 ἀηαπέδωκα
1518 1885 1639 1951 τοῖς
1668 1888 1846 1941 ἀντα-
1884 1863 1924 1915 Β

280 1974 603 2030 ποδιδοῦσί
628 1993 729 2045 μοι
785 1976 959 2040 κακὰ,
1010 1974 1368 2046 ἀποπέσοιμι
1420 1976 1533 2045 ἄρα
1573 1978 1690 2033 ἀπὸ
1733 1978 1850 2032 τῶν

277 2065 509 2134 ἐχθρῶν
524 2083 644 2135 μου
687 2066 879 2132 κενός.
909 2063 1270 2129 Καταδιώξαι
1304 2065 1418 2134 ἄρα
1448 2070 1480 2121 ό
1508 2067 1718 2135 ἐχθρὸς
1738 2068 1851 2135 τὴν

280 2156 494 2225 ψυχήν
511 2174 649 2225 μου,
683 2156 780 2209 καὶ
803 2154 1145 2210 καταλάϐοι.
1186 2155 1419 2226 Σύνηθες
1447 2159 1512 2227 τῇ
1562 2158 1747 2229 Γραφῇ
1790 2158 1851 2212 τὸ

277 2247 382 2317 τῆς
423 2249 825 2313 ἀνταποδόσεως
860 2249 1031 2319 ὄνομα
1055 2247 1154 2301 οὐκ
1188 2249 1280 2301 ἐπὶ
1316 2247 1425 2302 ⁴τῶν
1457 2250 1845 2320 νομιζομένων,

277 2340 357 2403 ὡς
384 2339 723 2412 ὕπάρξαντός
747 2357 891 2404 τινος
919 2338 1125 2408 ἀγαθοῦ
1156 2339 1189 2410 ἢ
1219 2339 1413 2405 κακοῦ,
1457 2341 1615 2411 μόνον
1647 2341 1851 2412 λαμϐά-

275 2447 410 2495 νειν,
440 2431 577 2485 ἀλλὰ
620 2433 714 2487 καὶ
767 2430 995 2485 ἐπὶτῶν
1045 2432 1587 2505 προκαταρχομένωνο
1637 2432 1712 2496 ὼς
1758 2434 1850 2486 ἐπὶ

274 2523 394 2587 τοῦ,
434 2523 785 2589 Ἅνταπόδος
808 2523 888 2590 τῷ
912 2524 1110 2591 δούλῳ
1131 2540 1267 2579 σου.
1310 2524 1454 2576 Ἀντὶ
1498 2524 1607 2595 γὰρ
1642 2525 1735 2578 τοῦ
1770 2527 1850 2578 εί-

276 2616 424 2677 πεῖν,
458 2613 575 2676 Δὸς,
603 2612 838 2684 εἴρηται,
877 2614 1250 2679 Ἀνταπόδος.
1278 2613 1432 2677 Δόσις
1458 2615 1555 2684 μὲν
1575 2611 1668 2668 οῦν
1706 2618 1851 2670 ἐστιν

276 2704 312 2775 ή
346 2704 592 2775 καταρχὴ
635 2704 731 2774 τῆς
764 2704 1029 2768 εὐποιίας,
1056 2704 1308 2768 ἀπόδοσις
1330 2704 1437 2775 δὲή
1464 2705 1559 2759 τοῦ
1602 2707 1715 2760 ῐσου
1753 2708 1850 2761 ἀν-

275 2796 597 2868 τιμέτρησις
619 2796 769 2868 παρὰ
795 2795 889 2849 τοῦ
916 2790 974 2850 εὖ
998 2795 1321 2860 πεπονθότος
1345 2796 1473 2867 (56)·
1505 2798 1851 2862 ἀνταπόδοσις

274 2890 337 2943 δὲ
368 2888 597 2959 δευτέρα
623 2906 706 2952 τις
736 2888 877 2960 ἀρχὴ
911 2888 1006 2941 καὶ
1033 2888 1278 2959 περίοδος
1310 2887 1417 2941 τῶν
1448 2889 1850 2960 καταϐαλλομέ-

276 3000 384 3036 νων
410 2982 490 3045 ei;
516 2999 665 3045 τινας
699 2982 917 3049 ἀγαθῶν
950 2982 982 3053 ἢ
1012 2981 1217 3035 κακῶν.
1263 2978 1426 3053 Οἶμαι
1465 2982 1543 3046 δὲ,
1575 2984 1700 3035 ὅταν
1730 2984 1850 3037 ἀντὶ

273 3072 377 3142 τῆς
399 3074 664 3143 αἰτήσεως
704 3074 866 3126 οἱονεὶ
892 3072 1185 3142 ἀπαίτησίν
1224 3090 1343 3126 τινα
1370 3072 1689 3144 ποιούμενος
1719 3075 1747 3126 ό
1773 3073 1851 3126 λὸ·

273 3182 373 3236 γος
393 3166 491 3238 τὴν
520 3167 871 3221 ἀνταπόδοσιν
888 3167 1138 3238 ἐπιζητῇ,
1166 3166 1399 3222 τοιοῦτόν
1417 3185 1538 3221 τινα
1561 3168 1686 3222 νοῦν
1704 3186 1846 3241 παρ-

277 3260 420 3330 ιστᾷ
452 3260 552 3325 ὅτι,
596 3260 669 3313 Τὸ
708 3260 859 3332 παρὰ
898 3262 996 3333 τῆς
1035 3262 1246 3330 φύσεως
1296 3261 1605 3329 ἀναγκαίως
1639 3261 1847 3331 ὀφειλό-

278 3368 440 3421 μενον
471 3352 568 3423 τῆς
600 3352 911 3424 ἐπιμελείας
935 3354 1091 3425 χρέος
1123 3355 1235 3416 τοῖς
1268 3353 1507 3421 ἐγγόνοις
1543 3354 1690 3421 παρὰ
1740 3355 1845 3408 τῶν

272 3444 677 3513 γεννησάντων,
711 3444 869 3498 τοῦτό
898 3462 983 3516 μοι
1022 3446 1323 3515 παράσχου.
1348 3445 1711 3516 Χρεωστεῖται
1738 3446 1846 3517 γὰρ

271 3540 485 3603 τέκνοις
513 3539 662 3610 παρὰ
697 3540 899 3610 πατρὸς
949 3538 1089 3592 κατὰ
1121 3540 1218 3609 τὴν
1261 3538 1493 3610 φυσικὴν
1546 3538 1775 3610 στοργὴν
1811 3542 1843 3610 ἡ

272 3629 405 3699 περὶ
449 3629 543 3681 τοῦ
574 3628 688 3699 βίου
745 3631 987 3701 πρόνοια.
1035 3630 1334 3702 Ὀφείλουσι
1377 3629 1505 3701 γὰρ,
1568 3630 1749 3701 φησιν,
1798 3633 1844 3683 οἱ

271 3724 452 3791 γονεῖς
472 3724 585 3785 τοῖς
617 3720 829 3785 τέκνοις
860 3720 1228 3793 θησαυρίζειν,
1263 3721 1349 3774 ἵνα
1383 3721 1517 3793 πρὸς
1545 3721 1621 3791 τῷ
1644 3720 1741 3792 ζῇν
1767 3722 1845 3774 ἔτι

204 3846 212 3854 α
272 3814 369 3869 καὶ
394 3813 491 3877 τὰς
520 3812 661 3866 κατὰ
688 3813 779 3866 τὸν
811 3811 923 3883 βίον
947 3814 1127 3876 αὐτοῖς
1158 3813 1408 3885 ἀφορμάς
1436 3813 1842 3883 παράσχωνται.

271 3902 526 3958 Τοιοῦτόν
561 3905 675 3956 ἐστι
707 3902 963 3966 πολλάκις
995 3902 1199 3971 ἐπὶτῆς
1227 3903 1446 3974 Γραφῆς
1477 3905 1533 3955 ἐν
1563 3906 1680 3967 ταῖς
1710 3921 1844 3975 προ-

272 3996 666 4064 καταρκτικαῖς
683 3994 983 4065 ἐνεργείαις
1000 3994 1059 4046 τὸ
1084 3993 1329 4064 άπόδομα
1351 3994 1383 4065 ἢ
1414 3994 1473 4048 τὸ
1503 3995 1845 4067 ἀνταπόδομα

274 4086 858 4158 παραλαμϐανόμενον.
887 4086 998 4139 Νῦν
1035 4087 1091 4139 δὲ
1124 4086 1264 4140 ἔοικε
1289 4086 1552 4159 θαρρεῖνὸ
1582 4088 1753 4157 λέγων
1768 4090 1845 4160 τῷ

275 4179 352 4249 μὴ
389 4178 793 4232 ἀντιδεδωκὲναι
835 4182 947 4242 τοῖς
981 4178 1387 4232 ἀνταποδιδοῦσι
1417 4178 1581 4247 κακὰ,
1614 4180 1687 4251 μὴ
1720 4183 1845 4235 ἀντ-

272 4269 666 4323 αποδεδωκέναι
687 4270 756 4323 τὰ
772 4271 1029 4341 ὄμοια.Εὶ
1051 4267 1163 4325 οὖν
1192 4271 1449 4337 ἐποίησα
1477 4271 1671 4335 τοῦτο,
1686 4272 1781 4325 καὶ
1794 4275 1847 4327 ει

270 4360 662 4415 ἀνταπέδωκα
685 4361 807 4427 τοῖς
821 4362 1288 4416 ἁνταποδιδοῦσι
1309 4379 1409 4430 μοι
1433 4362 1603 4429 κακὰ,
1625 4364 1847 4418 ἀποπέ-

270 4468 436 4522 σοιμι
468 4451 583 4521 ἄρα
612 4453 729 4507 ἀπὸ
750 4453 867 4506 τῶν
894 4452 1121 4522 ἐχθρῶν
1143 4469 1261 4521 μου
1284 4453 1477 4518 κενός.
1518 4455 1686 4517 Κενὸς
1712 4456 1846 4509 ἀποι-

270 4545 461 4597 πίπτει
517 4545 625 4598 ἀπὸ
654 4544 760 4598 τῶν
817 4544 1025 4616 ἐχθρῶν
1072 4545 1100 4597 ὁ
1144 4544 1241 4614 τῆς
1282 4544 1500 4615 χάριτος
1532 4546 1632 4615 τῆς
1661 4549 1724 4599 ἐκ
1746 4548 1838 4601 τοῦ
1872 4578 1916 4635 D

271 4634 635 4707 πληρώματος
660 4635 752 4689 τοῦ
771 4637 1007 4707 Χριστοῦ
1041 4636 1307 4691 ἐκπεσών.
1341 4636 1701 4701 Καταδιὼξαι
1728 4638 1841 4706 ἄρα

271 4731 305 4781 ό
328 4728 539 4798 ἐχθρὸς
564 4728 678 4798 τὴν
701 4730 911 4798 ψυχήν
931 4747 1069 4799 μου,
1102 4729 1198 4785 καὶ
1226 4729 1569 4794 καταλάϐοι,
1604 4732 1701 4785 καὶ
1732 4749 1838 4783 κα-

268 4820 609 4887 ταπατῆσαι
640 4824 727 4886 εἰς
752 4821 867 4892 γῆν
891 4822 1005 4891 τὴν
1023 4821 1174 4888 ζωήν
1197 4840 1337 4891 μου.
1366 4822 1472 4876 Τοῦ
1507 4824 1602 4894 μὲν
1630 4823 1835 4877 δικαίου

269 4910 305 4981 ἡ
352 4910 519 4981 ψυχὴ,
577 4913 917 4983 χωριζομένη
962 4914 1061 4984 τῆς
1114 4916 1249 4985 πρὸς
1299 4915 1358 4968 τὸ
1416 4914 1571 4986 σῶμα
1620 4933 1837 4987 συμπα-

270 4998 419 5065 θείας
449 5001 585 5073 (57),
614 5004 711 5075 τὴν
736 5004 877 5075 ζωὴν
907 5003 1018 5074 ἔχει
1060 5005 1448 5077 κεκρυμμένην
1481 5007 1577 5060 σὺν
1598 5006 1677 5078 τῷ
1702 5010 1837 5079 Χρι-

340 5116 387 5148 ⁸³
422 5114 578 5171 Joan.
626 5133 736 5185 XIV,
777 5118 864 5172 ὅθ.
957 5118 1004 5150 ⁸⁸
1042 5118 1183 5173 Psal.
1229 5135 1418 5185 cxvnt,
1466 5121 1551 5175 l7.
1638 5122 1685 5153 ⁸⁸
1724 5122 1762 5177 ll
1796 5122 1916 5178 Cor.

344 5209 457 5276 (54)
484 5208 574 5263 Sic
601 5210 837 5279 quinque
869 5225 997 5265 mss.
1026 5210 1156 5280 Reg.
1191 5227 1327 5266 unus
1370 5220 1423 5266 et
1464 5213 1616 5268 Colb.
1648 5225 1833 5269 sextus

268 5280 734 5333 καταδιωκόντων.
764 5282 1037 5343 Editiones
1066 5280 1229 5334 Basil.
1262 5292 1316 5333 et
1336 5282 1509 5336 Paris.
1546 5294 1602 5337 et.
1627 5284 1827 5339 Catena

267 5352 492 5406 (Iorder.
527 5350 970 5404 καταδιωκόντων
1005 5368 1070 5420 με
1100 5352 1227 5405 :sed
1265 5350 1415 5413 illud,
1460 5370 1550 5420 με,
1586 5355 1639 5407 in
1686 5355 1831 5407 nullo

268 5371 492 5406 ενι-αυτ.
527 5371 970 5404 καταοιωκοντων
1005 5371 1070 5420 με
1100 5371 1227 5405 :seu
1266 5371 1415 5413 ιιιιιυ,
1502 5371 1550 5415 ε,
1586 5371 1639 5407 ιη
1686 5371 1831 5407 ΙΙΙΙΙΙΟ

268 5434 372 5495 ius.
401 5423 682 5495 reperitur,
713 5422 815 5475 nisi
854 5422 996 5495 forte
1031 5423 1081 5473 in
1115 5436 1240 5475 uno.
1294 5421 1412 5477 Mox
1460 5371 1597 5495 ᾔεις.
1639 5426 1831 5478 tertius

270 5489 442 5561 habet
460 5491 702 5561 εὑρίσκει
734 5506 828 5560 pro
852 5491 982 5557 ἕξει.

341 5559 455 5628 (55)
516 5559 937 5635 (ἒοιὺηίῄυεηδιιιε
987 5561 1322 5635 διωκόντων,
1368 5565 1460 5617 καὶ
1522 5564 1680 5635 ῥῦσαί
1742 5582 1829 5635 με.

269 5627 470 5703 Ibidem
525 5627 793 5703 reperitur
836 5631 926 5683 τοῦ
988 5634 1039 5685 iu
1083 5627 1350 5703 aliquibus
1394 5627 1532 5689 mss:
1580 5649 1706 5689 ante
1735 5627 1829 5687 λυ-

266 5699 599 5771 τρουμένουξ
625 5701 765 5753 Infra
808 5703 858 5753 in
896 5718 1002 5754 uno
1035 5719 1135 5757 IIIS.
1171 5699 1389 5771 perinde
1415 5722 1477 5759 ac
1514 5710 1563 5758 in
1627 5708 1830 5759 Catena

265 5768 489 5889 (Σωτίων.
558 5786 654 5841 pro
707 5770 1075 5841 νομιζομένων
1139 5768 1334 5845 legitur
1391 5774 1795 5865 thBtGOuévwv

269 5853 350 5889 tua
376 5855 423 5889 e.

269 5853 423 5893 male.

1960 712 2168 775 quando
2192 709 2358 776 rapiat
2390 717 2447 762 ut
2470 709 2548 763 (eo
2588 709 2816 762 animam
2851 723 3042 762 meam.
3071 706 3137 760 Et
3160 705 3274 760 haec
3302 720 3367 761 ex
3398 709 3515 776 ipso

1960 798 2184 854 Domino
2231 799 2438 853 discere
2478 811 2651 868 potes,
2683 799 2827 853 circa
2866 812 2974 853 suae
3005 796 3271 867 passionis
3306 804 3513 864 tempus

1956 890 2167 943 dicente
2195 909 2208 945 :
2242 888 2399 944 Nunc
2428 891 2666 960 princeps
2694 890 2851 959 hujus
2885 890 3063 943 mundi
3088 890 3244 955 venit,
3276 899 3322 943 et
3353 890 3406 942 in
3434 906 3513 942 me

1964 997 2068 1033 non
2087 982 2287 1034 habebit
2305 982 2666 1051 quidquam”.
2690 981 2975 1035 Enimvero
2992 981 3078 1050 qui
3104 990 3378 1050 peccatum
3406 995 3511 1035 nou

1955 1072 2272 1138 admiserat,
2307 1074 2439 1127 nihil
2485 1074 2687 1127 habere
2717 1073 2964 1137 dicebat;
2995 1072 3123 1127 satis
3148 1081 3327 1126 autem
3352 1068 3513 1125 fuerit

1957 1162 2192 1226 homini,
2240 1163 2281 1216 si
2326 1164 2521 1218 audeat
2557 1163 2736 1218 dicere
2782 1184 2794 1217 :
2848 1164 3006 1218 Venit
3047 1164 3297 1233 princeps
3327 1165 3509 1217 mundi

1958 1252 2135 1320 hujus,
2172 1263 2225 1308 et
2254 1254 2304 1307 in
2338 1270 2423 1309 me
2453 1255 2668 1309 habebit
2712 1270 2879 1323 pauca
2914 1264 2967 1310 et
2993 1269 3173 1325 parva.
3206 1254 3271 1308 At
3303 1254 3512 1321 pericu-

1956 1345 2061 1398 lum
2100 1354 2182 1400 est
2205 1359 2273 1398 ne
2318 1345 2431 1398 haec
2463 1344 2737 1409 accidant,
2770 1345 2871 1400 nisi
2901 1346 3040 1399 adsit
3063 1345 3150 1414 qui
3179 1346 3426 1410 redimat,
3459 1353 3513 1397 et

1955 1435 2130 1489 salvos
2155 1450 2252 1490 nos
2282 1434 2463 1489 faciat.
2505 1434 2722 1489 Duobus
2746 1438 3031 1506 pr0positis
3055 1439 3156 1491 duo
3180 1434 3510 1506 subjunguné
3539 1444 3542 1449 ’

1956 1537 2059 1579 tur.
2085 1524 2301 1581 Salvum
2323 1542 2403 1578 me
2430 1527 2516 1595 fac
2542 1542 2607 1580 ex
2624 1527 2957 1581 multitudine
2981 1528 3389 1596 persequentium
3409 1541 3508 1590 me,

1952 1626 2004 1669 et
2035 1616 2198 1669 libera
2247 1632 2348 1679 me,
2397 1631 2462 1670 ne
2492 1621 2705 1675 quando
2739 1619 2934 1688 rapiar,
2970 1618 3121 1685 quasi
3155 1632 3258 1671 non
3302 1618 3372 1670 sit
3418 1615 3510 1685 qni

1953 1708 2195 1762 redimat.

2020 1801 2073 1853 5.
2116 1798 2280 1855 Yr—ms.
2310 1800 2424 1855 4-6.
2466 1800 2683 1856 Domine
2716 1801 2852 1855 Deus
2880 1817 3045 1865 meus,
3077 1803 3123 1855 si
3152 1800 3247 1869 feci
3285 1800 3509 1862 istud,si

1951 1904 2023 1946 est
2052 1893 2304 1963 iniquitas
2333 1894 2391 1947 in
2432 1894 2673 1947 manibus
2699 1893 2848 1960 meis,
2876 1893 2920 1948 si
2954 1893 3156 1946 reddidi
3181 1893 3512 1945 retribuenti-

1952 1985 2045 2038 bus
2070 1984 2199 2037 mihi
2230 1985 2392 2050 mala,
2418 1986 2650 2039 decidam
2676 2001 2794 2055 ergo
2824 1986 2885 2038 ab
2918 1985 3143 2037 inimicis
3166 1984 3290 2037 meis
3312 1982 3507 2036 inanis.

1958 2077 2305 2147 Persequatur
2350 2094 2470 2146 ergo
2500 2078 2745 2131 inimicus
2785 2079 3013 2131 animam
3054 2092 3252 2138 meam,
3286 2083 3331 2130 et
3366 2090 3509 2129 com-

1949 2169 2255 2237 prehendat.
2296 2168 2576 2239 Scriptura
2617 2184 2724 2223 non
2772 2166 2941 2223 solum
2990 2179 3207 2237 recepto
3236 2181 3383 2222 more
3421 2183 3509 2221 re-

1951 2261 2255 2315 tributionis
2279 2275 2473 2315 nomen
2499 2274 2761 2329 usurpare
2800 2259 2957 2323 solet,
2990 2274 3107 2312 cum
3143 2258 3387 2312 videlicet
3419 2257 3511 2311 bo-

1951 2365 2075 2404 num
2125 2350 2338 2420 aliquod
2376 2359 2469 2404 aut
2517 2349 2718 2403 malum
2758 2350 3066 2418 praecessit,
3118 2350 3209 2404 sed
3255 2351 3307 2401 in
3357 2348 3512 2404 initio

1949 2442 2109 2495 etiam
2153 2442 2459 2504 actionum;
2511 2448 2570 2493 ut
2604 2439 2657 2493 in
2702 2440 2805 2493 hoc
2850 2439 2967 2494 loco
3010 2456 3021 2491 :
3080 2437 3324 2492 lietribue
3363 2453 3511 2491 servo

1950 2543 2035 2587 tuo
2063 2531 2128 2587 “.
2160 2531 2293 2586 Cum
2320 2530 2461 2586 enim
2491 2530 2671 2585 dicere
2700 2530 3007 2597 debuisset,
3062 2529 3235 2584 tribue
3260 2544 3273 2582 :
3307 2530 3507 2584 dictum

1949 2635 2048 2687 est,
2081 2623 2349 2678 Retribue.
2386 2623 2521 2677 Dare
2546 2623 2732 2694 igitur,
2756 2622 2969 2677 initium
2994 2632 3077 2678 est
3098 2622 3507 2678 benefaciendi:

1950 2715 2171 2770 reddere
2195 2728 2342 2780 vero,
2370 2714 2511 2768 actio
2537 2714 2651 2783 ejus
2672 2712 2767 2782 qui
2805 2713 3119 2768 beneﬁcium
3150 2712 3379 2780 accepit,
3412 2727 3512 2782 par

1950 2810 2061 2878 pari
2115 2808 2432 2873 referentis;
2471 2807 2754 2863 retributio
2794 2816 2971 2860 autem
3004 2804 3297 2859 secundum
3335 2804 3508 2873 quod-

1951 2904 2069 2955 dum
2117 2911 2200 2955 est
2245 2900 2589 2969 principium,
2635 2913 2698 2954 ac
2746 2898 3063 2952 vicissitudo
3110 2897 3371 2951 bonorum
3417 2904 3509 2949 aut

1950 2992 2209 3046 malorum
2249 2991 2408 3062 100
2437 2992 2488 3045 in
2513 2991 2772 3061 quosdam
2797 2990 3131 3045 collatorum.
3157 2987 3268 3041 Mea
3292 2988 3509 3057 quidem

1948 3082 2237 3147 sententia,
2270 3097 2394 3137 cum
2425 3096 2603 3137 sermo
2641 3096 2740 3151 pro
2773 3080 3034 3150 petitione
3068 3094 3262 3134 nomen
3288 3078 3509 3132 adhibet

1875 3208 1917 3265 ο
1951 3173 2102 3240 quasi
2129 3171 2463 3243 repetitionis
2485 3171 2801 3241 alicujus,et
2823 3172 3231 3226 retributionem
3261 3169 3505 3238 requirit,

1953 3264 2111 3318 talem
2139 3264 2423 3333 quemdam
2448 3279 2681 3337 ,sensum
2729 3264 2947 3334 praefert
2993 3280 3007 3317 :
3063 3260 3510 3317 Providentimztc

1948 3371 2092 3409 curae
2124 3356 2384 3421 debitum,
2416 3354 2557 3423 quod
2591 3361 2778 3408 natura
2814 3354 3119 3408 necessario
3140 3368 3165 3405 a
3191 3353 3508 3422 parentibus

1950 3447 2071 3500 [iliis
2098 3446 2339 3511 debetur,
2364 3446 2465 3500 hoc
2491 3446 2619 3500 mihi
2647 3445 2863 3500 exhibe.
2896 3445 3103 3500 Liberis
3128 3445 3270 3501 enim
3297 3460 3326 3498 a
3357 3454 3509 3513 patre

1948 3539 2238 3592 secundum
2267 3536 2562 3591 naturalem
2593 3552 2835 3591 amorem
2864 3538 3085 3592 debetur
3111 3552 3289 3590 rerum
3322 3537 3389 3590 ad
3425 3535 3507 3588 vi-

1950 3641 2057 3683 tam
2077 3625 2456 3697 pertinentium
2485 3641 2635 3680 cura.
2668 3624 2870 3681 Debent
2895 3627 3060 3691 enim,
3092 3626 3286 3695 inquit,
3316 3640 3509 3694 paren-

1950 3729 2030 3774 tes
2063 3717 2187 3772 (iliis
2229 3718 2595 3771 thesaurizare
2620 3719 2688 3782 ⁸³,
2719 3728 2776 3771 ιιι
2800 3726 2996 3787 printer
3018 3717 3179 3770 vitam
3200 3756 3212 3778 ,
3243 3717 3417 3769 adhuc
3456 3724 3511 3769 et

1946 3811 2156 3865 vivendi
2188 3810 2424 3865 subsidia
2459 3810 2538 3865 eis
2571 3812 3005 3865 subministrent.
3036 3808 3092 3862 lu
3125 3809 3310 3878 primis
3340 3809 3507 3863 actio-

1949 3905 2105 3959 nibus
2133 3918 2271 3973 szepe
2300 3904 2365 3957 ad
2400 3904 2541 3959 hunc
2568 3904 2783 3957 modum
2815 3902 2868 3956 in
2901 3900 3183 3970 Scriptura
3221 3909 3508 3970 usurpatur

1949 3993 2201 4058 redditio,
2230 4008 2322 4049 seu
2355 3993 2655 4047 retributio.
2690 3990 2841 4046 Nunc
2874 4002 3050 4045 autem
3079 3990 3335 4060 prOpbeta
3365 3991 3416 4045 iu
3443 4006 3506 4045 eo

1946 4087 2155 4140 videtur
2183 4085 2477 4151 conﬁdere,
2512 4086 2653 4153 quod
2697 4100 2795 4138 nec
2836 4084 3131 4138 reddiderit
3161 4084 3507 4137 retribuenti-

1948 4179 2050 4232 bus
2087 4178 2255 4243 mala,
2304 4190 2403 4231 nec
2447 4176 2645 4230 similia
2687 4176 2998 4230 reddiderit.
3049 4174 3258 4243 Itaque,
3308 4173 3366 4228 Si
3407 4175 3507 4235 feci

1947 4271 2110 4334 istud,
2134 4280 2180 4325 et
2208 4272 2254 4324 si
2277 4269 2479 4323 reddidi
2501 4270 2903 4323 retribuentibus
2928 4270 3054 4322 mihi
3079 4270 3242 4334 mala,
3271 4269 3506 4322 decidam

1947 4380 2070 4431 ergo
2105 4363 2169 4416 ab
2203 4363 2436 4417 inimicis
2468 4364 2594 4417 meis
2626 4364 2820 4416 inanis.
2854 4361 3032 4415 Inanis
3063 4366 3128 4415 ab
3158 4359 3390 4415 inimicis
3416 4362 3509 4413 de-

1945 4455 2076 4509 cidit
2102 4457 2176 4520 is,
2210 4455 2300 4524 qui
2342 4469 2407 4509 ex
2441 4455 2635 4525 gratia,
2668 4470 2787 4524 qua:
2821 4470 2887 4510 ex
2936 4454 3269 4524 plenitudine
3302 4454 3503 4509 ChriSti

1946 4558 2058 4611 est,
2105 4547 2321 4601 excidit.
2382 4544 2736 4615 Persequatur
2787 4548 2949 4616 igitur
2981 4548 3224 4600 inimicus
3277 4549 3506 4599 animam

1948 4656 2137 4701 meam,
2175 4648 2222 4692 et
2256 4638 2652 4705 comprehendat
2696 4648 2743 4692 et
2784 4640 3048 4693 conculcet
3081 4641 3134 4692 in
3178 4649 3317 4693 terra
3348 4639 3508 4692 vitam

1950 4749 2138 4788 meam.
2170 4731 2303 4786 Justi
2336 4732 2554 4800 quidem
2582 4733 2759 4785 anima
2794 4734 2860 4786 ab
2897 4731 3177 4786 aﬂ'ec1ibns
3207 4742 3257 4784 et
3288 4745 3509 4786 consor-

1947 4828 2023 4879 tio
2062 4826 2307 4891 corporis
2342 4835 2549 4877 secreta
2573 4864 2587 4888 ,
2616 4825 2776 4877 vitam
2819 4824 3119 4877 habetcum
3149 4824 3364 4877 Christo
3389 4823 3507 4878 abs-

1945 4918 2216 4971 conditam
2266 4916 2318 4968 in
2356 4917 2500 4982 Deo,
2539 4925 2597 4969 ut
2634 4931 2753 4969 cum
2800 4915 3052 4984 Apostolo
3085 4916 3262 4969 dicere
3301 4924 3504 4984 queat:

1963 5007 2083 5061 Viro
2110 5017 2282 5061 autem
2318 5007 2431 5076 jam
2456 5023 2556 5061 non
2579 5023 2693 5076 ego,
2716 5008 2836 5060 vivit
2865 5022 2983 5060 vero
3000 5007 3056 5060 in
3080 5023 3159 5060 me
3181 5005 3420 5061 Christus
3438 5007 3504 5072 ⁸⁶;

1956 5139 2052 5187 sit,
2087 5122 2171 5175 Μ.
2247 5121 2293 5153 ³⁸
2329 5122 2445 5177 Gal.
2480 5137 2537 5187 ιι,
2569 5120 2659 5174 ΞΟ.

2012 5213 2125 5283 (56)
2161 5212 2249 5267 Sic
2288 5213 2583 5268 Colbertini
2611 5223 2836 5281 quartus
2854 5221 2908 5267 et
2929 5214 3187 5286 septimus
3219 5230 3346 5286 cum!
3374 5215 3503 5286 Reg.

1939 5296 2110 5338 sexto.
2160 5286 2262 5338 Alii
2317 5294 2550 5352 quatuor
2605 5299 2731 5337 mss.
2784 5299 2903 5336 eum
2960 5285 3117 5338 editis
3152 5284 3503 5349 πεπονθότος.

1939 5354 2102 5407 Paulo
2134 5365 2254 5423 post
2286 5354 2439 5408 Coll).
2473 5365 2696 5421 quartus
2724 5352 2984 5423 ἐπιζητεῖ.
3023 5356 3218 5407 Ibidem
3244 5355 3294 5405 in
3318 5356 3505 5408 eodem

1940 5441 2039 5478 ms.
2072 5426 2269 5495 legitur
2300 5423 2652 5493 παριστάναι.
2688 5424 2807 5478 Mox
2844 5428 2947 5478 duo
2983 5423 3347 5495 tuss.':ézvq).
3395 5425 3507 5481 Hoc

1939 5496 2055 5564 ipso
2089 5496 2140 5547 in
2171 5495 2283 5549 loco
2319 5494 2473 5548 Coll).
2505 5495 2765 5559 septimus
2796 5496 2923 5563 περὶ
2954 5494 3061 5545 τῶν
3083 5494 3219 5563 βίου.

2005 5565 2115 5632 (57)
2149 5566 2243 5619 Hic
2276 5565 2483 5617 variant
2516 5574 2728 5617 veteres
2761 5565 2878 5617 libri
2905 5574 3041 5616 inter
3074 5581 3151 5618 se.
3180 5567 3233 5617 ln
3258 5564 3501 5633 liisrlegi-

1941 5643 2027 5704 tur
2056 5636 2343 5703 συναφείας
2374 5653 2387 5688 :
2445 5636 2497 5687 itt
2533 5634 2655 5695 illis,
2690 5636 2763 5687 uti
2803 5636 2851 5685 in
2908 5633 3086 5694 editis,
3136 5632 3499 5704 συμπαθείας.

1940 5703 2140 5758 Ibidem
2184 5709 2351 5759 editio
2383 5705 2556 5758 Puris.
2615 5704 2726 5773 ἔχει
2758 5705 2856 5775 τήν
2898 5722 2911 5756 :
2956 5704 3047 5756 s‘rd
3106 5703 3216 5757 illa
3256 5709 3508 5773 repetitio

1942 5775 2158 5827 articuli
2195 5791 2295 5846 non
2348 5778 2619 5843 reperitur
2672 5780 2723 5829 in
2770 5792 2900 5830 inss.
2952 5776 3006 5829 In
3054 5776 3321 5846 aliquibus
3368 5792 3500 5834 mss.

1946 5846 2141 5912 legitur
2176 5845 2269 5897 σὺν
2308 5846 2526 5916 Χριστῴ
