4008 6402
468 372 570 428 255

1778 377 1835 432 S.
1880 377 2126 432 BASlLll
2163 377 2375 433 MAGNI

3595 374 3716 429 236

467 495 552 551 et,
592 487 745 549 Quod
776 495 952 541 autem
987 505 1122 542 nunc
1155 489 1262 542 uiuo
1295 489 1351 543 in
1380 507 1566 557 carne,
1596 493 1647 547 in
1687 493 1790 562 ﬁde
1825 494 1934 548 vivo
1963 493 2014 540 ⁸⁷η

2132 492 2239 562 στῷ
2269 493 2326 544 ἐν
2352 491 2428 562 τῷ
2447 492 2587 562 Θεῳο
2617 491 2758 545 ὥστε
2772 490 3028 545 δύνασθαι
3059 489 3234 557 λέγειν
3266 488 3405 544 κατὰ
3441 489 3720 543 clivus-:6-

467 577 776 633 l’eccatoris
813 588 1012 644 autem,
1051 588 1106 634 et
1148 580 1300 650 ejus.
1341 583 1432 652 qui
1479 585 1773 639 secundum
1810 599 2024 640 carnem

464 668 620 735 vivit,
654 669 1039 739 corporeisque
1072 670 1429 741 voluptatibus
1461 675 1789 744 inquinatur,
1825 677 2025 741 anima,

463 759 521 816 in
554 762 736 816 carnis
762 763 1150 830 cupiditatibus
1183 774 1436 835 tanquam
1471 768 1522 820 in
1567 768 1678 822 luto
1717 767 2022 823 volutatur:

463 866 622 919 quam
670 853 1035 907 canculcatam
1073 856 1242 927 magis
1271 871 1333 910 ac
1376 859 1545 926 magis
1586 858 1833 913 inimicus
1879 875 2027 913 com-

463 942 756 1006 maculare,
792 951 846 997 et
877 945 1038 998 veluti
1073 945 1234 1000 humo
1270 946 1474 1016 ingesta
1505 949 1735 1003 obruere
1772 959 2018 1014 conatur,

462 1034 676 1108 irruens
713 1034 766 1087 in
792 1033 1078 1104 iacentem,
1111 1046 1162 1090 et
1193 1038 1306 1091 suis
1344 1039 1571 1105 pedibus
1618 1039 1766 1092 illum
1798 1040 1851 1094 in
1880 1049 2022 1095 terra

462 1135 767 1196 proterens,
791 1127 892 1181 hoc
916 1138 1016 1190 est.
1056 1129 1107 1182 in
1140 1129 1255 1197 ipso
1280 1143 1505 1198 corpore
1535 1130 1858 1186 conculcans
1881 1131 2020 1200 ejus,

461 1217 553 1286 qui
580 1218 758 1286 lapsus
786 1227 888 1283 est,
921 1218 1104 1274 vitam.
1135 1219 1198 1272 Et
1226 1219 1448 1290 gloriam
1489 1237 1653 1272 meum
1681 1221 1737 1274 in
1762 1221 2022 1289 pulverem

463 1310 706 1363 deducat.
742 1308 1060 1363 Sanctorum
1089 1311 1233 1364 enim
1281 1313 1371 1380 qui
1413 1311 1465 1364 in
1507 1311 1659 1365 caelis
1694 1325 2020 1366 conversan-

463 1406 570 1463 tur,
611 1410 666 1454 et
711 1400 813 1454 sibi
859 1401 910 1454 in
962 1401 1227 1455 thesauris
1269 1401 1611 1470 sempiternis
1653 1401 1790 1455 bona
1827 1417 2022 1472 conge-

461 1499 607 1558 runt,
634 1490 802 1560 gloria
826 1494 878 1545 in
906 1493 1042 1546 coelo
1065 1505 1183 1558 est;
1217 1503 1553 1548 terrenorum
1584 1510 1711 1548 vero
1740 1502 1793 1549 et
1827 1509 2020 1550 secun-

459 1580 586 1634 dum
614 1598 825 1636 carnem
873 1563 1163 1638 viventium
1207 1586 1376 1653 gloria
1405 1587 1455 1640 in
1494 1585 1712 1656 pulvere
1751 1587 2020 1642 demorari

460 1675 675 1728 dicitur.
719 1674 817 1741 Qui
866 1678 1008 1730 enim
1054 1677 1104 1730 in
1143 1679 1335 1747 opibus
1383 1680 1611 1732 terrenis
1641 1678 1924 1749 gloriatur,
1969 1689 2024 1734 et

460 1766 737 1824 hominum
765 1767 1021 1821 honorem
1058 1769 1206 1822 brevi
1250 1778 1492 1838 tempore
1537 1770 1853 1824 duraturum
1897 1787 2022 1838 pro-

2132 583 2331 648 στολον,
2366 585 2444 637 ὅτι
2472 584 2562 637 Ζῶ
2599 583 2666 636 δὲ
2703 583 2904 638 οὐκέτι
2933 584 3065 653 ἐγὼ,
3092 580 3156 650 ζῇ
3194 582 3261 635 δὲ
3292 584 3360 635 ἐν
3385 583 3510 652 ἐμοὶ
3561 585 3718 650 Χρε-

2129 676 2292 740 οντός⁹
2330 675 2443 738 καὶ,
2506 676 2573 728 Ὃ
2604 674 2671 728 δὲ
2696 675 2812 730 νῦν
2841 673 2913 734 ζῶ
2934 675 3002 727 ἐν
3031 673 3233 741 σαρκὶ,
3273 673 3341 726 ἐν
3369 674 3566 727 πίστει
3603 671 3712 734 GI).

2129 763 2233 816 Τοῦ
2254 764 2309 816 δὲ
2340 764 2666 836 ἁμαρτωλοῦ
2698 765 2791 817 καὶ
2825 763 2966 817 κατὰ
3010 763 3185 834 σάρκα
3217 761 3412 826 ζῶντος
3438 764 3529 816 καὶ
3559 780 3718 834 συμ-

2125 855 2474 926 πεφυρμένου
2500 858 2619 918 ταῖς
2640 855 2729 908 τοῦ
2753 854 2999 924 σώματος
3038 854 3248 925 ἡδοναῖς
3269 854 3301 924 ἡ
3333 853 3474 925 ψυχὴ
3497 848 3608 907 οἷον
3645 854 3717 906 ὲν
3745 889 3751 899 ι

2130 945 2375 1017 βορϐόρῳ
2429 949 2542 1010 τοῖς
2579 946 2773 1000 πάθεσι
2815 946 2916 1015 τῆς
2960 945 3162 1017 σαρκὸς
3194 944 3590 1013 ἐγκεκύλισται·
3633 945 3718 1016 ἢν

2126 1038 2219 1090 καὶ
2278 1037 2609 1092 καταπατῶν
2642 1038 2669 1088 ὁ
2707 1036 2897 1107 ἐχθρὸς
2930 1037 3021 1089 ἐπὶ
3057 1036 3216 1089 πλέον
3245 1035 3560 1106 ὲκμολύνειν
3599 1038 3718 1090 καὶ

2124 1129 2288 1182 οἱονεὶ
2317 1129 2713 1199 καταχωννύειν
2743 1128 3358 1198 φιλονεικεῖ,ὲπι6αξνων
3379 1129 3454 1199 τῷ
3485 1146 3721 1183 πεπτω-

2123 1221 2258 1286 κότι,
2280 1223 2373 1275 καὶ
2399 1225 2508 1285 τοῖς
2538 1219 2728 1275 ἑαυτοῦ
2757 1221 2880 1273 ποσὶ
2917 1219 3239 1273 καταπατῶν
3263 1222 3342 1282 εἰς
3382 1220 3504 1289 γῆν,
3539 1237 3720 1273 τουτ-

2123 1313 2288 1375 έστιν,
2322 1316 2399 1378 εἰς
2426 1312 2486 1366 τὸ
2517 1312 2674 1383 σῶμα
2728 1311 2823 1383 τὴν
2856 1310 3000 1382 ζωὴν
3035 1311 3126 1366 τοῦ
3160 1311 3556 1381 ὀλισθήσαντος.
3581 1314 3713 1367 Kal

2122 1405 2236 1472 τὴν
2261 1406 2449 1469 δόξαν
2476 1423 2594 1473 μου
2624 1407 2710 1470 εὶς
2738 1404 2888 1472 χοῦν
2928 1403 3406 1470 κατασκηνὼσαι.
3441 1404 3560 1458 Τῶν
3593 1405 3716 1475 μὲν

2121 1495 2288 1564 ἁγίων
2315 1497 2374 1547 τὸ
2411 1495 2707 1565 πολίτευμα
2735 1494 2963 1564 ἐχόντων
2987 1495 3044 1545 ἐν
3077 1495 3341 1564 οὐρανοῖς,
3378 1495 3472 1547 καὶ
3500 1496 3718 1566 θησαυ-

2123 1585 2380 1657 ριζόντων
2415 1589 2628 1649 ἑαυτοῖς
2657 1587 2715 1639 ἐν
2736 1588 2847 1649 τοῖς
2879 1587 3115 1649 αἰωνίοις
3145 1586 3437 1658 θησαυροῖς
3464 1588 3528 1642 τά
3562 1590 3716 1658 ἀτα’

2122 1679 2209 1742 θὲ,
2238 1682 2270 1749 ἡ
2296 1678 2422 1742 δόξα
2441 1681 2586 1732 ἐστὶν
2618 1680 2674 1733 ὲν
2700 1682 2812 1742 τοῖς
2830 1679 2888 1732 οὐ
2899 1682 3095 1750 ρανοῖς
3151 1679 3258 1733 τῶν
3295 1679 3349 1732 δὲ
3378 1679 3570 1750 χοῖκῶν
3597 1681 3713 1735 καὶ

2121 1771 2261 1824 κατὰ
2291 1771 2466 1842 σάρκα
2504 1771 2738 1835 ζώντων,
2773 1772 2804 1841 ἡ
2844 1771 2968 1836 δόξα
3003 1771 3181 1824 αὐτῶν
3211 1772 3580 1842 κατασκηνοῦν
3611 1775 3713 1835 εἰς

377 1881 385 1900 ι
460 1857 724 1926 sequitur,
754 1872 818 1912 ac
857 1874 1035 1913 rerum
1069 1861 1426 1930 corporalium
1476 1862 1629 1930 copia
1676 1860 1931 1924 conlidit,
1973 1861 2014 1916 is

2123 1862 2211 1914 τὸν
2245 1861 2370 1931 χοῦν
2392 1861 2627 1929 λέγεται.
2675 1861 2733 1913 'U
2763 1861 2872 1932 γὰρ
2898 1863 2988 1914 ἐπὶ
3012 1862 3090 1932 τῷ
3116 1861 3282 1932 χοῖκῴ
3305 1861 3514 1932 πλούτῳ
3537 1863 3711 1928 δοξα-

458 1948 560 2003 sibi
594 1950 818 2018 gloriam
861 1950 1149 2020 conciliat,
1194 1967 1299 2006 non
1349 1953 1402 2008 in
1451 1952 1645 2008 ctelum
1683 1954 2017 2019 tendentem,

455 2041 548 2096 sed
579 2041 630 2095 in
660 2041 878 2110 pulvere
907 2055 1330 2117 permanentem,

527 2321 690 2379 Vens.
731 2324 783 2377 7.
827 2323 1086 2396 Exsurge,
1124 2325 1363 2389 Domine,
1396 2327 1452 2379 in
1496 2327 1576 2380 ira
1606 2337 1695 2380 tua
1731 2342 1750 2382 :
1783 2330 2018 2383 exaltare

454 2417 508 2470 in
536 2415 727 2485 ﬁnibus
759 2415 1086 2472 inimicorum
1111 2435 1365 2475 meorum.
1413 2419 1723 2489 Mysterium
1769 2435 2018 2477 resurre-

453 2508 649 2562 ctionis
684 2507 793 2576 jam
823 2509 1079 2579 compleri
1111 2518 1330 2580 cx0ptat
1371 2509 1657 2580 Pr0pheta,
1700 2513 1764 2566 ad
1811 2513 2017 2580 peccati

451 2615 639 2654 eorum
667 2600 1047 2666 abolitionem;
1076 2616 1166 2655 aut
1193 2617 1308 2656 eam
1336 2603 1386 2656 in
1422 2619 1582 2658 cruce
1609 2604 2014 2672 exultationem,

450 2706 570 2761 quae
601 2689 776 2746 l‘utnra
813 2703 964 2758 erat,
1003 2705 1282 2764 postquam
1331 2695 1396 2747 ad
1440 2695 1683 2749 ultinmm
1729 2699 2014 2752 terminum

450 2793 600 2838 esset
645 2784 983 2838 inimicorum
1014 2785 1227 2849 malitia
1267 2798 1472 2841 evecta.
1508 2787 1614 2840 Aut
1638 2775 1800 2843 etiam
1838 2792 2017 2846 verbis

452 2873 580 2938 illis,
615 2872 868 2928 Exaltare
894 2876 951 2928 in
988 2875 1182 2942 ﬁnibus
1224 2879 1558 2931 inimicorum
1591 2895 1852 2946 meorum,
1894 2882 2016 2936 talis

448 2965 694 3032 qtraedam
720 2965 960 3036 subjecta
991 2979 1074 3022 est
1098 2969 1282 3023 notio:
1318 2971 1592 3034 nimirum,
1617 2973 2014 3048 quantumlibet

449 3056 754 3110 ascenderit
791 3058 1012 3124 malitia,
1047 3059 1261 3112 etiamsi
1295 3061 1359 3113 ad
1396 3061 1717 3115 immensum
1750 3079 2013 3133 pervene-

453 3146 544 3212 rit,
576 3162 742 3217 seque
786 3149 838 3208 in
870 3150 1138 3206 inﬁnitum
1166 3151 1438 3217 eﬂuderit,
1464 3169 1526 3208 ca
1563 3171 1670 3222 qua
1702 3157 1868 3225 polles
1899 3157 2008 3211 vir-

447 3239 581 3300 tutis
623 3242 948 3298 abundantia
971 3283 986 3307 ,
1019 3254 1168 3313 potes
1201 3256 1254 3299 tu
1277 3285 1292 3310 ,
1336 3248 1787 3314 quemadmodum
1841 3250 2012 3306 bonus

447 3329 690 3386 medicus
733 3333 1071 3398 depascentis
1096 3334 1265 3388 morbi
1303 3336 1560 3390 terminos
1591 3353 1970 3407 prmoccnpans
1995 3382 2009 3404 ,

445 3419 639 3476 sistere
684 3424 930 3476 morbum
977 3435 1311 3490 grassantem
1357 3441 1419 3479 ac
1455 3440 1781 3495 serpentem,
1805 3441 1857 3485 et
1892 3432 2010 3500 ejus

443 3511 853 3567 continuitatem
883 3513 1051 3584 plagis
1079 3515 1182 3569 tuis
1211 3514 1588 3586 obiurgatoriis
1615 3521 1954 3577 exscindere.

516 3603 572 3658 4.
613 3603 681 3658 Et
719 3621 975 3674 exsurge,
1009 3605 1227 3660 Domine
1270 3607 1408 3662 Deus
1455 3625 1621 3675 meus,
1655 3612 1709 3665 in
1752 3627 2009 3683 prwceplo
2041 3643 2048 3658 π

441 3699 581 3765 quod
613 3699 893 3751 mandasti.
940 3698 1116 3753 Potest
1165 3701 1248 3754 hic
1281 3715 1460 3754 sermo
1529 3715 1584 3757 et
1655 3705 1720 3758 ad
1768 3722 2009 3762 resurre-

443 3788 641 3843 ctionis
664 3789 978 3858 mysterium
1006 3789 1222 3844 referri:
1249 3792 1382 3846 adeo
1405 3801 1461 3845 ut
1485 3792 1748 3861 Propheta
1769 3795 2006 3864 judicem

441 3882 778 3946 exhortetur,
804 3891 861 3940 ut
893 3893 1148 3952 exsurgat
1179 3885 1246 3936 ad
1289 3885 1656 3955 cujuscunque
1691 3893 1892 3957 peceati
1929 3893 2007 3946 ul-

446 3978 645 4028 tionem
670 4016 684 4039 ,
713 3983 766 4026 et
800 3974 864 4027 ad
895 3976 1140 4028 mandata
1175 3992 1292 4044 qua:
1332 3977 1484 4030 nobis
1522 3989 1647 4032 ante
1682 3982 2008 4052 prmseripsit

441 4065 790 4134 perﬁcienda.
827 4065 978 4138 101
1008 4065 1190 4121 Potest
1225 4083 1438 4138 quoque
1473 4080 1525 4125 et
1559 4072 1623 4125 de
1653 4082 1796 4127 statu
1826 4089 2004 4131 rerum

441 4153 745 4223 Prophetas,
773 4167 830 4208 ut
863 4165 986 4210 tunc
1011 4165 1150 4223 erat,
1173 4158 1366 4228 accipi,
1391 4173 1453 4212 ac
1484 4160 1528 4214 si
1561 4161 1724 4215 Deum
1749 4175 1918 4235 roget,
1951 4176 2007 4220 ut

440 4249 507 4303 ad
538 4249 824 4305 vindictam
890 4251 1137 4319 prmcepti
1185 4253 1323 4320 quod
1376 4254 1667 4318 mandavit,
1730 4269 2001 4328 exsurgat.

439 4339 772 4410 'Praaceptum
791 4352 967 4394 autem
1000 4353 1113 4395 erat
1134 4358 1164 4402 ιι
1195 4344 1300 4397 Deo
1319 4342 1496 4399 datum
1525 4363 1537 4396 :
1568 4343 1783 4400 Honora
1805 4360 2004 4417 patrem

441 4441 588 4486 tuum
617 4445 665 4486 et
695 4445 914 4488 matrem
932 4435 999 4500 ης
1028 4435 1167 4502 quod
1194 4435 1365 4504 ipSuttt
1384 4435 1500 4502 ejus
1534 4436 1672 4490 lilius
1697 4439 1805 4508 jam
1831 4439 2006 4497 fuerat

2123 1954 2364 2023 ξάμενος,
2401 1955 2534 2007 καὶὸ
2562 1954 2658 2025 τὴν
2681 1954 3036 2025 ὀλιγοχρόνιον
3053 1955 3217 2025 τιμὴν
3253 1954 3361 2007 τῶν
3390 1953 3710 2025 ἀνθρώπων

2122 2046 2416 2120 περιέπων,
2453 2046 2546 2100 καὶ
2573 2048 2602 2099 ὁ
2627 2047 2717 2099 ἐπὶ
2737 2049 2847 2109 τοῖς
2893 2049 3222 2116 σωματικοῖς
3260 2046 3707 2117 πλεονεκτήμασι

2125 2137 2416 2205 πεποιθὼς,
2467 2139 2624 2204 δόξαν
2677 2139 2856 2209 ἑαυτῷ
2889 2138 3021 2209 ἔχει,
3061 2137 3159 2190 οὐκ
3190 2134 3568 2191 ’ἀνανεύουσαν
3607 2139 3705 2202 εἰς

2119 2231 2364 2300 οὐρανὸν,
2390 2230 2502 2285 ἀλλ’
2529 2233 2608 2290 εἰς
2633 2232 2723 2285 τὸν
2756 2230 2882 2300 χοῦν
2917 2230 3370 2300 ὲναπομένουσαν.

2201 2323 2526 2392 Ἀνάστηθι,
2550 2325 2744 2391 Κύριε,
2785 2323 2854 2375 ἐν
2893 2319 3038 2390 ὀργῇ
3083 2338 3216 2375 σου·
3270 2321 3532 2390 aetatum
3570 2321 3699 2391 (58)

2118 2416 2187 2467 ἐν
2215 2413 2334 2480 τοῖς
2361 2415 2575 2482 πέρασι
2596 2413 2715 2467 τῶν
2740 2411 2969 2482 ἐχθρῶν
2991 2429 3129 2482 μου.
3163 2412 3236 2465 Τὸ
3278 2414 3566 2484 μυστήριον
3590 2413 3702 2482 τῆς

2119 2505 2465 2568 ἀναστάσεως
2488 2505 2588 2576 ἤδη
2629 2502 2964 2575 ἐνεργεῖσθαι
2996 2501 3210 2574 εὔχεται
3235 2505 3262 2556 ὁ
3294 2503 3582 2573 Προφήτης
3608 2504 3702 2566 εἰς

2119 2597 2371 2668 ἀθέτησιν
2398 2596 2498 2666 τῆς
2527 2595 2799 2666 ἁμαρτίας
2825 2593 3022 2648 αὐτῶνσ
3052 2593 3199 2664 ἢτὴν
3224 2594 3315 2646 ἐπὶ
3335 2592 3425 2646 τοῦ
3452 2593 3692 2664 σταυροῦ

2119 2690 2345 2759 ὕψωσιν,
2374 2689 2494 2759 ἥτις
2520 2687 2846 2759 γενήσεσθαι
2867 2687 3057 2758 ἔμελλε
3091 2686 3227 2757 μετὰ
3241 2686 3300 2738 τὸ
3326 2686 3404 2748 εἰς
3417 2685 3507 2737 τὸν
3525 2684 3692 2755 ἔσχαι

2117 2800 2206 2836 τον
2236 2783 2359 2854 ὅρον
2385 2781 2480 2852 τὴν
2511 2781 2708 2834 κακίαν
2748 2780 2854 2833 τῶν
2896 2779 3104 2850 ἐχθρῶν
3149 2777 3447 2848 ὑψωθῆναι.
3484 2778 3552 2830 Ἢ
3587 2778 3690 2832 καὶ

2115 2875 2194 2940 τὸ,
2256 2873 2534 2942 ’ἠξιώθητι
2584 2874 2654 2926 ἐν
2702 2873 2827 2939 τοῖς
2872 2872 3086 2940 πέρασι
3133 2870 3248 2924 τῶν
3295 2867 3520 2940 ἐχθρῶν
3539 2888 3682 2939 μου,

2117 2965 2351 3020 τοιοῦτόν
2377 2983 2502 3018 τινα
2527 2965 2814 3018 ὑποϐάλλει
2841 2964 2982 3018 νοῦν’
3001 2965 3082 3016 ὅτι
3110 2963 3231 3016 ὅσον
3256 2964 3318 3016 ἂν
3337 2962 3623 3033 κορυφωθῇ
3642 2965 3675 3031 ὴ

2118 3059 2302 3122 κακία,
2329 3059 2423 3112 καὶ
2439 3058 2674 3130 προέλθῃ
2696 3057 2786 3110 ἐπὶ
2819 3057 2879 3110 τὸ
2903 3057 3136 3128 ἄμετρον
3170 3055 3263 3108 καὶ
3291 3053 3673 3124 ἀπεριόριστον

2117 3150 2359 3222 χυθεῖσα,
2393 3152 2458 3220 τῇ
2511 3149 2796 3220 περιουσίᾳ
2843 3148 2942 3218 τῆς
2976 3147 3253 3218 δυνάμεως
3297 3145 3518 3201 δύνασαι
3547 3143 3682 3214 (59),

2113 3241 2301 3313 ὥσπερ
2332 3241 2534 3310 ἀγαθὸς
2590 3241 2772 3312 ἰατρὸς
2803 3237 3226 3310 προκαταλαϐὼν
3258 3237 3358 3307 τῆς
3403 3237 3569 3308 νομῆς
3611 3235 3682 3288 τὰ

2113 3332 2346 3403 πέρατα,
2385 3332 2580 3402 στῆσαι
2601 3332 2697 3402 τὴν
2729 3330 2881 3384 νόσον
2923 3329 3225 3400 νεμομένην
3262 3327 3352 3384 καὶ
3383 3326 3678 3398 ἓρπουσαν,

2113 3427 2206 3480 καὶ
2244 3425 2496 3494 διακόψαι
2530 3425 2698 3495 αὐτῆς
2736 3424 2835 3495 τὴν
2861 3424 3139 3493 συνέχειαν
3175 3424 3293 3484 ταῖς
3317 3418 3680 3482 παιδευτικαίς

2112 3535 2204 3571 σου
2235 3519 2488 3590 πληγαῖς.

2180 3610 2234 3663 4.
2271 3611 2376 3671 Kal
2408 3607 2769 3679 ἑξεγέρθητι,
2799 3609 2975 3674 Κύριε
3011 3611 3042 3660 o’
3067 3607 3209 3672 Θεός
3236 3623 3377 3674 μου,
3402 3606 3678 3672 ἐνπροσ-

2109 3703 2352 3772 τάγματι
2376 3695 2423 3767 ᾧ
2442 3701 2736 3755 eversum.
2773 3701 3003 3753 Δύναται
3035 3699 3131 3770 μὲν
3158 3699 3251 3751 καὶ
3275 3697 3365 3749 ἐπὶ
3393 3696 3452 3748 τὸ
3477 3697 3682 3766 μυστή-

2111 3814 2223 3866 ριον
2249 3795 2350 3866 τῆς
2383 3794 2730 3856 ἀναστάσεως
2759 3794 2786 3846 ὁ
2818 3792 2973 3861 λόγος
3014 3788 3403 3861 ἀναφέρεσθαι,
3431 3805 3678 3860 παρακα-

2107 3889 2321 3951 λοῦντος
2350 3887 2440 3940 τοῦ
2475 3887 2758 3957 Προφήτου
2782 3884 3128 3954 ἐξεγερθῆναι
3151 3882 3241 3934 τὸν
3274 3881 3463 3952 κριτὴν
3485 3881 3563 3942 εἰς
3584 3881 3676 3932 ὲκ-

2108 3982 2320 4051 δὶκησιν
2362 3981 2562 4044 παντὸς
2604 3979 3015 4050 ἁμαρτήματος,
3053 3976 3146 4029 καὶ
3199 3975 3295 4038 τὰς
3326 3973 3676 4046 προδιατετα-

2109 4073 2314 4144 γμένας
2338 4075 2469 4144 ἡμῖν
2514 4071 2733 4134 ἐντολὰς
2763 4069 3096 4139 τελεσθῆναι·
3127 4068 3348 4121 δύναται
3376 4067 3433 4120 δὲ
3464 4068 3557 4119 καὶ
3584 4066 3675 4117 ἐπὶ

2107 4167 2204 4236 τὴν
2233 4166 2352 4218 τότε
2381 4164 2710 4218 κατάστασιν
2754 4162 2863 4215 τῶν
2908 4161 3246 4234 πραγμάτων
3268 4159 3362 4212 τοῦ
3389 4159 3672 4229 Προφήτου

2109 4258 2496 4329 λαμϐάνεσθαι,
2549 4254 2989 4328 παρακαλοῦντος
3019 4253 3366 4324 ἐξεγερθῆναι
3402 4251 3493 4304 τὸν
3544 4249 3674 4303 Θεὸν

2108 4355 2188 4416 εἰς
2217 4351 2492 4422 ἐκδίκησιν
2512 4348 2606 4402 τοῦ
2635 4347 3052 4420 προστάγματος
3079 4342 3138 4400 οὗ
3163 4344 3480 4398 ἐνετείλατο.
3499 4342 3671 4414 Πρόσ-

2108 4461 2292 4514 ταγμα
2339 4443 2396 4498 δὲ
2427 4438 2514 4512 ἦν,
2553 4443 2695 4510 Τίμα
2723 4441 2830 4494 τὸν
2862 4438 3084 4507 πατέρα
3118 4453 3232 4491 σου
3255 4436 3353 4489 καὶ
3374 4435 3487 4503 τὴν
3506 4431 3674 4503 μητέ-

440 4532 829 4594 transgressus.
871 4527 992 4582 Ideo
1028 4526 1192 4590 Deum
1237 4529 1575 4591 adhortatur,
1627 4541 1685 4585 ut
1727 4549 1829 4587 non
1868 4550 2002 4588 cun-

2116 4554 2183 4602 ru
2211 4535 2345 4605 (60),
2377 4533 2526 4604 παρὰ
2565 4532 2698 4585 Θεοῦ
2748 4532 3048 4602 δεδομένον,
3092 4531 3227 4600 ὅπερ
3274 4526 3487 4599 παρέϐη
3515 4525 3672 4619 duiut;

437 4626 650 4670 ctanter
693 4629 748 4671 et
803 4619 948 4673 illum
1027 4621 1197 4688 ipsum
1257 4623 1511 4690 corrigat,
1561 4633 1614 4676 et
1660 4627 1856 4680 multos
1912 4643 1998 4682 reo

437 4709 615 4763 frenet
647 4728 664 4766 ;
694 4712 786 4765 sed
832 4724 1088 4783 exsurgat
1144 4715 1194 4767 in
1244 4715 1345 4782 ira,
1399 4725 1452 4769 et
1509 4733 1825 4787 exsurgens,
1883 4736 2010 4790 pro-

436 4801 612 4868 prium
662 4804 896 4860 vindicet
931 4813 1262 4864 inlaudatum.
1298 4808 1412 4863 Non
1461 4811 1628 4874 enim,
1684 4813 1878 4881 inquit,
1920 4830 2007 4869 me

435 4894 745 4959 ulcisceris,
779 4897 872 4950 sed
918 4911 1238 4968 prmeeptum
1279 4910 1424 4955 tuum
1471 4907 1775 4973 neglectum
1807 4943 1825 4969 ,
1863 4906 2006 4974 quod

435 4986 549 5051 ipse
612 4986 898 5041 mandasti.
943 4988 1104 5049 Vens.
1152 4991 1207 5045 8.
1263 4981 1332 5045 Et
1385 5011 1648 5064 synagoga
1701 4996 2006 5064 populorum

435 5077 783 5131 circumdabit
813 5089 879 5133 te.
917 5079 1139 5136 Constat
1164 5083 1307 5138 enim
1339 5085 1469 5150 fore,
1500 5098 1578 5149 ut,
1605 5090 1869 5158 castigato
1906 5087 2005 5142 im—

435 5172 603 5241 probo
621 5188 746 5240 uno,
781 5173 934 5228 multi
956 5186 1362 5232 convertantur.
1395 5179 1575 5248 Itaque
1603 5182 1720 5250 ejus
1745 5180 2002 5238 malitiam

509 5294 552 5328 ³⁷
593 5292 712 5347 Gal.
749 5308 806 5356 ιι,
838 5293 926 5346 ΞΟ.
1003 5293 1048 5325 ⁸⁸
1084 5293 1250 5349 Exod.
1281 5313 1369 5355 xx,
1417 5299 1502 5352 1'2.

507 5413 620 5482 (58)
675 5412 768 5467 Sic
821 5411 1125 5467 Colbertini
1186 5423 1413 5480 quartus
1465 5423 1520 5468 et
1567 5415 1848 5482 septimus.
1896 5413 2012 5480 Illa,

447 5482 915 5566 '1.k"(ti)91_j‘tt,lel(‘.‘.
979 5483 1359 5566 desiderantur
1402 5487 1452 5566 i_n
1495 5485 1675 5566 e'ditis.
1710 5484 2013 5565 Theodotio

432 5558 492 5609 ὲν
517 5551 676 5625 θυμῷ
705 5555 798 5607 ἐπὶ
821 5555 952 5625 τοὺς
992 5551 1220 5624 ἐχθρούς
1256 5571 1378 5623 μου,
1405 5554 1470 5625 In
1511 5555 1689 5621 furore
1715 5571 1870 5622 super
1921 5556 2016 5608 ini-

433 5629 593 5681 micm
624 5624 784 5679 meos.
817 5624 951 5691 Reg.
985 5638 1191 5694 sextus,
1217 5625 1324 5676 τῶν
1347 5624 1555 5694 ἐχθρῶν
1586 5642 1701 5679 σου.
1728 5626 2014 5692 Aliquanto

433 5705 555 5763 post
579 5697 750 5766 editio
789 5695 965 5750 l’aris.
992 5705 1048 5749 et
1076 5693 1209 5764 Reg.
1247 5693 1436 5750 sextus
1469 5695 1682 5766 ἐχθρῶν
1715 5712 1808 5747 σου
1837 5696 2012 5749 τοιοῦ-

430 5784 544 5818 τον.
579 5764 861 5830 vulgatam
893 5777 948 5820 et
979 5766 1114 5819 alios
1138 5781 1268 5819 mss.
1295 5767 1462 5820 secuti
1491 5764 1698 5820 sumus.

505 5836 616 5906 (Ξὶυ)
649 5833 743 5890 ilic
777 5837 926 5892 locus
958 5846 1068 5890 ttnn
1109 5838 1159 5890 in
1189 5838 1366 5907 editis,
1399 5849 1508 5893 tum
1538 5839 1588 5893 in
1627 5841 1828 5896 Catena
1878 5839 2012 5896 ϐοτη
2077 5877 2079 5879 -

2110 4626 2292 4680 αὑτοῦ.
2323 4626 2412 4677 Διὸ
2446 4623 2751 4693 παρακαλεῖ
2791 4625 2868 4685 εἰς
2901 4621 3062 4674 αὐτοῦ
3094 4639 3152 4674 τε
3201 4620 3407 4672 ἐκείνου
3449 4618 3675 4687 ἐπανόρ-

2113 4724 2278 4776 θωσιν
2313 4721 2405 4772 καὶ
2432 4718 2804 4790 σωφρονισμὸν
2831 4716 2937 4768 τῶν
2961 4714 3167 4768 πολλῶν
3203 4716 3275 4785 μὴ
3305 4712 3672 4783 μακροθυμεῖν

2103 4813 2194 4864 τὸν
2225 4812 2377 4872 Θεὸν,
2420 4811 2534 4864 ἀλλ’
2581 4810 2868 4881 ἐγερθῆναι
2917 4810 2972 4860 ἐν
2997 4810 3152 4878 ὀργῇ,
3200 4807 3293 4858 καὶ
3321 4804 3675 4859 διαναστάντα

2105 4902 2390 4972 ἐκδικῆσαι
2419 4903 2517 4972 τὴν
2547 4901 2682 4954 ἰδίαν
2710 4900 2948 4972 ἐντολήν.
2986 4900 3059 4953 Οὐ
3087 4898 3191 4967 γὰρ
3227 4898 3347 4968 ἐμὲ,
3376 4897 3559 4967 φησὶν,
3583 4897 3672 4948 ὲκ-

2103 4997 2366 5066 δικήσεις,
2401 4995 2537 5047 ἀλλὰ
2563 4995 2624 5046 τὸ
2656 4994 2981 5065 πρόσταγμα
3018 4991 3079 5043 τὸ
3127 4990 3216 5042 σὺν
3248 4985 3672 5057 καταφρονηθὲν,

2105 5088 2132 5141 ὃ
2167 5089 2326 5152 αὐτὸς
2357 5087 2621 5140 ὲνετείλω.
2672 5085 2778 5139 Καὶ
2825 5081 3144 5153 συναγωγὴ
3176 5079 3341 5134 λαῶν
3375 5076 3677 5132 κυκλώσει

2105 5196 2196 5234 σε.
2237 5180 2404 5250 Δῆλον
2433 5180 2488 5234 δὲ
2525 5181 2627 5243 ὅτι,
2653 5179 2768 5243 ἐνὸς
2794 5177 2974 5240 ἀδίκου
2997 5173 3473 5246 σωφρονισθέντος,
3492 5169 3678 5224 πολλοὶ

2113 5415 2244 5469 derii
2292 5416 2430 5470 male
2474 5415 2895 5484 interpnng-itur.
2949 5411 3080 5466 Nam
3131 5411 3260 5484 illa,
3310 5409 3594 5481 δυνάμεως
3619 5417 3677 5463 et

2112 5485 2360 5550 δύνασαι,
2415 5483 2633 5554 virgula
2673 5499 2701 5538 a
2742 5501 2800 5538 se
2855 5485 3080 5539 invicem
3113 5483 3530 5551 disjnnguntur:
3557 5494 3673 5548 quae

2112 5567 2292 5610 tamen
2330 5558 2446 5609 sine
2497 5555 2602 5608 ulla
2634 5555 2839 5624 virgula
2889 5555 3029 5606 inter
3075 5568 3134 5606 se
3199 5554 3481 5623 conjuncta
3511 5565 3671 5619 oper-

2114 5636 2310 5680 luerat.
2339 5625 2667 5680 Collocanda
2701 5626 2874 5677 luerat
2900 5623 3100 5690 virgula
3147 5632 3267 5690 post
3317 5625 3541 5678 verbum
3574 5637 3667 5691 χυ-

2113 5696 2288 5750 θεῖσα.
2319 5695 2683 5765 lnterpunctio
2713 5697 2876 5762 mala,
2910 5696 3048 5762 quod
3080 5696 3158 5758 lit,
3182 5693 3374 5747 malam
3403 5694 3670 5760 interpre-

2114 5769 2372 5827 tationem
2410 5767 2638 5834 peperit.

2185 5836 2296 5910 (60)
2328 5836 2476 5892 Coll).
2523 5845 2742 5908 quartus
2771 5837 2977 5908 μητέρα
3021 5852 3131 5887 σου.
