4008 6402
342 384 451 439 237

1547 378 1832 435 IIOMILIA
1873 378 2308 452 IN_PSALMUM
2346 378 2456 432 VII.

3481 377 3586 435 238

343 495 747 568 ἐπιστρέφουσι.
778 495 887 565 Τὴν
914 488 1007 549 οὖν
1039 493 1227 548 τούτου
1262 495 1521 566 πονηρίαν
1557 493 1802 557 κόλασον,
1832 494 1902 546 ἵνα

2024 494 2174 562 puni,
2211 502 2269 547 ut
2304 493 2468 547 multa
2511 493 2825 563 populorum
2868 508 3134 564 synagpga
3176 502 3229 550 te
3264 496 3585 555 circumdet.

344 589 512 659 πολλὴ
547 589 837 657 συναγωγὴ
865 588 1007 640 λαῶν
1042 586 1293 658 κυκλώσῃ
1324 604 1404 641 σε.
1451 588 1557 642 Καὶ
1594 588 1744 655 ὑπὲρ
1781 588 1917 640 ταύ-

342 700 450 748 της
472 685 558 747 είς
592 682 747 750 ὕψος
770 682 1159 750 ἐπίστρεψον.
1197 682 1368 752 ’Υπὲρ
1397 683 1494 752 τῆς
1524 681 1829 751 κυκλούσης
1855 698 1913 733 σε

344 773 687 843 συναγωγῆς,
727 774 791 844 ἦν
817 774 1029 844 ἐκτήσω
1050 772 1136 825 διὰ
1165 774 1260 843 τῆς
1288 773 1427 827 κατὰ
1458 774 1616 846 χάριν
1645 792 1917 843 συγκατα-

344 865 555 927 ϐἁσεως
588 865 680 917 καὶ
709 865 1037 936 οἰκονομίας,
1067 865 1390 935 ἐπίστρεψον
1424 867 1502 929 είς
1550 866 1610 918 τὸ
1656 865 1788 935 ὕψος
1817 866 1915 936 τῆς

340 956 519 1026 δόξης,
542 956 607 1027 ἣν
640 952 779 1027 εἶχες
813 956 917 1028 πρὸ
944 956 1037 1009 τοῦ
1063 958 1152 1012 τὸν
1186 960 1383 1030 κόσμον
1415 958 1684 1029 γενέσθαι.
1704 960 1915 1028 Κύριος

340 1047 535 1115 κρινεῖ
549 1048 754 1114 λαούς.
782 1048 1053 1119 Πολλαχοῦ
1086 1051 1182 1120 τῆς
1214 1051 1433 1122 Γραφῆς
1462 1054 1490 1104 ό
1525 1051 1649 1121 περὶ
1674 1052 1771 1121 τῆς
1799 1052 1916 1123 κρί-

345 1157 485 1202 σεως
541 1140 979 1211 ὲγκατέσπαρται
1031 1141 1205 1211 λόγος,
1235 1144 1309 1206 ὡς
1356 1144 1779 1212 ἀναγκαιότατος
1824 1147 1915 1198 καὶ

344 1230 805 1295 συνεκτικώτατος
858 1233 937 1296 εἰς
969 1233 1315 1287 διδασκαλίαν
1361 1236 1640 1299 εὐσεϐείας
1681 1239 1791 1298 τοῖς
1837 1238 1915 1298 εἰς

338 1323 475 1375 Θεὸν
501 1323 587 1377 διὰ
629 1325 801 1395 Ἰησοῦ
834 1326 1069 1397 Χριστοῦ
1116 1329 1556 1382 πεπιστευκόσιν.
1616 1330 1829 1401 Ἐπειδὴ
1859 1330 1913 1381 δὲ

338 1414 694 1486 πολυτρόπως
720 1419 748 1468 ό
782 1420 907 1488 περὶ
932 1419 1031 1488 τῆς
1063 1420 1293 1490 κρίσεως
1323 1421 1690 1492 ἐγγέγραπται
1738 1421 1911 1489 λόγος.

336 1507 480 1571 δόξῖι
533 1510 654 1562 τινὰ
706 1510 795 1561 καὶ
827 1509 1085 1579 σύγχυσιν
1117 1511 1261 1582 ἔχειν
1308 1516 1419 1577 τοῖς
1455 1515 1529 1585 μὴ
1568 1514 1809 1585 ἀκριϐῶς
1846 1517 1913 1569 τά

340 1599 717 1670 σημαινόμενα
753 1601 1169 1657 διαστέλλουσιν.
1238 1605 1299 1656 '0
1338 1607 1635 1659 πιστεύων
1684 1606 1791 1675 γὰρ
1827 1608 1914 1670 εἰς

334 1690 443 1758 ἐμὲ
470 1693 539 1744 οὺ
579 1694 856 1759 κρίνεται·
896 1699 928 1749 ὀ
965 1695 1033 1748 δὲ
1064 1694 1336 1749 ἀπιστῶν
1374 1696 1489 1764 ἤδη
1532 1697 1809 1765 κέκριται.
1849 1700 1910 1751 Et

334 1782 394 1834 δὲ
424 1785 452 1835 ὁ
500 1784 572 1854 μὴ
610 1785 879 1839 πιστεύων
908 1788 1092 1858 ὅμοιός
1143 1788 1253 1858 (fil)
1284 1790 1397 1841 ἐστι
1435 1789 1511 1859 τῷ
1559 1790 1762 1854 ἀσεϐεῖ,
1796 1793 1910 1856 πῶς

334 1873 551 1945 εἴρηται
573 1876 633 1928 τὸ
663 1878 736 1949 μὴ
774 1879 1173 1951 ἀναστήσεσθαι
1226 1882 1442 1944 ἀσεϐεῖς
1480 1884 1535 1935 ἐν
1562 1884 1768 1951 κρίσει;
1800 1886 1908 1937 Καὶ

336 1966 389 2017 εί
433 1967 482 2018 οἱ
510 1968 849 2031 πιστεύοντες
868 1969 971 2022 υἱοὶ
994 1970 1126 2023 Θεοῦ
1150 1970 1238 2023 διὰ
1254 1974 1352 2041 τῆς
1369 1972 1602 2034 πίστεως
1631 1973 1904 2040 γεγόνασι,

335 2057 432 2110 καὶ
446 2057 533 2110 διὰ
557 2058 714 2111 τοῦτο
757 2058 894 2124 ἄξιοί
922 2062 1028 2113 είσι
1067 2059 1161 2114 τοῦ
1192 2062 1283 2114 καὶ
1310 2062 1463 2115 αὐτοὶ
1500 2062 1612 2115 θεοὶ
1643 2080 1744 2133 χρη
1756 2064 1908 2134 ματί-

335 2147 470 2213 ζειν,
508 2149 626 2212 πῶς
649 2150 780 2213 Θεὸς
799 2151 936 2222 ’ἔστη
985 2153 1042 2204 ἐν
1090 2156 1375 2224 συναγωγῇ
1406 2153 1562 2220 θεῶν,
1592 2156 1648 2207 ὲν
1682 2157 1831 2225 μέσῳ
1853 2156 1908 2208 δὲ

334 2241 491 2305 θεοὺς
519 2243 813 2312 διακρινεῖ;
869 2244 1007 2297 Ἀλλ’
1040 2244 1181 2298 ἔοικε
1209 2246 1269 2298 τὸ
1322 2246 1595 2317 κρίνεσθαι
1634 2248 1761 2301 ποτὲ
1811 2248 1907 2319 μὲν

334 2334 429 2386 ἐπὶ
470 2334 563 2387 τοῦ
596 2335 706 2407 (62)
758 2335 1168 2405 δοκιμάζεσθαι
1215 2338 1319 2391 ὑπὸ
1360 2339 1456 2408 τῆς
1490 2340 1711 2410 Γραφῆς
1737 2358 1909 2411 παρα-

333 2425 723 2495 λαμϐάνεσθαι,
774 2429 982 2481 ποτὲδὲ
1015 2430 1107 2482 ἐπὶ
1151 2430 1244 2484 τοῦ
1299 2433 1771 2500 κατακρίνεσθαι·
1816 2435 1907 2486 ἐπὶ

338 2518 441 2585 μὲν
464 2517 558 2569 τοῦ
593 2517 1023 2587 δοκιμάζεσθαι,
1055 2519 1129 2583 ὠς
1158 2520 1239 2583 τὸ,
1260 2519 1477 2587 Κρῖνόν
1489 2538 1585 2590 με,
1609 2524 1800 2589 Κύριε,
1820 2521 1907 2575 ὅτι

332 2608 449 2677 ἐγὼ
478 2609 548 2661 ἐν
569 2610 782 2678 ἀκακία
816 2630 933 2679 μου
982 2612 1329 2679 ἐπορεύθην·
1381 2614 1571 2681 ἐπάγει
1615 2615 1721 2685 γὰρ
1770 2617 1902 2668 ἐκεῖ·

333 2700 776 2769 Δοκίμασόνμε,
810 2704 1005 2771 Κύριε,
1039 2703 1137 2757 καὶ
1173 2706 1463 2772 πείρασόν
1487 2722 1582 2775 με·
1614 2708 1708 2761 ἐπὶ
1737 2708 1792 2761 δὲ
1811 2708 1904 2761 τοῦ

333 2792 773 2862 κατακρίνεσθαι,
802 2794 874 2857 ὡς
908 2794 1017 2864 (65)
1046 2795 1124 2861 τὸ,
1150 2798 1218 2849 Et
1265 2798 1373 2866 γὰρ
1405 2798 1654 2865 ἑαυτοὺς
1679 2800 1907 2867 ἐκρίνο-

327 2900 464 2951 μεν,
494 2886 605 2937 οὐκ
624 2884 701 2937 ἂν
714 2885 1081 2955 ἐκρινόμεθα·
1111 2889 1157 2941 εἰ
1177 2888 1282 2959 γὰρ
1308 2892 1529 2954 ἑαυτοὺς
1550 2891 1901 2964 ὲξητάζομεν,

333 2974 517 3042 φησὶν,
552 2976 651 3028 οὐκ
680 2976 744 3030 ἂν
791 2978 1110 3049 κατακρίσει
1148 2979 1577 3051 ὑπεϐαλλόμεθα.
1634 2983 1801 3037 Πάλιν
1831 2987 1904 3039 εἴ·

335 3082 493 3134 ρηται
521 3066 871 3138 κριθήσεσθαι
887 3069 977 3122 τὸν
996 3070 1197 3140 Κύριον
1220 3072 1354 3141 πρὸς
1385 3075 1563 3127 πᾶσαν
1576 3074 1752 3145 σάρκα
1768 3076 1899 3145 (64)·

328 3156 626 3220 τουτέστιν,
662 3159 717 3211 ἐν
744 3159 820 3229 τῷ
858 3158 1140 3232 ἐξετασμῷ
1163 3162 1269 3216 τῶν
1305 3163 1647 3235 βεϐιωμένων
1692 3167 1905 3238 ἑκάστῳ

330 3248 523 3302 ἑαυτὸν
568 3250 856 3305 ὑποϐάλλει
893 3256 959 3324 τῇ
988 3254 1186 3325 κρίσει,
1224 3257 1315 3309 καὶ
1344 3256 1412 3309 τὰ
1450 3258 1641 3311 ἑαυτοῦ
1670 3262 1899 3331 προστά-

330 3356 517 3410 γματα
568 3342 989 3414 ἁντιπαρεξάγει
1045 3348 1157 3408 τοῖς
1182 3348 1591 3418 πεπραγμένοις
1646 3351 1750 3403 ὑπὸ
1794 3352 1900 3405 τῶν

328 3433 746 3504 ἡμαρτηκότων,
788 3436 1219 3508 ἀπολογούμενος
1263 3439 1400 3509 μετὰ
1434 3440 1774 3506 ἀποδείξεων,
1818 3445 1899 3497 ὅτι

331 3524 507 3577 πάντα
527 3523 597 3576 τὰ
638 3526 717 3588 είς
749 3525 907 3578 αὐτὸν
938 3527 1137 3597 ἥκοντα
1175 3529 1269 3582 ἐπὶ
1307 3530 1551 3601 σωτηρίᾳ
1578 3532 1686 3584 τῶν
1722 3551 1899 3605 κρινο-

332 3613 509 3685 μένων
532 3615 848 3686 πεποίηκεν,
876 3618 961 3671 ἴνα
986 3618 1297 3689 πειθόμενοι
1328 3622 1376 3673 oi
1402 3623 1779 3692 ἡμαρτηκότες
1826 3626 1902 3689 ὡς

330 3705 500 3776 ἔνοχοι
521 3709 631 3770 τοῖς
660 3708 1073 3779 ἁμαρτήμασιν,
1106 3712 1489 3782 ἀποδεχόμενοι
1520 3713 1617 3785 τὴν
1647 3715 1796 3770 Θείαν
1821 3718 1899 3771 δί-

330 3814 453 3867 κην,
474 3799 689 3863 ἑκόντες
722 3800 1031 3871 προσῶνται
1058 3802 1168 3873 (65)
1191 3803 1249 3856 τὸ
1281 3804 1564 3859 ἐπιϐάλλον
1589 3808 1769 3873 αὐτοῖς
1791 3811 1901 3863 ὲπι-

329 3890 533 3961 τίμιον.

402 3982 453 4035 5.
482 3984 637 4037 Ἔστι
673 3984 730 4037 δὲ
783 3986 876 4039 καὶ
907 3986 1035 4040 ἄλλο
1084 3989 1478 4059 σημαινόμενον
1525 3991 1629 4043 ὑπὸ
1677 3994 1775 4063 τῆς
1805 3993 1895 4046 τοῦ

330 4074 608 4144 κρίνεσθαι
637 4077 840 4147 φωνῆς,
871 4078 1013 4131 καθά
1049 4096 1213 4149 φησιν
1242 4082 1271 4133 ὁ
1302 4080 1523 4152 Κύριος·
1555 4084 1899 4138 Βασίλισσα

328 4172 508 4224 νότου
549 4170 927 4240 ἐγερθήσεται
970 4174 1039 4227 ἑν
1078 4172 1152 4242 τῇ
1188 4174 1397 4244 κρίσει,
1435 4174 1532 4227 καὶ
1569 4177 1905 4243 κατακρινεῖ

328 4261 447 4328 τὴν
472 4262 683 4331 γενεὰν
703 4266 945 4332 ταύτην.
977 4266 1113 4330 Τοὺς
1138 4267 1245 4337 γὰρ
1271 4268 1775 4339 ἀποστρεφομένους
1801 4270 1898 4343 τὴν

331 4350 481 4403 θείαν
531 4352 893 4418 διδασκαλίαν,
935 4356 1030 4409 καὶ
1074 4356 1448 4425 ἀφιλοκάλους,
1483 4360 1575 4411 καὶ
1622 4361 1897 4426 παντελῶς

328 4443 816 4515 ἀπεστραμμένους
851 4446 917 4500 τὰ
948 4448 1266 4503 παιδευτικά
1294 4450 1390 4521 τῆς
1416 4451 1606 4519 σοφίας
1630 4452 1892 4521 δόγματα,

2029 583 2096 638 Ει
2151 595 2360 655 propter
2408 586 2541 639 hanc
2602 587 2654 639 in
2689 588 2851 640 altum
2901 586 3185 655 regredere.
3216 586 3441 658 Propter
3473 592 3585 643 clr-

2022 679 2361 733 cumdautem
2399 688 2452 733 te
2486 693 2831 749 synagogam,
2868 692 3051 747 quam,
3088 679 3374 734 demittens
3402 690 3455 734 te
3488 695 3586 750 per

2022 770 2271 838 gratiam,
2295 780 2348 823 et
2372 784 2588 824 carnem
2611 770 2855 835 induens,
2892 770 3197 841 possedisti,
3228 772 3509 839 regredere
3527 772 3579 825 in

2019 862 2351 917 altitudinem
2384 862 2585 932 glorim,
2605 876 2763 931 quam
2782 872 2905 917 ante
2923 859 3100 917 mundi
3126 872 3301 916 ortum
3321 863 3577 917 habebas.

2028 954 2185 1009 Vens.
2216 954 2269 1009 9.
2288 953 2543 1007 Dominus
2554 954 2812 1024 judicabit
2838 954 3070 1023 populos.
3088 953 3264 1009 Multis
3290 954 3581 1023 Scriptura!

2018 1047 2147 1101 locis
2207 1048 2271 1101 de
2308 1047 2511 1117 judicio
2536 1048 2811 1116 inspersos
2839 1057 2923 1102 est
2970 1062 3169 1112 sermo,
3205 1056 3459 1116 tanquam
3487 1046 3578 1116 qui

2019 1140 2250 1192 maxime
2275 1140 2613 1193 necessarius
2638 1140 2727 1203 sit,
2786 1149 3070 1209 servetque
3105 1140 3337 1195 maxime
3365 1140 3415 1193 in
3464 1140 3580 1209 pie-

2018 1228 2141 1282 tatis
2163 1229 2404 1283 doctrina
2434 1244 2547 1294 eos,
2584 1231 2671 1297 qui
2704 1230 2755 1282 in
2791 1230 2951 1284 Deum
2977 1242 3072 1298 per
3092 1229 3269 1284 Jesum
3305 1230 3577 1285 Christum

2014 1323 2378 1377 crediderunt.
2442 1324 2705 1390 Quoniam
2766 1333 2942 1377 autem
2988 1324 3197 1378 diverse
3258 1323 3323 1377 de
3373 1322 3577 1393 judicio

2016 1414 2249 1483 scriptus
2280 1424 2361 1469 est
2391 1429 2592 1479 sermo,
2623 1414 2987 1470 confusionem
3018 1416 3300 1485 quamdam
3334 1415 3399 1469 iis
3433 1414 3577 1468 vide-

2012 1507 2160 1561 bitur
2204 1521 2413 1575 parere,
2458 1506 2547 1574 qui
2589 1507 2765 1562 minus
2814 1519 3065 1563 accurate
3100 1509 3197 1563 has
3244 1509 3576 1578 distinguunt

2015 1594 2455 1665 significationes.
2486 1594 2736 1659 Quienim
2756 1598 2917 1650 credit
2944 1598 2996 1650 in
3024 1614 3121 1663 me,
3142 1616 3247 1651 non
3263 1598 3576 1667 judicatur:

2012 1688 2101 1755 qui
2132 1695 2305 1739 autem
2356 1700 2458 1739 non
2495 1685 2683 1751 credit,
2706 1686 2821 1756 jam
2837 1687 3111 1756 judicatus
3140 1698 3213 1742 est
3234 1689 3300 1740 ⁵³.
3337 1688 3487 1754 Quod
3527 1688 3574 1741 si

2014 1779 2080 1843 is,
2116 1778 2205 1847 qui
2240 1792 2344 1831 non
2380 1779 2569 1845 credit,
2606 1778 2798 1832 similis
2823 1788 2904 1833 est
2933 1779 3116 1848 impio,
3159 1781 3428 1848 quomodo
3457 1780 3573 1833 dic-

1941 1858 1981 1911 Β
2014 1877 2119 1921 tmn
2155 1877 2238 1923 est
2277 1870 2465 1937 impios
2504 1870 2554 1922 in
2576 1867 2781 1937 judicio
2817 1884 2921 1924 non
2959 1884 3076 1925 esse
3102 1872 3574 1927 resurrecturos“?

2009 1961 2074 2014 Et
2114 1961 2157 2015 si
2196 1962 2496 2027 credentes,
2544 1974 2637 2031 per
2679 1960 2837 2015 fidem
2880 1961 3007 2017 facti
3054 1974 3178 2018 sunt
3217 1963 3310 2017 filii
3349 1962 3471 2027 Dei,
3511 1980 3574 2019 ac

2009 2065 2290 2125 propterea
2320 2055 2463 2125 digni
2498 2062 2623 2108 sunt
2645 2054 2734 2124 qui
2774 2064 2828 2109 et
2866 2054 2964 2124 ipsi
2987 2065 3243 2111 vocentur
3278 2057 3378 2121 dii',
3434 2072 3574 2126 quo-

2010 2149 2166 2202 modo
2212 2146 2353 2201 Deus
2389 2148 2549 2201 stabit
2581 2147 2635 2201 in
2683 2160 2953 2219 synagoga
3007 2146 3253 2212 deorum,
3293 2148 3346 2201 in
3397 2148 3573 2203 medio

2010 2250 2187 2295 autem
2215 2239 2343 2294 deos
2364 2237 2679 2305 dijudicabit
2701 2240 2785 2292 “?
2821 2236 3011 2293 Verum
3042 2238 3253 2293 videtur
3282 2238 3572 2309 aliquando

1978 2324 2243 2399 ~judicare
2277 2348 2373 2401 pro
2412 2332 2632 2401 probare
2661 2346 2689 2385 a
2724 2331 2999 2401 Scriptura
3048 2332 3216 2401 accipi
3243 2351 3257 2385 :
3283 2331 3571 2400 aliquando

2008 2435 2137 2475 vero
2169 2434 2265 2489 pro
2289 2421 2651 2475 condemnare.
2688 2418 2932 2476 Sumitur
2961 2422 3175 2491 quidem
3203 2437 3299 2492 pro
3326 2421 3568 2490 probare,

2008 2512 2161 2567 verbi
2196 2512 2389 2581 gratia,
2439 2513 2633 2566 Judica
2677 2528 2778 2577 me,
2809 2512 3053 2578 Domine,
3083 2516 3330 2584 quoniam
3370 2531 3463 2584 ego
3514 2516 3568 2566 in

2008 2606 2303 2659 innocentia
2336 2621 2449 2659 mea
2486 2606 2751 2675 ingressus
2775 2622 2928 2660 sum:
2971 2608 3041 2661 ibi
3070 2609 3213 2662 enim
3248 2608 3523 2678 subiungit
3552 2627 3566 2663 :

2009 2695 2187 2750 Proba
2222 2713 2319 2759 me,
2347 2696 2587 2762 Domine,
2622 2706 2673 2751 et
2698 2706 2835 2752 tenta
2859 2716 2937 2753 me
2951 2701 3014 2754 θ’.
3049 2698 3292 2755 Sumitur
3318 2715 3446 2755 vero
3471 2713 3570 2770 pro

2008 2790 2368 2853 condemnare,
2398 2797 2454 2842 ut
2486 2790 2540 2843 in
2570 2784 2660 2845 illo
2687 2809 2699 2845 :
2726 2790 2877 2856 Quod
2918 2792 2963 2845 si
2993 2794 3331 2862 nosmetipsos
3347 2794 3570 2863 judica-

2007 2896 2198 2945 remus,
2235 2897 2338 2934 non
2376 2881 2552 2952 utique
2581 2883 3030 2943 iudicarentur”:
3069 2885 3110 2939 si
3147 2886 3313 2950 enim,
3372 2886 3565 2954 inquit,

2008 2985 2104 3025 nos
2122 2971 2266 3040 ipsos
2284 2981 2760 3040 perscrutaremur,
2779 2975 3205 3029 condemnationi
3231 2991 3567 3045 nequaquam

2007 3061 2410 3131 subjiceremur.
2452 3062 2656 3119 Rursus
2701 3064 2902 3118 dictum
2976 3074 3058 3120 est
3116 3065 3399 3119 Dominum
3445 3082 3567 3120 cum

2004 3153 2149 3207 omni
2183 3167 2346 3208 carne
2373 3151 2633 3223 judicium
2682 3154 3020 3221 subiturum;
3054 3154 3105 3209 id
3135 3165 3237 3221 est,
3287 3157 3340 3209 in
3375 3156 3567 3225 exqui-

2005 3244 2169 3299 renda
2197 3244 2409 3300 ratione
2434 3258 2619 3317 eorum
2648 3262 2765 3316 quae
2791 3246 2983 3317 cuique
3013 3247 3138 3299 dum
3188 3244 3415 3311 viveret,
3447 3248 3569 3303 acta

2002 3344 2144 3400 sunt,
2179 3335 2382 3404 judicio
2427 3351 2485 3391 se
2515 3337 2626 3406 ipse
2658 3336 2896 3407 subiicit,
2938 3347 2993 3392 et
3028 3352 3124 3393 sua
3151 3348 3420 3409 praecepta
3470 3351 3566 3406 op-

2003 3428 2149 3498 ponit
2180 3428 2335 3483 factis
2371 3438 2739 3498 peccatorum,
2773 3430 3103 3500 argumentis
3135 3446 3199 3487 ac
3230 3432 3567 3488 demonstra-

2003 3523 2235 3578 tionihus
2255 3538 2518 3578 excusans
2547 3538 2624 3589 sc,
2651 3523 2791 3592 quod
2815 3523 2867 3577 in
2901 3522 3127 3578 salutem
3151 3523 3564 3592 iudicandorum

2000 3614 2175 3667 omnia
2204 3627 2322 3683 quae
2350 3613 2418 3667 ad
2448 3628 2507 3668 se
2549 3613 2867 3677 attinebant,
2907 3612 3115 3677 fecerit,
3162 3621 3220 3666 ut
3258 3612 3295 3666 ii
3320 3613 3409 3681 qui
3440 3628 3567 3681 pec-

2002 3716 2279 3771 caverunt,
2319 3704 2403 3758 ubi
2431 3718 2745 3775 persuasum
2781 3703 2945 3757 fuerit
2982 3703 3084 3759 sibi
3114 3718 3174 3759 se
3204 3704 3446 3772 peccatis
3468 3703 3565 3757 ob-

2002 3798 2192 3853 noxios
2242 3812 2381 3858 esse,
2429 3797 2835 3850 convenientem
2874 3796 2973 3849 sibi
3002 3809 3236 3863 prauam,
3267 3796 3564 3865 approbato

1995 3891 2198 3963 judicio
2227 3889 2432 3955 divino,
2463 3887 2606 3942 haud
2638 3887 2791 3939 inviti
2816 3886 3106 3953 perferant.

2010 3959 2045 3999 ”
2070 3985 2123 4038 5.
2166 3984 2279 4039 Vox
2335 3990 2515 4035 autem
2560 3980 2806 4049 judicare
2860 3978 3021 4033 habet
3066 3986 3121 4032 et
3153 3977 3311 4032 aliam
3349 3994 3561 4049 quoque

1999 4075 2480 4147 signiﬁcationem,
2534 4083 2591 4126 ut
2636 4088 2757 4127 cum
2808 4071 2937 4127 dicit
3009 4070 3307 4131 Dominus:
3365 4056 3561 4142 Regina

1999 4171 2356 4235 austrisurget
2392 4166 2444 4218 in
2466 4164 2692 4235 judicio,
2714 4175 2759 4218 et
2787 4163 3146 4217 condemnabit
3176 4164 3560 4232 generationem

1999 4257 2226 4314 istam“.
2257 4255 2357 4323 Qui
2387 4255 2526 4308 enim
2559 4255 2793 4309 divinam
2818 4262 3134 4308 aversantur
3150 4253 3473 4318 doctrinam,
3505 4264 3571 4308 et

1999 4355 2251 4410 decorum
2288 4349 2682 4417 honestumque
2708 4346 2830 4402 odio
2860 4346 3076 4410 habent,
3099 4355 3153 4398 et
3172 4345 3447 4412 sapientiae
3464 4346 3565 4400 do-

1998 4452 2176 4515 gmata
2200 4442 2265 4495 ad
2296 4439 2594 4495 docendum
2631 4439 2823 4493 idonea
2860 4438 3015 4508 102
3039 4453 3259 4508 prorsus
3290 4438 3560 4493 detestan-

330 4536 612 4604 συγκρίσει
635 4538 725 4589 καὶ
755 4539 1173 4610 ἀντιπαραθέσει
1200 4540 1305 4594 τῶν
1338 4542 1478 4595 κατά
1505 4542 1601 4614 τὴν
1638 4544 1770 4597 ἰδίαν
1803 4562 1894 4613 γε-

2004 4547 2108 4601 tur,
2133 4544 2411 4603 postquam
2457 4529 2635 4587 collati
2659 4530 2857 4585 fuerint
2886 4542 2939 4585 et
2970 4531 3263 4599 comparati
3295 4546 3417 4585 cum
3446 4530 3558 4586 suis

326 4625 452 4678 νεάν
477 4628 567 4679 ἐπὶ
594 4630 658 4699 τῇ
696 4631 822 4700 περὶ
850 4631 919 4683 τὰ
959 4631 1096 4684 καλὰ
1154 4633 1352 4703 σπουδῇ
1382 4633 1780 4702 διενεγκόντων,
1808 4638 1897 4707 βα-

329 4717 561 4787 ρυτέραν
593 4721 726 4791 φησὶ
770 4722 1066 4793 λαμϐάνειν
1091 4724 1186 4794 τὴν
1232 4725 1323 4777 ἐπὶ
1354 4728 1464 4789 τοῖς
1495 4726 1775 4797 παρεθεῖσι
1798 4747 1895 4781 κα-

402 4832 446 4863 ⁸⁹
471 4830 624 4888 Joan.
653 4850 731 4901 ιιι,
757 4836 844 4890 18.
956 4839 1000 4868 ⁶⁰
1026 4836 1166 4893 Psal.
1201 4854 1240 4901 ι,
1272 4838 1323 4892 5.

324 4917 423 4967 xu,
444 4901 532 4956 42.

298 5011 313 5083 ἱ
397 5012 1016 5087 (6|)Colb.___quartuso
1063 5015 1224 5076 αὑτός
1273 5029 1368 5083 pro
1413 5017 1617 5087 ὅμοιος.
1650 5017 1885 5073 Subinde

305 5082 455 5153 ‘tnss.
489 5082 735 5137 nonnulli
769 5083 1051 5153 διακρίνει.

304 5152 317 5220 ξ
399 5152 508 5220 (62)
554 5153 666 5206 Non
720 5152 1041 5208 conveniunt
1086 5155 1225 5208 inter
1266 5170 1324 5208 se
1371 5171 1498 5208 mss.
1528 5156 1615 5209 hic.
1638 5167 1691 5210 et
1720 5159 1879 5213 infra.

282 5205 655 5352 puritate...
687 5224 778 5275 ἐπὶ
806 5205 886 5278 τόζ
912 5205 1041 5278 λιιι
1072 5205 1314 5295 έὲιῗτῷξ
1334 5205 1444 5277 Alii
1457 5205 1884 5295 ".'i.:'...‘..‘..‘e"'.;.'.'.'.'.

324 5293 485 5346 editis
538 5294 631 5346 ἐπὶ
667 5293 779 5347 τοῦ.
828 5294 1025 5347 Ibidem
1079 5297 1205 5348 editi
1254 5297 1676 5352 κατακρίνεσθαι
1728 5313 1741 5351 :
1792 5301 1884 5352 sed

324 5293 485 5346 editis
538 5294 631 5367 ἐπὶ
667 5293 779 5347 τοῦ.
828 5294 1025 5367 Ibidem
1079 5297 1205 5348 editi
1249 5293 1676 5367 κατακρίνεσθαι
1728 5313 1741 5351 :
1792 5301 1884 5353 sed

326 5365 743 5437 ιιιδεᾼἋδῘᾲι-ιηηρι
764 5364 1024 5437 excipias,
1060 5366 1428 5437 κατακρίνειν.

396 5434 509 5503 (65)
546 5432 636 5487 Sic
684 5432 836 5487 Colb.
878 5445 1123 5503 quartus.
1174 5432 1330 5490 Deest
1360 5436 1435 5498 ὼς
1475 5437 1525 5489 in
1555 5438 1714 5491 editis
1742 5448 1796 5491 et
1833 5441 1882 5492 in

322 5501 446 5577 aliis
478 5501 609 5577 mss.
670 5503 833 5556 Paulo
890 5501 1007 5571 post
1041 5507 1205 5559 editio
1245 5505 1416 5559 Paris.
1450 5505 1835 5577 διεξητάζομεν
1869 5526 1880 5560 :

324 5576 424 5649 sed
458 5575 626 5641 major
664 5590 790 5642 pars
843 5591 969 5627 mss.
1005 5592 1108 5627 una
1142 5593 1262 5630 eum
1305 5576 1539 5630 editione
1574 5575 1885 5649 Βεδιιζὲξη-

321 5642 575 5712 τάξομεν.

396 5714 509 5781 (64)
572 5713 748 5768 Monet
786 5715 1147 5784 peritissimus
1201 5718 1284 5770 vir
1338 5718 1561 5771 Ducteus
1612 5717 1710 5785 legi
1743 5720 1880 5782 ame

321 5782 610 5857 Jeremiam
659 5782 799 5846 XXV,
837 5786 938 5857 5|,
1010 5786 1249 5855 κρίνεται
1314 5788 1473 5849 αὐτὸς
1529 5782 1685 5857 πρὸξ
1708 5791 1886 5841 πᾶσαν

328 5854 522 5923 σάρκα.
552 5853 685 5908 Hinc
714 5855 982 5911 concludit
1004 5853 1087 5910 hic
1131 5858 1355 5913 fortasse
1391 5853 1583 5913 melius
1633 5859 1730 5927 legi
1764 5860 1882 5928 κρί-

1430 4841 1469 4871 ⁸¹
1504 4839 1645 4895 Psal.
1685 4857 1865 4905 LXXXI,
1898 4844 1945 4896 l.

1994 4627 2316 4699 aequalibus,
2350 4624 2440 4695 qui
2470 4639 2647 4679 rerum
2673 4625 2935 4678 bonarum
2965 4623 3143 4677 studio
3181 4624 3554 4691 excelluerint,

1995 4722 2093 4775 hos
2129 4719 2262 4773 dicit
2291 4718 2360 4771 ob
2404 4731 2466 4771 ea
2510 4731 2628 4784 quae
2654 4716 2951 4770 omiserunt
2989 4730 3200 4785 poenam
3253 4715 3556 4785 graviorem

2054 4839 2097 4869 θ’
2119 4835 2259 4889 Psal.
2308 4849 2432 4896 xxv,
2468 4831 2518 4895 i,
2548 4831 2602 4884 2.
2710 4831 2753 4860 ⁸³
2785 4829 2800 4883 Ι
2831 4830 2952 4885 Cor.
2996 4847 3071 4894 χι,
3101 4832 3186 4885 51.
3252 4838 3269 4860 ⁸
3294 4832 3337 4863 δ’·
3366 4830 3552 4886 Matth.

1994 5017 2199 5071 νεσθαι.
2243 5017 2346 5069 Sed
2396 5017 2578 5083 religio
2624 5018 2776 5071 nobis
2819 5016 2918 5070 fuit
2964 5025 3161 5070 textum
3217 5026 3554 5071 commutare

1994 5098 2179 5157 contra
2205 5087 2359 5140 fidem
2379 5089 2615 5139 omnium
2634 5102 2764 5142 mss.
2784 5089 2872 5154 qui
2892 5096 3202 5142 constanter
3217 5088 3417 5142 habent
3434 5104 3552 5157 κρι-

1993 5156 2272 5229 θήσεσθαι.
2305 5157 2572 5229 Fortassis
2607 5172 2710 5210 non
2750 5158 2927 5225 inepte
2954 5158 3175 5212 verbum
3196 5157 3403 5225 κρίνειν
3425 5156 3553 5229 pus-

1995 5232 2062 5281 sit
2093 5231 2191 5281 hoc
2225 5229 2341 5281 loco
2396 5228 2537 5281 sumi
2564 5242 2661 5296 pro
2692 5242 2755 5281 eo
2797 5230 2937 5296 quod
2965 5238 3067 5290 est,
3096 5242 3423 5294 comparare,
3451 5228 3550 5280 hac

1994 5298 2259 5351 sententia
2290 5317 2301 5351 :
2337 5298 2542 5349 Dictum
2569 5307 2640 5349 est
2661 5299 2845 5351 iterum
2883 5299 2994 5365 fore
3038 5307 3092 5349 ut
3128 5296 3378 5349 Dominus
3410 5312 3547 5348 cont-

1992 5380 2204 5436 parelur
2231 5369 2285 5421 in
2331 5366 2534 5435 judicio
2568 5384 2684 5419 cum
2716 5370 2856 5422 omni
2887 5385 3058 5421 came.
3104 5367 3169 5419 Et
3200 5381 3326 5419 vero
3375 5365 3549 5421 Domi-

1994 5455 2095 5491 nus
2124 5440 2175 5490 in
2202 5438 2402 5503 judicio
2429 5453 2486 5491 se
2511 5439 2625 5505 ipse
2654 5438 3049 5505 quodammodo
3068 5438 3399 5502 comparabit
3424 5453 3543 5489 cum

1994 5510 2278 5561 creaturis.
2304 5507 2416 5561 Hoc
2440 5520 2523 5561 est
2552 5523 2564 5558 :
2609 5520 2870 5577 praecepta
2920 5523 3013 5561 sua
3043 5507 3375 5574 comparabit
3421 5523 3543 5560 eum

1994 5578 2059 5649 iis
2078 5594 2199 5647 qua:
2233 5580 2282 5630 in
2312 5593 2406 5631 sua
2431 5578 2660 5646 quisque
2677 5579 2793 5649 fita
2820 5578 3067 5649 gesserit.

2028 5636 2175 5715 ’(65)
2223 5649 2311 5703 Sic
2348 5636 2461 5702 tres.
2503 5636 2633 5703 mss.
2677 5636 2836 5701 Editi‘
2865 5662 2994 5699 vero
3042 5646 3341 5718 πρόσοιντο.
3390 5646 3539 5700 Colb.

1993 5730 2215 5785 quartus
2234 5719 2524 5789 προῶνται.
2551 5720 2680 5787 lieg.
2721 5729 2942 5785 quartus
2983 5716 3247 5787 πρόοιντο.
3294 5716 3405 5771 Vox
3443 5719 3542 5771 αὐ-

1993 5791 2271 5862 :oigdeest
2299 5792 2348 5841 in
2383 5790 2559 5862 editis,
2601 5792 2692 5842 sed
2727 5791 2990 5857 reperitur
3020 5794 3091 5862 iu_
3116 5789 3387 5862 ιιιεε.)ιοχ
3426 5806 3544 5844 vcr-

1994 5861 2056 5913 ba
2092 5860 2197 5927 illa,
2231 5862 2285 5913 ἐν
2321 5863 2383 5929 τῇ
2424 5860 2930 5929 κρίσει,;ιί1]οςἱιηυδ
2958 5876 3019 5915 ex
3056 5859 3203 5914 Colb.
3231 5859 3442 5930 quarto.
