4008 6402
395 247 501 304 239

1705 243 1762 302 S.
1806 244 2048 300 BASlLll
2081 245 2295 301 MAGNI

3513 243 3623 299 240

395 377 514 421 esse
545 362 789 418 daturos.
819 359 1070 418 Arbitror
1102 369 1282 418 autem
1305 376 1518 428 omnes,
1553 370 1816 433 quotquot
1847 364 1949 417 hoc

2064 363 2322 434 τάκρισιν.
2347 364 2512 432 Οιμαι
2539 363 2616 426 δὲ,
2657 363 2738 415 ὅτι
2773 361 2869 432 οὐχ
2893 360 3089 432 ὁμοίως
3122 360 3468 430 κριθήσονται
3488 362 3631 416 πάν-

397 461 658 511 terrestre
707 465 902 522 corpus
948 465 1222 520 recepere,
1266 453 1382 522 pari
1427 453 1583 507 modo
1606 455 1644 522 ja
1681 454 1826 524 justo
1863 455 1953 509 illo

390 545 573 614 judice
614 557 719 598 non
763 557 884 599 esse
921 541 1265 610 iudicandos,
1307 544 1450 612 quod
1486 559 1603 612 quae
1652 543 1951 599 forinsecus

397 634 688 700 unicuique
732 643 974 686 nostrum
1013 633 1282 698 accidunt,
1311 641 1490 702 utpote
1531 632 1688 698 longe
1714 632 1853 685 inter
1896 648 1954 686 se

395 723 642 788 diversa,
682 722 1102 792 uniuscujusque
1143 723 1406 792 judicium
1453 724 1658 776 varium
1696 722 1951 779 elIiciant.

396 816 530 872 Nam
559 830 745 870 earum
788 829 967 870 rerum
1012 828 1327 878 concursus,
1371 829 1489 882 quae
1531 815 1582 867 iu
1629 824 1810 868 nostra
1850 829 1953 869 non

397 917 521 962 sunt
552 915 838 974 poteState,
886 905 976 960 sed
1013 921 1112 960 nos
1141 906 1478 960 circumdant
1505 905 1588 960 vel
1624 906 1837 971 invitos,
1865 915 1958 960 aut

397 1008 651 1069 aggravat
696 1005 912 1068 peccata
951 1007 1155 1062 nostra,
1200 1006 1291 1051 aut
1322 995 1482 1054 elﬁcit
1520 997 1740 1052 leviora.
1782 996 1958 1054 Ponas

397 1090 538 1144 enim
585 1089 651 1144 de
689 1097 874 1158 stupro
913 1087 1041 1144 ferri
1071 1087 1352 1156 judicium.
1378 1089 1483 1143 Sed
1513 1091 1605 1158 qui
1655 1089 1702 1144 id
1745 1089 1961 1144 admisit

404 1180 630 1251 peccati,
667 1180 846 1250 pravis
887 1189 1004 1234 erat
1052 1179 1120 1233 ab
1157 1180 1310 1234 initio
1347 1180 1628 1235 institutus
1673 1181 1910 1236 moribus
1941 1199 1955 1234 :

400 1270 664 1341 siquidem
694 1286 759 1324 ex
787 1269 1074 1340 impudicis
1121 1270 1437 1340 parentibus
1488 1277 1648 1324 natus
1677 1267 1875 1334 fuerat,
1907 1283 1960 1324 et

398 1362 450 1416 in
465 1360 786 1432 ﬂagitiorum
807 1363 1192 1417 consuetudine
1210 1361 1494 1428 educatus,
1514 1362 1565 1414 in
1589 1360 1960 1426 ebrietatibus,

398 1454 966 1520 incomessationibus,
1003 1455 1052 1508 in
1079 1453 1328 1509 obscenis
1355 1455 1712 1509 sermonibus.
1738 1452 1958 1516 Contra,

399 1543 596 1614 aliquis
635 1545 772 1599 alius
819 1560 977 1614 quem
1014 1545 1244 1614 plurima
1297 1545 1361 1598 ad
1392 1545 1591 1613 optima
1623 1560 1849 1613 quaeque
1876 1559 1962 1598 se-

396 1637 590 1690 ctanda
637 1636 969 1702 invitabant,
1020 1635 1300 1700 educatio,
1355 1635 1616 1705 magistri,
1665 1637 1961 1692 diviniores

2051 469 2143 515 τες
2170 453 2220 505 οἱ
2253 454 2312 506 τὸ
2339 454 2524 523 γήϊνον
2562 453 2718 506 τοῦτο
2745 452 2903 523 σῶμα
2950 451 3302 514 ἀναλαϐόντες
3336 451 3483 521 παρά
3528 452 3623 507 τοῦ

2050 544 2258 597 δικαίου
2289 544 2497 614 κριτοῦ,
2527 545 2658 597 διότι
2683 545 2751 600 τὰ
2785 543 2980 608 ἔξωθεν
3007 542 3379 612 συμπίπτοντα
3412 542 3625 614 ἑκάστῳ

2053 635 2206 706 ἡμῶν
2239 637 2390 708 παρά
2418 635 2549 688 πολὺ
2576 636 2898 706 διαφέροντα
2924 634 3333 706 παραλλαγῆναι
3363 634 3626 704 ποιεῖτὴν

2055 727 2282 780 ἑκάστου
2306 727 2484 798 κρίσιν
2506 726 2634 796 (66).
2682 728 2752 779 Ἢ
2786 726 2891 797 γάρ
2933 725 3150 796 βαρύνει
3183 726 3312 796 ἡμῖν
3345 724 3412 776 τά
3446 724 3628 793 ἀμαρ-

2055 819 2348 889 τήματα,ἣ
2387 819 2480 872 καὶ
2532 817 2776 886 κουφίζει
2833 821 2864 888 ἠ
2918 817 3026 869 τῶν
3073 817 3172 868 οὐκ
3207 816 3462 885 ἐφ’ήμῖν,
3508 814 3626 868 ἀλλ’

2056 909 2324 972 ἀκουσίως
2348 909 2782 982 περιϊσταμένων
2808 911 2951 980 ἡμᾶς
2975 907 3262 978 συνδρομή.
3293 906 3633 959 ’Υποκείσθω

2057 1001 2166 1072 γὰρ
2193 1001 2445 1073 πορνείαν
2502 996 2639 1054 εἶναι
2685 1000 2744 1052 τὸ
2799 999 3134 1072 κρινόμενον.
3184 998 3340 1052 Ἀλλὰ
3373 997 3574 1068 ταύτην
3602 1001 3631 1050 ὁ

2062 1095 2160 1164 μέν
2203 1112 2286 1157 τις
2336 1095 2572 1164 ἥμαρτε,
2629 1095 2887 1164 πονηροῖς
2919 1091 3074 1162 ῆθεσι
3098 1090 3157 1143 τὸ
3183 1087 3242 1154 ἐξ
3284 1089 3455 1161 ἀρχῆς
3482 1090 3630 1141 ἐντεη

2059 1185 2388 1256 θραμμένοςο
2430 1187 2524 1239 καὶ
2551 1185 2660 1257 γὰρ
2679 1185 2772 1239 καὶ
2811 1184 2913 1237 ὐπὸ
2939 1183 3138 1251 γονέων
3164 1182 3403 1250 ἀσελγῶν
3429 1182 3506 1243 είς
3532 1181 3629 1233 τὸν

2061 1273 2174 1344 βίον
2207 1274 2483 1346 παρήχθη,
2521 1275 2614 1328 καὶ
2649 1272 3022 1344 συνανετράφη
3062 1273 3128 1342 τῇ
3169 1272 3296 1341 περί
3331 1270 3398 1323 τὰ
3447 1268 3633 1337 φαῦλα

2063 1367 2334 1438 συνηθείᾳ,
2373 1368 2559 1438 μέθαις
2602 1367 2696 1419 καὶ
2721 1363 2925 1433 κώμοις
2972 1364 3065 1416 καὶ
3101 1364 3340 1433 αἰσχροῖς
3366 1360 3632 1430 διηγήμα-

2063 1474 2165 1510 σιν.
2210 1458 2401 1521 Ἀλλος
2451 1457 2506 1510 δέ
2542 1474 2643 1520 τις,
2699 1454 2868 1508 πολλά
2919 1455 3056 1524 ἔχων
3108 1453 3174 1506 τὰ
3215 1451 3633 1524 προκαλούμενα

2062 1546 2223 1600 αὐτὸν
2283 1547 2375 1601 ἐπὶ
2435 1546 2503 1599 τά
2550 1545 2828 1607 κάλλιστα,
2881 1541 3206 1613 ἀνατροφὴν,
3259 1541 3632 1603 διδασκάλους,

2065 1639 2325 1710 ἀκρόασιν
2348 1637 2516 1706 λόγων
2543 1638 2651 1708 (67)
2691 1635 2992 1706 θειοτέρων.
3035 1631 3428 1702 ἀναγνώσματα
3459 1633 3637 1703 σωτήρ

396 1739 673 1781 sertnones
714 1726 780 1779 ab
819 1739 884 1779 eo
916 1726 1107 1790 auditi,
1148 1725 1404 1780 lectiones
1434 1724 1718 1791 salutares,
1761 1727 1960 1782 monita

2067 1750 2177 1804 ρια,
2209 1731 2522 1801 νουθέτησιν
2569 1730 2783 1798 γονέων,
2827 1729 3138 1800 διηγήματα
3164 1727 3296 1799 πρὸς
3332 1726 3638 1796 σεμνότητα

397 1828 697 1887 parentmu,
729 1817 994 1887 colloquia
1035 1821 1100 1872 ad
1129 1821 1447 1889 gravitatem
1480 1829 1534 1873 et
1559 1819 1626 1874 ad
1650 1820 1960 1889 pudicitiam

399 1908 766 1973 informantia,
804 1914 978 1966 victus
1023 1911 1331 1966 moderatus
1369 1929 1381 1966 :
1428 1911 1474 1965 is
1519 1911 1563 1966 si
1605 1911 1857 1979 deinceps
1899 1911 1952 1966 iu

397 2001 573 2058 simile
613 2012 894 2074 peccatum
925 2012 1086 2073 atque
1137 2001 1274 2058 alius
1324 2002 1576 2072 delapsus
1626 2013 1729 2066 est,
1785 2016 1962 2056 noiine

398 2093 522 2152 vita:
551 2105 781 2165 peractae
816 2095 1078 2150 rationem
1112 2094 1437 2158 redditurus,
1471 2108 1658 2162 poenas
1687 2093 1964 2163 graviores

397 2202 559 2259 quam
587 2187 722 2244 alter
742 2186 862 2258 jure
895 2187 1098 2256 Optimo
1124 2185 1307 2240 dabit?
1340 2184 1431 2240 Ille
1460 2186 1602 2239 enim
1633 2187 1699 2240 ob
1724 2186 1774 2238 id
1792 2184 1961 2240 solum

398 2279 759 2344 accusabitur,
787 2279 926 2348 quod
987 2277 1311 2333 salutaribus
1369 2276 1621 2332 subsidiis
1669 2277 1851 2330 animo
1881 2277 1964 2329 in-

399 2372 598 2442 spersis
633 2379 777 2428 recte
829 2384 961 2426 usus
997 2386 1100 2424 non
1137 2370 1209 2425 sit
1243 2387 1256 2422 :
1303 2370 1390 2424 hic
1421 2385 1547 2425 vero
1576 2380 1859 2438 prmterea,
1896 2368 1963 2422 ob

399 2463 452 2521 id
477 2463 661 2529 etiam,
695 2462 836 2534 quod
867 2463 1032 2520 multa
1062 2462 1128 2516 ad
1157 2461 1384 2519 salutem
1414 2462 1720 2531 adjumenta
1748 2471 1960 2525 nactus,

399 2565 615 2626 propter
668 2555 1134 2623 intemperantiam
1200 2564 1255 2608 et
1320 2553 1576 2622 temporis
1654 2553 1962 2608 brevissimi

402 2646 665 2702 incuriam
691 2661 750 2701 se
777 2646 890 2715 ipse
929 2645 1246 2714 prodiderit.
1273 2644 1533 2699 Similiter
1564 2654 1743 2696 autem
1780 2654 1834 2696 et
1867 2644 1959 2712 qui

402 2739 470 2793 ab
529 2737 681 2793 initio
752 2738 805 2790 in
862 2737 1060 2805 pietate
1123 2736 1227 2789 fuit
1291 2735 1588 2799 institutus,
1644 2749 1964 2806 omnemque

403 2830 453 2882 iu
519 2828 613 2883 Dei
677 2829 942 2895 dogmatis
1019 2827 1210 2882 vitavit
1252 2826 1706 2895 perversitatem,
1775 2838 1826 2880 et
1868 2829 1962 2897 qui

400 2918 778 2977 enutritus-est
810 2918 860 2972 in
897 2916 988 2971 Dei
1014 2917 1148 2986 lege,
1181 2930 1481 2986 quaeomue
1523 2926 1742 2972 accusat
1770 2932 1961 2986 pecca-

405 3027 537 3078 tum,
581 3019 636 3066 et
694 3010 759 3064 ad
819 3009 1084 3064 contraria
1136 3018 1436 3079 provocat,
1484 3009 1530 3064 is
1583 3025 1688 3063 non
1734 3010 1960 3065 similem

403 3105 619 3162 habebit
656 3101 973 3158 idololatriae
1011 3104 1434 3165 excusationem,
1462 3113 1625 3172 atque
1673 3103 1782 3169 ille,
1811 3105 1897 3172 qui
1930 3120 1959 3159 a

405 3194 713 3259 parentibus
765 3191 1046 3262 exlegibus
1079 3193 1336 3247 educatus
1390 3199 1494 3258 est,
1530 3202 1584 3247 et
1633 3209 1662 3246 a
1715 3195 1962 3262 gentibus

407 3284 760 3340 idololatriam
825 3286 893 3338 ab
962 3283 1186 3338 exordio
1247 3285 1347 3338 fuit
1412 3285 1657 3340 edoctus.
1714 3285 1963 3338 Dominus

398 3378 658 3449 jndicabit
696 3378 934 3448 papulas.
977 3376 1148 3430 Aliter
1187 3376 1450 3442 Judmutn,
1495 3379 1652 3433 aliter
1683 3378 1960 3450 Seytliam.

406 3472 495 3526 Ille
525 3473 667 3526 enim
693 3471 746 3525 in
783 3471 896 3540 lege
930 3471 1224 3540 acquiescit
1261 3478 1315 3525 et
1353 3472 1404 3523 in
1433 3471 1542 3526 Deo
1578 3473 1864 3542 gloriatur,
1902 3488 1965 3526 ac

403 3563 596 3638 probat
619 3561 862 3618 meliora.
883 3560 1016 3617 Cum
1041 3562 1184 3616 enim
1216 3578 1279 3619 ex
1307 3563 1426 3631 lege
1457 3565 1527 3618 sit
1555 3564 1876 3628 instructus,
1904 3580 1965 3618 ac

417 3669 614 3728 praeter
644 3675 953 3716 communes
1007 3659 1250 3714 notiones
1299 3661 1612 3728 prophetica
1661 3670 1718 3716 et
1775 3661 1964 3731 legalia

411 3754 606 3822 scripta
667 3755 715 3808 ei
757 3768 969 3822 semper
1013 3763 1335 3817 cantentur,
1396 3753 1693 3823 eademque
1744 3756 1812 3808 ab
1849 3755 1966 3822 ipso

414 3844 749 3909 ediscantur,
778 3845 820 3898 si
850 3845 1119 3916 quidpiam
1162 3857 1355 3914 praeter
1379 3845 1465 3914 jus
1510 3846 1792 3902 admisisse
1820 3847 1966 3900 iuve-

407 3937 607 4003 niltur,
673 3939 926 4006 imputata
975 3937 1076 3992 sibi
1131 3949 1350 4007 peccata
1408 3939 1750 3994 habebuntur
1813 3939 1967 4009 longe

409 4026 674 4098 graviora.
708 4028 780 4080 At
813 4023 1025 4095 Scythae
1053 4025 1319 4082 Nomades
1361 4027 1660 4097 agrestibus
1709 4037 1765 4083 et
1820 4029 1967 4083 inliu-

411 4118 584 4172 manis
613 4116 820 4172 educati
849 4117 1105 4183 moribus,
1129 4120 1328 4189 rapinis
1343 4131 1396 4175 et
1417 4120 1969 4177 contumeliismntuis

408 4207 629 4270 assueti,
675 4205 767 4261 irae
800 4207 1252 4276 impotentissimi,
1291 4221 1343 4264 et
1377 4211 1430 4264 in
1474 4227 1532 4266 se
1556 4212 1788 4266 invicem
1821 4213 1968 4268 facil-

409 4301 533 4354 lime
563 4299 839 4354 iracundia
868 4298 1298 4365 ell‘ervescentes,
1328 4302 1474 4358 soliti
1506 4317 1717 4358 onmem
1747 4314 1968 4359 conten-

2065 1826 2158 1878 καὶ
2193 1823 2543 1893 σωφροσύνην
2570 1822 2860 1899 τυποῦντα,
2918 1821 3122 1874 δίαιταν
3170 1818 3632 1888 κατεσταλμένην,

2063 1912 2179 1970 εἶτα
2214 1913 2528 1985 ὑπενεχθεὶς
2560 1916 2638 1977 είς
2666 1913 2763 1982 τὴν
2797 1913 2986 1982 ὁμοίαν
3018 1911 3288 1981 ἁμαρτίαν
3326 1908 3402 1979 τῷ
3437 1907 3634 1979 ἑτέρῳ,

2064 2008 2156 2059 καὶ
2183 2006 2356 2068 διδους
2388 2006 2543 2073 λόγον
2568 2004 2676 2056 τῶν
2712 2004 3074 2074 βεϐιωμένων,
3115 2003 3232 2066 πῶς
3260 2003 3382 2072 οὐχ).
3404 1999 3638 2073 βαρυτέ-

2069 2114 2164 2167 ρας
2193 2095 2344 2167 παρά
2388 2097 2478 2149 τὸν
2530 2097 2716 2168 ἓτερον
2749 2098 2776 2148 ὀ
2826 2095 3065 2160 τοιοῦτος
3112 2095 3330 2158 δικαίως
3367 2094 3637 2164 τιμωρίας

2063 2189 2455 2260 ἀξιωθήσεταις
2504 2189 2560 2243 '0
2607 2190 2702 2260 μὲν
2751 2189 2859 2258 γὰρ
2887 2187 3283 2257 ὲγκληθήσεται
3315 2187 3406 2240 ἐπὶ
3443 2187 3635 2255 μόναις

2062 2287 2178 2347 ταῖς
2210 2282 2756 2354 ὲγκατεσπαρμέναις
2793 2281 2932 2335 κατὰ
2958 2282 3056 2345 τὰς
3090 2281 3294 2343 ἐννοίας
3330 2277 3638 2350 ,σωτηρίοις

2063 2376 2355 2445 ἀφορμαῖς,
2387 2373 2462 2436 ὼς
2480 2374 2539 2426 οὐ
2565 2372 2906 2448 χρησάμενος
2930 2373 3116 2435 αὐταῖς
3148 2370 3333 2439 ὑγιῶς·
3359 2371 3387 2422 ὁ
3409 2370 3464 2423 δὲ
3496 2368 3636 2440 πρὸς

2063 2466 2234 2536 τούτῳ
2270 2467 2362 2519 καὶ
2411 2466 2485 2529 ὡς
2517 2465 2716 2534 πολλῆς
2741 2464 2915 2535 τυχὼν
2950 2466 3029 2527 εἰς
3077 2463 3136 2516 τὸ
3180 2462 3412 2532 σωθῆναι
3449 2477 3637 2530 συνερ-

2062 2557 2237 2625 γείας,
2277 2557 2370 2610 καὶ
2397 2557 2463 2610 δι’
2491 2556 2757 2627 ἀκρασίαν
2792 2558 2882 2609 καὶ
2897 2555 2994 2627 τὴν
3025 2557 3081 2607 ὲν
3115 2552 3431 2625 βραχυτάτῳ
3457 2549 3636 2621 καιρῷ

2063 2648 2389 2722 ἀπροσεξίαν
2416 2647 2764 2720 προδεδωκὼς
2793 2647 3002 2701 ἑαυτόν.
3033 2645 3259 2716 Ὁμοίως
3285 2644 3342 2696 δὲ
3379 2643 3471 2696 καὶ
3497 2645 3525 2695 ό
3553 2644 3637 2694 ὲν-

2061 2742 2388 2812 τρεφόμενος
2405 2740 2639 2812 ἀρχῆθεν
2673 2743 2738 2811 τῇ
2761 2738 3028 2808 εὐσεϐείᾳ,
3060 2738 3154 2790 καὶ
3183 2738 3360 2789 πᾶσαν
3387 2735 3635 2804 διαστρο-

2065 2831 2168 2902 φὴν
2202 2829 2453 2900 ἐκφυγὼν
2480 2832 2536 2882 ὲν
2571 2831 2685 2892 τοῖς
2723 2828 2850 2898 περ).
2897 2827 3030 2880 Θεοῦ
3065 2826 3342 2896 δόγμασιν,
3379 2823 3633 2895 ἐντρεφό-

2069 2939 2226 2993 μενος
2257 2921 2312 2974 δὲ
2339 2921 2431 2974 καὶ
2454 2921 2602 2991 νόμῳ
2629 2919 2762 2972 Θεοῦ
2795 2917 3125 2971 διαϐάλλοντι
3157 2919 3331 2969 πᾶσαν
3359 2915 3633 2986 ἁμαρτίαν

2065 3014 2160 3067 καὶ
2183 3012 2608 3084 προκαλουμένῳ
2637 3013 2728 3063 ἐπὶ
2774 3011 2841 3064 τά
2872 3009 3107 3072 ἐναντία,
3156 3009 3253 3078 οὐχ
3290 2999 3477 3078 ὁμοίαῦ
3519 3008 3632 3071 ἕξει

2065 3104 2501 3176 εἰδωλολατρείας
2535 3102 2826 3170 ἀπολογίαν
2868 3101 2944 3172 τῷ
2981 3101 3087 3154 ἀπὸ
3124 3100 3372 3170 πατέρων
3417 3099 3632 3169 ἀνόμων

2065 3195 2551 3265 ἀνατεθραμμένῳ,
2587 3192 2680 3246 καὶ
2714 3191 2881 3245 ἐθνῶν
2929 3189 3167 3262 ἀρχῆθεν
3205 3189 3314 3258 (68)
3351 3187 3632 3242 εἰδωλολα-

2064 3289 2211 3359 τρεῖν
2236 3286 2650 3356 δεδιδαγμένων.
2699 3285 2912 3351 Κύριος
2956 3280 3148 3350 κρινεῖ
3177 3282 3383 3346 λαούς.
3424 3280 3632 3342 Ἀλλως

2063 3379 2154 3431 τὸν
2217 3376 2485 3439 Ἰουδαῖον,
2520 3377 2612 3430 καὶ
2664 3374 2835 3437 ἄλλως
2870 3373 2959 3425 τὸν
3006 3371 3236 3442 Σκύθην.
3275 3373 3330 3424 ὐ
3368 3370 3464 3458 ire?
3521 3369 3630 3440 γὰρ

2066 3467 2471 3522 ὲπαναπαύεται
2498 3468 2666 3537 νόμῳ,
2691 3466 2784 3518 καὶ
2817 3464 3082 3534 καυχᾶται
3115 3464 3171 3515 ἐν
3193 3461 3330 3532 Θεῷ,
3368 3459 3458 3514 καὶ
3488 3460 3630 3512 δοκι-

2070 3558 2229 3632 μάζει
2259 3560 2324 3613 τά
2358 3559 2696 3628 διαφέροντα.
2746 3557 3161 3627 Κατηχούμενος
3195 3555 3267 3608 ὢν
3304 3556 3367 3608 ἐκ
3402 3552 3494 3606 τοῦ
3538 3553 3623 3605 νό-

2069 3668 2192 3720 μου,
2226 3649 2320 3702 καὶ
2350 3649 2483 3720 πρὸς
2507 3651 2622 3711 ταῖς
2657 3648 2858 3708 κοιναῖς
2886 3646 2972 3697 ἀεὶ⁹
3000 3641 3624 3718 ὲννοὼιςματεπᾳδόμε-

2067 3761 2174 3808 νος,
2227 3744 2320 3796 καὶ
2364 3740 2746 3810 παιδευόμενος
2796 3740 2864 3792 τὰ
2928 3735 3233 3807 προφητικά
3289 3735 3381 3787 καὶ
3434 3732 3628 3803 νομικὲ

2066 3837 2388 3908 γράμματα,
2419 3835 2513 3888 ἐὰν
2562 3823 2755 3905 εὐρεθῇ
2785 3833 3014 3895 πταίσας
3070 3830 3420 3902 παρανόμως,
3451 3826 3628 3897 πολλῴ

2071 3925 2342 3998 βαρύτερα
2371 3924 2480 3989 ἕξει
2508 3923 2859 3994 λελογισμένοι
2904 3923 2970 3977 τὰ
3007 3923 3391 3992 ἁμαρτήματα.
3429 3917 3627 3972 Σκύθαι

2067 4019 2121 4071 δὲ
2155 4016 2420 4086 Νομάδες,
2455 4002 2748 4085 ἀνημέροις
2775 4013 2866 4066 καὶ
2895 4011 3274 4082 ἀπανθρώποις
3307 4008 3626 4080 συντραφέν-

2065 4127 2156 4173 τες
2186 4107 2392 4178 ἦθεσιν,
2441 4109 2719 4179 ἁρπαγαῖς
2767 4106 2858 4158 καὶ
2889 4107 3028 4175 βίαις
3081 4107 3196 4168 ταῖς
3244 4104 3360 4157 κατ’
3391 4101 3627 4170 ἀλλήλων

2069 4199 2423 4270 ὲνειθισμένοι
2457 4198 2590 4268 (69),
2639 4197 2892 4269 ἀκρατῶς
2938 4198 3034 4268 μὲν
3066 4196 3276 4266 ἔχοντες
3311 4191 3502 4263 θυμοῦ,
3533 4191 3625 4243 καὶ

2069 4290 2300 4352 εὐκόλως
2319 4291 2396 4352 εἰς
2423 4289 2546 4351 τοὺς
2573 4290 2690 4340 κατ’
2723 4287 2962 4357 ἀλλήλων
2988 4287 3359 4356 παροξυσμοὺς
3390 4280 3624 4353 ἐρεθιζό-

410 4393 610 4447 tionem
639 4391 784 4448 ferro
815 4393 1091 4459 dirimere,
1143 4395 1508 4464 sanguineque
1564 4395 1748 4465 praelia
1809 4395 1961 4450 [inire

2072 4398 2244 4450 μενοι,
2283 4382 2460 4433 πᾶσαν
2508 4379 2563 4432 δὲ
2592 4378 2921 4449 φιλονεικίαν
2972 4378 3175 4447 σιδήρῳ
3216 4375 3419 4446 κρίνειν
3460 4390 3623 4425 συνει-

405 4483 602 4548 edocti,
653 4487 696 4540 si
752 4501 913 4555 quam
965 4486 1349 4539 lmmanitatem
1399 4497 1494 4541 aut
1535 4487 1828 4541 bonitatem
1863 4486 1965 4541 sibi

415 4577 645 4631 invicem
699 4578 1072 4645 ostenderint,
1127 4594 1221 4647 per
1266 4579 1521 4646 praeclara
1571 4594 1668 4633 sua
1720 4579 1964 4634 facinora

404 4670 694 4726 vindictam
750 4671 1079 4726 acerbiorem
1135 4671 1288 4726 nobis
1341 4679 1555 4741 parant.
1603 4669 1798 4724 Judica
1852 4687 1962 4737 me,

410 4761 644 4828 Domine,
701 4763 985 4817 secundum
1049 4763 1316 4833 justitiam
1364 4779 1552 4827 meam,
1607 4773 1654 4816 et
1682 4762 1961 4817 secundum

405 4854 756 4906 innocentiam
824 4871 990 4908 meant
1055 4871 1208 4923 super
1259 4871 1359 4910 me.
1392 4853 1517 4910 Haec
1557 4856 1718 4906 verba
1750 4852 1962 4920 superbi

407 4943 628 5012 aliquid,
660 4953 710 4998 et
734 4947 873 5013 quod
900 4946 1190 5014 precationi
1231 4944 1486 5000 Pharisaei
1510 4959 1627 4998 sese
1657 4943 1966 4998 extollentis

407 5033 641 5088 assimile
679 5035 770 5098 sit,
802 5035 1119 5090 videbuntur
1171 5038 1369 5092 habere
1405 5055 1417 5091 :
1451 5045 1684 5088 attamen
1740 5034 1966 5092 candide

410 5125 938 5194 intuenti,Pr0plteta
953 5128 1018 5179 ab
1050 5127 1150 5180 hoc
1172 5129 1350 5181 animo
1379 5128 1560 5194 procul
1595 5126 1749 5196 103
1779 5127 1966 5180 abesse

405 5217 750 5286 judicabitur.
801 5219 993 5272 Judt'ca
1031 5235 1130 5283 me,
1170 5218 1407 5282 Domine,
1449 5220 1641 5287 inquit,
1682 5218 1962 5272 secundum

481 5379 590 5450 (66)
618 5379 749 5447 Reg.
780 5377 967 5452 tertius
996 5378 1154 5452 liabet
1176 5378 1398 5452 γνώμην
1422 5394 1518 5447 pro
1535 5381 1732 5452 κρίσιν.
1764 5380 1963 5435 Ibidem

410 5451 462 5504 in
485 5448 670 5502 eodem
701 5451 884 5504 codie-e
915 5449 1105 5518 legitur
1131 5448 1288 5518 ἡμῶν
1313 5449 1400 5502 τά.

481 5521 590 5588 (67)
619 5519 746 5590 Reg.
770 5519 971 5591 tertius
1013 5519 1277 5591 ἀκρόασιν
1314 5519 1528 5587 λογίων.
1571 5519 1761 5574 Statim
1792 5520 1958 5576 codex

411 5588 547 5644 idem
577 5588 870 5660 σωτηρίας.

483 5660 592 5730 (68)
622 5658 767 5714 Coll).
794 5670 1017 5730 quartus
1053 5660 1220 5716 ἐθνῶν
1256 5658 1313 5726 ἐξ
1345 5659 1538 5732 ἀρχῆς.
1574 5661 1768 5716 ibidem
1797 5659 1958 5715 editio

2072 4471 2330 4541 θισμένοι,
2362 4470 2456 4522 καὶ
2497 4469 2688 4540 αἵματι
2734 4468 2833 4532 τάς
2868 4468 3040 4540 μάχας
3076 4467 3218 4520 λύειν
3247 4467 3648 4537 δεδιδαγμένοι,

2071 4564 2164 4617 ἐάν
2194 4582 2245 4617 τι
2276 4562 2410 4634 πρὸς
2438 4561 2700 4633 ἀλλήλους
2727 4559 3104 4631 φιλάνθρωπον
3141 4560 3233 4612 καὶ
3258 4559 3488 4630 χρηστὸν
3519 4560 3622 4610 ἑπι-

2068 4655 2362 4722 δείξωνται,
2388 4657 2518 4726 ἡμῖν
2543 4654 2843 4725 βαρυτέραν
2874 4651 2960 4705 διά
2982 4651 3087 4703 τῶν
3112 4650 3253 4704 ἰδίων
3278 4649 3623 4720 κατορθωμά-

2069 4765 2175 4800 των
2201 4748 2298 4818 τὴν
2327 4746 2593 4816 τιμωρίαν
2633 4742 3122 4814 παρασκευάζουσι.
3163 4741 3379 4811 Κρῖνόν
3399 4757 3494 4809 με,
3524 4740 3618 4793 Κύ-

2058 4853 2172 4905 ριε,
2205 4835 2351 4889 κατὰ
2391 4833 2504 4903 τὴν
2544 4833 2937 4898 δικαιοσύνην
2987 4849 3127 4899 μου,
3174 4831 3268 4884 καὶ
3319 4830 3464 4883 κατὰ
3517 4829 3618 4896 τὴν

2067 4930 2322 4984 ἀκακίαν
2347 4945 2466 4998 μου
2499 4928 2589 4980 ἐπ’
2636 4928 2784 4996 ἐμοι.
2819 4926 2967 4992 Δόξει
3008 4943 3060 4978 τι
3085 4929 3112 4979 ό
3139 4925 3289 4993 λόγος
3316 4923 3616 4986 ἀλαζονικὸν

2071 5020 2212 5089 ἔχειν
2251 5018 2345 5070 καὶ
2371 5016 2746 5087 παραπλήσιον
2771 5018 2833 5085 τῇ
2865 5016 2994 5084 εὐχῇ
3030 5014 3122 5067 τοῦ
3154 5011 3408 5084 ὐψοῦντος
3442 5012 3608 5065 ἑαυτὸ*

2068 5109 2379 5182 Φαρισαίουο
2415 5109 2765 5178 εὐγνωμόνως
2804 5106 2859 5158 δὲ
2899 5106 3181 5158 σκοποῦντι
3223 5104 3433 5176 μακρὰν
3461 5103 3604 5173 γενή-

2070 5219 2219 5257 σεται
2243 5204 2341 5272 τῆς
2368 5200 2618 5270 τοιαύτης
2668 5197 2955 5262 διαθέσεως
3006 5201 3034 5250 ὁ
3080 5201 3378 5269 προφήτης.
3413 5194 3606 5264 Κρῖνόῑ

2072 5379 2242 5433 Paris.
2270 5377 2684 5445 δεδιδαγμένων.
2709 5376 2883 5429 Editio
2907 5374 3068 5445 Basil.
3087 5389 3205 5445 cum
3229 5371 3410 5445 Regiis
3430 5371 3622 5440 primo,

2070 5451 2303 5504 secundo
2367 5458 2420 5500 et
2461 5443 2676 5511 ‘qnarto
2733 5443 3113 5513 δεδιδαγμένῳ.
3178 5443 3412 5513 Subinde
3492 5457 3618 5513 Il|§~io

2068 5536 2253 5572 otnnes
2291 5507 2691 5586 κατηχούμενος
2727 5513 2830 5594 ων.
2871 5507 3006 5594 Eiliti
3055 5507 3451 5594 κατηχούμενος
3497 5507 3617 5594 ρῦν.

2139 5587 2246 5658 (69)
2297 5582 2472 5658 Editio
2522 5582 3020 5658 Parimijﬁta’pévot.
3068 5582 3242 5638 I‘Zditio
3297 5582 3457 5636 Basil.
3494 5583 3618 5654 ἐνηη

2067 5653 2329 5733 θισμένοι.
2359 5657 2425 5711 At
2455 5671 2581 5710 mss.
2613 5666 2718 5710 tres
2744 5653 3118 5726 ὲνειθισμένοι.
