4008 6402
287 362 388 418 241
1486 363 1772 420 HOMILIA
1816 367 1840 420 1η

1945 369 2243 424 »δΑιιιωιι
2271 370 2380 425 Vll.
3412 379 3511 436 249

277 491 376 544 με,
400 477 597 542 Κύριε,
635 473 786 545 φησὶ,
825 474 975 528 κατὰ
1004 475 1116 542 τὴν
1163 477 1556 544 δικαιοσύνην
1586 443 1725 547 μοι).
1753 481 1840 532 Πο-

1954 482 2222 551 justitiam
2257 501 2444 538 meam.
2482 483 2752 555 Multiplex
2805 495 2922 554 est,
2974 489 3167 560 inquit,
3205 491 3270 547 de
3303 491 3509 559 justitia

281 565 400 630 λὺς,
427 567 608 637 φησιν,
634 567 779 619 ἐστὶν
815 567 843 619 ὁ
881 567 1126 639 περὶτῆς
1157 567 1501 638 δικαιοσύνης
1535 569 1709 636 λόγος,
1764 571 1858 622 καὶ

279 656 580 725 δυσέφικτα
611 657 707 727 τῆς
737 657 946 720 τελείας
972 657 1312 728 δικαιοσύνης
1342 659 1408 710 τὰ
1439 659 1667 729 πέρατα.
1701 660 1869 712 Ἔστι

279 750 391 820 γάρ
410 761 459 802 τε,
478 797 490 812 ,
511 751 605 802 καὶ
629 750 874 818 ἀγγέλων
901 750 1209 822 δικαιοσύνη
1229 751 1737 823 ύπεραναϐεὸηκυῖα
1756 753 1853 823 τὴν

279 841 391 894 τῶν
424 841 747 912 ἀνθρώπων,
804 843 896 895 καὶ
939 844 990 896 εί
1016 860 1096 906 τις
1126 843 1264 915 ὑπὲρ
1309 843 1575 912 ἀγγέλους
1604 843 1852 914 δύναμις,

277 933 651 1001 ἀναλογοῦσαν
679 932 789 1002 ἔχει
809 932 885 1004 τῷ
911 933 1126 1003 μεγέθει
1153 933 1247 986 καὶ
1273 933 1370 1005 τὴν
1392 935 1487 1004 τῆς
1510 933 1854 1003 δικαιοσύνης

277 1025 572 1095 ὑπεροχήνο
604 1025 698 1076 καὶ
723 1023 883 1077 αὐτοῦ
911 1025 1002 1077 τοῦ
1039 1025 1172 1078 Θεοῦ
1196 1028 1229 1096 ἡ
1260 1025 1570 1096 δικαιοσύνη
1605 1029 1637 1097 ἡ
1669 1028 1838 1098 ὑπερ-

275 1113 474 1184 έχουσα
512 1115 689 1168 πάντα
726 1115 870 1180 νοῦν,
909 1117 1143 1187 ᾶρῤητος
1173 1111 1305 1170 οὖσα
1337 1117 1431 1170 καὶ
1468 1117 1844 1189 ἀκατάληπτος

272 1208 424 1277 πάσῃ
448 1209 511 1277 τῇ
530 1209 728 1276 γενητῇ
759 1206 866 1277 (70)
901 1205 1079 1276 φύσει.

344 1298 397 1351 6.
441 1297 571 1366 Ἐμὲ
608 1293 719 1352 οὖν
743 1298 967 1365 κρῖνον,
1003 1299 1202 1366 Κύριε,
1240 1297 1389 1351 κατὰ
1427 1297 1542 1367 τὴν
1569 1299 1722 1370 ἐμὴν
1757 1299 1842 1352 δι-

271 1390 625 1455 καιοσύνην
671 1388 932 1452 τουτέστι,
965 1387 1062 1459 τὴν
1103 1389 1328 1459 ἐφικτὴν
1365 1391 1478 1452 τοῖς
1521 1389 1842 1461 ἀνθρώποις,

235 1535 247 1541 ,
270 1482 367 1535 καὶ
393 1480 619 1551 δυνατὴν
648 1483 758 1543 τοῖς
789 1482 845 1533 ὲν
878 1481 1038 1551 σαρκὶ
1071 1480 1221 1544 ζῶσι.
1249 1480 1356 1534 Καὶ
1385 1480 1534 1534 κατά
1563 1481 1675 1550 τὴν
1704 1482 1845 1534 ἀκαν-

269 1573 406 1625 utar
435 1588 552 1640 μου
581 1573 671 1624 ἐπ’
701 1573 849 1640 ἐμοί.
903 1571 1057 1625 Οὕτω
1098 1571 1205 1644 γὰρ
1257 1572 1489 1644 μάλιστα
1524 1573 1840 1626 συνίσταται

266 1665 300 1733 ἡ
335 1663 572 1724 διάθεσις
607 1663 699 1715 τοῦ
738 1663 986 1731 λέγοντος
1031 1665 1164 1716 πολὺ
1216 1663 1430 1734 μακρὰν
1465 1660 1599 1718 οὖσα
1620 1665 1715 1736 τῆς
1743 1682 1845 1733 φα-

269 1754 529 1826 ρισαῖκῆς
558 1755 952 1825 ὑπερηφανίας.
994 1756 1251 1808 Ἀκακίαν
1289 1755 1396 1826 γὰρ
1427 1755 1618 1808 ἑαυτοῦ
1649 1755 1845 1826 ὀνομά-

267 1847 350 1909 ζει
381 1845 476 1916 τὴν
506 1846 666 1900 οἱονεὶ
696 1845 1061 1917 ἀκεραιότητα
1113 1846 1206 1900 καὶ
1229 1846 1481 1918 ἀπειρίαν
1509 1846 1616 1902 τῶν
1655 1846 1844 1916 χρησί-

266 1956 388 2007 μων
426 1939 504 2000 εἰς
525 1937 746 2006 γνῶσιν,
801 1938 940 1991 κατά
988 1938 1048 1990 τὸ
1086 1941 1373 2009 εἰρημένον
1415 1941 1471 1993 ἐν
1507 1943 1624 2003 ταῖς
1646 1942 1845 2012 Παροι-

266 2029 440 2099 μίαις,
468 2031 547 2082 ὅτι
585 2030 842 2095 Ἀκακος
869 2031 1134 2084 πιστεύει
1161 2032 1337 2085 παντὶ
1363 2033 1540 2101 λόγῳ.
1577 2033 1730 2085 Ἐπεὶ
1750 2028 1841 2086 οὖν

265 2122 485 2186 πολλοῖς
511 2122 834 2191 ἀφυλάκτως
868 2123 1268 2193 περιπίπτομεν
1302 2123 1360 2189 ὲξ
1387 2124 1640 2196 ἀπειρίας
1665 2125 1714 2177 οἱ
1753 2125 1843 2179 ἇν-

263 2213 495 2283 θρωποι,
530 2217 871 2282 παραιτεῖται
917 2214 1007 2266 τὸν
1056 2215 1186 2268 Θεὸν
1217 2215 1310 2268 καὶ
1344 2214 1486 2281 ἀξιοῖ
1516 2214 1865 2288 συγγνώμης,

263 2305 448 2373 τυχεῖν
483 2303 574 2356 ἐπὶ
606 2305 669 2373 τῇ
694 2303 916 2376 ἀκακία.
959 2305 1052 2357 Ἐκ
1073 2305 1128 2358 δὲ
1155 2305 1346 2359 τούτου
1375 2306 1529 2377 δῆλόν
1565 2308 1710 2361 ἐστιν
1758 2308 1840 2361 ὅτι

264 2392 771 2463 ταπεινοφροσύνην
817 2393 910 2446 τοῦ
951 2393 1197 2462 λέγοντος
1229 2395 1520 2466 παρίστησι
1560 2395 1756 2466 μᾶλλον
1806 2395 1838 2466 ἢ

263 2485 643 2555 ὑπερηφανίαν
701 2486 770 2539 τά
816 2487 1100 2558 εἰρημένα.
1160 2485 1379 2554 Κρῖνον
1421 2486 1529 2557 γάρ
1557 2503 1657 2556 με,
1685 2487 1837 2557 φησι,

267 2577 424 2629 κατὰ
459 2575 573 2644 τὴν
597 2575 750 2646 ἐμὴν
790 2576 1209 2646 δικαιοσύνην,
1238 2577 1332 2632 καὶ
1369 2577 1551 2649 κρῖνὸν
1585 2595 1651 2648 με
1691 2577 1840 2632 κατὰ

261 2669 383 2736 τὴν
407 2670 670 2724 ἀκακίαν
697 2670 794 2742 τὴν
825 2666 989 2724 οὖσαν
1038 2671 1124 2724 ἐπ’
1153 2671 1295 2742 ἐμοί.
1337 2670 1410 2723 Τὸ
1447 2671 1542 2741 μὲν
1565 2670 1840 2741 δικαίωμά

264 2781 372 2834 μου
401 2764 466 2834 τῇ
497 2761 746 2833 ἀσθενείᾳ
790 2761 1174 2832 παρεξετάζων
1215 2764 1283 2832 τῇ
1311 2761 1645 2832 ἀνθρωπίνῃ,
1699 2760 1841 2814 οὕτω

262 2853 449 2926 κρῖνόν
496 2869 582 2923 με’
637 2852 734 2923 τὴν
766 2851 822 2904 δὲ
852 2851 1130 2924 ἁπλότητα
1170 2852 1278 2906 τῶν
1303 2851 1517 2923 τρόπων
1550 2869 1650 2923 μου
1675 2869 1840 2906 κατα-

1961 590 2158 636 sermo,
2190 575 2487 642 aejustitlaz
2511 577 2757 647 perfecta:
2783 576 2913 635 ﬁnes
2934 590 3089 649 captu
3106 593 3229 636 sunt
3252 583 3508 642 diliiciles.

1956 664 2050 718 Est
2083 670 2224 719 enim
2258 677 2312 718 et
2346 667 2660 736 angelorum
2683 670 2890 738 justitia
2944 674 3207 739 quaedam,
3255 689 3372 743 qua:
3411 679 3511 732 bu.

1956 772 2167 809 manam
2203 757 2356 826 longe
2388 768 2610 828 superat
2645 779 2659 816 :
2693 771 2747 814 et
2773 763 2816 816 si
2851 778 2953 832 qua
2989 773 3071 818 est
3097 765 3265 820 virtus
3309 768 3512 838 angelis

1961 849 2243 918 superior,
2291 850 2516 919 justitia:
2569 855 2935 922 praestantiam
2990 858 3341 927 magnitudini
3401 875 3512 914 sua:

1954 950 2340 1009 congruentem
2396 941 2577 998 habet.
2613 942 2750 1009 Quin
2797 949 2954 999 etiam
2991 956 3072 1000 est
3103 948 3380 1015 ipsiusmet
3415 949 3508 1004 Dei

1958 1030 2192 1101 justitia.
2220 1047 2337 1100 quae
2384 1048 2597 1086 onmem
2640 1036 2968 1089 transcendit
2995 1035 3341 1104 intellectum,
3365 1053 3504 1106 qua--

1950 1133 2055 1187 que
2090 1117 2374 1171 inell‘abilis
2409 1133 2514 1183 est,
2547 1119 2798 1189 omnique
2844 1132 3039 1176 creatae
3075 1132 3278 1176 natura:
3307 1123 3504 1177 incom-

1950 1207 2339 1274 prehensibilis.
2357 1224 2384 1261 ι.
2711 1211 2731 1233 ⁶

2025 1299 2077 1352 6.
2120 1298 2207 1352 Me
2241 1299 2402 1368 igitur
2431 1298 2637 1368 judico,
2675 1299 2914 1366 Domine,
2940 1304 3220 1357 secundum
3242 1305 3504 1373 justitiam

1954 1405 2160 1453 meam;
2191 1389 2241 1442 id
2275 1399 2377 1454 est,
2408 1407 2548 1454 eam,
2583 1407 2699 1460 qua:
2727 1393 2793 1446 ab
2845 1393 3146 1450 hominibus
3177 1399 3380 1467 acquiri
3411 1415 3504 1468 po-

1954 1485 2076 1538 test,
2113 1492 2341 1544 qumque
2366 1491 2554 1532 eorum
2585 1479 2674 1548 qui
2713 1480 2764 1532 in
2797 1493 2959 1535 carne
2992 1483 3198 1548 vivunt,
3229 1486 3369 1541 vires
3398 1505 3501 1542 non

1949 1577 2182 1635 superat.
2217 1565 2281 1619 Et
2311 1569 2590 1621 secundum
2627 1571 2977 1625 innocentiam
3024 1591 3190 1628 meam
3229 1593 3381 1646 super
3403 1597 3499 1635 me.

1948 1653 2038 1709 Sic
2061 1657 2202 1709 enim
2236 1656 2470 1710 maxime
2501 1657 2768 1725 loquentis
2801 1660 3024 1716 aﬂ‘ectus
3071 1667 3252 1732 procul
3297 1683 3324 1718 a
3363 1667 3501 1722 Pha-

1946 1745 2086 1800 risaei
2123 1747 2429 1816 arrogantia
2477 1747 2733 1818 probatur
2763 1749 2980 1804 distare.
3015 1750 3224 1807 Etenim
3251 1755 3503 1811 innocen-

1946 1841 2072 1892 tiam
2111 1855 2262 1893 suam
2286 1840 2550 1904 nominat,
2590 1842 2741 1908 quasi
2775 1843 3195 1912 simplicitatem,
3225 1861 3289 1900 ac
3338 1847 3499 1903 insci-

1946 1933 2072 1984 tiam
2133 1946 2318 1985 eorum
2371 1945 2488 2000 qua:
2539 1932 2754 2002 cognitu
2820 1933 2967 1986 utilia
3021 1945 3194 1988 sunt:
3261 1936 3400 1990 sicut
3447 1937 3499 1991 in

1941 2025 2246 2080 Proverbiis
2292 2025 2489 2078 dicitur
2523 2043 2535 2078 :
2565 2024 2821 2079 Imtocens
2871 2026 3033 2080 credit
3082 2028 3220 2081 omni
3268 2030 3415 2082 uerbo
3433 2028 3499 2082 ⁸⁸.

1943 2119 2206 2186 Quoniam
2242 2118 2422 2186 itaque
2471 2134 2568 2172 nos
2600 2118 2846 2174 homines
2887 2119 2938 2174 in
2976 2119 3163 2174 multis
3193 2120 3407 2174 incaute
3435 2135 3498 2175 ex

1945 2210 2208 2279 imperitia
2271 2207 2633 2275 oﬂ‘endimus,
2696 2210 2860 2264 Deum
2914 2220 3088 2278 rogat,
3149 2210 3388 2280 petitque
3445 2219 3502 2264 ιιι

1943 2304 2150 2356 veniam
2187 2312 2405 2370 propter
2459 2300 2820 2354 innocentiam
2858 2313 3198 2370 assequatur.
3235 2303 3359 2357 lude
3403 2318 3503 2358 au-

1944 2401 2046 2445 tem
2077 2391 2417 2445 manifestum
2456 2400 2539 2443 est
2568 2389 2835 2456 loquentis
2857 2390 3211 2444 humilitatem
3232 2391 3314 2446 his
3346 2393 3503 2446 dictis

1941 2485 2110 2554 magis
2146 2484 2396 2550 iudicari,
2436 2499 2595 2553 quam
2652 2483 2978 2552 superbiam.
3010 2482 3201 2536 Judica
3233 2501 3312 2536 me
3334 2484 3501 2554 enim,

1946 2576 2139 2645 inquit,
2211 2576 2494 2628 secundum
2551 2574 2816 2645 justitiam
2873 2591 3058 2639 meam,
3097 2585 3143 2628 et
3193 2574 3367 2644 judica
3417 2591 3502 2628 me

1940 2669 2222 2723 secundum
2276 2669 2627 2724 innocentiam
2687 2668 2738 2720 in
2795 2682 2879 2721 me
2925 2668 3291 2722 exsistentem.
3322 2666 3502 2736 Itaque

1935 2762 2201 2832 justitiam
2235 2761 2449 2831 quidem
2489 2776 2660 2813 meam
2713 2760 3002 2831 fragilitate
3051 2762 3281 2814 humana
3315 2760 3499 2814 adme-

1943 2856 2213 2924 tiens,,sie
2237 2854 2416 2923 judiea
2451 2869 2535 2908 me
2564 2873 2576 2909 :
2614 2870 2817 2907 morum
2856 2869 2978 2908 vero
3023 2871 3260 2909 meorum
3295 2855 3498 2922 simpli-

268 2943 480 3016 μαθὼν,
510 2944 582 3016 μὴ
617 2945 690 3006 ὡς
716 2943 824 3014 (71)
856 2944 1083 3015 ὲντρεχῆ
1117 2961 1206 3014 με,
1243 2943 1376 3016 μηδὲ
1420 2944 1495 3007 ὼς
1525 2943 1840 3015 εὑπερίδλε-

1945 2946 2160 2998 citatem
2199 2945 2406 3006 doctus,
2455 2957 2539 2996 me
2576 2959 2678 2996 non
2712 2954 2769 2996 ut
2809 2959 3078 3014 sagacem,
3121 2960 3293 3013 neque
3337 2956 3394 2998 ut
3449 2947 3500 3000 in

263 3055 397 3090 πτον
422 3038 501 3100 εἰς
519 3036 588 3089 τὰ
615 3036 706 3088 τοῦ
731 3036 934 3107 κόσμου
959 3036 1277 3108 πράγματα,
1313 3035 1485 3100 οὕτως
1509 3037 1840 3108 ἁμαρτάνον⁴

1945 3035 2128 3090 mundi
2215 3035 2445 3104 negotiis
2497 3034 2988 3103 circumspectum,
3055 3035 3126 3087 ita
3195 3044 3498 3104 peccantem

261 3129 334 3182 τά
365 3145 429 3198 με
448 3127 838 3201 καταδικάσῃς.
871 3127 1286 3198 Συντελεσθήτω
1307 3128 1370 3200 δὴ
1402 3131 1633 3200 πονηρία
1666 3132 1840 3200 ἀμαρ-

1945 3127 2284 3181 condetnnes.
2317 3126 2476 3181 Vsus.
2536 3125 2621 3178 10.
2656 3123 3053 3180 Consummatur
3094 3143 3229 3179 nunc
3271 3127 3500 3196 nequitia

259 3219 471 3273 τωλῶν.
520 3219 808 3290 Ἀντικρυς
858 3220 1104 3292 μαθητής
1158 3221 1274 3273 ἐστι
1315 3220 1423 3273 τῶν
1474 3221 1840 3290 εὐαγγελικῶν

1945 3230 2286 3285 peccatorum.
2326 3219 2448 3274 llaec
2479 3220 2567 3288 qui
2624 3228 2894 3286 precatur,
2929 3217 3110 3285 procul
3147 3219 3306 3272 dubio
3333 3233 3501 3274 evan-

263 3310 702 3382 προσταγμάτων
721 3310 931 3364 όταῦτα
973 3309 1284 3382 εὐχόμενος.
1316 3311 1680 3384 Προσεύχεται
1734 3313 1839 3387 γὰρ

1945 3312 2228 3382 gelicorum
2287 3321 2672 3379 praceptorum
2725 3308 3016 3379 discipulus
3067 3319 3167 3362 est.
3198 3308 3328 3364 Orat
3356 3310 3496 3364 enim

263 3401 408 3472 ὑπὲρ
437 3402 544 3454 τῶν
575 3400 986 3472 ἐπηρεαζόντων
1009 3403 1190 3467 αὑτὸν,
1212 3401 1375 3466 ἀξιῶν
1400 3403 1592 3474 πέρατι
1617 3405 1708 3456 καὶ
1729 3405 1839 3476 ὅρῳ

261 3492 370 3544 τινὶ
409 3492 509 3564 τὴν
549 3492 812 3562 πονηρίαν
835 3491 941 3544 τῶν
966 3492 1383 3564 ἁμαρτανόντων
1413 3493 1838 3564 περιγραφῆναι.

265 3585 475 3656 Ὥσπερ
497 3583 562 3638 ἂν
584 3586 637 3638 εῖ
652 3603 734 3649 τις
749 3585 888 3659 ὑπὲρ
906 3585 1010 3640 τῶν
1029 3586 1340 3657 καμνόντων
1367 3586 1428 3639 τὸ
1446 3585 1602 3656 σῶμα
1621 3603 1842 3656 προσευ-

261 3677 328 3748 χό
335 3694 489 3747 μενος
501 3677 667 3746 λέγοι·
684 3677 1089 3750 Συντελεσθήτω
1103 3677 1165 3748 δὴ
1182 3681 1214 3749 ἡ
1229 3679 1377 3741 νόσος
1388 3678 1495 3730 τῶν
1506 3677 1838 3748 καμνόντων.

264 3770 383 3821 ’Ὶνα
397 3769 504 3841 γὰρ
525 3769 597 3840 μὴ
613 3770 704 3822 ἐπὶ
716 3770 874 3824 πλέον
889 3771 1132 3841 ἕρπουσα
1147 3770 1220 3833 ὡς
1235 3770 1342 3840 (Ἱὲ)
1356 3770 1661 3841 γάγγραινα
1673 3767 1842 3839 νομὴν

259 3858 560 3932 λαμϐάνῃή
582 3860 844 3931 ἁμαρτία,
860 3858 1075 3930 εὔχεται
1093 3859 1243 3931 παρά
1257 3860 1410 3924 Θεοῦ,
1432 3859 1842 3930 στῆναικαὶὸρισ

263 3949 460 4020 σθῆναι
475 3951 570 4022 τὴν
586 3953 675 4003 ἐπὶ
688 3951 846 4005 πλέον
863 3951 1016 4022 χύσιν
1028 3951 1127 4021 τῆς
1142 3953 1175 4004 ἀ
1181 3969 1254 4021 μα
1262 3951 1432 4022 ρτίας,
1448 3953 1475 4004 ὁ
1487 3950 1709 4020 ἀγαπῶν
1720 3952 1844 4014 τοὺς

260 4043 490 4114 ἐχθροὺς
511 4041 695 4107 αὑτοῦ,
711 4043 804 4096 καὶ
820 4042 996 4105 καλῶς
1009 4045 1180 4096 ποιεῖν
1203 4043 1326 4104 τοὺς
1349 4041 1636 4112 μισοῦντας
1654 4041 1837 4112 βουλό-

263 4149 446 4201 μενος,
473 4133 566 4185 καὶ
586 4131 671 4184 διὰ
683 4131 840 4184 τοῦτο
856 4133 1287 4202 προσευχόμενος
1304 4133 1443 4203 ὑπὲρ
1471 4131 1578 4184 τῶν
1603 4133 1836 4203 ἐπηρεα-

260 4225 462 4290 ζόντων
500 4223 804 4276 αύτόν.Καὶ
842 4223 1489 4289 κατευθυνεῖςδίκαιον.
1519 4222 1694 4293 Εύθὴς
1721 4221 1841 4275 ὁδί·

1939 3417 2036 3471 pro
2063 3402 2500 3473 persequentibus
2519 3401 2709 3471 ipsum,
2739 3401 2971 3469 petitque
2990 3411 3044 3453 ut
3076 3400 3177 3454 ﬁne
3201 3411 3254 3455 et
3276 3401 3500 3456 termino

1942 3494 2179 3563 quodam
2259 3501 2601 3559 peccatorum
2674 3492 2928 3559 iniquitas
3003 3491 3495 3546 circumscribatur.

1943 3586 2423 3652 Quemadmodum,
2458 3584 2503 3638 si
2571 3585 2692 3653 quis
2749 3599 2843 3652 pro
2897 3584 2962 3638 iis
3020 3584 3108 3654 qui
3166 3599 3312 3653 aegro
3375 3597 3498 3639 sunt

1942 3693 2186 3745 corpore,
2239 3676 2556 3744 deprecans,
2602 3675 2842 3728 diceret:
2893 3675 3314 3734 Consummetur
3359 3692 3499 3731 nunc

1941 3767 2312 3838 :Pgrotantium
2374 3769 2613 3820 morbus.
2675 3766 2882 3820 Etenim
2943 3783 3008 3821 ne
3072 3782 3292 3835 serpens
3340 3767 3498 3821 latius

1944 3871 2243 3931 peccatum,
2271 3858 2412 3912 velut
2435 3873 2717 3928 gangraena
2751 3859 2974 3912 ulterius
3000 3861 3341 3928 depascatur,
3369 3861 3498 3926 petit

1943 3968 1972 4007 a
2020 3954 2166 4016 Deo,
2228 3961 2286 4004 ut
2337 3951 2578 4015 sistatur,
2632 3949 3208 4018 circumscribaturque
3271 3951 3498 4018 amplior

1943 4046 2149 4115 peccati
2202 4044 2436 4098 elTusio:
2497 4043 2694 4111 quippe
2749 4040 2991 4095 inimicos
3037 4056 3164 4095 suos
3221 4041 3495 4109 diligebat,

1945 4138 2118 4206 iisque
2148 4135 2343 4204 quibus
2383 4133 2588 4188 invisus
2640 4141 2777 4194 erat,
2811 4132 3022 4185 volebat
3073 4131 3408 4197 benefacere,
3444 4145 3497 4200 et

1945 4229 2065 4282 ideo
2092 4225 2414 4296 precabatur
2461 4239 2556 4292 pro
2584 4224 3028 4292 persequentibus
3062 4223 3255 4292 ipsum.
3311 4223 3377 4277 Et
3412 4227 3495 4277 di-

259 4333 413 4378 καιος
427 4315 764 4386 όνομάζεται’
799 4315 1068 4384 καὶεὺθὴς
1091 4315 1246 4386 ή(75)
1269 4315 1464 4387 καρδία
1493 4313 1838 4386 ήκατωρθω-

1947 4319 2083 4387 riges
2113 4316 2336 4386 justum.
2378 4313 2562 4369 Justus
2607 4314 2914 4376 nominatur
2963 4324 3139 4368 rectus
3173 4332 3186 4368 :
3225 4317 3351 4370 item
3380 4331 3495 4377 cor,

263 4404 423 4476 μένη.
438 4405 503 4458 Τί
517 4401 608 4457 οὖν
635 4403 876 4474 βούλεται
890 4403 1119 4459 ἐνταῦθα
1131 4406 1163 4475 ἡ
1182 4404 1452 4476 προσευχὴ
1465 4403 1540 4473 τῷ
1552 4403 1835 4474 Προφήτης

261 4494 495 4566 Εῦχεται
518 4496 625 4567 γὰρ
650 4496 739 4550 τὸν
758 4497 855 4568 ἤδη
884 4496 1072 4568 έχοντα
1090 4495 1187 4568 τὴν
1215 4496 1480 4568 εὐθύτητα
1512 4493 1835 4548 κατευθύνε-

261 4587 405 4642 σθαι.
425 4588 498 4641 οὐ
516 4587 624 4658 γὰρ
645 4589 708 4642 ἄν
729 4606 812 4652 τις
828 4589 969 4642 εῖποι
997 4585 1134 4642 εἷναί
1165 4606 1217 4640 τι
1232 4592 1287 4642 ἐν
1321 4587 1396 4658 τῷ
1414 4585 1606 4656 δικαίῳ
1627 4585 1836 4638 σκολιὸν

258 4680 379 4734 οὐδὲ
395 4679 538 4733 διεστ
546 4680 816 4752 ραμμένον
833 4681 954 4734 οὐδὲ
975 4679 1423 4754 στραγγαλιῶδες.
1440 4678 1591 4749 Τάχα
1604 4678 1658 4731 δὲ
1671 4679 1836 4747 ἀναγ-

261 4771 393 4826 καία
409 4771 551 4842 ὑπὲρ
577 4771 671 4824 τοῦ
697 4772 906 4824 δικαίου
928 4771 1210 4842 ἡαίτησις,
1232 4773 1319 4825 ἵνα
1334 4771 1392 4824 τὸ
1412 4770 1555 4824 κατά
1580 4769 1834 4840 πρόθεσιν

261 4863 426 4919 αὑτοῦ
461 4863 617 4927 eoos;
645 4863 811 4917 καὶτὸ
833 4864 1186 4936 ἀδιάστροφον
1209 4864 1305 4934 τῆς
1321 4862 1563 4934 γνώμης,
1592 4861 1746 4915 τοῦτο
1765 4865 1830 4932 τῇ

263 4959 416 5032 παρά
437 4957 532 5012 τοῦ
559 4957 693 5010 Θεοῦ
719 4958 1056 5029 χειραγωγίᾳ
1083 4956 1439 5027 κατευθυνθῇ,
1464 4956 1539 5020 ὡς
1575 4956 1709 5028 μήτε
1731 4955 1834 5009 ὑπὸ

263 5049 547 5113 ἀσθενείας
580 5050 742 5103 αὑτὸν
780 5050 1074 5103 ἀπονευσαί
1115 5066 1243 5102 ποτε
1288 5047 1380 5100 τοῦ
1413 5047 1574 5100 οἱονεὶ
1613 5046 1835 5108 κανόνος

263 5147 361 5214 τῆς
396 5141 655 5212 ἀληθείας
709 5141 839 5212 (74),
870 5141 1004 5212 μήτε
1045 5139 1149 5193 ὑπὸ
1195 5138 1287 5192 τοῦ
1315 5137 1510 5212 ἐχθροῦ
1552 5140 1648 5208 τῆς
1704 5137 1835 5208 ἀληο

344 5236 391 5270 ⁵⁸
431 5231 591 5287 Prov.
619 5248 730 5300 xw,
767 5233 852 5287 15.

333 5322 449 5393 (70)
485 5322 704 5378 Variant
757 5323 870 5379 fere.
920 5325 1063 5378 inter
1110 5340 1168 5380 se
1227 5340 1359 5379 mss.
1393 5334 1524 5386 tum,
1578 5337 1830 5377 cuva

259 5392 524 5465 γεννητός
549 5397 806 5465 occttrril.
840 5395 1110 5448 Scribitur
1130 5397 1272 5448 enim
1317 5397 1368 5448 in
1387 5396 1535 5465 “aliis
1561 5392 1836 5465 codicibus

261 5462 387 5518 cum
418 5462 641 5530 'duplici
666 5481 695 5516 ν
728 5482 741 5516 :
770 5465 822 5518 in
861 5465 980 5519 aliis
1013 5482 1132 5518 cum
1167 5466 1346 5519 unico.
1385 5463 1495 5518 Hoc
1527 5465 1641 5518 loco
1672 5462 1835 5515 editio

217 5559 222 5566 ·
264 5533 434 5606 Basil.
470 5544 522 5586 et
566 5534 711 5604 Regii
736 5536 939 5604 prinms
973 5544 1027 5590 et
1049 5546 1239 5590 sextus
1275 5537 1499 5606 γενητῇ.
1537 5535 1714 5590 Edilio
1731 5530 1833 5584 Pa-

265 5605 358 5674 ris.
389 5606 646 5674 γεννητῇ.

337 5673 451 5744 (Ἠ)
491 5672 790 5746 Verborum
840 5672 1082 5746 illorum,
1123 5673 1194 5746 μὴ
1227 5675 1321 5738 ὼς,
1357 5673 1830 5746 etc.,interpreta-

266 5741 470 5797 tionem
510 5745 700 5797 melius
724 5741 1010 5813 intelliges,
1045 5745 1087 5797 si
1115 5741 1441 5798 ea'invertas
1463 5786 1476 5803 .
1501 5744 1598 5798 hoc
1629 5741 1782 5796 modo
1809 5761 1822 5796 :

266 5830 471 5868 morum
514 5831 625 5868 vero
659 5831 888 5869 meorum
929 5815 1306 5884 simplicitatem
1354 5817 1563 5878 doctus,
1595 5817 1664 5868 ita
1710 5831 1824 5882 pec-

1941 4409 2140 4460 virtute
2168 4415 2438 4467 ornatum,
2461 4413 2681 4456 vocatur
2709 4409 2932 4455 rectum.
2952 4403 3087 4470 Quid
3109 4403 3269 4474 igitur
3295 4404 3381 4458 hic
3396 4405 3495 4459 sibi

1942 4499 2052 4553 vult
2070 4498 2347 4566 Propheta:
2371 4495 2606 4564 precatio
2624 4495 2646 4548 ?
2662 4493 2722 4550 Οι
2737 4503 2790 4549 at
2805 4495 2946 4550 enim
2966 4508 3021 4549 ut
3039 4497 3082 4549 is
3103 4495 3306 4565 quijam
3323 4507 3496 4551 rectus

1942 4599 2045 4656 est,
2065 4591 2343 4658 dirigatur.
2365 4587 2530 4642 Nemo
2560 4589 2701 4642 enim
2729 4589 2925 4642 dixerit
2953 4603 3073 4642 esse
3103 4589 3153 4642 in
3178 4589 3323 4658 justo
3346 4589 3498 4657 quid-

1940 4698 2098 4753 quam
2116 4681 2406 4751 obliquum,
2423 4688 2514 4732 aut
2531 4691 2916 4746 transversum,
2930 4690 3020 4734 aut
3035 4690 3350 4735 tortuosum.
3368 4680 3499 4736 For-

1942 4776 2102 4830 tassis
2128 4784 2306 4829 autem
2366 4773 2669 4827 necessaria
2721 4781 2800 4827 est
2836 4788 2934 4843 pro
2957 4772 3101 4840 justo
3147 4775 3408 4842 precatio,
3439 4786 3497 4829 ut

1941 4876 2148 4921 rectum
2179 4863 2341 4917 animi
2369 4863 2483 4932 ejus
2518 4863 2872 4931 propositum,
2893 4863 3499 4920 mentisimmutahilitas

1940 4957 2035 5014 Dei
2070 4959 2231 5012 ductu
2264 4958 2557 5027 dirigatur,
2582 4973 2648 5012 ne
2670 4957 2882 5026 quando
2904 4973 3011 5026 prce
3028 4959 3339 5014 inﬁrmitate
3357 4977 3384 5014 a
3407 4976 3498 5016 ve-

1942 5051 2115 5104 ritatis
2148 5051 2300 5119 quasi
2326 5064 2531 5103 canone
2553 5048 2820 5115 deﬂectat,
2846 5065 2975 5106 neve
2991 5066 3108 5104 cum
3138 5053 3375 5108 veritatis
3398 5053 3496 5106 ini-

1953 5145 2122 5199 micus
2152 5144 2423 5214 perversis
2467 5144 2729 5213 dogmatis
2769 5143 2944 5198 laedat.
2981 5143 3231 5200 Scrutans
3263 5149 3420 5199 corda
3449 5160 3496 5202 et

1941 5331 2139 5394 {autem
2166 5336 2250 5394 me
2292 5329 2603 5394 contemnas,
2634 5337 2734 5375 non
2770 5331 2838 5394 ut
2890 5339 3147 5394 sagacem,
3184 5340 3361 5394 neque,
3389 5333 3496 5381 etc.

1942 5390 2237 5463 Μιιξροιι).
2265 5393 2521 5459 septimus
2549 5390 2962 5463 ἐπηρεαζόντων
2987 5391 3150 5463 αὐτῷ.

2011 5460 2121 5528 (7'2)
2159 5445 2560 5536 liegiifprimns
2586 5445 2671 5516 et"
2695 5445 2883 5536 ter-tius
2924 5461 3016 5513 ἐπὶ
3059 5445 3238 5517 πλεῖον
3299 5466 3498 5536 προκό-

1922 5531 2274 5608 ίπτο-υσαηῲς.
2315 5533 2417 5585 Alii
2455 5548 2585 5584 mss.
2619 5543 2675 5586 ut
2701 5533 2848 5608 editi.

2009 5601 2121 5669 (75)
2157 5599 2246 5655 Sic
2297 5617 2428 5655 mss.
2467 5617 2585 5654 cum
2631 5604 2864 5657 editione
2914 5601 3080 5659 Basil.
3110 5603 3286 5659 Editio
3319 5605 3489 5663 Paris.

1937 5672 2094 5734 εὐθὺς
2293 5673 2452 5735 εὐθὺς
2473 5675 2528 5743 ἡ.

2004 5743 2111 5813 (74)
2135 5744 2283 5796 (ὶυΙΙ).
2316 5755 2538 5814 quartus
2562 5743 2780 5807 κανόνος
2799 5744 2894 5814 τῆς
2928 5743 3158 5809 εὐθείας.
