4008 6402
524 410 632 464 ειε
1834 407 1890 462 S.
1934 407 2183 463 BASILII
2217 407 2432 464 MAGNI
3659 407 3696 460 Ξ
3713 408 3780 460 Η

523 541 672 577 renes
705 522 839 577 Deus
868 523 1034 592 juste.
1091 523 1534 593 Quandoquidem
1579 523 1856 595 Scriptura
1905 526 2090 581 multis

2193 526 2344 587 Gaia;
2404 528 2518 588 τοῖς
2575 525 2974 597 ἐνδιαστρόφοις
3032 524 3264 595 δόγμασι
3327 512 3775 596 παραϐλαϐἦναι.

525 615 578 666 in
615 614 748 668 locis
773 628 868 668 cor
896 630 993 683 pro
1020 609 1306 682 principali
1344 615 1537 669 animae
1573 625 1725 686 parte
1756 616 1977 682 accipit,
2003 632 2084 670 re-

2207 611 2447 673 Ἐτάζων
2497 613 2746 682 καρδίας
2793 614 2890 667 καὶ
2941 614 3196 683 νεφροὺς
3238 618 3271 668 ὁ
3321 615 3463 680 Θεὸς
3498 615 3775 680 δικαίως.

525 719 622 758 nes
654 719 782 758 vero
829 720 923 774 pro
961 707 1376 774 concupiscente
1401 746 1416 771 ,
1464 706 1552 761 hic
1581 720 1796 775 quoque
1851 707 2084 775 idipsum

2205 705 2421 776 Ἐπειδὴ
2445 705 2671 776 καρδίαν
2696 709 2729 778 ὴ
2762 707 2801 758 Γ
2805 705 2950 778 ραφὴ
2981 706 3244 777 πολλαχοῦ
3275 708 3366 760 ἐπὶ
3389 705 3483 759 τοῦ
3505 709 3781 777 ἡγεμονι-

521 793 788 860 signiflcat
826 811 840 847 :
881 792 1367 859 nintirmn,Judica
1391 811 1487 857 me,
1527 794 1688 858 Deus,
1723 806 1829 848 tum
1853 811 1915 850 ex
1951 797 2085 850 meis

2196 798 2288 850 κοῦ
2338 798 2783 870 παραλαμϐάνει,
2828 801 3058 870 νεφροὺς
3109 800 3166 852 δὲ
3218 799 3485 869 πολλαχοῦ
3533 801 3625 853 ἐπὶ
3667 799 3779 852 τοῦ

521 883 667 936 circa
693 883 939 951 pietatem
977 883 1262 952 dogmatis,
1302 891 1413 936 tum
1447 898 1513 937 ex
1532 884 1766 938 motibus
1795 882 2082 939 affectuum

2194 889 2584 960 ἐπιθυμητικοῦ
2617 891 2718 961 τῆς
2757 891 2954 962 ψυχῆς,
2987 892 3078 944 καὶ
3107 890 3338 945 ἐνταῦθα
3386 892 3447 944 τὸ
3494 892 3627 946 αὐτὸ
3659 909 3777 961 ση-

521 987 764 1026 mcorum
805 991 817 1026 :
857 984 910 1026 tu
939 989 1173 1042 namque
1199 975 1359 1028 corda
1395 985 1449 1029 et
1501 989 1656 1030 renes
1704 977 2080 1044 perscrutaris.

2198 980 2370 1049 μαίνει
2390 997 2402 1009 °
2440 981 2541 1046 ὅτι,
2588 981 2650 1033 '0
2686 979 2848 1047 Θεὸς,
2883 981 3089 1056 κρῖνον
3111 997 3187 1049 με
3212 981 3302 1033 ὲπί
3334 997 3393 1032 τε
3420 983 3530 1044 τοῖς
3555 980 3781 1050 δόγμα-

517 1061 791 1116 Scrutatio
827 1063 1043 1130 proprie
1070 1074 1149 1117 est
1186 1063 1484 1132 inquisitio,
1524 1065 1808 1120 tormentis
1831 1065 2082 1121 omnibus

2195 1088 2272 1123 σιν
2302 1065 2382 1134 οἷς
2408 1070 2515 1142 ἔχω
2549 1073 2676 1143 περὶ⁵
2724 1073 2823 1143 τῆς
2863 1071 3165 1134 εὐσεϐείας,
3195 1072 3288 1124 καὶ
3315 1071 3406 1123 ἐπὶ
3448 1073 3557 1134 τοῖς
3599 1072 3736 1142 κινή
3756 1101 3778 1110 -

520 1152 791 1220 adjuncta,
822 1171 980 1225 quam
1014 1157 1275 1212 adversus
1298 1160 1691 1224 examinandos
1717 1159 2082 1228 adhibeutju-

2196 1178 2322 1230 μασι
2361 1165 2473 1224 τοῖς
2504 1161 2855 1232 παθητικοῖς·
2894 1163 2958 1215 σὺ
2992 1161 3097 1233 γὰρ
3139 1155 3191 1213 εἷ
3219 1164 3246 1212 6
3275 1159 3480 1224 ἐτάζων
3529 1158 3779 1230 καρδίας

517 1241 685 1306 dices,
722 1255 776 1297 ut
801 1246 832 1297 ii
862 1247 949 1312 qui
984 1245 1034 1298 in
1065 1261 1124 1300 se
1159 1255 1345 1311 tegunt
1376 1248 1663 1316 postulata,
1692 1248 1739 1302 id
1768 1250 1907 1316 quod
1944 1249 2079 1303 late-

2196 1250 2281 1303 καὶ
2321 1249 2568 1320 νεφρούς.
2621 1251 2886 1320 Ἐτασμὸς
2916 1249 3119 1322 κυρίως
3146 1247 3291 1302 ἐστὶν
3335 1251 3367 1318 ἡ
3398 1247 3534 1318 μετά
3563 1247 3779 1300 πασῶν

517 1331 629 1397 bat,
670 1333 721 1386 in
773 1335 1006 1387 medium
1047 1336 1096 1386 vi
1130 1335 1374 1389 dolorum
1409 1336 1706 1405 proferant.
1739 1336 1988 1391 Profecto
2025 1339 2077 1391 in

2197 1338 2433 1406 βασάνων
2463 1339 2843 1411 προσαγομένη
2876 1339 3068 1410 ἔρευνα
3092 1337 3242 1408 παρά
3270 1338 3378 1390 τῶν
3407 1337 3607 1407 κριτῶν
3640 1340 3780 1400 τοῖς

511 1422 707 1492 judicis
751 1424 906 1496 104
944 1427 1189 1480 examine
1222 1427 1397 1482 omnis
1461 1429 1664 1480 erroris
1713 1426 1920 1494 experti
1968 1438 2077 1482 tam

2196 1428 2606 1500 ἑξεταζομένοις,
2657 1432 2744 1484 ἵνα
2793 1431 2842 1483 οἱ
2893 1430 3225 1502 κρύπτοντες
3272 1429 3399 1498 παρ’
3430 1430 3640 1491 ἑαυτοῖς
3682 1428 3779 1482 τὰ

514 1513 888 1582 cogitationes,
940 1529 1101 1583 quam
1158 1515 1395 1569 actiones
1427 1525 1624 1569 nostra:
1671 1516 2072 1584 expenduntur.

2186 1521 2584 1592 ἐπιζητούμενα
2617 1525 2682 1593 τῇ
2714 1523 2928 1595 ἀνάγκῃ
2956 1521 3064 1575 τῶν
3103 1521 3278 1574 πόνων
3306 1523 3385 1584 εἰς
3421 1519 3481 1572 τὸ
3507 1519 3769 1590 ἐμφανὲς

512 1605 680 1658 Nemo
705 1605 868 1675 igitur
898 1621 1084 1659 verum
1105 1605 1340 1674 judicent
1364 1608 1676 1677 praeveniat,
1713 1618 1838 1662 ante
1869 1617 2077 1678 tempus

2184 1614 2562 1684 καταστήσωσι
2609 1613 2668 1666 τὸ
2713 1612 2992 1666 λανθάνον.
3039 1613 3126 1666 Ἐν
3173 1611 3280 1682 γὰρ
3323 1613 3435 1674 τοῖς
3469 1610 3767 1682 ἀπαραλο-

505 1696 710 1762 jndicet
756 1713 937 1763 nemo,
995 1697 1346 1770 Quoadusque
1395 1703 1565 1754 veniat
1599 1701 1870 1768 Dominus,
1900 1703 1990 1770 qui
2025 1709 2076 1754 et

2185 1705 2385 1772 γίστοις
2420 1704 2734 1775 ἐξετασμοῖς
2772 1704 2864 1757 τοῦ
2900 1703 3084 1775 κριτοῦ
3121 1703 3399 1766 ἐτάζονται
3447 1703 3542 1774 μὲν
3585 1702 3768 1773 ήμῶν

510 1789 830 1840 illuminubit
884 1789 1193 1844 abscondita
1237 1790 1589 1853 tenebrarum,
1637 1805 1683 1845 et
1713 1793 2074 1866 manifestabit

2185 1797 2228 1846 oi
2268 1795 2545 1865 λογισμοὶ,
2594 1795 2872 1856 ἐτάζονται
2917 1797 3102 1848 δὲκαὶ
3143 1797 3196 1849 αί
3252 1794 3496 1866 πράξεις.
3539 1793 3768 1863 Μηδεὶς

509 1878 728 1931 consilia
759 1879 994 1933 cordium
1021 1881 1086 1935 “.
1130 1879 1318 1950 Itaque
1352 1881 1480 1935 dum
1518 1891 1792 1936 scrutatur
1817 1861 1981 1937 corda
2018 1896 2070 1939 et

2178 1883 2268 1939 οὖν
2315 1861 2741 1957 προλαμϐανέτω
2790 1886 2900 1956 (75)
2947 1885 3037 1939 τὸν
3071 1861 3320 1957 ἀληθινὸν
3357 1884 3567 1955 κριτὴν,
3606 1861 3761 1954 μηδὲ

510 1984 668 2024 renes
693 1969 851 2034 Deus,
881 1985 1031 2025 suam
1058 1972 1588 2042 ostenditjuslitlam.
1619 1973 1684 2026 Et
1705 1973 1919 2042 quidem
1947 1989 2071 2030 εχιις

2180 1978 2280 2048 πρὸ
2305 1976 2494 2048 καιροῦ
2521 1994 2604 2040 τις
2629 1977 2879 2048 κρινέτω,
2908 1978 3055 2043 Ἕως
3076 1978 3151 2032 ἂν
3180 1979 3326 2045 ἔλθῃ
3355 1979 3386 2030 ό
3412 1978 3640 2044 Κύριος,
3674 1973 3763 2041 ὃς

509 2061 768 2115 minatum
803 2071 888 2118 est
915 2077 1008 2117 cor
1035 2064 1375 2127 Abrahan,an
1406 2065 1570 2118 Deum
1597 2080 1662 2118 cx
1693 2074 1800 2120 tota
1828 2082 1924 2120 sua
1962 2070 2075 2124 ani-

2176 2070 2270 2122 καὶ
2302 2071 2546 2138 φωτίσει
2592 2070 2663 2123 τὰ
2709 2069 2942 2137 κρυπτὰ
2978 2071 3082 2123 τοῦ
3113 2071 3392 2134 σκότους,
3432 2067 3526 2122 καὶ
3557 2083 3759 2136 φανε-

509 2168 596 2208 ma
644 2163 698 2209 et
732 2170 798 2208 ex
849 2164 963 2210 toto
1005 2155 1168 2210 corde
1213 2155 1478 2226 diligeret,
1535 2160 1751 2226 quando
1779 2156 1959 2229 jussus
1991 2169 2075 2215 est

2176 2159 2348 2227 ρὼσει
2373 2159 2479 2226 τὰς
2495 2160 2731 2226 βουλὰς
2754 2159 2872 2212 τῶν
2899 2160 3174 2228 καρδιῶν.
3213 2161 3299 2213 Ἐν
3326 2155 3416 2213 οὖν
3433 2159 3510 2229 τῷ
3531 2159 3759 2221 ἐτάζειν

507 2246 658 2302 Isaac
694 2262 793 2316 pro
834 2247 1149 2303 holocauslo
1186 2247 1382 2303 offerre
1414 2267 1427 2304 :
1469 2260 1526 2304 ut
1560 2261 1895 2322 compertum
1929 2261 2076 2309 esset

2172 2251 2397 2324 καρδίας
2428 2254 2524 2305 καὶ
2558 2253 2787 2324 νεφροὺς
2827 2255 2854 2305 6
2887 2253 3019 2316 Θεὸς
3051 2253 3109 2306 τὸ
3143 2251 3333 2306 ἐαυτοῦ
3367 2252 3567 2306 δίκαιον
3602 2251 3755 2304 ἀνα-

507 2339 676 2394 ﬁlium
713 2353 870 2392 suum
904 2339 972 2393 ab
1016 2339 1129 2408 ipso
1175 2355 1334 2410 supra
1369 2341 1532 2394 Deum
1563 2357 1668 2396 non
1701 2343 1893 2397 amari.
1931 2342 2074 2398 Exa-

2173 2345 2370 2415 φαίνει.
2425 2345 2658 2414 Ἠτάσθη
2706 2344 2804 2414 μὲν
2831 2339 2922 2397 οὖν
2951 2346 2985 2415 ἡ
3028 2344 3222 2415 καρδία
3253 2343 3346 2396 τοῦ
3391 2341 3662 2414 Ἀϐραὰμ,
3693 2343 3755 2397 ει

507 2439 744 2484 minatus
773 2441 856 2485 est
884 2439 1063 2486 autem
1101 2441 1154 2486 et
1176 2430 1365 2496 Jacob,
1393 2430 1578 2488 fratris
1612 2434 1821 2488 insidiis
1849 2436 2070 2505 petitus,

2173 2437 2364 2507 ἀγαπᾷ
2399 2435 2490 2489 τὸν
2532 2435 2666 2488 Θεὸν
2697 2434 2755 2500 ἐξ
2804 2434 2931 2505 ὅλης
2959 2436 3056 2506 τῆς
3087 2435 3262 2506 ψυχῆς
3306 2433 3468 2490 αὐτοῦ
3490 2473 3505 2497 ,
3553 2435 3650 2488 καὶ⁵
3683 2433 3752 2499 ἐξ

506 2531 564 2577 ιιι
591 2521 830 2576 fraterna
867 2522 1036 2592 ipsius
1076 2523 1312 2578 charitas
1344 2524 1484 2578 inter
1509 2532 1653 2578 tanta
1679 2525 1821 2580 Esau
1851 2537 2072 2595 peccata

2171 2529 2297 2598 ὅλης
2319 2528 2415 2598 τῆς
2441 2528 2687 2595 καρδίας,
2713 2528 2801 2580 ὅτε
2824 2526 3116 2597 ἐκελεύσθη
3143 2525 3497 2596 ὁλοκαύτωμα
3520 2527 3751 2594 ἀνενεγ-

504 2612 673 2670 nihilo
695 2614 973 2669 remissior
1002 2625 1307 2684 appareret.
1329 2614 1722 2685 ltaquehorum
1745 2618 1905 2671 corda
1935 2633 2070 2672 exa—

2171 2623 2286 2673 κεῖν
2331 2620 2419 2673 τὸν
2473 2620 2678 2686 Ἰσαὰκ,
2714 2621 2800 2673 ἵνα
2837 2623 2999 2690 φανῇ,
3031 2621 3109 2673 ὅτι
3147 2621 3245 2675 οὑκ
3272 2620 3461 2690 ἀγαπᾷ
3490 2619 3576 2671 τὸν
3622 2619 3748 2672 υἱὸν

505 2706 637 2761 mini
669 2707 820 2762 fuere
849 2707 1110 2776 subjecta.
1137 2707 1274 2774 Quin
1303 2718 1357 2762 et
1389 2724 1548 2763 renes
1577 2706 1798 2778 Josephi
1845 2710 2068 2779 expensi

2171 2712 2310 2783 ὑπὲρ
2338 2711 2429 2765 τὸν
2455 2713 2585 2765 Θεόν
2603 2730 2615 2742 ·
2643 2713 2850 2782 ητάσθη
2882 2712 2940 2764 δέ
2968 2712 3062 2766 καὶ
3100 2710 3291 2765 Ἰακὼὸ
3322 2711 3747 2780 ἐπιϐουλευόμε-

503 2799 742 2863 fuerunt,
790 2797 1029 2866 quando,
1081 2798 1283 2852 lasciva
1326 2797 1543 2853 domina
1575 2813 1759 2853 amore
1782 2797 1897 2868 ejus
1925 2799 2070 2854 insa-

2169 2823 2256 2869 νος
2284 2805 2388 2857 ὑπὸ
2414 2803 2506 2856 τοῦ
2535 2803 2762 2870 ἀδελφοῦ
2784 2843 2798 2868 ,
2834 2804 2917 2857 ἵνα
2949 2802 3138 2876 λάμψῃ
3167 2805 3224 2855 ἐν
3261 2803 3532 2866 τοσούτοις
3559 2803 3747 2872 ἀμαρ-

502 2891 707 2955 uientc,
739 2889 998 2959 voluptati
1022 2890 1348 2960 turpissima:
1400 2891 1736 2946 honestatem
1792 2893 2067 2962 pudicitia:

2167 2893 2368 2964 τήμασι
2393 2891 2483 2944 τοῦ
2524 2891 2694 2944 Ἠσαῦ
2732 2893 2806 2963 μὴ
2833 2892 3213 2963 ἀμϐλυνομένη
3244 2889 3462 2960 αὑτοῦὴ
3494 2888 3745 2958 φιλαδελ-

497 2982 754 3054 przetulit.
784 2982 906 3038 Ideo
926 2993 1102 3038 autem
1127 2984 1380 3053 probatus
1408 2991 1510 3048 est,
1550 2993 1608 3038 ut
1640 2985 1911 3039 coxumuni
1934 2999 2068 3039 con-

2168 2983 2282 3052 φία.
2319 2983 2534 3036 Τούτων
2581 2984 2679 3054 μὲν
2709 2980 2801 3037 οὖν
2830 2986 2884 3036 αἱ
2921 2975 3140 3054 καρδίαι
3175 2981 3516 3052 ὴτάσθησαψ
3549 2980 3743 3050 νεφροὶ

499 3090 666 3130 sensu
693 3073 1232 3145 spectatoresjudicii
1273 3075 1363 3128 Dei
1410 3075 1706 3130 faterentur
1733 3076 1855 3143 jure
1885 3077 1935 3130 ei
1967 3077 2065 3130 de-

2166 3074 2222 3127 δὲ
2249 3074 2562 3143 ὴτὰσθησαν
2586 3073 2680 3126 τοῦ
2717 3072 2931 3143 Ἰωσὴφ,
2955 3074 3064 3135 ὅτε,
3086 3073 3441 3142 ἐπιμανείσης
3467 3069 3613 3139 αὐτῷ
3635 3069 3739 3132 τίς

503 3167 633 3220 ferri
665 3167 944 3232 honorem,
971 3167 1110 3235 quod
1139 3165 1279 3220 illius
1305 3167 1528 3221 castitas
1571 3169 1623 3221 in
1669 3168 1878 3237 magnis
1912 3167 2058 3236 peri-

2167 3165 2462 3218 ἀκολάστου
2491 3163 2793 3234 δεσποίνης,
2823 3165 2885 3216 τὸ
2917 3164 3110 3234 σεμνὸν
3138 3163 3236 3232 τῆς
3261 3161 3606 3230 σωφροσύνης
3632 3159 3739 3229 τῆς

499 3259 637 3312 culis
670 3259 862 3312 mirmn
895 3258 948 3311 in
974 3258 1188 3310 modum
1219 3258 1495 3312 elusisset.

2165 3257 2470 3326 ἀσχήμονος
2507 3255 2700 3326 ἡδονῆς
2747 3254 3130 3326 προετίμησεν.
3173 3255 3265 3318 Εἰς
3309 3253 3466 3306 τοῦτο
3508 3252 3565 3305 δέ
3617 3251 3735 3319 (76)

492 3349 726 3423 ὴτάσθη,
759 3349 844 3402 ἵνα
866 3351 914 3402 οἱ
965 3349 1152 3404 θεαταὶ
1180 3349 1280 3419 τῆς
1314 3350 1545 3421 κρίσεως
1607 3350 1701 3404 τοῦ
1765 3349 1898 3410 Θεοῦ
1954 3348 2255 3404 συνθῶνται
2289 3349 2512 3412 δικαίως
2545 3349 2955 3419 ἀπονεμομένην
3001 3347 3146 3419 αὐτῷ
3184 3347 3282 3417 τὴν
3320 3346 3514 3417 τιμὴν,
3544 3343 3631 3397 διά
3673 3341 3735 3397 τὸ

494 3446 554 3500 ἐν
595 3437 860 3516 μεγάλοις⁶
887 3442 1327 3514 δοκιμαστηρίοις
1367 3443 1718 3515 ὑπερλάμψαι
1761 3443 1922 3504 αὑτοῦ
1957 3443 2056 3515 τὴν
2095 3441 2418 3513 σεμνότητα.

565 3541 618 3595 7.
648 3539 812 3594 Vens.
862 3538 949 3592 Η.
983 3539 1257 3592 Auxilium
1294 3555 1462 3592 meum
1501 3556 1531 3592 a
1566 3538 1805 3594 Domino.
1840 3539 2065 3610 Proprie

2203 3593 2206 3602 ,
2237 3537 2289 3592 7.
2345 3536 2418 3591 Ἠ
2439 3535 2691 3604 ,βοήθειά
2714 3553 2832 3606 μου
2866 3535 3025 3604 παρὰ
3063 3532 3170 3587 τοῦ
3207 3531 3374 3587 Θεοῦ.
3421 3529 3640 3601 Κυρίως
3674 3531 3733 3582 ἐν

494 3632 585 3702 qui
618 3640 1021 3701 oppugnantur,
1054 3631 1311 3686 adversus
1340 3631 1570 3700 impetus
1614 3633 1837 3687 hostiles
1865 3633 1918 3686 in
1943 3633 2065 3688 'bel-

2163 3629 2420 3700 πολέμοις
2457 3629 2598 3684 κατά
2640 3627 2737 3692 τὰς
2783 3627 3004 3697 ἐφόδους
3035 3626 3141 3678 τῶν
3181 3625 3434 3680 ἐναντίων
3474 3623 3573 3685 τὰς
3604 3620 3729 3692 βοη-

493 3722 562 3776 lis
596 3720 853 3775 auxilium
885 3729 1154 3790 quierunt.
1185 3721 1252 3775 Et
1285 3721 1373 3776 hic
1400 3722 1582 3791 itaque
1617 3722 1916 3780 invisibiles
1935 3737 2062 3778 suos

2162 3723 2310 3788 θείας
2339 3723 2683 3797 ἐπιζητοῦσιν
2709 3724 2757 3775 οἱ
2783 3720 3196 3792 πολεμούμενοι.
3229 3720 3338 3774 Καὶ
3365 3716 3596 3772 ἐνταῦθα
3617 3715 3728 3767 τοί-

495 3813 746 3870 inimicos
774 3813 1016 3868 sentiens
1046 3812 1334 3883 quispiam,
1363 3813 1773 3884 periculumque
1794 3813 1936 3882 quod
1960 3813 2062 3869 sibi

2160 3833 2254 3869 νυν
2291 3817 2318 3868 6
2348 3815 2454 3869 τῶν
2491 3815 2738 3887 ἀοράτων
2770 3813 2980 3886 ἐχθρῶν
3011 3811 3204 3867 ἐαυτοῦ
3249 3808 3727 3878 ἐπαισθανόμενος,

493 3905 564 3961 ab
601 3904 834 3960 inimicis
857 3904 1030 3975 ipsum
1083 3903 1606 3960 circumsedentibus
1645 3904 1940 3974 impendet,
1978 3905 2061 3960 in-

2160 3909 2256 3962 xai.
2279 3907 2369 3961 τὸν
2397 3906 2676 3976 ἐφεστῶτα
2707 3904 2852 3976 αύτῷ
2876 3903 3115 3958 κίνδυνον
3139 3901 3288 3975 παρά
3308 3899 3414 3953 τῶν
3438 3914 3728 3970 περιστρα-

498 4011 676 4064 tuens,
704 3997 848 4052 dicet
877 4014 891 4050 :
928 3996 1206 4050 Auxilium
1258 4011 1438 4050 meum
1467 4011 1571 4049 non
1603 4010 1669 4050 ex
1703 3996 1928 4063 divitiis,
1964 4011 2060 4051 ne-

2158 3999 2594 4071 τοπεδευομένων
2629 3998 2789 4052 αὑτὸν
2815 3997 3088 4068 πολεμίων
3118 3995 3280 4066 ὁρῶν,
3314 3993 3429 4062 ἐρεῖ
3449 4007 3464 4021 ο
3515 3990 3580 4042 Ἦ
3610 3988 3728 4059 βοή-

491 4103 598 4159 que
628 4102 693 4142 ex
728 4087 838 4143 ullo
873 4087 1142 4158 corporali
1175 4086 1434 4154 subsidio,
1465 4101 1641 4156 neque
1686 4103 1753 4143 ex
1798 4088 2056 4158 potentia,

2160 4088 2282 4142 Θειά
2317 4106 2416 4160 μου
2445 4088 2544 4141 οὐκ
2574 4090 2638 4142 ἐκ
2668 4087 2916 4150 πλούτου,
2946 4086 3066 4140 οὐδέ
3097 4087 3159 4138 ἐκ
3194 4080 3517 4154 σωματικῶν
3555 4080 3723 4149 ἀφορ-

489 4190 584 4235 aut
608 4179 742 4236 meis
767 4181 993 4244 viribus,
1024 4193 1198 4250 neque
1227 4195 1292 4235 ex
1321 4177 1426 4234 ulla
1450 4179 1772 4250 cognatione
1801 4180 2057 4250 humana,

2162 4181 2298 4252 μῶν,
2342 4179 2462 4232 ούδέ
2515 4182 2579 4233 ἐκ
2618 4180 2895 4251 δυνάμεως
2937 4178 3032 4232 καὶ
3063 4176 3249 4247 ἰσχύος
3293 4173 3454 4246 ἐμῆς,
3501 4171 3619 4226 οὐδὲ
3662 4172 3724 4223 ἐκ

491 4271 586 4328 sed
623 4271 896 4326 Auxilium
928 4287 1097 4324 meum
1129 4287 1160 4324 a
1190 4269 1433 4324 Domino.
1466 4270 1637 4338 Quale
1659 4281 1840 4326 autem
1883 4272 2059 4326 mittat

2160 4273 2478 4343 συγγενείας
2510 4271 2875 4343 ἀνθρωπίνης,
2904 4269 3014 4324 ἀλλ’
3059 4269 3130 4324 Ἦ
3154 4265 3404 4333 βοήθειά
3421 4281 3539 4335 μου
3569 4261 3723 4330 παρὰ

488 4363 744 4421 auxilium
774 4363 1088 4418 timentibus
1113 4377 1175 4418 se
1211 4365 1490 4428 Dominus,
1522 4363 1648 4419 alibi
1680 4380 1709 4418 a
1741 4365 1949 4434 psalmo
1973 4364 2059 4420 di-

2157 4366 2263 4419 τοῦ
2298 4364 2465 4419 Θεοῦ.
2505 4365 2758 4435 Ποταπὴν
2803 4363 2858 4416 δὲ
2901 4361 3218 4432 συμμαχίαν
3259 4356 3573 4412 ἀποστέλλει
3611 4356 3721 4416 τοῖς

488 4455 718 4509 dicimus
770 4454 1020 4510 dicente:
1079 4451 1332 4508 lmmittet
1353 4460 1569 4525 angelus
1615 4455 1828 4510 Domini
1859 4457 1913 4510 in
1947 4456 2056 4509 cir-

2156 4457 2512 4529 φοϐουμένοις
2541 4458 2699 4511 αὑτὸν
2728 4460 2756 4511 6
2795 4456 2997 4528 Κύριος
3016 4500 3030 4520 ,
3061 4453 3294 4524 ἀλλαχοῦ
3329 4451 3720 4523 μεμαθήκαμεν

487 4548 633 4601 cuitu
661 4546 952 4600 timentium
982 4561 1123 4611 eum,
1149 4555 1197 4599 et
1227 4547 1414 4614 eripiet
1440 4563 1525 4600 eos
1558 4547 1623 4604 ⁸⁷.
1655 4547 1720 4602 Ει
1747 4548 1872 4602 alibi
1901 4568 1914 4602 :
1950 4548 2058 4600 An-

2156 4550 2250 4604 τοῦ
2281 4547 2496 4620 ψαλμοῦ
2529 4548 2803 4617 λέγοντος·
2837 4545 3208 4616 Παρεμϐολιεῖ
3229 4545 3479 4615 ἄγγελος
3506 4543 3720 4610 Κυρίου

488 4639 632 4708 θείω
655 4640 744 4709 qui
773 4639 908 4692 eruit
939 4655 1020 4694 me
1047 4639 1115 4693 ⁸⁸.
1145 4638 1249 4703 Qui
1277 4638 1450 4692 salvos
1498 4639 1627 4708 facit
1673 4650 1843 4695 rectos
1876 4640 2052 4697 corde.

2156 4643 2358 4704 κύκλῳ
2392 4639 2511 4694 τῶν
2547 4639 2928 4709 φοϐουμένων
2957 4637 3174 4700 αὑτὸν,
3205 4637 3302 4689 καὶ
3330 4636 3580 4702 ῥύσεται
3615 4634 3718 4685 αὺ-

497 4728 695 4782 [iectus
731 4729 897 4784 corde
934 4729 978 4784 is
1014 4738 1116 4792 est,
1145 4729 1298 4798 cujus
1321 4731 1536 4784 animus
1561 4746 1734 4800 neque
1769 4733 1835 4785 ad
1869 4746 2055 4788 exces-

2154 4734 2329 4799 τούς·
2368 4732 2462 4786 καὶ
2503 4730 2768 4801 ἀλλαχοῦο
2821 4731 2883 4784 '0
2915 4729 3168 4800 ἄγγελος
3213 4730 3246 4781 ὀ
3287 4725 3578 4794 ῥυόμενος
3625 4739 3716 4792 με.

487 4835 627 4884 sum,
661 4834 832 4889 neque
858 4821 923 4876 ad
953 4821 1219 4876 defectum
1255 4823 1447 4890 vergit,
1480 4825 1574 4878 sed
1602 4824 1667 4878 ad
1696 4824 1928 4878 medium
1946 4825 2054 4879 vir-

2164 4824 2276 4878 Τοῦ
2329 4823 2619 4891 σώζοντος
2673 4823 2815 4890 τοὺς
2875 4823 3068 4888 εὐθεῖς
3129 4819 3202 4888 τῇ
3261 4818 3492 4887 καρδίᾳ.
3549 4815 3720 4878 Εύθύς

487 4911 618 4966 tutis
650 4911 920 4983 dirigitur.
971 4911 1069 4980 Qui
1128 4914 1272 4968 enim
1316 4930 1344 4967 a
1377 4915 1690 4970 fortitudine
1727 4916 1793 4971 ad
1843 4917 2051 4972 minora

2159 4917 2274 4970 ἐστι
2309 4916 2423 4985 (ΣΠ)
2449 4919 2515 4987 τῇ
2551 4916 2745 4987 καρδίᾳ
2772 4917 2800 4968 ὁ
2822 4916 2913 4969 τὸν
2940 4913 3197 4985 λογισμὸν
3229 4913 3302 4983 μὴ
3328 4911 3464 4982 ἔχων
3493 4910 3719 4981 ῥέποντα

485 5001 738 5066 deflectit,
795 5003 1082 5058 timiditate
1128 5005 1494 5074 pervertitur;
1545 5007 1636 5074 qui
1665 5021 1795 5062 vero
1825 5010 1891 5062 ad
1935 5023 2051 5062 ma-

2158 5009 2294 5080 πρὸς
2326 5008 2627 5080 ὑπερϐολὴν
2672 5008 2803 5080 μηδὲ
2840 5007 3104 5077 ἔλλειψιν,
3134 5005 3249 5060 ἀλλ’
3292 5002 3717 5072 ἀπευθυνόμενος

481 5093 600 5160 jora
637 5091 1007 5163 progreditur,
1062 5093 1333 5148 delabitur
1388 5094 1440 5149 in
1492 5096 1796 5150 audaciam.
1845 5097 2047 5165 Quant-

2158 5100 2292 5172 πρὸς
2324 5101 2384 5155 τὸ
2417 5101 2580 5171 μέσον
2619 5102 2716 5172 τῆς
2745 5100 2962 5171 ἀρετῆς.
3011 5101 3067 5153 '0
3095 5098 3203 5170 γὰρ
3233 5097 3341 5151 ἀπὸ
3376 5097 3473 5166 τῆς
3504 5094 3715 5166 ἀνδρίας

484 5186 672 5238 ohrem
703 5182 1074 5254 hujuscemodi
1105 5185 1352 5240 homines
1393 5186 1484 5256 qui
1517 5203 1544 5242 a
1579 5188 1754 5243 medio
1795 5189 2053 5244 aberrant

2157 5191 2248 5244 ἐπὶ
2275 5192 2336 5244 τὸ
2363 5192 2581 5245 ἔλαττον
2621 5191 2987 5264 παρεκκλίνας
3012 5189 3152 5243 κατά
3179 5187 3378 5240 δειλίαν
3403 5185 3711 5256 διαστρέφε-

486 5277 568 5332 vel
602 5291 849 5339 excessu,
886 5275 971 5331 vel
1002 5277 1238 5342 defectu,
1272 5277 1519 5348 obliquos
1543 5289 1597 5333 et
1622 5279 1867 5336 obtortos
1903 5280 2052 5336 Scri-

2157 5301 2244 5338 ται
2265 5300 2278 5313 ’
2313 5286 2342 5337 6
2368 5285 2424 5338 δὲ
2458 5286 2551 5338 ἐπὶ
2595 5285 2750 5338 πλέον
2792 5283 3115 5356 ὑπερταθεὶς
3155 5283 3246 5333 ἐπὶ
3277 5279 3375 5350 τὴν
3409 5278 3713 5350 θρασύτητα

485 5379 638 5439 ptura
666 5370 907 5423 nominat
936 5369 1002 5421 ".
1049 5369 1510 5436 Quemadmodum
1563 5371 1706 5426 enim
1747 5374 1884 5427 linea
1915 5373 2050 5426 obli-

2157 5375 2456 5429 ἀποκλίνει.
2489 5376 2688 5450 Διόπερ
2717 5375 2936 5439 τούτους
2966 5373 3209 5435 σκολιοὺς
3235 5373 3268 5443 ὴ
3302 5370 3490 5442 Γραφὴ
3525 5366 3711 5437 ὀνομά-

555 5528 600 5559 ⁶⁸
626 5529 643 5583 l
671 5527 793 5583 Cor.
821 5545 892 5590 Iv.
917 5530 970 5585 5.
1052 5532 1092 5561 ⁸⁷
1123 5530 1261 5584 Psal.
1294 5531 1555 5586 nutus.
1635 5531 1679 5561 ⁸⁸
1701 5530 1836 5584 Gen.
1865 5549 2048 5596 ιωνιιι,
2091 5535 2138 5596 υ

1218 5530 1261 5584 ιΙ.
1294 5531 1555 5586 uultus.
1635 5531 1679 5561 ⁵⁸
1701 5530 1836 5584 Gen.
1865 5549 2048 5596 ιωνιιι,
2091 5535 2180 5596 lli.
2257 5538 2299 5568 ⁶⁹
2332 5535 2503 5591 Levit.
2540 5551 2684 5599 xxvi,
2715 5535 2801 5589 ει.

697 5661 844 5736 ρυιι).
876 5676 1102 5732 quartus
1128 5664 1460 5736 προλαϐέτω.
1505 5735 1508 5736 ν
1585 5673 1590 5681 ’

2161 5668 2570 5736 ἐπαισθόμενος.
2605 5667 2744 5721 Infra
2775 5666 2905 5734 Heg.
2935 5667 3125 5720 tertius
3157 5665 3263 5718 τῶν
3296 5662 3709 5736 στρατοπεδευο-

559 5730 669 5808 (ῖϐ)
709 5730 840 5802 Reg.
881 5730 1076 5808 tertius
1209 5737 1458 5808 τοσοῦτον
1496 5735 1902 5808 63'._;\liquauto
1936 5747 2052 5803 puxt

1496 5735 1569 5786 δέ.
1617 5736 1902 5802 Aliquanto
1936 5747 2052 5803 pust
2164 5730 2405 5808 psmn;
2534 5730 2542 5732 ⁷
2929 5807 2934 5808 γ
3047 5750 3055 5764 ’

489 5800 640 5856 Colb.
677 5800 904 5870 quailus
960 5805 1207 5875 βοηθείας
1266 5806 1534 5876 ζητοῦσιν.
1580 5800 1890 5859 Μυκιὼειιι
1939 5800 2050 5859 ius.

2011 5828 2050 5859 δι
2165 5800 2174 5808 ’
2236 5807 2346 5876 (7i)
2372 5805 2504 5878 Reg.
2547 5808 2739 5864 tertius
2763 5817 2814 5863 ct
2844 5806 2992 5864 Colb.
3024 5816 3248 5876 quartus
3279 5804 3440 5876 εὐθής
3462 5805 3594 5856 ἐστι.
