4008 6402
338 359 450 422 245

1541 359 1843 422 HOMILIA.
1864 364 1931 419 ΙΝ
1971 367 2297 425 PSALMUM
2334 368 2443 425 VII.

3479 379 3580 434 246

342 478 449 545 ζει,
484 479 608 542 τοὺς
640 481 757 543 ταῖς
793 481 1118 553 ὑπερϐολαῖς
1151 484 1241 538 καὶ
1292 484 1559 555 ἐλλείψεσι
1605 487 1700 541 τοῦ
1750 488 1890 557 μέσοι

2018 506 2120 560 qua
2147 492 2224 558 ﬁt,
2257 508 2377 547 cum
2396 491 2511 561 ejus
2536 494 2804 549 rectitudo
2821 494 3046 550 modoin
3072 510 3390 560 convexum.
3423 502 3581 555 modo

338 571 826 643 διαμαρτάνοντας.
867 576 1077 646 Ὥσπερ
1121 577 1228 649 γὰρ
1275 579 1462 633 σκολιά
1500 579 1732 653 γραμμὴ
1770 582 1912 649 γίνε-

339 683 451 726 ται,
488 666 616 719 ποτὲ
647 668 745 738 μὲν
780 668 873 722 ἐπὶ
910 670 972 722 τὸ
1014 671 1231 742 κυρτὸν,
1264 673 1395 726 ποτὲ
1426 674 1483 729 δὲ
1515 675 1608 729 ἐπὶ
1636 676 1697 728 τὺ
1734 675 1912 731 κοῖλον

338 760 439 829 τῆς
468 760 680 825 εὐθείας
707 761 1149 836 διακλασθείσης·
1181 764 1322 819 οὕτω
1352 766 1443 823 καὶ
1479 767 1667 821 σκολιά
1696 768 1907 841 καρδία,

339 850 436 905 νῦν
477 850 575 921 μὲν
608 852 884 925 ὑψουμένη
921 855 988 908 δι’
1019 856 1353 924 ἀλαζονείαν,
1393 859 1487 914 νῦν
1529 861 1584 913 δὲ
1628 879 1910 917 ταπεινου-

340 945 475 1016 μένη
506 944 590 999 διὰ
624 946 798 1011 λύπας
826 948 919 1001 καὶ
952 951 1230 1015 συστολάς.
1273 953 1471 1025 Διόπερ
1512 955 1675 1024 φησὶν
1714 958 1743 1008 ὁ
1785 957 1907 1010 Ἑκ-

338 1038 688 1110 κλησιαστὴς,
720 1041 800 1093 ὅτι
832 1044 1305 1113 Διεστραμμένον
1335 1046 1445 1116 (78)
1478 1048 1549 1100 οὐ
1583 1052 1907 1103 κατευθυν-

333 1130 602 1199 θήσεται.
642 1133 694 1184 Ὁ
732 1133 874 1200 Θεὸς
898 1136 1105 1204 κριτὴς
1132 1136 1360 1203 δίκαιος
1378 1138 1493 1192 ικαὶ
1520 1139 1769 1208 ἰσχυρὸς
1806 1142 1904 1195 καὶ

327 1224 731 1292 μακρόθυμος,
758 1226 854 1279 καὶ
882 1226 968 1296 μὴ
1000 1228 1185 1297 ὀργὴν
1216 1229 1451 1299 ἐπάγων
1479 1231 1605 1285 καθ’
1635 1231 1906 1301 ἑκάστην

331 1314 564 1385 ἡμέραν
594 1316 725 1387 (79).
757 1318 924 1372 Τοῦτο
952 1319 1125 1373 ἔοικεν
1156 1322 1566 1392 ἀποτεινόμενος
1607 1324 1743 1394 πρὸς
1780 1324 1905 1389 τούς

335 1424 468 1460 ποτε
501 1408 610 1479 (80)
644 1410 1156 1482 ταραχθησομένους
1185 1414 1277 1467 ἐπὶ
1308 1417 1421 1477 τοῖς
1451 1415 1847 1485 συμϐεϐηκόσιν
1875 1419 1903 1470 ὁ

335 1498 627 1569 Προφήτης
660 1500 1020 1569 διαλέγεσθαι,
1049 1504 1215 1557 οἱονεὶ
1259 1504 1633 1558 καταστέλλων
1669 1505 1777 1559 τῶν
1809 1507 1904 1559 ἀν-

332 1585 569 1657 Θρώπων
600 1588 697 1660 τὴν
729 1591 991 1663 ταραχὴν,
1048 1594 1256 1664 μήποτε
1321 1595 1659 1666 ἀπιστήσωσι
1689 1596 1800 1667 (81)
1833 1598 1899 1667 τῇ

331 1678 461 1748 περὶ
487 1678 593 1732 τῶν
624 1679 759 1733 ὅλων
790 1684 1031 1755 προνοίᾳ.
1058 1685 1287 1756 ὁρῶντες
1313 1687 1662 1757 ἀνεκδίκητον
1688 1689 1900 1760 πατέρα

330 1770 425 1821 ἐπὶ
456 1769 570 1823 υἱοῦ
600 1770 982 1839 ἐπαναστάσει,
1016 1777 1110 1828 καὶ
1142 1777 1239 1847 τὴν
1275 1777 1539 1849 πονηρίαν
1571 1778 1665 1833 τοῦ
1713 1778 1899 1833 Ἀϐεσ-

329 1861 523 1933 σαλὼμ
550 1864 903 1937 εὐοδουμένην
928 1868 984 1919 ὲν
1010 1862 1090 1931 οἷς
1112 1868 1388 1939 προέθετο.
1410 1868 1794 1941 Διορθούμενος
1812 1867 1904 1926 οὖν

325 1953 511 2007 αὐτῶν
548 1955 608 2008 τὸ
646 1956 705 2009 ἐν
744 1960 857 2021 τοῖς
898 1958 1173 2030 λογισμοῖς
1216 1960 1461 2033 ἀνόητον,
1507 1962 1906 2036 διεμαρτύρατο

327 2043 512 2109 αὐτοῖς
535 2062 548 2076 °
600 2047 662 2101 '0
696 2048 838 2114 Θεὸς
867 2050 1073 2118 κριτὴς
1115 2051 1345 2118 δίκαιος
1386 2053 1485 2106 καὶ
1528 2055 1776 2130 ἰσχυρὸς
1806 2056 1903 2110 καὶ

318 2140 725 2208 μακρόθυμος,
760 2139 859 2192 καὶ
882 2141 969 2210 μὴ
1004 2142 1190 2212 ὀργὴν
1214 2144 1452 2213 ἐπάγων
1476 2149 1603 2201 καθ’
1635 2147 1904 2218 ἑκάστην

326 2228 574 2300 ἡμέραν.
624 2232 737 2284 Οὐκ
783 2233 1022 2304 ἀκρίτως
1060 2253 1111 2287 τι
1162 2236 1371 2304 γίνεται
1424 2236 1533 2291 τῶν
1579 2240 1899 2311 γινομένων,

325 2320 463 2375 ἀλλὰ
506 2324 618 2385 τοῖς
652 2322 885 2378 ἑκάστου
930 2325 1148 2397 μέτροις
1194 2328 1511 2399 ἀντιμετρεῖ
1553 2332 1581 2383 ὁ
1616 2330 1769 2396 Θεὸς,
1820 2327 1902 2397 οἷς

324 2410 612 2483 προλαϐὼν
652 2414 1004 2485 ἀπεμέτρησε
1049 2416 1148 2479 τὰς
1185 2417 1324 2471 κατὰ
1366 2419 1455 2472 τὸν
1496 2420 1608 2491 βίον
1652 2422 1897 2493 πράξεις.

337 2502 494 2555 Ἐπεὶ
541 2498 633 2557 οῦν
684 2506 996 2576 πέπρακταί
1046 2508 1134 2578 μοί
1167 2526 1251 2571 τις
1298 2510 1562 2581 ἁμαρτία,
1613 2515 1751 2566 κατά
1802 2514 1899 2586 τὴν

323 2595 480 2662 ἀξίαν
502 2597 597 2669 τὴν
623 2599 857 2669 ἐμαυτοῦ
883 2600 1281 2673 ἀντιλαμϐάνω.
1310 2604 1405 2673 Μὴ
1428 2608 1636 2661 τοίνυν
1660 2610 1900 2664 λαλεῖτε

321 2689 475 2741 κατὰ
522 2690 626 2743 τοῦ
666 2692 811 2745 Θεοῦ
859 2692 1127 2756 ἀδικίαν·
1175 2698 1204 2748 ὁ
1260 2696 1368 2768 γὰρ
1406 2699 1537 2763 Θεὸς
1586 2701 1779 2772 κριτὴς
1821 2702 1899 2755 δί-

322 2796 478 2843 καιος
528 2780 658 2852 (82).
713 2784 863 2854 Μηδὲ
912 2785 1055 2838 οὕτω
1103 2789 1375 2852 ταπεινῶς
1421 2790 1715 2846 διανοεῖσθε
1769 2796 1898 2865 περὶ

321 2868 481 2933 Θεοῦ,
522 2871 660 2926 ὥστε
697 2874 903 2927 οἴεσθαι
946 2876 1108 2931 αὑτὸν
1144 2878 1353 2933 ἀτονείν
1384 2881 1518 2951 πρὸς
1556 2883 1654 2954 τὴν
1679 2884 1897 2956 ἐκδίκη-

322 2980 441 3015 σινν
472 2964 562 3017 καὶ
596 2966 702 3035 γὰρ
744 2967 835 3018 καὶ
868 2968 1085 3039 ἰσχυρός
1119 2970 1253 3025 ἐστι.
1291 2971 1387 3038 Τίς
1421 2969 1512 3027 οὖν
1550 2976 1582 3045 ἡ
1622 2976 1769 3029 αίτία
1802 2977 1894 3031 τοῦ

322 3051 398 3123 μὴ
442 3056 663 3123 ταχεῖαν
693 3056 993 3124 ἐπάγεσθαι
1023 3062 1137 3122 τοῖς
1180 3061 1550 3133 ἁμαρτάνουσι
1584 3065 1681 3136 τὴν
1719 3083 1892 3138 τιμω-

322 3144 478 3214 ρίανς
519 3147 664 3200 Διότι
701 3149 1049 3222 μακρόθυμός
1098 3152 1234 3218 ἐστι,
1280 3154 1377 3224 Μὴ
1432 3157 1618 3227 ὀργὴν
1657 3158 1894 3230 ἐπάγων

316 3239 447 3291 καθ’
475 3237 741 3308 ἑκάστην
770 3241 1010 3311 ἡμέραν.
1058 3244 1197 3299 Ἐὰν
1214 3245 1299 3315 μὴ
1322 3247 1743 3319 ἐπιστραφιῆτε,
1777 3250 1891 3319 τὴν

314 3331 616 3399 ῥομφαίαν
645 3334 831 3388 αὐτοῦ
860 3335 1198 3393 στιλϐώσει.
1242 3339 1615 3411 Ἀπειλητικὺς
1650 3345 1677 3395 ό
1712 3342 1886 3413 λόγος,

317 3424 399 3485 εἰς
441 3424 775 3498 ἐπιστροφὴν
809 3428 1017 3497 ὲνάγων
1053 3432 1179 3495 τοὺς
1217 3432 1429 3505 βραδεῖς
1465 3438 1543 3499 εἰς
1580 3437 1885 3506 μετάνοιαν.

315 3518 430 3569 Οὐκ
459 3517 620 3583 εὐθὺς
650 3520 864 3574 ἀπειλεί
893 3521 961 3575 τὰ
993 3524 1282 3595 τραύματα
1309 3527 1401 3580 καὶ
1432 3528 1525 3591 τὰς
1558 3529 1770 3599 πληγὰς
1796 3530 1891 3585 καὶ

312 3610 440 3672 τοὺς
471 3609 753 3678 θανάτους,
781 3614 916 3667 ἀλλά
940 3616 1227 3672 στίλὸωσιν
1251 3621 1448 3681 ὅπλων.
1476 3621 1569 3673 καὶ
1596 3622 1755 3675 οἱονεὶ
1784 3639 1881 3676 πα-

316 3701 585 3772 ρασκευήν
631 3720 749 3758 τινα
803 3706 935 3772 πρὸς
986 3707 1083 3779 τὴν
1139 3709 1370 3780 ἄμυναν.
1428 3712 1636 3783 Ὠσπερ
1682 3711 1791 3783 γὰρ
1840 3712 1888 3764 οἱ

308 3787 702 3859 διασμήχοντες
743 3794 813 3847 τὰ
847 3795 985 3849 ὅπλα
1016 3797 1115 3869 τὴν
1156 3800 1249 3851 ἐπὶ
1298 3799 1389 3852 τὸν
1437 3799 1670 3871 πόλεμον
1713 3800 1887 3873 ὁρμὴν

308 3878 398 3932 διὰ
449 3880 635 3933 τούτου
687 3885 1111 3956 παραδηλοῦσιν,
1155 3887 1297 3941 οῦτω
1346 3889 1566 3942 καὶτοῦ
1612 3889 1745 3943 Θεοῦ
1788 3890 1886 3961 τὴν

308 3971 403 4023 ἐπὶ
432 3973 492 4025 τὸ
527 3974 634 4044 (85)
668 3977 1027 4047 τιμωρεῖσθαι
1053 3979 1265 4050 κίνησιν
1296 3980 1533 4050 ἐμφῆναι
1567 3979 1888 4050 βουλόμενος

305 4065 339 4115 ὁ
370 4065 546 4133 λόγος,
591 4068 841 4122 στιλϐοῦν
889 4070 1089 4143 ἔφησεν
1124 4071 1289 4126 αὐτοῦ
1333 4072 1429 4144 τὴν
1480 4072 1775 4144 ῥομφαίαν.
1810 4074 1880 4126 Τὸ

305 4156 489 4222 τόξον
507 4161 691 4216 αὐτοῦ
707 4161 980 4229 ἐνέτεινε,
1013 4164 1111 4219 καὶ
1128 4164 1458 4235 ἡτοίμασεν
1480 4166 1649 4228 αὐτὸ,
1690 4165 1788 4219 καὶ
1816 4165 1887 4219 ἐν

378 4297 622 4355 "Fccle.
660 4262 713 4363 .',
765 4301 851 4356 ιδ.
925 4303 969 4333 τι
1007 4301 1363 4367 Psal.t.xx1v,
1413 4302 1469 4358 6.

381 4411 493 4483 (78)
524 4414 1017 4484 Διεστραμμένον,
1045 4425 1150 4470 etc.
1207 4416 1467 4484 Respexit
1523 4413 1748 4469 Basilius
1808 4417 1874 4470 ad

2015 581 2068 636 in
2092 597 2385 638 concavum
2428 580 2756 654 dill‘ringitur
2788 602 2804 638 :
2860 584 2939 640 sic
2984 585 3147 640 etiam
3185 587 3463 657 obliquum
3487 605 3581 643 cor

2013 683 2115 739 est,
2148 677 2289 744 quod
2338 691 2483 731 nunc
2528 690 2623 745 per
2644 675 2962 747 iactantiam
2995 679 3468 749 arrogantiamque
3496 681 3578 736 ef-

2012 766 2205 832 fertur,
2240 782 2383 823 nunc
2434 778 2613 822 autem
2650 782 2747 837 per
2797 768 3076 824 molestias
3099 779 3152 824 et
3190 771 3354 825 animi
3379 772 3581 827 demis-

2012 856 2217 911 sionem
2247 856 2518 925 dejicitur.
2548 856 2672 911 Ideo
2720 856 3083 914 Ecclesiastes
3111 859 3187 913 ait
3215 877 3230 914 :
3272 859 3577 915 Perversum

2012 963 2114 1001 non
2143 948 2399 1018 dirigetur
2424 949 2491 1004 7°.
2521 948 2681 1003 Vens.
2716 947 2801 1002 ιε.
2824 948 2962 1004 ουλε
2983 950 3155 1019 judea:
3167 951 3366 1021 justus,
3394 962 3441 1005 et
3467 952 3573 1020 [or-

2009 1045 2097 1108 tis,
2133 1053 2180 1097 et
2208 1042 2545 1113 longanimis,
2572 1054 2621 1098 ει
2656 1060 2758 1099 ηοη
2782 1044 2917 1098 iram
2943 1045 3210 1099 adducens
3229 1062 3320 1113 per
3339 1044 3575 1115 singulos

2010 1135 2141 1189 dies.
2168 1135 2279 1190 Hos
2308 1136 2400 1205 qui
2434 1136 2723 1205 aliquando
2751 1137 2820 1191 ob
2854 1152 3033 1192 rerum
3059 1147 3285 1193 eventus
3326 1138 3574 1193 turbandi

2008 1236 2163 1281 erant
2188 1226 2558 1282 vehementius
2599 1228 2853 1283 adoriens
2890 1227 3195 1299 Propheta,
3243 1229 3343 1284 hoc
3394 1230 3576 1284 dicere

2010 1316 2240 1381 videtur,
2271 1317 2433 1372 veluti
2462 1320 2657 1374 sedans
2688 1318 2967 1374 hominum
3001 1321 3480 1390 perturbationem,
3507 1336 3576 1376 ne

2007 1408 2222 1475 quando
2250 1409 2604 1479 providentia:
2631 1412 2880 1466 universa
2935 1412 3237 1466 moderanti
3286 1411 3527 1467 dilIidant
3556 1453 3572 1478 ,

2007 1512 2129 1551 cum
2161 1498 2391 1553 viderint
2414 1509 2644 1569 patrem,
2676 1500 2787 1555 lilio
2820 1501 2872 1555 in
2899 1516 3020 1555 eum
3068 1503 3400 1571 insurgente,
3436 1502 3574 1556 inul-

2008 1597 2117 1642 tum
2147 1589 2397 1659 relinqui,
2434 1600 2490 1645 et
2531 1592 2827 1661 nequitiam
2864 1592 3020 1663 105
3065 1594 3351 1649 Absalonis
3402 1596 3453 1649 iu
3508 1594 3574 1650 iis

2004 1694 2127 1748 qua:
2165 1693 2520 1750 proposuerat
2546 1682 2781 1737 feliciter
2822 1686 3136 1753 procedere.
3195 1685 3379 1754 Itaque
3413 1687 3571 1739 stoli-

2005 1770 2103 1826 das
2132 1786 2318 1827 eorum
2348 1773 2708 1841 cogitationes
2737 1775 3037 1843 corrigens,
3076 1775 3127 1831 id
3162 1778 3243 1831 eis
3278 1778 3568 1832 testimonii

1936 1864 1978 1918 Β
2009 1863 2156 1918 dedit
2192 1885 2203 1919 :
2232 1862 2377 1917 Deus
2397 1864 2569 1933 judex
2596 1864 2777 1935 justus
2798 1876 2847 1919 et
2878 1866 3054 1935 fortis,
3088 1876 3134 1919 et
3167 1855 3570 1937 longanimis,et

2003 1973 2108 2010 non
2140 1955 2273 2009 iram
2307 1956 2572 2010 adducens
2618 1973 2711 2025 per
2742 1957 2977 2027 singulos
3026 1958 3159 2011 dies.
3192 1956 3334 2012 Nihil
3368 1968 3570 2012 temere

2003 2049 2062 2101 ﬁt
2082 2062 2267 2102 eorum
2293 2063 2413 2116 qua:
2443 2059 2704 2119 geruntur
2736 2068 2748 2103 :
2785 2050 2875 2104 sed
2904 2051 3123 2105 cuilibet
3157 2050 3296 2104 Deus
3328 2067 3388 2104 ea
3419 2066 3571 2105 men-

2002 2152 2124 2193 sura
2153 2140 2431 2207 rependet,
2465 2154 2569 2209 qua
2596 2139 2743 2209 prior
2775 2140 2827 2194 in
2864 2142 2961 2195 hac
3012 2142 3119 2195 vita
3170 2143 3409 2197 actiones
3442 2158 3569 2199 suas

2000 2228 2165 2286 fuerit
2192 2231 2490 2287 dimensus.
2526 2230 2793 2297 Quoniam
2826 2233 2991 2303 igitur
3031 2244 3309 2304 peccatum
3342 2250 3439 2305 ego
3469 2235 3566 2289 ad-

2002 2324 2145 2388 misi,
2192 2339 2289 2394 pru
2344 2339 2466 2379 meo
2522 2324 2714 2379 merito
2757 2325 2930 2380 vicem
2964 2327 3181 2394 recipio.
3231 2326 3411 2380 Nolite
3443 2344 3566 2399 ergo

2000 2413 2140 2483 loqui
2173 2417 2423 2470 adversus
2454 2415 2619 2469 Deum
2642 2417 2973 2486 iniquitatem
3001 2418 3045 2448 ⁷¹
3084 2436 3097 2471 :
3133 2419 3271 2473 Deus
3310 2419 3452 2473 enim
3483 2431 3567 2476 est

1992 2505 2374 2575 judexjustus.
2395 2506 2576 2577 Neque
2604 2509 2677 2563 ita
2706 2508 2914 2580 abjecte
2945 2511 3009 2564 de
3043 2509 3152 2564 Deo
3175 2512 3562 2580 cogitaveritis,

1998 2597 2171 2667 ipsum
2225 2600 2290 2653 ad
2330 2599 2586 2654 ultionem
2635 2601 2953 2656 sumendam
3004 2600 3296 2656 invalidum
3347 2618 3468 2658 esse
3509 2612 3568 2658 ut

1999 2691 2335 2745 arbitremini
2368 2710 2380 2745 :
2433 2708 2555 2746 nam
2587 2703 2669 2747 est
2700 2702 2757 2747 et
2805 2691 2983 2748 fortis.
3017 2692 3154 2757 Ouid
3188 2692 3351 2764 igitur
3387 2710 3562 2748 causa

1997 2790 2099 2844 est,
2135 2779 2278 2849 quod
2311 2795 2415 2834 non
2450 2782 2631 2835 statim
2665 2795 2880 2852 ptenam
2931 2783 3128 2852 inlligat
3168 2783 3567 2851 peccantibus?

1997 2871 2260 2937 Quoniam
2315 2870 2640 2940 longanimis
2695 2886 2798 2939 εει,
2832 2870 2955 2927 Νοη
3001 2874 3136 2927 iram
3181 2874 3446 2928 adducens
3474 2892 3566 2944 per

1994 2964 2230 3033 singulas
2266 2965 2399 3019 dies.
2434 2966 2598 3022 Vens.
2638 2966 2723 3020 l5.
2756 2967 2874 3021 Nisi
2906 2970 3138 3023 conversi
3176 2968 3406 3038 fueritis,
3450 2970 3567 3041 gla-

1995 3054 2138 3109 dium
2168 3072 2323 3109 suum
2364 3057 2609 3111 vibrabit.
2661 3058 2838 3113 lllinax
2870 3071 2953 3113 est
2981 3059 3070 3115 ille
3098 3075 3302 3124 sermo,
3334 3062 3399 3115 ad
3430 3077 3564 3117 enn-

1994 3145 2292 3201 versionem
2347 3147 2607 3204 inducens
2659 3153 2837 3205 tardos
2883 3153 2950 3205 ad
3014 3153 3411 3221 paenitentiam.
3444 3151 3563 3208 Non

1995 3237 2179 3293 statim
2212 3239 2451 3294 minatur
2479 3241 2734 3307 vulnera,
2786 3241 3015 3312 plagas,
3046 3252 3283 3299 mortes:
3346 3245 3440 3299 sed
3474 3261 3564 3298 ar-

1995 3344 2205 3385 morum
2237 3332 2593 3389 vibrationem
2623 3334 2768 3389 velut
2816 3346 3129 3405 apparatqu
3167 3338 3453 3407 quemdam
3495 3338 3563 3392 ad

1997 3423 2278 3479 ultionem.
2335 3425 2797 3491 Quemadmodum
2832 3429 2973 3481 enim
3021 3429 3109 3497 qui
3145 3416 3359 3497 tergunt
3390 3445 3559 3491 arma,

1995 3532 2148 3571 suum
2183 3517 2250 3570 ad
2295 3517 2493 3572 bellum
2533 3519 2789 3587 impetum
2831 3534 2926 3588 per
2962 3520 3064 3573 hoc
3097 3520 3445 3589 signiﬁcant:
3483 3524 3562 3576 sic

1995 3618 2049 3663 et
2078 3607 2355 3678 Scriptura
2386 3610 2473 3665 ubi
2504 3611 2592 3665 Dei
2617 3612 2682 3665 ad
2710 3611 2963 3665 ultionem
2996 3622 3197 3665 motum
3240 3612 3351 3664 vult
3378 3622 3561 3667 osten-

1994 3700 2145 3764 dere,
2197 3701 2266 3755 ab
2312 3702 2427 3773 ipso
2482 3704 2676 3758 vibrari
2708 3704 2939 3774 gladium
2968 3704 3103 3758 dixit
3135 3722 3150 3759 :
3177 3705 3373 3757 Arcum
3406 3722 3558 3758 suum

1994 3794 2232 3856 tetendit,
2258 3804 2305 3848 et
2340 3796 2542 3861 paravit
2569 3795 2739 3859 illum,
2772 3794 2957 3864 (Vens.
3006 3795 3089 3867 Μ)
3108 3806 3153 3850 ει
3182 3796 3235 3849 in
3269 3813 3327 3849 eo
3354 3798 3559 3864 paravit

1992 3901 2115 3939 vasa
2148 3888 2349 3940 mortis.
2400 3885 2515 3941 Non
2576 3903 2772 3943 nervus
2827 3888 3091 3957 quispiam
3137 3898 3219 3942 est
3248 3889 3337 3957 qui
3373 3905 3556 3943 arcum

1992 3979 2175 4032 tendat
2198 3977 2314 4044 Dei,
2345 3979 2438 4033 sed
2460 3980 2714 4048 puniendi
2746 3980 3008 4050 potentia,
3033 3994 3151 4048 quae
3168 3981 3456 4050 aliquando
3483 3981 3558 4034 in-

1992 4079 2140 4125 tensa
2170 4082 2272 4134 est,
2304 4072 2592 4141 aliquando
2639 4087 2769 4127 vero
2805 4072 3052 4127 remissa.
3093 4072 3341 4127 Peccanti
3394 4074 3558 4140 igitur

1992 4161 2275 4235 Scriptura
2328 4166 2566 4221 minatur
2594 4163 2784 4237 .l‘utura
2827 4166 3090 4237 supplicia
3121 4168 3223 4223 sibi
3254 4178 3555 4238 praeparata

1982 4417 2123 4494 quod
2154 4428 2295 4494 ,σεξτ
2326 4425 2407 4494 est
2435 4430 2496 4473 ac
2520 4418 2880 4494 patiens,qui
2913 4417 3099 4494 Grzrce
3135 4419 3334 4494 dicitur
3352 4424 3555 4494 μακρό-

307 4498 529 4539 sensum
587 4483 951 4582 Ecdesgastie,
988 4502 1091 4539 non
1132 4488 1249 4556 ejus
1280 4489 1466 4582 verba,
1497 4487 1701 4582 rettulit.
1752 4484 1876 4541 llzec
1904 4526 1950 4582 Β
1985 4485 2424 4582 θῖυμοςηλτετιὶα.
2465 4483 2696 4570 quoque
2733 4483 3111 4582 interpretatio
3157 4483 3365 4582 adjecta
3391 4483 3499 4582 'e‘s't
3533 4510 3549 4549 :

313 4563 491 4582 ansam
517 4564 635 4582 ιιι-ιιι
670 4570 686 4582 1
832 4571 845 4582 ι
921 4557 1315 4582 .-ρ-Α-.--.Δ..-..
1347 4558 1402 4582 -.⁸.
1469 4575 1531 4582 ....
1577 4573 1719 4582 ---...
1753 4559 1837 4582 ι-.
2040 4573 2196 4582 .........
2266 4570 2513 4582 ..η----ιμ-
2537 4575 2621 4582 ..--
2657 4576 2798 4582 --.._-.
2833 4577 2880 4582 --
2943 4577 2952 4582 .
2978 4577 3011 4582 ._
3078 4575 3194 4582 --..-.
3259 4578 3362 4582 _._,-
3484 4564 3521 4582 ν

272 4554 279 4555 “
310 4563 641 4628 ῇιιιθωΔε-υηι
670 4556 801 4628 1,.15
832 4571 845 4606 :
875 4554 1315 4628 Διεστραμμένον
1344 4558 1405 4611 οὐ
1438 4557 1723 4627 δυνήσεται
1751 4559 1873 4610 ἐπι-

306 4622 676 4693 κοσμηθῆναι,
705 4623 1003 4680 Perversum
1034 4622 1137 4681 non
1158 4622 1344 4691 poterit
1366 4622 1639 4681 adornari.

383 4694 494 4766 (79)
532 4694 978 4766 _ChrySostomus,
1023 4699 1051 4749 ὁ
1100 4698 1157 4750 δὲ
1191 4698 1457 4766 Ἐϐραῖος,
1511 4697 1653 4751 κατά
1705 4699 1883 4750 πᾶσαν

308 4764 477 4834 ζωήν.
526 4764 631 4819 Sed
656 4764 831 4820 taliter
886 4766 1115 4835 legimus
1163 4767 1214 4821 in
1270 4764 1526 4836 Hexaplis
1569 4784 1587 4822 :
1633 4768 1881 4890 Ἐϐραῖος

308 4834 499 4890 ζωωνή
532 4850 546 4886 :
578 4836 790 4890 melius.
820 4837 1009 4890 ζωώα.
1035 4838 1196 4890 Addit
1224 4839 1641 4890 Cltrvsostomus
1672 4840 1735 4890 ;ἇ
1770 4837 1877 4890 λος.

306 4834 546 4909 gestavi};
578 4836 790 4899 melius,
820 4834 1009 4908 ζωώμ.
1035 4834 1641 4909 AdditCltrySOstomus
1672 4834 1877 4902 ξᾶλλος,

304 4904 720 4978 ἀπειλούμενος,
754 4909 931 4978 Alium
949 4904 1139 4978 :autem
1171 4908 1314 4962 illum
1336 4904 1696 4978 interpretem
1713 4909 1881 4977 Aqui-

307 4976 413 5027 lam
434 4990 575 5040 esse,
609 4990 674 5029 ex
710 4977 898 5031 iisdem
935 4976 1189 5045 Hexaplis
1222 4976 1506 5033 discimus;
1545 4976 1880 5033 Montl'auco-

305 5046 429 5118 nius
468 5055 654 5099 noster
684 5046 1181 5118 laudatAgellium,
1213 5049 1304 5118 qui
1338 5049 1411 5102 ita
1447 5049 1498 5115 in
1525 5047 1667 5102 hunc
1701 5049 1875 5103 locum

271 5116 595 5189 iedisserit._
622 5131 641 5166 ι
674 5116 813 5169 Deus
855 5117 1025 5186 judea:
1073 5116 1276 5189 justus.
1322 5118 1474 5187 fortis
1517 5127 1566 5172 et
1620 5120 1822 5181 patiens
1856 5132 1874 5169 :

304 5186 543 5258 nunquid
579 5186 828 5240 irascitur
859 5203 949 5251 per
987 5186 1219 5258 singulos
1256 5190 1408 5243 dies?
1452 5189 1748 5243 Obscurior
1795 5198 1877 5243 est

280 5254 395 5307 llic
433 5271 649 5321 versus,
682 5267 736 5309 et
759 5254 1147 5312 obscuritatem
1170 5259 1320 5323 fecit,
1359 5261 1460 5313 nisi
1494 5259 1670 5319 fallor,
1696 5259 1874 5310 diver-

269 5312 490 5397 lsarum
526 5312 1060 5395 interpretationum,
1091 5312 1229 5397 quod
1261 5312 1319 5383 in.
1344 5312 1581 5384 editione
1615 5312 1753 5381 LXX
1778 5344 1869 5381 so-

281 5394 377 5456 let
410 5394 685 5465 accidere,
725 5394 1203 5463 congestio.Nam
1253 5401 1497 5459 verbum.
1543 5399 1720 5465 fortis,
1764 5414 1869 5451 non

280 5466 389 5535 ‘est
410 5462 573 5527 LXX.
606 5462 871 5535 nusquam
909 5469 1051 5523 enim
1078 5470 1128 5522 in
1165 5469 1394 5524 Psalmis
1434 5472 1511 5523 sic
1540 5462 1718 5523 solent
1750 5470 1870 5522 red-

298 5534 433 5608 dere
463 5534 744 5597 llebrzeum
786 5553 980 5591 nomen
1004 5539 1084 5603 el;
1142 5542 1235 5593 sed
1269 5556 1335 5594 ex
1374 5539 1582 5608 Aquila:
1607 5539 1870 5607 interpre-

302 5604 506 5680 tatione
550 5616 848 5680 sumptum,
887 5609 978 5674 qui
1025 5608 1159 5664 solet
1203 5611 1417 5680 ἰσχυρόν
1443 5604 1655 5676 ἰογιεηι
1698 5604 1867 5662 inter-

300 5677 525 5753 pretari.
550 5673 815 5753 Przeterea
858 5673 1085 5753 alterum
1118 5673 1480 5753 tioinieir'quod
1527 5679 1790 5753 sequitur,
1817 5689 1866 5732 et

300 5745 530 5810 patiens.
560 5763 624 5802 ex
667 5748 836 5802 altera
868 5748 1311 5816 interpretatione
1341 5745 1865 5816 titanavit,'cumpre-

302 5816 541 5873 bendens
566 5820 669 5874 duo
704 5816 927 5876 Hebraea
963 5822 1117 5875 verba
1167 5821 1213 5874 el
1255 5836 1420 5888 ruent,
1466 5836 1567 5874 non
1613 5820 1863 5888 irascens,

1980 4555 2234 4629 Nunquid
2266 4555 2513 4613 irascitur
2534 4555 2621 4629 per
2652 4555 3052 4625 singulos—dies?
3073 4555 3237 4629 quod,
3255 4562 3367 4617 sive
3388 4562 3549 4626 LXX,

1987 4627 2103 4703 sive
2135 4628 2564 4703 alius‘quispiam
2596 4628 2978 4703 interpretatus
3004 4627 3104 4694 sit,
3135 4646 3235 4685 non
3274 4636 3424 4701 quasi
3456 4652 3551 4703 per

1988 4696 2461 4769 interrogationem
2497 4696 2779 4769 intellexit,
2820 4702 2911 4753 sed
2936 4715 3030 4769 per
3048 4696 3414 4769 negationem,
3433 4696 3545 4759 sic:

1984 4776 2030 4839 et
2060 4783 2158 4819 non
2188 4768 2435 4823 irascitur
2466 4784 2557 4835 per
2582 4768 2815 4837 singulos
2843 4772 2975 4831 dies,
3008 4780 3063 4824 et
3089 4768 3205 4825 sine
3250 4774 3549 4839 interroga—

1986 4838 2130 4889 tione
2166 4839 2464 4905 intelligere
2500 4840 2750 4892 videntur
2793 4840 3042 4903 Basilius,
3080 4840 3398 4898 Theodorus
3436 4851 3545 4899 An-

1983 4908 2287 4973 tiochenus,
2348 4908 2742 4972 Theodoretus,
2801 4921 2855 4965 et
2906 4913 2972 4963 de
3032 4914 3233 4967 nostris
3291 4916 3548 4985 Augusti-

1982 4992 2105 5034 nus.
2144 4995 2162 5028 ι
2204 4988 2310 5032 etc.

2052 5047 2163 5115 (80)
2196 5048 2346 5102 Colb.
2378 5057 2604 5114 quartus
2635 5048 2770 5118 πρὸς
2799 5049 2924 5114 τούς
2964 5068 3111 5105 ποτε.
3156 5052 3293 5109 Editi
3332 5066 3385 5111 et
3419 5056 3544 5111 reli-

1978 5118 2282 5189 quiiotunes
2310 5133 2438 5172 mss.
2489 5118 2625 5189 πρὸς
2650 5120 2774 5182 τοὺς
2814 5121 2950 5173 τότε.

2050 5187 2161 5263 (81)
2196 5188 2348 5263 Culb.
2381 5187 3039 5263 qttartusudtrttatﬁawpsv.
3086 5192 3205 5247 Mox
3244 5195 3371 5248 editi
3422 5212 3544 5248 rntn

1975 5259 2125 5336 (Polla.
2182 5259 2411 5327 septimo
2442 5259 2758 5336 προσέθετο.
2802 5259 3038 5336 Διιιξδιεκ
3085 5280 3214 5319 mss.
3258 5265 3537 5336 προέθετο.

1976 5329 2445 5400 Aliquantopost
2494 5332 2621 5382 editi
2664 5346 2787 5383 cum
2834 5332 3019 5398 majori
3064 5348 3215 5400 parte
3255 5329 3382 5387 m‘ss.
3431 5339 3542 5399 τοῖς

1974 5398 2479 5474 ἐκᾴέστουημέτροις.
2508 5400 2619 5474 _Du0
2651 5418 2781 5474 mss.
2810 5405 2922 5465 τοῖς
2950 5398 3165 5474 ἑκάστῳ
3198 5404 3435 5474 μέτροις.

2046 5469 2157 5544 (82)
2204 5457 2316 5544 illa,
2350 5457 2455 5544 ’καί
2489 5471 2726 5544 ,ἰσχυρὸς
2784 5473 2877 5526 καὶ
2903 5457 2919 5465 ⁷
2939 5457 3320 5544 μακρόθυμοςξ
3361 5457 3539 5529 addita

1971 5551 2097 5591 sunt
2128 5542 2178 5593 in
2207 5540 2532 5595 Colbertiuis
2562 5540 2755 5609 quarto
2778 5554 2832 5597 et
2860 5540 3090 5611 septimo
3119 5540 3238 5614 post
3257 5562 3437 5599 vocem
3464 5545 3539 5599 δί-

1970 5626 2138 5672 καιος.

2041 5680 2153 5753 (85)
2203 5680 2328 5735 Mss.
2395 5698 2498 5736 non
2554 5683 2707 5748 pauci
2765 5683 2859 5735 ἐπὶ
2904 5682 3000 5753 τῷ.
3056 5684 3228 5739 Verba
3291 5686 3400 5749 illa,
3442 5689 3535 5741 καὶ

1971 5751 2279 5827 ἡτοίμασεν.
2319 5753 2471 5815 αὐτὸ,
2505 5752 2889 5827 καὶ-ἐνξαύτῷ
2934 5751 3193 5826 ἧτοίματε
3239 5758 3406 5827 σκεύη
3441 5754 3535 5813 0a—

1969 5823 2146 5887 νάτου,
2181 5823 2480 5880 addidimus
2515 5840 2579 5879 ex
2608 5823 2932 5881 Colbertiuis
2957 5823 3164 5896 quarto
3204 5839 3253 5881 et
3281 5823 3534 5900 septimo.
