4008 6402
444 355 550 411 237

1754 354 1812 410 S.
1856 353 2100 409 BASlLll
2136 354 2348 411 MAGNI

3574 351 3688 409 248

445 488 588 541 esse,
615 474 661 527 si
689 472 742 526 in
778 480 997 543 peccato
1025 472 1612 543 permanserit.Parata
1636 479 1760 526 sunt
1787 471 1930 525 enim
1957 470 2007 523 in

2122 470 2268 534 αὐτῷ
2286 471 2572 539 ἡτοίμασε
2588 466 2780 533 σκεύη
2797 466 3073 518 θανατου.
3093 466 3166 517 Ou
3183 478 3348 537 νευρα
3372 465 3453 529 τίς
3475 466 3617 519 ἐστιν
3648 468 3686 539 ἡ

444 582 576 621 arcu
606 579 729 619 vasa
764 565 974 619 mortis.
1002 564 1145 621 Vasa
1166 576 1346 622 autem
1370 566 1578 630 mortis,
1599 557 2006 627 virtutes'sunt,

449 671 569 727 quae
603 657 693 710 Dei
726 658 971 713 inimicos
1025 659 1411 713 exterminant.
1459 656 1699 726 Sagittas
1745 670 1871 708 sua:
1915 669 2006 706 ar-

446 748 686 801 dentibus
720 748 913 816 e/fecit.
952 747 1019 802 Ut
1042 751 1186 803 enim
1214 749 1356 818 ignis
1385 749 1455 802 ob
1496 745 1777 800 materiam
1810 742 2010 797 ustioni

449 842 696 895 idoneam
732 856 760 893 a
787 839 1039 895 Creatore
1072 842 1319 895 conditus
1342 848 1459 903 est;
1484 853 1587 893 non
1618 838 1761 892 enim
1791 845 2009 905 propter

448 934 789 988 adamantem
823 933 912 1001 qui
939 932 1004 986 ab
1035 933 1154 1001 igne
1184 946 1288 986 non
1322 930 1640 993 absumitur,
1664 929 1756 984 sed
1793 938 2011 998 propter

449 1022 593 1091 ligna
627 1022 851 1077 ﬂammat
909 1023 1263 1091 suscipiendae
1309 1031 1454 1092 apta,
1507 1030 1722 1075 creatus
1748 1030 1879 1074 est:
1932 1019 2006 1072 ita

450 1125 503 1168 et
534 1116 740 1183 sagitta:
770 1113 860 1168 Dei
888 1113 957 1168 ob
983 1130 1075 1169 eas
1107 1115 1333 1181 animas,
1353 1128 1469 1182 quae
1496 1114 1648 1167 facile
1679 1114 1852 1184 ignem
1879 1126 2010 1166 con-

448 1204 678 1274 cipiunt,
718 1204 1050 1275 multumque
1096 1205 1430 1275 collegerunt
1473 1204 1590 1274 ejus
1645 1203 1962 1260 substantia:
1990 1242 2006 1268 ,

451 1313 570 1365 qua:
628 1306 839 1352 terrena
897 1309 998 1363 est,
1035 1309 1088 1353 et
1112 1301 1178 1353 ad
1211 1300 1484 1354 interitum
1538 1300 1748 1363 idonea,
1796 1298 1864 1353 ab
1895 1298 2011 1364 ipso

448 1389 657 1445 eﬂectm
690 1401 836 1443 sunt.
864 1388 964 1456 Qui
992 1392 1153 1460 igitur
1176 1392 1371 1461 ignitas
1400 1392 1597 1445 diaboli
1618 1392 1841 1461 sagittas
1859 1392 2009 1460 prius

451 1481 739 1548 recipiunt,
768 1495 832 1534 ac
863 1482 1001 1535 intra
1031 1498 1088 1537 se
1123 1484 1373 1547 retinent,
1414 1484 1447 1537 ii
1488 1483 1578 1538 Dei
1613 1484 1892 1552 excipiunt
1922 1498 2011 1537 sa-

450 1572 631 1642 gittas.
669 1571 872 1628 Idcirco
925 1575 1043 1628 ait:
1099 1574 1335 1645 Sagitta:
1370 1593 1493 1629 suas
1537 1578 1651 1645 jam
1705 1577 2009 1630 ardentibus

449 1664 643 1731 e/Iecit.
680 1664 929 1718 Adurunt
954 1675 1131 1719 autem
1164 1668 1398 1719 animam
1430 1682 1643 1722 amores
1686 1667 1751 1721 ad
1791 1681 2008 1721 carnem

451 1763 773 1819 spectantes,
810 1770 971 1824 opum
1015 1758 1284 1826 cupiditas
1309 1798 1323 1822 ,
1375 1759 1469 1813 ira:
1520 1768 1829 1823 aestuantes,
1867 1768 1920 1813 et
1945 1774 2008 1813 ea

2110 561 2445 615 διατείνουσα
2476 563 2534 615 τὸ
2556 562 2711 625 τόξον
2736 556 2826 609 τοῦ
2857 556 3011 622 Θεοῦ,
3045 556 3178 610 ἀλλὰ
3207 556 3498 629 κολαστικὴ
3517 557 3686 611 δύνα-

2115 671 2224 723 μις,
2250 654 2381 706 ποτέ
2411 654 2506 723 μὲν
2533 651 2896 725 ἐντεινομένη,
2925 649 3051 702 ποτέ
3078 649 3133 702 δέ
3160 649 3439 721 ἀνιεμένη.
3469 650 3559 720 Τῷ
3589 648 3688 704 οὖν

2111 747 2475 816 ἁμαρτάνοντι
2520 750 2734 801 ἀπειλεῖ
2762 751 2789 802 6
2824 746 3000 813 λόγος.
3036 744 3117 797 ὅτι
3158 744 3348 814 ’ἐτοιμα
3388 744 3535 815 αύτῷ
3567 748 3687 799 ἐστι

2112 837 2177 889 τὰ
2207 837 2461 907 μέλλοντα
2488 840 2565 902 είς
2596 840 2814 892 κόλασιν
2844 834 3287 905 ἀποπέμπεσθαι,
3322 835 3415 888 ἐὰν
3447 838 3687 909 ἐπιμένῃ

2110 933 2175 1000 τῇ
2215 932 2475 1003 ἁμαρτία.
2516 933 2869 1003 Ἠτοίμασται
2898 932 3008 1004 γάρ
3036 933 3093 983 ἐν
3117 928 3191 1000 τῷ
3223 928 3359 1000 τόξῳ
3392 930 3556 998 σκεύη
3587 928 3688 981 θα-

2111 1024 2292 1076 νάτου.
2327 1024 2500 1095 Σκεύη
2530 1025 2585 1078 δὲ
2618 1025 2843 1079 θανάτου
2876 1026 3135 1097 δυνάμεις
3168 1021 3301 1074 εἰσὶν
3331 1023 3684 1089 ἀφανιστικαὶ

2111 1116 2219 1169 τῶν
2245 1115 2452 1187 ἐχθρῶν
2476 1116 2565 1169 τοῦ
2591 1116 2743 1171 Θεοῦ.
2771 1119 2813 1169 Τ
2819 1117 2851 1169 ὰ
2881 1118 3007 1189 βέλη
3035 1112 3200 1170 αὐτοῦ
3233 1115 3346 1176 τοῖς
3374 1113 3686 1182 καιομένοις

2111 1207 2483 1279 ἐξειργάσατο.
2518 1209 2725 1279 Ὥσπερ
2752 1208 2813 1262 τὸ
2847 1209 2954 1281 πῦρ
2982 1212 3046 1281 τῇ
3091 1204 3356 1277 καιομένῃ
3400 1203 3498 1276 ὕλῃ
3529 1203 3681 1273 παρὰ

2109 1298 2202 1353 τοῦ
2236 1299 2520 1363 κτίσαντος
2551 1300 2894 1372 ἐξειργάσθη·
2927 1302 2987 1354 ού
3016 1302 3122 1373 γὰρ
3154 1302 3241 1354 διά
3275 1298 3365 1352 τὸν
3397 1296 3682 1366 ἀδάμαντα

2111 1392 2332 1463 ἐκτίσθη
2371 1393 2462 1447 τὸν
2508 1394 2582 1463 μὴ
2612 1393 2908 1464 τηκόμενον
2940 1394 3044 1446 ὑπὸ
3073 1393 3163 1446 τοῦ
3194 1392 3382 1463 ηυρὸςι
3422 1388 3555 1440 ἀὶλὰ
3592 1388 3681 1441 διὰ

2108 1488 2177 1541 τὰ
2227 1486 2357 1554 ξύλα
2397 1487 2465 1539 τὰ
2502 1487 2934 1556 κατακαιόμενα·
2978 1486 3119 1539 οὕτω
3165 1492 3256 1539 και
3300 1485 3366 1538 τά
3408 1481 3504 1537 τοῦ
3544 1480 3678 1534 Θεοῦ

2114 1580 2240 1650 βέλη
2273 1583 2391 1643 ταῖς
2431 1580 2897 1650 εύκαταπρήστοις
2924 1579 3139 1649 ψυχαῖς,
3176 1571 3250 1631 ὧν
3287 1577 3420 1630 πολὺ
3462 1577 3522 1629 τὸ
3566 1573 3680 1629 ύλι-

2112 1669 2206 1722 κὸν
2245 1670 2338 1721 καὶ
2377 1668 2436 1721 τὸ
2466 1668 2600 1738 πρὸς
2640 1668 2941 1737 ἀφανισμὸν
2974 1666 3275 1737 ἐπιτήδειον
3317 1666 3676 1726 συνείλεκται.

2113 1764 2244 1833 παρ’
2292 1759 2456 1814 αὑτοῦ
2510 1758 2901 1831 κατειργάσθη.
2940 1759 3001 1811 Oi
3039 1754 3129 1811 οῦν
3181 1756 3539 1830 προλαϐόντες
3586 1758 3677 1810 καὶ

454 1860 573 1910 qua:
609 1846 845 1899 animum
888 1848 994 1900 urit
1025 1849 1366 1917 absumitque
1396 1850 1635 1914 tristitia,
1673 1861 1726 1905 et
1770 1851 1931 1905 alieni
1981 1866 2009 1906 a

2122 1825 2327 1922 ἔχοντες
2360 1852 2416 1905 ἐν
2447 1825 2759 1913 ἐαυτοϊςτά
2799 1825 3167 1920 πεπυρωμένα
3210 1825 3335 1919 βέλη
3376 1848 3467 1901 τοῦ
3501 1848 3679 1901 διαϐό-

456 1933 562 1990 Deo
594 1938 833 1991 timores.
866 1936 966 2003 Qui
1004 1949 1181 1995 autem
1217 1949 1299 1995 est
1324 1944 1390 1995 ab
1418 1942 1619 1996 inimici
1649 1943 1856 2012 sagittis
1887 1943 2014 1997 illae-

454 2040 565 2090 sus,
599 2024 800 2095 Deique
842 2027 1059 2084 indutus
1104 2041 1188 2086 est
1232 2042 1585 2097 armaturam,
1613 2049 1641 2087 a
1674 2033 1899 2089 letiferis
1925 2050 2013 2088 sa-

452 2117 601 2185 gittis
631 2117 862 2172 intactus
881 2133 1176 2188 permanet.

2112 1944 2203 1995 λου
2238 1942 2366 2013 (84),
2398 1934 2544 1994 οὗτοι
2574 1941 2816 2010 δέχονται
2845 1939 2913 1991 τά
2946 1939 3070 2009 βέλη
3094 1938 3187 1991 τοῦ
3216 1939 3369 1992 Θεοῦ.
3396 1939 3493 1992 Διά
3525 1938 3678 1990 τοῦτό

2116 2052 2282 2107 φησι·
2321 2035 2399 2089 Τὰ
2428 2034 2585 2100 βέλη
2615 2030 2801 2086 αὐτοῦ
2835 2030 2957 2098 τοῖς
2993 2030 3107 2100 ἤδη
3130 2030 3459 2100 καιομένοις
3494 2029 3679 2099 ἐξειρ-

2120 2126 2369 2197 γάσατο.
2414 2126 2644 2179 Καίουσι
2693 2126 2750 2177 δὲ
2789 2123 2963 2195 ψυχὴν
3010 2122 3209 2194 ἔρωτες
3264 2124 3543 2195 σαρκικοὶ,
3587 2122 3679 2174 καὶ

454 2209 736 2279 ἐπιθυμίαι
766 2212 1080 2282 χρημάτων,
1117 2217 1209 2269 καὶ
1241 2214 1488 2285 διάπυροι
1550 2217 1730 2287 ὀργαὶ,
1793 2220 1885 2271 κοιλ⁸
1917 2217 2083 2272 λύπαι
2126 2219 2415 2289 φλέγουσαι
2459 2217 2551 2269 καὶ
2590 2217 2914 2285 ἐκτήκουσαι
2945 2214 3041 2285 τὴν
3069 2211 3266 2283 ψυχὴν,
3299 2215 3392 2266 καὶ
3434 2212 3585 2282 φόϐοι
3631 2216 3680 2268 οἱ

450 2302 717 2372 ἀλλότριοι
748 2301 841 2354 τοῦ
874 2303 1029 2358 Θεοῦ.
1073 2307 1129 2360 '0
1164 2308 1342 2377 μέντοι
1373 2308 1611 2379 ἄτρωτος
1676 2309 1779 2362 ὑπὸ
1842 2309 1949 2363 τῶν
1992 2309 2082 2363 τοῦ
2124 2309 2317 2380 ἐχθροῦ
2351 2309 2537 2379 βελῶν,
2586 2308 2680 2362 καὶ
2725 2306 3067 2377 ἐνδεδυμένος
3105 2305 3203 2377 τὴν
3252 2303 3548 2360 πανοπλίαν
3584 2307 3679 2361 τοῦ

452 2396 606 2465 Θεοῦ,
631 2401 737 2454 τῶν
766 2402 1149 2472 θανατηφὸρων
1182 2400 1350 2470 βελῶν
1385 2403 1677 2474 ἀπείρατος
1713 2403 1975 2475 διαμένει.

524 2494 576 2548 8.
612 2495 774 2550 Vens.
807 2497 892 2551 15.
931 2495 1065 2550 Ecce
1101 2498 1351 2565 parturiit
1386 2498 1732 2567 injustitiam,
1781 2503 2014 2565 concepit

453 2584 710 2649 dolorem,
741 2598 788 2639 et
842 2589 1037 2655 peperit
1069 2589 1420 2656 iniquitatem.
1455 2590 1519 2642 Et
1559 2591 1775 2658 quidem
1802 2631 1817 2655 ,
1871 2592 2011 2660 quod

458 2676 523 2728 ad
572 2676 813 2731 ordinem
872 2678 1125 2746 pertinet,
1176 2678 1395 2733 confusa
1457 2679 1702 2734 videntur
1747 2696 1867 2736 esse
1900 2683 2013 2737 hate

458 2767 643 2823 verba.
680 2768 813 2823 Nam
844 2771 1074 2839 primum
1096 2772 1407 2841 concipiunt
1446 2782 1800 2843 pralgnantes,
1826 2775 2017 2831 deinde
2048 2788 2052 2793 ’

459 2859 805 2926 parturiunt,
853 2874 1127 2931 postremo
1186 2864 1421 2932 pariunt.
1474 2863 1571 2918 Hic
1624 2880 1752 2919 vero
1782 2866 2012 2934 primum

458 2952 725 3020 puerperii
757 2952 970 3009 dolores
1011 2955 1161 3018 liunt,
1212 2955 1404 3009 deinde
1460 2962 1761 3025 conceptio,
1810 2968 2017 3027 postre-

460 3056 604 3093 mum
639 3050 843 3109 partus.
879 3045 946 3097 At
997 3044 1110 3099 haec
1156 3045 1338 3100 cordis
1386 3048 1791 3116 conceptionem
1824 3048 2021 3118 signiti-

458 3134 769 3187 cantissimc
808 3136 1100 3205 explicant.
1127 3137 1467 3193 lrrationales
1505 3142 1647 3193 enim
1680 3140 2020 3195 incontinen-

460 3224 593 3278 tium
628 3227 879 3295 impetus,
932 3229 1234 3296 iusanteque
1284 3245 1346 3285 ac
1393 3230 1633 3287 furentes
1659 3234 1817 3304 106
1845 3233 2020 3288 libidi-

462 3331 581 3381 nes,
616 3317 869 3372 dicuntur
899 3321 1163 3387 puerperii
1206 3322 1437 3388 dolores,
1464 3338 1528 3377 eo
1562 3326 1701 3392 quod
1730 3342 1849 3378 eum
1880 3324 2023 3380 velo-

459 3409 623 3462 citate
656 3417 711 3462 et
758 3408 941 3463 dolore
976 3410 1232 3464 inanima
1269 3412 1636 3466 innascuntur.
1682 3412 1783 3480 Qui
1840 3425 2019 3469 autem

460 3494 531 3547 ob
560 3493 717 3547 talem
745 3494 1000 3563 impetum
1033 3498 1211 3565 pravis
1238 3501 1520 3554 succubuit
1562 3503 1980 3572 cogitationibus
2004 3545 2019 3567 ,

460 3584 510 3640 is
533 3584 768 3640 dolorem
794 3588 1039 3657 concepit
1068 3608 1081 3643 :
1121 3600 1172 3644 et
1194 3592 1285 3661 qui
1313 3594 1492 3647 cordis
1518 3594 1773 3650 malitiam
1804 3611 1898 3665 per
1920 3598 2024 3652 ini:

461 3692 596 3744 quas
627 3677 869 3733 actiones
896 3679 1152 3748 incendit,
1186 3682 1230 3736 is
1255 3684 1460 3751 peperit
1491 3685 1841 3755 iniquitatem.
1868 3689 2024 3744 Vide~

464 3776 549 3820 tur
569 3776 747 3823 autem
774 3768 890 3824 lucc
922 3772 1116 3837 dicere,
1147 3773 1287 3843 quod
1314 3789 1435 3828 eum
1472 3779 1669 3844 pudeat
1700 3793 1820 3833 esse
1855 3781 2020 3851 iniqui

465 3858 557 3910 liiii
604 3868 832 3926 patrem.
866 3860 979 3915 Non
1013 3878 1181 3928 meus,
1214 3865 1405 3933 inquit,
1446 3866 1585 3921 lilius
1613 3879 1727 3931 est,
1773 3873 1865 3924 sed
1908 3873 2024 3940 ejus

464 3952 632 4015 patris
680 3952 852 4007 factus
886 3963 970 4008 est
1020 3956 1160 4010 ﬁlius
1188 3996 1202 4021 ,
1259 3957 1344 4012 cui
1380 3974 1437 4012 se
1468 3960 1518 4011 in
1562 3960 1897 4030 adoptionem
1931 3980 2026 4033 per

464 4054 744 4112 peccatum
802 4048 1145 4116 mancipavit.
1200 4048 1333 4103 Nam
1387 4053 1677 4106 secundum
1716 4053 2018 4113 Joannem:

465 4135 571 4200 Qui
598 4136 721 4206 facit
750 4149 1042 4207 peccatum,
1067 4157 1130 4195 ex
1153 4141 1361 4196 diabolo
1395 4154 1549 4199 natus
1563 4156 1638 4198 est
1664 4144 1734 4201 ".
1766 4146 1905 4203 Ecce
1930 4150 2024 4217 igi-

2190 2498 2242 2551 8.
2308 2496 2451 2550 Ἰδοὺ
2484 2495 2779 2562 ὠδίνησεν
2821 2494 3091 2557 ἀδικίαν,
3126 2494 3422 2549 συνέλαϐε
3468 2498 3678 2559 πόνον,

2119 2592 2211 2643 καί
2247 2591 2449 2643 ἔτεκεν
2475 2589 2748 2657 ἀνομίαν.
2799 2587 2886 2650 Ὠς
2922 2588 3019 2658 μὲν
3048 2586 3181 2659 πρὸς
3225 2588 3322 2658 τὴν
3350 2587 3497 2652 τάξιν
3536 2589 3685 2642 δοκεί

2124 2682 2546 2751 συγκεχυμένως
2601 2682 2634 2750 ἡ
2692 2679 2833 2745 λέξις
2892 2679 3070 2750 ἐχειν·
3130 2681 3311 2751 ἐπειδὴ
3362 2683 3574 2752 πρῶτον
3627 2685 3680 2735 αί

2122 2775 2347 2827 κύουσαι
2389 2773 2866 2844 συλλαμϐάνουσιν,
2900 2768 3020 2825 εἶτα
3062 2771 3338 2838 ὠδίνουσι,
3378 2773 3681 2827 τελευταῖον

2121 2866 2176 2919 δὲ
2206 2866 2475 2919 τίκτουσιν
2516 2864 2627 2932 (85)
2647 2881 2661 2894 '
2693 2863 2922 2918 ἐνταῦθα
2949 2864 3004 2917 δέ
3031 2863 3296 2934 πρῶτονὴ
3327 2863 3471 2928 ὠδὶν,
3504 2858 3619 2917 εἶτα

2123 2957 2401 3028 σύλληψις,
2438 2952 2555 3008 εἶτα
2579 2958 2606 3008 6
2628 2956 2878 3019 τοκετός·
2923 2953 3059 3025 πρὸς
3093 2953 3151 3007 δὲ
3185 2954 3283 3024 τὴν
3324 2954 3421 3023 τῆς
3458 2953 3683 3024 καρδίας

2122 3048 2378 3119 σύλληψιν
2424 3046 2876 3118 ἐμφαντικώτατα
2920 3045 3050 3116 ἔχει.
3100 3046 3165 3097 Αἱ
3210 3045 3315 3116 γὰρ
3356 3045 3534 3112 ἄλογοι
3576 3044 3684 3097 τῶν

2118 3142 2433 3196 ἀκολάστων
2461 3139 2627 3210 ὁρμαὶ
2668 3138 2761 3191 καὶ
2798 3139 2852 3190 ai
2899 3137 3123 3208 μανικαὶ
3161 3138 3252 3189 καὶ
3281 3128 3683 3207 παροιστρῶσαι

2120 3235 2406 3305 ἐπιθυμίαι
2448 3233 2633 3295 ὠδῖνες
2670 3230 2985 3302 ἐλέχθησαν,
3029 3230 3115 3283 διά
3168 3230 3228 3283 τὸ
3269 3231 3402 3300 μετὰ
3432 3228 3683 3299 ὀξύτητος

2121 3327 2214 3380 καὶ
2243 3327 2403 3380 πόνου
2445 3323 2752 3393 ἐγγίνεσθαι
2785 3326 2849 3395 τῇ
2894 3322 3061 3393 ψυχῇ.
3102 3322 3257 3376 Κατὰ
3300 3323 3355 3375 δέ
3387 3320 3482 3393 τὴν
3512 3320 3685 3375 τοιαύ-

2119 3436 2216 3487 την
2245 3418 2439 3490 ὁρμὴν,
2468 3418 2496 3469 6
2522 3415 2857 3488 περικρατὴς
2883 3413 2991 3466 τῶν
3023 3413 3269 3484 πονηρῶν
3300 3413 3372 3484 μὴ
3400 3413 3685 3483 γενόμενος

2124 3510 2503 3580 βουλευμάτων
2543 3506 2801 3559 συνέλαϐε
2830 3506 3024 3573 πόνονξσ
3066 3505 3159 3559 καὶ
3192 3507 3219 3558 6
3248 3504 3346 3574 τὴν
3373 3506 3430 3556 ἐν
3452 3506 3519 3574 τῇ
3550 3521 3683 3573 καρ-

2121 3603 2209 3674 δίᾳ
2240 3599 2434 3654 κακίαν
2459 3598 2545 3651 διὰ
2576 3597 2684 3649 τῶν
2712 3596 2961 3669 πονηρῶν
2986 3594 3236 3667 πράξεων
3263 3596 3534 3656 ἐκκαύσας
3575 3592 3681 3664 (86)

2124 3694 2275 3747 ἔτεκε
2320 3691 2419 3762 τὴν
2449 3689 2695 3760 ἀνομίαν.
2737 3689 2916 3740 Ἔοικε
2940 3687 2996 3739 δὲ
3038 3686 3207 3739 ταῦτα
3232 3685 3407 3752 λέγειν
3443 3684 3687 3755 αἰσχυνό-

2126 3803 2283 3858 μενος
2322 3785 2414 3836 ἐπὶ
2452 3781 2529 3852 τῷ
2566 3781 2746 3849 πατὴρ
2793 3775 2929 3832 εἶναι
2969 3778 3153 3840 παιδὸς
3198 3776 3533 3848 παρανόμου.
3575 3778 3684 3830 Οὐκ

2123 3877 2275 3946 ἐμὸς,
2318 3874 2498 3944 φησὶν,
2531 3874 2557 3924 6
2591 3874 2737 3934 παῖς,
2767 3870 2899 3923 ἀλλὰ
2945 3868 3036 3921 τοῦ
3073 3868 3277 3939 πατρὸς
3305 3867 3523 3935 γέγονεν
3553 3868 3681 3931 υίὸς,

2122 3963 2166 4037 ᾧ
2204 3968 2291 4021 διὰ
2326 3966 2424 4035 τῆς
2467 3963 2738 4034 ἁμαρτίας
2777 3961 2961 4015 ἑαυτὸν
3002 3960 3329 4029 εἰσεποίησε.
3373 3958 3516 4011 Διότι
3549 3959 3686 4012 κατὰ

2123 4060 2212 4113 τὸν
2248 4057 2517 4127 Ἰωάννην,
2562 4057 2622 4108 '0
2654 4053 2836 4108 ποιῶν
2874 4052 2988 4119 τὴν
3020 4051 3309 4121 ἁμαρτίαν
3336 4052 3401 4104 ἐκ
3430 4051 3535 4105 τοῦ
3572 4050 3688 4103 διαρ

2124 4150 2305 4203 ϐόλον
2335 4147 2697 4217 γεγέννηται.
2736 4144 2864 4198 Ἰδοὺ
2891 4139 2982 4196 οὖν
3012 4143 3271 4214 ὠδίνησεν
3296 4143 3452 4219 αὐτὸν
3474 4142 3561 4196 διὰ
3588 4142 3686 4211 τῆς

467 4240 555 4285 tur
584 4246 707 4286 eum
732 4234 987 4302 parturiit
1011 4233 1255 4287 diabolus
1287 4249 1382 4302 per
1412 4235 1769 4306 iniquitatem,
1813 4250 1867 4294 et
1899 4255 2018 4296 con-

2130 4240 2363 4302 ἀδικίας,
2399 4239 2491 4291 καὶ
2516 4236 2802 4289 συνέλαϐεν
2828 4234 3008 4298 αὑτὸν,
3043 4235 3200 4288 οἱονεὶ
3223 4236 3278 4286 ἐν
3300 4237 3409 4297 τοῖς
3436 4235 3687 4288 οἰκειοτά-

463 4326 606 4395 cepit
636 4326 805 4395 ipsum
843 4344 858 4380 z
894 4327 995 4381 hoc
1018 4336 1119 4392 est,
1152 4327 1203 4380 in
1241 4328 1587 4395 penitissimis
1625 4331 1707 4386 sui
1749 4334 1918 4403 ipsius
1942 4348 2026 4389 re-

467 4419 711 4473 cessibus
745 4419 1015 4473 detentum
1054 4423 1153 4473 sub
1182 4420 1385 4474 viscera
1416 4423 1615 4492 proprii
1648 4423 1872 4481 aﬂ‘ectus
1905 4441 2026 4496 per-

466 4510 650 4572 traxit,
678 4525 739 4564 ac
774 4526 839 4564 eo
859 4510 1129 4582 gravidus,
1174 4521 1281 4565 tum
1304 4514 1519 4567 demum
1557 4517 1781 4585 peperit,
1808 4533 1931 4572 cum
1970 4518 2024 4572 in

468 4610 709 4666 apertum
738 4600 879 4656 illius
909 4602 1129 4668 protulit
1180 4603 1518 4667 iniquitatem
1555 4623 1567 4657 :
1606 4607 1872 4675 siquidem
1908 4608 2024 4676 ejus

468 4692 521 4745 in
551 4702 753 4759 patrem
781 4694 999 4748 rebellio
1039 4696 1351 4749 denuntiata
1384 4697 1634 4749 omnibus
1662 4706 1742 4752 est
1773 4713 1866 4767 per
1895 4715 2029 4767 pra:-

468 4794 678 4835 couem.
706 4780 866 4837 Vens.
898 4785 983 4837 16.
1002 4784 1200 4838 Lucum
1225 4787 1453 4853 aperuit,
1483 4797 1528 4838 et
1555 4788 1736 4855 e/fodit
1760 4804 1895 4841 eum.
1919 4788 2029 4844 No-

476 4890 599 4927 men
643 4875 788 4931 lacus
840 4877 891 4931 in
929 4879 1121 4933 divinis
1172 4879 1465 4947 Scripturis
1503 4896 1604 4933 non
1658 4882 1939 4934 admodum
1971 4882 2023 4936 in

468 4964 663 5021 bonam
716 4978 918 5036 partem
952 4971 1251 5025 invenimus
1284 4982 1599 5041 acceptum;
1659 4973 1798 5027 sicut
1852 4990 2024 5044 neque

545 5083 590 5115 "
620 5082 641 5136 Ι
674 5080 828 5137 Joan.
865 5099 947 5144 nt.
980 5084 1033 5140 8.

543 5177 655 5300 μί)
676 5175 827 5231 Colit.
848 5177 1106 5243 septimus
1122 5178 1281 5235 habet
1297 5179 1533 5251 πονηροῦ
1565 5196 1659 5248 pro
1676 5179 1945 5233 διαϐόλου.
1968 5178 2036 5231 ΙΙ-

543 5283 545 5299 :
575 5248 981 5300 .ἐΞειογάσατο.
1009 5250 1229 5300 deestin
1251 5252 1438 5300 editis:
1472 5253 1562 5300 sed
1597 5253 1833 5300 additum
1858 5261 1937 5300 est
1967 5265 2031 5300 ex

472 5248 981 5318 ’ξιιι1.ἐξειργάσατο,
1009 5250 1229 5302 deestin
1251 5248 1449 5305 editis?
1472 5253 1562 5305 sed
1597 5253 1833 5303 additum
1858 5261 1937 5303 est
1967 5265 2031 5302 ex

479 5320 650 5372 tribus
687 5317 818 5373 mss.
864 5317 1063 5373 Ibidem
1108 5319 1299 5387 legitur
1337 5322 1386 5373 in
1423 5321 1655 5373 etlitisvt
1683 5321 1733 5372 iu
1763 5320 2034 5373 nonnullis

479 5404 607 5459 mss.
636 5388 897 5459 ἐπιθυμία
928 5408 943 5443 :
973 5390 1063 5443 sed
1089 5387 1281 5458 legitur
1312 5392 1362 5443 in
1389 5390 1572 5458 majori
1600 5400 1747 5459 parte
1770 5404 1897 5441 mss.
1919 5390 2035 5441 ἐπι-

475 5458 688 5526 θυμίαι.
742 5458 907 5513 Paulo
959 5469 1079 5529 post
1112 5476 1239 5513 mss.
1276 5463 1516 5528 plerique
1550 5458 1735 5513 omnes
1776 5460 1825 5510 οί
1880 5459 2034 5511 ἀλλόο

476 5546 635 5599 τριοι.
662 5529 819 5599 Deest
847 5531 1103 5584 articulus
1138 5531 1189 5582 in
1214 5531 1447 5584 excusis.
1481 5585 1485 5589 _

552 5597 659 5669 (355)
682 5598 851 5653 Editio
880 5599 1040 5653 Basil.
1071 5610 1125 5653 et
1152 5616 1243 5653 sex
1295 5616 1421 5652 mss.
1466 5600 1542 5652 sic
1575 5599 1768 5651 habent
1801 5615 1814 5652 :
1844 5599 2032 5669 ἐπειδὴ

481 5666 694 5736 πρῶτον
712 5669 766 5740 αἱ
782 5670 1005 5723 κύουσαι
1035 5671 1481 5740 συλλαμϐάνουσι,
1513 5669 1815 5722 τελευταῖον
1837 5668 1890 5720 δὲ
1914 5666 2033 5731 ὠδίέ

480 5735 678 5799 νουσιν,
699 5735 816 5791 εἶτα
831 5742 1125 5809 τίκτουσιν.
1148 5735 1322 5794 Editio
1344 5740 1516 5795 Paris.
1536 5750 1588 5794 et
1618 5740 1747 5809 Reg.
1772 5740 1961 5793 tertius
1978 5750 2034 5809 ut

483 5808 536 5861 in
575 5817 742 5862 textu.
774 5808 913 5863 Infra
958 5812 1083 5866 editi
1112 5820 1166 5869 et
1214 5810 1364 5879 Regii
1420 5811 1621 5881 primus
1652 5808 1715 5865 et
1739 5819 1922 5865 sextus
1957 5808 2031 5881 μὴ

2128 4351 2242 4396 τοις
2277 4329 2464 4385 ἐαυτοῦ
2506 4330 2612 4382 ὑπὸ
2644 4327 2711 4381 τὰ
2753 4328 3032 4398 σπλάγχνα
3073 4327 3168 4396 τῆς
3220 4327 3352 4390 ἰδίας
3401 4326 3687 4389 διαθέσεως

2130 4428 2303 4497 ἤγαγε
2337 4424 2430 4477 καὶ
2456 4423 2817 4491 ὲκυοφόρησεν
2849 4420 3008 4473 αὐτὸν
3046 4421 3072 4472 ὁ
3104 4418 3344 4477 διάϐολος
3364 4436 3376 4449 ·
3413 4415 3530 4473 εἶτα
3587 4421 3687 4473 ἀπ-

2133 4517 2414 4586 εγέννησεν
2437 4512 2618 4575 αὐτὸν,
2639 4511 2847 4581 ἐκφανῆ
2864 4510 2961 4581 τὴν
2985 4510 3211 4581 ἀνομίαν
3237 4509 3396 4563 αὐτοῦ
3419 4511 3686 4577 καταστή-

2135 4625 2252 4671 σας,
2301 4606 2431 4659 διότι
2483 4604 2615 4656 πᾶσι
2663 4600 3048 4674 προεκηρύχθη
3095 4601 3128 4671 ή
3175 4601 3313 4653 κατὰ
3349 4600 3442 4653 τοῦ
3486 4601 3685 4672 πατρὸς

2130 4701 2512 4761 ἐπανάστασις.
2552 4694 2792 4750 Λάκκον
2823 4693 3031 4762 ὤρυξε,
3076 4691 3171 4745 καὶ
3210 4690 3558 4760 ἀνέσκαψεν
3582 4694 3685 4745 αὐ-

2130 4794 2254 4844 τόν.
2300 4792 2373 4845 Ού
2419 4789 2555 4842 πάνυ
2603 4787 2695 4839 ἐπὶ
2730 4783 2893 4839 καλοῦ
2943 4784 3264 4855 εὑρίσκομεν
3304 4782 3364 4834 τὸ
3396 4781 3561 4851 δνομα
3595 4781 3685 4834 τοῦ

2131 4882 2330 4934 λάκκου
2363 4880 2691 4950 τεταγμένον
2724 4880 2780 4929 ὲν
2817 4878 2933 4940 ταῖς
2964 4876 3134 4938 θείαις
3163 4875 3436 4945 Γραφαῖς’
3468 4872 3542 4935 ὠς
3571 4873 3687 4926 οὐδὲ

2134 4976 2192 5028 τὸ
2226 4976 2399 5047 φρέαρ
2428 4974 2615 5037 ὓδατος
2648 4971 2739 5024 ἐπὶ
2761 4972 3013 5043 χείρονος.
3044 4969 3256 5031 Λάκκος
3287 4966 3385 5037 μὲν
3410 4967 3515 5036 γάρ
3543 4969 3687 5020 ἐστιν

2138 5179 2445 5248 γενόμενος.
2474 5173 2740 5249 Partieula
2770 5174 2842 5244 μή
2871 5172 3112 5249 deestuin
3149 5168 3276 5249 aliis
3306 5177 3533 5249 quatuor
3560 5182 3683 5249 mss.

2210 5237 2320 5318 t8ti)
2350 5237 2438 5300 Sic
2464 5246 2677 5318 codices
2700 5237 2921 5318 septem.
2960 5241 3131 5318 Editio
3158 5237 3683 5318 Parisiensisnéyxad-

2141 5306 2257 5381 σας.
2283 5306 2473 5372 Censet
2502 5318 2584 5367 vir
2621 5306 2809 5386 lingua:
2833 5312 3030 5386 Graecae
3045 5310 3435 5386 scientissimus
3463 5306 3686 5386 Combe-

2143 5377 2289 5442 lisi‘us
2319 5388 2593 5458 ἐγκυήσας
2635 5377 2722 5458 llic
2756 5382 3032 5451 legendum
3064 5394 3201 5458 esse.
3229 5378 3334 5458 Sed
3360 5377 3474 5458 ejus
3505 5377 3681 5458 conje—

2140 5470 2341 5513 cturam
2360 5446 2489 5510 ’μυεῖ
2514 5446 3095 5525 seqttimur,‘uon_qnod
3118 5448 3417 5525 displiceat,
3455 5448 3558 5525 imq
3577 5446 3684 5523 pla-

2141 5541 2223 5582 cet
2263 5529 2510 5585 maxime,
2542 5520 2633 5577 sed
2668 5524 2808 5589 quod
2842 5520 3036 5597 nullius
3067 5535 3165 5597 nis.
3201 5522 3515 5597 auctoritate
3544 5520 3681 5597 inpi-

2142 5612 2302 5651 tatur.
2336 5598 2620 5665 Aliquanto
2650 5585 2970 5665 υᾷιειραίιῑο
3002 5589 3173 5665 Paris:
3208 5585 3558 5665 υίδςῆὲκείνου
3590 5585 3633 5647 ψ
3667 5599 3679 5633 ;

2140 5673 2230 5723 sed
2264 5684 2387 5720 mss.
2412 5654 2599 5719 olmnes
2628 5654 2738 5724 υἱὸς
2769 5654 2832 5726 ᾧ,
2864 5661 3017 5713 bene.
3045 5658 3280 5712 Subinde
3320 5656 3448 5726 Reg.
3481 5654 3685 5725 primus

2138 5752 2189 5793 et
2219 5738 2367 5793 Coll).
2396 5737 2651 5805 septimus
2680 5730 2920 5785 διαϐόλου
2948 5728 3230 5799 γεγένηται
