4008 6402
327 368 432 421 9.-19

1493 358 1768 414 ΗΟΜΙΙΛᾹ
1809 358 1829 412 1
1872 357 1936 413 1Ν
1979 359 2299 415 PSALMUM
2343 361 2478 416 XIV.

3454 329 3558 424 τεο

327 483 408 544 είς
434 480 490 535 ὃν
521 477 716 548 ἐϐλήθη
762 477 866 528 ὑπὸ
902 474 1009 528 τῶν
1056 473 1298 543 ἀδελφῶν
1332 472 1494 526 αὐτοῦ
1539 473 1754 544 Ἰωσήφ.
1787 473 1893 526 Καὶ

2001 484 2188 543 puteus
2219 491 2369 546 aqum
2397 476 2448 530 in
2485 475 2698 531 malam.
2729 477 2900 533 Lacus
2929 479 3070 533 enim
3095 488 3196 547 est,
3241 480 3293 535 in
3328 496 3486 551 quem
3525 500 3554 537 ει

325 573 418 626 ὅτε
449 571 777 624 πατάσσεται
817 567 928 637 (8Ί)
975 565 1118 620 Ἀπὸ
1148 565 1520 632 πρωτοτόκου
1554 563 1760 631 Φαραὼ
1786 563 1896 630 ἕως

326 665 703 733 πρωτοτόκου
733 661 843 728 τῆς
872 656 1301 728 αίχμαλώτιδος
1327 656 1435 725 τῆς
1467 657 1535 710 ἐν
1566 655 1644 722 τῷ
1669 655 1891 724 λάκκῳ.

326 759 440 812 Καὶ
482 758 540 809 ὲν
579 757 691 818 τοῖς
727 751 1006 821 Ψαλμοῖς·
1050 750 1542 818 Προσελογίσθην
1583 752 1733 820 μετὰ
1778 749 1897 802 τῶν

326 848 803 902 καταϐαινόντων
850 842 936 906 είς
975 839 1224 894 λάκκον.
1269 841 1378 894 Καὶ
1414 842 1472 893 ὲν
1520 840 1598 911 τῷ
1659 841 1894 914 Ἱερεμίᾳ

328 942 522 1014 φησιν·
570 935 707 1005 Ἐμὲ
743 932 1132 1004 ἐγκατέλιπον
1171 932 1374 1003 πηγὴν
1412 933 1626 1000 ὕδατος
1660 933 1890 1000 ζῶντος,

325 1032 424 1085 καὶ
456 1027 694 1096 ὤρυξαν
739 1021 972 1090 ἑαυτοῖς
1017 1023 1283 1091 λάκκους
1332 1026 1888 1094 συντετριμμένους,

323 1122 383 1176 οἳ
411 1123 482 1174 οὐ
507 1116 874 1183 δυνήσονται
911 1115 1066 1183 ὕδωρ
1105 1115 1213 1187 (88)
1247 1116 1546 1184 συνέχειν.
1601 1117 1760 1170 Ἀλλὰ
1801 1119 1893 1170 καὶ

322 1215 384 1266 ὲν
418 1211 493 1283 τῷ
523 1209 717 1281 Δανιὴλ
745 1208 944 1272 λάκκος
975 1209 1200 1261 λεόντων
1237 1208 1678 1278 ἀναγέγραπται,
1725 1211 1804 1272 είς
1833 1209 1892 1262 ὃν

324 1303 574 1373 ῥίπτεται
608 1299 821 1372 Δανιήλ.
853 1299 1032 1371 Φρέαρ
1059 1298 1114 1350 δὲ
1157 1296 1376 1369 ὀρύσσει
1414 1297 1664 1368 Ἀϐραάμ
1683 1313 1696 1326 °
1725 1299 1820 1351 καὶ
1843 1300 1893 1350 οἱ

321 1393 511 1458 παῖδες
536 1391 629 1446 τοῦ
669 1392 850 1445 Ἰσαάκ
871 1408 882 1420 ·
913 1391 1005 1444 καὶ
1026 1391 1116 1442 ἐπὶ
1142 1389 1314 1460 φρέαρ
1345 1388 1574 1454 ἐξελθὼν
1596 1391 1894 1444 ἀνεπαύετο

321 1487 584 1556 Μωῦσῆς.
615 1484 724 1536 Καὶ
747 1482 963 1553 ἐντολὴν
994 1481 1340 1553 λαμϐάνομεν
1370 1482 1477 1534 ἀπὸ
1505 1481 1597 1534 τοῦ
1621 1483 1894 1553 Σολομῶν-

321 1595 413 1640 τος
462 1576 634 1630 πίνειν
685 1575 855 1629 ὕδατα
903 1575 1008 1627 ἀπὸ
1061 1573 1342 1645 ἡμετέρων
1393 1573 1627 1642 ἀγγείων
1661 1575 1755 1628 καὶ
1786 1577 1894 1628 ἀπὸ

321 1668 607 1740 ἡμετέρων
655 1667 904 1740 φρεάτων
955 1667 1156 1737 πηγῆς.
1197 1668 1306 1720 Καὶ
1338 1669 1364 1719 ό
1396 1666 1585 1738 Σωτὴρ
1628 1669 1776 1738 παρὰ
1816 1669 1894 1739 τῷ

321 1759 519 1830 φρέατι
550 1761 615 1830 τῇ
658 1758 1007 1830 Σαμαρείτιδι
1039 1757 1167 1829 περὶ
1197 1756 1355 1810 θείων
1388 1758 1695 1829 μυστηρίων
1724 1759 1896 1812 διαλέ-

1998 568 2110 622 suis
2143 567 2406 622 fratribus
2428 567 2704 634 coniectus
2739 583 2821 624 εει
2850 569 3065 640 Ioseph.
3113 571 3174 626 Et
3225 589 3343 627 cum
3382 575 3556 630 carries

1999 655 2142 711 facta
2177 667 2256 712 est
2289 659 2330 711 Α
2381 659 2721 728 primogenita
2757 658 3077 727 Pharaonis,
3113 679 3274 730 usque
3326 665 3394 716 ad
3444 664 3548 730 pri-

1997 749 2309 814 mogenitum
2345 751 2560 816 captiva:
2589 764 2704 819 qua:
2733 751 2783 801 in
2818 751 2938 802 lacu
2965 751 3030 804 ⁷³.
3062 748 3127 804 Et
3177 738 3262 805 in.
3284 752 3508 806 Psalmis
3538 770 3553 805 :

1996 840 2314 895 lEstimatus
2335 857 2448 893 sum
2468 857 2581 893 cum
2609 841 3030 895 descendentibus
3051 843 3103 895 in
3135 842 3382 896 locum".
3408 843 3472 897 Et
3501 844 3552 897 in

1995 932 2224 987 Ieremia
2261 949 2275 986 :
2305 931 2390 986 M‘e
2419 933 2611 1002 [autent
2654 950 2802 1005 aqua!
2835 936 2979 996 uivw,
3009 935 3179 1003 inquit
3201 974 3216 994 ,
3262 935 3553 1003 derelique-

1996 1035 2141 1090 runt,
2171 1035 2218 1078 et
2251 1024 2498 1093 foderunt
2525 1025 2621 1078 sibi
2669 1024 2812 1078 lacus
2843 1027 3113 1090 contritas,
3151 1027 3240 1095 qui
3283 1043 3379 1080 non
3406 1037 3550 1094 pote-

1996 1122 2116 1168 runt
2155 1114 2417 1167 continere
2451 1130 2637 1183 aquam
2661 1113 2728 1168 ’³.
2755 1118 2930 1184 Atque
2957 1112 3118 1166 etiam
3149 1115 3198 1166 in
3231 1113 3447 1168 Daniele
3479 1114 3553 1166 li-

1995 1221 2089 1260 cns
2118 1206 2328 1259 leonum
2366 1205 2667 1273 descriptus
2689 1213 2789 1269 est,
2819 1206 2869 1259 in
2907 1220 3064 1274 quem
3098 1205 3347 1273 dejicitur
3370 1205 3550 1260 Daniel

1997 1297 2130 1364 ipse.
2162 1297 2386 1351 Puteum
2417 1308 2593 1350 autem
2628 1295 2814 1350 eﬂudit
2864 1295 3140 1350 Abraham
3175 1313 3189 1350 :
3249 1297 3372 1351 item
3405 1298 3550 1366 pueri

1996 1386 2142 1440 Isaac
2179 1405 2192 1439 :
2229 1395 2281 1439 et
2327 1387 2389 1440 ad
2435 1396 2646 1456 puteum
2693 1403 3008 1458 progressus
3047 1389 3412 1457 requiescebat
3440 1387 3553 1444 Mo-

1995 1494 2101 1533 ses.
2134 1477 2201 1531 Et
2228 1475 2479 1546 iubemur
2529 1493 2556 1530 a
2590 1477 2874 1532 Salomone
2905 1494 3096 1547 aquam
3134 1475 3318 1534 bib'ere
3347 1496 3410 1533 ex
3457 1497 3554 1532 no-

1995 1571 2122 1624 stris
2145 1571 2373 1630 vasis,et
2400 1584 2464 1622 ex
2512 1578 2791 1637 puteorum
2819 1580 3124 1624 nostrorum
3153 1570 3298 1624 fonte
3319 1572 3386 1628 ⁷⁵.
3417 1572 3556 1638 Quin

1995 1660 2158 1712 etiam
2195 1657 2443 1711 Salvator
2471 1659 2752 1727 ipsejuxta
2787 1668 3002 1727 puteum
3048 1675 3170 1714 cum
3215 1661 3552 1717 Samaritana

1998 1752 2062 1805 de
2092 1750 2289 1804 divinis
2314 1751 2590 1820 mysteriis
2620 1734 2856 1804 disserit.
2886 1751 3111 1805 Causam
3144 1768 3269 1806 vero
3293 1770 3390 1806 cur
3415 1755 3559 1808 lacus

320 1867 499 1920 γεται.
537 1850 645 1920 Τὴν
671 1850 728 1902 δὲ
752 1849 929 1902 αἰτίαν
956 1848 1050 1902 τοῦ
1083 1848 1178 1900 ἐπὶ
1211 1847 1468 1919 χειρόνων
1497 1849 1596 1920 μὲν
1622 1851 1746 1913 τοὺς
1767 1851 1893 1904 λάκ-

1999 1842 2049 1895 in
2079 1843 2248 1910 pejus,
2279 1841 2423 1910 putei
2450 1857 2577 1897 vero
2615 1842 2665 1894 in
2693 1842 2880 1896 melius
2915 1855 3262 1912 usurpentur,
3285 1845 3419 1899 hanc
3441 1863 3562 1902 esse

319 1959 454 2006 κους
497 1940 773 2011 τετάχθαι,
806 1941 902 1994 ἐπὶ
941 1941 1263 2013 κρειττόνων
1290 1939 1346 1992 δὲ
1375 1939 1443 1992 τά
1481 1940 1710 2011 φρέατα,
1742 1942 1895 2012 νομί·-

321 2034 488 2104 ςομεν
519 2033 718 2102 ταύτην
758 2033 1022 2104 ὑπάρχειν
1043 2049 1056 2062 ο
1085 2031 1372 2103 ἐπίκτητον
1402 2032 1462 2084 τὸ
1503 2031 1646 2102 ὕδωρ
1682 2033 1740 2084 ὲν
1786 2036 1896 2096 τοῖς

320 2119 565 2181 λάκκοις,
594 2120 788 2171 πῖπτον
820 2117 878 2184 ἐξ
905 2116 1131 2189 οὐρανοῦ
1147 2133 1160 2146 ⁸
1193 2119 1250 2168 ὲν
1273 2116 1328 2169 δὲ
1347 2119 1459 2179 τοῖς
1484 2116 1678 2187 φρέασι
1703 2115 1897 2184 φλέϐες

323 2204 534 2256 ὑδάτων
569 2201 930 2272 κεχωσμέναι,
985 2201 1114 2272 πρὶν
1162 2199 1455 2271 ὀρυχθῆναι
1505 2201 1632 2263 τοὺς
1676 2199 1893 2262 τόπους,

324 2295 717 2367 φανεροῦνται,
767 2293 1220 2366 περιαιρεθέντων
1265 2291 1373 2345 τῶν
1423 2291 1896 2344 ὲπικαλυπτόντων

323 2387 612 2458 χωμάτων,
649 2386 742 2439 καὶ
778 2384 1098 2455 οἱασδήποτε
1131 2382 1317 2445 οὐσίας
1359 2381 1730 2452 ἐπικειμένης,
1776 2382 1897 2451 ἥτις

323 2478 476 2532 πᾶσά
502 2479 617 2530 ἐστι
643 2479 733 2549 γῆ.
763 2477 872 2530 Καὶ
897 2479 953 2529 ὲν
982 2478 1102 2539 ταῖς
1125 2475 1322 2545 ψυχαῖς
1349 2474 1525 2527 τοίνυν
1559 2474 1705 2527 ἐστὶν
1736 2475 1896 2528 οἱονεὶ

322 2572 562 2644 δρυγμα,
608 2572 666 2623 ὲν
710 2563 798 2632 αἷς
831 2568 1164 2622 καταπίπτει
1201 2565 1272 2618 τὰ
1309 2565 1591 2636 κρείττονα
1624 2564 1894 2635 μεταϐάλ-

322 2664 484 2716 λοντα
526 2662 620 2718 καὶ
652 2659 1208 2732 παραχαραττόμενα,
1238 2659 1326 2710 ὅτε
1366 2675 1449 2722 τις
1486 2658 1584 2720 τὰς
1625 2658 1754 2729 περὶ
1789 2657 1896 2710 τῶν

325 2754 508 2808 καλῶν
545 2753 752 2816 ἐννοίας
798 2751 1066 2815 πεσούσας
1109 2751 1189 2813 είς
1239 2749 1400 2803 αὐτὸν
1440 2749 1663 2820 τρέπει,
1699 2748 1791 2802 ἐπὶ
1836 2749 1897 2802 τὸ

323 2845 758 2916 κακουργότερον
799 2842 968 2906 αὐτάς
1000 2841 1363 2914 διαστρέφων,
1401 2841 1494 2894 κα).
1524 2841 1615 2894 ἐπὶ
1646 2841 1713 2893 τὰ
1746 2843 1897 2894 ἐναν-

323 2935 415 2990 τία
437 2939 503 3006 τῇ
529 2934 772 3006 ἀληθείᾳ,
800 2934 948 2987 οὐδὲν
970 2935 1166 2986 οἰκεῖον
1195 2931 1447 3003 βεϐουλευ
1456 2932 1615 3002 μένος
1638 2931 1778 3002 ἔχειν
1801 2950 1897 2986 κα-

322 3027 431 3080 λόν.
471 3027 580 3079 Καὶ
628 3027 787 3080 πάλιν
839 3025 1072 3097 φρέατα,
1112 3026 1220 3090 ὅτε,
1280 3021 1734 3095 περιαιρεθέντων
1783 3023 1894 3095 (89)

321 3119 430 3172 τῶν
469 3119 943 3174 ὲπικαλυπτόντων
981 3118 1259 3189 χειρόνων,
1308 3116 1618 3186 ἀναλάμπει
1649 3115 1764 3184 φῶς
1803 3117 1895 3170 καὶ

321 3195 475 3282 πηγῆ
505 3210 690 3276 ὕδατος
718 3213 774 3264 ὲν
800 3211 941 3282 λόγῳ
966 3213 1059 3264 καὶ
1083 3211 1310 3281 δόγμασι
1335 3209 1586 3281 ποτίμου.
1612 3209 1711 3262 Διὰ
1736 3209 1894 3263 τοῦτο

320 3301 551 3357 ἑκαστον
581 3303 756 3375 ἑαυτῴ
790 3304 968 3376 φρέαρ
1003 3301 1756 3371 κατασκευάσαιάναγκαῑον,
1804 3301 1892 3355 ἵνα

321 3396 534 3467 τηρήσῃ
580 3395 677 3467 τὴν
729 3395 1130 3466 προειρημένην
1185 3394 1403 3464 ἐντολὴν
1435 3387 1552 3465 ’τὴν
1600 3393 1892 3462 λέγουσαν’

322 3489 468 3541 Πίνε
497 3487 682 3541 ὕδατα
706 3485 824 3540 ἀπὸ
858 3482 986 3538 σῶν
1005 3485 1277 3555 ἀγγείων,
1309 3484 1407 3537 καὶ
1434 3483 1551 3538 ἀπὸ
1578 3482 1706 3538 σῶν
1725 3484 1896 3554 φρεά-

320 3595 440 3632 των
465 3577 678 3648 πηγῆς.
713 3577 868 3632 Οὕτω
888 3576 998 3647 γὰρ
1022 3576 1427 3648 χρηματίσομεν
1454 3575 1618 3628 τέκνα
1639 3574 1745 3627 τῶν
1769 3575 1892 3646 ὀρυ-

323 3669 529 3736 ξάντων
554 3669 624 3723 τὰ
650 3671 880 3742 φρέατα,
925 3669 1174 3740 Ἀϐραὰμ
1200 3669 1294 3722 καὶ
1335 3667 1517 3721 Ἰσαὰκ
1541 3667 1635 3721 καὶ
1679 3668 1889 3722 Ἰακώϐ.

320 3762 534 3815 Λάκκον
563 3762 620 3815 δὲ
653 3763 713 3816 οὑ
757 3761 1006 3834 ποιητέον
1028 3802 1042 3826 ,
1071 3760 1156 3814 ἵνα
1193 3760 1267 3830 μὴ
1298 3759 1628 3830 ἐμπέσωμεν
1673 3756 1782 3830 (90)
1813 3761 1892 3823 εἰς

317 3854 382 3908 τὺ
421 3855 655 3926 ὄρυγμα,
688 3853 828 3909 κατὰ
856 3853 915 3907 τὸ
940 3852 1126 3907 ἐνθάδε
1155 3852 1464 3924 εἰρημένον,
1494 3851 1626 3923 μηδὲ
1651 3851 1894 3906 ἀκούσω·

321 3966 422 4020 μεν
457 3949 524 4002 τὰ
554 3951 610 4001 ὲν
643 3949 721 4020 τῷ
769 3948 1009 4020 Ἱερεμίᾳ.
1050 3949 1136 4001 ἐπ’
1169 3945 1454 4017 ὀνειδισμῷ
1498 3945 1605 3998 τῶν
1645 3947 1891 4016 ἁμαρτα-

318 4043 514 4096 νόντων
539 4041 1022 4114 ἀναγεγραμμένα,
1054 4040 1145 4094 τοῦ
1187 4039 1320 4093 Θεοῦ
1353 4039 1596 4108 λέγοντος
1627 4039 1754 4108 περ)¹
1790 4039 1889 4091 αὐ-

315 4134 424 4187 τῶν
451 4134 486 4188 δι
518 4135 612 4187 καὶ
644 4136 750 4206 πρὸ
790 4133 1034 4206 βραχέως
1073 4131 1423 4205 παρεθέμεθα
1445 4149 1460 4162 ο
1499 4129 1635 4200 Ἐμὲ
1656 4128 1892 4198 ἐγκατέ-

1996 1932 2406 1999 existimamus;
2441 1919 2584 2000 quod
2616 1948 2751 2002 aqua
2797 1933 2848 1987 in
2889 1933 3112 1989 lacubus
3145 1935 3215 1990 sit
3241 1937 3556 2000 adventitia,

1997 2023 2194 2092 quippe
2223 2038 2341 2090 quae
2368 2038 2396 2076 ε
2426 2022 2563 2076 coelo
2596 2023 2750 2077 cadat
2783 2042 2796 2078 :
2833 2026 2882 2077 in
2925 2025 3101 2096 puteis
3130 2041 3258 2081 vero
3297 2042 3556 2095 aquarum

1996 2125 2166 2175 venae,
2199 2119 2485 2180 antequam
2518 2109 2630 2164 loca
2648 2110 2990 2179 eﬂ'odiantur,
3018 2126 3238 2185 aggesta
3273 2117 3438 2170 humo
3464 2120 3562 2172 ob-

1998 2212 2151 2265 rulae,
2181 2201 2293 2272 jam
2328 2216 2386 2256 se
2425 2204 2672 2272 prodant,
2709 2203 2750 2258 si
2787 2207 2942 2258 modo
2975 2221 3198 2277 aggeres
3245 2222 3339 2261 eas
3372 2218 3556 2278 tegen-

1999 2301 2098 2356 tes,
2149 2305 2241 2348 aut
2298 2295 2399 2349 alia
2445 2296 2647 2365 quaevis
2701 2297 3017 2354 incumbens
3043 2301 3383 2370 substantia,
3441 2317 3566 2372 qua:

1998 2386 2224 2456 ipsamet
2265 2397 2372 2441 tota
2416 2395 2561 2442 terra
2605 2397 2707 2456 est,
2732 2387 3171 2446 submoveantur.
3203 2391 3268 2446 Et
3301 2407 3430 2448 vero
3465 2409 3558 2448 ve-

1997 2474 2091 2528 luti
2127 2475 2269 2530 fossa
2295 2486 2376 2530 est
2405 2478 2457 2531 in
2495 2478 2802 2543 animabus,
2831 2480 2884 2532 in
2909 2496 3044 2550 quas
3075 2482 3274 2538 cadunt
3310 2485 3510 2554 optima
3539 2527 3557 2554 ,

1996 2580 2116 2634 qua:
2137 2576 2412 2621 mutantur
2437 2577 2490 2623 et
2533 2570 2930 2637 adulterantur,
2967 2585 3100 2640 tmn,
3126 2589 3246 2628 cum
3292 2579 3557 2646 quispiam

1997 2657 2207 2712 honesti
2238 2661 2480 2729 rectique
2505 2662 2858 2729 cogitationes
2887 2665 2987 2719 sibi
3018 2665 3235 2736 illapsas
3269 2668 3439 2737 pellit,
3465 2685 3560 2728 eas

1997 2750 2062 2803 ad
2087 2751 2289 2820 pejora,
2314 2762 2368 2806 et
2397 2753 2462 2806 ad
2502 2767 2563 2807 ea
2588 2769 2706 2823 quae
2728 2755 2939 2810 veritati
2967 2757 3341 2824 adversantur,
3374 2763 3562 2818 distor-

1996 2855 2169 2908 quens
2195 2859 2208 2894 :
2243 2842 2437 2912 quippe
2463 2843 2664 2899 nullum
2693 2846 2890 2900 bonum
2916 2847 3180 2904 familiare
3205 2867 3267 2904 ac
3288 2854 3563 2923 proprium

1999 2930 2199 2987 habere
2228 2935 2434 2989 statuit.
2476 2935 2699 3000 Contra,
2742 2938 2886 3007 putei
2923 2947 3048 2992 sunt
3097 2941 3145 2994 in
3196 2944 3403 3009 anima,
3436 2961 3559 3002 cmn

1999 3025 2114 3091 lux,
2147 3025 2293 3080 vitiis
2324 3040 2440 3092 qua:
2468 3027 2780 3097 integebant
2816 3028 3032 3097 ablatis,
3085 3029 3322 3102 aﬂ‘ulget,
3357 3046 3409 3090 et
3440 3035 3561 3093 fons

1999 3133 2153 3188 aqua:
2181 3133 2299 3187 quae
2331 3133 2424 3186 per
2452 3132 2754 3173 sermonem
2781 3129 2835 3173 et
2865 3120 3113 3191 dogmata
3145 3126 3291 3192 potui
3320 3127 3436 3180 dari
3460 3143 3578 3196 pos

2001 3221 2121 3266 test.
2156 3210 2496 3280 Quapropter
2516 3214 2905 3283 estunicuique
2936 3231 3179 3282 necesse,
3206 3218 3308 3272 sibi
3342 3230 3559 3288 puteum

2000 3317 2330 3372 praeparare,
2368 3312 2426 3356 ut
2463 3306 2774 3358 mandatum
2809 3318 3160 3361 memoratum
3193 3320 3388 3375 servet,
3452 3326 3557 3382 quc

1999 3395 2195 3448 dicitur
2222 3410 2236 3446 :
2265 3392 2393 3447 Bibe
2425 3410 2588 3461 aqua:
2623 3395 2685 3449 de
2730 3396 2834 3449 tuis
2880 3398 3040 3462 rasis,
3090 3410 3136 3452 et
3179 3399 3242 3452 de
3287 3411 3563 3469 puteorum

1996 3497 2204 3538 tuorum
2229 3485 2372 3552 {ante
2419 3485 2487 3540 ".
2530 3484 2620 3540 Sic
2672 3486 2814 3540 enim
2857 3491 3003 3555 prius
3037 3490 3427 3560 appellabimur
3465 3495 3562 3550 ﬁlii

1997 3585 2184 3646 puteos
2233 3575 2631 3640 eﬂ‘odientium,
2683 3578 2935 3646 Abrahae,
2977 3589 3030 3634 et
3070 3582 3236 3645 Isaac,
3274 3593 3328 3636 et
3369 3583 3556 3641 Jacob.

1996 3667 2172 3722 Lacus
2198 3677 2374 3722 autem
2407 3667 2684 3724 faciendus
2716 3686 2818 3725 non
2849 3680 2949 3736 est,
2986 3687 3052 3727 ne
3101 3673 3152 3726 in
3195 3673 3390 3730 fossam
3427 3679 3562 3733 inci-

1996 3764 2182 3816 damus
2218 3763 2312 3829 ita,
2347 3771 2402 3815 ut
2431 3764 2518 3817 hic
2543 3764 2758 3829 dicitur,
2796 3779 2930 3820 neve
2961 3766 3242 3822 audiamus
3269 3785 3330 3824 ea
3363 3772 3552 3838 qutein

1993 3849 2222 3905 Jeremia
2248 3853 2298 3905 in
2324 3861 2662 3922 peccatorum
2715 3855 2969 3923 probrum
3009 3866 3064 3911 et
3091 3857 3320 3912 dedecus
3357 3862 3557 3932 scripta

1994 3955 2141 4010 sunt,
2179 3945 2287 4000 Deo
2309 3946 2375 3999 de
2398 3946 2525 4015 ipsis
2552 3948 2766 4002 dicente
2805 3951 2948 4017 quod
2988 3949 3150 4019 paulo
3193 3960 3318 4006 ante
3374 3955 3558 4008 retuli-

1997 4053 2116 4093 mus
2150 4058 2162 4094 :
2202 4037 2288 4091 Ille
2321 4041 2517 4108 [autem
2547 4056 2694 4108 aqua:
2729 4040 2852 4093 viva:
2881 4042 3287 4112 dereliquerunt,
3329 4056 3374 4098 et
3405 4046 3555 4114 [ode-

1997 4139 2116 4182 runt
2146 4130 2243 4182 sibi
2282 4128 2426 4183 lacus
2450 4134 2722 4197 contritas,
2745 4134 2833 4202 qui
2864 4148 2966 4184 non
2998 4143 3236 4204 poterunt
3276 4134 3404 4203 ipsis
3430 4152 3556 4190 con-

315 4229 497 4279 λιπον
524 4226 725 4296 πηγὴν
752 4225 968 4292 ὕδατος
1001 4224 1238 4290 ζῶντος,
1274 4223 1372 4277 καί
1399 4221 1637 4291 ὤρυξαν
1657 4220 1889 4286 ἑαυτοῖς

1999 4221 2162 4296 tinere
2186 4237 2394 4291 aquam.

314 4314 582 4386 λάκκους
639 4317 1203 4387 συντετριμμένους,
1261 4317 1318 4370 οἳ
1383 4318 1452 4370 οὐ
1509 4314 1881 4384 δυνήσονται
1919 4313 2314 4382 ὕδωρά·ὑτοῖς
2352 4315 2654 4386 συνέχειν.
2714 4358 2718 4364 .

356 4432 1944 4459 —____—_—_—_———/'

729 4523 836 4575 ΕΙΣ
873 4522 1009 4575 TON
1048 4521 1122 4574 IA'
1150 4520 1469 4576 ΨΑΛΜΟΝ.

315 4618 513 4685 Κύριε,
543 4615 634 4680 τίς
676 4614 1029 4683 παροικήσει
1068 4616 1137 4668 ἐν
1165 4613 1244 4685 τῷ
1296 4609 1642 4685 σκηνώματι
1667 4626 1803 4674 σου,
1838 4609 1877 4679 ἣ

490 4687 581 4751 τίς
610 4685 1063 4754 κατασκηνώσει
1094 4686 1164 4738 ἐν
1201 4684 1321 4752 ὄρει
1351 4684 1494 4753 ἁγίῳ
1519 4699 1633 4736 σου
1660 4697 1677 4745 ;

388 4780 438 4833 1.
478 4779 581 4831 Τὸν
626 4778 830 4832 τέλειον
864 4779 993 4849 ἡμῖν
1038 4779 1066 4831 ὁ
1097 4777 1252 4846 λόγος
1285 4773 1595 4847 ὑπογράψαι
1626 4773 1882 4843 βουλόμε-

2381 4515 2445 4569 IN
2485 4513 2808 4572 PSALMUM
2863 4516 2974 4572 XIV
3020 4519 3116 4588 (α).

1987 4605 2226 4672 Domine,
2259 4608 2372 4676 quis
2416 4609 2828 4676 peregrinabitur
2855 4611 2910 4663 in
2953 4611 3288 4666 tabernaculo
3329 4623 3436 4679 tuo,
3461 4624 3559 4671 aut.

2161 4682 2277 4747 quis
2315 4680 2590 4746 requiescet
2613 4679 2722 4749 (91)
2763 4683 2814 4733 iu
2852 4694 3020 4735 monte
3051 4688 3383 4738 sanctetuo?

2062 4773 2112 4828 1.
2143 4774 2442 4845 Scriptura,
2471 4777 2596 4830 dum
2626 4777 2797 4832 virum
2827 4778 3122 4847 perfectum
3168 4783 3325 4838 nobis
3347 4783 3553 4838 descri—

408 4868 465 4923 "'
491 4892 659 4946 Exod.
691 4907 764 4945 xu
795 4931 811 4956 ,
855 4890 944 4946 29.
1023 4890 1069 4922 ⁷³
1099 4889 1237 4944 Psal.
1267 4887 1583 4956 Lxxxvn,5.
1660 4885 1929 4941 "Jerem.
1956 4902 2015 4952 υ,
2043 4888 2129 4943 15.
2209 4888 2254 4920 ⁷⁸
2283 4886 2446 4945 Prov.
2483 4888 2642 4953 v,l5.
2719 4891 2763 4922 ⁷⁷
2801 4891 2930 4946 ibid.

386 5011 495 5084 (87)
526 5010 634 5063 Καὶ
661 5009 760 5063 ὅτε
779 5008 1173 5084 faetida-stat.
1219 5005 1330 5059 lloc
1362 5002 1713 5084 loco'ellips'i‘s
1763 5012 1870 5055 est.

311 5071 514 5151 Supple
547 5095 728 5135 vocem
757 5080 1061 5151 ᾼῐγυπτος,
1084 5087 1133 5131 et
1157 5093 1275 5130 cum
1299 5075 1587 5145 percutitur
1614 5071 1882 5141 IEgyptus

310 5172 343 5208 α
374 5148 713 5237 μέρος]εηὶιο
747 5148 1062 5232 Pharaonis.
1156 5227 1172 5237 Δ
1313 5214 1347 5237 ι.

384 5211 494 5293 (88)
526 5211 819 5293 Colbertini
859 5229 1096 5293 quartus
1121 5214 1473 5293 et_septimus
1503 5214 1686 5293 animi;
1711 5211 1877 5293 ὕδωρ.

314 5284 423 5349 Sed
442 5284 541 5346 vox
561 5291 743 5354 αὐτοῖς
763 5284 944 5345 υουῖη
963 5287 1103 5343 LXX
1122 5287 1315 5350 solum,
1336 5285 1428 5339 sed
1454 5285 1618 5337 etiam
1645 5287 1696 5337 in
1720 5284 1878 5354 editis

309 5373 364 5419 et
389 5365 439 5416 in
467 5363 586 5415 aliis
617 5353 749 5415 mss.
779 5362 948 5414 deest.
969 5358 1130 5412 Paulo
1149 5367 1266 5426 post
1293 5355 1448 5410 Coll).
1476 5364 1697 5424 quartus
1730 5353 1879 5423 ἔρρι-

309 5450 465 5487 πται.
493 5431 729 5486 Subiude
760 5431 896 5484 idem
924 5429 1088 5483 codex
1119 5427 1455 5498 ὀρύσσουσιν.

2052 5001 2163 5079 (89)
2197 5001 2322 5079 Mss.
2365 5004 2601 5079 quinque
2648 5003 2828 5079 καλόν
2860 5005 2953 5058 καὶ
2990 5006 3172 5078 ἔτερα,
3207 5009 3318 5073 ὅτε,
3343 5027 3556 5079 περιαι-

1984 5072 2264 5144 ρεθέντων.
2295 5072 2664 5145 ᾼιιεοιίυηειυ
2699 5076 2850 5130 Coll).
2875 5081 3052 5145 quarti
3086 5072 3446 5145 "primulinms,
3497 5093 3552 5134 et

1982 5145 2270 5266 egitorum.
2301 5144 2444 5198 Infra
2476 5161 2604 5200 mss.
2631 5146 2700 5200 τὰ
2731 5144 2960 5217 φρέατα.
2998 5144 3158 5203 Deest
3201 5153 3458 5205 articulus
3497 5157 3551 5204 in

1983 5227 2012 5266 e
2053 5223 2162 5266 Itis.

1983 5223 2162 5267 CUIUS.

2052 5282 2162 5358 (90)
2195 5281 2324 5358 Mss.
2366 5285 2470 5340 duo
2517 5287 2934 5358 καταπέσωμεν.
2985 5289 3086 5344 Alii
3120 5300 3230 5344 tres
3269 5289 3546 5348 πέσωμεν.

1979 5351 2177 5430 ita
2207 5355 2380 5430 multo
2405 5367 2524 5430 post
2547 5373 2676 5430 mss.
2703 5351 2905 5430 aliquot
2933 5360 2961 5413 ὃ
2995 5362 3088 5413 καὶ
3114 5362 3239 5430 πρό.

2051 5423 2162 5494 (91)
2207 5424 2429 5494 Vulgata
2484 5427 2762 5482 habitabit.
2794 5423 3171 5501 'Augustinus'
3196 5432 3550 5499 ueregrinabi-

336 5547 443 5659 03a)
470 5547 547 5596 De
569 5547 660 5595 hac
686 5545 902 5602 homilia,
927 5555 1036 5604 quas
1058 5543 1311 5604 hucusque
1336 5545 1563 5614 tanquam
1615 5539 1864 5612 supposita
1888 5539 1936 5612 in
1957 5538 2244 5601 Appendice
2274 5541 2551 5612 legebatur,
2577 5543 2681 5593 haec
2705 5544 2852 5594 habet
2877 5546 3005 5608 Aug.
3037 5546 3154 5594 Mar.
3184 5548 3455 5599 Bandinius
3473 5550 3546 5613 [ad

405 5647 415 5658 .
439 5607 569 5659 Vill.
592 5609 715 5659 plut.
747 5607 824 5659 IV.
851 5611 886 5653 t.
913 5603 948 5659 l,
978 5617 1022 5659 p.
1050 5604 1140 5651 552
1163 5619 1173 5650 :
1207 5619 1224 5649 ι
1257 5604 1332 5652 Ex
1350 5608 1504 5650 nostri
1526 5601 1706 5650 codicis
1729 5607 2042 5659 antiquitate,
2069 5604 2250 5650 saacuio
2277 5618 2325 5652 ιι
2356 5607 2634 5659 conscripti.
2660 5610 2744 5659 qui
2777 5610 2904 5656 forte
2944 5611 3086 5657 alicui
3128 5607 3404 5659 Graecorum
3442 5627 3546 5659 mo-

307 5601 569 5665 cod.'Vlll,
592 5609 715 5670 plut.
747 5607 824 5666 IV,
851 5601 895 5653 t.
913 5601 958 5662 Ι,“
978 5617 1022 5664 p.
1050 5604 1140 5651 552
1157 5619 1185 5670 _:_
1207 5601 1332 5670 (Eat
1350 5601 1504 5670 nostri
1526 5601 1706 5670 codicis
1729 5603 2042 5670 antiquitate,
2066 5604 2250 5670 seculo
2277 5601 2745 5670 xriconscriptitqui
2777 5610 2904 5656 forte
2944 5601 3086 5657 {lieni
3113 5607 3404 5665 Graecorum
3442 5601 3548 5660 nio;

307 5676 529 5721 nasterto
550 5661 640 5733 pro
662 5661 832 5733 eorum
854 5661 1126 5727 temporum
1157 5664 1353 5733 Iitu‘rgia
1377 5661 1693 5733 inserviebat.
1714 5661 1862 5733 argui:
1877 5669 2045 5725 posset
2065 5664 2313 5733 humilium
2328 5666 2460 5733 hanc
2484 5661 2600 5733 ante
2627 5661 2748 5716 illud
2770 5661 3134 5733 tempusqetiam
3169 5673 3220 5721 S.
3253 5673 3432 5723 Basilio
3460 5680 3546 5724 311·-

303 5725 760 5794 ,ἱυᾶίοειευὶγίυἱεεᾳ
787 5730 932 5789 eique
957 5725 1214 5788 propterea
1213 5725 1398 5794 _to’cum
1419 5725 1761 5789 assignandum
1783 5732 1898 5775 ante
1921 5731 2234 5789 sequentem,
2260 5728 2399 5791 cujus
2427 5730 2600 5781 titulus
2623 5743 2679 5780 ac
2706 5725 3032 5793 prima'verba
3062 5735 3204 5785 aliam
3244 5735 3295 5784 in
3315 5737 3546 5788 eumdem

309 5789 551 5859 psalmum
572 5791 819 5845 homiliam
839 5794 1134 5852 supponunt.
1162 5803 1180 5837 ι
1210 5789 1342 5839 Emr.
