4008 6402
481 339 581 393 231

1785 329 1841 383 8.
1884 323 2127 381 BASILH
2162 321 2377 378 MAGNI

3604 310 3720 365 252

483 452 610 506 bere
644 450 776 512 vult,
805 461 926 503 eum
954 445 1232 509 videlicet,
1264 443 1353 514 qui
1392 443 1677 512 adepturus
1706 440 1775 495 sit
1817 440 2043 495 beatitu-

2151 454 2253 501 νος,
2306 435 2396 487 τὸν
2444 434 2554 486 τῶν
2609 426 2971 502 μακαρισμῶν
3018 421 3391 492 ἐπιτυγχάνειν
3429 419 3718 489 μέλλοντα,

481 540 694 605 dinem,
739 540 929 594 ordine
984 536 1213 607 quodam
1271 549 1335 589 ac
1379 533 1463 587 via
1511 532 1562 585 in
1616 530 1703 597 iis,
1733 544 1850 600 quae
1896 530 2039 584 circa

484 633 656 700 ipsum
706 629 1138 693 considerantur,
1169 641 1287 691 usa,
1316 626 1383 680 ab
1412 625 1476 677 iis
1522 637 1639 693 qute
1670 622 1837 689 magis
1886 620 2041 675 obvia

483 728 682 774 suntet
712 720 902 789 prima,
933 717 1144 772 initium
1175 715 1343 770 duxit.
1381 712 1540 765 Vnus.
1575 714 1627 766 1.
1661 712 1895 777 Domine,
1928 710 2042 779 quis

482 809 900 881 peregrinabitur
947 808 1001 862 in
1036 806 1368 861 tabernaculo
1406 807 1536 859 tuo?
1570 802 1932 873 Peregrinatio
1962 811 2045 858 est

480 902 836 957 commoratio
886 904 1228 971 temporaria,
1272 916 1391 969 qua:
1435 902 1600 954 vitam
1646 914 1747 953 non
1775 895 2042 963 stabilem,

482 990 574 1041 sed
610 988 969 1042 transitoriam
997 990 1065 1042 ob
1094 1003 1241 1057 spem
1269 990 1333 1041 ad
1370 989 1586 1042 meliora
1632 986 1925 1056 emigrandi
1963 986 2045 1040 iu-

481 1076 639 1130 dicat.
694 1078 788 1133 Est
820 1088 995 1133 autem
1050 1079 1150 1133 viri
1200 1080 1393 1143 sancti,
1423 1081 1561 1134 hanc
1613 1080 1829 1149 quidem
1878 1078 2043 1133 vitam

483 1170 734 1236 transire,
791 1172 856 1226 ad
901 1171 1124 1226 alteram
1151 1188 1278 1228 vero
1310 1173 1584 1229 festinare.
1622 1172 1748 1228 Ideo
1784 1182 1835 1227 et
1882 1170 2045 1225 David

480 1261 546 1315 de
575 1277 634 1318 se
657 1262 770 1333 ipso
809 1264 885 1318 ait
912 1282 925 1318 :
956 1264 1141 1318 lncola
1184 1281 1275 1335 ego
1309 1282 1423 1319 sum
1468 1266 1608 1335 apud
1635 1277 1703 1332 le,
1735 1275 1782 1318 et
1822 1256 2048 1333 per'egri-

482 1372 599 1417 nus,
623 1357 757 1409 sicut
786 1372 958 1411 omnes
984 1367 1155 1425 patres
1178 1356 1351 1411 mei".
1382 1357 1555 1413 lncola
1585 1360 1726 1412 enim
1758 1356 1855 1411 fuit
1874 1354 2049 1411 Abra-

482 1449 627 1513 ham,
657 1451 747 1519 qui
803 1465 868 1503 ne
917 1465 1130 1518 passum
1162 1449 1375 1517 quidem
1422 1447 1569 1519 pedis
1628 1459 1783 1503 terra:
1818 1450 2049 1520 prepria:

482 1543 754 1608 possedit;
780 1544 871 1595 sed
924 1542 1011 1593 ubi
1040 1556 1173 1609 opus
1210 1541 1256 1594 ei
1313 1540 1560 1609 sepulcro
1590 1538 1708 1604 fuit,
1740 1539 1791 1595 id
1826 1550 2049 1611 argento

482 1644 748 1686 mercatus
769 1634 931 1687 fuisse
948 1632 1411 1702 perhibetur"-“°.
1429 1631 1671 1687 Ostendit
1688 1630 1894 1687 Scilicet
1912 1632 2053 1688 Scri-

482 1733 634 1793 ptura
659 1763 675 1787 ,
711 1724 761 1778 in
792 1739 960 1777 carne
999 1724 1287 1787 viventem,
1339 1724 1565 1777 incolam
1618 1739 1737 1779 esse
1781 1736 2048 1793 oportere,

2147 530 2296 595 τάξει
2344 527 2447 582 τιν).
2502 525 2595 579 καὶ
2650 522 2753 594 ὁδῷ
2805 521 2911 575 τῶν
2958 519 3083 590 περὶ
3115 512 3274 570 αὑτὸν
3326 512 3720 586 θεωρουμένων

2147 621 2508 693 χρησάμενος,
2565 617 2673 670 ἀπὸ
2721 614 2828 668 τῶν
2875 608 3310 683 προσεχεστὲρων
3357 608 3449 659 καὶ
3483 605 3725 674 πρώτων

2146 715 2246 785 τὴν
2265 711 2438 783 ἀρχὴν
2472 708 2780 779 πεποίηται.
2814 707 3008 773 Κύριε,
3039 703 3129 767 τίς
3162 700 3511 771 παροικήσει
3538 698 3607 751 ἐν
3635 694 3724 761 τῷ

2148 805 2491 874 σκηνώματι
2520 818 2676 865 σου;
2715 801 2780 854 Ἡ
2818 797 3078 869 παροικία
3116 796 3232 849 ἐστὶ
3267 792 3509 863 διαγωγὴ
3548 789 3726 861 πρόσ-

2150 915 2356 969 καιρος,
2384 898 2481 967 οὐχ
2510 892 2798 965 ἱδρυμένην
2828 891 2991 963 ζωὴν,
3014 889 3151 944 ἀλλὰ
3182 886 3498 957 παροδικὴν,
3528 886 3612 937 ἐπ’
3638 883 3722 934 ἑλ-

2150 991 2263 1044 πίδι
2290 991 2387 1061 τῆς
2413 988 2506 1041 ἐπὶ
2534 987 2602 1040 τὰ
2630 987 2912 1059 κρείττονα
2945 982 3342 1057 μεταστάσεως,
3385 977 3718 1045 ὑποφαίνουο

2154 1097 2241 1136 σα.
2278 1083 2459 1153 Ἀγίου
2506 1085 2562 1137 δὲ
2605 1078 2820 1152 ἀνδρὸς,
2853 1074 3170 1146 παροδεύειν
3198 1071 3295 1143 μὲν
3336 1068 3427 1122 τὸν
3458 1067 3569 1137 βίον
3596 1066 3715 1119 τοῦ-

2150 1195 2261 1241 τον,
2295 1174 2603 1246 ἐπείγεσθαι
2632 1174 2687 1228 δὲ
2721 1170 2855 1244 πρὸς
2878 1168 3067 1240 ἑτέραν
3091 1165 3253 1235 ζωήν.
3282 1161 3369 1214 Διὸ
3394 1160 3485 1213 καὶ
3507 1161 3534 1212 6
3555 1157 3724 1210 Δαόὶδ

2154 1271 2278 1342 πρ).
2341 1267 2531 1321 ἑαυτοῦ
2602 1279 2733 1336 φησι
2771 1280 2785 1292 ⁸
2857 1258 3144 1329 Πάροικος
3207 1252 3318 1323 ἐγώ
3379 1254 3495 1321 ειμι
3558 1247 3722 1316 παρὰ

2153 1362 2249 1416 σοὶ
2284 1361 2374 1431 (92
2401 1360 2510 1426 95),
2547 1358 2645 1412 καὶ
2679 1352 3105 1424 παρεπίδημος.
3139 1344 3330 1409 καθὼς
3355 1346 3408 1397 οὶ
3465 1342 3721 1408 πατέρες

2148 1472 2283 1525 μου.
2318 1452 2584 1523 Πάροικος
2612 1449 2718 1519 γὰρ
2755 1441 3021 1514 Ἀδραὰμ,
3058 1437 3176 1492 ούδὲ
3211 1436 3359 1507 βῆμα
3386 1433 3543 1494 ποδὸς
3580 1431 3717 1525 ἰδίας

2154 1524 2255 1619 γῆς
2294 1545 2647 1617 κεκτημένος,
2691 1538 2805 1594 ἀλλ’
2833 1539 2921 1590 ὅτε
2944 1534 3117 1604 ταφῆς
3151 1527 3565 1625 αύτῷλὲδέησεν,
3612 1524 3716 1625 dp:

2154 1616 2343 1713 γυρίου
2373 1616 2712 1708 κτησάμενος
2749 1629 2951 1699 ταύτην
2978 1626 3223 1696 φαίνεται
3242 1638 3255 1651 ⁸
3290 1616 3589 1679 δεικνύντος
3607 1616 3716 1722 ντοῦ

2154 1734 2334 1802 λόγου,
2386 1732 2465 1784 ὃτι
2521 1728 2696 1792 ζῶντα
2736 1722 2831 1795 μὲν
2877 1723 2933 1775 ἐν
2974 1722 3040 1790 τῇ
3083 1715 3242 1788 σαρκὶ
3284 1713 3542 1783 πάροικον
3580 1713 3717 1762 εἶναι

484 1819 798 1881 migrantem
845 1827 973 1867 vero
1002 1828 1067 1867 ex
1124 1812 1225 1865 hac
1255 1812 1385 1875 vita,
1422 1811 1474 1864 in
1522 1812 1651 1865 locis
1694 1812 1924 1880 propriis
1964 1826 2050 1865 re-

2151 1827 2438 1899 προσήκει,
2496 1816 2886 1893 μεταϐαίνοντα
2928 1813 2984 1866 δὲ
3028 1811 3135 1865 ἀπὸ
3172 1808 3271 1878 τῆς
3304 1805 3447 1875 ζωῆς
3486 1800 3714 1899 ταύτης,

464 1905 779 1974 'quiescere.
811 1904 1101 1972 Pmpterea
1126 1904 1176 1958 in
1205 1903 1305 1958 hac
1328 1902 1432 1957 vita
1464 1902 1634 1957 incola
1664 1911 1881 1957 estcum
1913 1901 2045 1957 alie-

484 1998 690 2066 nigenis
721 2012 734 2048 :
776 1996 826 2048 in
858 1994 1130 2064 sepultura
1162 2009 1291 2049 vero
1316 1996 1587 2063 propriam
1625 2002 1820 2047 terram
1851 2007 2047 2062 corpus

482 2100 637 2137 suum
665 2092 1007 2152 excepturum
1049 2081 1149 2136 sibi
1184 2082 1295 2153 ipse
1338 2083 1687 2151 comparavit.
1720 2079 1887 2136 Porro
1921 2083 2048 2136 bea-

486 2186 594 2227 tmn
652 2173 805 2242 plane
854 2171 1043 2236 fuerit,
1083 2173 1242 2228 rebus
1297 2173 1522 2227 terrenis
1572 2188 1678 2226 non
1722 2182 1777 2226 ut
1818 2172 2049 2241 propriis

484 2264 752 2318 addictum
785 2277 924 2331 esse,
959 2279 1128 2332 neque
1183 2265 1340 2318 rebus
1390 2265 1741 2333 praesentibus
1796 2272 2047 2334 tanquam

486 2357 712 2411 naturali
740 2358 951 2412 cuidam
986 2358 1169 2427 patriae
1198 2358 1504 2411 adhaerere:
1532 2357 1624 2411 sed
1656 2372 1811 2412 nosse
1845 2356 2047 2427 lapsum

485 2460 536 2503 te
565 2465 684 2504 esse
723 2464 753 2504 a
800 2449 1140 2511 melioribus,
1175 2458 1331 2518 teque
1370 2464 1435 2503 ex
1480 2450 1641 2502 multa
1685 2451 1739 2503 in
1801 2451 1901 2505 hac
1948 2451 2047 2505 ista

481 2540 589 2593 vita
623 2539 931 2593 alilictatum
965 2540 1184 2608 perinde
1232 2541 1581 2611 peregrinari,
1620 2550 1777 2610 atque
1814 2543 2050 2612 peregri-

484 2642 682 2686 nantur
716 2631 811 2694 illi,
837 2632 927 2700 qui
960 2633 1029 2687 ob
1071 2632 1246 2701 aliqua
1276 2631 1466 2687 delicta
1509 2648 1537 2685 a
1568 2633 1834 2701 judicibus
1862 2650 1927 2689 ex
1958 2650 2051 2703 pa-

485 2726 586 2774 tria
618 2722 751 2790 pulsi
780 2733 907 2776 sunt
943 2722 993 2775 in
1020 2724 1292 2778 exsilium.
1326 2723 1505 2778 Rarus
1541 2735 1717 2777 autem
1748 2726 1793 2780 is
1823 2735 1924 2790 est,
1958 2726 2046 2795 qui

483 2816 833 2881 praesentibus
860 2828 962 2867 non
997 2823 1053 2868 ut
1094 2816 1325 2885 propriis
1355 2816 1586 2882 studeat,
1622 2816 1712 2885 qui
1744 2817 2049 2870 divitiarum

486 2919 638 2958 usum
670 2905 805 2958 sciat
830 2907 894 2959 ad
948 2916 1157 2975 tempus
1204 2920 1322 2962 esse
1372 2922 1710 2972 concessum,
1734 2909 1823 2977 qui
1852 2908 2047 2964 bonam

485 2995 726 3064 corporis
772 2997 1138 3050 habitudinem
1181 2997 1473 3053 arbitretur
1511 2999 1659 3053 brevi
1689 3010 1926 3069 tempore
1949 3002 2049 3055 du-

486 3099 753 3155 raturam,
784 3090 875 3159 qui
921 3091 1169 3144 humana:
1216 3090 1399 3161 gloria:
1438 3090 1621 3147 liorem
1657 3093 2047 3149 inconstantem

484 3196 602 3237 esse
640 3192 913 3252 agnoscat.
946 3184 1073 3248 Quis
1104 3185 1265 3254 igitur
1290 3187 1706 3258 peregrinabilur
1726 3188 1779 3240 in
1808 3186 2051 3241 taberna-

484 3272 603 3326 culo
658 3285 745 3328 tuo
780 3274 804 3327 .9
840 3274 1262 3331 Tabernaculum
1300 3278 1393 3333 Dei
1444 3294 1571 3333 caro
1620 3280 1838 3343 dicitur,
1890 3295 2050 3349 quam

488 3368 605 3438 ipse
659 3369 854 3424 anima:
902 3369 1133 3425 hominis
1175 3371 1323 3425 dedit
1360 3371 1705 3426 habitationis
1744 3371 1879 3427 loco.
1922 3370 2053 3438 Quis

488 3459 612 3512 huic
650 3460 797 3514 carni
844 3470 901 3514 ut
929 3460 1115 3515 aliena:
1149 3461 1432 3517 attendet?
1461 3462 1917 3530 Quemadmodum
1972 3463 2053 3517 in-

486 3553 617 3607 cola:
648 3553 817 3607 aliena
853 3563 993 3608 terra
1029 3554 1314 3621 conducta,
1338 3554 1519 3609 colunt
1546 3570 1729 3623 agrum
1760 3557 1825 3609 ad
1852 3555 2053 3611 locato-

488 3646 562 3699 ris
597 3646 919 3699 voluntatem
957 3645 1073 3699 :ita
1128 3655 1185 3701 et
1226 3645 1381 3700 nobis
1434 3660 1500 3700 ex
1550 3647 1855 3716 syngrapha
1900 3661 2051 3700 com-

488 3737 650 3792 missa
691 3747 776 3791 est
807 3738 987 3791 carnis
1029 3751 1192 3803 cura;
1216 3747 1274 3791 ut
1302 3752 1419 3792 eam
1443 3737 1695 3792 decenter
1724 3736 2051 3805 excolentes,

488 3827 726 3895 largitori
756 3826 1068 3897 frugiferam
1110 3828 1414 3883 reddamus.
1469 3827 1619 3894 Quod
1653 3828 1697 3882 si
1750 3826 1859 3882 Deo
1893 3827 2052 3898 digna

444 3970 449 3975 .
487 3930 571 3973 est
600 3934 747 3982 caro,
782 3933 968 3972 revera
1004 3918 1093 3973 Dei
1132 3920 1529 3974 tabernaculum
1558 3919 1815 3983 ellicitur,
1840 3921 1905 3974 ad
1931 3933 2052 3973 eum

490 4010 731 4074 modum,
780 4024 887 4078 quo
943 4010 1154 4065 habitat
1199 4012 1252 4064 in
1298 4012 1517 4065 sanctis.
1548 4008 1664 4064 Jam
1700 4025 1828 4065 vero
1866 4010 2055 4065 incolae

488 4117 616 4157 caro
660 4110 742 4156 est
782 4102 1062 4171 ejusmodi.
1090 4102 1292 4158 idcirco
1326 4104 1400 4158 ait
1430 4118 1444 4156 :
1479 4103 1713 4169 Domine,
1741 4104 1857 4174 quis
1906 4119 2053 4173 pere—

488 4194 782 4264 grinabitur
802 4193 853 4247 in
886 4193 1221 4247 tabernaculo
1252 4204 1339 4248 tuo
1367 4196 1614 4250 ?Deinde
1639 4195 1909 4265 proiectus
1936 4196 2055 4264 qui-

490 4288 609 4339 dam
638 4294 691 4339 et
718 4285 1020 4356 progressio
1050 4286 1117 4339 ad
1145 4286 1394 4355 quiddam
1420 4288 1707 4357 perfectius
1724 4288 1815 4344 sit.
1842 4287 1909 4341 Et
1937 4289 2053 4357 quis

491 4378 771 4447 requiescet
799 4378 851 4431 in
881 4387 1053 4433 monte
1082 4389 1263 4432 sancto
1292 4389 1379 4432 tuo
1403 4380 1427 4433 ?
1455 4376 1667 4435 Judzeus
1697 4380 1912 4449 quidem
1950 4388 2055 4434 ter-

2146 1890 2258 1979 τόίς
2276 1890 2703 1976 οίκείοιςτόποις
2725 1902 3179 1961 ὲναναπαύεσθαι.
3221 1897 3317 1950 Διὰ
3342 1894 3498 1948 τοῦτο
3530 1895 3587 1946 ὲν
3619 1890 3716 1961 μὲν

2146 2011 2211 2078 τῇ
2252 2008 2363 2077 ζωῇ
2405 2003 2575 2077 ταύτῃ
2611 2001 2719 2072 (94)
2754 1998 3009 2069 παροικεῖ
3044 1996 3155 2056 τοῖς
3182 1988 3517 2057 ἀλλοφύλοις,
3565 1987 3625 2078 ὲν
3657 1981 3715 2035 δὲ

2236 2075 2379 2167 ταφῇ
2413 2075 2617 2149 οἰκείαν
2640 2090 2816 2161 ἐαυτῷ
2846 2090 2943 2158 τὴν
2966 2085 3258 2156 δεξομένην
3286 2078 3449 2171 αὑτοῦ
3470 2078 3532 2130 τὸ
3558 2075 3716 2171 σῶμα

2148 2165 2249 2260 γῆν
2291 2165 2800 2257 ἐπραγματεύσατο.
2843 2178 3126 2247 Μακάριον
3159 2174 3213 2226 δὲ
3253 2171 3330 2243 τῷ
3360 2169 3493 2231 ὄντι,
3641 2166 3717 2227 ὡς

2149 2259 2370 2342 οἰκείοις
2410 2273 2837 2349 προστετηκέναι
2876 2273 2988 2332 τοῖς
3034 2270 3090 2320 ὲν
3128 2268 3193 2336 τῇ
3225 2267 3315 2334 γῇ,
3357 2260 3490 2333 μηδὲ
3528 2259 3716 2328 ὥσπερ

2150 2372 2405 2444 πατρίδος
2430 2370 2571 2433 τινὸς
2595 2365 2827 2438 φυσικῆς
2858 2360 3165 2431 ἀντέχεσθαι
3200 2357 3304 2410 τῶν
3330 2352 3579 2415 ἐνταῦθα,
3603 2349 3715 2444 ἀλλ’

2149 2442 2347 2517 εἰδέναι
2377 2462 2474 2533 τὴν
2509 2460 2618 2532 (95)
2650 2458 2757 2513 ἀπὸ
2788 2456 2894 2510 τῶν
2936 2451 3215 2525 βελτιόνων
3254 2448 3588 2508 ἀπόπτωσιν,
3622 2442 3717 2496 καὶΙ

2147 2554 2245 2627 τὴν
2276 2556 2338 2607 ὲκ
2364 2552 2660 2623 καταδίκης
2688 2549 2871 2604 ἐνθάδε
2891 2545 3163 2615 διαγωγὴν
3203 2539 3587 2610 βαρυνόμενον,
3621 2535 3713 2587 οῦ-

2148 2666 2227 2701 τω
2260 2648 2564 2718 παροικεῖν,
2616 2645 2692 2707 ὡς
2744 2643 2793 2695 oi
2840 2640 2943 2693 ὑπὸ
2993 2636 3259 2691 δικαστῶν
3291 2648 3450 2684 τινων
3494 2629 3585 2682 ὲπί
3606 2645 3716 2680 τισι

2151 2739 2616 2810 πλημμελήμασιν
2650 2737 2729 2798 είς
2748 2734 2846 2805 τὴν
2873 2730 3165 2801 ὑπερορίαν
3190 2730 3252 2780 ὲκ
3277 2726 3373 2796 τῆς
3391 2720 3715 2791 ἐνεγκούσης

2150 2832 2529 2893 ἀπελαθέντες.
2565 2829 2798 2890 Σπάνιος
2838 2825 2895 2879 δὲ
2929 2826 2957 2876 ό
2997 2821 3252 2883 τοιοῦτος,
3293 2820 3321 2871 6
3356 2816 3429 2887 μὴ
3461 2814 3534 2877 ὡς
3570 2812 3717 2874 ἰδίοις

2152 2922 2430 2995 προσέχων
2462 2922 2574 2983 τοῖς
2608 2916 2902 2989 παροῦσινο
2938 2917 2966 2969 6
2998 2914 3089 2967 τοῦ
3126 2911 3353 2965 πλούτου
3394 2908 3489 2979 τὴν
3522 2906 3716 2977 χρῆσιν

2152 3010 2482 3081 πρόσκαιρον
2514 3006 2869 3077 ἐπιστάμενος
2889 3022 2900 3035 ’
2931 3006 2958 3057 ό
2981 3004 3071 3057 τοῦ
3107 3001 3354 3072 σώματος
3384 2997 3479 3068 τὴν
3502 2995 3713 3061 εὐεξίαν

2151 3100 2505 3171 ὀλιγοχρόνιον
2538 3098 2705 3161 τιθείς
2729 3115 2743 3127 ο
2775 3099 2803 3150 ό
2831 3096 3109 3167 γνωρίζων
3142 3094 3239 3164 τῆς
3270 3090 3613 3162 ἀνθρωπίνης
3633 3088 3717 3141 δόσ-

2153 3193 2249 3265 ξης
2278 3192 2387 3264 (96)
2412 3192 2472 3246 τὸ
2505 3190 2665 3254 ἄνθος
2700 3189 2973 3244 ἀϐέϐαιον.
3026 3189 3119 3253 Τίς
3138 3182 3251 3241 οὖν
3270 3181 3619 3253 παροικήσει
3649 3181 3717 3233 ἐν·

2152 3285 2231 3351 τῷ
2258 3284 2600 3354 σκηνώματι
2628 3299 2743 3337 σου
2772 3299 2790 3347 ;
2820 3284 3088 3353 Σκήνωμα
3116 3279 3207 3332 τοῦ
3238 3277 3371 3332 Θεοῦ
3398 3278 3431 3347 ἡ
3465 3277 3593 3348 παρ’
3623 3276 3718 3328 αύ-

2151 3376 2245 3429 τοῦ
2276 3375 2528 3446 δεδομένη
2572 3374 2709 3446 σὰρξ
2745 3377 2812 3444 τῇ
2852 3373 2942 3427 τοῦ
2974 3369 3256 3443 ἀνθρώπου
3296 3369 3439 3440 ψυχῇ
3473 3370 3553 3432 είς
3584 3367 3716 3421 ὲνοί-

2152 3482 2309 3537 κησιν
2339 3466 2677 3536 ὀνομάζεται.
2724 3465 2819 3529 Τίς
2856 3465 2931 3527 ὡς
2963 3462 3215 3533 ἀλλοτρία
3260 3465 3325 3532 τῇ
3355 3461 3516 3532 σαρκὶ
3547 3460 3717 3530 ταύτῃ

2154 3558 2438 3630 προσέξει;
2477 3559 2686 3628 Ὥσπερ
2724 3560 2770 3610 οἱ
2811 3557 3080 3628 πάροικοι,
3109 3554 3391 3626 ἀλλοτρίαν
3427 3552 3713 3624 ἐκμισθοῦ-

2155 3664 2304 3717 μενοι
2347 3647 2455 3718 (97)
2505 3648 2627 3719 γῆν,
2664 3648 2799 3718 πρὸς
2838 3647 2898 3699 τὸ
2933 3644 3177 3716 βούλημα
3222 3643 3316 3697 τοῦ
3367 3644 3717 3704 ἐκδεδωκότος

2152 3740 2458 3811 γεωργοῦσι
2486 3740 2582 3811 τὴν
2617 3739 2831 3812 χώραν·
2870 3739 3009 3793 οὕτω
3034 3740 3124 3791 καὶ
3158 3740 3287 3808 ἡμῖν
3318 3737 3458 3790 κατὰ
3484 3753 3717 3806 συγγρα-

2153 3832 2257 3902 φὴν
2278 3835 2311 3903 ἡ
2344 3833 2441 3903 τῆς
2465 3833 2665 3904 σαρκὸς
2693 3832 2977 3902 ἐπιμέλεια
2998 3829 3373 3903 παραδέδοται,
3400 3828 3537 3881 ὥστε
3561 3845 3718 3898 προσο

2153 3924 2391 3995 ηκόντως
2425 3925 2593 3995 αὐτὴν
2638 3924 3119 3995 φιλοπονήσαντας,
3172 3922 3444 3992 ἔγκαρπον
3490 3920 3715 3973 ἁποδσῦο

2154 4033 2240 4069 ναι
2262 4015 2339 4085 τῷ
2363 4015 2631 4069 δεδωκότι.
2675 4015 2795 4068 Ἐὰν
2817 4016 2872 4068 δὲ
2954 4014 3085 4067 θεοῦ
3118 4012 3243 4077 ἀξία
3274 4014 3305 4083 ἡ
3333 4011 3485 4082 σὰρξ,
3512 4012 3715 4080 γίνεται

2152 4108 2229 4179 τῷ
2255 4109 2367 4161 ὄντι
2391 4108 2524 4161 Θεοῦ
2560 4109 2823 4179 σκήνωμα
2854 4108 2991 4160 κατὰ
3010 4106 3107 4177 τὴν
3133 4106 3400 4174 ἐνοίκησιν
3427 4104 3589 4157 αὑτοῦ
3621 4103 3716 4175 τὴν

2154 4201 2234 4263 είς
2262 4200 2386 4262 τοὺς
2427 4199 2632 4267 ἁγίους.
2668 4199 2901 4269 Τοιαύτη
2936 4198 2991 4251 δέ
3020 4199 3167 4251 ἐστιν
3211 4198 3243 4267 ἠ
3273 4196 3366 4248 τοῦ
3398 4195 3707 4265 παροικοῦνο

2153 4309 2261 4355 τος.
2290 4292 2387 4345 Δια
2421 4292 2596 4354 τοῦτο.
2634 4294 2831 4361 Κύριε,
2865 4292 2957 4357 τίς
2986 4289 3337 4359 παροικήσει
3364 4290 3432 4343 ἐν
3457 4287 3535 4354 τῷ
3566 4305 3712 4353 σκη-

2154 4381 2376 4453 νώματι
2399 4398 2551 4448 σου;
2585 4380 2716 4437 Εἶτα
2739 4383 2985 4455 προκοπὴ
3013 4382 3104 4436 καὶ
3129 4381 3399 4453 πρόοδοςὴ
3431 4381 3521 4434 ἐπὶ
3544 4380 3604 4434 τὸ
3626 4397 3713 4433 τε-

491 4478 659 4521 rester
693 4483 812 4521 cum
836 4481 1068 4524 montem
1101 4470 1269 4534 audit,
1295 4470 1361 4524 ad
1381 4470 1507 4525 Sion
1541 4473 1787 4526 recurrit.
1816 4470 1943 4537 Quis
1970 4486 2050 4525 re-

2154 4472 2444 4544 λειότερον.
2491 4474 2600 4527 Καὶ
2656 4472 2746 4539 τίς
2789 4470 3238 4539 κατασκηνώσει
3289 4471 3358 4523 ἐν
3402 4470 3520 4537 ὄρει
3574 4469 3715 4537 ἁγίῳ

488 4560 708 4627 quiescet
729 4559 783 4611 in
817 4570 989 4614 monte
1020 4570 1199 4613 sancto
1223 4570 1313 4613 tuo
1340 4562 1365 4613 ?
1393 4561 1491 4627 Qui
1527 4562 1578 4616 in
1608 4578 1767 4618 carne
1797 4572 2049 4633 tanquam

489 4648 803 4718 peregrinus
824 4650 1107 4715 habitavit,
1126 4650 1177 4704 in
1202 4659 1384 4706 monte
1404 4660 1591 4706 sancto
1614 4662 1703 4707 tuo
1726 4655 2047 4723 requiescet.

2156 4579 2308 4627 00v;
2351 4564 2599 4627 Ἰουδαῖος
2631 4563 2728 4634 μὲν
2764 4566 2792 4617 6
2822 4564 3024 4633 γήϊνος,
3058 4564 3184 4616 ὅταν
3206 4562 3329 4633 ὅρος
3356 4560 3463 4631 (98)
3489 4560 3711 4631 ἀκούσῃ,

2157 4655 2293 4725 πρὸς
2328 4654 2426 4725 τὴν
2473 4652 2608 4706 Σιὼν
2660 4651 2967 4725 ἀποτρέχει.
3019 4653 3114 4718 Τίς
3156 4649 3606 4718 κατασκηνώσει
3649 4650 3716 4702 ἐν

560 4806 603 4836 ⁷³
622 4805 1005 4871 Psa|.xxxvut,
1030 4809 1113 4863 i5.
1188 4809 1307 4850 "-3"
1351 4807 1784 4874 Gen.xxm,16;
1818 4807 2155 4875 Act.vn,t6.

495 4974 639 5035 tur;
668 4975 765 5035 nec
806 4963 962 5035 aliter
998 4976 1271 5035 exponunt
1308 4968 1492 5021 Patres
1521 4967 1713 5022 Gnaei.
1746 4964 1885 5020 Infra
1923 4982 2051 5022 mss.

493 5036 597 5087 duo
618 5032 764 5102 ὁσίου
797 5049 891 5102 pro
922 5032 1095 5102 ἁγίου.

563 5101 772 5177 (9-2-93)
791 5101 941 5177 illud,
955 5101 1102 5177 παρὰ
1124 5107 1224 5167 σοί,
1243 5107 1390 5161 deest
1407 5108 1459 5161 in
1477 5105 1741 5177 aliquibus
1755 5120 1882 5161 mss.
1900 5106 2053 5176 Apud

494 5171 635 5248 LXX
691 5174 854 5248 paulo
880 5171 1087 5248 aliter,
1118 5178 1377 5248 πάροικος
1420 5176 1530 5248 ὲ.γῲ
1569 5171 1719 5248 εἰμι-
1745 5179 1907 5248 ὲν-τῇ
1951 5171 2047 5247 γῇ,

494 5243 607 5318 καί,
627 5252 732 5297 etc.
763 5243 1001 5318 Subinde
1028 5243 1382 5318 editio‘Paris.
1414 5243 1658 5317 Ἀϐραὰμ
1691 5243 1781 5318 ἦν.
1811 5243 1915 5318 Sed
1948 5243 2050 5301 vox

494 5309 829 5386 ﬁvnequein
858 5330 988 5386 mss.
1025 5317 1305 5386 reperitur,
1337 5309 1591 5385 neque'in
1621 5309 1853 5372 ediiione
1886 5316 2048 5371 Basil.

566 5383 675 5464 (94)
730 5384 844 5440 V’ox
892 5383 1275 5464 sedcn'deest
1326 5388 1377 5464 i_u
1421 5383 1684 5464 plurimis
1740 5404 1869 5442 mss.
1899 5386 2043 5464 Δβίοι

494 5456 887 5528 quinquemss.
924 5456 1119 5528 habent
1148 5456 1463 5528 δεξαμένην.
1496 5457 1598 5509 Alii
1639 5467 1868 5526 quatuor
1894 5456 2045 5522 δεξο-

496 5523 686 5594 μένην.
720 5524 904 5596 Lectio
927 5528 1072 5596 prior
1096 5523 1511 5583 favere‘videtur
1540 5528 1627 5592 iis,
1656 5523 1745 5593 qui
1766 5528 1817 5581 id
1842 5528 2041 5580 dictum

496 5604 685 5667 putant
728 5600 792 5650 de
824 5595 1140 5667 Abrahamo
1168 5618 1182 5654 :
1229 5599 1492 5667 posterior
1526 5599 1611 5661 iis,
1640 5598 1729 5667 qui
1754 5596 2046 5665 quemlibet

496 5664 763 5790 itolt’ntinen:
784 5666 867 5733 pie
892 5680 945 5722 et
966 5670 1207 5739 religiose
1231 5664 1493 5726 viventem
1524 5670 1624 5725 hoc
1642 5664 1758 5724 loco
1774 5664 2043 5738 designari

529 5749 557 5787 τ
598 5750 611 5789 t
644 5751 734 5789 ran
766 5751 846 5790 ur.

529 5749 846 5790 rmtrantur.

2232 4966 2343 5035 (95)
2377 4966 2526 5036 Regii
2555 4965 2744 5021 tertius
2781 4972 2835 5018 ct
2875 4974 3058 5018 sextus
3087 4964 3283 5018 εἰδέναι
3320 4965 3493 5018 πάντα
3532 4964 3713 5018 πιστὸν

2159 5038 2521 5175 τήῖὖέῖῗέἓίῠ.
2550 5107 2786 5175 ξηιιπιιιε
2821 5102 3034 5172 φύσεως
3065 5120 3161 5175 pro
3188 5104 3363 5175 δόξης.
3406 5102 3518 5158 Νοη
3554 5103 3713 5157 multo

2162 5174 2280 5246 poSt
2300 5174 2429 5245 Reg.
2459 5186 2513 5229 et
2532 5174 2684 5229 Colb.
2715 5184 2941 5246 quartus
2964 5176 3047 5237 τίς
3079 5174 3134 5227 δὲ
3166 5176 3260 5237 ὡς.

2231 5246 2340 5317 (97)
2380 5244 2508 5316 Reg.
2528 5245 2799 5317 secundus
2826 5254 2879 5317 et
2903 5245 3055 5317 Cplb.
3087 5255 3272 5300 sextus
3295 5244 3712 5317 ἐκμισθωσάμε-

2160 5314 2259 5370 νοι.
2303 5314 2497 5387 Ibidem
2528 5314 2721 5387 legitur
2748 5314 2799 5387 in
2839 5314 3043 5387 duobus
3074 5314 3709 5387 mssacptioitovﬁcavsag.

2151 5388 2253 5459 Alii
2290 5401 2420 5439 mss.
2458 5382 2656 5438 habent
2684 5382 3169 5459 φιλοπονήσαντας.
3194 5382 3303 5440 Hoc
3343 5388 3457 5454 ipso
3484 5382 3550 5439 'iu
3602 5386 3713 5459 loco

2151 5458 2387 5535 qumque
2406 5470 2529 5509 mss.
2564 5454 2921 5526 παραδοῦναι.
2949 5456 3053 5509 Alii
3084 5467 3194 5511 tres
3236 5472 3362 5511 mss.
3403 5471 3523 5510 cum
3553 5455 3711 5510 editis

2150 5525 2458 5579 ἀποδοῦναι.
2653 5525 2656 5526 ⁷

2150 5666 2162 5672 _
2220 5596 2331 5665 (98)
2359 5594 2506 5672 Multi
2538 5609 2667 5650 mss.
2695 5605 2748 5672 et
2777 5596 2905 5672 editi
2930 5593 3075 5672 690;.
3102 5596 3206 5672 Alii
3231 5598 3553 5672 trcs‘bpoug.
3581 5592 3713 5672 Pau-

2150 5666 2201 5719 lo
2231 5663 2369 5732 post
2412 5667 2517 5722 duo
2548 5682 2676 5724 mss.
2728 5667 2838 5721 ὁδὲ
2892 5663 2979 5735 τῇ.
3042 5668 3277 5724 Subinde
3329 5663 3432 5723 duo
3485 5663 3712 5724 tussim

2150 5734 2420 5804 ἀλλοτρίᾳ.
