4008 6402
295 313 407 368 255
1444 310 1728 367 HOMILIA
1762 312 1780 365 l
1817 312 1882 366 IN
1924 311 2252 368 PSALMUM
2284 314 2424 370 XIV.
3441 326 3546 384 9,54

292 428 377 495 τῷ
411 430 530 498 ὄρει
568 428 648 494 τῷ
675 429 821 499 tirio)
839 444 991 494 00v;
1038 431 1095 483 '0
1133 433 1197 500 τῇ
1243 430 1406 501 σαρκὶ
1447 431 1788 501 παροικὴσας
1820 432 1837 482 ἐ

1945 430 2132 494 ,Mons
2167 431 2255 486 ille
2307 431 2480 486 locum
2521 433 2826 498 caelestem,
2861 433 3192 503 splendidum
3243 445 3295 492 et
3333 441 3546 509 conspi-

289 519 372 590 τῷ
430 520 570 590 ἁγίῳ
622 520 739 590 ὄρει
803 519 1233 591 κατασκηνώσει.
1287 521 1450 592 Ὄρος
1518 523 1713 582 ἐκεῖνο,
1771 521 1837 592 τὴ

1976 536 2134 575 cuum
2173 522 2460 591 significat,
2491 521 2557 576 de
2607 537 2714 593 quo
2761 522 3050 591 Apostolus
3092 527 3211 581 ait:
3243 529 3546 586 Accessistis

290 610 686 684 ὑπερουράνιον
732 610 932 682 χώραν,
977 609 1076 680 τὴν
1123 611 1394 681 περιφανῆ
1441 611 1536 664 καὶ
1566 611 1824 683 λαμπράν

1976 614 2046 666 ad
2080 613 2210 668 Sion
2267 623 2514 679 montem,
2540 623 2589 668 et
2640 615 2899 669 civitatem
2927 615 3024 671 Dei
3055 619 3300 682 viventis,
3335 621 3546 675 Jerusa-

290 704 424 774 περὶ
473 697 534 757 οὗ
583 703 612 754 6
667 699 983 763 Ἀπόστολος
1034 699 1202 768 λέγει,
1243 701 1326 753 ὅτι
1370 703 1835 770 Προσεληλύθατ

1973 703 2072 758 lem
2111 705 2386 769 caelestem,
2424 706 2475 759 itt
2519 722 2622 774 qtta
2664 715 2750 761 est
2788 707 3071 764 celebritas
3119 712 3462 780 angelorum,
3490 723 3544 768 et

287 795 448 848 Σιὼν
474 794 614 864 ὄρει,
663 792 758 845 καὶ
801 793 973 845 πόλει
1015 792 1161 846 Θεοῦ
1203 791 1436 859 ζῶντος,
1480 793 1837 863 Ἰερουσαλὴι

1977 795 2212 851 Ecclesia
2229 797 2635 864 primitivorum,
2663 799 2753 869 qui
2779 801 3062 870 conscripti
3091 815 3208 856 sunt
3241 805 3293 857 in
3321 804 3540 862 uelis".

286 889 652 958 ἐπουρανίῳ,
710 886 767 936 ἐν
947 885 1256 956 πανήγυρις
1315 885 1592 954 ἀγγέλων,
1655 886 1750 939 καὶ
1822 886 2114 960 Ἐκκλησία
2187 890 2572 958 πρωτοτόκων
2629 891 3167 964 ἀπογεγραμμένων
3222 896 3293 950 ἐν
3363 897 3538 966 οὐρα-

286 984 440 1049 νοῖς.

358 1076 410 1129 2.
474 1070 642 1124 Ἐπὰν
707 1066 800 1123 οὖν
848 1087 928 1134 τις
993 1069 1234 1141 παρέλθῃ
1290 1069 1386 1141 τὴν
1436 1071 1613 1142 σάρκα
1660 1071 1864 1141 ταύτην

281 1164 656 1239 ἁπροσπαθῶς
692 1163 767 1228 ώς
799 1163 1082 1234 ἀλλοτρίαν
1126 1164 1425 1234 παροικῶν,
1476 1167 1572 1218 καὶ
1612 1164 1721 1235 (99)
1763 1165 1861 1236 οὺχ

279 1261 358 1325 ὡς
396 1259 528 1321 ἰδίας
559 1256 944 1328 ἐξηρτημένος,
975 1251 1147 1322 οὗτος,
1182 1256 1269 1310 διὰ
1301 1257 1361 1310 τὸ
1397 1257 1669 1328 νεκρῶσαι
1692 1255 1859 1311 αὑτοῦ

278 1350 350 1403 τὰ
378 1347 515 1418 μέλη
550 1345 618 1398 τὰ
644 1347 736 1398 ἐπὶ
763 1346 864 1416 τῆς
898 1346 1021 1416 γῆς,
1048 1346 1138 1399 τὸν
1171 1347 1444 1417 άγιασμὸν
1483 1347 1854 1420 κατορθώσας,

279 1439 432 1505 ἄξιός
467 1441 581 1491 ἐστι
611 1437 712 1506 τῆς
743 1438 800 1489 ἐν
834 1437 910 1508 τῷ
937 1438 1076 1508 ἁγίῳ
1103 1438 1218 1510 ὄρει
1244 1437 1739 1510 κατασκηνώσεως·
1790 1435 1858 1511 ἦς

279 1529 566 1600 ἐπιθυμῶν
595 1530 623 1582 6
669 1529 970 1601 Ψαλμῳδὸς
1013 1529 1215 1599 ἔλεγεν,
1255 1531 1336 1584 ὅτι
1375 1532 1764 1600 Διελεύσομαι.
1788 1533 1858 1585 ἐν

278 1622 442 1685 τόπῳ
473 1619 710 1691 σκηνῆς
752 1618 1132 1688 θαυμαστῆς·
1182 1619 1276 1673 καὶ
1306 1619 1387 1687 τὸ,
1449 1620 1543 1686 Ὠς
1583 1621 1857 1690 ἀγαπητὰ

279 1714 352 1767 τὰ
390 1711 751 1781 σκηνώματα
781 1728 917 1775 σου,
953 1711 1130 1778 Κύριε
1174 1710 1292 1764 τῶν
1330 1711 1662 1781 δυνάμεων.
1713 1714 1858 1766 Ἐκεῖ

2033 1067 2089 1122 2.
2120 1066 2412 1137 Postquam
2445 1069 2608 1140 igitur
2640 1071 2909 1142 quispiam
2963 1075 3064 1130 bac
3098 1090 3261 1131 carne
3300 1081 3450 1147 quasi
3483 1081 3537 1137 in

1963 1167 2276 1214 transcursu
2322 1159 2454 1214 citra
2480 1159 2732 1217 aﬂ‘ectum
2761 1178 2891 1218 usus
2927 1177 3027 1228 est,
3067 1181 3184 1221 eam
3215 1179 3274 1222 ut
3309 1169 3536 1226 alienam

1961 1245 2222 1313 incolens,
2264 1263 2363 1304 nec
2411 1249 2460 1304 ei
2498 1261 2556 1305 ut
2598 1253 2827 1324 prapriae
2871 1255 3118 1320 deditus,
3163 1259 3209 1313 is
3253 1271 3535 1330 propterea

1962 1337 2106 1406 quod
2135 1352 2232 1392 sua
2261 1340 2524 1406 membra,
2561 1356 2678 1411 quae
2705 1352 2830 1398 sunt
2856 1359 3016 1414 super
3043 1357 3273 1415 terram,
3311 1353 3539 1408 mortiﬁ-

1963 1428 2186 1496 cavit“,
2217 1431 2566 1501 exercuitque
2593 1435 3028 1502 sanctimoniam,
3047 1439 3240 1511 dignus
3265 1452 3346 1498 est
3368 1446 3456 1514 qui
3483 1446 3534 1500 in

1963 1527 2143 1573 monte
2171 1530 2360 1574 sancto
2391 1522 2714 1591 requiescat,
2734 1523 2882 1592 cujus
2910 1528 3108 1596 requiei
3141 1532 3365 1600 cupidus
3385 1534 3538 1588 Psal-

1963 1609 2120 1662 mista
2151 1609 2359 1665 dicebat
2386 1627 2398 1662 :
2434 1611 2688 1668 Transibo
2723 1615 2776 1668 in
2815 1617 2983 1670 locant
3012 1621 3334 1676 tabernaculi
3367 1626 3534 1678 admi-

1965 1701 2143 1756 rabilis
2160 1703 2240 1767 3’;
2266 1713 2352 1756 et:
2381 1703 2550 1769 Quam
2583 1707 2772 1761 dilecta
2804 1711 3139 1765 tabernacula
3173 1724 3283 1781 tua,
3319 1711 3536 1772 Domine

275 1807 429 1877 ἡμᾶς
458 1805 550 1858 καὶ
578 1806 611 1876 ή
642 1803 776 1874 πρὸς
817 1805 942 1867 τοὺς
979 1803 1203 1875 πλησίον
1234 1803 1308 1874 τῷ
1333 1803 1474 1876 λόγῳ
1509 1805 1724 1876 ἐκείνης
1755 1807 1837 1878 τῆς

1955 1794 2199 1847 virtutum
2226 1794 2298 1848 “l
2324 1795 2432 1852 lllic
2480 1799 2632 1853 nobis
2655 1809 2708 1853 et
2743 1801 2972 1870 proximi
3009 1818 3198 1870 amor,
3232 1807 3321 1876 qui
3372 1823 3532 1863 causa

276 1903 336 1953 ἐν
360 1899 439 1970 τῷ
467 1899 581 1966 ὄρει
613 1893 1103 1966 κατασκηνώσεως,
1146 1895 1240 1948 καὶ
1282 1895 1315 1966 ἡ
1343 1897 1407 1948 ἐκ
1433 1895 1527 1948 τοῦ
1572 1897 1854 1967 μαμμωνᾶ

276 1993 380 2062 τῆς
417 1989 630 2054 ἀδικίας
670 1989 925 2060 γινομένη
962 1987 1112 2057 φιλία
1156 1986 1231 2057 (1)
1277 1990 1627 2057 κατασκηνοῖ.
1676 1985 1853 2053 Ποιή-

283 2100 435 2138 σατε
468 2083 577 2154 γὰρ
610 2080 844 2145 ἑαυτοῖς
876 2080 1094 2149 φίλους
1138 2079 1206 2132 ἐκ
1250 2079 1355 2133 τοῦ
1404 2078 1696 2148 μαμμωνᾶ
1743 2078 1852 2147 τῆς

283 2177 542 2242 ἀδικίας,
590 2176 709 2238 ἵνα,
775 2173 919 2226 ὅταν
973 2172 1289 2239 ἐκλίπητε,
1347 2170 1632 2235 δέξωνται
1697 2169 1851 2240 ὑμᾶς

276 2272 368 2337 είς
411 2269 518 2335 τὰς
571 2267 847 2331 αἰωνίους
885 2263 1138 2332 σκηνάς.
1180 2264 1314 2334 Περὶ
1346 2263 1558 2332 ἐκείνης
1599 2263 1695 2334 τῆς
1737 2263 1850 2317 δια-

277 2362 468 2432 γωγῆς
499 2361 527 2413 6
559 2357 762 2428 Κύριος
794 2359 852 2410 ἐν
893 2355 1054 2427 εὐχῆς
1088 2355 1214 2408 εῖδει
1257 2355 1408 2422 ἔλεγε
1449 2354 1508 2407 τὸ
1543 2353 1640 2424 (2),
1668 2355 1849 2425 Πάτερ

276 2458 422 2524 ἅγιε,
456 2452 544 2517 δὸς
580 2452 686 2514 ἵνα,
720 2449 852 2502 ὅπου
883 2446 991 2516 ἐγώ
1009 2449 1143 2518 εἰμι,
1173 2447 1266 2499 καὶ
1294 2447 1446 2500 αὐτοὶ
1470 2439 1591 2498 ὦσι.
1619 2445 1849 2509 Σπάνιος

275 2550 372 2604 καί
412 2547 442 2599 6
468 2542 742 2616 παροικῶν
770 2542 828 2594 ἐν
851 2540 930 2611 τῷ
955 2538 1186 2610 σώματι,
1229 2538 1324 2593 καὶ
1351 2541 1378 2593 6
1407 2537 1760 2610 κατασκηνῶν
1789 2539 1848 2592 ἐν

271 2640 353 2710 τῷ
385 2639 520 2710 ὄρει.
573 2635 672 2688 Διὰ
712 2631 870 2686 τοῦτο
914 2632 989 2694 ὡς
1030 2630 1250 2704 ἀπορῶν
1287 2631 1316 2683 6
1345 2630 1500 2700 λόγος
1541 2631 1712 2700 φησί·
1754 2631 1848 2696 Τίς

272 2711 663 2800 πᾶροικήσει;
712 2727 825 2789 καὶ,
880 2723 972 2788 Τίς
993 2719 1484 2790 κατασκηνώσει;
1515 2721 1591 2784 ὡς
1637 2721 1717 2785 τὸ,
1751 2722 1847 2788 Τίς

271 2827 426 2894 ἔγνω
451 2819 602 2873 γοῦν
636 2816 893 2884 Kvplov;
929 2812 1021 2865 καὶ
1059 2811 1138 2873 τὸ.
1193 2812 1286 2877 Τίς
1325 2809 1646 2880 ἀναγγελεῖ
1684 2810 1842 2878 ὑμῖν,

271 2917 364 2970 ὅτι
386 2915 504 2983 πῦρ
533 2913 793 2972 καίεται;
842 2908 933 2960 καὶ
969 2906 1049 2971 τὸ,
1095 2905 1190 2969 Τίς
1222 2904 1539 2975 ἀναγγελεῖ
1569 2903 1710 2973 ὑμῖν
1739 2903 1846 2957 τὸν

271 3011 460 3063 τόπον
481 3007 586 3059 τὸν
613 3001 881 3063 αὶώνιον;
921 2998 1015 3050 καὶ
1056 2996 1136 3060 τὸ,
1177 2997 1272 3062 Τίς
1302 2994 1416 3064 ἄρα
1441 2999 1473 3048 ό
1501 2995 1714 3061 πιστὸς
1745 2996 1841 3049 καὶ

269 3101 556 3170 φρόνιμος
587 3095 935 3162 οἱκονόμος;
993 3089 1145 3160 Τάχα
1191 3089 1247 3141 δὲ
1302 3088 1396 3141 καὶ
1433 3087 1844 3158 ἐρωτηματικόν

1961 1887 2159 1954 requiei
2188 1887 2326 1944 illius
2358 1890 2409 1943 in
2461 1900 2638 1944 monte
2673 1890 2910 1948 fruenda
2956 1896 3263 1965 exhibetur,
3306 1909 3361 1954 et
3383 1916 3568 1958 amor'

1958 1978 2047 2046 qui
2074 1995 2138 2032 ex
2170 1995 2472 2036 mammona
2517 1982 2815 2052 iniquitatis
2848 1986 3104 2054 nascitur,
3146 1990 3532 2049 habitationem

1957 2071 2176 2137 praebet.
2213 2069 2396 2126 Facite
2423 2073 2561 2126 enim
2591 2073 2732 2128 vobis
2767 2078 2965 2131 amicos
3001 2080 3064 2134 de
3099 2097 3394 2138 mammona
3428 2085 3532 2140 ini-

1954 2164 2204 2231 quitatis,
2239 2176 2292 2218 ut
2326 2182 2440 2218 cum
2489 2165 2799 2235 defeceritis,
2834 2170 3083 2238 recipiant
3132 2187 3216 2226 vos
3249 2175 3303 2227 in
3337 2187 3531 2232 a'terna

1957 2253 2293 2307 tabernacula
2325 2254 2392 2308 ⁸⁵.
2458 2255 2532 2308 De
2604 2258 2702 2311 bac
2775 2262 3198 2317 commoratione
3275 2264 3532 2324 Dominus

1954 2360 2050 2416 per
2073 2348 2286 2399 modum
2340 2349 2590 2416 precandi
2640 2351 2714 2402 ait
2745 2368 2757 2403 :
2785 2349 2944 2406 Pater
2994 2363 3198 2421 sancte,
3233 2358 3318 2425 da,
3354 2367 3411 2411 ut
3438 2360 3526 2415 ubi

1954 2453 2072 2491 sum
2119 2452 2238 2508 ego,
2289 2449 2342 2492 et
2379 2439 2453 2492 illi
2511 2440 2620 2494 sint
2654 2441 2719 2494 ⁸⁸.
2755 2441 2927 2497 Rarus
2979 2455 3156 2499 autem
3202 2456 3312 2501 tum
3345 2450 3434 2520 qui
3473 2451 3527 2506 in

1953 2543 2177 2598 corpore
2207 2539 2461 2599 tanquam
2510 2530 2682 2586 incola
2733 2533 2960 2598 habitat,
3006 2538 3230 2607 tumqui
3264 2541 3314 2593 in
3347 2553 3527 2597 monte

1955 2621 2260 2688 requiescit.
2287 2621 2573 2690 Propterea
2601 2623 2880 2693 Scriptura
2913 2637 2970 2680 ut
2991 2627 3239 2683 dubitans
3269 2631 3375 2684 ait:
3397 2632 3526 2698 Quis

1949 2709 2408 2778 peregrinabitur?
2436 2720 2510 2774 et,
2548 2710 2678 2777 Quis
2718 2715 3046 2783 requiescet?
3091 2719 3269 2790 107'
3327 2724 3525 2788 Quem-

1951 2798 2236 2853 admodum
2281 2800 2446 2855 illud:
2488 2801 2615 2867 Quis
2644 2807 2879 2876 cognovit
2930 2819 3148 2863 mentem
3187 2811 3398 2868 Domini
3435 2815 3528 2870 "‘i

1952 2888 2078 2942 llem
2114 2890 2280 2944 illud:
2312 2892 2442 2958 Quis
2477 2896 2807 2950 annuntiabit
2859 2900 2998 2952 vobis
3049 2901 3188 2970 quod
3240 2903 3376 2973 ignis
3431 2922 3522 2960 ar-

1949 2980 2032 3033 det
2047 2980 2094 3011 ⁸⁸
2122 2981 2144 3034 ?
2178 2981 2240 3035 Et
2267 2982 2392 3036 illud
2427 2999 2440 3034 :
2474 2983 2606 3050 Quis
2644 2989 2974 3042 annuntiabit
3003 2993 3142 3045 vobis
3173 2993 3344 3047 locum
3372 3009 3524 3051 teter-

1950 3086 2072 3123 num
2100 3069 2146 3102 ”
2175 3070 2198 3123 ?
2232 3080 2304 3138 et,
2339 3069 2490 3138 Quis,
2521 3083 2698 3142 putas,
2738 3075 2910 3143 ﬁdelis
2943 3086 3059 3143 est,
3089 3088 3136 3131 et
3179 3081 3404 3149 prudens
3439 3085 3522 3136 di-

268 3195 388 3246 ἐστι
430 3191 508 3254 τὸ,
556 3189 669 3254 Τίς,
709 3186 784 3249 ὡς
817 3183 1105 3255 ἀπόκρισιν
1149 3179 1531 3251 ἐπιζητοῦντος
1564 3180 1717 3253 παρὰ
1749 3181 1837 3236 τοῦ

1946 3183 2322 3251 spensator”?
2363 3183 2616 3240 Fortasse
2662 3198 2839 3242 autem
2877 3199 2932 3243 et
2979 3189 3131 3257 illttd,
3168 3192 3320 3258 Quis,
3355 3195 3523 3252 inter-

267 3281 473 3352 Κυρίου
502 3277 596 3331 τοῦ
631 3276 807 3344 ἁγίου,
841 3267 886 3343 ᾧ
915 3273 1238 3342 διαλέγεται.
1264 3272 1406 3342 Πρὸς
1433 3271 1490 3324 ὃν
1521 3274 1554 3343 ἡ
1580 3271 1698 3324 θεία
1727 3288 1840 3339 φω-

265 3376 354 3446 νὴ,
389 3372 586 3426 λύουσα
631 3369 691 3422 τὸ
737 3366 1090 3439 ἐπερώτημα,
1124 3366 1176 3418 τί
1211 3382 1373 3436 φησι;
1426 3365 1832 3433 Πορευόμενος

265 3467 523 3536 ἄμωμος,
562 3461 658 3516 καὶ
693 3457 1078 3529 ἐργαζόμενος
1115 3458 1528 3524 δικαιοσύνην.
1576 3457 1640 3509 Ei
1684 3458 1839 3527 ἄμω-

268 3557 368 3628 μός
397 3557 543 3608 ἐστιν
575 3554 602 3605 6
658 3550 882 3622 μηδενὸς
920 3549 1028 3602 τῶν
1060 3547 1281 3616 ἀγαθῶν
1313 3546 1559 3617 ἐλλιπὴς,
1602 3546 1708 3600 ἀπὸ
1733 3546 1837 3599 πά-

266 3667 368 3721 σης
392 3647 589 3708 κακίας
617 3643 927 3706 ἀπταίστως
957 3643 1048 3696 τὸν
1081 3641 1192 3712 βίον
1227 3639 1418 3694 ἐαυτοῦ
1449 3639 1730 3708 διεξάγων,
1759 3639 1838 3692 τί-

263 3761 330 3797 να
351 3737 624 3813 ἔχει’πρὸς
647 3738 736 3791 τὸν
757 3735 1010 3790 ποιοῦντα
1032 3733 1372 3803 δικαιοσύνην
1395 3733 1686 3804 διαφοράν;
1711 3727 1836 3802 ’Ἆρ’

260 3832 354 3890 οὖν
391 3835 482 3888 τὸν
518 3832 678 3886 αὑτὸν
710 3829 833 3885 νοῦν
865 3831 922 3882 ἐν
945 3827 1150 3892 διπλοῖς
1183 3829 1421 3899 ῥήμασιν
1464 3825 1794 3894 ἀπαγγέλλει
1819 3842 1834 3856 ο

261 3928 672 3998 Πορευόμενος
697 3923 956 3992 ἄμωμος,
979 3920 1077 3974 καὶ
1110 3918 1493 3990 ἐργαζόμενος
1523 3918 1595 3988 (5)
1617 3918 1836 3972 δικαιο-

257 4023 494 4088 miram
531 4019 600 4070 Ἢ
635 4016 770 4070 ἰδίαν
806 4015 928 4068 τινὰ
963 4014 1199 4067 διάνοιαν
1233 4013 1491 4085 ἑκάτερον
1529 4012 1638 4065 τῶν
1680 4014 1833 4083 εἰρη-

261 4112 440 4184 μένων
470 4108 832 4178 παρίστησιν;
868 4106 955 4158 ἴνα
1059 4107 1087 4158 6
1119 4104 1216 4174 μὲν
1250 4104 1478 4174 ἄμωμος
1518 4105 1547 4156 6
1575 4102 1716 4157 κατὰ
1743 4103 1832 4156 τὸν

256 4201 316 4251 ἐν
369 4194 596 4268 κρυπτῷ
637 4193 922 4266 ἄνθρωπον
967 4194 1048 4256 εἰς
1093 4195 1272 4248 πᾶσαν
1314 4191 1592 4246 τελείωσιν
1632 4193 1831 4264 ἀρετῆς

255 4285 682 4358 άπηρτισμένος,
737 4284 766 4335 6
813 4281 869 4335 δὲ
922 4280 1284 4353 ἐργαζόμενος
1323 4279 1667 4350 δικαιοσύνην
1714 4279 1741 4331 6
1772 4283 1830 4331 τὸ

255 4377 561 4452 πρακτικὸν
594 4374 788 4430 ἐαυτοῦ
821 4373 910 4428 διὰ
936 4373 1044 4427 τῶν
1071 4371 1396 4441 σωματικῶν
1427 4369 1712 4442 ἐνεργειῶν
1738 4387 1826 4422 τε·

252 4469 433 4523 λειῶν.
470 4470 560 4520 Δεῖ
592 4467 698 4538 γὰρ
731 4467 790 4518 οὐ
833 4465 989 4536 μόνον
1023 4465 1193 4516 ποιεῖν
1233 4461 1330 4533 τὴν
1357 4461 1570 4515 δικαίαν
1609 4461 1824 4532 πρᾶξιν,

1946 3275 2185 3344 rogative
2244 3275 2480 3341 dicitur,
2528 3278 2679 3347 quasi
2743 3294 3057 3349 responsum
3126 3286 3433 3354 exquireret
3486 3305 3517 3344 a

1942 3363 2170 3420 Domino
2201 3375 2410 3431 sancto,
2437 3367 2504 3420 ad
2537 3382 2692 3437 quem
2724 3368 2978 3440 loquitur.
3002 3373 3098 3428 Cui
3133 3377 3258 3443 quid
3293 3392 3514 3447 respon-

1941 3455 2029 3509 det
2063 3457 2242 3511 divina
2270 3473 2395 3522 vox,
2423 3460 2775 3528 qumstionem
2813 3463 3029 3520 solvens
3069 3466 3092 3518 ‘t
3126 3465 3288 3524 Vens.
3327 3469 3380 3528 2.
3404 3471 3507 3536 Qui

1938 3552 2232 3622 ingreditur
2277 3555 2390 3607 sine
2444 3555 2674 3620 macula,
2704 3567 2751 3611 et
2797 3560 3347 3629 operaturjustitiam.
3378 3565 3431 3620 Si
3470 3567 3515 3622 is

1938 3638 2028 3707 qui
2061 3638 2207 3693 nullo
2230 3640 2369 3694 bono
2397 3651 2564 3705 caret,
2587 3651 2639 3695 et
2663 3659 2814 3698 suam
2841 3646 3005 3713 ipsius
3029 3650 3190 3702 vitam
3216 3652 3332 3705 sine
3359 3654 3502 3709 nullo

1934 3738 2156 3799 peccato
2187 3729 2448 3786 inoll‘ense
2474 3733 2744 3803 transigit,
2783 3736 2899 3791 sine
2937 3738 3144 3792 macula
3168 3750 3283 3804 est;
3313 3743 3363 3796 in
3409 3759 3516 3814 quo

1936 3821 2003 3875 ab
2028 3837 2092 3877 eo
2122 3823 2210 3891 qui
2241 3823 2506 3894 justitiam
2538 3823 2686 3892 facit,
2731 3827 2907 3882 dillert
2937 3830 2960 3883 ἲ
2985 3829 3119 3884 Νυιη
3165 3833 3328 3904 igitur
3357 3851 3509 3889 eum-

1933 3912 2054 3966 dem
2108 3927 2326 3968 sensum
2370 3914 2614 3968 enuntiat
2664 3917 2962 3986 duplicibus
3011 3921 3188 3975 verbis
3226 3941 3240 3976 :
3275 3921 3378 3988 Qui
3425 3926 3508 3977 in-

1931 4006 2169 4074 greditur
2189 4007 2299 4060 sine
2339 4007 2566 4071 macula,
2586 4016 2634 4063 et
2665 4020 2910 4078 operatur
2930 4011 3243 4080 justitiam?
3275 4015 3355 4068 An
3391 4032 3510 4084 pro-

1933 4099 2101 4166 priam
2153 4099 2441 4168 quamdam
2474 4101 2920 4171 signiﬁcationem
2953 4104 3174 4160 verbum
3208 4115 3496 4177 utrumque

1931 4187 2147 4258 praefert
2166 4190 2190 4242 ?
2209 4192 2342 4245 adeo
2369 4199 2426 4244 ut
2453 4190 2498 4246 is
2522 4191 2594 4244 sit
2621 4192 2737 4246 sine
2767 4193 2994 4259 macula,
3031 4196 3120 4266 qui
3163 4197 3308 4250 omni
3337 4199 3506 4251 virtu-

1931 4281 1998 4334 tis
2023 4281 2352 4348 perl‘ectione
2377 4282 2651 4338 absolutus
2685 4295 2766 4338 est
2802 4288 3097 4341 secundum
3130 4291 3504 4342 absconditum

1929 4372 2224 4435 hominem,
2262 4373 2350 4428 ille
2392 4389 2520 4429 vero
2567 4386 2818 4444 operetur
2851 4376 3150 4447 justitiam,
3185 4381 3278 4448 qui
3317 4377 3503 4450 agendi

1933 4465 2039 4517 vim
2078 4480 2173 4534 per
2205 4467 2516 4536 corporales
2562 4468 2802 4523 actiones
2852 4470 3082 4539 pertlcit.
3109 4471 3328 4540 Oportet
3362 4474 3502 4527 enim

249 4563 390 4617 ἀλλὰ
433 4561 525 4614 καὶ
551 4537 995 4618 άπδδιαθὲσεως
1037 4553 1250 4617 δικαίας
1297 4552 1659 4624 ἐργάζεσθαι·
1695 4553 1836 4607 κατὰ

1945 4570 2046 4610 non
2073 4555 2243 4610 solum
2277 4559 2473 4612 bonum
2502 4573 2636 4634 ppus
2663 4558 2864 4624 facere,
2884 4561 2975 4616 sed
3005 4562 3166 4616 etiatn
3202 4563 3324 4617 illud
3357 4564 3505 4634 justo

250 4656 312 4709 τὸ
363 4653 675 4726 εἰρημένον,
727 4651 808 4703 ὅτι
869 4648 1113 4710 Δικαίως
1173 4645 1236 4698 τὸ
1275 4645 1508 4699 δίκαιθν
1559 4645 1825 4712 duae-etc.

331 4833 375 4863 ⁸¹
407 4832 566 4884 llebr.
616 4846 713 4890 xu,
765 4829 855 4884 ει.
929 4827 974 4858 θ’
1011 4825 1217 4879 Coloss.
1270 4840 1367 4886 ιιι,
1401 4823 1454 4877 5.

1555 4824 1600 4854 ⁸³
1632 4823 1772 4878 Psal.
1805 4840 1913 4885 xu,
1948 4825 2000 4879 5.
2077 4825 2123 4856 “
2164 4823 2304 4878 Psal.
2341 4839 2566 4890 unm,
2596 4824 2650 4877 9..

1935 4655 2192 4717 rectoque
2211 4649 2390 4703 animo
2415 4664 2593 4720 agere,
2619 4648 2772 4718 juxta
2802 4651 2851 4704 id
2873 4654 3011 4722 quod
3033 4653 3232 4709 dictum
3262 4667 3341 4710 est
3367 4674 3381 4708 :
3404 4657 3502 4711 Ju-

2753 4827 2798 4858 ⁸⁸
2824 4825 2955 4880 Luc.
3009 4843 3117 4892 va,
3144 4829 3196 4883 9.
3274 4829 3319 4860 ⁸⁸
3342 4829 3495 4885 Joan.

247 4919 361 4966 xiv,
394 4905 446 4956 5.
520 4902 562 4932 ⁸⁷
594 4901 696 4957 lsa.
726 4915 810 4962 η,
844 4898 928 4954 15.
1003 4897 1050 4929 ⁸⁸
1078 4896 1179 4949 lsa.
1207 4910 1395 4961 sntit,
1426 4893 1509 4949 14.
1585 4893 1630 4924 ³⁸
1662 4896 1790 4949 ibid.

1967 4895 2097 4950 Luc.
2125 4911 2220 4958 xu,
2252 4895 2338 4948 ω.

1988 5073 2063 5141 (2)
2113 5070 2239 5125 Mss.
2271 5081 2504 5141 quatuor
2534 5086 2640 5126 uno
2689 5073 2852 5125 verbo
2910 5072 3197 5141 διελέγετο.
3232 5075 3332 5128 Alii
3363 5091 3491 5132 ms~:.

1916 5129 2234 5196 cuiu'editis
2267 5129 2419 5212 ἔλεγε
2451 5141 2531 5196 τό.
2574 5141 2947 5212 Colb._sextus
2970 5155 3021 5196 et
3055 5129 3184 5212 Reg.
3227 5129 3496 5198 secundus

1916 5211 2232 5278 simpliciter
2275 5211 2449 5280 ἔλεγε,
2483 5213 2688 5280 Πάτερ.
2741 5210 2885 5266 lut‘ra
2933 5213 3064 5279 Reg.
3121 5210 3389 5269 secundus
3439 5227 3494 5268 et

1904 5282 2066 5354 (lolb,
2110 5294 2294 5354 sextus
2319 5282 2519 5354 λύουσα
2565 5282 2626 5334 τὸ
2650 5281 2944 5354 ⁸ἐρώτημα.
2987 5283 3186 5339 Ibidem
3222 5285 3352 5354 Reg.
3387 5295 3496 5338 ter-

1907 5353 2027 5424 tiusi
2045 5351 2353 5424 ἀκολούθως
2373 5352 2426 5405 τί
2447 5369 2601 5424 φησι.

1980 5421 2056 5496 (5)
2091 5421 2266 5476 Editio
2301 5423 2470 5496 Paris.
2509 5421 2632 5478 cum
2664 5439 2772 5496 uno
2799 5431 2893 5496 aut
2928 5422 3098 5496 altero
3124 5438 3225 5496 ms.
3260 5423 3492 5496 ἐργαζό-

1909 5493 2069 5562 μενός
2100 5509 2274 5563 φησιι
2318 5495 2410 5546 sed
2470 5508 2572 5547 vox
2591 5562 2613 5564 Α,
2629 5491 2762 5564 φησί
2799 5492 2950 5564 deest
2979 5495 3054 5564 fin
3111 5494 3230 5547 aliis
3285 5491 3485 5564 septem

1908 5561 2042 5614 mss.
2101 5561 2170 5616 ει
2212 5564 2263 5616 in
2300 5563 2538 5618 editione
2588 5561 2755 5618 Basil.
2816 5561 2934 5615 Mox
2978 5563 3110 5630 Reg.
3161 5561 3358 5618 tertius
3382 5581 3487 5618 κα-

1904 5633 1972 5703 τὰ
2001 5632 2090 5703 τὸν
2141 5632 2398 5702 κρυπτὸν.
2439 5633 2582 5687 lttl'ra
2639 5647 2765 5687 mss.
2796 5631 3010 5703 aliquot
3027 5631 3240 5697 δεικνύς
3272 5650 3366 5703 pio
3392 5652 3484 5688 τε-

1903 5701 2082 5777 λειῶν,
2111 5700 2203 5758 sed
2236 5704 2308 5759 ita
2371 5713 2568 5773 tamen,
2618 5712 2673 5758 ut
2706 5700 2878 5772 major
2925 5717 3051 5771 pars
3111 5721 3240 5760 mss.
3273 5700 3484 5777 imbuat

1903 5773 2017 5826 τελε
2029 5774 2143 5826 ιῶν.

317 5077 430 5146 (99)
480 5077 767 5150 _Sic_ms_s_._
821 5074 1058 5150 plerique
1093 5087 1320 5150 _otnt_tes.
1386 5071 1542 5150 Digest
1598 5072 1694 5150 καί
1756 5073 1806 5150 in

240 5141 426 5202 editis.
475 5146 666 5200 Statim
719 5141 835 5207 illa,
874 5141 984 5207 ἕως
1026 5143 1119 5196 τοῦ
1173 5141 1321 5195 οἴκου
1366 5141 1461 5194 τοῦ
1505 5141 1663 5203 Θεοῦ,
1713 5144 1808 5194 ad-

237 5220 383 5286 jecta
447 5228 570 5271 sunt
649 5217 701 5269 itt
765 5216 894 5284 Reg.
951 5216 1106 5268 tertio
1164 5223 1531 5286 post___vocem
1589 5211 1807 5282 Θαυμα-

241 5282 378 5356 οτῆς
414 5304 426 5338 :
475 5289 568 5340 sed
621 5287 721 5341 ltoc
765 5282 975 5338 videtur
1005 5298 1208 5337 merum
1236 5282 1655 5356 additamentum
1685 5297 1805 5334 esse

240 5352 400 5411 otiosi
433 5357 710 5423 cujusdam
739 5356 973 5432 librarii;
1009 5369 1182 5432 eoque
1200 5352 1390 5421 magis,
1427 5355 1566 5418 quod
1590 5368 1650 5432 ea
1686 5367 1804 5432 qua:

239 5428 628 5497 exscripsimus
669 5426 830 5506 yerba
881 5427 936 5506 in
984 5423 1108 5478 aliis
1152 5434 1360 5506 septeni
1411 5435 1540 5474 mss.
1602 5423 1800 5506 desint.

241 5498 394 5550 llaud
426 5493 610 5568 'louge
668 5496 719 5550 iu
773 5496 978 5550 duobus
1033 5509 1161 5549 mss.
1219 5493 1435 5546 additur
1484 5493 1648 5560 φησίν
1685 5503 1803 5560 post

239 5569 472 5630 ἑαυτοῖς.
1593 5619 1601 5628 .

309 5637 386 5709 (1)
416 5637 525 5692 Καὶ
550 5638 658 5704 ἠ...
689 5636 876 5709 φιλία.
917 5633 1106 5709 Verte,
1125 5643 1170 5686 et
1201 5641 1502 5709 comparata
1538 5648 1602 5686 ea:
1638 5647 1802 5709 mam-

239 5703 396 5760 mona
428 5703 716 5776 iniquitatis
750 5707 1004 5767 amicitia,
1058 5703 1109 5776 id
1142 5713 1242 5776 est,
1268 5703 1426 5776 amici
1463 5718 1599 5772 quos
1643 5703 1796 5758 nobis

242 5779 467 5835 lacitnus
496 5771 561 5832 ex
593 5792 894 5834 mammona
920 5773 1241 5846 iniquitatis.
1267 5771 1477 5827 Massa.
