4008 6402
526 382 627 437 Ξὶἱὸ

1834 378 1893 435 S.
1935 380 2173 433 BASILII
2217 380 2429 435 MAGNI

3670 390 3787 444 956

522 509 597 553 ste
624 498 759 566 quod
794 496 993 565 justam
1025 500 1100 546 est
1127 492 1553 561 persequeris“;
1587 491 1687 546 hoc
1723 502 1823 555 est,
1857 508 1977 547 cum
2018 508 2093 547 ra-

2207 495 2469 558 τουτέστι,
2509 495 2643 563 μετά
2678 493 2769 545 τοῦ
2798 494 2953 561 λόγου
2988 497 3087 567 τῆς
3120 496 3464 569 δικαιοσύνης
3507 503 3781 557 ἐπιτελεῖ»

524 593 667 644 tione
714 587 935 658 iustitiae
976 584 1360 640 absolvendum
1397 596 1480 640 est
1511 601 1665 655 opus.
1722 584 1911 651 ldiota,
1956 587 2083 642 verb

522 680 713 752 gratia,
735 678 1051 732 medicinam
1082 678 1296 746 quidem
1322 678 1557 748 aliquam
1580 676 1815 744 coniicit,
1837 678 1902 731 ad
1930 692 2100 747 :egro-

525 773 749 826 tantium
779 770 1063 824 utilitatem
1099 771 1430 836 tendentem,
1466 771 1557 824 sed
1594 770 1640 824 is
1679 771 1779 824 hoc
1818 785 1922 823 non
1972 771 2098 824 item

523 864 848 919 medicorum
886 875 1035 915 more
1066 860 1338 930 praestitit,
1375 860 1516 929 quod
1563 860 1695 963 ttilgil
1736 861 1869 913 artis
1900 867 2098 923 teneat,

523 957 663 1025 quod
714 969 847 1024 opus
896 954 1203 1008 c0mitetur.
1242 952 1426 1022 Itaque
1476 952 1566 1021 qui
1630 952 1928 1021 ingreditur
1982 952 2099 1007 sine

525 1047 752 1113 macula,
805 1056 982 1101 mente
1036 1047 1306 1116 perlectus
1353 1056 1479 1099 est:
1523 1045 1613 1113 qui
1670 1060 1799 1099 vero
1847 1053 2099 1113 operatur

518 1139 804 1209 justitiam,
833 1140 1122 1192 secundum
1178 1152 1362 1191 vocem
1399 1136 1635 1206 Apostoli
1661 1176 1674 1201 ,
1703 1131 2098 1193 incoulusibilis

524 1242 604 1283 cst
638 1229 841 1283 Domini
874 1228 1225 1297 operarius".

592 1321 645 1376 3.
686 1320 940 1373 Attendas
980 1319 1134 1374 velim
1163 1326 1465 1373 accuratam
1508 1318 1821 1372 dictionem.
1862 1317 1976 1372 Non
2014 1320 2096 1373 di~

524 1414 622 1479 xit,
675 1412 773 1479 Qui
829 1412 1103 1483 ingressus
1155 1424 1234 1465 est
1276 1412 1390 1467 sine
1437 1410 1666 1472 macula,
1712 1410 1827 1475 sed,
1871 1410 1976 1475 Qui
2019 1412 2101 1464 in-

524 1503 757 1571 greditur
778 1504 887 1557 sine
913 1504 1153 1566 macula;
1177 1516 1367 1570 neque,
1400 1500 1497 1567 Qui
1528 1510 1786 1571 operatus
1826 1512 1903 1555 est
1938 1501 2097 1571 justi-

528 1596 677 1661 tiam,
705 1596 816 1659 sed,
846 1594 945 1660 Qui
992 1604 1258 1663 operatur.
1298 1592 1411 1646 Non
1448 1594 1589 1647 enim
1623 1594 1762 1647 actio
1794 1608 1893 1645 una
1927 1593 2095 1645 virum

527 1689 748 1760 probum
777 1687 1004 1754 perlicit,
1040 1687 1132 1739 sed
1158 1686 1220 1739 ad
1247 1700 1456 1741 onmem
1489 1686 1648 1737 vitam
1682 1684 1895 1738 extendi
1932 1698 2093 1753 opor-

529 1791 601 1833 tet
631 1780 841 1832 virtutis
874 1793 1064 1846 opera.
1100 1776 1255 1830 Vens.
1282 1777 1334 1829 ὅ.
1360 1776 1463 1842 Qui
1487 1776 1721 1845 loquitur
1750 1779 2014 1829 veritatem
2044 1776 2096 1826 in

2198 585 2295 654 τὴν
2328 585 2543 656 πρᾶξιν.
2586 579 2711 637 Οἷον
2762 589 2905 637 ποιεῖ
2960 588 3057 656 μὲν
3107 594 3213 659 γάρ
3260 607 3311 642 τι
3356 593 3595 661 ἰατρικὸν
3640 596 3783 664 πρὸς

2200 675 2468 745 ὠφέλειαν
2527 676 2689 746 φέρον
2733 676 2839 728 τῶν
2892 678 3254 733 ἀσθενούντων
3298 683 3326 734 ό
3377 680 3611 753 ἰδιώτης.
3656 685 3782 737 ἀλλ’

2200 767 2320 836 οὐχὶ
2384 766 2477 819 καὶ
2544 766 2802 837 ἰατρικῶς
2859 767 3111 837 ἐποίησεν
3168 770 3196 822 ὁ
3251 772 3509 838 τοιοῦτος,
3567 774 3646 845 τῷ
3702 775 3783 847 μὴ

2200 857 2343 928 ἔχειν
2394 857 2469 927 (ί)
2523 874 2574 909 τι
2638 858 2738 926 τῆς
2797 857 2993 929 τέχνης
3051 861 3117 930 τῇ
3171 861 3417 931 ἐνεργείᾳ
3476 867 3786 936 συνεπόμε-

2200 966 2309 1002 νον.
2374 948 2746 1021 Πορευόμενος
2811 947 2904 1003 οὖν
2966 951 3195 1020 ἄμωμος
3247 954 3274 1003 ὁ
3317 952 3458 1005 κατά
3500 958 3620 1009 νοῦν
3681 959 3782 1011 τέ-

2200 1040 2375 1104 λειοςσ
2416 1042 2777 1112 ἐργαζόμενος
2816 1043 2871 1096 δὲ
2913 1043 3255 1115 δικαιοσύνην
3296 1047 3324 1097 ὁ
3366 1046 3506 1098 κατά
3551 1049 3645 1117 τὴν
3678 1049 3780 1103 τοῦ

2213 1131 2535 1185 Ἀποστόλου
2583 1132 2764 1204 φωνὴν
2821 1134 3241 1204 ἀνεπαίσχυντος
3301 1136 3392 1189 τοῦ
3441 1139 3645 1209 Κυρίου
3686 1144 3782 1211 ἐρ-

2204 1226 2395 1293 γάτηςο

2268 1317 2321 1370 5.
2360 1316 2600 1387 Πρόσχες
2631 1316 2684 1369 δὲ
2710 1319 2776 1388 τῇ
2814 1317 3065 1389 ἀκριϐείᾳ
3098 1319 3196 1389 τῆς
3226 1318 3441 1386 λέξεως.
3478 1324 3592 1375 υύκ
3625 1340 3776 1388 ειπε,

2200 1406 2491 1477 Πορευθεὶς
2546 1406 2792 1478 ἄμωμος,
2841 1408 2996 1471 ἀλλά,
3043 1413 3444 1479 Πορευόμενος
3492 1413 3775 1482 ἄμωμος·

2198 1498 2335 1562 οὐδὲ,
2374 1499 2777 1569 Ἐργασαμενος
2822 1499 3189 1571 δικαιοσύνην,
3244 1503 3379 1568 ἀλλ’,
3442 1505 3779 1573 Ἐργαᾰῖμε-

2197 1610 2323 1657 νος.
2355 1593 2429 1644 Οὐ
2456 1592 2567 1663 γὰρ
2600 1592 2697 1661 μία
2732 1592 2928 1663 πρᾶξις
2953 1594 3147 1648 τελειοῖ
3172 1596 3260 1648 τὸν
3298 1596 3601 1660 σπουδαῖον,
3638 1600 3779 1652 ἀλλὰ

2198 1681 2360 1735 παντὶ
2414 1683 2659 1754 προσῆκε
2700 1683 2778 1753 τῷ
2812 1682 2909 1754 βίῳ
2949 1686 3046 1748 τὰς
3087 1690 3203 1738 κατ’
3247 1686 3444 1759 ἀρετὴν
3488 1690 3777 1759 ἐνεργείας

2201 1774 2751 1845 συμπαρατείνεσθαι.
2818 1775 3033 1829 Λαλῶν
3095 1778 3379 1844 ἀλήθειαν
3438 1780 3507 1832 ἐν
3556 1782 3774 1849 καρδίῃ

526 1871 679 1924 corde
707 1886 821 1934 suo,
855 1870 942 1937 qui
965 1884 1065 1920 non
1091 1870 1192 1936 egit
1239 1867 1414 1919 dolum
1443 1867 1495 1919 in
1547 1868 1724 1935 lingua
1750 1882 1865 1919 sua.
1888 1864 2093 1917 Rursus

2197 1864 2398 1927 αὑτοῦ,
2426 1864 2491 1930 ὃς
2518 1867 2628 1919 οὐκ
2662 1866 2966 1919 ἐδόλωσεν
3002 1868 3072 1920 ἐν
3092 1867 3337 1938 γλώσσῃ
3363 1869 3571 1925 αὑτοῦ.
3604 1873 3778 1924 Πάλιν

526 1970 578 2014 ct
614 1961 698 2014 hic
729 1961 911 2014 istltmc
932 1961 1110 2021 verba,
1140 1959 1279 2028 loqui
1311 1960 1589 2014 veritatem
1623 1962 1674 2012 iu
1696 1959 1877 2022 corde,
1904 1969 1956 2011 et
1990 1973 2090 2010 uou

526 2066 685 2122 agere
711 2052 887 2105 dolum
928 2051 978 2104 in
1016 2050 1194 2120 lingua
1221 2064 1338 2113 sua,
1364 2050 1603 2104 eamdem
1636 2050 1773 2102 inter
1813 2063 1871 2103 se
1898 2048 2095 2102 habent

524 2143 917 2213 cognationem,
954 2156 1073 2209 qua:
1125 2151 1243 2195 erat
1272 2140 1413 2193 inter
1442 2140 1838 2193 immaculatum
1865 2154 2005 2205 esse,
2040 2150 2093 2193 et

525 2236 733 2305 operari
759 2233 1045 2302 jusdtiaut.
1078 2232 1536 2299 Quemadmodmn
1566 2232 1709 2286 enim
1745 2231 1850 2285 illic
1879 2239 1932 2284 et
1971 2244 2090 2284 eum

526 2329 616 2399 qui
656 2329 707 2382 in
740 2326 1057 2382 abscondito
1094 2325 1363 2395 perlectus
1413 2332 1513 2387 est,
1547 2331 1600 2377 et
1627 2338 1747 2377 eum
1777 2322 1863 2391 qui
1906 2324 2092 2392 agendi

525 2420 772 2475 facultate
807 2426 947 2473 recte
971 2418 1157 2483 utitur,
1199 2416 1475 2485 Scriptura
1512 2415 1730 2468 exhibet
1761 2415 1869 2467 :ita
1892 2427 1946 2467 et
1985 2414 2091 2477 hic,

525 2515 773 2583 quoniam
827 2513 875 2566 id
909 2512 1049 2580 quod
1100 2510 1391 2578 loquimur,
1441 2522 1504 2559 ex
1552 2507 1728 2560 cordis
1766 2506 2092 2559 abundantia

524 2604 859 2674 provenit”,
893 2616 1139 2659 sermone
1184 2619 1249 2655 ex
1297 2602 1507 2654 interno
1545 2598 1737 2653 all'ertu
1775 2608 2028 2668 tanquam
2065 2613 2095 2653 e

525 2694 672 2753 fonte
705 2695 936 2761 ﬂuente;
976 2696 1121 2766 prius
1158 2694 1377 2764 protulit
1402 2694 1679 2747 veritatem
1718 2692 1768 2745 in
1792 2694 1955 2746 corde
1990 2707 2095 2745 ma-

525 2798 764 2851 nentem,
800 2786 994 2842 deinde
1032 2786 1144 2855 ejus
1177 2785 1265 2853 qui
1310 2799 1405 2854 per
1434 2783 1667 2853 linguam
1692 2783 1955 2838 emittitur
1982 2798 2097 2838 ser-

526 2879 701 2933 monis
726 2877 1112 2931 sinceritatem.
1146 2876 1287 2930 Duas
1324 2885 1501 2929 autem
1534 2874 1907 2945 intelligentias
1938 2890 2093 2945 repe-

525 2971 694 3025 rimus
746 2970 1034 3023 veritatis:
1077 2982 1276 3031 uuam,
1319 2983 1494 3020 rerqu
1546 2966 1610 3020 ad
1672 2966 1881 3021 beatam
1933 2966 2094 3019 vitam

524 3061 932 3118 conducentium
982 3059 1519 3128 comprehensionem
1564 3075 1580 3123 ;
1620 3059 1843 3113 alteram
1908 3075 2092 3113 sanam

525 3153 889 3222 cujuscunque
935 3153 1010 3205 rei
1057 3152 1122 3204 ad
1174 3150 1334 3203 vitam
1381 3150 1656 3205 attineutis
1709 3152 2088 3221 cognitionem.

2194 1954 2286 2007 καὶ
2323 1954 2555 2008 ἐνταῦθα
2587 1957 2683 2028 τὴν
2712 1959 2881 2029 αὐτὴν
2914 1959 3026 2031 ἔχει
3062 1962 3345 2016 κοινωνίαν
3398 1965 3532 2035 πρὸς
3569 1965 3776 2036 ἄλληλα

2190 2044 2252 2095 τὸ
2298 2044 2477 2097 λαλεῖν
2522 2046 2779 2117 ἀλήθειαν
2826 2052 2882 2100 ὲν
2914 2049 3128 2122 καρδίᾳ,
3166 2053 3259 2104 καὶ
3308 2052 3367 2105 τὸ
3398 2054 3473 2125 μὴ
3502 2054 3682 2108 δολοῦν
3714 2060 3775 2109 ὲν

2192 2134 2411 2211 γλώσσῃ
2443 2139 2604 2191 αὑτοῦ
2627 2158 2639 2169 ο
2678 2140 2867 2194 ὁποίαν
2897 2138 3007 2213 εἶχε
3036 2144 3094 2195 τὸ
3119 2138 3254 2197 εἶναι
3288 2144 3515 2217 ἄμωμον
3544 2150 3680 2218 πρὸς
3711 2148 3775 2202 τὸ

2192 2229 2518 2300 ἐργάζεσθαι
2562 2232 2925 2303 δικαιοσύνην.
2993 2234 3081 2297 Ὠς
3139 2235 3245 2306 γὰρ
3290 2238 3404 2289 ἐκεῖ
3436 2239 3531 2291 καὶ⁹
3571 2240 3661 2292 τὸν
3709 2243 3775 2293 ἐν

2193 2320 2419 2392 κρυπτῴ
2446 2322 2674 2386 τέλειον,
2726 2325 2814 2377 καὶ
2845 2325 2935 2377 τὸν
2975 2327 3031 2378 ἐν
3060 2326 3135 2397 τῷ
3165 2328 3447 2399 πρακτικῷ
3482 2330 3774 2401 εὐοδούμε-

2193 2428 2281 2465 νον
2314 2415 2341 2465 ὁ
2372 2413 2529 2481 λόγος
2557 2415 2906 2486 παρίστησιν,
2928 2416 3072 2471 οὕτω
3093 2420 3187 2471 καὶ
3223 2417 3453 2473 ἐνταῦθα
3472 2420 3775 2494 (5),ὲπειδὴ

2193 2504 2252 2556 τὸ
2280 2503 2605 2575 λαλούμενον
2656 2508 2717 2558 ὲκ
2755 2506 2847 2558 τοῦ
2894 2508 3325 2580 περισσεύματός
3363 2510 3477 2561 ἐστι
3508 2511 3605 2580 τῆς
3633 2529 3773 2583 καρ-

2192 2596 2326 2658 δίας,
2357 2591 2467 2649 οἷον
2502 2597 2609 2651 ἀπὸ
2650 2598 2829 2668 πηγῆς
2866 2598 2964 2668 τῆς
3000 2598 3145 2652 ἔνδον
3172 2599 3459 2662 διαθέσεως
3486 2600 3579 2652 τοῦ
3613 2602 3775 2671 λόγου

2198 2689 2433 2759 ῥέοντος,
2464 2690 2730 2761 πρότερον
2763 2685 2885 2742 εἷπε
2922 2690 3020 2761 τὴν
3046 2693 3103 2743 ἐν
3130 2692 3321 2763 καρδίᾳ
3345 2692 3618 2764 ἀλήθειαν,
3654 2691 3776 2769 εἶτα

2193 2782 2254 2835 τὸ
2272 2783 2329 2835 ὲν
2361 2782 2438 2853 τῷ
2463 2783 2605 2853 λόγῳ
2631 2782 2813 2837 ἄδολον
2839 2782 2914 2853 τῷ
2937 2784 3023 2837 διὰ
3044 2784 3141 2854 τῆς
3162 2785 3411 2855 γλώσσης
3444 2787 3529 2838 ὲνε
3542 2788 3776 2856 ργουμὲ-

2195 2892 2288 2944 νῳ.
2320 2873 2422 2927 Δύο
2451 2874 2509 2929 δὲ
2536 2874 2605 2927 τὰ
2636 2874 3009 2945 σημαινόμενα
3034 2875 3129 2945 τῆς
3158 2875 3411 2946 ἀληθείας
3430 2877 3772 2947 εὑρήσομεν·

2196 2966 2252 3019 ἓν
2294 2966 2392 3036 μὲν
2418 2966 2516 3037 τὴν
2549 2965 2675 3036 περὶ
2700 2964 2805 3018 τῶν
2831 2965 3171 3037 πραγμάτων
3210 2966 3316 3019 τῶν
3357 2967 3448 3019 ἐπὶ
3480 2967 3571 3019 τὸν
3604 2970 3775 3037 μακα-

2200 3075 2310 3129 ριον
2360 3056 2472 3126 βίον
2524 3056 2796 3127 φερόντων
2830 3057 3158 3128 κατάληψιν,
3202 3059 3385 3129 ἕτερον
3426 3058 3611 3129 δὲτὴν
3646 3064 3773 3130 περὶ

2196 3149 2503 3220 οίουδήποιε
2530 3148 2637 3201 τῶν
2664 3148 2804 3202 κατά
2834 3150 2926 3203 τὸν
2962 3148 3071 3219 βίον
3103 3149 3307 3220 εἴδησιν
3332 3150 3480 3220 ὑγιῆ.
3526 3151 3772 3221 Ἑκείνην

525 3246 670 3301 Illam
700 3245 861 3312 igitur
884 3244 1188 3309 veritatem,
1214 3244 1401 3298 salutis
1426 3243 1766 3311 adjutriccm,
1786 3244 1837 3297 in
1864 3243 2093 3297 hominis

2202 3241 2296 3311 μὲν
2326 3236 2417 3293 οὖν
2446 3240 2542 3311 τὴν
2572 3240 2844 3311 ἀλήθειαν,
2876 3242 2973 3312 τὴν
3007 3242 3263 3313 συνεργὸν
3288 3241 3387 3311 τῆς
3414 3244 3685 3315 σωτηρίας
3714 3245 3772 3295 ἐν

526 3335 745 3408 perfecti
784 3336 944 3391 corde
975 3335 1313 3401 insidentem,
1345 3342 1556 3405 oportet
1594 3334 1709 3388 sine
1735 3332 1855 3388 dolo
1884 3333 1936 3387 in
1971 3349 2056 3387 om
2076 3363 2090 3373 -

526 3430 682 3484 nibus
716 3429 955 3499 proximo
989 3426 1265 3480 exhibere.
1303 3425 1499 3481 Verum
1548 3424 1600 3478 in
1632 3423 1814 3479 saeculi
1860 3424 2019 3478 rebus
2045 3425 2090 3478 si

525 3520 662 3576 forte
688 3536 718 3575 a
748 3520 971 3575 veritate
1007 3518 1219 3573 excidat
1249 3519 1329 3572 vir
1356 3520 1573 3587 probus,
1598 3516 1730 3571 nihil
1776 3517 1896 3571 inde
1921 3516 2092 3584 impe-

525 3614 720 3679 dietur,
761 3613 1047 3683 quominus
1095 3611 1369 3681 proposita
1410 3619 1746 3679 assequatur.
1777 3608 1916 3675 Quot
1950 3608 2090 3662 enim

525 3702 702 3760 stadia
727 3703 835 3757 sint
865 3712 1018 3757 terrm
1037 3742 1053 3767 ,
1077 3701 1158 3756 vel
1186 3702 1370 3767 maris,
1406 3710 1605 3771 quotve
1634 3700 1803 3755 stella:
1844 3715 2094 3753 movean-

527 3804 633 3857 tur,
665 3805 719 3847 et
763 3801 1019 3863 quantum
1064 3792 1231 3847 altera
1277 3790 1430 3845 alteri
1466 3789 1740 3845 celeritate
1774 3799 2007 3860 przestet,
2046 3790 2090 3843 si

526 3887 579 3940 in
616 3886 681 3940 iis
731 3885 1037 3955 ignoremus
1089 3886 1365 3939 veritatem
1390 3925 1404 3948 ,
1437 3883 1566 3937 nihil
1620 3883 1926 3953 prohibebit
1963 3884 2091 3952 quin

526 3980 841 4049 promissam
871 3980 922 4032 in
960 3978 1263 4048 Evangeliis
1288 3978 1673 4031 beatitudinem
1710 3976 2089 4045 adipiscamur.

527 4070 778 4125 Fortasse
800 4080 976 4124 autem
1003 4079 1057 4123 et
1079 4071 1181 4124 tale
1205 4071 1328 4140 quid
1353 4069 1630 4139 Scriptura
1657 4068 1808 4122 nobis
1834 4068 2089 4133 declarat,

527 4162 665 4223 quod
694 4177 753 4215 ea
782 4176 898 4230 qua:
926 4160 991 4214 ad
1022 4161 1295 4215 veritatem
1326 4167 1589 4230 spectant,
1607 4160 1705 4213 hoc
1731 4170 1813 4212 est
1844 4158 2088 4229 mystica,

528 4263 631 4303 non
662 4252 907 4303 oninibus
940 4250 1119 4303 dicere
1148 4249 1415 4311 convenit,
1441 4250 1532 4303 sed
1575 4248 1819 4316 proximo
1860 4266 1873 4301 :
1913 4250 1962 4301 id
1988 4256 2089 4311 est,

528 4355 630 4395 non
659 4340 814 4410 vulgo
844 4341 1091 4408 prodere,
1139 4341 1231 4394 sed
1287 4340 1663 4410 mysteriorum
1715 4339 2087 4407 participibus.

526 4430 675 4497 Quod
692 4431 735 4486 si
755 4433 953 4485 veritas
982 4441 1062 4487 est
1085 4431 1339 4485 Dominus
1364 4431 1621 4492 noster”,
1648 4431 1785 4485 hanc
1811 4432 2089 4485 veritatem

529 4522 862 4591 impressam,
880 4533 933 4578 ct
954 4524 1344 4592 quodammodo
1371 4523 1703 4591 obsignatam
1726 4524 2091 4593 unusquisque

529 4614 580 4665 in
625 4614 783 4667 corde
840 4626 1024 4667 l'tOSIrO
1078 4614 1443 4668 retineamus:
1488 4616 1552 4668 de
1582 4608 1685 4683 'qua
1734 4614 2008 4668 uobiscum
2039 4615 2088 4667 in
2124 4590 2166 4643 θ

528 4702 778 4757 cordibus
812 4702 1111 4771 loquentes,
1144 4718 1207 4757 ne
1244 4704 1460 4757 verbum
1492 4702 1781 4773 Evangelii,
1813 4704 1936 4757 dum
1964 4704 2088 4758 illud

529 4802 711 4846 nostro
741 4794 985 4861 proximo
1020 4795 1391 4863 prmdicamus,
1419 4794 1539 4849 dolo
1579 4794 1687 4850 ullo
1717 4810 2083 4865 aspergamus.

531 4884 630 4949 Qui
681 4902 781 4938 non
809 4888 910 4956 egit
945 4888 1121 4941 dolum
1162 4889 1215 4941 in
1251 4888 1429 4957 lingua
1469 4906 1589 4941 sua.
1620 4887 1781 4944 Dolus
1822 4890 1873 4944 in
1910 4890 2087 4945 multis

529 4977 819 5045 Scriptura:
843 4978 969 5032 locis
991 4990 1046 5032 ut
1067 4980 1313 5034 inimicus
1336 4979 1428 5033 Dei
1452 4980 1765 5033 traducitur.
1788 4980 2081 5047 Disperdat,

530 5070 719 5138 inquit,
751 5068 996 5123 Dominus
1020 5073 1257 5126 universa
1278 5072 1417 5125 labia
1444 5073 1703 5126 dolosa".
1727 5072 1947 5138 Rursus,
1976 5073 2082 5127 Do-

598 5228 637 5259 “
672 5228 823 5285 Deut.
865 5246 973 5295 xvr,
1009 5229 1099 5287 20.
1173 5236 1216 5267 "
1250 5234 1290 5290 ll
1311 5235 1449 5293 Tim.
1486 5255 1543 5302 ll,
1594 5238 1673 5292 15.

597 5388 672 5460 (Ἰν)
704 5388 792 5460 Τῷ
821 5388 895 5461 μὴ
922 5388 1081 5461 ἔχειν.
1118 5387 1229 5443 Hoc
1254 5400 1356 5455 est,
1388 5393 1509 5459 quia
1540 5393 1588 5446 id
1623 5393 1745 5446 facit
1781 5395 1999 5448 fortuito
2031 5409 2092 5449 ac

527 5467 750 5533 teltierc,
778 5476 892 5533 non
927 5461 1149 5533 ex_artis
1173 5475 1470 5529 pra'ceptts.
1494 5465 1652 5519 Paulo
1683 5478 1798 5533 post
1829 5480 1955 5518 mss.
1986 5477 2093 5519 tres

526 5530 748 5604 bahent_
777 5531 1014 5604 XPLQOD
1060 5547 1153 5604 ρει)
1200 5533 1425 5604 Κυρίου.
1480 5530 1694 5587 Ιὺίιίειιιί
1737 5535 1886 5588 Cnlh.
1930 5552 2092 5603 quar-

527 5608 611 5675 tus
646 5600 899 5675 πρόσεχε.
932 5600 1073 5675 Infra
1102 5600 1230 5675 Reg.
1274 5600 1453 5675 Sestus
1505 5600 2083 5675 συμπαρεκτείνεσθαι.

528 5666 637 5721 Hoc
682 5666 1099 5746 i'psutii_vetbum
1135 5666 1325 5746 legitur
1368 5666 1587 5742 quidem
1630 5666 1861 5730 ἱιιὈυίί).
1897 5690 2087 5746 quarto

526 5753 766 5810 quoque,
790 5742 880 5795 sed
916 5743 966 5795 iu
1004 5742 1246 5810 margine
1290 5745 1561 5800 duntaxat.

593 5807 673 5878 ’(5)
725 5809 850 5866 Mss.
901 5807 1147 5881 quinque
1178 5812 1317 5866 οὕτω
1352 5813 1462 5868 καί,
1525 5814 1663 5870 Editi
1704 5830 1822 5873 cum
1860 5825 2084 5886 quatuor

1750 5240 1793 5271 ”
1827 5239 2009 5293 Matth.
2044 5256 2137 5300 xu.
2167 5240 2255 5294 24.

2198 3336 2262 3403 τῇ
2297 3332 2493 3403 καρδία
2518 3328 2681 3386 οὖσαν
2704 3332 2796 3385 τοῦ
2826 3332 3049 3397 τελείου,
3081 3332 3184 3405 χρὴ
3210 3332 3409 3395 ἀδόλως
3447 3336 3505 3386 ὲν
3530 3336 3663 3386 πᾶσι
3693 3333 3772 3403 τῷ

2200 3424 2422 3493 πλησίον
2450 3424 2797 3494 παραδιδόναι
2825 3441 2839 3455 ⁸
2872 3425 2931 3477 ὲν
2961 3424 3016 3477 δὲ
3038 3429 3150 3489 τοῖς
3188 3424 3327 3478 κατά
3362 3426 3451 3478 τὸν
3487 3426 3598 3496 βίον
3627 3428 3769 3498 πρα-

2198 3531 2423 3584 γμασιν,
2447 3514 2541 3567 ἐάν
2577 3531 2678 3565 που
2712 3514 2805 3566 καὶ
2839 3514 3101 3587 διαπίπτῃ
3134 3516 3230 3587 τῆς
3255 3516 3510 3587 ἀληθείας
3546 3519 3573 3569 ό
3607 3535 3770 3570 σπου-

2198 3605 2362 3668 δαῖος,
2403 3605 2556 3657 οὐδὲν
2586 3604 2839 3674 ἐμπόδιον
2870 3606 3014 3677 αὐτῷ
3044 3610 3122 3671 είς
3148 3608 3216 3660 τὰ
3244 3609 3571 3679 προκείμενα
3594 3610 3763 3663 ἔσται.

2199 3700 2362 3752 Πόσοι
2400 3698 2509 3769 γὰρ
2549 3699 2749 3751 στάδιοι
2804 3701 2906 3770 γῆς
2952 3701 2984 3770 ἢ
3026 3700 3317 3771 θαλάσσης,
3366 3703 3458 3756 καλ⁵
3504 3703 3652 3756 πόσοι
3684 3721 3766 3756 κι-

2198 3790 2410 3844 νοῦνται
2458 3791 2563 3844 τῶν
2603 3794 2865 3863 ἀστέρων,
2910 3794 3001 3845 καὶ
3037 3791 3199 3844 πόσον
3228 3793 3409 3863 ἔτερος
3444 3792 3535 3846 τοῦ
3580 3794 3763 3863 ἐτέρου

2199 3884 2418 3954 προέχει
2462 3884 2538 3954 τῷ
2572 3886 2745 3955 τάχει,
2783 3885 2875 3937 ἐὰν
2926 3886 2999 3955 μὴ
3048 3886 3275 3957 εἰδῶμεν
3319 3886 3417 3957 τὴν
3463 3888 3521 3939 ὲν
3558 3888 3764 3951 τούτοις

2201 3976 2474 4047 ἀλήθειαν,
2528 3977 2679 4029 οὐδὲν
2722 3980 2851 4048 ἡμῖν
2888 3978 3164 4048 ἐμποδίσει
3212 3980 3347 4050 πρὸς
3385 3980 3444 4032 τὸ
3490 3981 3761 4050 ἐπιτυχεῖν

2197 4067 2297 4137 τῆς
2338 4069 2395 4121 ἐν
2439 4069 2789 4137 ἐπαγγελίαις
2831 4071 3245 4141 μακαριότητος.
3285 4070 3436 4141 Τάχα
3484 4071 3621 4123 δέτι
3670 4072 3760 4123 καὶ

2198 4159 2433 4212 τοιοῦτον
2459 4161 2589 4231 ἡμῖν
2631 4160 2658 4211 ό
2680 4160 2845 4229 ,λόγος
2884 4161 3229 4232 παρίστησιν,
3261 4163 3341 4214 ὅτι
3379 4162 3443 4214 τὰ
3472 4162 3598 4232 περὶ
3632 4163 3759 4230 ἀλη-

2200 4250 2363 4314 θείας,
2413 4252 2676 4317 τουτέστι,
2726 4252 2795 4305 τά
2853 4254 3103 4323 μυστικὰ,
3144 4254 3321 4307 λαλεῖν
3362 4255 3634 4323 προσῆκεν
3697 4256 3756 4307 οὐ

2200 4344 2381 4406 παντὶ,
2416 4343 2550 4397 ἀλλά
2590 4344 2665 4416 τῷ
2711 4345 2937 4414 πλησίον
2957 4362 2968 4375 ·
2996 4347 3115 4399 ἀντὶ
3154 4346 3270 4409 τοῦ,
3304 4348 3402 4399 οὐκ
3426 4349 3503 4409 είς
3524 4348 3649 4410 τοὺς
3679 4364 3759 4398 τυ-

2198 4434 2389 4504 χόντας
2446 4438 2745 4506 ἐκφαίνειν,
2796 4438 2929 4491 ἀλλά
2974 4440 3096 4502 τοὺς
3146 4440 3605 4511 κεκοινωνηκότας
3656 4439 3759 4491 τῶν

2202 4528 2529 4596 μυστηρίων.
2562 4530 2622 4581 Εἰ
2655 4530 2710 4581 δὲ
2742 4529 2813 4598 (6)
2842 4530 3064 4599 ἀλήθεια
3103 4530 3130 4581 ό
3169 4530 3368 4602 Κύριος
3406 4530 3560 4601 ἡμῶν
3593 4533 3753 4589 ἐστιν,

2194 4620 2637 4691 ἑντετυπωμένην
2682 4622 2773 4675 καὶ
2804 4623 2962 4675 οἱονεὶ
2990 4624 3428 4694 ὲσφραγισμένην
3468 4626 3529 4694 τῇ
3566 4622 3753 4676 ἑαυτοῦ

2193 4712 2389 4782 καρδία
2432 4713 2633 4783 ταύτην
2676 4712 2773 4783 τὴν
2816 4712 3068 4783 ἀλήθειαν
3100 4714 3324 4777 ἕκαστος
3350 4714 3558 4784 ἔχωμεν
3583 4730 3597 4743 ·
3635 4714 3756 4783 περὶ

2192 4799 2259 4876 ἦς
2300 4804 2583 4868 λαλοῦντες
2628 4809 2685 4859 ὲν
2718 4809 2837 4869 ταῖς
2870 4807 3113 4879 καρδίαις
3142 4808 3373 4869 ἑαυτοῖς,
3421 4806 3495 4875 μὴ
3523 4805 3756 4874 δολῶμεν

2192 4896 2281 4949 τὸν
2323 4896 2478 4964 λόγον
2530 4896 2624 4949 τοῦ
2669 4898 2997 4966 Εύαγγελίου
3043 4900 3100 4952 ὲν
3140 4898 3217 4968 τῷ
3260 4898 3603 4966 ἀναγγέλλειν
3638 4900 3757 4958 ¹τοῖς

2193 4987 2415 5057 πλησίον
2448 4988 2604 5058 ἡμῶν
2640 4991 2699 5042 τὸ
2743 4994 3018 5061 κήρυγμα.
3075 4992 3169 5056 Ὃς
3207 4991 3317 5043 οὐκ
3354 4988 3652 5042 ἐδόλωσεν
3691 4987 3756 5038 ἐν
3782 5044 3787 5055 _

2190 5076 2436 5146 γλώσσῃ
2469 5078 2675 5133 αὐτοῦ.
2705 5079 2974 5149 Πολλαχοῦ
3004 5080 3078 5150 (ι)
3108 5079 3181 5142 ὡς
3204 5079 3394 5150 ἐχθρὸς
3430 5077 3522 5130 τοῦ
3563 5076 3697 5130 Θεοῦ
3729 5078 3755 5130 ὁ
3782 5074 3817 5164 ξ

2332 5240 2375 5272 ’⁸
2410 5239 2564 5295 Joan.
2596 5256 2706 5305 xiv,
2738 5240 2789 5294 6.
2864 5242 2908 5273 ⁸⁸
2937 5240 3073 5296 Psal.
3110 5242 3238 5305 νβ.

2195 5412 2323 5452 mss.
2360 5395 2532 5460 οὕτως
2565 5397 2817 5451 ἐνταῦθα.
2864 5398 3056 5453 Ibidem
3093 5408 3323 5465 quatuor
3355 5412 3483 5451 mss.
3524 5397 3751 5456 ενδοθεν.

2193 5466 2331 5520 Editi
2368 5485 2487 5521 cum
2545 5471 2781 5537 quinque
2825 5485 2951 5522 mss.
3005 5470 3169 5522 ἔνδον.
3234 5468 3397 5522 Paulo
3440 5483 3560 5535 post
3602 5474 3751 5527 Coll).

2191 5538 2701 5610 quarttrseiipapzv.
2744 5538 2884 5610 Infra,
2919 5541 3080 5610 idem
3106 5557 3204 5591 ms.
3238 5540 3577 5610 ἐντυχόντας.

2262 5607 2339 5679 (ti)
2366 5607 2542 5662 Editio
2574 5607 2748 5663 Paris.
2784 5611 2831 5662 εί
2869 5609 2925 5661 δὲ
2952 5612 3005 5682 ή.
3046 5609 3141 5663 llic
3168 5607 3425 5664 articulus
3465 5628 3570 5665 nou
3604 5627 3754 5682 repe-

2190 5676 2328 5758 ritur
2361 5693 2534 5758 neque
2651 5682 2848 5758 nostris
2884 5676 3009 5734 mss.
3042 5696 3209 5758 neque
3246 5684 3295 5733 in
3329 5683 3562 5758 editione
3579 5676 3749 5758 llas“.

2364 5747 2536 5802 Editio
2568 5750 2737 5823 l'aris.
2770 5762 2823 5805 et
2849 5767 2977 5805 mss.
3000 5747 3231 5823 quinque
3255 5753 3551 5823 πανταχοῦ.
3577 5754 3751 5807 Ειίὶιδυ

2187 5817 2347 5875 Basil.
2400 5821 2733 5895 cumarihus
2791 5837 2917 5877 mss.
2961 5817 3246 5891 πολλαχοῦ.
3302 5817 3747 5894 Ιιεοιίοουιτιιψιο
