4008 6402
319 482 427 539 25ῗ

1439 464 1722 523 HOMlLlA
1762 469 1780 521 1
1821 460 1887 520 IN
1928 455 2259 519 PSALMUM
2302 456 2439 517 XIV.

3462 455 3567 513 238

319 598 470 656 δόλος
492 594 551 645 έν
574 593 638 659 τῇ
666 584 855 658 Γραφῇ
876 582 1244 656 διαϐέϐληται.
1281 584 1757 652 Ἐξολοθρεύσαι,
1785 600 1892 652 φη-

2017 596 2075 634 us
2106 580 2160 632 in
2187 580 2341 633 corde
2372 575 2748 645 fabricantium
2778 574 2919 628 mala
2935 569 2978 623 ί.
3014 572 3182 627 Porro
3210 572 3570 643 quodcunque

322 690 394 749 σι,
426 684 637 749 Κύριος
668 676 865 730 πάντα
891 677 965 730 τὰ
997 677 1170 746 χειλη
1210 674 1282 729 τὰ
1312 676 1484 730 δόλια
1503 691 1517 705 ⁸
1550 676 1665 736 καὶ,
1708 674 1893 739 Δόλος

318 777 389 829 ἐν
433 769 643 839 καρδίᾳ
690 768 1159 837 τεκταινομέγων
1200 768 1278 837 (8)
1340 767 1511 822 κακά.
1566 769 1680 821 Πᾶν
1723 767 1780 819 δὲ
1835 766 1894 819 τὸ
1923 788 1949 830 ,ν

319 864 565 933 κρεῖττον
619 863 677 914 ὲν
735 863 802 932 τῇ
864 860 956 913 τοῦ
1010 859 1249 931 χείρονος
1306 861 1557 933 ἐπιμιξίᾳ
1617 857 1895 915 δολΟὖσθαι

317 956 554 1025 λέγεται,
609 953 686 1018 ὡς
739 949 880 1017 οἶνος
928 952 1171 1007 δολοῦται
1220 952 1297 1024 τῷ
1337 954 1555 1025 χείρονα
1596 952 1745 1023 αὑτῷ
1786 969 1894 1005 πα-

320 1045 686 1118 ραμίγνυσθαι
729 1045 826 1115 (9),
872 1045 905 1116 ἢ
948 1045 1007 1098 τὸ
1050 1045 1195 1117 ὕδωρ
1230 1046 1378 1116 αὐτῷ
1419 1045 1891 1119 παρακίρνασθαυ

320 1140 415 1193 καὶ
474 1139 670 1209 χρυσὸς
737 1136 977 1190 δολοῦται
1043 1139 1102 1190 ἐν
1168 1140 1234 1208 τῇ
1303 1137 1437 1210 πρὸς
1496 1138 1736 1209 ἄργυρον
1802 1138 1897 1192 καὶ

320 1232 520 1300 χαλκὸν
564 1230 847 1299 κοινωνίᾳ·
881 1230 1022 1282 οὕτω
1068 1229 1163 1283 καὶ
1200 1230 1426 1300 ἀλήθεια
1470 1223 1735 1293 δολοῦται,
1785 1230 1899 1293 τοῖς

321 1323 495 1392 ἁγίοις
525 1321 703 1389 λόγοις
728 1321 835 1375 τῶν
867 1322 1290 1393 δυσφημοτέρων
1315 1321 1797 1395 παραπλακέντων.

390 1413 444 1466 4.
487 1410 639 1466 Οὐδὲ
668 1412 917 1479 ἐποίησε
937 1412 1013 1475 τῷ
1035 1412 1302 1482 πλησίον
1322 1413 1507 1467 αὐτοῦ
1534 1413 1743 1465 κακόν.
1767 1410 1899 1464 Τίνα

317 1498 468 1573 λέγει
511 1502 602 1556 τὸν
644 1502 869 1573 πλησίον
901 1505 930 1556 6
980 1503 1165 1572 λόγος,
1210 1504 1383 1566 οὐδεὶς
1427 1501 1759 1574 ἀμφιϐάλλει
1793 1501 1900 1554 τῶν

318 1594 667 1648 ἀκουσάντων
694 1576 801 1647 ’τοῦ
846 1592 1178 1663 Εὑαγγελίου
1215 1594 1353 1665 πρὸς
1386 1594 1477 1647 τὸν
1510 1594 1895 1665 ἐρωτήσανταο

322 1685 431 1740 Kal
462 1686 552 1750 τίς
583 1685 717 1737 ἐστί
752 1703 873 1754 μου
919 1686 1224 1753 nitidior;
1256 1680 1324 1758 ᾯ
1346 1688 1375 1740 ὀ
1406 1684 1607 1757 Κύριος
1640 1681 1759 1739 εἷπε
1803 1685 1900 1757 τὴν

323 1775 640 1847 παραϐολὴν
682 1775 775 1828 τοῦ
815 1774 923 1829 ἀπὸ
956 1776 1311 1849 Ἰερουσαλὴμ
1358 1775 1775 1839 καταϐαίνοντος
1823 1776 1901 1837 εἰς

334 1865 575 1937 Ἰεριχώο
620 1864 678 1917 ὂν
713 1866 804 1918 καὶ
838 1866 1123 1937 ἠρώτησεο
1177 1868 1272 1931 Τίς
1312 1867 1537 1920 τούτων
1583 1865 1753 1920 δοκεῖ
1802 1881 1902 1920 σοι

1996 670 2195 723 bonum
2223 668 2348 722 mali
2377 667 2730 738 permistione
2758 663 2882 718 dolo
2918 663 3186 734 inquinari
3235 663 3449 719 dicitur.
3476 662 3568 717 Sic

1994 761 2176 814 vinum
2199 759 2319 813 dolo
2345 758 2603 821 inficitur,
2632 772 2755 812 cum
2790 758 2839 813 ei
2868 756 2997 826 quid
3028 753 3178 826 pejus
3222 755 3569 819 admiscetur,

1995 854 2080 909 vel
2110 866 2232 908 cum
2263 868 2399 923 aqua
2430 853 2531 921 ipsi
2570 851 2893 911 atl'unditur:
2922 851 3048 905 item
3074 864 3265 903 aurum
3300 849 3422 903 dolo
3455 844 3570 903 alii.

1997 945 2141 1001 citur
2173 956 2282 999 tum
2311 962 2435 1001 cum
2482 956 2706 1014 argento
2754 954 2810 998 et
2850 944 2943 999 aeri
2987 943 3330 1013 coniungitur
3360 959 3373 994 ι
3409 942 3480 994 ita
3515 950 3571 995 et

1997 1040 2197 1093 veritas
2219 1040 2340 1093 dolo
2371 1038 2705 1110 deturpatur,
2735 1038 2780 1093 si
2812 1038 2989 1094 verbis
3003 1022 3218 1091 'sanctis
3246 1043 3570 1091 conuectan-

2002 1139 2088 1184 tur
2119 1129 2485 1201 blaSphemite.

2069 1402 2123 1458 4.
2158 1400 2270 1457 Nec
2293 1402 2414 1471 fecit
2448 1404 2686 1473 proximo
2709 1418 2803 1457 suo
2827 1404 3045 1456 malum.
3064 1401 3231 1468 Quem
3267 1400 3570 1469 proximum

2005 1488 2210 1565 107"
2241 1494 2428 1549 istlnec
2467 1495 2733 1549 sententia
2763 1494 3028 1564 designet,
3061 1508 3218 1548 nemo
3245 1492 3449 1548 dubitat
3479 1507 3574 1547 eo-

2000 1603 2147 1653 rum,
2200 1588 2293 1657 qui
2354 1586 2645 1642 audierunt
2693 1588 3063 1658 Evangelium,
3114 1588 3343 1656 quodam
3397 1587 3571 1643 inter-

2004 1688 2231 1747 rogante
2259 1695 2274 1732 :
2320 1678 2385 1732 Et
2412 1680 2529 1748 quis
2555 1691 2628 1732 est
2654 1697 2795 1734 meus
2815 1681 3157 1748 proximus“?
3183 1680 3279 1736 Cui
3314 1682 3575 1736 Dominus

2004 1772 2137 1826 dixit
2196 1771 2505 1840 parabolam
2563 1774 2734 1838 illius,
2786 1776 2879 1842 qui
2940 1774 3008 1827 ab
3061 1771 3361 1828 Jerusalem
3401 1774 3454 1829 in
3484 1769 3579 1829 Je—

2007 1866 2159 1920 richo
2216 1865 2628 1919 descendebat:
2676 1879 2838 1935 quem
2900 1872 2953 1919 et
3000 1864 3399 1933 interrogavit:
3441 1864 3574 1931 Quis

322 1931 631 2029 γεγυνλέναι
649 1931 952 2026 minutos";
983 1931 1251 2023 Κάκεῖνος
1270 1960 1627 2031 ἁπεκρίνατο,
1659 1956 1712 2010 Ὁ
1737 1958 1904 2026 and.»

2012 1961 2190 2013 horum
2253 1961 2461 2013 videtur
2516 1960 2610 2011 tibi
2649 1931 2922 2020 proximus
2970 1958 3181 2027 fuisse?
3213 1931 3288 2012 ‘At
3338 1958 3426 2012 ille
3483 1973 3575 2013 re-

322 2066 442 2116 σας
483 2048 550 2102 τὸ
593 2050 765 2115 ἕλεος
807 2053 937 2120 μετ’
966 2050 1174 2105 αὐτοῦ.
1224 2052 1457 2119 Ἑδίδαξε
1508 2052 1616 2121 γὰρ
1667 2050 1755 2105 διὰ
1782 2050 1905 2104 τού-ι

323 2158 429 2194 των
478 2140 654 2194 πάντα
694 2141 978 2212 ἄνθρωπον
1013 2142 1265 2213 ἡγεῖσθαι
1308 2143 1554 2214 πλησίον.
1597 2144 1905 2215 Δυσκατόρ-

324 2231 493 2284 θωτον
523 2230 578 2284 δὲ
604 2231 699 2285 καὶ
732 2232 909 2297 τοῦτο,
934 2233 1030 2286 καὶ
1056 2232 1256 2304 πολλῆς
1282 2233 1533 2301 δεόμενον
1562 2233 1901 2304 ἐπιμελείας,

328 2326 465 2394 μήτε
503 2322 685 2395 μικρῷ
732 2341 868 2388 τινι,
928 2326 1063 2395 μήτε
1112 2325 1320 2395 μείζονι
1367 2325 1769 2379 καταϐλάπτειν
1814 2325 1904 2378 τὸν

326 2414 580 2485 πλησίον·
622 2415 698 2486 μὴ
732 2416 789 2469 ὲν
822 2415 1026 2485 ῥήματι
1060 2416 1170 2487 (10)
1219 2416 1452 2487 βλάψαι·
1489 2417 1562 2490 μὴ
1600 2416 1906 2488 ἀποστερῆδ

328 2508 418 2561 σαί
452 2524 504 2559 τι
540 2506 648 2560 τῶν
695 2506 1076 2577 καθηκόντωνο
1127 2507 1201 2579 μὴ
1243 2507 1572 2579 βουληθῆναι
1606 2507 1755 2578 αὑτῷ
1810 2525 1906 2561 πο-

328 2599 524 2669 νηρόν·
566 2599 639 2671 μὴ
694 2597 959 2668 βασκανίᾳ
1005 2599 1315 2669 χρήσασθαι
1370 2599 1509 2670 πρὸς
1551 2598 1651 2661 τὰς
1695 2598 1904 2669 εὐπραι

327 2690 449 2758 γίας
492 2690 600 2743 τῶν
639 2690 824 2754 πέλας.
868 2689 979 2744 Καὶ
1024 2689 1368 2759 ὀνειδισμὸν
1400 2693 1512 2749 οὐκ
1552 2689 1770 2743 ἐλαϐεν
1808 2689 1907 2743 ἐπὶ

329 2784 470 2849 τοὺς
500 2785 744 2853 ἔγγιστα
781 2784 988 2838 αὐτοῦ.
1033 2784 1353 2854 Ἀμφίϐολος
1384 2785 1417 2853 ἡ
1459 2783 1638 2848 λέξις·
1678 2782 1907 2855 πότερον

329 2878 490 2940 αὐτὸς
520 2877 645 2943 ἄξια
676 2876 768 2931 τοῦ
804 2875 1155 2940 ὀνειδίζεσθαι
1197 2875 1349 2947 παρὰ
1384 2874 1494 2927 τῶν
1536 2873 1762 2945 ἔγγιστα
1808 2876 1907 2929 οὐκ

330 2966 577 3043 ἐποίησε,
604 2966 699 3018 καὶ
731 2966 820 3020 διὰ
859 2967 1016 3020 τοῦτο
1057 2967 1156 3019 οὐκ
1191 2965 1351 3019 ἔλαϐε
1394 2968 1523 3036 παρ’
1559 2967 1738 3020 αὐτῶν
1770 2966 1908 3020 ὀνει-

330 3057 538 3129 δισμὸν,
574 3058 605 3130 ἢ
639 3058 826 3111 οὐδένα
869 3058 977 3112 τῶν
1016 3058 1245 3127 ἔγγιστα
1282 3059 1444 3122 αὐτὸς
1484 3059 1725 3111 ὠνείδισε
1752 3100 1766 3123 ,
1800 3059 1908 3115 τῶν

330 3151 389 3201 ἐν
418 3150 781 3222 ἀνθρωπίνοις
827 3152 1133 3222 πταίσμασι
1182 3148 1571 3222 γενομένων,ῆ
1618 3152 1675 3203 ὲν
1721 3150 1909 3222 πηρώ-

2006 2052 2256 2118 spondit:
2292 2050 2398 2117 Qui
2431 2050 2555 2119 fecit
2600 2051 3022 2104 misericordiam
3052 2051 3103 2102 in
3142 2049 3337 2104 illum”.
3387 2051 3578 2106 Docuit

2004 2144 2147 2199 enim
2186 2145 2269 2199 his
2316 2145 2496 2198 verbis
2545 2144 2819 2198 hominem
2881 2158 3097 2197 omnem
3135 2144 3430 2213 putandum
3456 2156 3580 2199 esse

2003 2236 2337 2307 proximum.
2397 2233 2513 2289 Hoc
2583 2246 2765 2289 autem
2821 2237 3108 2289 observato
3182 2233 3398 2289 dimcile
3449 2244 3574 2299 est,

2008 2326 2342 2397 multamque
2386 2328 2615 2396 requirit
2657 2327 3013 2397 diligentiam,
3061 2342 3235 2396 neque
3282 2327 3336 2381 in
3386 2344 3575 2398 parva,

2008 2432 2183 2490 neque
2232 2420 2285 2474 in
2318 2434 2511 2490 magna
2570 2434 2627 2474 re
2681 2421 2925 2489 proximo
2966 2434 3202 2475 nocere:
3262 2434 3368 2474 non
3416 2421 3580 2476 verbo

2006 2513 2302 2575 offendere,
2352 2528 2459 2566 non
2519 2527 2641 2565 eum
2698 2512 2851 2566 bouis
2899 2512 3012 2567 suis
3068 2511 3318 2579 Spoliare,
3370 2513 3419 2568 ei
3473 2528 3579 2570 non

2010 2606 2150 2660 tnale
2201 2620 2423 2674 cupere,
2483 2620 2590 2657 non
2626 2604 2765 2658 laatis
2807 2618 2870 2657 ac
2913 2604 3188 2673 prosperis
3228 2606 3457 2674 proximi
3498 2620 3581 2662 re-

2007 2698 2108 2753 bus
2158 2698 2419 2771 invidere.
2461 2693 2530 2748 Et
2577 2697 2911 2765 approbrium
2958 2712 3062 2749 non
3109 2699 3305 2762 accepit
3334 2698 3580 2752 adversus

2007 2791 2272 2858 proximos
2290 2804 2437 2843 suos.
2473 2788 2739 2857 Ambigua
2773 2787 2941 2841 dictio
2966 2798 3070 2850 est,
3125 2796 3306 2841 utrum
3356 2789 3466 2857 ipse
3496 2789 3579 2844 ni‘

2011 2880 2085 2935 ltil
2132 2881 2367 2945 fecerit,
2424 2882 2565 2949 qttod
2627 2880 2729 2933 sibi
2786 2880 2980 2934 merito
3027 2880 3342 2948 exprobrari
3400 2890 3584 2950 posset

2011 2987 2040 3025 a
2082 2971 2349 3041 proximo,
2398 2973 2467 3026 ob
2500 2972 2662 3039 idque
2715 2972 3067 3042 opprobrium
3123 2972 3190 3025 ab
3239 2986 3304 3025 eo
3350 2988 3457 3027 non
3491 2985 3583 3028 ac-

2011 3064 2250 3131 ceperit;
2305 3079 2374 3117 an
2418 3063 2708 3132 opprobrio
2764 3064 2966 3117 nullum
3037 3064 3405 3131 proximorum
3452 3063 3585 3119 atie-

2009 3156 2163 3221 cerit,
2192 3156 2283 3225 qui
2317 3156 2370 3210 in
2405 3156 2643 3210 humana
2682 3154 2877 3209 delicta
2901 3155 3133 3225 prolapsi
3178 3156 3307 3221 sint,
3332 3164 3424 3211 aut
3461 3170 3584 3212 cum

336 3260 469 3314 μασι
509 3246 871 3314 σωματικοῖς,
917 3244 949 3314 ἢ
999 3243 1177 3307 ἄλλοις
1224 3244 1363 3296 τισὶν
1417 3243 1758 3314 ὑστερήμασι
1807 3242 1908 3311 τῆς

2012 3250 2272 3303 mutilatis
2329 3249 2574 3317 corporis
2633 3247 2895 3317 partibus,
2948 3255 3041 3299 aut
3091 3244 3212 3299 aliis
3261 3246 3584 3315 quibusdam

333 3336 538 3407 σαρκὸς
584 3336 1005 3407 εὑρισκομένων.
1055 3335 1193 3388 Οὔτε
1251 3334 1358 3405 γὰρ
1391 3334 1482 3387 τὸν
1527 3332 1911 3403 ἁμαρτάνοντα

333 3423 651 3479 ὀνειδιστέον
686 3426 826 3480 κατὰ
848 3425 909 3479 τὸ
936 3427 1327 3498 γεγραμμένον
1347 3438 1359 3455 ⁶
1405 3424 1501 3492 Μὴ
1532 3423 1778 3483 ὀνείδιζε
1812 3423 1915 3477 ἆν-

335 3522 571 3586 θρωπον
616 3517 1072 3587 ἀποστρέφοντα
1115 3516 1235 3571 ἀπὸ
1276 3516 1587 3585 ἁμαρτίας.
1630 3515 1765 3568 Οὐδὲ
1807 3514 1915 3585 γὰρ

336 3612 581 3682 ἔγνωμεν
623 3627 751 3664 ποτε
795 3613 880 3664 ἐπ’
922 3610 1159 3681 ὠφελείᾳ
1186 3608 1294 3662 τῶν
1336 3606 1798 3679 πλημμελούντων
1827 3606 1916 3659 τὸν

336 3701 636 3773 ὀνειδισμὸν
688 3701 1154 3775 παρειλημμένον,
1194 3700 1286 3754 τοῦ
1342 3698 1663 3753 Ἀποστόλου
1704 3700 1762 3751 ὲν
1794 3701 1916 3762 ταῖς

337 3796 476 3865 πρὸς
509 3795 600 3847 τὸν
632 3794 823 3847 ἑαυτοῦ
855 3793 1104 3865 μαθητὴν
1138 3791 1400 3863 Τιμόθεον
1430 3792 1728 3863 ὑποθήκαις
1765 3790 1918 3859 ἐλεγ-⁸

337 3904 431 3956 χον
465 3892 563 3957 μὲν
599 3889 692 3940 καὶ
735 3886 1082 3959 παράκλησιν
1112 3887 1209 3939 καὶ
1238 3884 1556 3955 ἐπιτίμησιν
1591 3882 1921 3953 ἐπιτρέψαν-

336 3998 447 4043 τος,
486 3979 724 4050 οὐδαμοῦ
762 3981 818 4034 δὲ
844 3980 933 4032 τὸν
962 3978 1283 4048 ὀνειδισμὸν,
1328 3978 1402 4040 ὡς
1432 3976 1693 4039 ἐναντίον,
1740 3991 1919 4046 παρα-

338 4074 610 4136 λαϐόντος.
644 4073 755 4126 Καὶ
787 4072 961 4126 ἔοικεν
992 4073 1020 4124 6
1056 4073 1154 4143 μὲν
1185 4071 1403 4140 ἔλεγχος
1444 4069 1594 4132 τέλος
1637 4068 1782 4138 ἔχειν
1815 4069 1916 4139 τὴν

339 4164 626 4235 διόρθωσιν
648 4164 743 4217 τοῦ
767 4166 1191 4237 ἁμαρτάνοντος,
1207 4167 1234 4216 6
1249 4164 1303 4216 δὲ
1326 4160 1625 4231 ὀνειδισμὸς
1644 4161 1737 4213 ἐπὶ
1756 4160 1919 4229 ἀσχη-

345 4259 552 4331 μοσύνῃ
585 4259 694 4329 (Η)
725 4259 820 4312 τοῦ
861 4257 1180 4319 ὲπταικότος
1217 4253 1480 4325 γίνεσθαι.
1525 4251 1722 4305 Πενίαν
1775 4251 1851 4315 δὲ,
1884 4251 1917 4321 ἢ

342 4352 673 4419 δυσγένειαν,
699 4352 732 4423 ἢ
771 4351 1064 4422 ἀμάθειαν,
1092 4350 1125 4421 ἢ
1154 4348 1403 4418 σώματος
1434 4345 1745 4418 ἀρρωστίαν
1782 4345 1921 4397 ὀνει-

342 4444 508 4507 δίζειν
538 4442 715 4514 πάντη
753 4444 964 4511 ἄλογον,
1003 4443 1097 4496 καὶ
1144 4441 1422 4511 ἀλλότριον
1470 4437 1561 4490 τοῦ
1607 4436 1916 4490 σπουδαίου.

351 4540 417 4590 Ἀ
450 4537 556 4608 γὰρ
598 4539 699 4590 οὐκ
732 4540 795 4590 ὲκ
830 4534 1198 4608 προαιρέσεως
1243 4536 1373 4605 ἡμῖν
1415 4530 1722 4603 συμϐαίνει,
1750 4530 1921 4584 ταῦτα

2018 3339 2195 3394 carnis
2238 3338 2538 3393 defectibus
2578 3336 2780 3391 fuerint
2822 3338 3165 3407 deprehensi.
3204 3336 3389 3409 Neque
3440 3341 3585 3394 enim

2019 3433 2065 3487 is
2111 3433 2205 3500 qui
2249 3439 2460 3499 peccat.
2513 3429 2729 3497 probris
2781 3428 3132 3483 insectandus
3193 3440 3292 3492 est,
3336 3430 3411 3485 uti
3443 3432 3585 3486 scri-

2017 3533 2165 3595 ptum
2224 3534 2357 3576 est:
2416 3520 2500 3575 Ne
2533 3521 2850 3589 impmperes
2902 3521 3099 3575 homini
3143 3524 3394 3576 arertenti
3443 3538 3498 3575 se
3554 3539 3587 3577 α

2015 3612 2313 3684 peccato”.
2365 3610 2551 3682 Neque
2605 3613 2750 3665 enim
2806 3612 3055 3670 novimus
3088 3627 3324 3681 unquam
3374 3612 3441 3667 ad
3492 3613 3585 3669 ded-

2018 3702 2377 3775 linquentium
2433 3701 2723 3756 utilitatem
2766 3701 3114 3773 opprobrium
3167 3702 3333 3758 fuisse
3376 3704 3589 3758 adbibi-

2020 3807 2152 3852 tum.
2208 3796 2342 3851 Nam
2393 3794 2684 3864 Apostolus
2717 3794 2770 3849 in
2834 3796 2946 3850 suis
2996 3796 3063 3849 ad
3117 3794 3438 3859 discipulum
3496 3794 3589 3851 Ti‘

2020 3888 2295 3943 motheum
2346 3888 2719 3953 documentis,
2772 3886 3250 3957 reprehensionem
3288 3888 3505 3957 quidem
3534 3899 3619 3965 et_

2018 3981 2478 4045 obsecrationem,
2509 3988 2565 4036 et
2593 3979 3024 4051 objurgationem
3076 3979 3425 4051 permittit“,
3462 3996 3584 4036 nus‘

2020 4089 2180 4145 quam
2217 4088 2345 4129 vero
2370 4073 2715 4143 opprobrium
2761 4071 2997 4137 admisit,
3035 4084 3290 4142 tanquam
3321 4073 3463 4141 quod
3497 4074 3591 4127 adr-

2020 4180 2289 4231 versetur,
2331 4181 2396 4223 ac
2423 4166 2758 4221 contrarium
2789 4166 2878 4220 sit.
2920 4165 2986 4219 Et
3016 4164 3225 4220 videtur
3254 4166 3470 4235 quidem
3501 4166 3592 4220 ob-

2015 4255 2251 4326 jurgatio
2310 4254 2469 4309 (litem
2532 4254 2732 4308 habere
2786 4254 3087 4323 peccatoris
3146 4255 3589 4321 correctionem,

2019 4348 2371 4419 opprobrium
2430 4361 2561 4401 vero
2614 4347 2680 4400 ad
2733 4345 2867 4416 lapsi
2936 4346 3308 4401 confusionem
3382 4344 3589 4400 inferri.

2021 4440 2404 4509 Paupertatem
2434 4447 2637 4504 autem,
2662 4447 2753 4493 aut
2786 4438 3179 4509 ignobilitatem
3217 4438 3454 4506 generis,
3498 4450 3592 4495 aut

2023 4533 2658 4605 corporisinlirmitatem
2716 4534 2916 4603 probro
2968 4542 3203 4598 vertere,
3229 4546 3456 4601 prorsus
3492 4531 3590 4586 ab—

344 4630 594 4684 ἁκούσιαο
633 4630 726 4682 ἐπὶ
764 4629 821 4683 δὲ
847 4632 959 4692 τοῖς
1005 4627 1281 4690 ἀκουσίοις
1330 4624 1702 4695 ἐλαττώμασιν
1749 4624 1910 4676 ἐλεεῖ-

2023 4629 2246 4680 surdum
2288 4634 2373 4678 est
2430 4633 2482 4679 et
2512 4639 2541 4677 a
2582 4622 2682 4677 viri
2714 4624 2864 4694 probi
2898 4625 3139 4678 moribus
3180 4624 3438 4678 alienum.
3462 4623 3594 4693 Qua

420 4861 439 4891 "
462 4858 620 4916 Prov.
656 4875 754 4925 xu,
788 4858 879 4912 20.
954 4857 976 4888 ⁸
1006 4854 1134 4910 Luc.
1186 4874 1242 4943 χ,
1284 4856 1371 4911 29.
1438 4854 1458 4886 ⁵
1491 4854 1621 4909 ibid.
1673 4852 1762 4918 36,
1791 4856 1878 4909 '57.
1959 4854 2004 4885 ¹⁰
2041 4852 2203 4908 Eccli.
2237 4867 2359 4919 vnt,
2384 4850 2437 4908 6.
2517 4850 2557 4881 “
2592 4847 2633 4903 ll
2661 4848 2802 4903 Tim.
2838 4861 2910 4908 tv,
2938 4844 3007 4911 2;
3039 4845 3055 4899 Ι
3084 4845 3224 4900 Tim.
3264 4859 3335 4911 tv,
3364 4846 3449 4900 15.

346 5063 544 5134 legitur
569 5061 803 5134 inﬁReg.
841 5062 1098 5134 secundo.
1144 5060 1260 5115 Mox
1310 5059 1472 5114 editio
1512 5058 1710 5134 Par_is._
1735 5058 1915 5134 ἐξολοο

349 5124 586 5207 θρεύσει.
633 5124 809 5186 Εάἱιῖυ
866 5132 1027 5207 Basil.
1082 5141 1159 5207 et_
1187 5134 1421 5207 quinque
1449 5146 1575 5183 mss.
1600 5124 1919 5207 ‘égolclﬁpsd-

351 5199 462 5267 σαι,
492 5216 545 5256 et
567 5206 635 5256 ita
662 5218 874 5272 quoque
907 5202 1105 5256 editum
1146 5199 1447 5255 invenimus
1473 5200 1609 5268 apud
1643 5199 1807 5272 LXX.

424 5276 500 5345 (8)
537 5270 692 5328 Editi’
717 5270 836 5345 cum
870 5271 1070 5339 majore
1104 5284 1255 5341 parte
1282 5285 1419 5345 ipss.
1458 5270 1914 5340 τεκταινομένων.

350 5340 507 5410 mgf.
538 5343 805 5397 secundus
834 5353 884 5395 et
924 5340 1147 5411 quartus
1191 5351 1245 5395 et
1271 5340 1423 5397 Colb.
1465 5356 1601 5394 unus
1645 5356 1746 5393 una
1794 5356 1914 5395 cum

352 5416 492 5469 LXX
538 5412 975 5481 τεκταινομένου.
1033 5412 1156 5467 Haec
1206 5413 1260 5466 in
1303 5413 1447 5465 hunc
1482 5411 1654 5481 locum
1712 5411 1917 5463 notavit

350 5487 748 5539 Conmetisios:
791 5482 1008 5537 Videtur
1051 5500 1161 5536 esse
1192 5481 1347 5537 Prov.
1391 5496 1534 5542 xxvn,
1574 5480 1666 5541 Ἡ,
1704 5481 1919 5549 deﬂexis

351 5557 625 5624 paululum
656 5554 883 5613 vocibus.
915 5566 967 5605 ut
1002 5552 1203 5606 Basilio
1238 5569 1339 5606 non
1370 5551 1716 5624 infrequens:
1753 5552 1844 5603 sed
1875 5550 1918 5603 si

352 5620 660 5696 diligentius
692 5624 1117 5696 iconquisivisset
1171 5620 1662 5696 illatnScripturte
1700 5629 1919 5696 seuteu-

354 5691 505 5754 tiam.
539 5711 656 5748 eam
688 5691 873 5747 iisdein
908 5694 1088 5747 verbis
1111 5704 1165 5748 et
1193 5691 1734 5763 syllabisreptrrisset
1763 5692 1922 5743 Prov.

355 5782 454 5828 xu,
485 5764 569 5818 :20.
590 5764 811 5833 Aquilus
838 5760 1297 5830 Symmachusque
1317 5774 1370 5815 et
1392 5760 1685 5833 Tlteodotio
1709 5778 1923 5833 τεκται-

353 5835 572 5890 νόντων.
612 5835 833 5902 Vulgata
861 5834 1023 5887 Dolus
1058 5835 1110 5885 in
1141 5838 1294 5902 corde
1323 5832 1661 5897 cogitantium
1690 5832 1850 5883 mala.

433 5906 502 5975 Ὃ)
540 5907 666 5974 Reg.
715 5899 940 5972 quartus
983 5904 1057 5967 ὡς
1088 5905 1116 5955 6
1155 5899 1293 5965 οἶνος
1321 5902 1564 5956 δολοῦται
1600 5902 1674 5972 τῷ
1720 5902 1922 5971 χείρονι

679 6006 946 6063 l’naon.
995 6000 1113 6061 Gtt.
1160 5998 1398 6062 XXIX.

2015 5056 2175 5110 αὑτὸν
2213 5054 2603 5128 παραμβθκίἱ
2641 5055 2833 5110 tertius
2861 5063 2916 5128 et
2953 5064 3177 5128 quartus
3212 5046 3593 5125 Ιιεδοηιαῦτῆς

2016 5144 2114 5197 pro
2142 5124 2334 5197 ἁγίοις.
2363 5124 2467 5179 ΑΙίί
2505 5140 2597 5181 sex
2629 5141 2761 5181 mss.
2803 5125 3072 5196 vulgatam
3104 5124 3391 5180 lectionem
3426 5124 3587 5177 tuen-

2017 5207 2123 5252 tur.

2086 5266 2197 5337 (10)
2226 5264 2376 5338 οοιίι).
2395 5276 2620 5335 quartus
2648 5266 2878 5338 ῥήμασι.
2909 5266 3054 5321 Infra
3080 5265 3247 5319 editio
3276 5262 3450 5318 Paris.
3469 5276 3591 5315 cum

2015 5352 2123 5392 uno
2155 5346 2249 5390 aut
2280 5337 2450 5410 altero
2504 5353 2603 5410 ius.
2649 5337 2899 5410 πηρώσει
2945 5339 3252 5407 σωματικῇ.
3288 5338 3361 5410 At
3386 5342 3592 5410 septem

2017 5423 2146 5463 mss.
2163 5422 2293 5478 cum
2308 5407 2547 5478 editione
2563 5402 3039 5478 Βιεὶιῗπηρώμασι
3060 5402 3413 5478 σωματικοῖς.
3431 5402 3596 5478 Paulo

2017 5487 2137 5546 post
2157 5477 2286 5548 Reg.
2312 5477 2503 5531 tertius
2529 5489 2580 5531 et
2606 5472 2833 5547 quartus
2863 5472 2985 5532 cum
3009 5472 3245 5531 editione
3271 5473 3436 5527 Basil.
3463 5472 3588 5526 ἐπι-ι

2019 5547 2339 5620 στρέφοντα.

1995 5672 2003 5679 .
2086 5611 2201 5689 (Η)
2248 5618 2477 5690 Codices
2521 5629 2642 5690 octp
2675 5617 3054 5690 ἀσχημοσύνῃ.
3091 5625 3230 5690 battt
3267 5626 3387 5669 cum
3431 5611 3588 5690 Coll).

2017 5684 2245 5758 septimo
2300 5686 2550 5760 αἰσχύνῃ.
2584 5684 2936 5757 ,Ιιιΐνιι”ίίες.
2995 5684 3277 5760 secundus
3324 5693 3377 5760 et
3434 5684 3593 5760 Co_lb.

2019 5751 2203 5816 scitus
2251 5751 2645 5829 ἀποτυχόντας.
2710 5760 2812 5815 Alii
2882 5751 3014 5814 mss.
3068 5767 3123 5811 et
3154 5757 3282 5812 editi
3331 5751 3597 5825 ὀιτυχοῡν⁴

2018 5846 2137 5893 τας.

3239 5992 3279 6051 9
