4008 6402
491 526 599 582 2133

1812 533 1865 587 S.
1911 532 2155 588 BASILII
2193 531 2405 588 MAGNI

3650 537 3752 592 Ξσι

499 647 644 702 tione
694 653 1069 708 necessitatem
1116 653 1542 725 uniuscuiusque
1576 655 1812 724 petentis
1860 655 2066 710 discer-

2174 654 2627 727 προσαιτούντων.
2693 654 2803 707 Καὶ
2855 651 3015 705 τοῦτο
3074 650 3477 722 μεμαθήκαμεν
3524 652 3584 703 ἐν
3634 659 3751 717 ταῖς

497 752 614 793 nas.
670 740 952 808 Quomodo
993 754 1173 800 autem
1230 746 1283 799 id
1334 746 1523 815 perlici
1578 755 1741 817 queat
1779 748 1848 803 ab
1886 748 1952 803 iis
1976 750 2066 817 qui

494 831 634 886 scito
659 834 875 903 pietatis
904 837 1239 907 prepositum
1292 839 1600 908 explebant,
1638 855 1702 895 ex
1740 841 1891 897 Actis
1926 842 2069 897 ditii-

493 923 707 980 cimus:
746 928 1011 994 Qnolquot
1069 929 1230 992 enim,
1292 928 1389 993 ait,
1440 945 1768 996 possessores
1823 944 2069 1001 ugromm

495 1023 587 1067 aut
640 1016 912 1069 domorum
970 1029 1164 1081 erant,
1224 1019 1501 1072 vendente:
1559 1019 1849 1088 a/Ierebant
1901 1021 2070 1088 pretia

492 1116 673 1158 eorum
722 1122 838 1174 qua'
866 1107 1173 1169 vendebant,
1208 1119 1253 1161 et
1290 1109 1545 1178 ponebant
1576 1118 1699 1163 ante
1735 1110 1891 1179 pedes
1941 1127 2070 1177 apo-

494 1197 771 1250 stolorum.
808 1195 1154 1251 Dividebatur
1190 1207 1368 1251 autem
1397 1198 1646 1266 singulis,
1694 1209 1850 1268 prout
1884 1200 2070 1266 cuique

496 1304 625 1356 opus
656 1300 766 1342 erat
790 1289 877 1342 ³³⁸.
913 1290 1047 1344 Cum
1079 1290 1224 1343 enim
1266 1289 1607 1353 mendicitas,
1647 1288 1829 1342 multis
1876 1301 2095 1342 necesv

495 1379 762 1434 Sariorum
796 1396 949 1435 usum
1007 1382 1413 1447 excedentibus,
1447 1382 1828 1452 negotiationis
1851 1381 2069 1434 occasio

490 1471 585 1537 sit,
619 1482 671 1525 et
698 1474 945 1527 obscena:
988 1472 1276 1542 voluptatis
1320 1474 1594 1527 materia:
1644 1472 1952 1527 necessario
2001 1473 2070 1527 ab

494 1561 546 1616 is
589 1561 786 1632 quibus
834 1578 1127 1633 pauperum
1177 1580 1307 1619 cura
1355 1563 1669 1618 concredita
1726 1573 1869 1627 erat,
1916 1563 2069 1617 colli-

494 1654 762 1725 gebantur
812 1655 1073 1724 pecuniae,
1124 1663 1183 1709 ul
1233 1669 1301 1708 ex
1350 1654 1451 1708 boc
1494 1668 1635 1723 penu
1682 1654 1977 1721 prudenter
2004 1666 2069 1706 ac

493 1748 717 1818 provide
768 1760 865 1816 pro
899 1745 1166 1814 cujusque
1207 1745 1534 1800 necessitate
1583 1744 1891 1800 distributio
1917 1744 2069 1799 fleret

495 1840 948 1895 necessariorum.
996 1837 1456 1904 Quemadmodum
1495 1838 1639 1892 enim
1683 1837 2068 1907 aegrotantibus

494 1930 812 2001 plerumque
862 1930 1226 1985 necessarium
1258 1940 1341 1984 est
1376 1930 1561 1983 vinum
1581 1968 1597 1994 ,
1642 1944 1744 1983 nec
1776 1938 1955 1983 tamen
1984 1935 2070 1983 est

2175 745 2414 816 Πραξεσι
2464 743 2607 815 (Si),
2659 744 2781 797 τίνα
2834 745 3033 816 τρόπον
3082 741 3307 795 δυνατὸν
3360 740 3753 813 κατορθοῦσθαι

2171 837 2321 909 παρὰ
2363 836 2473 889 τῶν
2524 836 2907 907 ἐπιστημόνως
2948 834 3041 888 τὸν
3074 835 3173 905 τῆς
3219 833 3502 897 εὐσεϐείας
3556 834 3755 887 σκοπὸν

2170 929 2622 1001 ἐκπληρούντων·
2651 929 2819 983 Ὅσοι
2858 928 2988 998 γὰρ,
3022 927 3177 998 φησὶ,
3210 926 3497 995 κτήτορες
3526 926 3755 995 χωρίων

2170 1021 2209 1091 ἢ
2249 1022 2451 1077 οἰκιῶν
2481 1021 2779 1091 ὑπῆρχον,
2808 1020 3157 1087 πωλοῦντες
3191 1019 3409 1089 ἔφερον
3440 1019 3548 1084 τὰς
3580 1018 3752 1087 τιμὰς

2170 1110 2289 1166 τῶν
2346 1109 2870 1181 πιπρασκομένων,
2932 1110 3030 1165 καὶ
3089 1110 3329 1163 ἐτίθουν
3381 1108 3543 1176 παρὰ
3610 1106 3754 1177 τοὺς

2170 1203 2360 1269 πόδας
2385 1203 2505 1257 τῶν
2523 1205 2900 1258 ἀποστόλων.
2926 1201 3222 1256 Διεδίδοτο
3245 1200 3313 1254 δὲ
3331 1200 3585 1265 ἑκάστῳ,
3617 1203 3751 1255 καθ-

2169 1294 2259 1348 ότι
2287 1292 2365 1346 ἆν
2398 1311 2487 1360 τις
2518 1294 2729 1361 χρείαν
2750 1290 2931 1363 εἶχεν.
2969 1291 3187 1363 Ἐπειδὴ
3226 1291 3334 1363 γὰρ
3377 1291 3563 1345 πολλοὶ
3592 1293 3753 1364 ὑπερ.

2171 1384 2448 1448 σαίνοντες
2483 1384 2583 1455 τὴν
2620 1386 2815 1455 χρῆσιν
2848 1384 2956 1439 τῶν
2986 1386 3324 1453 ἀναγκαίων,
3366 1384 3621 1455 ἀφορμὴν
3652 1386 3753 1455 ἐμ-

2170 1478 2365 1549 πορίας
2393 1478 2487 1531 καὶ
2520 1477 2775 1531 ὑπόθεσιν
2813 1477 3026 1548 τρυφῆς
3052 1475 3315 1545 ἀσελγοῦς
3347 1475 3624 1529 ποιοῦνται
3652 1479 3753 1546 τὴν

2169 1567 2408 1637 αἴτησιν,
2454 1567 2768 1635 ἀναγκαίως
2802 1567 2952 1637 παρὰ
3001 1570 3116 1630 τοῖς
3146 1568 3245 1638 τὴν
3287 1567 3605 1637 ἐπιμέλειαν
3644 1568 3751 1623 τῶν

2169 1658 2401 1727 πτωχῶν
2438 1658 2889 1728 πεπιστευμένοις
2916 1660 2947 1729 ή
2980 1660 3279 1729 συγκομιδὴ
3313 1658 3422 1710 τῶν
3451 1659 3748 1729 χρημάτων

2168 1748 2397 1818 ἐγίνετο,
2436 1748 2576 1802 ὥστε
2609 1749 2817 1802 ἐκεῖθεν
2849 1750 3228 1821 ἐπιστημόνως
3260 1750 3353 1802 καὶ
3393 1751 3748 1821 οἰκονομικῶς

2169 1843 2288 1903 ταῖς
2327 1840 2557 1893 ἑκάστου
2594 1839 2806 1911 χρείαις
2845 1840 2943 1911 τὴν
2989 1840 3250 1911 διανομὴν
3282 1840 3390 1893 τῶν
3436 1842 3748 1910 ἀναγκαίων

2170 1929 2435 1999 γίνεσθαι.
2469 1931 2679 2001 Ὥσπερ
2719 1929 2827 2001 γὰρ
2867 1930 2959 1983 ἐπὶ
2999 1930 3107 1984 τῶν
3135 1931 3558 2004 ἀρρωστούντων
3592 1934 3747 2002 χρεία

493 2022 731 2094 cujusvis
783 2033 1013 2091 tempus,
1074 2037 1401 2084 mensuram,
1432 2032 1487 2076 et
1530 2020 1848 2092 qualitatem
1878 2022 2066 2077 decer-

2171 2023 2269 2093 μέν
2304 2021 2563 2086 πολλάκις
2602 2022 2768 2087 οἴνου,
2808 2023 2924 2077 ἀλλ’
2952 2023 3012 2076 οὐ
3044 2024 3244 2087 παντός
3278 2026 3393 2077 ἐστι
3426 2024 3619 2095 καιροῦ
3656 2029 3747 2080 καὶ

495 2132 652 2180 nere;
700 2124 756 2169 at
790 2115 996 2169 medico
1025 2116 1089 2169 ad
1129 2114 1537 2183 praefiniendum
1583 2114 1692 2169 vini
1718 2124 1903 2184 potum
1931 2128 2066 2184 opus

493 2217 616 2262 est:
643 2207 717 2261 ita
756 2216 903 2262 certe
935 2215 990 2261 et
1019 2207 1353 2275 dispensatio
1381 2221 1501 2276 qua:
1531 2207 1597 2260 ad
1631 2222 1923 2277 egenorum
1945 2221 2069 2275 per-

493 2299 628 2354 tinet
664 2314 870 2361 curam,
912 2313 1016 2352 non
1073 2298 1141 2353 ab
1188 2298 1438 2353 omnibus
1484 2308 1661 2368 potest
1693 2299 1895 2353 utiliter
1924 2300 2064 2354 lleri.

493 2390 594 2457 Qui
637 2391 779 2445 enim
823 2389 1066 2460 lugubria
1122 2390 1360 2445 carmina
1409 2390 1475 2443 ad
1521 2390 1868 2446 mulierculas
1917 2392 2066 2446 deci—

493 2481 719 2550 piendus
751 2488 1115 2550 componunt,
1169 2487 1224 2534 et
1273 2479 1456 2533 mutila
1496 2481 1741 2549 corporis
1798 2480 2063 2547 membra,

495 2587 559 2627 ac
616 2573 796 2627 ulcera
861 2574 927 2627 ad
990 2581 1229 2643 quaestus
1278 2572 1629 2627 occasionem
1686 2572 2063 2627 inveniendam

494 2674 804 2727 omentum,
856 2664 923 2718 iis
973 2662 1180 2735 largum
1236 2673 1292 2718 et
1318 2663 1541 2719 liberale
1589 2663 1888 2719 subsidium
1922 2664 2064 2719 nulla

500 2758 708 2813 ratione
762 2756 1099 2826 profuturum
1150 2765 1253 2810 est.
1293 2754 1425 2809 Nam
1478 2756 1702 2826 largitas
1758 2756 1889 2825 ipsis
1950 2774 2065 2811 uta-

498 2849 627 2906 iitia:
662 2850 767 2906 erit
806 2851 1021 2904 occasio
1050 2856 1105 2902 et
1156 2850 1403 2903 materia.
1452 2846 1654 2902 Horum
1688 2859 1865 2903 tamen
1906 2849 2067 2903 latra-

498 2954 585 3000 tus
642 2944 848 2997 modica
901 2941 1216 3012 erogatioue
1266 2941 1534 2995 arcendus
1577 2948 1700 2994 est:
1744 2940 1837 2994 sed
1875 2942 1965 3010 qui
2012 2941 2064 2994 in

493 3037 661 3102 viros,
703 3034 793 3104 qui
849 3049 933 3087 res
978 3034 1232 3088 adversas
1273 3033 1545 3102 patienter
1584 3031 1825 3101 perferre
1861 3033 2067 3087 didice-

496 3138 647 3191 runt,
677 3126 1100 3182 misericordiam
1124 3136 1178 3179 et
1204 3124 1499 3179 fraternam
1527 3124 1850 3180 cbaritatem
1881 3134 2066 3179 osten-

496 3220 693 3283 derint,
750 3218 816 3272 iis
862 3227 1142 3286 propterea
1189 3217 1444 3271 dicetur:
1482 3214 1696 3271 Esurivi
1750 3227 1796 3270 et
1845 3217 2066 3271 dedistis

495 3313 625 3365 mihi
678 3308 1073 3375 manducare“;
1114 3317 1169 3364 et
1222 3323 1340 3377 quae
1376 3318 1695 3379 sequuntur.
1749 3306 1819 3362 Et
1872 3309 2063 3363 volenti

2176 2114 2376 2185 μέτρου
2424 2116 2517 2168 καὶ
2568 2117 2857 2185 ποιότητος
2901 2116 3443 2187 καταστοχάσασθαιο
3486 2117 3646 2189 χρεία
3689 2119 3748 2172 δέ

2175 2203 2360 2277 ίατροῦ
2408 2205 2545 2277 πρὸς
2580 2207 2679 2278 τὴν
2729 2207 2874 2260 δόσιν
2917 2207 3010 2261 τοῦ
3060 2209 3237 2262 οῖνου·
3293 2208 3435 2262 οῦτω
3465 2209 3529 2282 δὴ
3585 2209 3679 2263 καὶ
3711 2214 3745 2282 η

2173 2298 2300 2369 περὶ
2326 2299 2425 2370 τὴν
2457 2298 2751 2372 θεραπείαν
2777 2300 2885 2354 τῶν
2908 2300 3176 2371 δεομένων
3203 2300 3483 2371 οἰκονομία
3506 2302 3567 2355 οὺ
3598 2300 3751 2373 παρὰ

2172 2390 2391 2443 πάντων
2437 2390 2730 2463 ὠφελίμως
2780 2390 3121 2463 ἐνεργεῖσθαι
3169 2390 3411 2447 δύναται.
3459 2393 3588 2456 Τοῖς
3638 2394 3749 2464 γὰρ

2171 2479 2234 2551 δὴ
2265 2478 2333 2533 τὰ
2376 2479 2621 2553 θρηνώδη
2669 2481 2803 2553 μέλη
2850 2482 2982 2552 πρὸς
3012 2482 3113 2554 τὴν
3140 2482 3248 2537 τῶν
3289 2483 3562 2551 γυναικῶν
3604 2483 3749 2535 άπά-

2171 2589 2271 2643 την
2307 2573 2618 2637 συντιθεῖσι,
2648 2575 2742 2628 καὶ
2773 2575 2842 2627 τὰ
2874 2573 3181 2646 πηρὼματα
3209 2574 3301 2628 τοῦ
3343 2574 3616 2645 σώματος,
3654 2575 3749 2628 καὶ

2171 2663 2240 2717 τὰ
2274 2663 2406 2735 ἐλκη
2450 2666 2585 2738 πρὸς
2629 2666 2897 2738 ἐμπορίας
2935 2666 3190 2738 ἀφορμὴν
3238 2667 3568 2740 προτιθεῖσιν
3611 2667 3747 2737 (22),

2172 2757 2232 2809 οὐ
2292 2756 2509 2823 πάντως
2552 2758 2612 2811 τὸ
2667 2758 2889 2829 δαψιλὲς
2942 2759 3043 2829 τῆς
3106 2759 3383 2823 διακονίας
3449 2759 3745 2829 ὠφέλιμον.

2185 2849 2430 2921 Ἀφορμὴ
2460 2850 2567 2922 γὰρ
2602 2852 2785 2916 αὐτοῖς
2815 2854 2895 2915 είς
2933 2852 3133 2907 κακίαν
3171 2853 3204 2924 ἡ
3251 2852 3481 2924 χορηγία
3525 2853 3751 2922 γενήσε-

2172 2959 2281 2999 ται.
2322 2942 2480 2998 Ἀλλὰ
2514 2946 2686 3015 μικρᾷ
2716 2944 2859 2997 δόσει
2882 2944 2987 3017 χρὴ
3011 2945 3110 3014 τὴν
3137 2945 3241 2999 τῶν
3266 2946 3521 2999 τοιούτων
3544 2942 3747 3015 ὑλακὴν

2172 3035 2538 3100 ἀπωθεῖσθαι,
2576 3037 2635 3090 τὸ
2684 3036 2741 3089 δέ
2794 3036 3075 3109 συμπαθὲς
3122 3037 3217 3091 καὶ
3260 3037 3577 3107 φιλάδελφον
3626 3038 3750 3089 ἐπι-

2171 3125 2555 3196 δεικνυμένους
2589 3126 2722 3198 (εδ),
2754 3127 2813 3180 ἐν
2844 3130 2956 3192 τοῖς
2991 3128 3109 3199 μεθ’
3133 3129 3409 3199 ὑπομονῆς
3440 3128 3536 3199 τὴν
3566 3129 3749 3202 θλίψιν

2173 3218 2363 3290 φέρειν
2405 3218 2835 3290 δεδιδαγμένοιςο
2863 3221 3003 3293 ὑπὲρ
3045 3214 3120 3275 ὧν
3154 3222 3249 3276 καὶ⁹
3287 3220 3609 3293 λεχθήσεται
3648 3227 3749 3279 αὐ·-

2172 3311 2305 3372 τοῖς,
2341 3309 2424 3362 ὅτι
2468 3310 2805 3372 Ἐπε’νασα,
2839 3311 2934 3364 καὶ
2966 3308 3224 3365 ἐδώκατέ
3246 3329 3346 3379 μοι
3378 3312 3612 3381 φαγεῖν,
3654 3332 3751 3368 και

496 3402 731 3454 mutuari
776 3415 808 3452 a
859 3411 939 3463 te,
975 3413 1037 3450 ne
1069 3400 1321 3452 avertaris
1344 3398 1410 3455 ".
1452 3402 1628 3468 Atque
1674 3399 1777 3453 hoc
1815 3399 2065 3468 praecepti

2170 3400 2237 3455 τὰ
2282 3401 2427 3472 ἑξῆς.
2466 3401 2575 3456 Καὶ
2605 3402 2722 3455 ἀπὸ
2757 3401 2862 3456 τοῦ
2896 3402 3179 3467 θέλοντος
3212 3401 3631 3471 δανείσασθαι,
3660 3405 3748 3474 μὴ

495 3492 764 3548 consentit
796 3507 916 3547 cum
953 3491 1242 3562 prioribus.
1276 3490 1418 3545 Nam
1445 3502 1500 3547 et
1529 3492 1620 3561 qui
1654 3491 1741 3546 bie
1766 3490 1920 3560 petit,
1944 3505 2066 3544 cum

497 3595 700 3650 pauper
724 3581 815 3645 sit,
849 3596 876 3634 a
913 3591 963 3635 te
989 3591 1230 3634 mutuum
1272 3582 1423 3651 petit,
1455 3582 1843 3636 iubabitantem
1878 3583 1928 3634 in
1952 3594 2068 3636 caa-

496 3670 565 3725 lis
594 3672 812 3725 divitem
850 3671 946 3725 tibi
984 3671 1319 3728 ostendens:
1361 3671 1453 3743 qui
1487 3688 1584 3742 pro
1625 3672 1739 3743 ipso
1767 3672 1861 3726 tibi
1891 3671 2069 3727 exsol-

496 3770 585 3816 vet
624 3761 883 3818 debitum.
922 3760 1025 3828 Qui
1069 3765 1232 3825 enim,
1280 3765 1471 3833 inquit,
1494 3765 1771 3818 miseretur
1800 3765 2064 3833 pauperis,

498 3851 606 3908 Deo
645 3855 947 3921 to'nerat“.
974 3855 1246 3910 leorum
1286 3867 1465 3910 autem
1492 3871 1713 3925 regnum
1751 3856 1945 3925 pignus
1983 3864 2067 3911 est

496 3948 668 4003 mutui
712 3959 764 4002 et
807 3948 1003 4005 cautio.
1052 3949 1203 4015 Quod
1258 3949 1462 4003 utinam
1496 3963 1685 4003 omnes
1724 3964 1823 4003 nos
1873 3964 2069 4004 conse-

495 4056 756 4111 quamur,
806 4042 977 4111 gratia
1033 4051 1090 4097 et
1128 4042 1455 4112 benignitate
1486 4039 1695 4096 Domini
1725 4041 1891 4095 nostri
1938 4039 2065 4096 Jesu

496 4131 735 4194 Christi.
784 4148 906 4187 cum
948 4150 1055 4203 quo
1101 4133 1247 4187 Patri
1311 4142 1367 4187 et
1408 4131 1633 4201 Spiritui
1676 4142 1864 4188 sancto
1897 4132 2064 4201 gloria

493 4234 549 4280 et
590 4226 874 4296 imperium
900 4224 953 4279 in
988 4224 1181 4279 saecula
1210 4224 1561 4279 smeulorum!
1588 4226 1777 4279 Amen.

968 4557 1273 4613 EIUSDEM
1304 4556 1585 4613 HOMILIA

495 4650 562 4707 In
596 4662 795 4722 partem
833 4649 1021 4721 psalmi
1067 4649 1253 4704 decimi
1304 4649 1499 4718 quarti,
1546 4658 1593 4703 et
1631 4660 1813 4703 contra
1842 4648 2070 4718 {tenera-

1197 4730 1356 4773 tores.

566 4814 617 4868 l.
650 4811 771 4867 lleri
795 4826 916 4869 cum
944 4812 1011 4869 de
1048 4812 1255 4883 psalmo
1293 4811 1502 4866 decimo
1533 4818 1727 4882 quarto
1763 4823 2064 4864 sermonem

2174 3490 2587 3561 ἀποστραφῇς.
2613 3493 2721 3546 Καὶ
2754 3492 2910 3546 τοῦτο
2937 3492 2997 3546 τὸ
3028 3493 3394 3564 παράγγελμα
3431 3494 3613 3565 ἔχεται
3640 3498 3751 3551 τῶν

2174 3584 2473 3654 προτέρων.
2519 3584 2630 3637 Καὶ
2672 3583 2782 3655 γὰρ
2821 3584 2916 3637 καὶ
2960 3586 2989 3637 ὁ
3030 3583 3264 3638 ἐνταῦθα
3308 3585 3493 3648 αἰτῶν.
3538 3589 3750 3657 πτωχὸς

2172 3672 2267 3737 ὣν,
2302 3674 2507 3727 δάνειον
2548 3677 2690 3729 αἰτεῖ
2723 3675 2872 3747 παρὰ
2903 3674 3020 3741 σοῦ,
3063 3675 3277 3739 δεικνύς
3316 3692 3396 3729 σοι
3437 3675 3525 3730 τὸν
3566 3679 3623 3730 ἐν
3655 3679 3750 3731 οὒ-

2174 3768 2357 3837 ρανοῖς
2386 3765 2658 3832 πλούσιον,
2688 3767 2971 3822 διαλύοντα
3004 3784 3085 3821 σοι
3115 3768 3253 3839 ὑπὲρ
3276 3767 3440 3821 αὐτοῦ
3477 3769 3538 3823 τὸ
3567 3770 3746 3840 χρέος.

2184 3856 2238 3909 ’0
2274 3856 2384 3928 γὰρ
2412 3855 2623 3920 ἐλεῶν,
2658 3857 2814 3926 φησὶ,
2841 3858 3077 3927 πτωχὸν
3113 3855 3234 3921 Θεῷ
3266 3856 3531 3917 δανείζει.
3570 3859 3751 3929 Ἐχέτ-

2171 3962 2300 4015 γυον
2330 3947 2387 4000 δὲ
2430 3947 2526 4002 τοῦ
2584 3949 2837 4020 δάνουςή
2891 3948 3137 4018 βασιλεία
3171 3947 3280 4000 τῶν
3324 3948 3587 4019 οὐρανῶν.
3638 3944 3747 4015 Ἦς

2167 4040 2376 4109 γένοιτο
2407 4041 2519 4112 (24)
2560 4043 2767 4105 πάντας
2796 4044 2945 4113 ἡμᾶς
2983 4041 3278 4112 ἀξιωθῆναι
3309 4040 3490 4112 χάριτι
3530 4042 3627 4095 καὶ
3664 4061 3750 4111 φι-

2167 4132 2483 4206 λανθρωπίᾳ
2523 4133 2618 4187 τοῦ
2663 4135 2869 4206 Κυρίου
2912 4134 3066 4205 ἡμῶν
3104 4131 3279 4203 Ἰησοῦ
3323 4132 3579 4206 Χριστοῦ,
3624 4132 3746 4203 μεθ’

2166 4218 2229 4279 οῦ
2253 4226 2331 4297 τῷ
2357 4227 2529 4297 Πατρὶ
2554 4225 2646 4279 καὶ
2670 4227 2810 4297 ἁγίῳ
2829 4225 3107 4297 Πνεῦματι
3135 4227 3168 4295 ἠ
3191 4224 3317 4289 δόξα
3344 4225 3437 4278 καὶ
3461 4224 3523 4278 τὸ
3545 4226 3747 4298 κράτος

2166 4319 2246 4381 είς
2268 4320 2395 4378 τοὺς
2422 4318 2628 4380 αἱῶνασ
2650 4318 2758 4371 τῶν
2787 4317 3019 4373 αἰώνων.
3057 4319 3247 4389 ’Δμήν.

3403 4478 3731 4491 ψ

2344 4558 2481 4611 ΤΟΥ
2517 4558 2749 4610 ΑΥΤΟΥ
2777 4558 3017 4611 ΟΜΙΛΙΑ
3056 4556 3164 4609 ΕΙΣ
3193 4557 3421 4610 ΜΕΡΟΣ
3452 4555 3563 4626 (25)

2166 4647 2827 4716 τεσσαρεσκαιδεκάτου
2868 4647 3136 4717 ψαλμοῦ,
3174 4645 3272 4699 καὶ
3309 4648 3458 4701 κατὰ
3481 4644 3747 4707 τοκιζόν-

2883 4735 3020 4774 των.

2242 4812 2293 4865 l.
2337 4810 2476 4874 Χθές
2513 4812 2592 4874 είς
2632 4811 2723 4863 τὸν
2757 4810 3343 4882 τεσσαρεσκαιδέκατον
3369 4809 3581 4880 ψαλμὸν
3613 4810 3744 4879 ὑμῖν

495 4908 636 4979 apud
693 4923 788 4962 vus
844 4907 1190 4970 haberemus,
1237 4907 1399 4958 linem
1446 4903 1708 4959 orationis
1754 4918 1857 4956 non
1908 4902 2060 4957 licuit

2170 4901 2555 4973 διαλεγόμενοι,
2581 4900 2853 4967 ἐξικέσθαι
2890 4901 3026 4973 πρὸς
3050 4902 3109 4955 τὸ
3142 4901 3313 4973 πέρας
3331 4901 3424 4955 τοῦ
3456 4901 3613 4970 λόγου
3638 4899 3745 4955 ὐπὸ

562 5044 630 5074 ⁸⁸⁸
668 5048 784 5098 Aet.
820 5059 893 5108 tv,
921 5042 1011 5107 34,
1043 5042 1134 5096 55.
1209 5042 1257 5074 ’δ
1287 5040 1478 5096 Matth.
1514 5056 1641 5107 xxv,
1675 5039 1764 5095 '55.
1841 5039 2064 5094 "Matth

2170 5080 2179 5103 ,
2208 5040 2298 5095 42.
2378 5041 2425 5073 ’⁸
2455 5040 2612 5095 Prov.
2645 5056 2758 5107 tm,
2794 5041 2880 5097 l7.

586 5198 677 5257 ει)
706 5199 879 5252 Etlitin
899 5198 1068 5251 Paris.
1088 5196 1327 5268 Πράξεσι
1359 5196 1465 5248 τῶν
1492 5194 1822 5268 ἀποστόλων.
1862 5193 1967 5247 Sed
1998 5195 2059 5268 il-

2170 5194 2784 5268 1(§A_ﬁpo?éPQJ._lbiti¢ln
2832 5195 2883 5248 in
2938 5192 3207 5262 aliquibus
3238 5208 3374 5268 mss.
3398 5193 3509 5246 Καὶ
3534 5193 3643 5263 γὰρ
3688 5195 3737 5245 ὁ.

492 5266 605 5334 Iud,
628 5271 735 5325 τῶν
766 5268 1097 5329 ἀποστόλων,
1139 5266 1379 5331 nequein
1415 5281 1541 5319 mss.
1578 5266 1792 5334 legitur,
1814 5280 1984 5333 neque
2011 5266 2060 5317 in

492 5343 728 5397 editione
765 5339 925 5390 Basil.
966 5338 1161 5391 Ibidem
1196 5337 1321 5390 ctlili
1364 5353 1482 5389 cum
1527 5335 1711 5402 majori
1746 5346 1896 5403 parte
1933 5350 2063 5388 mss.

491 5410 859 5482 κατωρθοῦτο.
888 5408 1033 5482 R‘egji
1053 5411 1329 5482 secundus
1352 5417 1405 5460 et
1431 5407 1616 5482 tertius
1635 5420 1683 5457 et
1708 5405 1858 5459 Colb.
1881 5417 2067 5482 seruus

488 5475 713 5534 δυνατὸν
744 5477 1157 5550 κατορθοῦσθαι.
1194 5478 1387 5530 Statim
1438 5477 1589 5550 Coll).
1630 5487 1862 5550 quartus
1908 5475 2067 5550 ὑπερ-

488 5493 713 5534 δυνατον
744 5493 1157 5550 κατορθοῦσθαι.
1194 5493 1387 5530 atatim
1438 5493 1589 5531 LOII).
1635 5493 1862 5543 quartus
1908 5493 2065 5598 υπεέσ

469 5553 891 5614 ἀναὸαίνοντες.
929 5550 1164 5602 Subinde
1204 5550 1329 5599 editi
1368 5546 1594 5617 πτωχῶν
1626 5546 2006 5616 ἐμπεπιστευμ
2050 5575 2065 5587 ο

492 5638 622 5683 νοις.
651 5630 720 5675 At
741 5637 871 5676 mss.
912 5617 1382 5687 πεπιστευμένοις.

565 5691 675 5759 (22)
722 5691 945 5745 Codices
990 5690 1077 5741 alii
1127 5686 1476 5758 προτιθεῖσιν,
1524 5687 1612 5741 alii
1669 5686 2057 5760 προστιθεῖσιν.

493 5761 614 5815 Mox
646 5762 810 5815 editio
843 5762 1009 5814 l‘arts.
1036 5760 1373 5831 γεννήσεται,
1405 5773 1510 5831 non
1545 5768 1707 5813 recte.
1758 5762 1764 5771 '

564 5832 674 5897 (23)
727 5831 856 5897 Reg.
911 5828 1194 5883 secundus
1228 5839 1281 5881 et
1322 5828 1475 5881 (λιιι).
1533 5840 1713 5882 sextus
1756 5829 2057 5881 ἐπιδεικνυ-

496 5902 701 5971 μένοις.
734 5900 887 5971 Golb.
914 5898 1611 5971 εθριίιιιυεαέπιδείκνυσθαι.
1635 5899 1893 5971 Atczetetj
1929 5913 2056 5971 mss.

494 5967 615 6024 cum
666 5969 823 6023 editis
875 5968 1367 6039 ἐπιδεικνυμένους.
1399 5971 1682 6040 Aliquanto
1712 5980 1832 6039 post
1865 5969 1993 6037 Reg.
2024 5967 2057 6020 5

2242 5262 2351 5335 (24)
2387 5262 2509 5327 Illa,
2550 5262 2617 5338 ἦς
2652 5266 2880 5333 γένοιτο,
2912 5275 2963 5318 et
2988 5276 3202 5323 caztera,
3244 5263 3309 5338 ad
3348 5264 3505 5338 linem
3546 5262 3738 5338 usque,

2170 5346 2263 5389 aut
2290 5338 2480 5390 desunt
2506 5335 2727 5390 omnino
2759 5338 2808 5388 in
2855 5350 3007 5397 mss.,
3044 5344 3134 5388 aut
3172 5336 3320 5387 varie
3352 5337 3403 5387 in
3444 5335 3611 5387 variis
3643 5349 3740 5387 cn-

2171 5406 2381 5460 dieibus
2416 5406 2703 5476 leguntur:
2742 5416 2795 5457 ut
2843 5405 3061 5459 dubium
3104 5420 3206 5459 non
3244 5405 3335 5468 sit,
3384 5406 3513 5472 quin
3547 5420 3608 5457 ea
3641 5419 3741 5458 suo

2171 5477 2400 5546 quisque
2423 5477 2685 5529 arbitratu
2718 5476 3014 5541 scripserit.

2245 5546 2357 5616 (ὶῦ)
2385 5546 2475 5599 Sic
2518 5547 2651 5616 Reg.
2678 5546 2899 5613 primus.
2932 5546 3033 5616 Alii
3059 5544 3173 5616 duo
3202 5544 3574 5616 mss._ltabent
3602 5556 3741 5616 quo-

2166 5612 2268 5687 que
2293 5617 2373 5679 εἰς
2401 5612 2753 5687 μέροςτΕάἰιί
2775 5617 2867 5687 Δείς
2896 5613 2966 5667 τὰ
2988 5613 3240 5687 λείποντα
3266 5612 3363 5667 τοῦ
3393 5614 3556 5667 αὑτοῦ
3597 5613 3742 5687 ψαλ-

2168 5683 2291 5757 μοῦ,
2313 5754 2320 5757 Α
2342 5683 2434 5757 καὶ
2475 5683 2623 5757 ’κατὰ
2649 5683 2987 5748 τοκιζόντων.
3030 5685 3170 5740 Oliv.
3208 5695 3261 5740 et
3293 5686 3443 5757 (ζου).
3477 5686 3741 5757 septimus

2163 5754 2243 5819 εἰς
2267 5754 2337 5808 τὰ
2366 5756 2678 5826 λειπόμενα.
2714 5758 2883 5809 Aliter
2911 5760 2961 5808 itt
2996 5757 3113 5808 aliis
3146 5771 3277 5809 mss.
3303 5756 3483 5826 titulus
3518 5754 3735 5826 legitur.

2164 5827 2381 5881 Monere
2400 5823 2571 5889 juvat.
2596 5828 2923 5878 mentionem
2947 5841 3202 5893 perquam
3235 5823 3589 5880 bonorillcatn
3617 5823 3736 5876 lieri

2168 5898 2325 5965 bnjus
2355 5896 2585 5949 ltomilite
2619 5913 2646 5948 a
2675 5894 2938 5965 Gregorio
2965 5894 3203 5966 Nysseno
3236 5896 3491 5954 Oratione
3542 5904 3737 5950 contra

2165 5971 2461 6034 usurat'ios,
2504 5978 2633 6021 tom.
2676 5966 2737 6031 ll,
2764 5981 2883 6038 pag.
2912 5965 3036 6021 215.
