4008 6402
334 333 445 389 265
506 367 513 371 -

1502 340 1783 397 HOMILIA
1806 343 1856 398 ll
1881 343 1951 398 IN
1992 342 2321 401 PSALMUM
2359 341 2497 397 XIV.

3492 342 3596 398 E96

336 458 437 527 τῆς
464 456 610 525 ὥρας
645 457 745 511 οὑκ
783 458 1195 531 ὲπετράπημεν,
1243 461 1357 515 Νῦν
1384 463 1441 517 δὲ
1474 465 1681 535 ἥκομεν
1722 464 1908 533 εὐγνώ-

2026 468 2180 521 nobis
2229 482 2324 536 per
2374 477 2587 536 tempus
2617 466 2908 535 attingere.
2937 463 3093 521 Nunc
3118 473 3297 522 autem
3340 466 3519 521 adsun
3535 485 3595 525 us

340 567 502 621 μονες
516 549 787 619 ὀφειλέται
818 550 888 603 τὰ
917 553 1051 623 χρέα
1083 554 1189 607 τῶν
1222 554 1607 625 ὲλλειφθέντων
1631 558 1759 628 ὑμῖν
1788 559 1922 612 ἀπο-

335 641 632 704 τιννὺντες.
658 642 815 695 Ἔστι
834 642 967 696 δὲτὸ
994 644 1312 715 λειπόμενον
1339 646 1513 717 βραχὺ
1545 648 1643 717 μὲν
1664 647 1725 701 τὸ
1757 648 1922 703 ἀκοῦ-

338 750 451 795 σαι,
478 733 617 787 ὥστε
648 735 848 788 οὑτωσὶ
880 737 1049 802 δόξαι,
1082 739 1174 791 καὶ
1200 737 1330 802 ἴσως
1359 742 1484 803 τοὺς
1513 741 1740 805 πολλοὺς
1767 742 1920 811 ὑμῶν

334 825 431 876 καὶ
464 824 789 894 παρέλαθεν,
826 825 902 890 ὼς
942 829 1077 898 μηδὲ
1112 830 1538 901 παραλελεῖφθαι
1584 849 1634 885 τι
1668 832 1760 885 τοὺ
1781 833 1918 902 ψαλ-

338 915 443 986 μοῦ
468 916 807 988 νομισθῆναι·
853 920 1096 992 μεγάλην
1149 923 1332 993 μέντοι
1385 924 1521 995 πρὸς
1554 924 1621 978 τά
1646 925 1738 978 τοῦ
1799 926 1915 995 βίου

332 1009 635 1084 πράγματα
666 1010 893 1083 δύναμιν
931 1014 1074 1084 ἔχειν
1107 1014 1204 1087 τὴν
1239 1015 1494 1088 βραχεῖαν
1523 1017 1726 1088 ταύτην
1773 1018 1917 1084 λέξιν

333 1100 761 1172 καταμαθόντες,
792 1106 891 1158 οὑκ
919 1105 1180 1177 ᾠήθημεν
1205 1108 1314 1162 δεῖν
1356 1113 1609 1180 παρεῖναι
1636 1112 1697 1163 τὸ
1727 1112 1791 1165 ὲκ
1815 1112 1915 1182 τῆς

332 1192 634 1258 ἐξετάσεως
662 1197 953 1267 χρήσιμον.
998 1199 1361 1272 ’Υπογράφων
1403 1201 1482 1272 τῷ
1527 1201 1669 1272 λόγῳ
1701 1204 1791 1256 τὸν
1827 1205 1915 1256 τέ-

331 1282 477 1337 λειον
503 1283 531 1334 6
565 1286 874 1358 Προφήτης,
904 1288 995 1341 τὸν
1023 1289 1121 1358 τῆς
1155 1291 1455 1344 ἀσαλεύτου
1485 1291 1629 1363 ζωῆς
1654 1292 1911 1363 ἐπιδήσε-

334 1377 460 1432 σοαι
497 1378 775 1449 μέλλοντα,
806 1381 863 1432 ὲν
894 1382 1008 1443 τοῖς
1050 1382 1530 1454 ἀνδραγαθήμασιν
1563 1385 1913 1456 άπηρίθμησε

330 1470 395 1522 τὸ
428 1469 690 1541 ἀργύριον
724 1470 888 1524 αὑτοῦ
935 1473 1027 1525 ἐπὶ
1058 1473 1201 1544 τόκῳ
1246 1474 1320 1545 μὴ
1383 1474 1585 1528 δοῦναι.
1638 1476 1912 1548 Πολλαχοῦ

328 1562 431 1631 τῆς
475 1563 697 1632 Γραφῆς
747 1561 1163 1635 διαϐέϐληταιὴ
1220 1565 1463 1636 ἁμαρτία
1516 1566 1677 1638 αὕτη.
1732 1569 1798 1621 ’Ὀ
1852 1584 1911 1621 τε

330 1651 440 1722 γάρ
490 1650 745 1723 Ἰεζεκιὴλ
789 1655 845 1705 ἐν
874 1656 987 1716 τοῖς
1035 1653 1309 1723 μεγίστοις
1339 1654 1448 1707 τῶν
1483 1656 1669 1710 κακῶν
1704 1658 1912 1712 τίθεται

327 1745 488 1796 τόκον
510 1743 694 1796 λαϐεῖν
725 1745 817 1797 καὶ
841 1743 1200 1814 πλεονασμὸν,
1238 1747 1332 1799 καὶ
1373 1748 1401 1799 6
1426 1748 1587 1817 νόμος
1618 1748 1911 1821 διαρρήδην

2022 560 2173 629 probi
2190 558 2485 619 debitores,
2526 556 2706 613 debita
2738 572 2859 627 qua:
2892 566 3201 625 supersunt,
3232 558 3387 613 vobis
3411 574 3593 625 perso-

2021 650 2206 705 lutnri.
2241 650 2390 717 Quod
2411 658 2586 704 autem
2620 658 2809 711 restat,
2841 648 3028 702 auditu
3053 648 3269 718 quidem
3303 650 3465 705 breve
3488 660 3591 713 est,

2020 759 2081 802 ut
2108 748 2355 802 videtur:
2390 756 2443 801 et
2461 746 2707 800 fortassis
2739 744 2936 798 multos
2984 754 3220 798 vestrum
3251 744 3592 809 latuit;adeo

2009 852 2075 895 ut
2112 856 2177 896 ne
2207 841 2455 895 relictum
2489 839 2705 907 quidem
2745 837 2913 891 fuisse
2942 836 3233 904 quidquam
3266 835 3332 889 de
3360 850 3425 889 eo
3454 835 3593 904 psal-

2021 950 2107 985 mo
2145 932 2695 1002 putarint.'Attameu
2736 945 2858 983 cum
2902 929 3326 996 intelligeremus
3368 929 3587 984 brevem

2020 1025 2159 1078 banc
2191 1024 2479 1077 dictionem
2518 1021 2584 1076 ad
2619 1036 2705 1075 res
2731 1020 2855 1075 vitae
2901 1020 3126 1074 nmltum
3160 1020 3356 1085 valere,
3384 1020 3589 1077 emolu-

2018 1125 2255 1168 mentum
2286 1114 2428 1182 quod
2454 1129 2519 1166 ex
2563 1112 2909 1180 inquisitione
2934 1123 2986 1164 et
3009 1112 3381 1181 explanatione
3405 1126 3589 1167 acces-

2015 1222 2201 1258 Sorum
2257 1205 2357 1265 his,
2418 1221 2521 1258 non
2572 1205 2824 1258 duximus
2876 1202 3271 1272 negligentiam.
3317 1201 3586 1271 Propheta

2014 1299 2156 1350 enim
2183 1298 2267 1350 his
2306 1297 2483 1351 verbis
2520 1296 2813 1365 perfectum
2857 1296 3057 1357 virmu,
3096 1296 3184 1363 qui
3218 1295 3285 1349 ad
3327 1294 3583 1348 immuta-

2017 1390 2175 1442 bilem
2205 1390 2367 1442 vitam
2390 1403 2715 1441 ascensurus
2746 1396 2882 1450 erat,
2916 1386 3242 1447 deScribens,
3282 1386 3420 1439 inter
3449 1399 3586 1453 prm-

2013 1482 2157 1536 clara
2192 1478 2308 1547 ejus
2336 1478 2570 1532 facinora
2600 1479 2730 1532 illud
2774 1477 3099 1534 numeravit.
3133 1477 3275 1546 quod
3300 1477 3583 1545 pecuniam

2014 1590 2163 1629 Suam
2204 1590 2306 1628 non
2347 1575 2492 1628 dedit
2527 1572 2742 1626 faenori.
2779 1570 2890 1625 Hoc
2929 1580 3208 1639 peccatum
3244 1570 3297 1623 iu
3335 1570 3582 1639 plurimis

2014 1667 2308 1733 Scriptura:
2347 1664 2478 1717 locis
2518 1664 2872 1732 vituperatur.
2910 1661 3040 1714 Nam
3070 1661 3313 1715 Ezechiel
3351 1662 3393 1694 '7
3445 1661 3494 1715 id
3527 1661 3581 1716 in

2015 1756 2265 1810 maximis
2292 1756 2445 1809 malis
2464 1762 2728 1819 recenset,
2759 1753 2804 1805 si
2843 1751 3036 1811 fienus.
3073 1763 3123 1805 et
3154 1752 3580 1819 quidpiamultra

328 1836 688 1907 ἀπαγορεύει’
716 1839 838 1891 Οὐκ
866 1836 1152 1904 ἐκτοκιεῖς
1175 1836 1255 1903 τῷ
1276 1816 1514 1908 ἀδελφῷ
1552 1859 1667 1895 σου
1834 1816 1908 1909 τῷ

2015 1856 2215 1901 sortem
2245 1846 2545 1915 accipiatur
2594 1844 2731 1910 Quin
2763 1853 2819 1898 et
2848 1842 2930 1896 lex
2962 1841 3089 1895 illud
3129 1841 3426 1896 luculenter
3456 1857 3583 1911 pro-

328 1930 599 1996 πλησίον
614 1944 751 1982 σου.
773 1928 883 1981 Καὶ
900 1928 1062 1981 πάλιν
1092 1930 1245 2000 φησί·
1274 1932 1458 1996 donec
1479 1933 1589 2002 (26)
1616 1934 1713 1987 ἐπὶ
1731 1934 1908 2001 δόλῳ,

326 2022 427 2074 καί
463 2022 633 2087 τόκος
664 2021 762 2074 ἐπὶ
810 2021 978 2085 τόκῳ.
1032 2022 1142 2074 Καὶ
1191 2023 1319 2093 περὶ
1360 2023 1566 2088 πόλεως
1609 2026 1666 2079 δὲ
1711 2027 1809 2097 τῆς
1853 2030 1910 2081 ἐν

325 2114 521 2185 πλήθει
549 2115 734 2166 κακῶν
763 2113 1162 2184 εὑθηνουμένης
1188 2117 1216 2166 6
1235 2114 1446 2185 ψαλμὸς
1473 2116 1525 2169 τί
1561 2134 1757 2187 φησιν;
1790 2120 1910 2173 οὐκ

326 2206 607 2271 ἐξέλιπεν
621 2206 689 2259 ἐκ
722 2204 840 2259 τῶν
857 2205 1153 2259 πλατειῶν
1173 2205 1364 2275 αὐτῆς
1380 2209 1556 2274 τόκος
1584 2209 1682 2262 καί
1708 2209 1905 2277 δόλος.

329 2298 435 2352 Καὶ
466 2298 562 2351 νῦν
590 2299 1087 2370 χαρακτηριστικὸν
1109 2299 1206 2369 τῆς
1226 2299 1366 2352 κατὰ
1389 2300 1479 2353 τὸν
1509 2301 1791 2374 ἄνθρωπον
1824 2322 1910 2357 τε-

326 2392 597 2455 λειώσεως
626 2391 686 2443 τὸ
716 2391 847 2444 αὑτὸ
874 2390 1031 2445 τοῦτο
1054 2390 1395 2462 παρείληφεν
1422 2394 1451 2445 6
1476 2394 1791 2466 Προφήτης,
1819 2395 1908 2449 λέ-

336 2499 457 2552 γιον·
518 2483 588 2536 Τὸ
622 2483 906 2551 ἀργύριον
956 2481 1141 2535 αὑτοῦ
1176 2484 1286 2535 οὐκ
1320 2482 1545 2537 ἔδωκεν
1590 2486 1688 2539 ἐπὶ
1732 2489 1905 2555 τόκῳ.

324 2574 415 2644 Τῷ
442 2574 555 2627 ὄντι
584 2574 693 2645 γάρ
745 2572 1136 2644 ἀπανθρωπίας
1186 2574 1490 2646 ὑπερϐολὴν
1532 2576 1644 2646 ἔχει
1683 2579 1776 2631 τὸν
1808 2580 1908 2651 μὲν

326 2667 433 2719 τῶν
479 2666 793 2735 ἀναγκαίων
836 2664 1030 2728 ἐνδεῶς
1060 2664 1252 2734 ἔχοντα
1304 2665 1489 2737 ζητεῖν
1530 2668 1796 2741 δάνεισμα
1827 2674 1906 2736 είς

326 2757 678 2829 παραμυθίαν
708 2756 801 2809 τοῦ
839 2757 977 2826 βίου,
1011 2756 1101 2809 τὸν
1124 2756 1180 2809 δὲ
1212 2757 1285 2829 μὴ
1316 2760 1601 2830 ἀρκεῖσθαι
1627 2762 1706 2831 τῷ
1734 2781 1906 2833 κεφα-

326 2850 480 2920 λαίῳ,
530 2850 643 2903 ἀλλ’
672 2850 906 2902 ἐπινοεῖν
956 2850 1019 2903 ὲκ
1052 2850 1162 2903 τῶν
1193 2850 1488 2923 συμφορῶν
1535 2854 1627 2907 τοῦ
1675 2857 1907 2927 πένητος

325 2943 619 3014 προσόδους
649 2940 825 3011 ἐαυτῷ
853 2942 948 2995 καὶ
984 2943 1245 3012 εὐπορίας
1283 2946 1555 3013 συνάγειν.
1599 2947 1656 3000 Ὀ
1687 2949 1784 3018 μὲν
1812 2948 1907 3003 οὖν

326 3036 531 3107 Κύριος
561 3035 805 3105 ἐναργῶς
829 3037 957 3105 ἡμῖν
974 3034 1276 3099 διετάξατο,
1304 3035 1475 3105 λέγων
1500 3038 1633 3109 (27)·
1668 3041 1777 3093 Καὶ
1802 3040 1908 3095 τὸν

2014 1940 2160 1993 hibet
2192 1958 2207 1994 :
2242 1937 2361 1992 Non
2396 1937 2673 2007 fmmrubis
2698 1936 2855 2005 fratri
2898 1946 3009 1999 tuo,
3040 1947 3088 1990 et
3121 1937 3358 2001 ptoa'imo
3388 1947 3476 1989 tuo
3512 1934 3577 1990 ⁸⁸.

2013 2032 2078 2086 Et
2105 2045 2292 2085 rursus
2326 2030 2397 2084 ait
2431 2044 2446 2083 :
2485 2029 2649 2083 Dolus
2688 2044 2845 2095 super
2891 2026 3091 2088 dolum,
3139 2036 3187 2080 et
3232 2043 3392 2080 usura
3425 2041 3583 2094 super

2011 2138 2227 2175 usuram
2265 2122 2331 2174 ”.
2383 2121 2447 2174 Et
2501 2121 2567 2172 de
2601 2119 2821 2173 civitate
2868 2134 2987 2187 qum
3038 2117 3192 2173 bo‘uis
3223 2118 3275 2171 iu
3319 2116 3580 2171 malorum

2013 2212 2352 2265 multitudine
2381 2210 2643 2274 :tﬂlueret,
2671 2210 2798 2278 quid
2836 2208 3075 2273 psalmus
3108 2208 3268 2262 dicit?
3296 2207 3415 2262 Non
3435 2209 3580 2277 defe-

2010 2304 2079 2355 cit
2096 2303 2158 2354 de
2187 2301 2372 2369 plateis
2400 2302 2511 2371 ejus
2533 2317 2696 2354 usura
2721 2312 2765 2354 et
2784 2300 2935 2353 dolus
2962 2299 3027 2353 ³⁰.
3065 2300 3128 2353 Ει
3146 2316 3291 2355 nunc
3313 2299 3576 2368 Propheta

2010 2393 2239 2462 idipsum
2282 2402 2537 2461 tanquam
2569 2394 2811 2447 humanae
2834 2392 3181 2462 perfectionis
3206 2392 3575 2446 characterem

2010 2500 2073 2539 ac
2107 2485 2318 2555 signum
2351 2485 2650 2554 usurpavit,
2678 2485 2863 2539 dicens
2891 2499 2904 2535 :
2949 2482 3137 2551 (VBRS.
3193 2483 3248 2553 5)
3296 2482 3577 2538 Pecuniam

2008 2593 2159 2630 suam
2182 2593 2283 2629 non
2313 2576 2458 2629 dedit
2488 2576 2557 2628 ad
2593 2592 2828 2630 usuram.
2851 2575 2965 2633 Non
2995 2576 3170 2642 reipsa
3189 2589 3442 2644 perquam
3465 2590 3580 2627 ma-

2009 2670 2151 2721 xima
2171 2677 2257 2721 est
2289 2668 2673 2733 inhumanitas,
2710 2668 2857 2721 illum
2889 2666 3105 2736 quidem
3127 2666 3216 2735 qui
3251 2667 3581 2721 necessario-

2011 2775 2128 2811 rum
2167 2760 2386 2827 indiget,
2423 2771 2665 2813 tnntnum
2704 2761 2769 2813 ad
2807 2760 2929 2813 vitae
2958 2759 3258 2813 subsidium
3312 2774 3578 2827 querere.

2008 2852 2151 2906 hunc
2204 2868 2331 2906 vero
2371 2865 2518 2906 sorte
2558 2861 2871 2907 Contentum
2912 2868 3018 2905 non
3050 2866 3189 2915 esse,
3236 2852 3329 2907 sed
3360 2852 3463 2907 sibi
3510 2866 3577 2904 ex

2008 2946 2259 3016 pauperis
2292 2946 2688 2999 calamitatibus
2720 2953 3011 3012 proventus
3046 2944 3377 3013 excogitare,
3416 2956 3577 3011 opes-

2008 3050 2113 3104 que
2139 3035 2411 3104 colligere.
2435 3035 2576 3089 Sane
2604 3034 2862 3088 Dominus
2891 3037 3003 3103 ipse
3045 3034 3199 3088 nobis
3228 3035 3404 3104 palam
3435 3048 3577 3103 pra-

325 3130 581 3184 οέλοντα
606 3130 724 3183 ἀπὸ
755 3128 872 3183 σοῦ
907 3128 1301 3184 δανείσασθαι
1327 3129 1413 3200 μὴ
1435 3131 1853 3202 ἀποστραφῇς·
1877 3137 1905 3190 6

2010 3128 2169 3195 cepit,
2205 3128 2394 3181 ἀίουιιδ
2436 3145 2449 3181 :
2484 3124 2549 3179 Et
2591 3127 2779 3180 volenti
2817 3129 3048 3179 mutuari
3089 3144 3121 3180 a
3154 3137 3222 3190 te,
3272 3142 3333 3180 ue
3372 3135 3577 3180 averta-

325 3221 382 3276 δὲ
417 3222 770 3292 φιλάργυρος,
797 3221 937 3292 ὁρῶν
972 3221 1076 3274 ὑπὸ
1105 3221 1204 3292 τῆς
1234 3224 1480 3295 ἀνάγκης
1523 3225 1690 3298 ἄνδρα
1741 3246 1908 3282 κατα-

326 3317 714 3386 καμπτόμενον
772 3316 877 3387 πρὸ
915 3315 1022 3368 τῶν
1068 3315 1311 3383 γονάτων
1360 3318 1689 3383 ίκετεὺοντα,
1750 3320 1801 3374 τί
1845 3321 1905 3374 οὑ

325 3407 583 3462 ποιοῦντα
636 3406 921 3470 ταπεινόν;
985 3406 1037 3458 τί
1072 3406 1131 3459 οὑ
1192 3406 1590 3478 φθεγγόμενον;
1635 3411 1733 3463 οὑκ
1769 3409 1909 3463 ἐλεεῖ

326 3502 456 3572 παρ’
484 3500 639 3565 ἀξίαν
689 3500 997 3569 πράττοντα
1032 3497 1167 3567 (⁵⁸28),
1191 3499 1251 3550 οὑ
1281 3497 1552 3566 λογίζεται
1579 3502 1678 3573 τὴν
1724 3501 1905 3569 φύσιν,

324 3595 425 3647 οὑκ
450 3593 689 3645 ἐνδίδωσι
716 3594 835 3654 ταῖς
866 3590 1117 3652 ἱκεσίαις,
1159 3590 1276 3645 ἀλλ’
1308 3593 1596 3661 ἄκαμπτος
1625 3594 1716 3645 καὶ
1752 3593 1908 3664 ἀμεί-

324 3686 507 3748 λικτος
551 3686 801 3755 ἕστηκεν,
836 3685 896 3736 οὑ
932 3687 1047 3746 ταῖς
1082 3685 1331 3755 δεήσεσιν
1363 3685 1546 3749 εἴκων,
1597 3686 1656 3738 οὑ
1709 3686 1909 3757 δάκρυ-

324 3796 410 3833 σιν
444 3776 839 3848 ὲπικλὼμενος,
890 3776 1163 3846 ἐπιμένων
1200 3779 1264 3846 τῇ
1322 3778 1566 3847 ἀρνήσει,
1611 3778 1910 3848 ὲξομνὺμε-

323 3888 414 3933 νος
447 3870 539 3923 καὶ
587 3867 941 3939 ἐπαρώμενος
983 3867 1181 3938 ἐαυτῷ,
1226 3864 1260 3938 ἦ
1300 3868 1404 3939 μὴν
1428 3869 1654 3940 ἀπορεῖν
1712 3888 1908 3925 παντε-

323 3962 433 4024 λῶς
458 3962 778 4033 χρημάτων,
814 3963 906 4013 καὶ
946 3964 1299 4031 περισκοπεῖν
1332 3962 1426 4014 καὶ
1476 3962 1638 4024 αὑτὸς
1681 3962 1734 4015 εἴ
1788 3981 1909 4017 τινα

324 4051 475 4122 εὖροι
503 4053 609 4104 τῶν
634 4049 999 4114 δανειζόντων,
1028 4052 1120 4103 καὶ
1143 4052 1499 4122 πιστούμενος
1521 4052 1581 4104 τὸ
1606 4052 1798 4121 ψεῦδος
1819 4054 1908 4108 διὰ

323 4142 432 4194 τῶν
462 4143 659 4212 ὅρκων,
698 4142 863 4194 κακὸν
897 4143 1335 4213 παρεμπόρευμα
1374 4143 1471 4211 τῆς
1514 4144 1908 4214 ἀπανθρωπίας

323 4231 421 4299 τὴν
442 4232 721 4302 ἐπιορκίαν
754 4232 1192 4303 προσκτώμενος.
1234 4232 1481 4286 Ἐπειδὰν
1505 4233 1560 4285 δὲ
1589 4236 1616 4286 6
1648 4234 1825 4304 ζητῶν
1848 4236 1909 4289 τὸ

324 4323 532 4377 δάνειον
570 4325 743 4377 τόκων
777 4325 1011 4395 μνησθῇ,
1048 4326 1142 4377 καὶ
1173 4325 1451 4395 ὑποθήκας
1488 4325 1752 4397 ὀνομάσῃ,
1784 4327 1905 4380 τότε

324 4416 645 4470 καταϐαλὼν
694 4416 792 4487 τὴν
834 4416 1005 4488 ὀφρὺν
1058 4418 1497 4489 προσεμειδίασε,
1544 4418 1637 4469 καί
1671 4435 1771 4470 που
1811 4420 1905 4473 καὶ

2009 3221 2081 3273 ris
2109 3220 2175 3275 ⁸¹.
2206 3220 2415 3273 Avarus
2444 3226 2643 3280 autem,
2674 3232 2795 3271 cum
2839 3218 3109 3271 liciniuem
3152 3218 3295 3271 videt
3340 3232 3448 3286 pra:
3480 3231 3587 3272 ne-‘

2007 3314 2261 3368 cessitate
2283 3312 2510 3379 genibus
2550 3313 2895 3380 provolutum
2938 3325 3001 3363 ac
3033 3311 3350 3378 supplicem,
3384 3310 3577 3377 ecquid

2009 3420 2115 3458 non
2150 3404 2436 3459 facientem
2477 3404 2621 3472 quod
2660 3400 2932 3469 abiectum
2966 3404 3036 3457 sit
3063 3419 3127 3457 ac
3156 3403 3396 3458 humile?
3448 3404 3579 3473 quid

2009 3513 2114 3550 non
2132 3496 2473 3565 loquentem?
2501 3495 2615 3562 eius
2638 3496 2725 3563 qui
2743 3505 2937 3561 prmter
2962 3497 3205 3549 meritum
3227 3496 3449 3548 adversa
3470 3495 3582 3549 for-

2009 3598 2134 3642 tuna
2161 3589 2347 3650 utitur,
2376 3604 2717 3656 nequaquam
2752 3590 3061 3649 miseretur,
3096 3588 3241 3641 nullo
3275 3588 3392 3642 loco
3417 3586 3578 3644 habet

2009 3692 2281 3743 naturam,
2308 3699 2411 3736 non
2446 3681 2699 3750 precibus
2724 3691 2988 3743 movetur,
3009 3681 3102 3733 sed
3125 3677 3432 3733 inﬂexibilis
3448 3689 3575 3744 stat,

2009 3786 2061 3828 ct
2090 3775 2470 3843 implacabilis:
2504 3789 2608 3827 non
2639 3774 2781 3826 cedit
2818 3772 3309 3841 deprecationibus,
3331 3772 3580 3841 lacrymis

2007 3883 2114 3920 non
2155 3866 2439 3935 frangitur,
2472 3875 2883 3935 perseveranter
2925 3853 3106 3933 negat.
3139 3864 3314 3925 Jurat.
3367 3880 3430 3917 ac
3474 3864 3579 3919 sibi

2010 3960 2147 4013 male
2193 3975 2440 4027 precans,
2478 3958 2705 4012 allirmat
2740 3973 2926 4013 carere
2965 3975 3024 4013 se
3067 3961 3289 4027 pecunia
3334 3959 3576 4020 otnuino.

2006 4066 2234 4120 seseque
2257 4053 2826 4122 circumspiceremnm
2850 4068 3008 4121 quem
3036 4052 3145 4120 ipse
3165 4065 3375 4120 quoque
3405 4049 3581 4106 foene-

2008 4152 2241 4197 ratorem
2294 4143 2553 4206 inveniat,
2603 4159 2666 4198 ac
2711 4144 2867 4197 ﬁdem
2911 4144 3113 4198 faciens
3161 4144 3440 4197 mendacio
3486 4159 3581 4212 per

2003 4234 2331 4303 iuramenta,
2365 4234 2658 4303 periurium
2692 4251 2788 4289 ceu
2816 4236 3014 4288 malum
3039 4236 3322 4304 quemdam
3346 4234 3505 4303 108
3528 4243 3581 4288 et

2008 4328 2361 4382 adventitium
2395 4327 2805 4381 inhumanitatis
2835 4335 3097 4395 quzestnm
3149 4326 3401 4391 acquirit.
3472 4323 3577 4378 Sed

2009 4418 2098 4471 ubi
2129 4418 2217 4486 qui
2272 4424 2514 4470 mutumu
2546 4418 2759 4484 qumril,
2804 4417 3047 4469 tueminit
3090 4416 3332 4477 faenoris,
3382 4424 3435 4466 et
3486 4429 3582 4467 no-

324 4510 585 4582 πατρῴας
632 4509 812 4579 φιλίας
858 4510 1172 4581 ἀνεμνήσθη
1222 4510 1354 4581 (‘29),
1401 4512 1493 4564 καὶ
1533 4514 1738 4584 συνήθη
1785 4509 1905 4566 εἶπε

2013 4526 2132 4562 men
2195 4508 2436 4579 pignoris
2497 4509 2753 4577 protulit,
2814 4518 2938 4560 tunc
2992 4508 3225 4562 tletnisso
3292 4504 3582 4575 supercilio

324 4603 418 4653 καὶ
471 4601 652 4669 φίλον·
696 4602 809 4663 καὶ,
868 4600 1160 4671 ’οψόμεθα,
1223 4603 1407 4671 φησὶν.
1461 4603 1613 4655 εἵπου
1655 4604 1706 4656 τί
1756 4606 1903 4657 ἐστιν

322 4696 456 4765 ἡμῖν
484 4694 841 4763 ἀποκείμενον
871 4691 1149 4764 ἀργύριον.
1181 4695 1336 4746 Ἔστι
1370 4693 1426 4746 δὲ
1467 4694 1903 4767 παρακαταθήκη

2010 4601 2273 4667 subridet,
2311 4610 2471 4669 atque
2508 4610 2745 4671 pateram
2795 4601 3049 4653 amicitia:
3104 4600 3322 4653 refricat
3380 4613 3579 4652 memo-

2013 4695 2169 4759 riam,
2204 4709 2268 4749 ac
2308 4692 2627 4747 familiarem
2674 4703 2729 4746 et
2777 4694 3009 4746 amicum
3054 4693 3321 4761 appellat;
3367 4705 3442 4761 et,
3493 4690 3579 4743 Vi-

396 4850 439 4881 "
481 4847 677 4905 Ezech.
715 4864 848 4913 χιιι,
886 4847 973 4905 12.
1049 4850 1094 4880 ’⁸
1135 4850 1285 4903 Deut.
1326 4866 1480 4910 xxm.
1536 4850 1619 4905 l9.
1697 4852 1742 4884 ’θ
1782 4849 1890 4904 Jer.

2034 4849 2087 4904 6.
2167 4850 2211 4882 ³ο
2246 4849 2383 4905 Psal.
2425 4865 2530 4912 LIV,
2567 4850 2650 4903 12.
2730 4848 2769 4880 ³¹
2802 4847 2988 4902 Matth.
3024 4864 3077 4909 v,
3108 4848 3198 4903 Ω.

396 5008 508 5080 (26)
543 5011 673 5071 Reg.
710 5011 980 5064 secundus
1002 5025 1123 5080 cum
1153 5024 1308 5062 sacro
1333 5020 1477 5065 textu
1508 5009 1666 5073 τόκος
1698 5010 1791 5062 ἐπὶ
1814 5010 1897 5063 τό-

323 5079 428 5149 κῳ,
458 5081 551 5133 καὶ
582 5081 733 5145 δόλος
758 5081 851 5133 ἐπὶ
884 5080 1038 5150 δόλῳ.
1082 5079 1303 5150 Factum
1338 5081 1387 5132 id
1417 5090 1546 5147 puto
1584 5083 1656 5150 ab
1692 5080 1894 5148 aliquo,

325 5148 416 5215 qui
450 5151 623 5205 locum
665 5155 942 5220 prophetae
971 5148 1039 5203 ob
1069 5149 1254 5205 oculos
1300 5151 1545 5213 haberet,
1582 5148 1749 5205 lieere
1794 5151 1895 5204 sibi

325 5231 497 5283 ratus,
539 5222 786 5276 ordinem
827 5224 1113 5274 verborum
1149 5220 1331 5273 Basilii
1382 5232 1610 5286 mutare,
1642 5236 1708 5274 ne
1741 5220 1899 5274 aliter

327 5294 380 5344 in
417 5292 634 5353 Basilio,
664 5292 819 5346 aliter
852 5293 903 5344 iu
944 5292 1199 5359 propheta
1238 5290 1521 5361 legeretur.

400 5361 511 5431 (27)
549 5361 640 5416 Sic
684 5364 850 5417 editio
901 5362 1059 5413 Basil.
1095 5369 1147 5431 et
1183 5360 1312 5416 mss.
1360 5360 1537 5413 Editio
1589 5376 1717 5412 vero
1748 5360 1901 5431 Pari-

327 5430 521 5486 siensis
549 5433 769 5488 uberius
797 5431 1075 5495 διετάξατο
1107 5430 1298 5497 λέγων·
1326 5431 1416 5501 Τῷ
1439 5431 1675 5485 αἰτοῦντί
1693 5448 1751 5483 σε
1788 5430 1895 5493 δὸς,

328 5503 422 5556 καὶ
447 5502 558 5567 τόν,
587 5513 690 5557 etc.
725 5502 830 5557 Sed
852 5503 961 5563 illa,
1002 5501 1079 5570 τῷ
1112 5501 1349 5555 αἰτοῦντί
1388 5518 1447 5554 σε
1486 5502 1593 5565 δός,
1628 5503 1752 5554 huic
1785 5502 1899 5553 loco

331 5576 510 5639 inepte
534 5585 712 5627 assuta
740 5588 861 5627 esse
877 5583 1015 5639 patet
1051 5572 1131 5624 vel
1158 5588 1219 5623 ex
1240 5574 1351 5640 ipsa
1385 5575 1550 5625 veteri
1588 5575 1905 5641 interpreta-

330 5646 495 5714 tione,
529 5645 581 5697 in
613 5661 717 5714 qua
752 5645 866 5698 haec
919 5643 1006 5696 illa
1051 5644 1213 5696 verba
1280 5643 1471 5697 Latine
1529 5644 1735 5698 reddita
1794 5656 1897 5696 non

328 5712 495 5767 fuisse
526 5712 788 5769 videmus.

402 5784 517 5848 (28)
552 5783 729 5841 Editio
786 5785 956 5840 Paris.
1013 5786 1138 5856 παρ’
1174 5785 1327 5852 ἀξίαν
1362 5784 1543 5847 κακῶς
1571 5785 1893 5855 πράττοντα.

2002 5010 2108 5063 Sed
2158 5026 2258 5066 vox
2313 5009 2498 5072 κακῶς
2547 5010 2693 5061 deest
2748 5008 2886 5061 etin
2942 5016 3073 5060 mss.
3121 5008 3369 5062 omuilms
3412 5015 3465 5060 et
3527 5006 3579 5058 in

2001 5081 2238 5135 editione
2268 5082 2430 5135 Basil.
2473 5077 2818 5133 Arbitramur
2863 5087 3041 5130 autem
3077 5093 3194 5131 eam
3222 5093 3436 5140 vocem,
3480 5094 3579 5129 κα-

2001 5149 2132 5213 κῶς,
2158 5152 2385 5219 primum
2414 5151 2466 5203 in
2501 5148 2753 5219 margine,
2769 5149 2996 5219 positam
3039 5147 3232 5213 fuisse,
3257 5159 3313 5219 ut
3342 5161 3579 5219 monere:

2005 5231 2091 5273 tur
2123 5217 2305 5281 lector,
2345 5221 2495 5281 illud,
2538 5220 2668 5290 παρ’
2700 5218 2878 5282 ἀξίαν,
2905 5218 3068 5290 fidem
3102 5220 3190 5273 hic
3228 5217 3408 5290 valere
3436 5217 3577 5290 quod

2003 5291 2212 5355 κακῶς,
2262 5306 2325 5345 ac
2382 5288 2742 5356 postmodum,
2771 5289 2913 5358 quod
2945 5304 3051 5341 non
3095 5305 3215 5343 raro
3244 5288 3494 5354 contigit,
3524 5288 3576 5339 in

2006 5369 2211 5439 textum
2284 5361 2591 5439 irrepsisse;
2643 5360 2936 5439 Aliquanto
3006 5368 3296 5439 postpvox
3357 5358 3579 5439 χρημά-

2003 5448 2112 5484 των
2149 5433 2299 5485 deest
2340 5431 2390 5484 in
2440 5430 2622 5484 mttltis
2677 5446 2807 5482 mss.
2844 5429 3327 5494 Reperiturtamen
3359 5429 3410 5480 in
3445 5444 3578 5481 non-

2006 5502 2184 5556 nullis.
2222 5502 2336 5555 Mox
2379 5501 2528 5555 Coll).
2551 5509 2774 5565 quartus
2804 5499 3306 5570 προσκτησάμενος.
3343 5498 3578 5553 Subinde

2005 5573 2408 5642 Culbloctavus
2426 5570 2725 5642 ὑποθήκην.

2081 5638 2389 5723 Major
2421 5658 2547 5723 pars
2580 5638 2710 5723 mss:
2742 5642 3009 5723 ἐμνήσθη.
3037 5638 3185 5723 ῌιηιό
3208 5640 3363 5723 longe
3387 5638 3576 5723 legitur

2008 5712 2059 5766 iu
2092 5710 2247 5767 Colb.
2303 5710 2499 5777 quarto
2532 5713 2588 5763 ἐν
2644 5710 2793 5781 αὑτῷ
2827 5710 2950 5775 τοὺς
2978 5710 3211 5774 τόκους.
3260 5710 3400 5766 infra
3432 5710 3572 5764 idem

2007 5785 2168 5839 codex
2205 5781 2769 5855 αὑθαίρετονὲδέξατο.
