4008 6402
467 356 575 412 εδτ

1773 357 1828 414 S.
1877 358 1962 412 BA
1973 357 2126 414 SILI]
2162 355 2378 411 MAGNI

3618 358 3730 412 268

465 476 730 537 dabimus,
779 473 974 543 lttqult,
1024 475 1193 530 sicubi
1235 476 1530 546 quidquam
1579 481 1904 534 recondatur
1949 495 2034 532 ar-

2142 477 2297 546 φίλου
2347 474 2537 546 ἀνδρὸς
2570 474 2657 526 ἐπ’
2689 473 2921 546 ἐργασίᾳ
2959 475 3342 547 παραθεμὶιου
3376 479 3528 548 ἡμῖν.
3586 481 3729 534 vim:

464 566 608 636 genti
639 568 778 636 apud
809 582 926 620 nos.
955 566 1265 636 Depositum
1316 570 1502 638 utique
1556 570 1637 623 vir
1685 570 1891 625 amicus
1939 586 2038 622 no-

462 656 550 712 bis
599 667 840 725 quaestus
892 673 1020 727 ergo
1069 660 1425 714 concredidit.
1476 659 1672 716 Verum
1719 662 1805 716 ille
1850 678 2040 733 graves

465 765 659 804 usuras
720 760 918 805 mutue
961 752 1203 820 pecuniae
1252 755 1461 822 exigit:
1514 755 1605 808 sed
1651 770 1750 808 uos
1796 757 2040 824 profecto

464 842 664 911 aliqttid
696 843 1051 905 remittemus,
1079 853 1134 898 et
1164 844 1357 897 minori
1383 845 1559 898 daturi
1595 861 1779 899 sumus
1813 849 2034 900 l'aeuore.

466 913 615 988 Talia
672 933 1011 1002 contingens,
1078 933 1364 1003 verbisque
1428 936 1690 1002 ejusmodi
1759 937 2038 991 blanditus

466 1026 664 1080 misero
713 1042 776 1078 ac
825 1026 1183 1090 lenocinatus,
1227 1028 1314 1080 ubi
1366 1028 1514 1081 illum
1560 1030 1887 1098 syngraphis
1937 1031 2035 1082 ob-

463 1114 707 1175 strinxit,
758 1124 941 1182 atque,
986 1126 1181 1182 prreter
1221 1129 1500 1186 urgentem
1555 1118 1813 1184 inopiam,
1871 1117 2036 1171 liber-

466 1215 628 1260 ttem
670 1207 832 1261 etiam
881 1208 998 1262 viro
1042 1209 1285 1275 abstulit,
1328 1211 1458 1264 ahit.
1513 1211 1720 1264 Etenim
1771 1226 1894 1264 eum
1931 1211 2036 1264 fce-

464 1295 606 1354 ltori,
639 1293 726 1347 cui
758 1294 1016 1350 solvendo
1043 1311 1147 1348 non
1181 1308 1287 1362 est,
1325 1299 1618 1353 obnoxium
1666 1315 1726 1353 se
1767 1302 2034 1369 praestitit.

463 1382 848 1449 voluntariam,
875 1387 1052 1454 quoad
1089 1389 1254 1452 vivet,
1285 1390 1490 1457 recepit
1532 1390 1876 1444 servitutem.
1932 1391 2035 1447 Pe-

463 1475 676 1536 cunias.
706 1477 794 1530 dic
831 1477 988 1540 mihi,
1017 1488 1070 1531 et
1096 1492 1382 1547 quaastum,
1427 1483 1672 1549 exquiris
1715 1484 1783 1536 ab
1835 1484 2036 1552 inope?

460 1563 568 1620 Sed
595 1565 640 1618 si
669 1565 760 1620 ille
797 1575 849 1621 te
879 1569 1104 1623 reddere
1143 1571 1410 1637 potuisset
1457 1573 1736 1636 ditiorem,
1791 1573 1920 1642 quid
1968 1574 2032 1627 ad

463 1665 586 1710 tuas
621 1654 818 1725 januas
847 1658 1234 1726 quaesivisset?
1271 1661 1428 1714 Venit
1452 1661 1748 1716 subsidium
1786 1663 2034 1717 inventu-

463 1761 600 1801 rus:
641 1748 733 1802 sed
788 1748 998 1803 hostem
1050 1750 1272 1818 reperit.
1317 1750 1631 1805 Remedium
1681 1753 1806 1806 dum
1857 1755 2034 1820 requi-

2149 570 2355 630 ἐκεῖνος
2404 565 2502 636 μὲν
2545 564 2730 635 βαρεῖς
2780 566 2868 618 ἐπ’
2909 565 3056 637 αὐτῷ
3092 568 3217 630 τοὺς
3267 568 3455 633 τόκους
3494 570 3725 640 ὥρισεν·

2148 662 2311 730 ἡμεῖς
2348 658 2405 712 δὲ
2448 658 2662 720 πάντως
2707 659 3050 729 ὲπανήσομέν
3091 677 3164 722 τι,
3225 661 3318 714 καὶ
3357 663 3443 714 ἐπ’
3481 662 3728 717 ἐλάττοσι

2146 752 2257 812 τοῖς
2293 748 2473 809 τόκοις
2511 745 2773 816 δώσομεν.
2819 745 3053 800 Τοιαῦτα
3097 751 3727 818 κατασχηματιζόμενος,

2148 841 2242 894 καὶ
2288 837 2548 901 τοιούτοις
2590 837 2770 906 λόγοις
2823 837 3124 890 ὑποσαίνων
3185 840 3281 892 καὶ
3329 839 3594 904 δελεάζων
3632 842 3730 893 τὸν

2145 933 2348 995 ἄθλιον,
2421 930 2820 1002 γραμματείοις
2879 930 3040 982 αὐτὸν
3108 931 3577 1002 προσκαταδήσας,
3633 931 3730 987 καὶ

2149 1027 2284 1098 πρὸς
2319 1029 2382 1096 τῇ
2415 1022 2794 1093 καταπονούσῃ
2833 1023 2992 1093 πενίᾳ
3033 1022 3112 1076 ἔτι
3160 1024 3251 1075 καὶ
3293 1023 3391 1093 τὴν
3417 1022 3730 1093 ἐλευθερίαν

2146 1115 2239 1168 τοῦ
2287 1115 2482 1185 ἀνδρὸς
2528 1111 3022 1185 προσαφελόμενος,
3054 1111 3244 1182 ᾤχετο.
3291 1114 3348 1166 '0
3393 1116 3501 1184 γὰρ
3546 1115 3730 1176 τόκοις

2147 1208 2339 1261 ἑαυτὸν
2377 1206 2676 1262 ὑπεύθυνον
2720 1205 3087 1274 καταστήσας,
3127 1199 3202 1258 ὧν
3243 1205 3340 1276 τὴν
3379 1206 3584 1258 ἔκτισιν
3625 1206 3728 1275 οὐχ

2144 1295 2454 1365 ὑφίσταται,
2488 1295 2728 1348 δουλείαν
2762 1294 3082 1365 αὐθαίρετον
3111 1293 3430 1359 κατεδέξατο
3462 1295 3548 1346 διά
3580 1293 3722 1363 βίου.

2142 1388 2437 1458 Χρήματα,
2470 1388 2591 1440 είπέ
2617 1404 2728 1456 μοι,
2759 1387 2850 1444 καὶ
2880 1386 3080 1458 πόρους
3113 1385 3407 1457 ἐπιζητεῖς,
3449 1386 3600 1456 παρά
3628 1386 3725 1438 τοῦ

2141 1479 2508 1546 ἀπόρουςΚαὶ
2530 1481 2576 1531 εἰ
2610 1477 3006 1550 πλουσιώτερόν
3037 1496 3094 1532 σε
3125 1478 3442 1546 ἀποφαίνειν
3468 1479 3724 1548 ἠδύνατο,

2141 1573 2196 1624 τί
2223 1573 2405 1642 ἐζήτει
2437 1571 2587 1642 παρὰ
2613 1571 2710 1634 τὰς
2735 1569 2903 1642 θύρας
2931 1569 3028 1633 τὰς
3064 1571 3189 1634 σάς;
3235 1571 3357 1623 Ἑπὶ
3405 1572 3724 1641 συμμαχίαν

2141 1663 2330 1724 ἐλθὼν,
2378 1663 2636 1731 πολέμιον
2671 1656 2847 1732 εὗρεν.
2913 1661 3354 1732 Ἀλεξιφάρμακα
3391 1664 3720 1734 περιζητῶν,

2139 1755 2483 1826 δηλητηρίοις
2517 1754 2757 1822 ἐνέτυχε.
2795 1752 2923 1814 Δέον
2953 1753 3390 1822 παραμυθεῖσθαι
3414 1755 3506 1807 τοῦ
3531 1755 3726 1826 ἀνδρὸς

462 1848 628 1900 reret.
662 1839 714 1892 in
760 1854 1025 1894 venenum
1077 1842 1288 1894 incidit.
1331 1840 1574 1897 OlIicium
1629 1852 1774 1898 tuum
1829 1844 2023 1908 fuerat,

2141 1844 2226 1916 τὴν
2250 1844 2542 1913 πτωχείαν,
2573 1843 2638 1895 σὺ
2669 1842 2725 1894 δὲ
2757 1841 3213 1904 πολυπλασιάζεις
3244 1841 3341 1910 τὴν
3371 1840 3596 1904 ἔνδειαν,
3621 1843 3718 1894 ὲκ-

472 1931 573 1983 viri
600 1931 885 1986 sublevare
912 1933 1146 2002 inopiam
1175 1952 1188 1988 :
1221 1944 1275 1988 at
1326 1944 1379 1988 tu
1427 1935 1570 1990 illius
1609 1937 1844 2006 adauges
1884 1951 2039 2004 eges.

437 2031 654 2084 .tatem,
689 2023 925 2078 hominis
960 2025 1198 2080 destituti
1228 2025 1508 2082 laettltatcs
1543 2042 1794 2096 quaerens
1825 2028 2039 2082 exhaur

465 2115 592 2167 rire.
627 2111 802 2168 Veluti
833 2115 877 2170 si
909 2115 1030 2183 quis
1059 2117 1301 2171 medicus
1345 2127 1573 2186 a'grotos
1611 2118 1874 2182 invisens.
1911 2136 2034 2174 cum

465 2204 546 2257 eis
606 2204 828 2260 deberet
879 2207 1162 2261 restituere
1213 2209 1520 2272 sanitatem,
1569 2224 1599 2262 e
1641 2212 1914 2264 contrario
1956 2213 2035 2266 eis

465 2293 551 2348 vel
581 2296 806 2362 exiguas
855 2296 1050 2349 virium
1103 2297 1358 2367 reliquias
1403 2298 1710 2352 adimeret:
1760 2301 1840 2352 sic
1880 2307 1934 2353 et
1979 2310 2034 2354 tu

466 2387 785 2440 tniserorum
821 2388 1169 2442 calamitates
1208 2397 1443 2456 quaestus
1490 2391 1832 2444 occasionem
1878 2390 2031 2447 facis.

466 2478 536 2531 Et
569 2477 708 2533 sicut
738 2479 915 2534 coloni
950 2481 1016 2534 ad
1066 2481 1332 2535 seminum
1379 2481 1877 2550 multiplicationeut
1919 2484 2037 2537 ἱππ-ρ

465 2565 590 2623 hres
655 2581 930 2640 exoptant.
988 2572 1058 2625 ita
1117 2581 1172 2627 et
1224 2582 1277 2627 ιιι
1334 2583 1626 2642 θερειειοιη
1688 2584 1740 2628 et
1797 2575 2030 2642 inopiam

468 2658 741 2715 hominum
800 2674 976 2731 Optas,
1025 2664 1117 2716 tibi
1168 2673 1227 2717 ut
1265 2676 1587 2733 quaestuosae
1632 2667 1739 2718 sint
1768 2669 2028 2735 pecuniae.

460 2750 544 2812 An
579 2753 793 2822 ignoras
833 2754 1010 2809 facere
1053 2765 1103 2808 te
1139 2756 1506 2810 accessionem
1544 2757 1800 2824 majorem
1836 2774 2030 2827 pecca-

465 2842 557 2904 tis,
604 2858 764 2911 quam
810 2859 970 2913 epum
1011 2854 1096 2899 est
1141 2847 1533 2901 incrementum
1581 2849 1648 2901 de
1688 2848 1894 2903 [textore
1933 2865 2032 2904 exe

462 2938 802 3004 spectatura?
865 2937 929 2990 Et
983 2938 1201 3007 quidem
1263 2950 1546 3010 argentum
1589 2941 1642 2994 in
1706 2942 1884 2996 {muns
1942 2944 2030 3010 qui

462 3027 676 3096 quaerit,
705 3029 916 3084 consilii
958 3030 1112 3098 inops
1154 3030 1321 3085 haeret
1365 3033 1592 3088 medius.
1648 3032 1858 3087 Etenim
1907 3049 2028 3088 cum

464 3118 686 3187 respicit
733 3118 798 3172 ad
847 3127 1239 3188 paupertatem,
1293 3119 1360 3173 de
1413 3119 1684 3176 solutione
1735 3123 2024 3191 desperat:

2147 1933 2491 2004 καρποῦσθαι
2517 1931 2694 2002 ζητῶν
2727 1929 2826 2001 τὴν
2863 1931 3086 2000 ἔρημον,
3113 1931 3322 2000 Ὥσπερ
3348 1931 3456 2000 (50)
3476 1931 3542 1984 ἂν
3565 1933 3723 1994 εἴτις

2148 2031 2331 2103 ίατρὸς
2363 2035 2498 2103 πρὸς
2526 2032 2829 2101 κάμνοντας
2855 2031 3058 2091 εἰσιὼν,
3100 2029 3220 2083 ἀντὶ
3251 2026 3344 2079 τοῦ
3373 2025 3586 2093 ὑγίειαν
3619 2023 3723 2078 ad-

2142 2125 2253 2184 τοῖς
2296 2124 2680 2190 ἐπαναγαγεῖν,
2727 2122 2756 2173 ὁ
2788 2122 2846 2174 δὲ
2889 2121 2982 2174 καὶ
3013 2120 3074 2173 τὸ
3103 2119 3296 2188 μικρὸν
3329 2115 3578 2184 λείψανον
3618 2113 3726 2182 τῆς

2103 2227 2112 2254 ι
2141 2211 2420 2282 δυνάμεως
2452 2211 2878 2282 προσαφέλοιτο·
2904 2210 3049 2264 οὓτω
3088 2209 3180 2263 καὶ
3212 2209 3275 2262 σὺ
3309 2207 3406 2270 τὰς
3433 2203 3724 2276 συμφορὰς

2140 2302 2250 2356 τῶν
2297 2303 2496 2356 ἀθλίων
2548 2303 2800 2374 ἀφορμὴν
2853 2303 3034 2374 πόρων
3078 2303 3228 2371 ποιῇ.
3284 2300 3392 2352 Καὶ
3444 2298 3632 2366 ὥσπερ
3670 2299 3721 2349 οἱ

2141 2395 2374 2464 γεωργοὶ
2405 2395 2640 2465 ὄμϐρους
2673 2393 2921 2464 εὔχονται
2971 2395 3050 2454 είς
3082 2391 3564 2459 πολυπλασιασμὸν
3610 2389 3723 2447 τῶν

2141 2489 2500 2558 σπερμάτων,
2535 2487 2676 2541 οὕτω
2718 2488 2815 2541 καὶ
2869 2487 2932 2539 σὺ
2972 2486 3177 2548 ἐνδείας
3226 2485 3317 2537 καὶ
3363 2484 3594 2554 ἀπορίας
3625 2482 3722 2542 ἁν-

2140 2579 2370 2653 θρὼπων
2387 2579 2681 2649 ἐπιζητεῖς,
2705 2580 2791 2637 ἵνα,
2826 2595 2906 2636 σοι
2935 2577 3130 2648 ἐνεργά
3167 2577 3235 2630 τὰ
3267 2577 3524 2646 χρήματα
3555 2574 3719 2644 γένη-

2137 2689 2246 2724 ται.
2314 2672 2550 2739 Ἀγνοεῖς
2611 2670 2832 2724 πλείονα
2891 2668 3206 2740 προσθήκην
3261 2670 3376 2729 ταῖς
3420 2665 3718 2736 ἁμαρτίαις

2138 2757 2477 2828 ποιούμενος,
2512 2758 2544 2828 ἢ
2586 2757 2664 2828 τῷ
2693 2757 2906 2828 πλούτῳ
2948 2757 3047 2828 τὴν
3083 2755 3308 2824 αὔξησιν
3351 2755 3458 2808 ἀπὸ
3493 2753 3600 2808 τῶν
3633 2753 3718 2808 τό·

2094 2845 2115 2868 ⁸
2138 2868 2248 2903 κων
2280 2848 2544 2912 ὲπινοῶνς
2586 2849 2694 2900 Καὶ
2719 2848 2747 2899 ὁ
2773 2849 2868 2919 μὲν
2891 2849 3067 2920 ζητῶν
3099 2847 3158 2900 τὸ
3179 2847 3438 2917 δάνεισμα
3464 2845 3597 2915 (51),
3625 2845 3714 2914 μέν

2140 2958 2230 3004 σος
2255 2939 2560 3010 ἀμηχανίας
2591 2939 3017 3010 ἀπειλημμένος,
3052 2940 3179 3003 ὅταν
3203 2939 3299 3009 μὲν
3331 2937 3462 3007 πρὸς
3483 2936 3578 3006 τὴν
3614 2953 3714 2990 rus-

2138 3034 2254 3088 νίαν
2297 3034 2484 3105 ἀπίδῃ,
2521 3033 2884 3101 ἀπογινώσκει
2927 3032 3023 3103 τὴν
3065 3032 3290 3093 ἔκτισιν,
3325 3032 3449 3085 ὅταν
3488 3030 3543 3083 δὲ
3575 3029 3711 3100 πρὸς

2134 3125 2234 3194 τὴν
2258 3123 2535 3194 παροῦσαν
2568 3124 2836 3192 ἀνάγκην,
2871 3122 3182 3193 κατατολμᾷ
3210 3120 3304 3176 τοῦ
3331 3122 3707 3190 δανείσματος.

463 3224 586 3263 eum
615 3224 746 3265 vero
775 3220 1096 3279 praesentem
1127 3211 1434 3266 considerat
1463 3223 1778 3282 egestatem,
1826 3216 2032 3270 l'cenore

2141 3211 2270 3268 Εἶτα
2302 3217 2330 3267 ὁ
2361 3216 2460 3286 μὲν
2503 3213 2707 3285 ἡττήθη
2745 3212 3030 3282 ὑποκύψας
3066 3216 3132 3284 τῇ
3154 3213 3312 3284 χρείᾳ
3334 3229 3347 3242 ο
3386 3214 3414 3264 ό
3451 3211 3508 3263 δὲ
3540 3210 3713 3282 saep-

462 3301 746 3368 pecuniam
770 3303 956 3356 sumit.
988 3303 1188 3356 Deinde
1215 3303 1388 3357 altero
1420 3305 1588 3370 victo,
1612 3321 1676 3358 ac
1721 3307 2031 3361 necessitati

463 3393 714 3456 cedente,
751 3392 889 3447 alter
918 3394 1048 3460 abit,
1083 3393 1360 3449 schedulis
1384 3394 1838 3463 contionibusque
1887 3411 2034 3450 com-

463 3484 725 3544 munitus,

533 3574 588 3632 2.
629 3575 850 3642 Contra,
893 3585 1172 3644 argentum
1227 3576 1316 3645 qui
1364 3577 1592 3646 accepit,
1646 3579 1878 3647 primum
1918 3580 2034 3648 qui-

464 3667 587 3725 dem
659 3669 970 3738 splendidns
1046 3685 1109 3724 ac
1175 3669 1362 3723 hilaris
1418 3679 1532 3733 est,
1579 3678 1634 3723 et
1682 3671 1857 3725 alieno
1905 3671 2036 3727 ﬂore

464 3759 792 3821 oblectatus,
818 3758 1115 3813 mutatione
1144 3759 1265 3812 vitze
1297 3757 1626 3812 iuclarescit.
1670 3757 1839 3814 Lauta
1888 3761 2032 3813 enim

464 3862 650 3907 mensa
699 3858 801 3912 est,
853 3849 1017 3902 vestis
1062 3848 1371 3915 pretiosior,
1427 3847 1609 3900 famuli
1671 3849 2035 3917 splendidiore

465 3939 651 4000 habitu
687 3940 882 4006 induti,
921 3939 1252 4003 adulatores,
1295 3951 1666 4008 compotores;
1705 3942 1810 3996 fuci
1847 3941 2036 3995 domo-

466 4045 585 4090 rum
616 4031 904 4086 innumeri.
943 4032 1047 4086 Sed
1080 4049 1201 4086 cum
1233 4035 1432 4088 sensim
1485 4033 1733 4087 dillinnnt
1774 4036 2032 4102 pecuniae,

469 4133 785 4192 tempusque
825 4125 1172 4194 progrediens
1211 4141 1390 4181 secum
1438 4126 1616 4180 lamus
1655 4127 1894 4187 advehit.
1923 4137 2032 4181 tum

466 4214 517 4272 ei
552 4217 787 4286 requiem
828 4233 930 4271 non
985 4216 1216 4272 all'erunt
1267 4227 1469 4282 noctes,
1523 4236 1627 4274 non
1683 4219 1800 4272 dies
1847 4219 2034 4273 hilaris

464 4317 571 4369 est,
608 4324 714 4361 non
747 4309 826 4362 sol
876 4309 1169 4377 jucundns,
1209 4310 1300 4362 sed
1347 4327 1468 4364 eum
1514 4311 1632 4363 vita:
1679 4313 1856 4370 taedet.
1917 4313 2035 4367 Dies

464 4402 532 4459 ad
559 4402 908 4456 constitutum
941 4408 1152 4467 tempus
1179 4399 1496 4455 festinantes
1529 4403 1688 4457 habet
1715 4403 1861 4466 odio,
1889 4405 2031 4457 exti-

467 4493 661 4547 mest-it
715 4507 932 4546 menses
990 4504 1242 4559 tanquam
1294 4490 1518 4546 fmnoris
1575 4503 1842 4561 parentes.
1879 4496 2030 4563 Quod

466 4581 512 4634 si
550 4583 801 4642 dormiat,
832 4580 977 4633 videt
1007 4580 1384 4641 [initeratorem
1412 4582 1463 4634 in
1488 4584 1711 4646 somnis,
1742 4584 1880 4650 quod
1915 4599 2028 4635 ma-

464 4669 574 4737 lum
621 4675 889 4736 somnium
939 4681 1056 4735 est,
1104 4672 1266 4740 capiti
1315 4682 1578 4732 astantem
1624 4688 1640 4725 :
1687 4673 1729 4726 si
1780 4688 1906 4725 vero
1949 4673 2030 4725 vi-

463 4765 616 4834 gilet,
657 4769 860 4836 cogitat
899 4783 960 4820 ac
991 4768 1251 4826 sollicitus
1279 4774 1360 4818 est
1397 4767 1461 4817 de
1491 4764 1717 4827 imitore.
1766 4765 1900 4824 Dum
1934 4768 2031 4834 [ce-

562 5008 654 5079 50)
693 5011 847 5087 ςιξιι).
897 5023 1122 5087 quartus
1166 5015 1756 5087 Ὠσπεργάρὶιιιίιίοηι
1783 5031 1875 5070 sex
1909 5033 2041 5070 mss.

469 5095 589 5136 eum
641 5081 875 5134 editione
916 5081 1079 5155 Dasil.
1120 5101 1204 5155 τις
1243 5081 1654 5155 ἰατρῶν.’Βρςὶἰ
1690 5088 1956 5140 secundus
1989 5099 2042 5142 et

469 5161 696 5227 quartus
715 5165 840 5227 cum
864 5152 1099 5227 editione
1118 5153 1287 5227 Paris.
1308 5152 1394 5227 τις
1432 5155 1634 5227 ἱατρός.
1671 5155 1822 5208 Hand
1855 5158 2037 5223 procul

469 5219 852 5293 illa,oi3-:wxa.l.
884 5220 972 5283 σύ,
995 5223 1189 5293 desunt
1214 5226 1263 5277 in
1279 5226 1472 5278 editis:
1507 5219 1601 5278 sed
1623 5219 1960 5293 reperiuntur
1985 5228 2036 5279 in

470 5292 603 5356 Reg.
625 5293 823 5360 primo,
842 5293 969 5344 etin
994 5292 1142 5359 ttegii
1162 5297 1340 5362 quarti
1376 5299 1637 5364 margine,
1662 5300 1704 5348 si
1727 5312 1830 5348 non
1851 5301 2035 5349 eadem

472 5376 655 5435 manu,
688 5370 742 5413 at
778 5364 996 5432 antiqua
1038 5371 1237 5416 tamen.
1279 5364 1518 5420 Subinde
1545 5364 1676 5435 Reg.
1696 5365 1884 5420 tertius
1909 5367 2036 5429 τοὺς

467 5429 726 5554 ῑμϐἕους.
913 5429 925 5432 ’

545 5502 656 5576 (Α)
688 5501 821 5576 ﬁes.
853 5502 1048 5576 tertius
1073 5502 1252 5576 ζητῶν
1286 5504 1346 5557 τὸ
1371 5504 1600 5560 δάνειον.

545 5573 655 5640 (5‘2)
696 5572 806 5624 Vox
839 5572 1002 5625 αὐτόν
1031 5572 1287 5628 serihitnr
1325 5577 1375 5627 in
1427 5577 1663 5628 editione
1697 5573 1870 5630 Paris.
1925 5591 2044 5629 cum

471 5642 666 5715 spiritu
693 5657 925 5708 aspero;
965 5646 1013 5698 in
1040 5647 1275 5700 editione
1309 5662 1432 5697 vero
1465 5644 1627 5697 Basil.
1649 5646 1871 5715 perinde
1902 5661 1965 5699 ac
1994 5649 2042 5697 in

474 5712 715 5785 quinque
748 5727 880 5785 tnss.
903 5729 1024 5785 cum
1054 5716 1180 5772 leui.
1207 5717 1358 5781 Quod
1385 5717 1426 5770 si
1453 5712 1719 5785 quispiam
1751 5716 1876 5768 velit
1918 5718 2045 5769 scri-

472 5782 602 5849 here
634 5780 795 5840 αὐτόν
828 5797 948 5844 cum
981 5783 1108 5857 leni,
1147 5780 1375 5867 eamque
1417 5780 1602 5843 vocem
1641 5787 1708 5851 ad
1743 5787 2039 5844 debitorem

2136 3325 2310 3378 χεται,
2345 3306 2742 3380 γραμματείοις
2771 3306 2931 3362 αὑτὸν
2963 3305 3074 3375 ('59.)
3103 3306 3196 3360 καὶ
3229 3303 3509 3376 ὲχεγγύοις
3529 3304 3706 3371 ἀσφα-

2136 3399 2450 3469 λισάμενος.

2204 3580 2258 3636 2.
2296 3580 2487 3634 Λαϐὼν
2518 3581 2574 3633 δὲ
2615 3579 2683 3633 τὰ
2727 3580 3004 3650 χρήματα,
3051 3578 3148 3648 τὴν
3179 3576 3276 3646 μὲν
3307 3575 3527 3646 πρώτην
3569 3574 3710 3644 λαμ-

2136 3673 2270 3744 πρός
2308 3676 2424 3726 ἐστι
2454 3674 2550 3726 καὶ
2573 3672 2896 3744 περιχαρὴς,
2928 3668 3192 3741 ἀλλοτρίῳ
3218 3667 3364 3730 ἄνθει
3393 3665 3706 3736 γεγανωμὲο

2135 3783 2244 3828 νος,
2294 3764 2670 3835 ὲπισημαίνων
2707 3766 2772 3834 τῇ
2811 3762 3078 3832 μεταϐολῇ
3113 3759 3206 3813 τοῦ
3247 3759 3360 3830 βίου
3387 3775 3400 3789 ο
3463 3755 3706 3828 τράπεζα

2135 3857 2243 3928 γὰρ
2282 3857 2562 3929 ἀνειμένη,
2589 3857 2752 3926 ἐσθὴς
2776 3854 3199 3923 πολυτελεστέρα
3219 3869 3230 3878 ·
3259 3852 3464 3906 οίκέται
3490 3849 3621 3922 πρὸς
3645 3848 3707 3905 τδ

2136 3949 2483 4020 φαιδρότερον
2538 3947 2926 4018 ὲξηλλαγμένοι
2991 3948 3067 4015 τῷ
3128 3949 3385 4018 σχήματι,
3457 3947 3702 4009 κόλακες,

2137 4041 2442 4110 συμπόται·
2467 4040 2710 4111 κηφῆνες
2733 4040 2842 4104 (55)
2867 4041 3028 4098 οἴκων
3058 4042 3269 4112 μυρίοι·
3306 4041 3380 4105 ὡς
3405 4041 3461 4093 δὲ
3500 4040 3568 4094 τὰ
3604 4041 3702 4110 μὲν

2137 4134 2391 4205 χρήματα
2424 4132 2670 4203 ὑπορρεῖ,
2717 4132 2747 4183 ὁ
2789 4132 2844 4184 δὲ
2885 4133 3072 4204 χρόνος
3100 4131 3304 4209 προῖὼν
3340 4134 3465 4194 τοὺς
3514 4133 3704 4195 τόκους

2135 4222 2312 4292 ἑαυτῷ
2349 4221 2712 4292 συμπροάγει,
2741 4222 2801 4273 οὺ
2834 4221 3025 4284 νύκτες
3061 4221 3251 4292 ἐκείνῳ
3277 4223 3579 4276 ἀνάπαυσιν
3611 4222 3704 4289 φέ-

2137 4327 2340 4380 ρουσιν,
2369 4310 2467 4379 οὐχ
2493 4309 2673 4386 ἡμέρα
2705 4309 2924 4379 φαιδρὰ,
2963 4310 3062 4380 οὐχ
3097 4308 3244 4379 ἥλιος
3283 4309 3535 4380 τερπνὸς,
3571 4307 3703 4361 ἀλλά

2133 4402 2471 4473 δυσχεραίνει
2521 4401 2611 4457 τὸν
2665 4399 2796 4468 βίον,
2849 4403 2994 4470 μισεῖ
3039 4401 3133 4464 τὰς
3180 4401 3392 4470 ἡμέρας
3443 4401 3576 4471 πρὸς
3608 4399 3704 4466 τὴν

2136 4493 2469 4564 προθεσμίαν
2496 4492 2875 4561 ὲπειγομένας,
2895 4491 3134 4560 φοϐεῖται
3159 4493 3283 4555 τοὺς
3317 4492 3488 4562 μῆνας
3519 4491 3592 4553 ὡς
3621 4490 3706 4542 τό.

2135 4604 2244 4641 κων
2275 4583 2534 4654 πατέρας,
2570 4582 2686 4635 Κᾶν
2713 4582 2966 4655 καθεύδῃ,
2997 4583 3243 4636 ἐνύπνιον
3277 4581 3460 4651 βλέπει
3492 4582 3582 4634 τὸν
3613 4581 3704 4636 δα-

2138 4674 2371 4746 νειστὴν,
2417 4673 2583 4732 κακὸν
2619 4673 2770 4743 ὄναρ,
2797 4675 2862 4743 τῇ
2898 4671 3103 4744 κεφαλῇ
3141 4674 3567 4745 περιστάμενον·
3603 4672 3705 4726 κᾶν

2139 4769 2408 4840 γρηγορῆ,
2438 4765 2613 4819 ἔννοια
2638 4765 2787 4827 αύτῶ
2818 4766 2910 4819 καὶ⁹
2939 4767 3160 4840 φροντὶς
3186 4769 3213 4820 ὁ
3243 4767 3397 4831 τόκος
3421 4768 3566 4819 ἐστί’
3609 4772 3707 4819 Διε-

2145 5015 2375 5073 rel'erre.
2411 5017 2556 5069 hunc
2589 5015 2763 5069 locum
2799 5015 2880 5069 sic
2917 5013 3116 5081 poterit
3142 5009 3482 5077 interpretari
3514 5025 3526 5061 :
3562 5010 3707 5063 Alter

2145 5102 2260 5138 vero
2282 5085 2428 5137 illinc
2445 5085 2550 5138 nbit
2565 5096 2832 5154 postquam
2852 5085 3130 5137 debitorem
3148 5082 3406 5135 schedulis
3421 5089 3708 5154 atque_cau-

2143 5157 2370 5208 tiouilms
2407 5151 2642 5221 strinxit,
2688 5151 2778 5208 seu
2818 5155 3088 5222 obligavit.
3127 5154 3242 5217 Quo
3279 5166 3442 5222 sensu
3484 5151 3704 5222 verhurn

2141 5222 2506 5295 ἀσφαλίζομαι
2530 5219 2816 5295 usurpatur
2842 5219 2960 5276 Aet.
2985 5239 3094 5287 xvt,
3125 5223 3194 5276 24
3221 5239 3242 5295 εν
3260 5221 3396 5295 Teii;
3420 5219 3592 5295 πόδας
3615 5219 3709 5295 αύ-

2140 5289 2248 5347 τῶν
2272 5289 2628 5364 ἠσφαλίσατο,
2660 5293 2820 5347 Pedes
2841 5311 2899 5364 eo
2907 5311 3020 5346 rum
3054 5293 3288 5364 strinxit.
3325 5289 3520 5342 lhideut
3554 5291 3702 5364 Colb.

2154 5359 2378 5436 quartus
2436 5365 2823 5436 γραμματίοις.
2873 5362 3052 5436 Paulo;
3093 5373 3210 5436 post
3267 5361 3392 5436 Reg.
3441 5359 3707 5436 secundus

2153 5435 2410 5508 ἀνειμένῃ
2444 5429 2537 5488 καὶ
2551 5429 3009 5508 πολυτελεστέρα,
3039 5432 3199 5508 ἐσθὴς
3226 5429 3570 5508 φαιδροτέρα.

2223 5499 2335 5571 ('53)
2368 5499 2541 5559 Editio
2575 5507 2740 5560 Paris.
2766 5513 2821 5556 et
2857 5499 2988 5571 Heg.
3040 5499 3230 5554 tertius
3253 5499 3496 5568 κηφῆνες
3525 5499 3704 5571 ἄπραο

2151 5570 2292 5630 κτοι.
2315 5574 2430 5628 Vox
2460 5575 2642 5627 ultima
2675 5573 2824 5626 deest
2858 5575 2908 5624 in
2944 5570 3061 5624 aliis
3089 5581 3290 5639 septem
3325 5584 3457 5622 mss.
3488 5570 3709 5639 (other-

2151 5647 2242 5700 tini
2275 5647 2537 5713 septimus
2559 5652 2612 5696 et
2641 5656 2864 5697 octavus
2893 5642 3132 5713 κηφῆνες
3154 5637 3579 5713 ἡοίκωνᾼμυρίων.
3619 5637 3696 5688 ln-

2149 5716 2228 5769 l'ra
2257 5709 2420 5768 editio
2450 5713 2618 5766 Paris.
2653 5711 2931 5767 δανειστοῦ
2947 5709 3072 5782 γάρ.
3102 5712 3259 5766 Deest
3281 5709 3388 5780 γάρ
3412 5709 3464 5762 in
3504 5723 3632 5764 mss.
3654 5716 3707 5761 et

2146 5787 2198 5842 in
2227 5785 2460 5845 editione
2489 5782 2650 5847 Basil,
