4008 6402
388 226 499 284 239

1560 229 1908 288 HOMlLlAll
1929 233 1992 288 IN
2031 233 2357 292 PSALMIIM
2396 234 2538 289 XIV.

3532 237 3636 293 ΥΟ

387 343 654 410 νειστοῦ,
694 345 848 416 φησὶ,
889 345 988 398 καί
1035 345 1463 415 χρεωφειλέτου
1491 341 1956 419 ἀπαντησάντων

2071 364 2301 422 uerator,
2332 357 2533 425 inquit,
2565 365 2612 408 et
2654 356 2856 409 debitor
2885 358 3019 409 inter
3042 357 3108 425 {se
3147 360 3475 425 conveniunt,
3515 362 3637 412 ι·ίεί-

390 435 704 502 άλλὴλοις,
739 436 1083 505 ἐπισκοπὴν
1113 437 1456 507 ἀμεροσέρων
1493 441 1739 495 ποιεῖται
1783 445 1814 496 ὀ
1843 443 1960 496 Κύ-

385 544 536 598 ριος.
580 527 637 580 Ὀ
668 526 767 597 μὲν
802 527 988 594 ὥσπερ
1016 527 1161 582 κύων
1198 529 1472 601 ἐπιτρέχει
1509 534 1574 602 τῇ
1604 533 1781 604 ἀγρᾳ’
1829 534 1858 586 ό
1903 533 1962 586 δὲ

388 619 578 690 ὥσπερ
617 618 830 690 ἕτοιμον
863 619 1083 692 θήραμα
1120 625 1494 693 καταπτήσσει
1522 624 1619 695 τὴν
1650 626 1956 696 συντυχίαν.

402 709 734 781 ’Δφαιρεῖται
760 709 866 783 γάρ
906 711 1070 765 αὑτοῦ
1098 712 1196 783 τὴν
1232 715 1543 786 παρρησίαν
1585 716 1646 769 τὸ
1678 718 1955 772 πένεσθαι.

403 800 754 871 Ἀμφοτέροις
803 803 836 871 ή
871 799 1047 872 ψῆφος
1091 803 1182 856 ἐπὶ
1227 803 1504 857 δακτύλων
1527 822 1540 835 ο
1585 806 1679 858 τοῦ
1716 807 1811 877 μὲν
1843 807 1960 876 χαί-

392 912 578 965 ροντος
606 896 698 948 ἐπὶ
729 897 792 966 τῇ
823 895 1048 967 αὐξήσει
1086 897 1195 950 τῶν
1225 896 1420 963 τόκων,
1459 897 1552 950 τοῦ
1592 898 1649 950 δὲ
1681 900 1959 963 στενάζον-

386 1006 478 1052 τος
499 989 590 1042 ἐπὶ
613 992 679 1060 τῇ
703 989 813 1060 (54)
841 990 1124 1065 προσθήκῃ
1150 992 1256 1044 τῶν
1281 991 1596 1063 συμφορῶν.
1615 991 1754 1045 Πῖνε
1773 992 1958 1045 ὕδατα

385 1081 505 1138 ἀπὸ
539 1081 667 1135 σῶν
693 1083 973 1152 ἀγγείων-ο
1012 1084 1280 1148 τουτέστι,
1333 1083 1430 1148 τὰς
1469 1083 1674 1148 οἰκείας
1707 1084 1958 1155 ἀφορμὰς

386 1173 730 1244 περισκόπει,
767 1174 841 1245 μὴ
879 1175 966 1230 ἐπ’
992 1175 1270 1246 ἀλλοτρίας
1299 1175 1478 1245 πηγὰς
1514 1175 1718 1245 βάδιζε,
1751 1174 1865 1228 ἀλλ’
1899 1175 1958 1240 ἐξ

385 1264 600 1317 οἰκείων
624 1264 854 1318 λιϐάδων
889 1265 1087 1332 σύναγε
1123 1265 1332 1336 σεαυτῷ
1365 1265 1462 1330 τὰς
1485 1267 1829 1339 παραμυθίας
1864 1267 1956 1320 τοῦ

387 1355 522 1426 βίου.
587 1357 770 1426 Ἔχεις
832 1355 1182 1427 χαλκώματα,
1229 1356 1452 1428 ἐσθῆτα,
1507 1358 1794 1427 ὑποζύγιον
1822 1360 1954 1430 (35),

385 1449 555 1517 σκεύη
593 1449 943 1514 παντοδαπάς
985 1449 1156 1502 ταῦτα
1193 1450 1425 1503 ἀπόδου’
1473 1451 1649 1504 πάντα
1695 1451 1955 1522 προέσθαι

385 1538 695 1603 κατάδεξαι,
753 1539 890 1610 πλήν
931 1540 1030 1611 τῆς
1070 1540 1402 1612 ἐλευθερίας.
1463 1542 1602 1595 Ἀλλ’
1631 1543 1955 1614 αἰσχύνομαι

381 1629 522 1681 αὐτὰ.
561 1628 920 1699 δημοσιεύειν,
957 1629 1138 1700 φησίν.
1175 1631 1238 1682 Τί
1267 1627 1358 1684 οὖν
1387 1633 1467 1685 ὅτι
1503 1633 1696 1706 μικρὸν
1733 1633 1955 1706 ὕστερον

382 1721 540 1784 ἀλλος
588 1693 727 1774 αύτὰ
771 1693 1112 1791 προκομίσει,
1147 1724 1240 1776 καὶ
1271 1693 1618 1794 ἀποκηρύξεί
1643 1725 1710 1779 τὰ
1744 1725 1833 1789 σὰ,
1863 1693 1958 1779 καὶ
1992 1693 2031 1749 Β

384 1815 442 1866 ἐν
471 1810 764 1881 ὀφθαλμοῖς
788 1815 904 1875 σοῖς
941 1812 1282 1878 ἐπευωνίζων
1313 1813 1450 1867 αὑτά
1484 1813 1832 1885 διαθήσεται;
1866 1816 1958 1887 Μὴ
1990 1844 1994 1848 ν

385 1901 564 1972 βάδιζε
600 1904 686 1955 ἐπ’
709 1903 991 1974 ἀλλοτρίας
1021 1903 1210 1976 Θύρας.
1258 1902 1438 1979 Φρέαρ
1463 1907 1570 1978 γάρ
1595 1907 1670 1978 τῷ
1698 1907 1810 1962 δντι
1835 1927 1957 1962 στε-

382 1994 471 2046 νὸν
498 1994 558 2046 τὸ
589 1993 864 2066 ἀλλότριον
895 1997 1026 2064 (36).
1062 1998 1276 2051 Βέλτιον
1309 2002 1427 2061 ταῖς
1452 1999 1593 2053 κατὰ
1622 2000 1817 2072 μικρὸν
1841 2003 1959 2056 ἐπι-

383 2086 552 2149 νοίαις
584 2087 681 2157 τὴν
705 2085 891 2156 χρείαν
925 2089 1442 2159 παραμυθήσασθαι,
1475 2090 1506 2161 ἦ
1538 2089 1768 2161 ἀθρόως,
1794 2093 1958 2163 ὲπαρ-

385 2175 545 2228 θέντα
597 2179 709 2239 τοῖς
753 2176 1070 2248 ἀλλοτρίοις,
1122 2177 1346 2249 ὕστερον
1397 2180 1613 2234 πάντων
1662 2181 1796 2251 ὁμοῦ
1849 2181 1957 2236 τῶν

383 2265 693 2338 προσόντων
728 2267 1192 2337 ἀπογυμνοῦσθαι.
1247 2271 1309 2322 Εἰ
1363 2271 1458 2340 μὲν
1502 2266 1594 2323 οὖν
1643 2271 1786 2340 ἔχεις
1836 2272 1956 2326 ὅθεν

384 2356 618 2428 ἀποδῷς,
649 2357 700 2409 τί
721 2358 841 2427 οὐχὶ
873 2358 970 2427 τὴν
999 2359 1275 2429 παροῦσαν
1302 2360 1505 2413 ἔνδειαν
1533 2363 1597 2414 ἐκ
1624 2361 1828 2415 τούτων
1850 2364 1958 2418 τῶν

382 2447 645 2517 ἀφορμῶν
682 2446 951 2513 διαλύεις;
994 2449 1042 2500 εἰ
1075 2449 1131 2500 δὲ
1165 2450 1389 2520 ἀπορεῖς
1430 2451 1567 2523 πρὸς
1603 2452 1700 2523 τὴν
1729 2455 1955 2518 ἔκτισιν,

377 2539 554 2592 κακὸν
611 2538 764 2608 κακῷ
804 2539 1144 2610 θεραπεύεις,
1186 2541 1276 2612 Μὴ
1307 2541 1431 2614 δέξῃ
1468 2543 1856 2615 πολιορκοῦντά
1898 2564 1957 2600 σε

379 2629 680 2700 δανειστήν.
715 2629 804 2700 Μὴ
831 2630 1045 2704 ,ἀνάσχῃ
1084 2630 1272 2702 ὥσπερ
1319 2632 1446 2686 ἀλλο
1482 2651 1533 2686 τι
1585 2634 1805 2706 θήραμα
1846 2637 1955 2706 ('57)

381 2721 761 2791 ἀναζητεῖσθαι
791 2723 884 2776 καὶ
911 2722 1294 2793 ἐξιχνεύεσθαι.
1322 2724 1563 2789 Ψεύδους
1602 2727 1742 2798 ἀρχὴ
1778 2728 1840 2781 τὸ
1867 2728 1958 2782 δα·-

380 2812 650 2878 νείζεσθαι
667 2831 680 2844 °
716 2815 1036 2886 ἀχαριστίας
1067 2816 1310 2887 ἀφορμὴ,
1333 2817 1744 2889 ἀγνωμοσύνης,
1769 2822 1955 2892 ἐπιορ-

381 2905 524 2968 κίας.
554 2905 722 2958 Ἀλλα
762 2908 977 2978 ῥήματα
1011 2907 1104 2961 τοῦ
1137 2908 1510 2978 δανειζομένου
1543 2911 1674 2980 (58),
1703 2911 1795 2964 καὶ
1822 2911 1956 2967 ἄλλα

381 2993 472 3046 τοῦ
500 2995 922 3064 ἀπαιτουμένου.
959 2997 1085 3049 Εἴθε
1130 3015 1211 3051 σοι
1253 2998 1327 3068 μὴ
1362 3000 1650 3071 ἀπήντησα
1678 3001 1818 3066 τότε,
1854 3003 1954 3074 ήδη
1983 3039 2024 3095 C

383 3082 405 3095 ..
525 3076 552 3095 η
752 3084 763 3095 .
861 3085 872 3095 .
1048 3085 1058 3095 .
1243 3087 1254 3095 .
1385 3087 1394 3095 .
1502 3091 1512 3095 -
1608 3090 1651 3095 _-
1752 3091 1761 3095 -
1887 3093 1898 3095 ,

377 3082 444 3136 ἂν
497 3076 652 3154 εὗρον
709 3084 806 3146 τὰς
850 3085 1103 3155 ἀφορμὰς
1163 3087 1298 3157 πρὸς
1343 3087 1443 3158 τὴν
1490 3090 1810 3164 ἀπαλλαγὴν
1848 3093 1951 3162 τῆς

377 3175 644 3245 ἀνάγκης.
679 3175 812 3244 Οὐχὶ
840 3175 897 3227 δὲ
924 3175 1144 3239 ἂκοντός
1173 3195 1273 3246 μου
1323 3179 1574 3242 ἐνέϐαλες
1607 3184 1671 3252 τῇ
1711 3186 1852 3253 χειρὶ
1882 3185 1951 3238 τὰ

377 3267 668 3337 χρήματα;
707 3265 1040 3336 ’Υπόχαλκον
1069 3268 1125 3320 δέ
1165 3285 1257 3321 σου
1285 3268 1343 3322 τὸ
1369 3272 1609 3342 χρυσίον,
1650 3274 1744 3326 mi,
1777 3292 1951 3347 παρα-

378 3360 717 3430 κεκομμένον
758 3361 818 3414 τὸ
848 3363 1106 3431 νόμισμα.
1144 3362 1265 3415 Εἴτε
1299 3361 1391 3417 οὖν
1423 3365 1572 3433 φίλος
1621 3369 1647 3420 ὁ
1671 3367 1948 3435 δανείζῳν,

381 3451 456 3522 μὴ
485 3451 765 3523 ζημιωθῇς
803 3453 967 3513 αὐτοῦ
996 3454 1094 3525 τὴν
1127 3454 1307 3522 φιλίαν
1327 3472 1340 3484 ·
1372 3457 1477 3508 εἴτε
1510 3457 1720 3527 ἐχθρὸς,
1755 3459 1827 3530 μὴ
1858 3461 1951 3528 γέ-

379 3559 446 3616 νῃ
476 3543 554 3614 τῷ
583 3543 837 3613 δυσμενεῖ
868 3545 1196 3615 ὑποχείριος.
1226 3546 1434 3616 Μικρὸν
1465 3547 1951 3619 ἐγκαλλωπισάμε-

377 3651 468 3698 νος
510 3637 623 3697 τοῖς
658 3635 978 3706 ἀλλοτρίοις,
1023 3636 1244 3708 ὕστερον
1285 3639 1380 3690 καὶ
1421 3638 1527 3690 τῶν
1561 3638 1826 3710 πατρῴων
1859 3642 1953 3695 ἐκ·

379 3729 570 3799 στήσῃ.
620 3727 796 3796 Πένης
835 3723 884 3780 εἷ
918 3728 1032 3794 νῦν,
1063 3729 1176 3783 ἀλλ’
1221 3729 1522 3799 ἐλεύθερος.
1563 3732 1955 3802 Δανεισάμενος

377 3819 434 3872 δὲ
458 3821 580 3873 οὐδέ
613 3820 954 3890 πλουτήσεις,
990 3820 1082 3873 καὶ
1118 3821 1214 3892 τὴν
1254 3821 1561 3893 ἐλευθερίαν
1587 3825 1952 3896 ἀφαιρεθήσῃ.

377 3910 570 3975 Δοῦλος
601 3911 694 3964 τοῦ
735 3913 1095 3976 δεδανεικότος
1141 3915 1170 3966 ὁ
1209 3912 1609 3984 δανεισάμενος,
1658 3915 1751 3968 καὶ
1774 3915 1956 3978 δοῦλος

380 4005 709 4076 μισθοφόρος
741 4007 1112 4077 ἀπαραίτητον
1149 4006 1328 4077 φέρων
1361 4006 1456 4077 τὴν
1481 4007 1838 4080 λειτουργίαν.
1889 4010 1954 4063 0i.

376 4097 539 4160 κύνες
570 4097 938 4168 λαμϐάνοντες
963 4097 1292 4169 ἡμεροῦνται
1311 4115 1324 4127 ·
1364 4101 1394 4152 ὁ
1426 4097 1483 4152 δὲ
1506 4099 1788 4171 δανειστὴς
1815 4099 1954 4170 λαμ-

378 4187 556 4241 ϐάνων
605 4188 1070 4260 προσερεθίζεται.
1127 4191 1199 4242 Οὐ
1253 4189 1362 4262 γὰρ
1406 4191 1634 4244 παύεται
1683 4192 1948 4274 ὑλακῖῦν,

376 4277 512 4330 ἀλλὰ
571 4278 632 4331 τὸ
696 4279 856 4332 πλέον
921 4277 1187 4349 ἐπιζητεῖ.
1259 4281 1383 4334 Ἐάν
1436 4281 1660 4353 όμνύῃς,
1731 4283 1791 4336 ού
1853 4303 1944 4338 πι-

2068 448 2323 500 tationem
2370 448 2646 515 utriusque
2690 447 2818 514 facit
2870 445 3124 501 Dominus
3168 449 3234 501 ³¹.
3280 448 3370 504 Ille
3419 451 3632 519 quidem

2062 538 2221 606 quasi
2253 539 2404 592 canis
2433 538 2485 591 in
2524 538 2757 606 prmdam
2809 539 3004 592 irruit:
3053 539 3138 592 hic
3177 555 3303 594 vero
3353 541 3492 594 sicut
3537 558 3632 611 pa-

2065 636 2180 679 rata
2211 636 2436 695 captura
2489 643 2778 681 occursum
2821 627 3096 682 exhorret.
3145 628 3344 683 Adimit
3393 634 3534 685 enim
3581 635 3628 685 ei

2060 718 2312 788 loquendi
2348 720 2597 774 ﬁduciam
2635 733 2942 788 paupertas.
2983 719 3240 787 Utrisque
3279 736 3416 776 inest
3448 725 3628 778 ealcu-

2062 813 2143 866 ltts
2173 814 2224 866 in
2257 813 2472 882 digitis;
2507 814 2600 867 illo
2633 813 2855 868 femoris
2884 814 3193 867 accessione
3220 814 3502 884 gaudente,
3528 818 3628 872 hoc

2075 904 2232 974 109
2306 905 2646 958 miseriarum
2719 905 3050 958 incremento
3123 906 3442 974 ingemente.
3501 907 3629 960 Bibe

2061 1009 2226 1059 aquas
2281 994 2345 1046 de
2405 993 2508 1046 tuis
2560 997 2695 1046 vasis
2722 992 2796 1057 ³³;
2843 993 2942 1046 hoc
2986 1000 3090 1056 est,
3145 994 3386 1062 proprias
3443 997 3625 1049 consi»

2059 1086 2187 1138 dera
2241 1084 2544 1148 facultates,
2593 1085 2657 1137 ad
2704 1084 2908 1138 alienos
2950 1084 3124 1140 fontes
3165 1101 3229 1140 ne
3271 1089 3488 1150 accede,
3532 1088 3626 1143 sed

2061 1189 2126 1226 ex
2154 1173 2388 1241 propriis
2434 1173 2682 1227 laticiluts
2713 1174 2804 1226 tibi
2835 1175 2946 1241 ipse
2976 1175 3095 1228 vitae
3127 1176 3316 1228 solatia
3350 1191 3620 1245 eouipara.

2063 1264 2238 1318 llabes
2266 1281 2390 1318 vasa
2416 1281 2578 1328 aerea,
2607 1275 2834 1328 vestem,
2878 1265 3200 1332 jumentum,
3236 1269 3430 1323 diversi
3466 1285 3624 1340 gene-

2062 1356 2135 1408 ris
2170 1354 2608 1423 supellectilem?
2638 1354 2760 1410 Hmc
2807 1357 3015 1410 vende:
3065 1369 3258 1424 praeter
3298 1357 3620 1424 libertatem,

2057 1447 2228 1500 amitti
2277 1447 2456 1500 omnia
2536 1448 2763 1516 patiare.
2845 1446 2950 1501 Sed
3006 1463 3089 1502 me
3148 1449 3343 1517 pudet,
3418 1450 3618 1519 inquit,

2060 1539 2243 1593 istlmc
2301 1540 2415 1593 voci
2461 1541 2719 1611 praeconis
2776 1543 3060 1610 subjicere.
3109 1542 3216 1594 Cur
3268 1543 3428 1611 igitur
3465 1542 3624 1611 paulo

2062 1643 2181 1700 post
2207 1631 2345 1687 alius
2382 1647 2442 1686 ea
2491 1642 2744 1702 exponet,
2792 1645 3112 1700 tuorumque
3155 1633 3414 1688 bonorum
3463 1634 3622 1688 faciet

2061 1724 2388 1787 auctionem,
2417 1733 2471 1777 et
2523 1724 2610 1776 vili
2663 1725 2834 1793 pretio
2880 1726 2946 1777 ob
2993 1724 3176 1778 oculos
3227 1736 3343 1778 tuos
3393 1725 3622 1779 vendet?

2059 1811 2136 1865 Ne
2165 1812 2413 1880 gradiare
2448 1810 2514 1865 ad
2549 1810 2692 1867 fores
2723 1813 2945 1866 alienas.
2988 1812 3154 1865 Plane
3180 1813 3323 1866 enim
3357 1813 3618 1882 Angustus

2057 1915 2130 1958 est
2168 1905 2368 1956 alienus
2408 1915 2594 1974 puteus
2632 1904 2695 1956 ⁸⁵.
2741 1902 2922 1956 Satius
2961 1919 3062 1968 est,
3111 1914 3226 1956 arte
3265 1913 3317 1957 et
3361 1905 3618 1957 industria

2061 1976 2316 2063 paulatim
2353 1996 2730 2049 necessitatem
2773 1993 2974 2056 levare,
3019 2009 3176 2060 quam
3221 1994 3409 2046 alienis
3453 1993 3620 2046 facul-

2061 2087 2259 2141 tatibus
2316 2086 2494 2140 subito
2553 2087 2771 2150 elatum,
2847 2086 3098 2153 deinceps
3149 2086 3398 2138 onuiibus
3461 2085 3618 2139 simul

2057 2178 2212 2232 bonis
2269 2179 2488 2248 privari.
2551 2177 2607 2231 Si
2663 2178 2824 2247 igitur
2875 2177 3039 2230 habes
3090 2177 3228 2231 unde
3280 2177 3475 2240 solvas,
3523 2192 3618 2230 cur

2058 2281 2376 2338 praesentem
2429 2277 2722 2338 egestatem
2761 2268 2911 2322 hisce
2951 2269 3166 2322 auxiliis
3213 2285 3315 2322 non
3357 2267 3616 2337 depellis?

2059 2359 2153 2414 Sin
2183 2361 2437 2414 solvendo
2467 2373 2570 2412 non
2609 2373 2687 2422 es,
2714 2358 2910 2410 malum
2956 2356 3096 2409 malo
3136 2373 3314 2412 curas.
3361 2357 3618 2412 Foenera-

2060 2461 2228 2506 torem
2265 2451 2356 2519 qui
2391 2460 2440 2504 te
2481 2450 2801 2504 obsessurus
2838 2448 2931 2511 sit,
2978 2463 3044 2502 ne
3078 2449 3318 2502 admitte.
3359 2448 3432 2502 Te
3478 2448 3620 2502 velut

2059 2548 2218 2602 aliam
2247 2546 2479 2613 aliquam
2511 2543 2745 2613 pratdam
2791 2541 3001 2611 exquiri
3045 2557 3109 2596 ac
3148 2543 3401 2610 vestigari
3439 2557 3505 2596 ne
3541 2545 3618 2595 si-

2059 2655 2174 2692 nas.
2220 2637 2394 2692 Usura
2440 2636 2701 2690 mendacii
2748 2635 3068 2703 principium
3117 2645 3237 2698 est;
3279 2633 3494 2688 occasio
3540 2637 3621 2687 in-

2056 2730 2192 2801 grati
2249 2727 2444 2792 animi,
2509 2726 2855 2795 perfidiacque
2913 2733 2968 2778 et
3023 2725 3261 2792 perjurii.
3319 2726 3437 2778 Alia
3492 2731 3620 2780 sunt

2056 2824 2218 2878 verba
2260 2830 2537 2891 argentum
2569 2817 2773 2873 fanore
2799 2818 3094 2872 sumentis:
3135 2817 3260 2882 alia,
3292 2833 3410 2870 cum
3445 2817 3619 2871 frenus

2057 2917 2124 2970 ab
2150 2917 2264 2985 ipso
2285 2915 2539 2981 exigitur.
2580 2911 2795 2966 Utinam
2824 2921 2949 2963 tunc
2977 2909 3070 2964 tibi
3103 2924 3206 2963 non
3233 2911 3616 2964 occurrissent!

2058 3010 2242 3077 utique
2265 3004 2376 3074 jam
2409 3003 2646 3060 subsidia
2683 3005 2926 3071 quautam
2957 3002 3020 3054 ad
3053 3001 3400 3052 amovendam
3430 3015 3618 3054 neccs-
3711 3008 3714 3010 '

2057 3101 2270 3154 silatetu
2306 3097 2656 3151 invenissem.
2703 3093 2890 3148 Nonne
2940 3091 3067 3144 milii
3116 3091 3284 3144 invito
3335 3093 3617 3160 pecuniam

2052 3193 2105 3245 in
2157 3204 2348 3244 manus
2391 3187 2626 3242 dedisti?
2669 3186 2836 3240 Porro
2887 3200 3076 3238 aurum
3134 3193 3284 3237 tuum
3330 3193 3447 3238 erat
3493 3185 3620 3238 sub-

2051 3292 2296 3344 :eratum,
2321 3287 2370 3332 et
2397 3279 2665 3331 numisma
2694 3275 3070 3329 adulterinum.
3094 3273 3218 3328 Sive
3259 3275 3421 3346 igitur
3451 3275 3620 3331 fame-

2054 3382 2202 3427 rator
2242 3371 2313 3425 sit
2347 3370 2577 3430 amicus,
2627 3383 2695 3421 ne
2733 3367 2848 3436 ejus
2893 3367 3110 3419 amittas
3137 3366 3428 3420 amicitiam
3459 3383 3472 3418 :
3505 3368 3619 3420 sive

2055 3464 2328 3525 inimicus,
2362 3478 2429 3516 ne
2465 3461 2563 3515 fias
2593 3460 2904 3513 adversario
2935 3475 2997 3512 ac
3038 3458 3302 3512 malevolo
3349 3458 3617 3519 subditus.

2052 3553 2347 3623 Parumper
2399 3555 2450 3606 in
2491 3551 2684 3605 alienis
2733 3550 3015 3620 gloriatus,
3056 3558 3240 3618 postea
3292 3550 3620 3619 patrimonio

2054 3649 2214 3704 etiam
2251 3645 2533 3701 everteris.
2563 3643 2774 3711 Pauper
2811 3657 2870 3696 es
2899 3656 3061 3704 nunc,
3092 3640 3184 3695 sed
3228 3641 3378 3696 liber.
3419 3644 3621 3712 Argen-

2057 3751 2166 3794 ttnu
2195 3738 2238 3793 si
2282 3738 2488 3790 foenore
2536 3734 2853 3804 sumpseris,
2888 3747 2993 3788 non
3027 3733 3282 3792 ditesces,
3321 3731 3414 3787 sed
3461 3733 3620 3787 Iiber-

2057 3837 2166 3883 tate
2195 3824 2516 3895 spoliabere.
2543 3824 2641 3890 Qui
2675 3823 2958 3889 pecuniam
3002 3822 3228 3891 sumpsit
3269 3821 3494 3885 ftenore,
3521 3823 3617 3890 free

2056 3916 2319 3972 neratoris
2365 3900 2555 3968 servus
2599 3923 2700 3976 est,
2738 3913 2844 3966 imo
2879 3925 3067 3966 servus
3093 3909 3492 3978 stipendiarius,
3526 3909 3618 3978 qui

2057 4006 2368 4064 inevitabile
2397 4003 2678 4059 servitium
2715 4002 2878 4057 subit.
2909 4003 3082 4056 Canes
3118 4001 3429 4069 accipiendo
3463 4016 3617 4052 man-

2053 4107 2338 4164 suescunt;
2382 4097 2678 4152 faenerator
2713 4108 2838 4146 vero
2864 4092 3170 4160 recipiendo
3199 4091 3465 4144 irritatur.
3502 4089 3614 4142 Non

2051 4195 2195 4249 enim
2226 4192 2485 4246 allatrare
2526 4187 2741 4246 desinit.
2772 4187 2864 4240 sed
2897 4185 3048 4254 plura
3079 4183 3340 4254 exposcit.
3384 4183 3439 4237 Si
3465 4181 3616 4251 jura-

2050 4288 2214 4344 veris.
2247 4299 2352 4339 non
2385 4280 2561 4336 credit
2598 4297 2613 4333 :
2647 4294 2766 4347 qua:
2809 4277 2860 4330 in
2895 4276 3100 4330 aedibus
3143 4276 3326 4340 habes,
3369 4289 3621 4342 perscru-

379 4368 556 4421 στεύει
589 4369 698 4440 (59)
723 4387 736 4400 °
774 4373 968 4442 ἐρευνᾷ
996 4371 1066 4424 τά
1096 4371 1262 4434 ἔνδον,
1298 4373 1364 4426 τά
1399 4372 1819 4444 συναλλάγματά
1853 4394 1945 4430 σου

2057 4387 2198 4431 tatur
2227 4391 2242 4432 :
2275 4384 2363 4428 tua
2406 4370 2690 4440 diligenter
2739 4367 2958 4437 indagat
2998 4366 3345 4420 commercia.
3388 4364 3432 4419 E
3477 4363 3622 4418 cubi-

447 4485 491 4516 ³¹
532 4485 690 4540 Prov.
717 4503 867 4553 nix,
929 4486 1018 4542 15.
1096 4488 1140 4520 ³³
1196 4487 1353 4543 Prov.
1416 4506 1467 4555 v,
1525 4490 1611 4544 15.
1689 4491 1734 4523 ³³
1783 4493 1938 4548 Prov.

2057 4507 2136 4557 ιιι,
2169 4491 2260 4545 2'7.

445 4601 561 4675 (54)
628 4599 806 4675 Editio
863 4599 1034 4656 Paris.
1101 4600 1473 4675 atsvﬁovm;
1516 4604 1608 4656 ἐπὶ
1661 4607 1750 4675 τῇ.
1811 4604 1946 4658 Delit

375 4669 468 4724 ἐπί
515 4676 574 4741 iu
617 4673 818 4741 nostris
861 4681 1236 4741 septemmss.
1288 4672 1509 4738 perinde
1557 4669 1726 4741 atque
1753 4676 1803 4726 in
1834 4677 1948 4726 edi-

377 4744 523 4794 tione
548 4740 710 4815 Basil.
743 4739 907 4815 Paulo
929 4751 1055 4793 ante
1080 4739 1342 4815 legiturin
1375 4743 1607 4797 editione
1630 4739 1802 4797 Paris.
1826 4745 1946 4815 χαί-

377 4829 561 4883 ροντος
593 4812 686 4862 ἐπὶ
718 4813 782 4883 τῇ
811 4827 824 4839 ο
853 4827 980 4883 qua:
1001 4827 1096 4883 vox
1135 4811 1247 4876 ἐπί,
1286 4814 1437 4883 deest
1465 4829 1680 4881 quoque
1704 4815 1754 4866 in
1782 4811 1950 4869 tribus

377 4879 508 4951 ipss.
529 4890 584 4935 et
612 4883 664 4934 in
697 4879 1138 4951 editioneBasiL,
1172 4883 1263 4934 sed
1295 4882 1347 4934 iu
1378 4879 1497 4936 aliis
1524 4879 1703 4938 multis
1734 4885 1948 4951 legitur.

373 4950 817 5024 Prtepositionetu
856 4950 947 5003 ἐπί
979 4961 1074 5004 aut
1115 4955 1165 5002 iu
1215 4963 1442 5020 utroque
1491 4955 1609 5009 loco
1640 4950 1948 5024 relinquen-

375 5024 497 5090 dam
540 5036 661 5075 esse
705 5020 1057 5086 arbitramur,
1093 5031 1186 5074 aut
1239 5037 1308 5074 ex
1354 5035 1582 5090 utroque
1635 5020 1945 5079 tollendam.

376 5089 521 5144 Sane
546 5090 678 5162 nihil
715 5091 907 5162 refert,
944 5091 1044 5162 hoc
1078 5109 1142 5145 an
1177 5092 1269 5144 illo
1299 5094 1454 5146 modo
1485 5089 1700 5162 legeris.

447 5162 556 5227 (55)
577 5161 667 5216 Sic
687 5161 852 5214 editio
877 5160 1035 5212 Basil.
1057 5173 1109 5214 et
1141 5178 1270 5216 mss.
1292 5178 1406 5217 sex.
1434 5160 1610 5218 Etlitio
1635 5181 1758 5217 vero
1773 5163 1842 5216 Pa
1855 5163 1946 5218 ris.

372 5241 427 5284 et
454 5233 560 5286 duo
599 5246 728 5286 mss.
751 5229 1044 5299 ὑποζύγια.
1073 5231 1273 5287 Ibidem
1321 5235 1487 5288 editio
1525 5235 1692 5288 Paris.
1729 5235 1946 5298 ἀπόδος.

374 5301 551 5356 Editio
599 5317 726 5355 vero
759 5300 921 5353 Basil.
957 5315 1009 5355 et
1043 5315 1166 5354 octo
1191 5304 1357 5357 nostri
1400 5320 1528 5360 mss.
1553 5305 1770 5358 ἀπόδου.
1829 5305 1948 5358 Mox

375 5373 506 5439 Reg.
530 5368 915 5446 t_ertius__o'5v
931 5372 1012 5425 ὃτι
1045 5374 1242 5446 μικρὸν
1267 5373 1493 5446 ὕστερον
1523 5375 1680 5439 ἄλλος
1697 5377 1833 5429 αύτά
1858 5375 1948 5445 δη-

376 5442 675 5514 μοσιεύσει.
694 5443 760 5494 Τί
778 5439 892 5504 οὖν,
911 5457 1016 5514 etc.
1040 5439 1278 5494 Subinde
1299 5439 1494 5514 legitur
1512 5449 1562 5498 in
1589 5449 1826 5499 editione
1851 5439 1950 5499 Pa-

374 5511 470 5564 ris.
487 5516 598 5574 τοῖς
623 5514 752 5575 σοῖς.
781 5514 941 5564 Deest
969 5513 1054 5566 ltic
1068 5514 1327 5567 articulus
1353 5511 1404 5568 in
1427 5532 1555 5569 mss.
1577 5527 1630 5571 et
1649 5518 1950 5570 ineditiunc

375 5577 538 5654 Basil.
572 5583 680 5654 Hoc
712 5585 827 5648 ipso
853 5584 918 5654 in,
939 5583 1055 5636 loco
1101 5579 1409 5654 Colbertini'
1441 5587 1702 5654 septimus
1728 5597 1774 5638 et
1802 5597 1950 5640 octa-

373 5665 474 5707 vus
499 5652 830 5723 διαϐήσεται.
859 5653 970 5706 Οὐκ
1001 5653 1265 5725 αἱσχύνῃ;
1306 5653 1444 5709 Nunt
1471 5652 1517 5709 le
1543 5658 1741 5728 pudet?

2119 4603 2233 4672 (36)
2257 4600 2395 4655 Edili
2422 4609 2474 4672 et
2504 4596 2744 4672 nonnulli
2764 4610 2904 4672 mss.
2930 4593 2990 4648 τὸ
3017 4594 3620 4672 ἀλλότριονηβεοεεπ-

2047 4662 2242 4727 tit-illus
2298 4671 2435 4733 apud
2503 4667 2643 4721 LXX
2676 4678 2727 4720 et
2764 4667 2814 4717 iu
2869 4680 3101 4731 quatuor
3143 4662 3266 4718 ulss.
3314 4665 3429 4717 Mox
3486 4662 3617 4735 Reg.

2054 4744 2324 4796 secundus
2352 4740 2540 4821 χρεία-ξ
2567 4735 3025 4821 παραμυθεῖσθαιξ

2122 4803 2453 4883 (57)-Ιίίιιῖἷιυ
2494 4803 2666 4862 Puris.
2716 4803 2904 4883 ᾤσπερ
2936 4805 3212 4883 ἀλλότριον
3260 4803 3622 4883 θήραμαεηᾼι

2053 4873 2223 4936 editio
2245 4881 2409 4934 Basil.
2449 4895 2570 4932 cum
2598 4879 2852 4930 omnibus
2876 4873 3080 4928 nosn'is
3099 4873 3242 4944 fuiss.
3270 4873 3458 4944 ὥσπερ
3487 4874 3617 4929 ἀλλο

2049 4969 2099 5004 τι
2132 4950 2802 5024 OﬁpotpaaCtLlh.quartus
2832 4943 3199 4999 δανείσασθαι.

2119 5013 2231 5094 (58)
2261 5013 2434 5094 Ειιίιίο
2461 5013 2624 5073 Basil.
2657 5028 2711 5069 et
2733 5029 2965 5094 quatuor
2997 5032 3124 5069 mss.
3146 5014 3238 5094 τού
3265 5013 3616 5094 δανείζοντος.

2051 5083 2228 5147 ΕΛἚιιό
2259 5091 2430 5144 Paris.
2477 5100 2533 5143 et
2565 5083 2800 5157 quatuor
2829 5088 3010 5157 itidem
3049 5102 3176 5157 m_ss.
3208 5083 3610 5154 δανειζομένου.

2051 5165 2200 5220 Haud
2233 5163 2418 5232 procul
2451 5151 2596 5232 Reg.
2621 5159 2888 5232 secundus
2920 5151 3119 5232 φίλοςῇ
3145 5157 3194 5208 ὁ.

2122 5173 2200 5216 ll".
2233 5173 2418 5232 procul
2451 5173 2588 5228 neg.
2621 5173 2888 5212 secumms
2920 5173 3194 5279 φιλοςῃο.

2122 5233 2234 5305 ('59)
2275 5231 2525 5305 Nonnulli
2560 5244 2692 5305 mss.
2717 5227 2812 5305 ἐὰν
2843 5226 3069 5305 ὀμνύῃςἲ
3137 5227 3333 5277 πιστεί.
3362 5224 3619 5305 .llocnipso

2049 5307 2102 5360 iu
2130 5296 2246 5358 loco
2280 5303 2388 5366 illa,
2422 5301 2541 5370 ἅμα
2570 5299 2743 5370 ὀμνὺς
2785 5296 3024 5360 ἀπαιτεῖ,
3058 5297 3306 5370 leguntur
3360 5296 3412 5370 in
3461 5297 3612 5370 (Zoili.

2058 5385 2251 5444 quarto
2282 5382 2335 5425 et
2363 5373 2412 5424 in
2452 5365 2638 5440 Regiis
2663 5375 2844 5444 primo
2874 5381 2927 5420 et
2959 5377 3147 5444 εειιιο.Δ
3175 5365 3279 5444 Sed
3309 5365 3436 5434 quin
3464 5367 3617 5418 adut-

2061 5437 2230 5498 terina
2261 5444 2391 5504 sint,
2453 5437 2558 5495 non
2591 5441 2748 5492 valde
2783 5440 3067 5490 admodum
3119 5437 3450 5499 dubitamus,
3505 5444 3616 5488 tnnt

2061 5515 2201 5583 quod
2239 5516 2290 5565 in
2320 5514 2447 5583 lteg.
2485 5523 2640 5564 sexto
2669 5511 2847 5583 addita
2886 5510 2994 5559 sint
3022 5507 3476 5583 sectiutla__tnanu,_
3505 5516 3615 5559 tum

2058 5576 2199 5653 quod
2230 5576 2550 5650 quibuSdani
2584 5580 2795 5653 punctis
2823 5587 3003 5653 notata
3028 5576 3138 5653 sint
3171 5577 3221 5626 itt
3252 5576 3380 5644 Reg.
3401 5577 3573 5653 primo
3601 5593 3613 5624 :

2058 5645 2176 5728 quae
2199 5645 2302 5709 duo
2323 5667 2428 5705 non
2463 5645 2852 5707 raro'al'teuum
2879 5645 3132 5715 quiddam
3171 5654 3225 5700 et
3269 5649 3614 5716 peregrinqu
