4008 6402
393 215 491 273 ΩἹΙ

1745 219 1803 275 S.
1826 219 2070 277 BASlLll
2108 222 2319 277 MAGNI

3550 235 3662 291 ετε

395 333 518 387 culo
560 331 604 384 si
650 331 1014 400 progrederis,
1070 332 1237 387 trahit
1290 340 1341 388 te
1382 332 1448 387 ad
1497 348 1576 399 se,
1619 344 1672 390 et
1724 339 1977 404 adducit;

2090 340 2549 411 πολυπραγμονεῖ.
2607 344 2734 397 Ἐὰν
2791 316 2986 419 προίῃς
3029 363 3123 399 του
3162 347 3459 418 δωματίου,
3510 352 3662 408 ἕλκει

395 426 439 477 si
475 425 620 479 intus
649 433 698 478 te
732 424 1107 485 absconderis,
1138 434 1262 479 ante
1292 425 1509 480 domum
1558 434 1687 487 stat.
1727 438 1782 483 et
1832 429 1976 486 [ores

396 513 597 584 pulsat.
653 513 925 569 Praesente
979 529 1173 579 uxore,
1223 513 1388 570 allicit
1436 529 1488 570 te
1538 516 1763 587 pudore,
1794 532 1975 573 coram

395 605 589 662 amicis
620 607 848 676 imponit
880 607 1305 663 contumeliam:
1358 609 1410 663 in
1457 608 1575 664 foro
1626 609 1805 664 fauces
1845 626 1976 665 con-

396 699 657 767 stringit:
691 699 864 753 malus
890 698 1011 753 festi
1047 699 1151 753 diei
1181 715 1480 756 occursus:
1526 701 1689 755 vitam
1730 702 1823 756 tibi
1856 703 1976 756 red-

396 789 477 843 dit
512 788 859 858 injucundam
891 800 946 844 et
978 791 1395 847 intolerabilem.
1428 794 1497 847 At
1524 809 1742 864 magna,
1773 794 1972 862 inquit,

400 887 484 935 est
518 881 842 946 necessitas,
882 897 981 936 nec
1009 883 1114 936 alia
1144 894 1227 937 est
1258 887 1511 951 parandm
1544 887 1784 955 pecunia.-
1815 889 1970 941 ratio.

398 972 552 1039 Quae,
588 990 793 1043 quaeso,
829 974 1037 1029 utilitas
1064 993 1128 1030 ex
1157 977 1417 1032 hodierna
1450 978 1746 1033 dilatione?
1771 980 1974 1035 Rursus

396 1067 542 1139 enim
571 1067 750 1120 veniet
798 1066 864 1120 ad
909 1076 961 1121 te
1005 1079 1298 1136 paupertas
1337 1078 1591 1140 tanquam
1641 1075 1815 1128 bonus
1858 1093 1974 1130 cur-

397 1172 492 1213 sor
521 1158 587 1224 ³⁸,
617 1168 671 1212 et
720 1159 906 1212 eadem
954 1163 1253 1216 necessitas
1299 1179 1419 1217 cum
1460 1169 1741 1222 auctuario
1779 1173 1969 1227 aderit.

397 1249 601 1309 Fumus
643 1254 789 1309 enim
843 1267 946 1305 non
992 1254 1216 1308 omnino
1260 1254 1478 1323 liberat,
1529 1263 1622 1313 sed
1669 1263 1878 1316 consilii
1921 1274 1974 1316 et

401 1344 598 1397 mentis
638 1344 876 1413 inopiam
927 1347 1186 1416 tantisper
1237 1350 1436 1405 tardat.
1488 1350 1764 1406 Patiamur
1816 1355 1973 1409 hodie

399 1433 654 1489 duritiem
687 1435 1043 1504 paupertatis,
1077 1447 1131 1491 et
1159 1453 1228 1491 ne
1258 1453 1377 1491 eam
1414 1440 1464 1492 in
1509 1441 1669 1512 110
1698 1454 1969 1511 posterum

404 1524 537 1579 diem
608 1528 1007 1595 protrahamus.
1072 1528 1281 1583 Etenim
1341 1531 1384 1584 si
1433 1546 1716 1602 argentmn
1770 1536 1973 1591 {tenore

397 1632 501 1673 non
552 1621 743 1684 sumis,
785 1621 946 1675 hodie
988 1631 1046 1674 et
1092 1632 1273 1691 postea
1310 1623 1471 1677 simili
1511 1628 1669 1680 modo
1709 1628 1817 1682 eris
1844 1644 1972 1697 pan-

2080 432 2215 501 πρδς
2241 432 2431 485 ἑαυτὸν
2460 434 2553 485 καὶ
2575 435 2872 504 κατασύρει
2891 453 2904 465 ·
2940 436 3034 489 ἐὰν
3057 436 3204 490 ἒνδον
3238 440 3462 492 σεαυτὸν
3492 459 3660 495 κατα-

2077 524 2311 597 κρύψῃς,
2349 524 2615 597 ἐφέστηκε
2648 530 2714 597 τῇ
2754 528 2924 597 οἰκίᾳ,
2955 532 3046 581 καὶ
3086 529 3486 601 θυροκρουστεῖ.
3536 535 3662 588 Ἐπὶ

2076 612 2321 681 γαμετῆς
2359 614 2728 685 καταισχύνει,
2762 618 2853 668 ἐπὶ
2886 616 3053 686 φίλων
3087 620 3428 693 καθυϐρίζει,
3456 625 3514 677 ἐν
3536 628 3660 688 ταῖς

2077 702 2302 774 ἀγοραῖς
2345 705 2537 775 ἄγχειο
2579 708 2748 760 κακὸν
2788 711 3102 781 συνάντημα
3154 714 3376 783 ἑορτῆς·
3425 715 3661 769 ἀϐίωτόν

2078 812 2160 848 σοι
2194 796 2305 867 (40)
2336 800 2732 861 κατασκευάζει
2784 802 2873 855 τὸν
2916 803 3046 872 βίον.
3086 804 3244 858 Ἀλλὰ
3274 807 3506 877 μεγάλη,
3552 825 3661 877 φη-

2079 888 2186 950 σὶν,
2229 890 2525 960 ἠάνάγκη,
2571 894 2662 945 καὶ
2689 893 2863 958 οὐδεὶς
2906 896 3068 965 πόρος
3110 898 3404 966 χρημάτων
3448 899 3654 970 ἕτερος.

2076 980 2142 1033 Τί
2176 977 2268 1034 οὖν
2311 982 2371 1034 τὸ
2411 983 2600 1050 ὄφελος
2643 988 2707 1037 ὲκ
2740 985 2834 1038 τοῦ
2874 986 2970 1056 τὴν
3013 989 3248 1058 σήμερον
3289 990 3657 1060 ὑπερθέσθαι;

2077 1073 2247 1128 Πάλιν
2272 1074 2381 1145 γὰρ
2413 1074 2531 1143 ἣξει
2560 1093 2641 1127 σοι
2754 1078 2912 1129 πενία
2945 1078 3133 1149 ὥσπερ
3160 1080 3361 1147 ἀγαθὸς
3398 1082 3659 1153 δρομεὺς,

2076 1166 2168 1219 καὶ
2196 1169 2227 1237 ἡ
2254 1167 2389 1237 αὐτὴ
2411 1169 2621 1239 ἀνάγκη
2649 1168 2786 1238 μετὰ
2809 1172 3126 1241 προσθήκης
3150 1173 3436 1242 παρέσται.
3457 1174 3530 1226 Τὸ
3547 1175 3664 1248 γὰρ

2074 1258 2230 1322 δάνος
2265 1259 2365 1312 οὐκ
2402 1260 2719 1330 ἀπαλλαγὴν
2755 1262 3012 1333 παντελῆ,
3053 1263 3188 1317 ἀλλὰ
3225 1265 3426 1338 μικρὰν
3461 1266 3665 1321 ἀναϐο-

2075 1348 2171 1420 λὴν
2203 1351 2301 1420 τῆς
2332 1352 2641 1421 ἀμηχανίας
2671 1354 2967 1424 παρέχεται
3030 1356 3277 1427 Σήμερον
3306 1356 3567 1428 πάθωμεν
3585 1357 3661 1411 τὰ

2077 1443 2140 1495 ὲκ
2166 1442 2265 1512 τῆς
2297 1443 2503 1507 ἐνδείας
2525 1445 2780 1516 δυσχερῆ,
2812 1447 2905 1499 καὶ
2929 1448 3001 1518 μὴ
3026 1448 3409 1519 ἀποτιθὼμεθα
3441 1450 3549 1520 (ιι)
3576 1452 3660 1517 είς

2075 1534 2171 1604 τὴν
2204 1534 2410 1606 αὔριον.
2452 1537 2542 1607 Μὴ
2570 1537 2951 1607 δανεισάμενος
3004 1539 3104 1608 μὲν
3139 1541 3335 1610 ὁμοίως
3362 1540 3457 1612 ἔσῃ
3489 1543 3662 1611 πένης

2076 1627 2170 1679 καὶ
2224 1629 2460 1699 σήμερον
2510 1630 2602 1682 καὶ
2655 1631 2789 1701 πρὸς
2853 1632 2911 1684 τὺ
2974 1633 3206 1702 ἐφεξῆς·
3271 1633 3660 1703 δανεισάμενος

398 1724 493 1777 per
522 1727 535 1768 :
569 1712 613 1765 si
656 1726 784 1765 vero
823 1712 1014 1774 sumis,
1046 1712 1249 1767 {minore
1302 1727 1670 1785 paupertatem
1721 1732 1971 1788 augente,

2090 1716 2133 1769 5s
2171 1717 2551 1787 χαλεπώτερον
2578 1720 2988 1791 ἐκτρυχωθήσῃ,
3018 1722 3111 1774 τοῦ
3140 1722 3298 1774 τόκου
3328 1723 3425 1792 τὴν
3467 1724 3660 1775 πενίαν

398 1804 650 1861 acerbius
678 1805 965 1860 vexabere.
999 1805 1150 1859 Nunc
1187 1807 1407 1875 quidem
1452 1810 1630 1865 nullus
1675 1812 1769 1867 tibi
1817 1814 1975 1867 vertit

401 1896 599 1966 probro
649 1908 1056 1967 paupertatem;
1108 1899 1375 1967 siquidem
1432 1902 1628 1953 malum
1694 1913 1777 1955 est
1832 1904 1973 1957 haud

401 1986 762 2043 voluntarium
792 2005 807 2040 :
838 1988 881 2040 si
915 2002 1040 2043 vero
1070 1986 1258 2041 [ωηοτί
1290 1988 1459 2043 lueris
1494 1991 1785 2054 obnoxius,
1820 2007 1977 2046 nemo

401 2079 501 2135 erit
526 2079 617 2149 qui
645 2090 698 2134 te
724 2081 966 2134 stultitia:
998 2096 1100 2133 nou
1134 2080 1479 2135 condemnet.

470 2171 524 2226 3.
573 2169 759 2241 Itaque
806 2186 872 2226 ne
902 2182 1082 2226 nostra
1117 2173 1343 2226 stultitia
1380 2174 1535 2227 malis
1566 2184 1761 2241 prmter
1797 2173 1979 2227 volun-

402 2272 565 2324 tatem
618 2263 1065 2334 contingentibus
1121 2266 1285 2319 etiam
1353 2266 1551 2319 malum
1614 2267 1973 2320 voluntarium

402 2371 764 2415 Iccersamus.
796 2356 954 2410 Stulti
984 2366 1068 2410 est
1107 2358 1271 2411 animi
1311 2373 1370 2411 se
1411 2374 1506 2427 pro
1554 2373 1715 2426 opum
1769 2360 1976 2412 ratione

402 2464 505 2506 non
545 2463 891 2518 componere,
929 2451 1022 2503 sed
1076 2449 1297 2503 incertae
1349 2452 1461 2521 spei
1513 2467 1571 2505 se
1612 2451 1975 2515 committere,

403 2559 464 2597 ac
507 2541 855 2596 manifestatur
897 2552 953 2597 et
1000 2543 1223 2597 evidens
1279 2544 1661 2597 detrimentum
1715 2544 1973 2612 experiri.

403 2629 518 2692 lam
585 2634 854 2702 perpende
912 2634 1052 2686 unde
1116 2634 1193 2687 sis
1251 2634 1549 2688 soluturus.
1603 2634 1739 2688 Num
1791 2650 1854 2688 ex
1913 2635 1977 2688 iis

403 2725 644 2794 pecuniis
679 2741 815 2794 quas
847 2725 1089 2794 accipis9
1127 2724 1232 2779 Sed
1277 2727 1357 2781 hil!
1390 2736 1444 2781 et
1489 2726 1554 2781 ad
1597 2728 1973 2781 necessitatem

406 2817 765 2872 cohibendam
802 2828 858 2872 et
888 2816 955 2871 ad
995 2817 1316 2872 solutionem
1353 2833 1458 2871 non
1496 2817 1788 2872 sulliciunt.
1825 2817 1977 2884 Quod

404 2912 447 2966 si
470 2927 665 2966 usuras
697 2912 860 2967 etiam
895 2912 1253 2982 reputaveris,
1285 2913 1426 2965 unde
1457 2927 1627 2981 usque
1658 2912 1794 2965 adeo
1837 2911 1977 2965 mul-

405 3002 796 3073 tiplicabuntur
826 3004 1089 3073 pecuniae,
1127 3016 1186 3058 ut
1210 3019 1275 3058 ex
1313 3021 1418 3057 urna
1462 3015 1616 3073 parte
1662 3004 1976 3059 necessitati

406 3103 512 3150 tua?
557 3097 895 3159 medeantur,
936 3110 1002 3149 ex
1052 3094 1221 3150 altera
1269 3110 1401 3150 vero
1457 3108 1660 3149 sortem
1708 3096 1977 3165 expleant,

407 3197 778 3261 praetereaque
805 3187 1108 3243 forinsecus
1146 3204 1338 3243 usuras
1384 3188 1627 3257 gignant.
1673 3189 1742 3242 At
1788 3204 1986 3258 nequa-

406 3295 570 3348 quam
630 3294 694 3333 ex
756 3279 843 3345 iis,
892 3294 1011 3347 qua:
1084 3279 1309 3348 accipis,
1351 3291 1595 3332 mutumn
1646 3279 1855 3334 reddes.
1900 3283 1981 3333 An

408 3369 674 3433 aliunde?
718 3369 841 3429 Illas
891 3371 1056 3435 igitur
1099 3384 1475 3439 exspectemus
1515 3386 1657 3439 spes,
1703 3387 1820 3437 nec,
1866 3379 1984 3426 tan-

406 3480 570 3533 quam
625 3466 822 3535 pisces,
886 3470 955 3518 ad
1006 3464 1226 3519 illicium
1291 3478 1658 3533 properemus.
1712 3464 1983 3532 Quemad-

407 3557 628 3611 modum
678 3557 820 3611 enim
874 3555 950 3610 illi
1007 3570 1111 3609 una
1155 3570 1278 3608 cum
1331 3571 1456 3610 esca
1495 3556 1710 3609 hamum
1748 3566 1978 3610 vorant:

406 3648 487 3704 sic
530 3665 628 3705 nos
679 3664 775 3718 per
831 3650 1111 3718 pecuniam
1151 3648 1359 3703 {tenore
1408 3650 1796 3719 transligimnr.
1840 3649 1981 3703 Pan.

408 3752 589 3813 pertas
618 3740 969 3810 ignominiam
1005 3740 1206 3793 nullam
1234 3739 1410 3798 all'ert.
1460 3740 1597 3806 Quid
1647 3757 1776 3811 ergo
1830 3742 1983 3796 nobis

408 3833 541 3904 ipsis
583 3833 868 3904 opprobria
913 3848 977 3889 ex
1026 3847 1134 3887 mre
1179 3832 1357 3887 alieno
1404 3834 1702 3903 paramus?
1750 3834 1982 3889 Vulnera

408 3928 631 3983 Vulnere
691 3936 847 3983 curat
904 3942 1087 3991 nemo,
1138 3942 1313 3997 neque
1369 3926 1566 3980 malum
1613 3926 1753 3980 malo
1787 3936 1981 3993 sanat;

410 4031 511 4080 nec
571 4016 780 4073 {tenore
861 4016 1174 4072 sublevatur
1249 4028 1561 4089 paupertas,
1645 4016 1804 4072 Dives
1878 4016 1987 4073 es?

484 4223 529 4259 ³³
563 4222 720 4278 Prov.
754 4237 904 4289 xxiv,
940 4222 1032 4284 '54.

2007 3060 2047 3117 C

2081 1811 2609 1879 προσεπιτείναντος.
2653 1813 2760 1864 Καὶ
2808 1811 2901 1865 νῦν
2956 1813 3052 1882 μὲν
3104 1813 3276 1876 οὐδεὶς
3310 1814 3530 1881 ἐγκαλεί
3574 1832 3661 1867 σοι

2079 1900 2445 1970 πτωχεύοντιο
2494 1902 2746 1955 ἀκούσιον
2796 1905 2901 1975 γὰρ
2935 1904 2994 1955 τὸ
3024 1904 3223 1957 κακόν’
3260 1904 3352 1957 ἐὰν
3379 1905 3433 1957 δὲ
3476 1907 3663 1970 τόκοις

2079 1993 2377 2055 ὑπεύθυνος
2420 1992 2505 2068 ᾗς,
2548 1996 2649 2048 οὐκ
2688 1995 2833 2048 ἐστιν
2870 1997 3017 2059 ὅστις
3043 1997 3103 2048 οὐ
3144 1996 3415 2069 μέμψεταί
3450 2016 3543 2051 σου
3587 2003 3659 2073 τῇ

2077 2086 2324 2157 ἁὸουλία.

2148 2181 2200 2231 3.
2238 2177 2324 2249 Μὴ
2356 2174 2446 2231 οὖν
2477 2180 2612 2250 πρὸς
2641 2183 2751 2243 τοῖς
2781 2177 3056 2243 ἁκουσίοις
3088 2185 3276 2245 κακοῖς
3309 2182 3387 2235 ἔτι
3428 2185 3522 2236 καὶ
3560 2185 3664 2237 αὑ-

2080 2267 2328 2341 θαίρετον
2354 2268 2522 2322 κακὸν
2551 2270 2614 2324 ἐκ
2639 2269 2738 2338 τῆς
2766 2270 3037 2341 ἡμετέρας
3061 2271 3246 2336 ἀνοίας
3272 2272 3664 2342 ὲπισπασώμε-

2079 2360 2145 2413 θα
2178 2350 2309 2431 (42f.
2342 2360 2558 2430 Νηπίας
2589 2362 2783 2433 φρενὸς
2816 2362 2888 2433 μὴ
2919 2364 2982 2415 ἐκ
3012 2362 3120 2417 τῶν
3154 2365 3429 2434 παρόντων
3470 2366 3665 2421 ἑαυτὸν

2079 2452 2469 2522 περιστέλλειν,
2502 2453 2615 2506 ἀλλ’
2640 2452 2855 2524 ἀδήλοις
2885 2454 3094 2511 ἐλπίσιν
3138 2456 3504 2526 ἐπιτρέψαντα
3556 2475 3664 2525 φα-

2078 2544 2242 2612 νερᾶς
2287 2542 2491 2613 βλάϐης
2536 2545 2629 2597 καὶ
2677 2546 3070 2614 ἀναντιρρήτου
3118 2546 3482 2617 κατατολμᾷν.
3520 2547 3661 2617 Ἤδη

2081 2636 2369 2706 βούλευσαι
2398 2637 2559 2690 πόθεν
2594 2638 2706 2708 (45)
2737 2638 3038 2701 ἀποτίσεις.
3080 2640 3194 2708 Ἀφ’
3230 2633 3302 2693 ὧν
3325 2639 3661 2709 λαμϐάνειςς

2092 2728 2232 2783 Ἀλλ’
2266 2730 2364 2782 οὐκ
2396 2729 2618 2800 ἐξαρκεῖ
2640 2733 2733 2784 καὶ
2769 2731 2902 2803 πρὸς
2935 2732 3030 2802 τὴν
3059 2733 3246 2807 χρείαν
3276 2732 3368 2783 καὶ
3398 2731 3533 2802 πρὸς
3562 2733 3665 2802 τὴν

2079 2820 2307 2879 ἔκτισιν.
2344 2820 2470 2873 Ἐὰν
2500 2822 2554 2881 δὲ
2578 2822 2640 2893 δὴ
2665 2824 2758 2879 καὶ
2785 2824 2909 2886 τοὺς
2938 2824 3131 2885 τόκους
3164 2823 3372 2895 λογίση,
3407 2822 3571 2874 πόθεν
3592 2821 3664 2876 τὰ

2082 2914 2186 2983 χρή
2197 2929 2342 2982 ματα
2366 2914 2445 2975 εἰς
2471 2912 2723 2967 τοσοῦτον
2747 2913 3366 2985 πολυπλασιασθήσεται,
3389 2912 3527 2965 ὥστε
3557 2912 3663 2981 ἰδίᾳ.

2087 3005 2184 3074 μέν
2219 3020 2311 3056 σου
2347 3002 2669 3074 θεραπεύειν
2705 3004 2803 3073 τὴν
2836 3004 3042 3075 χρείαν,
3093 3003 3198 3074 ἰδίᾳ
3250 3003 3307 3056 δὲ
3355 3002 3664 3072 ἐκπληροῦν

2083 3096 2146 3149 τὸ
2177 3096 2493 3169 κεφάλαιον,
2522 3094 2719 3161 ἔξωθεν
2741 3095 2796 3147 δὲ
2826 3096 2918 3148 καὶ
2943 3097 3132 3158 τόκους
3156 3096 3485 3165 ἀπογεννᾷνς
3523 3095 3663 3146 Ἀλλ’

2084 3186 2182 3240 οὐκ
2212 3185 2271 3251 ἐξ
2303 3179 2377 3237 ὧν
2415 3184 2712 3255 λαμϐάνεις
2746 3185 3044 3250 ἀποδώσεις
3069 3187 3130 3238 τὸ
3159 3186 3385 3239 δάνειον.
3430 3186 3664 3255 Ἑτέρω-

2085 3279 2176 3332 θεν
2218 3278 2308 3342 δέ;
2354 3277 2596 3341 Ἐκείνας
2638 3274 2730 3331 οὖν
2769 3278 3127 3349 ἀναμένωμεν
3165 3276 3263 3340 τὰς
3293 3276 3531 3339 ἐλπίδας,
3572 3276 3669 3328 καὶ

2087 3370 2161 3441 μὴ
2185 3370 2443 3441 ἔλθωμεν,
2469 3370 2657 3448 ὥσπερ
2696 3372 2746 3423 oi
2785 3371 2965 3441 ἰχθύες
3011 3371 3104 3423 ἐπὶ
3132 3370 3192 3423 τὸ
3220 3370 3429 3440 δέλεαρ.
3454 3369 3665 3438 Ὥσπερ

2086 3463 2197 3536 γὰρ
2243 3466 2439 3518 ἐκεῖνοι
2478 3465 2614 3535 μετὰ
2642 3465 2743 3533 τῆς
2772 3465 2977 3536 τροφῆς
3012 3465 3073 3517 τὸ
3113 3465 3405 3534 ἄγκιστρον
3436 3463 3667 3516 καταπί-

2086 3572 2300 3618 νουσιν,
2348 3554 2490 3608 οὖτω
2524 3556 2618 3611 καὶ
2661 3555 2771 3624 (ιιι)
2813 3558 2972 3625 ἡμεῖς
3019 3555 3108 3614 διὰ
3151 3555 3219 3608 τὰ
3262 3556 3518 3625 χρήματα
3556 3557 3665 3615 τοῖς

2088 3649 2268 3711 τόκοις
2290 3647 2739 3719 περιπειρόμεθα.
2760 3649 3026 3718 Οὑδεμίαν
3052 3647 3311 3718 αἰσχύνην
3332 3648 3391 3699 τὸ
3411 3646 3665 3698 πένεσθαι

2092 3741 2359 3811 προξενεῖ.
2406 3742 2471 3792 Τί
2498 3737 2589 3794 οὖν
2622 3742 2689 3799 τὰ
2734 3744 2797 3795 ἐκ
2839 3742 2931 3793 τοῦ
2976 3741 3208 3809 ὀφείλειν
3244 3740 3417 3810 ὀνείδη
3454 3742 3665 3802 ἑαυτοῖς

2092 3833 2497 3905 προστιθέμεθα
2520 3834 2627 3903 (45)
2651 3851 2663 3895 ;
2690 3834 2875 3896 Οὐδεὶς
2900 3832 3185 3904 τραύματα
3213 3832 3485 3903 τραύματι
3508 3834 3666 3903 θερα-

2094 3925 2269 3989 πεύει,
2315 3926 2437 3987 οὐδὲ
2482 3925 2636 3996 κακῷ
2674 3926 2733 3977 τὸ
2768 3926 2932 3978 κακὸν
2970 3927 3133 3989 ἰᾶται,
3178 3925 3298 3977 οὐδὲ
3346 3924 3537 3979 πενίαν
3580 3921 3667 3973 τό-

2094 4036 2211 4082 κοις
2265 4018 2675 4099 ἐπανορθοῦται.
2724 4017 2982 4081 Πλούσιος
3020 4014 3099 4082 ei;
3145 4018 3218 4093 μὴ
3256 4018 3496 4081 δανείζου
3528 4013 3664 4085 (46).

414 4425 678 4483 indicant.
709 4425 1000 4492 Aliquanto
1027 4431 1147 4491 post
1179 4423 1344 4476 editio
1380 4424 1552 4479 Paris.
1611 4438 1733 4476 cum
1800 4422 2000 4491 aliqui-
2035 4423 2077 4478 D
2111 4421 2240 4475 stris
2290 4435 2420 4481 mss.
2460 4420 2770 4488 reperitur:
2805 4433 2907 4492 qua
2935 4435 3038 4471 non
3069 4421 3374 4492 observata
3400 4418 3665 4492 interpres

414 4498 517 4553 bus
574 4512 707 4551 mss.
757 4494 1025 4563 ἐφέστηκε
1076 4497 1142 4565 τῇ
1205 4495 1448 4566 affutqu
1489 4496 1594 4547 Sed
1645 4493 1809 4566 ()oisl.
1874 4509 1996 4548 cum

416 4567 539 4624 aliis
574 4582 669 4622 se:
700 4580 831 4620 mss.
875 4577 931 4620 et
973 4580 1097 4619 cum
1139 4564 1386 4619 editione
1420 4564 1586 4621 Basil.
1621 4564 1892 4634 ἐφέστηκε
1930 4565 1996 4634 τῇ

416 4636 584 4708 οἰκίᾳ.

492 4705 606 4776 (ἱο)
640 4706 775 4776 Reg.
811 4707 1081 4760 secundus
1113 4705 1345 4759 ἀϐίωτόν
1379 4722 1493 4759 σου.

494 4710 583 4773 (40
640 4708 775 4776 Reg.
811 4708 1081 4760 secundus
1113 4708 1345 4759 ἁὸίωτόν
1379 4722 1493 4759 σου.

494 4708 606 4848 (Η)
635 4777 725 4830 Sic
752 4779 991 4844 quinque
1017 4792 1149 4834 mss.
1183 4792 1304 4830 cum
1349 4777 1601 4848 editione
1624 4775 1787 4848 Basil.
1826 4775 1999 4848 Editio

422 4845 598 4904 Paris.
647 4861 768 4899 cum
818 4864 926 4899 uno
976 4859 1068 4898 aut
1112 4848 1286 4900 altero
1336 4863 1436 4899 ms.
1471 4845 1824 4915 ἀποθώμεθα.
1878 4847 1999 4899 Mox

423 4918 576 4973 Colb.
611 4928 837 4987 octavus
869 4920 947 4981 εἰς
967 4916 1029 4969 τὸ
1059 4917 1278 4987 ἐφεξῆς.
1315 4916 1479 4969 Paulo
1503 4928 1618 4986 post
1649 4917 1780 4985 Reg.
1810 4918 2000 4969 tertius

427 4986 1006 5055 προσεπεκτείναντος,
1056 4987 1208 5055 llegii
1264 4990 1456 5041 tertius
1506 4999 1559 5042 et
1602 4999 1787 5039 sextus
1838 4990 2002 5052 ἐγκαο

427 5036 573 5191 ἒεὲσεήι
633 5076 735 5117 σοι.
786 5036 1026 5113 bubinde
1085 5036 1217 5125 B33.
1275 5065 1541 5113 secundus
1595 5056 1689 5110 σοῦ
1724 5058 1821 5129 τὴν
1846 5036 2005 5111 ἀδου-

485 5146 566 5184 αν.

485 5146 566 5184 αν.

500 5200 612 5271 (42)
639 5199 727 5253 Sic
762 5200 934 5266 major
952 5214 1077 5268 pars
1108 5213 1237 5271 mss.
1270 5215 1390 5253 cum
1421 5197 1653 5252 editione
1686 5198 1845 5271 Basil.
1876 5198 2008 5271 Edi-

434 5268 668 5328 lio‘vero
714 5271 885 5331 Paris.
918 5287 1039 5322 cunt
1096 5270 1417 5338 quibusdam
1457 5287 1587 5327 mss.
1620 5268 2005 5339 ὲπισπὼμεθα.

431 5341 633 5403 Ibidem
661 5342 828 5396 editio
852 5343 1022 5401 Paris.
1052 5339 1254 5411 νηπίας
1303 5341 1438 5411 ἐστι.
1471 5340 1583 5411 Vo;
1638 5342 1754 5392 ἐστί
1779 5344 1925 5393 deest
1954 5340 2007 5411 in

430 5414 681 5467 Ottlttilltts
714 5428 843 5471 mss.
878 5422 932 5466 et
967 5413 1019 5464 in
1067 5409 1307 5464 editione
1344 5410 1507 5464 Basil.
1558 5409 1761 5465 Ibidem
1817 5409 2011 5467 ἑαυτὸν

434 5484 829 5554 περιστέλλειν,
853 5485 919 5535 ad
950 5482 1195 5545 verbum,
1227 5499 1318 5545 pro
1361 5498 1516 5554 opum
1562 5482 1766 5554 ratione
1804 5499 1906 5534 non
1953 5497 2012 5554 se

432 5551 760 5616 contrahere,
809 5569 911 5607 non
956 5568 1010 5605 se
1041 5560 1330 5610 coarctare.
1364 5551 1473 5607 lloc
1503 5562 1606 5615 est,
1643 5551 1903 5619 impensas
1937 5552 2015 5620 {n-

431 5623 709 5685 cultatibus
740 5641 841 5678 non
865 5624 1055 5680 metiri.

510 5693 620 5771 (45)
654 5695 1023 5771 lnterpunctio
1052 5710 1156 5770 qua
1206 5694 1306 5751 hoc
1333 5694 1449 5753 loco
1478 5694 1558 5749 usi
1587 5708 1795 5760 sumus,
1842 5692 1891 5748 in
1921 5711 2015 5749 no-

2107 4501 2262 4545 vetus
2289 4507 2317 4542 ιι
2366 4507 2524 4544 sensu
2569 4492 2807 4543 auctoris
2836 4491 2992 4557 longe
3032 4491 3327 4544 aberravit.
3359 4489 3526 4542 Paulo
3553 4500 3668 4558 post

2103 4562 2232 4627 lieg.
2263 4562 2527 4615 secundus
2553 4562 2643 4613 ἐπὶ
2667 4560 2938 4614 τοσοῦτον.

2174 4632 2286 4692 tu)
2317 4632 2407 4686 Sic
2443 4631 2614 4699 major
2635 4648 2758 4701 pars
2784 4648 2913 4684 mss.
2947 4630 3105 4684 Deest
3138 4629 3229 4683 καί
3262 4631 3311 4683 in
3344 4630 3522 4701 editis.

2174 4702 2285 4773 (45)
2355 4698 2688 4755 Εόίιίίεηιιι
2762 4701 2894 4773 Reg.
2960 4704 3212 4773 Secundo
3257 4698 3665 4770 περιτιθέμεθα.

2105 4771 2238 4842 Reg.
2290 4773 2496 4847 primus
2558 4772 2949 4847 προτιθέμεθα.
2999 4773 3069 4825 At
3121 4771 3551 4847 quinquenni”.
3613 4781 3671 4847 ut

2106 4846 2156 4897 in
2189 4837 2355 4896 lexin.
2387 4842 2585 4897 lbidem
2606 4837 2749 4897 'mss.
2784 4837 2970 4898 unmes
2996 4837 3304 4913 τραύματα.
3341 4841 3479 4894 Εόίιὶ
3506 4837 3671 4913 τραῦ-

2149 4931 2203 4965 α.

2106 4932 2289 5053 μα(ιίϐ)
2333 4983 2632 5053 Πλούσιος
2655 4978 2741 5040 εῒε
2767 4982 2845 5050 μὴ
2870 4982 3159 5045 δανείζου.
3194 4981 3500 5050 Legendum
3554 4996 3671 5035 esse

2110 5056 2185 5126 μὴ
2210 5052 2445 5118 δάκνειζε,
2480 5052 2561 5105 Ne
2586 5055 2919 5126 dcsjccnore,
2950 5055 3186 5126 tll}llllll$
3235 5055 3282 5105 iu
3315 5061 3426 5105 not.
3460 5054 3525 5106 ad
3558 5069 3671 5126 ser-

2110 5122 2320 5178 iuom-m
2383 5126 2630 5195 quintum
2669 5123 2954 5195 Symeonis
3005 5122 3314 5195 Logotbetze
3367 5138 3486 5191 pag.
3543 5122 3667 5176 495.

2111 5196 2415 5251 ΜΑιιΑΝ.--
2441 5194 2587 5248 Lusit
2641 5192 2867 5248 BaSiIius
2908 5197 2959 5246 in
3005 5196 3203 5261 duplici
3250 5192 3490 5261 ejusdem
3530 5196 3671 5245 votis

2110 5283 2267 5321 sensu
2297 5284 2310 5320 :
2346 5265 2661 5336 δανείζομαι
2709 5266 2850 5316 enim
2888 5280 2990 5314 non
3024 5267 3181 5336 modo
3220 5264 3668 5336 pecuniamdnre,

2113 5341 2205 5390 sed
2232 5338 2390 5389 etiam
2417 5334 2647 5401 (κειμενα
2669 5338 2760 5387 sub
2783 5336 2976 5401 (tenore
2992 5335 3252 5401 signiﬁcat
3282 5354 3294 5388 :
3321 5351 3479 5402 quem
3502 5334 3670 5387 lusum

2114 5408 2300 5461 Latine
2344 5409 2565 5460 reddere
2612 5406 2803 5472 cuique
2842 5409 3027 5457 Latine
3061 5406 3253 5458 scienti
3304 5407 3521 5457 obvium
3569 5414 3670 5464 est,

2115 5479 2373 5545 siquidem
2407 5476 2623 5528 verbm:
2650 5479 2844 5541 [tenero
2870 5475 2951 5527 vel
2982 5476 3209 5543 [mueror
3228 5476 3473 5545 eamdem
3501 5477 3671 5527 ambr-

2117 5544 2373 5618 guitatem
2406 5562 2467 5598 ac
2496 5546 2812 5618 δανείξομαι
2835 5562 2940 5612 prae
2964 5564 3022 5618 se
3049 5548 3171 5600 fert.
3197 5544 3481 5618 Αὑτολεξεί
3514 5546 3673 5618 igitur

2120 5616 2461 5683 interpretari
2486 5616 2723 5681 juvaret,
2760 5620 2859 5667 hoc
2884 5617 3042 5669 modo
3080 5640 3091 5670 ;
3145 5617 3291 5668 "ire;
3323 5619 3415 5671 es?
3446 5618 3550 5666 noli
3584 5616 3674 5684 fat-

2123 5703 2337 5753 urrnre;
2365 5702 2562 5755 pauper
2588 5706 2639 5741 εδ
2660 5688 2684 5742 9
2707 5685 2812 5741 noli
2843 5685 3105 5745 fwncrari.
3140 5688 3293 5741 Ευιτ.
3323 5688 3557 5740 l‘naoL.
