4008 6402
246 298 352 351 173

1405 305 1689 361 HOMILIA
1711 307 1756 363 ll
1785 306 1850 361 IN
1892 307 2219 363 PS.\LMUM
2258 307 2393 364 XIV.

3402 314 3507 370 27‘

248 411 426 481 Πένης
454 407 535 475 ei;
568 412 641 482 μὴ
664 412 928 478 δανείζου.
962 417 1024 470 Εἰ
1052 416 1152 487 μὲν
1171 418 1279 490 γὰρ
1306 420 1575 492 εὐπορεῖς,
1611 424 1671 475 ού
1706 424 1821 495 χρῄ·

1933 426 2229 492 Argentum
2308 439 2378 479 ne
2458 439 2610 480 sume
2690 425 2914 481 fanore.
2989 426 3200 498 Pauper
3264 428 3368 485 es?
3428 430 3506 486 Ne

244 501 364 566 ζεις
411 503 807 573 δανείσματος·
876 510 923 560 εἰ
982 508 1037 561 δὲ
1099 510 1249 563 οὐδὲν
1316 511 1481 582 ἔχεις,
1542 515 1642 569 οὑκ
1695 516 1830 568 ἁπο-

246 591 422 655 τίσεις
476 593 537 647 τὸ
589 592 816 649 δάνειον.
875 598 965 669 Μὴ
1017 598 1122 669 δῷς
1170 600 1399 655 σεαυτοῦ
1454 604 1544 657 τὸν
1590 605 1703 675 βίον
1754 609 1833 670 είς

244 685 685 757 ὑστεροϐουλίαν,
730 692 938 759 μήποτε
984 692 1294 765 μακαρίσῃς
1324 695 1425 758 τὰς
1466 696 1571 766 πρὸ
1607 698 1716 750 τῶν
1750 700 1834 751 τό-

244 793 361 831 κων
383 779 620 848 ἡμέρας.
662 780 775 833 Ἐν).
807 781 919 850 (47)
950 781 1124 853 τούτῳ
1152 784 1499 855 διαφέρωμεν
1532 787 1639 840 τῶν
1664 789 1831 842 πλου-

243 867 481 921 τούντων
502 870 552 922 οί
580 870 830 941 πένητες.
860 876 926 944 τῇ
956 874 1275 947 άμεριμνίᾳ.
1318 879 1426 930 Καὶ
1447 879 1833 952 καταγελῶμεν

242 959 427 1013 αὐτῶν
457 962 894 1031 ἁγρυπνούντων,
951 966 1105 1019 αὐτοὶ
1158 968 1547 1033 καθεύδοντες·
1604 972 1832 1025 καὶτῶν

245 1052 599 1106 συνεστώτων
642 1055 728 1107 ἀεὶ
771 1056 862 1109 καὶ
909 1058 1321 1129 φροντιζόντων,
1375 1062 1531 1115 αὐτοὶ
1581 1065 1834 1135 ἀφροντι-

246 1144 501 1209 στοῦντες
566 1148 661 1200 καὶ
724 1149 1019 1219 ἀνειμένοι.
1097 1151 1155 1203 '0
1228 1152 1408 1222 μέντοι
1456 1154 1688 1223 ὀφείλων
1741 1157 1833 1211 κα)⁵

244 1236 415 1307 πένης
458 1237 572 1290 ἐστὶ
620 1240 712 1291 καὶ
752 1240 1191 1313 πολυμέριμνος·
1231 1245 1433 1307 ἄϋπνος
1470 1247 1703 1320 νύκτωρ,
1737 1249 1832 1302 άῡ-

245 1348 378 1394 πνος
415 1330 531 1401 μεθ’
571 1331 809 1403 ἡμέραν,
844 1335 1065 1399 σύννους
1104 1337 1282 1390 πάντα
1329 1339 1419 1391 τὸν
1455 1340 1678 1412 χρόνον·
1736 1340 1831 1395 νῦν

243 1424 349 1492 μὲν
374 1425 474 1495 τὴν
504 1424 695 1477 ἐαυτοῦ
731 1427 917 1480 ούσίαν
948 1429 1388 1501 ἀποτιμώμενος,
1423 1432 1517 1485 νῦν
1545 1433 1601 1486 δέ
1630 1434 1727 1497 τὰς
1751 1436 1828 1488 οί-

239 1515 371 1579 κὶας
407 1517 506 1579 τὰς
532 1518 857 1581 πολυτελεῖς,
888 1521 1014 1584 τοὺς
1045 1509 1247 1593 ἀγροὺς
1272 1523 1380 1575 τῶν
1414 1524 1702 1589 πλουσίων,
1732 1526 1828 1591 τὰς

241 1606 481 1675 ἐσθῆτας
514 1608 620 1661 τῶν
665 1612 1121 1681 ἐντυγχανόντων,
1162 1615 1228 1667 τὰ
1268 1615 1437 1685 σκεύη
1467 1617 1575 1669 τῶν
1605 1618 1827 1670 ἑστιών-

242 1715 353 1751 των
379 1699 511 1769 (48).
544 1701 606 1752 El
636 1701 806 1755 ταῦτα
837 1703 943 1773 ἐμὰ
970 1700 1057 1775 ἦν,
1096 1708 1279 1776 φησὶν,
1312 1708 1642 1779 ἀπεδιδόμην
1667 1711 1823 1764 τόσου

242 1789 341 1840 καὶ
372 1789 554 1856 τόσου,
592 1794 686 1845 καὶ
715 1793 1143 1866 ἁπηλλασσόμην
1175 1797 1267 1850 τοῦ
1302 1799 1484 1853 τόκου.
1516 1800 1698 1854 Ταῦτα
1727 1801 1824 1853 αύ-
1860 1788 1896 1839 Β

241 1881 337 1933 τοῦ
396 1883 489 1936 καὶ
535 1883 750 1957 νύκτωρ
805 1887 1159 1955 ἐγκαθέζεται
1188 1894 1251 1962 τῇ
1300 1892 1519 1964 καρδία,
1564 1894 1657 1947 καὶ
1704 1894 1820 1965 μεθ’

245 1972 457 2045 ἡμέραν
483 1975 579 2039 τὰς
611 1979 820 2042 ἐννοίας
846 1982 1187 2051 κατείληφεν.
1235 1985 1358 2038 Ἐὰν
1383 1987 1482 2057 τὴν
1514 1987 1683 2059 θύραν
1715 2006 1822 2042 πα-

240 2065 431 2136 τάξῃς,
474 2069 501 2119 ὁ
542 2068 823 2139 χρεώστης
864 2071 967 2125 ὑπὸ
1020 2074 1117 2143 τὴν
1155 2075 1359 2145 κλίνην.
1406 2078 1657 2150 Σφοδρῶς
1706 2082 1820 2132 εἱσ-

242 2157 443 2227 έδραμέ
466 2177 569 2222 τις·
603 2160 696 2213 τοῦ
726 2162 783 2215 δὲ
810 2164 1076 2230 ἐπάταξεν
1109 2166 1218 2233 (49)
1250 2170 1281 2237 ἡ
1307 2170 1523 2240 καρδία.
1568 2171 1824 2226 ’Υλακτεῖ

241 2254 269 2304 ὁ
300 2250 477 2303 κύων;
507 2254 535 2304 ό
571 2253 628 2304 δέ
675 2253 857 2323 ἱδρῶτι
899 2260 1262 2327 περιρῤεἰται.
1310 2260 1404 2313 καὶ
1450 2261 1661 2333 ἀγωνίᾳ
1698 2280 1819 2316 συν-

240 2342 456 2412 έχεται,
494 2344 589 2397 καὶ
623 2348 948 2415 περισκοπεῖ
986 2348 1148 2400 πόθεν
1192 2349 1359 2421 φύγῃ.
1400 2351 1567 2406 Ὅταν
1610 2356 1642 2423 ή
1690 2372 1821 2422 προ-

240 2434 440 2504 θεσμία
477 2435 748 2507 προσάγῃ,
785 2439 1021 2507 μεριμνᾷ
1060 2440 1110 2490 τί
1138 2438 1431 2506 ψεύσεταν
1478 2442 1638 2495 ποίαν
1680 2444 1818 2495 πλα-

240 2527 475 2596 σάμενος
518 2527 788 2597 πρόφασιν
826 2529 915 2580 τὸν
963 2530 1244 2602 δανειστὴν
1288 2532 1689 2603 διακρούσεται.
1733 2536 1819 2609 Μὴ

242 2619 403 2689 μόνον
435 2619 776 2688 λαμϐάνοντα
808 2620 1031 2673 σεαυτὸν
1063 2623 1253 2685 ἐννόει,
1278 2623 1412 2677 ἀλλὰ
1440 2626 1531 2677 καὶ
1557 2626 1819 2680 ἀπαιτού-

244 2727 423 2780 μενον.
469 2711 511 2761 Τ
518 2711 532 2762 ί
572 2710 853 2781 πολυτόκῳ
904 2711 1077 2783 θηρίῳ
1121 2713 1231 2783 (50)
1279 2715 1500 2767 σεαυτὸν
1548 2718 1819 2787 παραζευο

240 2802 463 2869 γνύεις;
492 2801 628 2863 Τοὺς
651 2801 893 2869 λαγωούς
922 2820 1050 2871 φασι
1076 2805 1168 2857 καὶ
1192 2806 1397 2858 τίκτειν
1425 2807 1558 2876 ὁμοῦ
1588 2809 1680 2861 καὶ
1704 2810 1820 2879 τρέ-

240 2905 363 2957 φειν
417 2890 509 2941 καὶ
553 2891 983 2947 ἐπικυΐσκεσθαι.
1039 2894 1148 2946 Καὶ
1200 2898 1309 2958 τοῖς
1353 2896 1704 2966 τοκογλύφοις
1748 2899 1817 2953 τὰ

240 2981 498 3052 χρήματα
534 2981 668 3050 ὁμοῦ
702 2981 998 3045 δανείζεται
1026 2986 1118 3037 καὶ
1145 2986 1256 3055 (51)
1290 2990 1544 3055 γεννᾶται
1569 2990 1661 3041 καὶ
1688 2991 1818 3042 ὑπο-

240 3073 453 3141 φύεται.
486 3072 649 3127 Οῦπω
676 3074 785 3145 γὰρ
814 3076 978 3140 ἐδέξω
1016 3079 1097 3139 εἰς
1126 3082 1333 3149 χεῖρας,
1363 3082 1457 3133 καὶ
1484 3080 1575 3133 τοῦ
1614 3082 1815 3153 παρόν-

1933 533 2083 572 sume
2146 516 2352 572 fauore
2408 528 2710 588 argentum.
2764 519 2971 573 Etenim
3025 520 3069 575 si
3130 519 3364 590 locuples
3419 537 3502 588 es,

1933 609 2063 664 nihil
2112 610 2205 662 lilii
2259 609 2465 664 faenore
2512 624 2647 679 opus
2699 622 2782 665 est
2819 630 2832 666 :
2864 612 2907 665 si
2958 626 3085 665 vero
3132 612 3265 666 nihil
3314 614 3500 678 habes,

1933 714 2037 752 non
2085 698 2285 767 pendes
2333 714 2545 752 usuras.
2597 698 2712 753 Noli
2760 710 2903 754 tuam
2949 699 3117 769 ipsius
3157 701 3320 755 vitam
3365 717 3502 757 serie

1932 790 2265 860 ptenitentize
2330 790 2585 858 objicerc,
2664 790 2944 858 uequamlo
2994 790 3111 845 dies
3178 793 3266 860 qui
3325 791 3501 849 [minus

1932 892 2349 951 pmcesseruut,
2404 881 2590 936 beatos
2657 882 2954 937 existimes.
3018 880 3130 937 Hoc
3196 898 3303 937 uno
3358 884 3499 937 divi-

1934 976 2075 1029 tibus
2136 988 2397 1043 pauperes
2468 990 2566 1029 nos
2619 983 2957 1045 praestamus.
3018 984 3268 1029 curarum
3325 977 3501 1031 vacui-

1934 1074 2062 1120 tate.
2094 1064 2214 1119 lllos
2250 1076 2360 1117 tum
2400 1065 2703 1135 vigilantes,
2731 1074 2841 1119 tum
2876 1066 3021 1120 curis
3050 1082 3264 1135 semper
3291 1067 3499 1122 disten-

1932 1166 2014 1211 tos
2043 1172 2107 1212 ac
2142 1156 2399 1211 sollicitos
2425 1157 2733 1211 deridemus
2762 1171 2880 1217 nos,
2915 1158 3005 1225 qui
3032 1159 3348 1221 dormimus,
3379 1160 3497 1229 qui-
3525 1181 3533 1189 -

1930 1264 2034 1317 que
2058 1247 2422 1302 sollicitudine
2452 1263 2727 1310 caremus,
2763 1262 2824 1300 ac
2855 1247 3005 1303 liberi
3030 1263 3235 1302 sumus.
3273 1247 3492 1303 Debitor

1935 1343 2122 1410 utique
2173 1350 2226 1394 et
2274 1355 2476 1410 pauper
2518 1348 2620 1400 est.
2652 1349 2707 1393 et
2746 1340 2892 1394 curis
2944 1340 3127 1396 multis
3167 1341 3490 1397 coniicitur:

1932 1449 2118 1490 noctes
2143 1450 2206 1491 ac
2240 1436 2354 1489 dies
2393 1435 2540 1488 ducit
2571 1436 2865 1497 insomnes,
2898 1434 3042 1489 omni
3076 1444 3316 1504 tempore
3350 1436 3495 1504 cogi-

1931 1530 2131 1583 tatione
2173 1528 2399 1584 deﬁxus.
2453 1528 2606 1581 Nunc
2657 1527 2874 1596 quidem
2924 1527 3157 1582 mstimat
3206 1543 3292 1582 res
3334 1543 3492 1593 suas,

1930 1634 2072 1673 nunc
2100 1634 2227 1673 vero
2263 1620 2450 1673 domos
2490 1626 2854 1686 sumptuosas,
2884 1618 3110 1672 divitum
3144 1635 3320 1689 agros,
3356 1635 3492 1690 quo-

1931 1709 2181 1764 rnmlibet
2207 1709 2258 1763 in
2302 1720 2651 1778 conspectum
2696 1709 3022 1762 venientium
3056 1720 3254 1775 vestes,
3285 1726 3411 1765 vasa
3441 1721 3494 1766 et

1929 1800 2314 1870 supellectilem
2357 1815 2543 1854 eorum
2585 1814 2615 1853 a
2662 1800 2859 1868 quibus
2902 1802 3152 1855 convivio
3205 1802 3489 1871 excipitur.

1930 1892 2055 1947 llaec
2089 1892 2133 1947 si
2172 1908 2287 1945 mea
2332 1902 2533 1955 essent,
2562 1892 2752 1961 inquit.
2792 1892 2921 1945 tanti
2963 1901 3016 1946 et
3071 1893 3205 1945 tanti
3240 1894 3494 1948 diveude-

1931 1998 2065 2047 rem,
2097 1992 2258 2051 atque
2300 1982 2557 2038 Iiberarer
2587 1982 2811 2038 fauore.
2846 1983 3033 2037 Isthmo
3068 1994 3121 2037 et
3150 1994 3308 2039 noctu
3343 1985 3489 2039 cordi

1927 2076 2042 2145 ejus
2084 2076 2335 2141 insident,
2369 2085 2423 2129 et
2470 2075 2700 2129 interdiu
2744 2075 2888 2129 illius
2926 2085 3193 2143 occupant
3233 2086 3487 2131 mentem.

1926 2166 2149 2221 Jannam
2194 2167 2237 2220 si
2286 2166 2600 2236 pulsaveris,
2643 2166 2830 2234 irrepit
2869 2168 2967 2220 sub
3010 2166 3204 2223 lectum
3262 2167 3487 2222 debitor.

1934 2258 2197 2312 Velociter
2223 2257 2461 2311 accurrit
2491 2257 2635 2325 quis.
2660 2266 2709 2309 et
2747 2256 2890 2310 illius
2930 2272 3023 2309 cor
3054 2257 3294 2325 palpitat.
3326 2256 3491 2313 Canis

1926 2349 2124 2403 latrat?
2165 2349 2257 2403 Ille
2296 2351 2489 2402 sudore
2520 2346 2731 2411 dililuit,
2773 2355 2826 2402 et
2862 2348 3135 2402 anxietate
3168 2349 3486 2417 corripitur;

1925 2455 2139 2510 quaque
2168 2440 2248 2493 via
2286 2438 2475 2508 fugiat,
2511 2438 2796 2507 conspicit.
2854 2436 2953 2492 Ubi
2994 2438 3108 2493 dies
3141 2439 3487 2507 praescriptus

1928 2534 2111 2593 instat,
2158 2532 2318 2585 anxie
2357 2545 2543 2585 secum
2600 2540 2810 2597 reputat
2843 2529 3114 2597 quodnam
3149 2528 3389 2583 dicturus
3419 2528 3488 2582 sit

1927 2622 2297 2686 mendacium,
2329 2631 2383 2677 et
2427 2636 2535 2690 quo
2596 2621 2827 2675 conﬁcto
2866 2630 3129 2690 prmtextu
3169 2620 3488 2690 depulsurus

1929 2715 2082 2783 ιιι
2118 2730 2148 2768 a
2181 2729 2240 2769 se
2266 2714 2335 2768 sit
2365 2714 2713 2769 creditorem.
2742 2711 2855 2767 Non
2885 2724 3069 2769 autem
3105 2713 3277 2785 cogita
3313 2713 3485 2769 solum

1928 2818 1979 2861 te
2010 2807 2284 2875 accipere,
2321 2805 2413 2860 sed
2463 2804 2598 2869 lore,
2626 2815 2685 2860 ut
2728 2807 2889 2861 etiam
2927 2806 2979 2861 id
3009 2807 3149 2876 quod
3191 2807 3485 2876 acceperis.

1925 2912 1955 2949 a
1988 2907 2038 2951 te
2064 2896 2334 2965 exigatur.
2370 2894 2507 2961 Quid
2538 2896 2722 2965 teipse
2759 2895 2943 2949 bestiae
2970 2896 3362 2951 fecundissimae
3394 2896 3491 2950 ad-

1918 2987 2139 3059 juugis?
2173 2988 2408 3056 Lepores
2450 2987 2600 3041 aiunt
2642 2988 2802 3041 simul
2832 2998 2886 3043 et
2924 3002 3135 3056 parere.
3167 2998 3222 3043 et
3252 2990 3484 3053 nutrire,

1922 3088 1979 3131 et
2016 3076 2368 3145 superletare.
2412 3076 2503 3132 Sic
2546 3077 2782 3147 pecuniae
2812 3077 3225 3134 faeneratoribus
3248 3078 3405 3132 simul
3435 3087 3489 3132 et

240 3182 331 3229 τος
364 3165 531 3235 μηνὸς
563 3167 854 3239 άπῃτήθης
882 3170 979 3238 τὴν
1011 3148 1293 3238 ἐργασίαν.
1326 3173 1433 3225 Καὶ
1465 3172 1623 3227 τοῦτο
1658 3148 1818 3228 πάλιν

1924 3167 2119 3221 dantur
2146 3166 2212 3219 ad
2249 3165 2556 3236 peudendas
2586 3181 2800 3229 usuras,
2826 3176 2881 3221 et
2904 3166 3214 3238 gignuntur,
3238 3177 3290 3222 et
3313 3166 3485 3237 pullu-

239 3257 539 3321 δανεισθὲν,
585 3258 770 3330 ἕτερον
822 3260 988 3313 κακὸν
1034 3259 1311 3333 ἐξέθρεψε,
1352 3266 1571 3319 κάκεῖνο
1608 3265 1815 3336 ἕτερον,

240 3344 335 3397 καὶ
360 3344 422 3395 τὸ
463 3344 632 3396 κακὸν
669 3346 747 3408 εἰς
774 3346 1019 3416 ἄπειρον.
1059 3346 1157 3399 Διὰ
1194 3348 1351 3401 τοῦτο
1390 3350 1484 3401 καὶ
1522 3349 1623 3419 τῆς
1654 3368 1819 3420 προσ-

241 3440 468 3510 ηγορίας
495 3438 696 3507 ταύτης
737 3438 964 3509 ἠξίωται
1008 3438 1069 3491 τὸ
1112 3435 1249 3501 εἶδος
1291 3439 1451 3493 τοῦτο
1493 3441 1592 3511 τῆς
1634 3440 1819 3494 πλεονο

241 3530 410 3594 εξίας.
444 3530 613 3592 Τόκος
639 3528 768 3599 γὰρ,
801 3530 875 3591 ὡς
903 3524 1083 3598 οἶμαι,
1122 3529 1209 3582 διὰ
1235 3529 1332 3600 τὴν
1375 3531 1694 3599 πολυγονίαν
1724 3532 1817 3585 τοῦ

240 3626 414 3678 κακοῦ
444 3625 897 3695 προσηγόρευται.
930 3624 1099 3676 Πόθεν
1137 3623 1245 3693 γάρ
1284 3623 1539 3688 ἅλλοθεν;
1579 3627 1647 3677 Ἦ
1680 3625 1819 3695 τάχα

238 3715 401 3775 τόκος
426 3714 640 3782 λέγεται
677 3714 762 3767 διὰ
787 3714 885 3776 τὰς
916 3714 1111 3777 ὠδῖνας
1140 3714 1234 3767 καὶ
1256 3714 1451 3777 λύπας,
1479 3715 1541 3777 ἃς
1574 3716 1818 3785 ἐμποιεῖν

240 3808 363 3869 ταῖς
413 3806 613 3875 ψυχαῖς
654 3804 762 3857 τῶν
804 3805 1204 3875 δανεισαμένων
1251 3805 1363 3874 (52)
1405 3805 1665 3874 πέφυκεν.
1735 3809 1820 3871 Ὠς

238 3900 351 3971 γὰρ
402 3902 435 3969 ἡ
472 3900 600 3961 ὠδὶς
648 3901 715 3969 τῇ
760 3897 1039 3969 τικτούσῃ,
1078 3897 1250 3961 οὕτως
1311 3899 1344 3967 ἠ
1400 3898 1707 3969 προθεσμία
1744 3899 1819 3971 τῷ

239 3990 495 4060 ὐπόχρεῳ
525 3991 877 4060 παρίσταται.
910 3990 1079 4051 Τόκος
1120 3990 1212 4041 ἐπὶ
1240 3989 1405 4058 τόκῳ,
1434 3989 1687 4060 πονηρῶν
1728 4008 1823 4058 γο-

240 4082 378 4135 νέων
434 4083 669 4151 πονηρὸν
716 4082 957 4148 ἔκγονον.
1006 4081 1190 4134 Ταῦτα
1231 4079 1470 4147 λεγέσθω
1507 4082 1820 4151 γεννήματα

241 4174 486 4244 ἐχιδνῶν,
533 4174 602 4226 τὰ
647 4174 755 4227 τῶν
798 4175 973 4226 τόκων
1027 4174 1415 4243 ἀποκυήματα.
1466 4173 1577 4236 Τάς
1609 4174 1819 4243 ἐχίδνας

239 4265 458 4334 λέγουσι
498 4267 596 4337 τὴν
637 4267 880 4338 γαστέρα
940 4267 1039 4336 τῆς
1084 4266 1289 4337 μητρὸς
1347 4264 1684 4329 διεσθιούσας
1733 4268 1816 4319 τί-

239 4357 487 4411 κτεσθαι.
532 4360 639 4411 Καὶ
672 4360 721 4411 οί
766 4359 913 4411 τόκοι
938 4360 1064 4421 τοὺς
1114 4359 1294 4419 οἴκους
1343 4356 1453 4408 τῶν
1498 4356 1818 4425 ὀφειλόντων

238 4450 572 4519 ἐκφαγόντες
602 4451 1024 4519 ἀπογεννῶνται.
1052 4451 1131 4503 Τὰ
1166 4450 1456 4520 σπέρματα
1488 4449 1663 4519 χρόνῳ
1689 4448 1816 4517 φύε-

1920 3258 2051 3314 lant.
2092 3256 2340 3311 Nondum
2389 3256 2534 3310 enim
2575 3257 2627 3311 in
2676 3274 2867 3312 manus
2905 3259 3181 3328 accepisti,
3214 3270 3269 3313 et
3306 3270 3482 3314 tamen

1920 3350 2203 3418 praesentis
2231 3348 2430 3403 mensis
2458 3348 2665 3403 lucrum
2690 3360 3018 3418 quaestnmve
3039 3368 3067 3405 a
3099 3360 3150 3407 te
3169 3362 3483 3421 exposcunt.

1922 3441 1985 3495 Et
2036 3443 2146 3495 haec
2193 3444 2417 3511 pecunia
2468 3458 2655 3498 rursus
2702 3442 2911 3498 faenore
2959 3453 3240 3514 occupata,
3288 3445 3484 3499 malum

1920 3534 2149 3587 alterum
2182 3534 2336 3598 aluit,
2368 3545 2421 3589 et
2462 3534 2589 3589 illud
2627 3534 2875 3598 alterum,
2904 3546 3064 3604 atque
3089 3538 3169 3590 sic
3203 3536 3397 3589 malum
3431 3537 3484 3590 in

1922 3627 2213 3681 inﬁnitum.
2257 3628 2618 3694 Quamobrem
2657 3629 2758 3682 hoc
2801 3628 3043 3683 avaritia:
3082 3642 3252 3698 genus
3298 3644 3362 3681 eo
3390 3644 3484 3682 no-

1920 3718 2067 3771 mine
2091 3716 2411 3785 appellatur.
2443 3716 2677 3781 Etenim,
2702 3719 2912 3786 opinor,
2941 3718 3119 3783 τόκος,
3160 3718 3211 3771 id
3250 3727 3332 3771 est
3362 3734 3485 3787 par-

1923 3816 2031 3872 tus,
2080 3806 2150 3860 ob
2214 3806 2483 3875 ingentem
2537 3806 2663 3860 mali
2722 3805 3105 3861 fecunditatem
3157 3808 3482 3863 nominatur.

1923 3896 2074 3953 Unde
2102 3897 2245 3951 enim
2275 3896 2529 3951 aliunde?
2567 3898 2674 3951 Aut
2716 3898 2853 3953 forte
2901 3898 3080 3963 τόκος,
3115 3897 3216 3952 hoc
3246 3907 3331 3953 eat
3358 3912 3484 3968 par-

1922 3997 2033 4056 tus,
2068 3988 2265 4043 dicitur
2303 3989 2372 4043 ob
2411 3987 2627 4043 dolores
2672 4004 2738 4043 ac
2781 3988 3076 4052 molestias,
3110 4004 3245 4057 quas
3286 3988 3483 4042 animis

1918 4094 2105 4133 eorum
2127 4078 2216 4147 qui
2246 4077 2456 4133 {tenore
2482 4089 2825 4149 acceperunt,
2858 4080 2992 4136 solet
3012 4094 3217 4134 creare.
3248 4077 3313 4134 Ut
3337 4080 3480 4133 enim

1921 4170 2265 4240 puerperium
2315 4170 2593 4239 pariturae,
2628 4172 2699 4225 ita
2736 4172 2853 4226 dies
2899 4172 3097 4226 indicta
3133 4172 3361 4226 debitori
3398 4171 3479 4233 in-

1919 4272 2045 4317 stat.
2100 4260 2297 4316 Fcrnus
2336 4262 2530 4317 faenori
2578 4263 2837 4325 additum,
2886 4276 3166 4334 parentum
3221 4263 3480 4317 malorum

1921 4355 2060 4409 mala
2102 4363 2185 4407 est
2226 4354 2459 4410 suboles.
2503 4355 2563 4409 Ili
2612 4357 2700 4409 isti
2738 4372 3022 4410 usurarum
3059 4355 3196 4409 l'etus
3234 4357 3484 4410 dicantur

1918 4464 2038 4504 esse
2074 4448 2356 4517 progenies
2395 4449 2718 4517 viperarum.
2770 4448 2936 4505 Aiunt
2969 4449 3201 4517 viperas,
3238 4448 3362 4503 dum
3405 4448 3484 4516 gi-

235 4559 361 4606 ται,
398 4543 589 4596 καὶτὰ
634 4542 748 4606 ζῶα
796 4544 971 4614 χρόνῳ
1021 4542 1458 4613 τελεσφορεῖται’
1504 4543 1531 4593 ὁ
1562 4540 1619 4593 δὲ
1660 4541 1815 4604 τόκος

1923 4549 2174 4611 guuntur,
2206 4550 2449 4596 ventrem
2478 4542 2975 4596 matris-corrodere
3001 4560 3016 4598 :
3047 4540 3223 4596 lienus
3244 4556 3479 4611 quoque,

313 4761 425 4833 (i7)
454 4762 587 4831 Reg.
616 4764 809 4817 tertius
838 4764 927 4816 ἐπί
964 4779 1060 4833 pro
1095 4762 1194 4816 ἐνί.
1228 4760 1347 4816 Mox
1380 4761 1534 4818 Colb.
1578 4771 1806 4832 quartus

237 4842 294 4888 ct
328 4832 668 4905 Regssextus
692 4836 987 4905 ἀνιέμενοι.

314 4904 429 4967 (48)
459 4904 552 4958 Sic
579 4904 711 4969 Reg.
747 4901 934 4959 scitus
951 4915 1004 4958 et
1039 4904 1191 4961 Colb.
1220 4904 1488 4972 septimus
1516 4916 1638 4956 cum
1669 4901 1813 4957 Oliv.

238 4971 385 5028 Editi
413 4991 535 5027 cum
571 4975 752 5027 multis
778 4993 911 5029 mss.
957 4975 1266 5029 ἐσθιόντων.
1290 4971 1480 5027 Paulo
1517 4983 1639 5040 post
1679 4989 1811 5029 mss.

237 5059 361 5119 non
379 5045 533 5119 pauci
564 5045 812 5119 πατάξῃς
840 5047 886 5100 ό.
926 5046 1064 5119 Editi
1096 5062 1224 5119 vero
1254 5044 1467 5115 πατάξῃ
1502 5060 1604 5119 τιςΪ

310 5116 428 5181 (49)
459 5116 611 5169 Ηιιιιε
654 5113 827 5169 Ιυειῖιιι
859 5117 1253 5171 emendandum
1281 5130 1402 5171 esse
1418 5113 1628 5169 censuit
1650 5113 1812 5168 Com-

236 5185 483 5258 beﬁsius,
544 5188 1001 5258 scribendumque
1059 5187 1297 5258 ἐπτόησε
1339 5200 1435 5255 pro
1488 5183 1801 5258 ἐπάταξεν-ο

236 5258 335 5308 sed
369 5254 487 5320 ejus
524 5257 887 5310 emendationi
918 5254 1105 5311 nullus
1158 5254 1258 5311 Ius.
1296 5254 1459 5311 favet.
1511 5254 1630 5308 Mox
1682 5255 1809 5309 Col.

240 5326 575 5397 bertinidno
602 5330 797 5397 ρεἶται.
829 5327 1068 5382 Subinde
1119 5328 1250 5397 Reg.
1298 5326 1567 5382 secundus
1606 5324 1811 5397 ψεύση-

234 5412 397 5468 ται...
414 5467 418 5468 γ
438 5396 843 5468 διακρούσηται.

314 5466 428 5535 (50)
458 5463 594 5520 Editi
647 5463 914 5521 et'uostri
964 5484 1093 5521 mss.
1127 5467 1449 5537 πολυπλόκῳ
1480 5464 1672 5536 θηρίῳ.
1701 5463 1805 5519 Sed

237 5605 522 5677 lectionem
557 5607 841 5677 πολυτόκῳ
893 5609 1152 5676 aptiorem
1202 5625 1341 5665 esse.
1386 5608 1648 5674 longeque
1681 5605 1804 5660 huic

240 5676 358 5729 loco
385 5676 955 5732 accommodatiorem.
991 5678 1063 5730 lta
1096 5679 1237 5732 enim
1272 5679 1552 5744 legendum
1593 5692 1715 5731 esse
1749 5687 1804 5730 et

238 5746 357 5817 ipsa
392 5763 567 5803 usurae
599 5751 768 5814 notio,
796 5758 850 5803 et
879 5748 1181 5818 exemplum
1202 5750 1396 5818 leporis
1427 5765 1457 5803 a
1496 5748 1691 5803 Basilio
1725 5748 1800 5801 alo

1913 4760 2077 4814 latum
2105 4776 2208 4816 non
2244 4762 2476 4814 obscure
2503 4760 2814 4815 ostendunt.
2848 4758 2959 4815 Nec
2982 4759 3140 4813 aliter
3172 4758 3366 4827 legisse
3401 4761 3484 4814 vi-

1912 4834 2070 4887 detur
2102 4832 2394 4899 interpres,
2421 4832 2510 4899 qui
2542 4833 2764 4884 verterit
2798 4848 2811 4884 :
2843 4832 3069 4898 fecunda
3096 4830 3277 4883 bestia.

1985 4899 2097 4970 (51)
2130 4901 2355 4972 Editiet
2389 4901 2538 4972 multi
2562 4916 2690 4972 mss.
2720 4900 2789 4954 τὰ
2805 4902 3063 4972 χρήματα
3077 4900 3209 4970 ὁμοῦ
3243 4900 3483 4965 δανείζε-

1985 4919 2097 4970 ton
2130 4919 2271 4956 muti
2301 4919 2355 4955 et
2389 4919 2538 4954 mmu
2562 4919 2690 4955 mss.
2720 4919 2789 4954 τα
2805 4919 3209 5024 χρηματαομου
3243 4919 3482 4965 οανειςε-

1909 4990 2000 5026 ται
2017 4972 2131 5035 καὶ,
2149 4981 2258 5028 etc.
2280 4971 2382 5026 Sed
2415 4971 2523 5033 illa,
2553 4971 2687 5042 ὁμοῦ
2703 4971 2828 5028 δανε
2856 4974 3025 5036 ζεται,
3044 4974 3235 5042 desunt
3264 4974 3482 5026 omnino

1909 5042 1963 5096 in
2015 5042 2145 5111 Reg.
2179 5043 2358 5096 tertio.
2396 5041 2761 5112 Reperiuutur
2796 5043 3013 5112 quidem
3046 5042 3098 5094 in
3145 5041 3272 5109 Reg.
3305 5052 3477 5105 sexto,

1907 5114 2001 5167 sed
2046 5113 2282 5167 secunda
2329 5127 2488 5167 manu
2531 5111 2827 5168 duntaxat.
2875 5112 3147 5181 Legnntur
3202 5112 3385 5166 itidem
3428 5113 3479 5163 in

1908 5181 2043 5250 Reg.
2079 5184 2339 5245 secundo,
2364 5183 2459 5235 sed
2485 5182 2657 5235 variis
2690 5183 2905 5251 pttuclis
2956 5193 3138 5237 notata
3165 5192 3291 5236 sunt
3327 5194 3342 5234 :
3376 5198 3479 5250 qua

1906 5261 2229 5322 punctorum
2250 5251 2554 5317 adjectione
2587 5253 2842 5307 indicavit
2864 5252 3138 5314 librarius,
3164 5252 3407 5319 quisquis
3434 5266 3481 5304 ιε

1909 5333 2013 5386 est,
2040 5337 2133 5375 eas
2168 5335 2329 5376 voces
2357 5322 2616 5377 delendas
2641 5337 2782 5377 esse.
2820 5324 2996 5389 Quare
3022 5324 3064 5376 si
3107 5325 3229 5391 quis
3258 5323 3353 5391 llas
3385 5335 3481 5372 ex-

1906 5392 2318 5472 pungerevelit,
2353 5409 2446 5472 per
2472 5408 2568 5472 nos
2610 5393 2755 5472 licet,
2781 5390 3164 5472 (ταμιείῳ-κείς,
3193 5390 3342 5472 quod.
3364 5392 3479 5444 hinc

1907 5460 2068 5517 verba
2104 5463 2170 5516 ad
2202 5460 2485 5518 sententiae
2510 5460 2879 5533 integritatem
2901 5463 3030 5515 nibil
3058 5460 3234 5515 facere
3259 5460 3478 5514 videan-

152 5576 163 5581 υ
237 5546 387 5590 recte
423 5538 687 5605 judicavit
729 5540 812 5589 vir
853 5539 1204 5592 doctissimus
1254 5540 1480 5591 Duczens
1524 5538 1802 5605 Anglicani
1899 5540 2006 5605 tur.

1973 5603 2085 5672 (52)
2123 5601 2273 5675 Colb.
2309 5614 2537 5675 quartus
2557 5602 2757 5675 ψυχαῖς
2780 5604 2887 5656 τῶν
2916 5599 3327 5675 δανειζομένων.
3358 5599 3472 5675 Mos

1901 5673 2031 5742 Reg.
2064 5674 2337 5746 secundus
2362 5672 3001 5746 ὑπόχρεῳκαθίσταται.
3045 5672 3288 5726 Subinde
3321 5672 3469 5725 tnulti

1899 5762 2026 5799 mss.
2060 5743 2298 5811 ἔγγονον.
