  <div class='ocr_page' id='page_1' title='image "/cluster/home/n/w/nwhite01/storage/ocr_20150623/29/hvd.32044011320256/571.png"; bbox 0 0 4008 6402; ppageno 0'>
   <div class='ocr_carea' id='block_1_1' title="bbox 529 298 637 354">
    <p class='ocr_par' dir='ltr' id='par_1_1' title="bbox 529 298 637 354">
     <span class='ocr_line' id='line_1_1' title="bbox 529 298 637 354; baseline 0.009 -2"><span class='ocrx_word' id='word_1_1' title='bbox 529 298 637 354; x_wconf 68' lang='lat'><strong>£75</strong></span> 
     </span>
    </p>
   </div>
   <div class='ocr_carea' id='block_1_2' title="bbox 1858 305 2456 363">
    <p class='ocr_par' dir='ltr' id='par_1_2' title="bbox 1858 305 2456 363">
     <span class='ocr_line' id='line_1_2' title="bbox 1858 305 2456 363; baseline -0.008 0"><span class='ocrx_word' id='word_1_2' title='bbox 1858 308 1916 363; x_wconf 85' lang='lat' dir='ltr'><strong>S.</strong></span> <span class='ocrx_word' id='word_1_3' title='bbox 1963 306 2203 362; x_wconf 82' lang='lat' dir='ltr'><strong>BASlLll</strong></span> <span class='ocrx_word' id='word_1_4' title='bbox 2246 305 2456 360; x_wconf 76' lang='lat' dir='ltr'><strong>MAGNI</strong></span> 
     </span>
    </p>
   </div>
   <div class='ocr_carea' id='block_1_3' title="bbox 3675 305 3783 359">
    <p class='ocr_par' dir='ltr' id='par_1_3' title="bbox 3675 305 3783 359">
     <span class='ocr_line' id='line_1_3' title="bbox 3675 305 3783 359; baseline 0 0"><span class='ocrx_word' id='word_1_5' title='bbox 3675 305 3783 359; x_wconf 74' lang='lat'><strong>276</strong></span> 
     </span>
    </p>
   </div>
   <div class='ocr_carea' id='block_1_4' title="bbox 526 414 2108 491">
    <p class='ocr_par' dir='ltr' id='par_1_4' title="bbox 526 414 2095 485">
     <span class='ocr_line' id='line_1_4' title="bbox 526 414 2095 485; baseline 0.007 -20"><span class='ocrx_word' id='word_1_6' title='bbox 526 414 698 466; x_wconf 83' lang='lat' dir='ltr'><strong>erosis</strong></span> <span class='ocrx_word' id='word_1_7' title='bbox 734 427 797 466; x_wconf 90' lang='lat' dir='ltr'><strong>ac</strong></span> <span class='ocrx_word' id='word_1_8' title='bbox 838 416 1175 485; x_wconf 79' lang='lat' dir='ltr'><strong>consumptis</strong></span> <span class='ocrx_word' id='word_1_9' title='bbox 1216 416 1516 472; x_wconf 97' lang='lat' dir='ltr'><strong>debitorum</strong></span> <span class='ocrx_word' id='word_1_10' title='bbox 1558 420 1782 484; x_wconf 63' lang='grc' dir='ltr'>παῖδας,</span> <span class='ocrx_word' id='word_1_11' title='bbox 1837 424 2095 475; x_wconf 87' lang='lat' dir='ltr'><strong>nascitur.</strong></span> 
     </span>
    </p>
   </div>
   <div class='ocr_carea' id='block_1_5' title="bbox 2211 414 3781 491">
    <p class='ocr_par' dir='ltr' id='par_1_5' title="bbox 2211 417 3781 491">
     <span class='ocr_line' id='line_1_5' title="bbox 2211 417 3781 491; baseline -0.001 -19"><span class='ocrx_word' id='word_1_12' title='bbox 2211 422 2440 491; x_wconf 76' lang='grc' dir='ltr'>σήμερον</span> <span class='ocrx_word' id='word_1_13' title='bbox 2471 420 2746 488; x_wconf 80' lang='grc' dir='ltr'><strong>γεννᾶται,</strong></span> <span class='ocrx_word' id='word_1_14' title='bbox 2778 417 2871 471; x_wconf 69' lang='grc' dir='ltr'>καὶ</span> <span class='ocrx_word' id='word_1_15' title='bbox 2904 419 3142 489; x_wconf 78' lang='grc' dir='ltr'><strong>σήμερον</strong></span> <span class='ocrx_word' id='word_1_16' title='bbox 3163 417 3258 472; x_wconf 80' lang='grc' dir='ltr'>τοῦ</span> <span class='ocrx_word' id='word_1_17' title='bbox 3292 418 3498 471; x_wconf 79' lang='grc' dir='ltr'><strong>τίκτειν</strong></span> <span class='ocrx_word' id='word_1_18' title='bbox 3530 420 3781 489; x_wconf 76' lang='grc' dir='ltr'>ἄρχεται.</span> 
     </span>
    </p>
   </div>
   <div class='ocr_carea' id='block_1_6' title="bbox 529 504 2099 579">
    <p class='ocr_par' dir='ltr' id='par_1_6' title="bbox 529 504 2099 579">
     <span class='ocr_line' id='line_1_6' title="bbox 529 504 2099 579; baseline 0.004 -20"><span class='ocrx_word' id='word_1_19' title='bbox 529 504 748 559; x_wconf 84' lang='lat' dir='ltr'><strong>Semina</strong></span> <span class='ocrx_word' id='word_1_20' title='bbox 781 510 1037 575; x_wconf 91' lang='lat' dir='ltr'><strong>temporis</strong></span> <span class='ocrx_word' id='word_1_21' title='bbox 1065 524 1353 578; x_wconf 87' lang='lat' dir='ltr'><strong>progressu</strong></span> <span class='ocrx_word' id='word_1_22' title='bbox 1406 512 1732 579; x_wconf 86' lang='lat' dir='ltr'><strong>germinant,</strong></span> <span class='ocrx_word' id='word_1_23' title='bbox 1762 521 1813 566; x_wconf 88' lang='lat' dir='ltr'><strong>et</strong></span> <span class='ocrx_word' id='word_1_24' title='bbox 1848 514 2099 566; x_wconf 90' lang='lat' dir='ltr'><strong>animalia</strong></span> 
     </span>
    </p>
   </div>
   <div class='ocr_carea' id='block_1_7' title="bbox 528 602 2101 667">
    <p class='ocr_par' dir='ltr' id='par_1_7' title="bbox 528 602 2101 667">
     <span class='ocr_line' id='line_1_7' title="bbox 528 602 2101 667; baseline 0.006 -16"><span class='ocrx_word' id='word_1_25' title='bbox 528 604 773 665; x_wconf 83' lang='lat' dir='ltr'><strong>tempore</strong></span> <span class='ocrx_word' id='word_1_26' title='bbox 832 602 1134 667; x_wconf 67' lang='lat' dir='ltr'><strong>praesumto</strong></span> <span class='ocrx_word' id='word_1_27' title='bbox 1180 603 1321 655; x_wconf 84' lang='lat' dir='ltr'><strong>fetus</strong></span> <span class='ocrx_word' id='word_1_28' title='bbox 1364 605 1531 656; x_wconf 91' lang='lat' dir='ltr'><strong>edunt</strong></span> <span class='ocrx_word' id='word_1_29' title='bbox 1574 618 1740 658; x_wconf 86' lang='lat' dir='ltr'><strong>suos:</strong></span> <span class='ocrx_word' id='word_1_30' title='bbox 1774 620 1931 658; x_wconf 89' lang='lat' dir='ltr'><strong>usura</strong></span> <span class='ocrx_word' id='word_1_31' title='bbox 1975 621 2101 660; x_wconf 90' lang='lat' dir='ltr'><strong>vero</strong></span> 
     </span>
    </p>
   </div>
   <div class='ocr_carea' id='block_1_8' title="bbox 533 685 2100 764">
    <p class='ocr_par' dir='ltr' id='par_1_8' title="bbox 533 685 2100 764">
     <span class='ocr_line' id='line_1_8' title="bbox 533 685 2100 764; baseline 0.006 -23"><span class='ocrx_word' id='word_1_32' title='bbox 533 685 693 741; x_wconf 91' lang='lat' dir='ltr'><strong>hodie</strong></span> <span class='ocrx_word' id='word_1_33' title='bbox 719 699 1032 756; x_wconf 90' lang='lat' dir='ltr'><strong>generatur,</strong></span> <span class='ocrx_word' id='word_1_34' title='bbox 1074 701 1128 745; x_wconf 91' lang='lat' dir='ltr'><strong>et</strong></span> <span class='ocrx_word' id='word_1_35' title='bbox 1161 694 1319 745; x_wconf 89' lang='lat' dir='ltr'><strong>hodie</strong></span> <span class='ocrx_word' id='word_1_36' title='bbox 1358 709 1548 761; x_wconf 88' lang='lat' dir='ltr'><strong>parere</strong></span> <span class='ocrx_word' id='word_1_37' title='bbox 1590 695 1794 764; x_wconf 78' lang='lat' dir='ltr'><strong>incipit.</strong></span> <span class='ocrx_word' id='word_1_38' title='bbox 1825 696 1952 761; x_wconf 68' lang='lat' dir='ltr'><strong>Quae</strong></span> <span class='ocrx_word' id='word_1_39' title='bbox 1980 699 2100 751; x_wconf 87' lang='lat' dir='ltr'><strong>ani-</strong></span> 
     </span>
    </p>
   </div>
   <div class='ocr_carea' id='block_1_9' title="bbox 535 780 2103 851">
    <p class='ocr_par' dir='ltr' id='par_1_9' title="bbox 535 780 2103 851">
     <span class='ocr_line' id='line_1_9' title="bbox 535 780 2103 851; baseline 0.006 -20"><span class='ocrx_word' id='word_1_40' title='bbox 535 780 696 831; x_wconf 81' lang='lat' dir='ltr'><strong>malia</strong></span> <span class='ocrx_word' id='word_1_41' title='bbox 741 781 850 833; x_wconf 89' lang='lat' dir='ltr'><strong>cito</strong></span> <span class='ocrx_word' id='word_1_42' title='bbox 904 782 1140 849; x_wconf 86' lang='lat' dir='ltr'><strong>pariunt,</strong></span> <span class='ocrx_word' id='word_1_43' title='bbox 1190 796 1251 835; x_wconf 89' lang='lat' dir='ltr'><strong>ea</strong></span> <span class='ocrx_word' id='word_1_44' title='bbox 1310 799 1338 836; x_wconf 91' lang='lat' dir='ltr'><strong>a</strong></span> <span class='ocrx_word' id='word_1_45' title='bbox 1380 793 1534 851; x_wconf 86' lang='lat' dir='ltr'><strong>partu</strong></span> <span class='ocrx_word' id='word_1_46' title='bbox 1569 786 1677 838; x_wconf 87' lang='lat' dir='ltr'><strong>cito</strong></span> <span class='ocrx_word' id='word_1_47' title='bbox 1712 788 2020 843; x_wconf 80' lang='lat' dir='ltr'><strong>desistunt:</strong></span> <span class='ocrx_word' id='word_1_48' title='bbox 2050 797 2103 841; x_wconf 88' lang='lat' dir='ltr'><strong>at</strong></span> 
     </span>
    </p>
   </div>
   <div class='ocr_carea' id='block_1_10' title="bbox 536 866 2101 940">
    <p class='ocr_par' dir='ltr' id='par_1_10' title="bbox 536 866 2101 940">
     <span class='ocr_line' id='line_1_10' title="bbox 536 866 2101 940; baseline 0.008 -23"><span class='ocrx_word' id='word_1_49' title='bbox 536 866 777 933; x_wconf 66' lang='lat' dir='ltr'><strong>pecuniae</strong></span> <span class='ocrx_word' id='word_1_50' title='bbox 799 866 1025 921; x_wconf 85' lang='lat' dir='ltr'><strong>celerem</strong></span> <span class='ocrx_word' id='word_1_51' title='bbox 1059 885 1342 922; x_wconf 86' lang='lat' dir='ltr'><strong>usurarum</strong></span> <span class='ocrx_word' id='word_1_52' title='bbox 1379 874 1640 939; x_wconf 88' lang='lat' dir='ltr'><strong>originem</strong></span> <span class='ocrx_word' id='word_1_53' title='bbox 1668 884 1987 940; x_wconf 61' lang='lat' dir='ltr'><strong>consecutae,</strong></span> <span class='ocrx_word' id='word_1_54' title='bbox 2019 878 2101 930; x_wconf 87' lang='lat' dir='ltr'><strong>itt-</strong></span> 
     </span>
    </p>
   </div>
   <div class='ocr_carea' id='block_1_11' title="bbox 540 957 2098 1032">
    <p class='ocr_par' dir='ltr' id='par_1_11' title="bbox 540 957 2098 1032">
     <span class='ocr_line' id='line_1_11' title="bbox 540 957 2098 1032; baseline 0.008 -24"><span class='ocrx_word' id='word_1_55' title='bbox 540 957 742 1010; x_wconf 87' lang='lat' dir='ltr'><strong>linitam</strong></span> <span class='ocrx_word' id='word_1_56' title='bbox 797 959 1166 1013; x_wconf 85' lang='lat' dir='ltr'><strong>accessionem</strong></span> <span class='ocrx_word' id='word_1_57' title='bbox 1222 963 1391 1029; x_wconf 79' lang='lat' dir='ltr'><strong>magis</strong></span> <span class='ocrx_word' id='word_1_58' title='bbox 1443 979 1505 1015; x_wconf 89' lang='lat' dir='ltr'><strong>ac</strong></span> <span class='ocrx_word' id='word_1_59' title='bbox 1538 966 1709 1032; x_wconf 85' lang='lat' dir='ltr'><strong>magis</strong></span> <span class='ocrx_word' id='word_1_60' title='bbox 1765 978 2098 1021; x_wconf 85' lang='lat' dir='ltr'><strong>crescentem</strong></span> 
     </span>
    </p>
   </div>
   <div class='ocr_carea' id='block_1_12' title="bbox 536 1049 2101 1124">
    <p class='ocr_par' dir='ltr' id='par_1_12' title="bbox 536 1049 2101 1124">
     <span class='ocr_line' id='line_1_12' title="bbox 536 1049 2101 1124; baseline 0.006 -23"><span class='ocrx_word' id='word_1_61' title='bbox 536 1049 858 1115; x_wconf 78' lang='lat' dir='ltr'><strong>suscipiunt.</strong></span> <span class='ocrx_word' id='word_1_62' title='bbox 898 1050 1164 1118; x_wconf 77' lang='lat' dir='ltr'><strong>Quidquid</strong></span> <span class='ocrx_word' id='word_1_63' title='bbox 1209 1053 1423 1115; x_wconf 84' lang='lat' dir='ltr'><strong>crescit,</strong></span> <span class='ocrx_word' id='word_1_64' title='bbox 1464 1054 1549 1106; x_wconf 90' lang='lat' dir='ltr'><strong>ubi</strong></span> <span class='ocrx_word' id='word_1_65' title='bbox 1586 1055 1651 1105; x_wconf 88' lang='lat' dir='ltr'><strong>ad</strong></span> <span class='ocrx_word' id='word_1_66' title='bbox 1687 1060 1951 1124; x_wconf 90' lang='lat' dir='ltr'><strong>propriam</strong></span> <span class='ocrx_word' id='word_1_67' title='bbox 1985 1072 2101 1109; x_wconf 86' lang='lat' dir='ltr'><strong>ma-</strong></span> 
     </span>
    </p>
   </div>
   <div class='ocr_carea' id='block_1_13' title="bbox 496 1138 2102 1214">
    <p class='ocr_par' dir='ltr' id='par_1_13' title="bbox 496 1138 2102 1214">
     <span class='ocr_line' id='line_1_13' title="bbox 496 1138 2102 1214; baseline 0.009 -26"><span class='ocrx_word' id='word_1_68' title='bbox 496 1159 503 1167; x_wconf 84' lang='lat'><strong>-</strong></span> <span class='ocrx_word' id='word_1_69' title='bbox 538 1138 873 1204; x_wconf 88' lang='lat' dir='ltr'><strong>gnitudinem</strong></span> <span class='ocrx_word' id='word_1_70' title='bbox 922 1144 1229 1209; x_wconf 84' lang='lat' dir='ltr'><strong>pervenerit</strong></span> <span class='ocrx_word' id='word_1_71' title='bbox 1254 1183 1269 1205; x_wconf 87' lang='lat'><strong>,</strong></span> <span class='ocrx_word' id='word_1_72' title='bbox 1317 1143 1517 1198; x_wconf 87' lang='lat' dir='ltr'><strong>desinit</strong></span> <span class='ocrx_word' id='word_1_73' title='bbox 1560 1147 1743 1214; x_wconf 78' lang='lat' dir='ltr'><strong>augeri</strong></span> <span class='ocrx_word' id='word_1_74' title='bbox 1780 1163 2102 1202; x_wconf 87' lang='lat' dir='ltr'><strong>:avarorum</strong></span> 
     </span>
    </p>
   </div>
   <div class='ocr_carea' id='block_1_14' title="bbox 540 1235 2101 1307">
    <p class='ocr_par' dir='ltr' id='par_1_14' title="bbox 540 1235 2101 1307">
     <span class='ocr_line' id='line_1_14' title="bbox 540 1235 2101 1307; baseline 0.007 -26"><span class='ocrx_word' id='word_1_75' title='bbox 540 1246 670 1283; x_wconf 81' lang='lat' dir='ltr'><strong>vero</strong></span> <span class='ocrx_word' id='word_1_76' title='bbox 699 1242 976 1302; x_wconf 84' lang='lat' dir='ltr'><strong>argentum</strong></span> <span class='ocrx_word' id='word_1_77' title='bbox 1030 1235 1174 1287; x_wconf 91' lang='lat' dir='ltr'><strong>oumi</strong></span> <span class='ocrx_word' id='word_1_78' title='bbox 1226 1244 1464 1305; x_wconf 89' lang='lat' dir='ltr'><strong>tempore</strong></span> <span class='ocrx_word' id='word_1_79' title='bbox 1508 1238 1763 1307; x_wconf 78' lang='lat' dir='ltr'><strong>augescit.</strong></span> <span class='ocrx_word' id='word_1_80' title='bbox 1816 1240 2101 1306; x_wconf 84' lang='lat' dir='ltr'><strong>Animalia,</strong></span> 
     </span>
    </p>
   </div>
   <div class='ocr_carea' id='block_1_15' title="bbox 546 1324 2105 1401">
    <p class='ocr_par' dir='ltr' id='par_1_15' title="bbox 546 1324 2105 1401">
     <span class='ocr_line' id='line_1_15' title="bbox 546 1324 2105 1401; baseline 0.008 -26"><span class='ocrx_word' id='word_1_81' title='bbox 546 1324 634 1375; x_wconf 91' lang='lat' dir='ltr'><strong>ubi</strong></span> <span class='ocrx_word' id='word_1_82' title='bbox 663 1338 769 1377; x_wconf 67' lang='lat' dir='ltr'><strong>sua:</strong></span> <span class='ocrx_word' id='word_1_83' title='bbox 798 1325 965 1379; x_wconf 87' lang='lat' dir='ltr'><strong>soboli</strong></span> <span class='ocrx_word' id='word_1_84' title='bbox 995 1328 1099 1380; x_wconf 88' lang='lat' dir='ltr'><strong>vim</strong></span> <span class='ocrx_word' id='word_1_85' title='bbox 1136 1327 1545 1396; x_wconf 88' lang='lat' dir='ltr'><strong>impertiverunt</strong></span> <span class='ocrx_word' id='word_1_86' title='bbox 1572 1332 1832 1398; x_wconf 84' lang='lat' dir='ltr'><strong>pariendi.</strong></span> <span class='ocrx_word' id='word_1_87' title='bbox 1857 1346 2105 1401; x_wconf 89' lang='lat' dir='ltr'><strong>superse-</strong></span> 
     </span>
    </p>
   </div>
   <div class='ocr_carea' id='block_1_16' title="bbox 545 1418 2103 1491">
    <p class='ocr_par' dir='ltr' id='par_1_16' title="bbox 545 1418 2103 1491">
     <span class='ocr_line' id='line_1_16' title="bbox 545 1418 2103 1491; baseline 0.004 -21"><span class='ocrx_word' id='word_1_88' title='bbox 545 1418 675 1470; x_wconf 87' lang='lat' dir='ltr'><strong>dcnt</strong></span> <span class='ocrx_word' id='word_1_89' title='bbox 704 1419 1065 1486; x_wconf 60' lang='lat' dir='ltr'><strong>praegnatione</strong></span> <span class='ocrx_word' id='word_1_90' title='bbox 1095 1434 1107 1470; x_wconf 94' lang='lat'>:</span> <span class='ocrx_word' id='word_1_91' title='bbox 1132 1430 1187 1473; x_wconf 90' lang='lat' dir='ltr'><strong>at</strong></span> <span class='ocrx_word' id='word_1_92' title='bbox 1230 1420 1614 1475; x_wconf 74' lang='lat' dir='ltr'><strong>fteneratorum</strong></span> <span class='ocrx_word' id='word_1_93' title='bbox 1654 1423 1890 1491; x_wconf 67' lang='lat' dir='ltr'><strong>pecuniae</strong></span> <span class='ocrx_word' id='word_1_94' title='bbox 1918 1433 1971 1475; x_wconf 90' lang='lat' dir='ltr'><strong>et</strong></span> <span class='ocrx_word' id='word_1_95' title='bbox 2007 1424 2103 1476; x_wconf 89' lang='lat' dir='ltr'><strong>ad-</strong></span> 
     </span>
    </p>
   </div>
   <div class='ocr_carea' id='block_1_17' title="bbox 542 1513 2104 1581">
    <p class='ocr_par' dir='ltr' id='par_1_17' title="bbox 542 1513 2104 1581">
     <span class='ocr_line' id='line_1_17' title="bbox 542 1513 2104 1581; baseline 0.004 -18"><span class='ocrx_word' id='word_1_96' title='bbox 542 1521 826 1565; x_wconf 76' lang='lat' dir='ltr'><strong>nascentes</strong></span> <span class='ocrx_word' id='word_1_97' title='bbox 868 1513 1100 1581; x_wconf 89' lang='lat' dir='ltr'><strong>pariunt,</strong></span> <span class='ocrx_word' id='word_1_98' title='bbox 1149 1524 1205 1567; x_wconf 92' lang='lat' dir='ltr'><strong>et</strong></span> <span class='ocrx_word' id='word_1_99' title='bbox 1244 1524 1456 1568; x_wconf 81' lang='lat' dir='ltr'><strong>veteres</strong></span> <span class='ocrx_word' id='word_1_100' title='bbox 1534 1527 1879 1569; x_wconf 82' lang='lat' dir='ltr'><strong>renovantur.</strong></span> <span class='ocrx_word' id='word_1_101' title='bbox 1932 1513 2009 1570; x_wconf 91' lang='lat' dir='ltr'><strong>Ne</strong></span> <span class='ocrx_word' id='word_1_102' title='bbox 2050 1526 2104 1569; x_wconf 89' lang='lat' dir='ltr'><strong>tu</strong></span> 
     </span>
    </p>
   </div>
   <div class='ocr_carea' id='block_1_18' title="bbox 541 1603 1858 1672">
    <p class='ocr_par' dir='ltr' id='par_1_18' title="bbox 541 1603 1858 1672">
     <span class='ocr_line' id='line_1_18' title="bbox 541 1603 1858 1672; baseline 0.005 -21"><span class='ocrx_word' id='word_1_103' title='bbox 541 1610 867 1670; x_wconf 68' lang='lat' dir='ltr'><strong>portentosa:</strong></span> <span class='ocrx_word' id='word_1_104' title='bbox 899 1603 1054 1671; x_wconf 87' lang='lat' dir='ltr'><strong>hujus</strong></span> <span class='ocrx_word' id='word_1_105' title='bbox 1087 1603 1273 1657; x_wconf 77' lang='lat' dir='ltr'><strong>bestia:</strong></span> <span class='ocrx_word' id='word_1_106' title='bbox 1305 1604 1602 1672; x_wconf 84' lang='lat' dir='ltr'><strong>periculum</strong></span> <span class='ocrx_word' id='word_1_107' title='bbox 1644 1606 1858 1659; x_wconf 82' lang='lat' dir='ltr'><strong>feceris.</strong></span> 
     </span>
    </p>
   </div>
   <div class='ocr_carea' id='block_1_19' title="bbox 612 1695 2102 1765">
    <p class='ocr_par' dir='ltr' id='par_1_19' title="bbox 612 1695 2102 1765">
     <span class='ocr_line' id='line_1_19' title="bbox 612 1695 2102 1765; baseline 0.003 -18"><span class='ocrx_word' id='word_1_108' title='bbox 612 1695 665 1748; x_wconf 68' lang='grc' dir='ltr'><strong>ιι.</strong></span> <span class='ocrx_word' id='word_1_109' title='bbox 706 1695 897 1749; x_wconf 85' lang='lat' dir='ltr'><strong>Libere</strong></span> <span class='ocrx_word' id='word_1_110' title='bbox 926 1697 1074 1751; x_wconf 87' lang='lat' dir='ltr'><strong>vides</strong></span> <span class='ocrx_word' id='word_1_111' title='bbox 1110 1697 1299 1750; x_wconf 90' lang='lat' dir='ltr'><strong>solem.</strong></span> <span class='ocrx_word' id='word_1_112' title='bbox 1337 1696 1475 1764; x_wconf 88' lang='lat' dir='ltr'><strong>Quid</strong></span> <span class='ocrx_word' id='word_1_113' title='bbox 1506 1699 1599 1752; x_wconf 83' lang='lat' dir='ltr'><strong>tibi</strong></span> <span class='ocrx_word' id='word_1_114' title='bbox 1643 1699 1757 1765; x_wconf 89' lang='lat' dir='ltr'><strong>ipse</strong></span> <span class='ocrx_word' id='word_1_115' title='bbox 1799 1699 2102 1753; x_wconf 88' lang='lat' dir='ltr'><strong>libertatem</strong></span> 
     </span>
    </p>
   </div>
   <div class='ocr_carea' id='block_1_20' title="bbox 543 1787 2103 1859">
    <p class='ocr_par' dir='ltr' id='par_1_20' title="bbox 543 1787 2103 1859">
     <span class='ocr_line' id='line_1_20' title="bbox 543 1787 2103 1859; baseline 0.004 -22"><span class='ocrx_word' id='word_1_116' title='bbox 543 1788 667 1840; x_wconf 69' lang='lat' dir='ltr'><strong>vitae</strong></span> <span class='ocrx_word' id='word_1_117' title='bbox 698 1787 947 1840; x_wconf 88' lang='lat' dir='ltr'><strong>invides?</strong></span> <span class='ocrx_word' id='word_1_118' title='bbox 979 1787 1124 1855; x_wconf 84' lang='lat' dir='ltr'><strong>Pugil</strong></span> <span class='ocrx_word' id='word_1_119' title='bbox 1178 1790 1355 1842; x_wconf 91' lang='lat' dir='ltr'><strong>nullus</strong></span> <span class='ocrx_word' id='word_1_120' title='bbox 1394 1805 1544 1857; x_wconf 77' lang='lat' dir='ltr'><strong>aeque</strong></span> <span class='ocrx_word' id='word_1_121' title='bbox 1593 1790 1885 1843; x_wconf 76' lang='lat' dir='ltr'><strong>adversarii</strong></span> <span class='ocrx_word' id='word_1_122' title='bbox 1921 1790 2103 1859; x_wconf 81' lang='lat' dir='ltr'><strong>plagas</strong></span> 
     </span>
    </p>
   </div>
   <div class='ocr_carea' id='block_1_21' title="bbox 545 1878 2101 1948">
    <p class='ocr_par' dir='ltr' id='par_1_21' title="bbox 545 1878 2101 1948">
     <span class='ocr_line' id='line_1_21' title="bbox 545 1878 2101 1948; baseline 0.002 -16"><span class='ocrx_word' id='word_1_123' title='bbox 545 1879 882 1948; x_wconf 74' lang='lat' dir='ltr'><strong>Subterfugit,</strong></span> <span class='ocrx_word' id='word_1_124' title='bbox 921 1895 983 1932; x_wconf 88' lang='lat' dir='ltr'><strong>ac</strong></span> <span class='ocrx_word' id='word_1_125' title='bbox 1016 1878 1228 1932; x_wconf 86' lang='lat' dir='ltr'><strong>debitor</strong></span> <span class='ocrx_word' id='word_1_126' title='bbox 1259 1882 1546 1935; x_wconf 88' lang='lat' dir='ltr'><strong>creditoris</strong></span> <span class='ocrx_word' id='word_1_127' title='bbox 1584 1896 1887 1947; x_wconf 87' lang='lat' dir='ltr'><strong>occursum,</strong></span> <span class='ocrx_word' id='word_1_128' title='bbox 1920 1882 2101 1937; x_wconf 86' lang='lat' dir='ltr'><strong>occul-</strong></span> 
     </span>
    </p>
   </div>
   <div class='ocr_carea' id='block_1_22' title="bbox 546 1972 2098 2039">
    <p class='ocr_par' dir='ltr' id='par_1_22' title="bbox 546 1972 2098 2039">
     <span class='ocr_line' id='line_1_22' title="bbox 546 1972 2098 2039; baseline -0.001 -13"><span class='ocrx_word' id='word_1_129' title='bbox 546 1983 657 2026; x_wconf 86' lang='lat' dir='ltr'><strong>lato</strong></span> <span class='ocrx_word' id='word_1_130' title='bbox 695 1987 831 2039; x_wconf 88' lang='lat' dir='ltr'><strong>pone</strong></span> <span class='ocrx_word' id='word_1_131' title='bbox 873 1972 1151 2025; x_wconf 87' lang='lat' dir='ltr'><strong>columnas</strong></span> <span class='ocrx_word' id='word_1_132' title='bbox 1188 1986 1251 2024; x_wconf 86' lang='lat' dir='ltr'><strong>ac</strong></span> <span class='ocrx_word' id='word_1_133' title='bbox 1300 1987 1485 2025; x_wconf 92' lang='lat' dir='ltr'><strong>muros</strong></span> <span class='ocrx_word' id='word_1_134' title='bbox 1534 1972 1726 2039; x_wconf 87' lang='lat' dir='ltr'><strong>capite.</strong></span> <span class='ocrx_word' id='word_1_135' title='bbox 1781 1973 1867 2037; x_wconf 84' lang='lat' dir='ltr'><strong>At,</strong></span> <span class='ocrx_word' id='word_1_136' title='bbox 1900 1973 2098 2039; x_wconf 78' lang='lat' dir='ltr'><strong>inquis,</strong></span> 
     </span>
    </p>
   </div>
   <div class='ocr_carea' id='block_1_23' title="bbox 544 2067 2103 2135">
    <p class='ocr_par' dir='ltr' id='par_1_23' title="bbox 544 2067 2103 2135">
     <span class='ocr_line' id='line_1_23' title="bbox 544 2067 2103 2135; baseline 0.002 -17"><span class='ocrx_word' id='word_1_137' title='bbox 544 2069 811 2135; x_wconf 85' lang='lat' dir='ltr'><strong>quomodo</strong></span> <span class='ocrx_word' id='word_1_138' title='bbox 839 2067 1084 2121; x_wconf 86' lang='lat' dir='ltr'><strong>nutriar?</strong></span> <span class='ocrx_word' id='word_1_139' title='bbox 1116 2067 1295 2121; x_wconf 79' lang='lat' dir='ltr'><strong>Manus</strong></span> <span class='ocrx_word' id='word_1_140' title='bbox 1328 2068 1514 2130; x_wconf 88' lang='lat' dir='ltr'><strong>habes,</strong></span> <span class='ocrx_word' id='word_1_141' title='bbox 1550 2068 1716 2122; x_wconf 82' lang='lat' dir='ltr'><strong>habes</strong></span> <span class='ocrx_word' id='word_1_142' title='bbox 1760 2078 1962 2131; x_wconf 86' lang='lat' dir='ltr'><strong>artem;</strong></span> <span class='ocrx_word' id='word_1_143' title='bbox 1991 2069 2103 2121; x_wconf 78' lang='lat' dir='ltr'><strong>Iura</strong></span> 
     </span>
    </p>
   </div>
   <div class='ocr_carea' id='block_1_24' title="bbox 544 2156 2105 2225">
    <p class='ocr_par' dir='ltr' id='par_1_24' title="bbox 544 2156 2105 2225">
     <span class='ocr_line' id='line_1_24' title="bbox 544 2156 2105 2225; baseline 0.001 -14"><span class='ocrx_word' id='word_1_144' title='bbox 544 2172 764 2225; x_wconf 88' lang='lat' dir='ltr'><strong>operam</strong></span> <span class='ocrx_word' id='word_1_145' title='bbox 816 2165 960 2212; x_wconf 81' lang='lat' dir='ltr'><strong>luam</strong></span> <span class='ocrx_word' id='word_1_146' title='bbox 1017 2156 1149 2210; x_wconf 92' lang='lat' dir='ltr'><strong>lucri</strong></span> <span class='ocrx_word' id='word_1_147' title='bbox 1196 2158 1402 2224; x_wconf 85' lang='lat' dir='ltr'><strong>gratia,</strong></span> <span class='ocrx_word' id='word_1_148' title='bbox 1451 2159 1693 2212; x_wconf 88' lang='lat' dir='ltr'><strong>ministra</strong></span> <span class='ocrx_word' id='word_1_149' title='bbox 1724 2177 1736 2213; x_wconf 92' lang='lat'>:</span> <span class='ocrx_word' id='word_1_150' title='bbox 1766 2160 1929 2211; x_wconf 86' lang='lat' dir='ltr'><strong>multa</strong></span> <span class='ocrx_word' id='word_1_151' title='bbox 1982 2169 2105 2212; x_wconf 88' lang='lat' dir='ltr'><strong>sunt</strong></span> 
     </span>
    </p>
   </div>
   <div class='ocr_carea' id='block_1_25' title="bbox 546 2250 2107 2318">
    <p class='ocr_par' dir='ltr' id='par_1_25' title="bbox 546 2250 2107 2318">
     <span class='ocr_line' id='line_1_25' title="bbox 546 2250 2107 2318; baseline 0.001 -16"><span class='ocrx_word' id='word_1_152' title='bbox 546 2251 768 2318; x_wconf 87' lang='lat' dir='ltr'><strong>parandi</strong></span> <span class='ocrx_word' id='word_1_153' title='bbox 811 2251 984 2304; x_wconf 89' lang='lat' dir='ltr'><strong>victus</strong></span> <span class='ocrx_word' id='word_1_154' title='bbox 1012 2250 1255 2313; x_wconf 90' lang='lat' dir='ltr'><strong>consilia,</strong></span> <span class='ocrx_word' id='word_1_155' title='bbox 1286 2252 1600 2303; x_wconf 77' lang='lat' dir='ltr'><strong>occasiones</strong></span> <span class='ocrx_word' id='word_1_156' title='bbox 1629 2251 1829 2304; x_wconf 76' lang='lat' dir='ltr'><strong>multze.</strong></span> <span class='ocrx_word' id='word_1_157' title='bbox 1873 2250 1999 2305; x_wconf 89' lang='lat' dir='ltr'><strong>Idne</strong></span> <span class='ocrx_word' id='word_1_158' title='bbox 2034 2252 2107 2304; x_wconf 86' lang='lat' dir='ltr'><strong>fa-</strong></span> 
     </span>
    </p>
   </div>
   <div class='ocr_carea' id='block_1_26' title="bbox 546 2341 2107 2411">
    <p class='ocr_par' dir='ltr' id='par_1_26' title="bbox 546 2341 2107 2411">
     <span class='ocr_line' id='line_1_26' title="bbox 546 2341 2107 2411; baseline -0.002 -14"><span class='ocrx_word' id='word_1_159' title='bbox 546 2359 670 2397; x_wconf 86' lang='lat' dir='ltr'><strong>cere</strong></span> <span class='ocrx_word' id='word_1_160' title='bbox 698 2357 799 2395; x_wconf 93' lang='lat' dir='ltr'><strong>non</strong></span> <span class='ocrx_word' id='word_1_161' title='bbox 843 2342 1031 2410; x_wconf 83' lang='lat' dir='ltr'><strong>potes?</strong></span> <span class='ocrx_word' id='word_1_162' title='bbox 1064 2341 1189 2395; x_wconf 88' lang='lat' dir='ltr'><strong>Pete</strong></span> <span class='ocrx_word' id='word_1_163' title='bbox 1222 2356 1249 2393; x_wconf 88' lang='lat' dir='ltr'><strong>a</strong></span> <span class='ocrx_word' id='word_1_164' title='bbox 1290 2342 1705 2409; x_wconf 87' lang='lat' dir='ltr'><strong>possidentibus.</strong></span> <span class='ocrx_word' id='word_1_165' title='bbox 1738 2345 1818 2393; x_wconf 88' lang='lat' dir='ltr'><strong>An</strong></span> <span class='ocrx_word' id='word_1_166' title='bbox 1851 2351 2002 2411; x_wconf 85' lang='lat' dir='ltr'><strong>turpe</strong></span> <span class='ocrx_word' id='word_1_167' title='bbox 2027 2352 2107 2395; x_wconf 86' lang='lat' dir='ltr'><strong>est</strong></span> 
     </span>
    </p>
   </div>
   <div class='ocr_carea' id='block_1_27' title="bbox 547 2433 2107 2501">
    <p class='ocr_par' dir='ltr' id='par_1_27' title="bbox 547 2433 2107 2501">
     <span class='ocr_line' id='line_1_27' title="bbox 547 2433 2107 2501; baseline -0.001 -14"><span class='ocrx_word' id='word_1_168' title='bbox 547 2433 846 2501; x_wconf 87' lang='lat' dir='ltr'><strong>postulare?</strong></span> <span class='ocrx_word' id='word_1_169' title='bbox 876 2433 1107 2501; x_wconf 86' lang='lat' dir='ltr'><strong>Turpius</strong></span> <span class='ocrx_word' id='word_1_170' title='bbox 1156 2435 1339 2501; x_wconf 86' lang='lat' dir='ltr'><strong>utique</strong></span> <span class='ocrx_word' id='word_1_171' title='bbox 1387 2433 1546 2485; x_wconf 81' lang='lat' dir='ltr'><strong>fuerit</strong></span> <span class='ocrx_word' id='word_1_172' title='bbox 1607 2433 1928 2486; x_wconf 88' lang='lat' dir='ltr'><strong>creditorem</strong></span> <span class='ocrx_word' id='word_1_173' title='bbox 1969 2434 2107 2487; x_wconf 83' lang='lat' dir='ltr'><strong>datis</strong></span> 
     </span>
    </p>
   </div>
   <div class='ocr_carea' id='block_1_28' title="bbox 548 2522 2105 2593">
    <p class='ocr_par' dir='ltr' id='par_1_28' title="bbox 548 2522 2105 2593">
     <span class='ocr_line' id='line_1_28' title="bbox 548 2522 2105 2593; baseline -0.001 -16"><span class='ocrx_word' id='word_1_174' title='bbox 548 2524 741 2579; x_wconf 76' lang='lat' dir='ltr'><strong>ftenori</strong></span> <span class='ocrx_word' id='word_1_175' title='bbox 776 2523 1015 2591; x_wconf 83' lang='lat' dir='ltr'><strong>pecuniis</strong></span> <span class='ocrx_word' id='word_1_176' title='bbox 1039 2523 1374 2577; x_wconf 71' lang='lat' dir='ltr'><strong>defraudare.</strong></span> <span class='ocrx_word' id='word_1_177' title='bbox 1403 2522 1516 2576; x_wconf 85' lang='lat' dir='ltr'><strong>Non</strong></span> <span class='ocrx_word' id='word_1_178' title='bbox 1557 2524 1668 2577; x_wconf 74' lang='lat' dir='ltr'><strong>lure</strong></span> <span class='ocrx_word' id='word_1_179' title='bbox 1699 2525 1818 2576; x_wconf 85' lang='lat' dir='ltr'><strong>dico</strong></span> <span class='ocrx_word' id='word_1_180' title='bbox 1846 2524 2105 2593; x_wconf 80' lang='lat' dir='ltr'><strong>profecto,</strong></span> 
     </span>
    </p>
   </div>
   <div class='ocr_carea' id='block_1_29' title="bbox 548 2613 2108 2682">
    <p class='ocr_par' dir='ltr' id='par_1_29' title="bbox 548 2613 2108 2682">
     <span class='ocr_line' id='line_1_29' title="bbox 548 2613 2108 2682; baseline 0.001 -16"><span class='ocrx_word' id='word_1_181' title='bbox 548 2614 716 2682; x_wconf 80' lang='lat' dir='ltr'><strong>legem</strong></span> <span class='ocrx_word' id='word_1_182' title='bbox 748 2625 804 2666; x_wconf 91' lang='lat' dir='ltr'><strong>ut.</strong></span> <span class='ocrx_word' id='word_1_183' title='bbox 834 2616 1021 2676; x_wconf 87' lang='lat' dir='ltr'><strong>feram,</strong></span> <span class='ocrx_word' id='word_1_184' title='bbox 1059 2614 1152 2667; x_wconf 88' lang='lat' dir='ltr'><strong>sed</strong></span> <span class='ocrx_word' id='word_1_185' title='bbox 1207 2622 1264 2664; x_wconf 85' lang='grc' dir='ltr'><strong>ιιι</strong></span> <span class='ocrx_word' id='word_1_186' title='bbox 1313 2614 1612 2675; x_wconf 86' lang='lat' dir='ltr'><strong>ostendam,</strong></span> <span class='ocrx_word' id='word_1_187' title='bbox 1640 2614 1817 2665; x_wconf 86' lang='lat' dir='ltr'><strong>omnia</strong></span> <span class='ocrx_word' id='word_1_188' title='bbox 1855 2613 1943 2665; x_wconf 82' lang='lat' dir='ltr'><strong>tibi</strong></span> <span class='ocrx_word' id='word_1_189' title='bbox 1980 2614 2108 2667; x_wconf 88' lang='lat' dir='ltr'><strong>tole-</strong></span> 
     </span>
    </p>
   </div>
   <div class='ocr_carea' id='block_1_30' title="bbox 548 2702 2107 2770">
    <p class='ocr_par' dir='ltr' id='par_1_30' title="bbox 548 2702 2107 2770">
     <span class='ocr_line' id='line_1_30' title="bbox 548 2702 2107 2770; baseline 0 -13"><span class='ocrx_word' id='word_1_190' title='bbox 548 2705 797 2758; x_wconf 85' lang='lat' dir='ltr'><strong>rabiliora</strong></span> <span class='ocrx_word' id='word_1_191' title='bbox 825 2718 961 2766; x_wconf 81' lang='lat' dir='ltr'><strong>esse,</strong></span> <span class='ocrx_word' id='word_1_192' title='bbox 991 2718 1148 2769; x_wconf 90' lang='lat' dir='ltr'><strong>quam</strong></span> <span class='ocrx_word' id='word_1_193' title='bbox 1184 2712 1460 2770; x_wconf 79' lang='lat' dir='ltr'><strong>argentum</strong></span> <span class='ocrx_word' id='word_1_194' title='bbox 1489 2702 1691 2756; x_wconf 72' lang='lat' dir='ltr'><strong>[tenore</strong></span> <span class='ocrx_word' id='word_1_195' title='bbox 1713 2719 1945 2756; x_wconf 86' lang='lat' dir='ltr'><strong>sumere.</strong></span> <span class='ocrx_word' id='word_1_196' title='bbox 1978 2704 2107 2757; x_wconf 82' lang='lat' dir='ltr'><strong>Fur-</strong></span> 
     </span>
    </p>
   </div>
   <div class='ocr_carea' id='block_1_31' title="bbox 549 2794 2108 2863">
    <p class='ocr_par' dir='ltr' id='par_1_31' title="bbox 549 2794 2108 2863">
     <span class='ocr_line' id='line_1_31' title="bbox 549 2794 2108 2863; baseline 0 -15"><span class='ocrx_word' id='word_1_197' title='bbox 549 2796 686 2850; x_wconf 89' lang='lat' dir='ltr'><strong>mica</strong></span> <span class='ocrx_word' id='word_1_198' title='bbox 726 2794 826 2849; x_wconf 88' lang='lat' dir='ltr'><strong>etsi</strong></span> <span class='ocrx_word' id='word_1_199' title='bbox 876 2810 1048 2863; x_wconf 90' lang='lat' dir='ltr'><strong>neque</strong></span> <span class='ocrx_word' id='word_1_200' title='bbox 1085 2794 1374 2854; x_wconf 84' lang='lat' dir='ltr'><strong>mendicat,</strong></span> <span class='ocrx_word' id='word_1_201' title='bbox 1417 2809 1586 2862; x_wconf 84' lang='lat' dir='ltr'><strong>neque</strong></span> <span class='ocrx_word' id='word_1_202' title='bbox 1622 2810 1869 2848; x_wconf 88' lang='lat' dir='ltr'><strong>nunnnos</strong></span> <span class='ocrx_word' id='word_1_203' title='bbox 1902 2794 2108 2849; x_wconf 67' lang='lat' dir='ltr'><strong>faenore</strong></span> 
     </span>
    </p>
   </div>
   <div class='ocr_carea' id='block_1_32' title="bbox 550 2884 2108 2954">
    <p class='ocr_par' dir='ltr' id='par_1_32' title="bbox 550 2884 2108 2954">
     <span class='ocr_line' id='line_1_32' title="bbox 550 2884 2108 2954; baseline -0.001 -16"><span class='ocrx_word' id='word_1_204' title='bbox 550 2886 772 2954; x_wconf 77' lang='lat' dir='ltr'><strong>aet-ipit,</strong></span> <span class='ocrx_word' id='word_1_205' title='bbox 807 2894 979 2952; x_wconf 81' lang='lat' dir='ltr'><strong>potest</strong></span> <span class='ocrx_word' id='word_1_206' title='bbox 1023 2894 1199 2936; x_wconf 86' lang='lat' dir='ltr'><strong>tamen</strong></span> <span class='ocrx_word' id='word_1_207' title='bbox 1252 2885 1442 2937; x_wconf 84' lang='lat' dir='ltr'><strong>ntitriri</strong></span> <span class='ocrx_word' id='word_1_208' title='bbox 1474 2900 1484 2935; x_wconf 91' lang='lat'><strong>:</strong></span> <span class='ocrx_word' id='word_1_209' title='bbox 1515 2885 1631 2952; x_wconf 87' lang='lat' dir='ltr'><strong>apis</strong></span> <span class='ocrx_word' id='word_1_210' title='bbox 1666 2884 1846 2936; x_wconf 80' lang='lat' dir='ltr'><strong>itidem</strong></span> <span class='ocrx_word' id='word_1_211' title='bbox 1895 2885 2108 2953; x_wconf 85' lang='lat' dir='ltr'><strong>regibus</strong></span> 
     </span>
    </p>
   </div>
   <div class='ocr_carea' id='block_1_33' title="bbox 552 2976 2108 3045">
    <p class='ocr_par' dir='ltr' id='par_1_33' title="bbox 552 2976 2108 3045">
     <span class='ocr_line' id='line_1_33' title="bbox 552 2976 2108 3045; baseline 0.001 -16"><span class='ocrx_word' id='word_1_212' title='bbox 552 2977 779 3045; x_wconf 88' lang='lat' dir='ltr'><strong>largitur</strong></span> <span class='ocrx_word' id='word_1_213' title='bbox 810 2976 1049 3028; x_wconf 89' lang='lat' dir='ltr'><strong>alimenti</strong></span> <span class='ocrx_word' id='word_1_214' title='bbox 1098 2976 1177 3028; x_wconf 93' lang='lat' dir='ltr'><strong>sui</strong></span> <span class='ocrx_word' id='word_1_215' title='bbox 1215 2976 1466 3043; x_wconf 87' lang='lat' dir='ltr'><strong>reliquias</strong></span> <span class='ocrx_word' id='word_1_216' title='bbox 1497 2990 1512 3027; x_wconf 90' lang='lat'><strong>:</strong></span> <span class='ocrx_word' id='word_1_217' title='bbox 1545 2976 1740 3045; x_wconf 87' lang='lat' dir='ltr'><strong>quibus</strong></span> <span class='ocrx_word' id='word_1_218' title='bbox 1782 2986 1958 3028; x_wconf 90' lang='lat' dir='ltr'><strong>tamen</strong></span> <span class='ocrx_word' id='word_1_219' title='bbox 2010 2991 2108 3030; x_wconf 85' lang='lat' dir='ltr'><strong>nec</strong></span> 
     </span>
    </p>
   </div>
   <div class='ocr_carea' id='block_1_34' title="bbox 552 3066 2108 3129">
    <p class='ocr_par' dir='ltr' id='par_1_34' title="bbox 552 3066 2108 3129">
     <span class='ocr_line' id='line_1_34' title="bbox 552 3066 2108 3129; baseline -0.002 -7"><span class='ocrx_word' id='word_1_220' title='bbox 552 3085 762 3129; x_wconf 85' lang='lat' dir='ltr'><strong>manus,</strong></span> <span class='ocrx_word' id='word_1_221' title='bbox 806 3084 905 3121; x_wconf 65' lang='lat' dir='ltr'><strong>nec</strong></span> <span class='ocrx_word' id='word_1_222' title='bbox 944 3078 1087 3119; x_wconf 87' lang='lat' dir='ltr'><strong>artes</strong></span> <span class='ocrx_word' id='word_1_223' title='bbox 1130 3069 1397 3120; x_wconf 81' lang='lat' dir='ltr'><strong>concessit</strong></span> <span class='ocrx_word' id='word_1_224' title='bbox 1433 3079 1644 3120; x_wconf 78' lang='lat' dir='ltr'><strong>natura.</strong></span> <span class='ocrx_word' id='word_1_225' title='bbox 1690 3066 1766 3119; x_wconf 90' lang='lat' dir='ltr'><strong>Tu</strong></span> <span class='ocrx_word' id='word_1_226' title='bbox 1801 3082 1925 3120; x_wconf 91' lang='lat' dir='ltr'><strong>vero</strong></span> <span class='ocrx_word' id='word_1_227' title='bbox 1957 3068 2108 3120; x_wconf 87' lang='lat' dir='ltr'><strong>indu-</strong></span> 
     </span>
    </p>
   </div>
   <div class='ocr_carea' id='block_1_35' title="bbox 552 3158 2107 3218">
    <p class='ocr_par' dir='ltr' id='par_1_35' title="bbox 552 3158 2107 3218">
     <span class='ocr_line' id='line_1_35' title="bbox 552 3158 2107 3218; baseline -0.001 -6"><span class='ocrx_word' id='word_1_228' title='bbox 552 3160 742 3213; x_wconf 89' lang='lat' dir='ltr'><strong>strium</strong></span> <span class='ocrx_word' id='word_1_229' title='bbox 776 3158 972 3210; x_wconf 87' lang='lat' dir='ltr'><strong>animal</strong></span> <span class='ocrx_word' id='word_1_230' title='bbox 1009 3158 1194 3218; x_wconf 88' lang='lat' dir='ltr'><strong>homo.</strong></span> <span class='ocrx_word' id='word_1_231' title='bbox 1243 3158 1380 3210; x_wconf 88' lang='lat' dir='ltr'><strong>inter</strong></span> <span class='ocrx_word' id='word_1_232' title='bbox 1426 3169 1573 3210; x_wconf 88' lang='lat' dir='ltr'><strong>artes</strong></span> <span class='ocrx_word' id='word_1_233' title='bbox 1594 3172 1782 3211; x_wconf 83' lang='lat' dir='ltr'><strong>omnes</strong></span> <span class='ocrx_word' id='word_1_234' title='bbox 1832 3172 1989 3210; x_wconf 90' lang='lat' dir='ltr'><strong>unam</strong></span> <span class='ocrx_word' id='word_1_235' title='bbox 2041 3160 2107 3211; x_wconf 89' lang='lat' dir='ltr'><strong>ad</strong></span> 
     </span>
    </p>
   </div>
   <div class='ocr_carea' id='block_1_36' title="bbox 556 3246 2110 3315">
    <p class='ocr_par' dir='ltr' id='par_1_36' title="bbox 556 3246 2110 3315">
     <span class='ocr_line' id='line_1_36' title="bbox 556 3246 2110 3315; baseline -0.001 -13"><span class='ocrx_word' id='word_1_236' title='bbox 556 3249 955 3315; x_wconf 85' lang='lat' dir='ltr'><strong>transigendam</strong></span> <span class='ocrx_word' id='word_1_237' title='bbox 990 3248 1150 3299; x_wconf 88' lang='lat' dir='ltr'><strong>vitam</strong></span> <span class='ocrx_word' id='word_1_238' title='bbox 1184 3263 1286 3299; x_wconf 90' lang='lat' dir='ltr'><strong>non</strong></span> <span class='ocrx_word' id='word_1_239' title='bbox 1314 3246 1585 3315; x_wconf 86' lang='lat' dir='ltr'><strong>reperies?</strong></span> <span class='ocrx_word' id='word_1_240' title='bbox 1618 3246 1930 3313; x_wconf 85' lang='lat' dir='ltr'><strong>Quanquam</strong></span> <span class='ocrx_word' id='word_1_241' title='bbox 1962 3247 2110 3300; x_wconf 84' lang='lat' dir='ltr'><strong>vide-</strong></span> 
     </span>
    </p>
   </div>
   <div class='ocr_carea' id='block_1_37' title="bbox 554 3336 2106 3408">
    <p class='ocr_par' dir='ltr' id='par_1_37' title="bbox 554 3336 2106 3408">
     <span class='ocr_line' id='line_1_37' title="bbox 554 3336 2106 3408; baseline 0.001 -17"><span class='ocrx_word' id='word_1_242' title='bbox 554 3354 672 3392; x_wconf 90' lang='lat' dir='ltr'><strong>mus</strong></span> <span class='ocrx_word' id='word_1_243' title='bbox 690 3353 793 3390; x_wconf 86' lang='lat' dir='ltr'><strong>nun</strong></span> <span class='ocrx_word' id='word_1_244' title='bbox 822 3336 1244 3390; x_wconf 72' lang='lat' dir='ltr'><strong>necessariorum</strong></span> <span class='ocrx_word' id='word_1_245' title='bbox 1273 3338 1479 3405; x_wconf 87' lang='lat' dir='ltr'><strong>indigos</strong></span> <span class='ocrx_word' id='word_1_246' title='bbox 1502 3337 1566 3389; x_wconf 91' lang='lat' dir='ltr'><strong>ad</strong></span> <span class='ocrx_word' id='word_1_247' title='bbox 1592 3337 1765 3389; x_wconf 72' lang='lat' dir='ltr'><strong>lienus</strong></span> <span class='ocrx_word' id='word_1_248' title='bbox 1786 3337 2106 3408; x_wconf 86' lang='lat' dir='ltr'><strong>confugere:</strong></span> 
     </span>
    </p>
   </div>
   <div class='ocr_carea' id='block_1_38' title="bbox 553 3426 2111 3497">
    <p class='ocr_par' dir='ltr' id='par_1_38' title="bbox 553 3426 2111 3497">
     <span class='ocr_line' id='line_1_38' title="bbox 553 3426 2111 3497; baseline -0.001 -14"><span class='ocrx_word' id='word_1_249' title='bbox 553 3445 727 3497; x_wconf 89' lang='lat' dir='ltr'><strong>neque</strong></span> <span class='ocrx_word' id='word_1_250' title='bbox 758 3428 898 3481; x_wconf 87' lang='lat' dir='ltr'><strong>enim</strong></span> <span class='ocrx_word' id='word_1_251' title='bbox 919 3440 1041 3480; x_wconf 91' lang='lat' dir='ltr'><strong>sunt</strong></span> <span class='ocrx_word' id='word_1_252' title='bbox 1064 3426 1156 3495; x_wconf 90' lang='lat' dir='ltr'><strong>qui</strong></span> <span class='ocrx_word' id='word_1_253' title='bbox 1183 3426 1261 3479; x_wconf 89' lang='lat' dir='ltr'><strong>eis</strong></span> <span class='ocrx_word' id='word_1_254' title='bbox 1290 3428 1512 3479; x_wconf 85' lang='lat' dir='ltr'><strong>credant</strong></span> <span class='ocrx_word' id='word_1_255' title='bbox 1540 3442 1554 3479; x_wconf 86' lang='lat'><strong>:</strong></span> <span class='ocrx_word' id='word_1_256' title='bbox 1585 3439 1640 3479; x_wconf 90' lang='lat' dir='ltr'><strong>at</strong></span> <span class='ocrx_word' id='word_1_257' title='bbox 1661 3427 1866 3480; x_wconf 65' lang='lat' dir='ltr'><strong>foenore</strong></span> <span class='ocrx_word' id='word_1_258' title='bbox 1896 3436 2111 3481; x_wconf 89' lang='lat' dir='ltr'><strong>sumunt</strong></span> 
     </span>
    </p>
   </div>
   <div class='ocr_carea' id='block_1_39' title="bbox 552 3518 2111 3590">
    <p class='ocr_par' dir='ltr' id='par_1_39' title="bbox 552 3518 2111 3590">
     <span class='ocr_line' id='line_1_39' title="bbox 552 3518 2111 3590; baseline -0.001 -16"><span class='ocrx_word' id='word_1_259' title='bbox 552 3521 832 3590; x_wconf 89' lang='lat' dir='ltr'><strong>pecuniam</strong></span> <span class='ocrx_word' id='word_1_260' title='bbox 865 3520 1128 3581; x_wconf 87' lang='lat' dir='ltr'><strong>homines,</strong></span> <span class='ocrx_word' id='word_1_261' title='bbox 1167 3519 1255 3586; x_wconf 87' lang='lat' dir='ltr'><strong>qui</strong></span> <span class='ocrx_word' id='word_1_262' title='bbox 1294 3518 1451 3585; x_wconf 79' lang='lat'><strong>112</strong></span> <span class='ocrx_word' id='word_1_263' title='bbox 1479 3534 1537 3571; x_wconf 90' lang='lat' dir='ltr'><strong>se</strong></span> <span class='ocrx_word' id='word_1_264' title='bbox 1563 3519 1613 3571; x_wconf 92' lang='lat' dir='ltr'><strong>in</strong></span> <span class='ocrx_word' id='word_1_265' title='bbox 1651 3519 1881 3573; x_wconf 80' lang='lat' dir='ltr'><strong>laxiores</strong></span> <span class='ocrx_word' id='word_1_266' title='bbox 1906 3521 2111 3587; x_wconf 82' lang='lat' dir='ltr'><strong>impen-</strong></span> 
     </span>
    </p>
   </div>
   <div class='ocr_carea' id='block_1_40' title="bbox 552 3611 2109 3679">
    <p class='ocr_par' dir='ltr' id='par_1_40' title="bbox 552 3611 2109 3679">
     <span class='ocr_line' id='line_1_40' title="bbox 552 3611 2109 3679; baseline -0.003 -10"><span class='ocrx_word' id='word_1_267' title='bbox 552 3631 643 3670; x_wconf 81' lang='lat' dir='ltr'><strong>sas</strong></span> <span class='ocrx_word' id='word_1_268' title='bbox 673 3627 728 3669; x_wconf 88' lang='lat' dir='ltr'><strong>et</strong></span> <span class='ocrx_word' id='word_1_269' title='bbox 762 3615 811 3667; x_wconf 90' lang='lat' dir='ltr'><strong>in</strong></span> <span class='ocrx_word' id='word_1_270' title='bbox 846 3613 1026 3666; x_wconf 80' lang='lat' dir='ltr'><strong>luxum</strong></span> <span class='ocrx_word' id='word_1_271' title='bbox 1062 3611 1303 3665; x_wconf 87' lang='lat' dir='ltr'><strong>inutilem</strong></span> <span class='ocrx_word' id='word_1_272' title='bbox 1335 3611 1634 3672; x_wconf 67' lang='lat' dir='ltr'><strong>effundunt,</strong></span> <span class='ocrx_word' id='word_1_273' title='bbox 1675 3612 1708 3663; x_wconf 90' lang='lat' dir='ltr'><strong>ii</strong></span> <span class='ocrx_word' id='word_1_274' title='bbox 1742 3611 1987 3665; x_wconf 88' lang='lat' dir='ltr'><strong>videlicet</strong></span> <span class='ocrx_word' id='word_1_275' title='bbox 2020 3612 2109 3679; x_wconf 85' lang='lat' dir='ltr'><strong>qui</strong></span> 
     </span>
    </p>
   </div>
   <div class='ocr_carea' id='block_1_41' title="bbox 552 3700 2112 3771">
    <p class='ocr_par' dir='ltr' id='par_1_41' title="bbox 552 3700 2112 3771">
     <span class='ocr_line' id='line_1_41' title="bbox 552 3700 2112 3771; baseline -0.004 -10"><span class='ocrx_word' id='word_1_276' title='bbox 552 3723 612 3761; x_wconf 89' lang='lat' dir='ltr'><strong>se</strong></span> <span class='ocrx_word' id='word_1_277' title='bbox 638 3704 988 3760; x_wconf 81' lang='lat' dir='ltr'><strong>muliebribus</strong></span> <span class='ocrx_word' id='word_1_278' title='bbox 1010 3703 1372 3769; x_wconf 86' lang='lat' dir='ltr'><strong>voluptatibus</strong></span> <span class='ocrx_word' id='word_1_279' title='bbox 1405 3703 1730 3769; x_wconf 89' lang='lat' dir='ltr'><strong>mancipant.</strong></span> <span class='ocrx_word' id='word_1_280' title='bbox 1766 3700 2000 3771; x_wconf 82' lang='lat' dir='ltr'><strong>lndigeo,</strong></span> <span class='ocrx_word' id='word_1_281' title='bbox 2028 3703 2112 3756; x_wconf 84' lang='lat' dir='ltr'><strong>in-</strong></span> 
     </span>
    </p>
   </div>
   <div class='ocr_carea' id='block_1_42' title="bbox 554 3794 2113 3867">
    <p class='ocr_par' dir='ltr' id='par_1_42' title="bbox 554 3794 2113 3867">
     <span class='ocr_line' id='line_1_42' title="bbox 554 3794 2113 3867; baseline 0 -19"><span class='ocrx_word' id='word_1_282' title='bbox 554 3799 671 3867; x_wconf 88' lang='lat' dir='ltr'><strong>quit</strong></span> <span class='ocrx_word' id='word_1_283' title='bbox 705 3799 816 3861; x_wconf 87' lang='lat' dir='ltr'><strong>illa,</strong></span> <span class='ocrx_word' id='word_1_284' title='bbox 860 3798 1050 3850; x_wconf 88' lang='lat' dir='ltr'><strong>vestitu</strong></span> <span class='ocrx_word' id='word_1_285' title='bbox 1088 3806 1420 3861; x_wconf 88' lang='lat' dir='ltr'><strong>sumptuoso,</strong></span> <span class='ocrx_word' id='word_1_286' title='bbox 1456 3804 1508 3848; x_wconf 90' lang='lat' dir='ltr'><strong>et</strong></span> <span class='ocrx_word' id='word_1_287' title='bbox 1537 3809 1715 3846; x_wconf 82' lang='lat' dir='ltr'><strong>aureis</strong></span> <span class='ocrx_word' id='word_1_288' title='bbox 1741 3794 1920 3847; x_wconf 87' lang='lat' dir='ltr'><strong>vasis:</strong></span> <span class='ocrx_word' id='word_1_289' title='bbox 1954 3804 2113 3864; x_wconf 90' lang='lat' dir='ltr'><strong>egent</strong></span> 
     </span>
    </p>
   </div>
   <div class='ocr_carea' id='block_1_43' title="bbox 555 3883 2112 3943">
    <p class='ocr_par' dir='ltr' id='par_1_43' title="bbox 555 3883 2112 3943">
     <span class='ocr_line' id='line_1_43' title="bbox 555 3883 2112 3943; baseline -0.004 -1"><span class='ocrx_word' id='word_1_290' title='bbox 555 3890 648 3942; x_wconf 88' lang='lat' dir='ltr'><strong>lilii</strong></span> <span class='ocrx_word' id='word_1_291' title='bbox 687 3889 895 3943; x_wconf 89' lang='lat' dir='ltr'><strong>decenti</strong></span> <span class='ocrx_word' id='word_1_292' title='bbox 938 3899 992 3939; x_wconf 90' lang='lat' dir='ltr'><strong>et</strong></span> <span class='ocrx_word' id='word_1_293' title='bbox 1040 3886 1139 3939; x_wconf 85' lang='lat' dir='ltr'><strong>sibi</strong></span> <span class='ocrx_word' id='word_1_294' title='bbox 1184 3884 1523 3938; x_wconf 87' lang='lat' dir='ltr'><strong>convenienti</strong></span> <span class='ocrx_word' id='word_1_295' title='bbox 1552 3883 1988 3937; x_wconf 86' lang='lat' dir='ltr'><strong>vestimentorum</strong></span> <span class='ocrx_word' id='word_1_296' title='bbox 2020 3900 2112 3937; x_wconf 89' lang='lat' dir='ltr'><strong>or-</strong></span> 
     </span>
    </p>
   </div>
   <div class='ocr_carea' id='block_1_44' title="bbox 556 3975 2115 4047">
    <p class='ocr_par' dir='ltr' id='par_1_44' title="bbox 556 3975 2115 4047">
     <span class='ocr_line' id='line_1_44' title="bbox 556 3975 2115 4047; baseline -0.004 -14"><span class='ocrx_word' id='word_1_297' title='bbox 556 3990 850 4033; x_wconf 83' lang='lat' dir='ltr'><strong>namento:</strong></span> <span class='ocrx_word' id='word_1_298' title='bbox 883 3978 1013 4047; x_wconf 88' lang='lat' dir='ltr'><strong>quin</strong></span> <span class='ocrx_word' id='word_1_299' title='bbox 1048 3978 1207 4030; x_wconf 88' lang='lat' dir='ltr'><strong>etiam</strong></span> <span class='ocrx_word' id='word_1_300' title='bbox 1258 3977 1443 4029; x_wconf 85' lang='lat' dir='ltr'><strong>famuli</strong></span> <span class='ocrx_word' id='word_1_301' title='bbox 1476 3975 1682 4029; x_wconf 83' lang='lat' dir='ltr'><strong>floridis</strong></span> <span class='ocrx_word' id='word_1_302' title='bbox 1712 3984 1767 4028; x_wconf 89' lang='lat' dir='ltr'><strong>et</strong></span> <span class='ocrx_word' id='word_1_303' title='bbox 1796 3976 1945 4029; x_wconf 85' lang='lat' dir='ltr'><strong>vario</strong></span> <span class='ocrx_word' id='word_1_304' title='bbox 1969 3977 2115 4029; x_wconf 83' lang='lat' dir='ltr'><strong>colu-</strong></span> 
     </span>
    </p>
   </div>
   <div class='ocr_carea' id='block_1_45' title="bbox 553 4064 2111 4122">
    <p class='ocr_par' dir='ltr' id='par_1_45' title="bbox 553 4064 2111 4122">
     <span class='ocr_line' id='line_1_45' title="bbox 553 4064 2111 4122; baseline -0.002 0"><span class='ocrx_word' id='word_1_305' title='bbox 553 4084 615 4122; x_wconf 87' lang='lat' dir='ltr'><strong>re</strong></span> <span class='ocrx_word' id='word_1_306' title='bbox 661 4068 929 4121; x_wconf 90' lang='lat' dir='ltr'><strong>distinctis</strong></span> <span class='ocrx_word' id='word_1_307' title='bbox 979 4067 1215 4120; x_wconf 84' lang='lat' dir='ltr'><strong>vestibus</strong></span> <span class='ocrx_word' id='word_1_308' title='bbox 1260 4074 1383 4117; x_wconf 92' lang='lat' dir='ltr'><strong>sunt</strong></span> <span class='ocrx_word' id='word_1_309' title='bbox 1429 4064 1679 4117; x_wconf 90' lang='lat' dir='ltr'><strong>induendi</strong></span> <span class='ocrx_word' id='word_1_310' title='bbox 1713 4066 1895 4118; x_wconf 87' lang='lat' dir='ltr'><strong>:lauta</strong></span> <span class='ocrx_word' id='word_1_311' title='bbox 1930 4081 2111 4120; x_wconf 86' lang='lat' dir='ltr'><strong>mensa</strong></span> 
     </span>
    </p>
   </div>
   <div class='ocr_carea' id='block_1_46' title="bbox 553 4156 2110 4224">
    <p class='ocr_par' dir='ltr' id='par_1_46' title="bbox 553 4156 2110 4224">
     <span class='ocr_line' id='line_1_46' title="bbox 553 4156 2110 4224; baseline 0 -11"><span class='ocrx_word' id='word_1_312' title='bbox 553 4158 877 4213; x_wconf 69' lang='lat' dir='ltr'><strong>exstruenda</strong></span> <span class='ocrx_word' id='word_1_313' title='bbox 935 4167 1035 4211; x_wconf 82' lang='lat' dir='ltr'><strong>est.</strong></span> <span class='ocrx_word' id='word_1_314' title='bbox 1094 4158 1194 4224; x_wconf 87' lang='lat' dir='ltr'><strong>Qui</strong></span> <span class='ocrx_word' id='word_1_315' title='bbox 1247 4156 1369 4208; x_wconf 84' lang='lat' dir='ltr'><strong>talia</strong></span> <span class='ocrx_word' id='word_1_316' title='bbox 1429 4157 1639 4210; x_wconf 86' lang='lat' dir='ltr'><strong>mulieri</strong></span> <span class='ocrx_word' id='word_1_317' title='bbox 1716 4158 2008 4220; x_wconf 87' lang='lat' dir='ltr'><strong>ministrat,</strong></span> <span class='ocrx_word' id='word_1_318' title='bbox 2044 4158 2110 4213; x_wconf 89' lang='lat' dir='ltr'><strong>ad</strong></span> 
     </span>
    </p>
   </div>
   <div class='ocr_carea' id='block_1_47' title="bbox 555 4249 2111 4321">
    <p class='ocr_par' dir='ltr' id='par_1_47' title="bbox 555 4249 2111 4321">
     <span class='ocr_line' id='line_1_47' title="bbox 555 4249 2111 4321; baseline -0.001 -15"><span class='ocrx_word' id='word_1_319' title='bbox 555 4252 866 4320; x_wconf 84' lang='lat' dir='ltr'><strong>trapezitam</strong></span> <span class='ocrx_word' id='word_1_320' title='bbox 902 4251 1067 4315; x_wconf 89' lang='lat' dir='ltr'><strong>venit,</strong></span> <span class='ocrx_word' id='word_1_321' title='bbox 1095 4260 1147 4303; x_wconf 91' lang='lat' dir='ltr'><strong>et</strong></span> <span class='ocrx_word' id='word_1_322' title='bbox 1178 4249 1487 4317; x_wconf 90' lang='lat' dir='ltr'><strong>priusquam</strong></span> <span class='ocrx_word' id='word_1_323' title='bbox 1538 4259 1755 4317; x_wconf 87' lang='lat' dir='ltr'><strong>accepta</strong></span> <span class='ocrx_word' id='word_1_324' title='bbox 1802 4260 1986 4305; x_wconf 88' lang='lat' dir='ltr'><strong>utatur</strong></span> <span class='ocrx_word' id='word_1_325' title='bbox 2015 4266 2111 4321; x_wconf 90' lang='lat' dir='ltr'><strong>pe-</strong></span> 
     </span>
    </p>
   </div>
   <div class='ocr_carea' id='block_1_48' title="bbox 553 4341 2114 4409">
    <p class='ocr_par' dir='ltr' id='par_1_48' title="bbox 553 4341 2114 4409">
     <span class='ocr_line' id='line_1_48' title="bbox 553 4341 2114 4409; baseline -0.001 -11"><span class='ocrx_word' id='word_1_326' title='bbox 553 4343 733 4407; x_wconf 86' lang='lat' dir='ltr'><strong>cunia,</strong></span> <span class='ocrx_word' id='word_1_327' title='bbox 769 4342 931 4394; x_wconf 88' lang='lat' dir='ltr'><strong>alimn</strong></span> <span class='ocrx_word' id='word_1_328' title='bbox 963 4356 1027 4394; x_wconf 79' lang='lat' dir='ltr'><strong>ex</strong></span> <span class='ocrx_word' id='word_1_329' title='bbox 1061 4341 1165 4393; x_wconf 86' lang='lat' dir='ltr'><strong>alio</strong></span> <span class='ocrx_word' id='word_1_330' title='bbox 1198 4341 1471 4392; x_wconf 91' lang='lat' dir='ltr'><strong>dominum</strong></span> <span class='ocrx_word' id='word_1_331' title='bbox 1509 4348 1698 4405; x_wconf 87' lang='lat' dir='ltr'><strong>mutat,</strong></span> <span class='ocrx_word' id='word_1_332' title='bbox 1741 4351 1899 4409; x_wconf 89' lang='lat' dir='ltr'><strong>atque</strong></span> <span class='ocrx_word' id='word_1_333' title='bbox 1944 4341 2114 4397; x_wconf 66' lang='lat' dir='ltr'><strong>faene-</strong></span> 
     </span>
    </p>
   </div>
   <div class='ocr_carea' id='block_1_49' title="bbox 2203 509 3779 579">
    <p class='ocr_par' dir='ltr' id='par_1_49' title="bbox 2203 509 3779 579">
     <span class='ocr_line' id='line_1_49' title="bbox 2203 509 3779 579; baseline 0 -16"><span class='ocrx_word' id='word_1_334' title='bbox 2203 512 2322 563; x_wconf 86' lang='grc' dir='ltr'><strong>Τῶν</strong></span> <span class='ocrx_word' id='word_1_335' title='bbox 2347 510 2498 573; x_wconf 81' lang='grc' dir='ltr'>ζώων</span> <span class='ocrx_word' id='word_1_336' title='bbox 2521 510 2586 563; x_wconf 80' lang='grc' dir='ltr'><strong>τὰ</strong></span> <span class='ocrx_word' id='word_1_337' title='bbox 2608 510 2744 579; x_wconf 88' lang='grc' dir='ltr'><strong>ταχὺ</strong></span> <span class='ocrx_word' id='word_1_338' title='bbox 2765 510 3012 562; x_wconf 79' lang='grc' dir='ltr'>τίκτοντα</span> <span class='ocrx_word' id='word_1_339' title='bbox 3031 511 3166 579; x_wconf 85' lang='grc' dir='ltr'><strong>ταχὺ</strong></span> <span class='ocrx_word' id='word_1_340' title='bbox 3189 509 3281 562; x_wconf 83' lang='grc' dir='ltr'><strong>τού</strong></span> <span class='ocrx_word' id='word_1_341' title='bbox 3304 512 3497 579; x_wconf 82' lang='grc' dir='ltr'>γεννᾷν</span> <span class='ocrx_word' id='word_1_342' title='bbox 3522 510 3779 563; x_wconf 84' lang='grc' dir='ltr'>παύεται·</span> 
     </span>
    </p>
   </div>
   <div class='ocr_carea' id='block_1_50' title="bbox 2202 599 3780 669">
    <p class='ocr_par' dir='ltr' id='par_1_50' title="bbox 2202 599 3780 669">
     <span class='ocr_line' id='line_1_50' title="bbox 2202 599 3780 669; baseline -0.001 -17"><span class='ocrx_word' id='word_1_343' title='bbox 2202 600 2269 652; x_wconf 82' lang='grc' dir='ltr'>τὰ</span> <span class='ocrx_word' id='word_1_344' title='bbox 2326 600 2383 652; x_wconf 84' lang='grc' dir='ltr'>δὲ</span> <span class='ocrx_word' id='word_1_345' title='bbox 2433 600 2720 669; x_wconf 86' lang='grc' dir='ltr'>χρήματα,</span> <span class='ocrx_word' id='word_1_346' title='bbox 2766 601 2984 668; x_wconf 84' lang='grc' dir='ltr'>ταχεῖαν</span> <span class='ocrx_word' id='word_1_347' title='bbox 3033 599 3374 669; x_wconf 81' lang='grc' dir='ltr'>λαμϐάνοντα</span> <span class='ocrx_word' id='word_1_348' title='bbox 3420 599 3514 652; x_wconf 75' lang='grc' dir='ltr'>τοῦ</span> <span class='ocrx_word' id='word_1_349' title='bbox 3554 601 3780 652; x_wconf 81' lang='grc' dir='ltr'>πλεονα-</span> 
     </span>
    </p>
   </div>
   <div class='ocr_carea' id='block_1_51' title="bbox 2204 690 3781 762">
    <p class='ocr_par' dir='ltr' id='par_1_51' title="bbox 2204 690 3781 762">
     <span class='ocr_line' id='line_1_51' title="bbox 2204 690 3781 762; baseline -0.001 -19"><span class='ocrx_word' id='word_1_350' title='bbox 2204 691 2340 761; x_wconf 80' lang='grc' dir='ltr'>σμοῦ</span> <span class='ocrx_word' id='word_1_351' title='bbox 2366 691 2476 761; x_wconf 80' lang='grc'><strong>(55)</strong></span> <span class='ocrx_word' id='word_1_352' title='bbox 2506 692 2603 761; x_wconf 80' lang='grc' dir='ltr'>τὴν</span> <span class='ocrx_word' id='word_1_353' title='bbox 2628 690 2821 762; x_wconf 82' lang='grc' dir='ltr'>ἀρχὴν,</span> <span class='ocrx_word' id='word_1_354' title='bbox 2858 690 3138 744; x_wconf 85' lang='grc' dir='ltr'>ἀτέλεστον</span> <span class='ocrx_word' id='word_1_355' title='bbox 3166 690 3471 761; x_wconf 79' lang='grc' dir='ltr'><strong>ἐπιδέχεται</strong></span> <span class='ocrx_word' id='word_1_356' title='bbox 3499 692 3596 761; x_wconf 81' lang='grc' dir='ltr'>τὴν</span> <span class='ocrx_word' id='word_1_357' title='bbox 3618 692 3696 754; x_wconf 80' lang='grc' dir='ltr'>εἰς</span> <span class='ocrx_word' id='word_1_358' title='bbox 3716 692 3781 743; x_wconf 79' lang='grc' dir='ltr'><strong>τὸ</strong></span> 
     </span>
    </p>
   </div>
   <div class='ocr_carea' id='block_1_52' title="bbox 2203 782 3784 855">
    <p class='ocr_par' dir='ltr' id='par_1_52' title="bbox 2203 782 3784 855">
     <span class='ocr_line' id='line_1_52' title="bbox 2203 782 3784 855; baseline 0 -21"><span class='ocrx_word' id='word_1_359' title='bbox 2203 782 2384 834; x_wconf 88' lang='grc' dir='ltr'>πλεῖον</span> <span class='ocrx_word' id='word_1_360' title='bbox 2423 783 2759 855; x_wconf 79' lang='grc' dir='ltr'><strong>προσθήκην.</strong></span> <span class='ocrx_word' id='word_1_361' title='bbox 2802 784 2920 836; x_wconf 90' lang='grc' dir='ltr'><strong>Τῶν</strong></span> <span class='ocrx_word' id='word_1_362' title='bbox 2951 782 3328 853; x_wconf 76' lang='grc' dir='ltr'>αὐξανομένων</span> <span class='ocrx_word' id='word_1_363' title='bbox 3358 784 3607 844; x_wconf 73' lang='grc' dir='ltr'>ἕκαστον,</span> <span class='ocrx_word' id='word_1_364' title='bbox 3635 785 3784 834; x_wconf 65' lang='grc' dir='ltr'>ἐπει.</span> 
     </span>
    </p>
   </div>
   <div class='ocr_carea' id='block_1_53' title="bbox 2202 874 3781 946">
    <p class='ocr_par' dir='ltr' id='par_1_53' title="bbox 2202 874 3781 946">
     <span class='ocr_line' id='line_1_53' title="bbox 2202 874 3781 946; baseline -0.001 -19"><span class='ocrx_word' id='word_1_365' title='bbox 2202 874 2297 928; x_wconf 88' lang='grc' dir='ltr'><strong>δάν</strong></span> <span class='ocrx_word' id='word_1_366' title='bbox 2344 876 2478 946; x_wconf 89' lang='grc' dir='ltr'>πρὸς</span> <span class='ocrx_word' id='word_1_367' title='bbox 2521 876 2580 929; x_wconf 76' lang='grc' dir='ltr'>τὸ</span> <span class='ocrx_word' id='word_1_368' title='bbox 2617 878 2812 929; x_wconf 85' lang='grc' dir='ltr'>οἰκεῖον</span> <span class='ocrx_word' id='word_1_369' title='bbox 2859 876 3122 945; x_wconf 85' lang='grc' dir='ltr'>ἀφίκηται</span> <span class='ocrx_word' id='word_1_370' title='bbox 3169 874 3415 945; x_wconf 75' lang='grc' dir='ltr'>μέγεθος,</span> <span class='ocrx_word' id='word_1_371' title='bbox 3464 874 3564 945; x_wconf 81' lang='grc' dir='ltr'><strong>τῆς</strong></span> <span class='ocrx_word' id='word_1_372' title='bbox 3609 876 3781 945; x_wconf 75' lang='grc' dir='ltr'>αὐξή-</span> 
     </span>
    </p>
   </div>
   <div class='ocr_carea' id='block_1_54' title="bbox 2205 966 3781 1038">
    <p class='ocr_par' dir='ltr' id='par_1_54' title="bbox 2205 966 3781 1038">
     <span class='ocr_line' id='line_1_54' title="bbox 2205 966 3781 1038; baseline 0 -19"><span class='ocrx_word' id='word_1_373' title='bbox 2205 984 2342 1030; x_wconf 90' lang='grc' dir='ltr'>σεως</span> <span class='ocrx_word' id='word_1_374' title='bbox 2372 969 2622 1021; x_wconf 80' lang='grc' dir='ltr'>ἵσταται·</span> <span class='ocrx_word' id='word_1_375' title='bbox 2670 968 2729 1021; x_wconf 86' lang='grc' dir='ltr'><strong>τὸ</strong></span> <span class='ocrx_word' id='word_1_376' title='bbox 2780 968 2835 1021; x_wconf 81' lang='grc' dir='ltr'>δὲ</span> <span class='ocrx_word' id='word_1_377' title='bbox 2878 966 2984 1020; x_wconf 87' lang='grc' dir='ltr'><strong>τῶν</strong></span> <span class='ocrx_word' id='word_1_378' title='bbox 3028 966 3360 1019; x_wconf 81' lang='grc' dir='ltr'>πλεονεκτῶν</span> <span class='ocrx_word' id='word_1_379' title='bbox 3403 966 3668 1038; x_wconf 86' lang='grc' dir='ltr'>ἀργύριον</span> <span class='ocrx_word' id='word_1_380' title='bbox 3698 966 3781 1036; x_wconf 79' lang='grc' dir='ltr'>τῷ</span> 
     </span>
    </p>
   </div>
   <div class='ocr_carea' id='block_1_55' title="bbox 2205 1058 3782 1131">
    <p class='ocr_par' dir='ltr' id='par_1_55' title="bbox 2205 1058 3782 1131">
     <span class='ocr_line' id='line_1_55' title="bbox 2205 1058 3782 1131; baseline -0.003 -18"><span class='ocrx_word' id='word_1_381' title='bbox 2205 1060 2381 1129; x_wconf 86' lang='grc' dir='ltr'>χρόνῳ</span> <span class='ocrx_word' id='word_1_382' title='bbox 2434 1060 2595 1113; x_wconf 77' lang='grc' dir='ltr'>παντὶ</span> <span class='ocrx_word' id='word_1_383' title='bbox 2632 1059 3096 1131; x_wconf 83' lang='grc' dir='ltr'>συμπαραύξεται.</span> <span class='ocrx_word' id='word_1_384' title='bbox 3150 1059 3228 1111; x_wconf 84' lang='grc' dir='ltr'><strong>Τά</strong></span> <span class='ocrx_word' id='word_1_385' title='bbox 3282 1058 3413 1122; x_wconf 75' lang='grc' dir='ltr'>ζῶα,</span> <span class='ocrx_word' id='word_1_386' title='bbox 3468 1059 3782 1128; x_wconf 81' lang='grc' dir='ltr'>παραδόντα</span> 
     </span>
    </p>
   </div>
   <div class='ocr_carea' id='block_1_56' title="bbox 2205 1151 3777 1223">
    <p class='ocr_par' dir='ltr' id='par_1_56' title="bbox 2205 1151 3777 1223">
     <span class='ocr_line' id='line_1_56' title="bbox 2205 1151 3777 1223; baseline -0.001 -20"><span class='ocrx_word' id='word_1_387' title='bbox 2205 1154 2315 1215; x_wconf 80' lang='grc' dir='ltr'>τοῖς</span> <span class='ocrx_word' id='word_1_388' title='bbox 2344 1152 2585 1219; x_wconf 79' lang='grc' dir='ltr'>ἐγγόνοις</span> <span class='ocrx_word' id='word_1_389' title='bbox 2607 1152 2667 1204; x_wconf 86' lang='grc' dir='ltr'><strong>τὸ</strong></span> <span class='ocrx_word' id='word_1_390' title='bbox 2697 1152 2917 1213; x_wconf 85' lang='grc' dir='ltr'>τίκτειν,</span> <span class='ocrx_word' id='word_1_391' title='bbox 2954 1153 3093 1206; x_wconf 75' lang='grc' dir='ltr'>αὑτὰ</span> <span class='ocrx_word' id='word_1_392' title='bbox 3125 1155 3224 1223; x_wconf 82' lang='grc' dir='ltr'><strong>τῆς</strong></span> <span class='ocrx_word' id='word_1_393' title='bbox 3250 1154 3494 1221; x_wconf 82' lang='grc' dir='ltr'><strong>κυήσεως</strong></span> <span class='ocrx_word' id='word_1_394' title='bbox 3518 1151 3777 1204; x_wconf 87' lang='grc' dir='ltr'>παύεται·</span> 
     </span>
    </p>
   </div>
   <div class='ocr_carea' id='block_1_57' title="bbox 2204 1241 3781 1313">
    <p class='ocr_par' dir='ltr' id='par_1_57' title="bbox 2204 1241 3781 1313">
     <span class='ocr_line' id='line_1_57' title="bbox 2204 1241 3781 1313; baseline 0.001 -21"><span class='ocrx_word' id='word_1_395' title='bbox 2204 1241 2273 1293; x_wconf 90' lang='grc' dir='ltr'><strong>τά</strong></span> <span class='ocrx_word' id='word_1_396' title='bbox 2319 1242 2374 1293; x_wconf 85' lang='grc' dir='ltr'><strong>δὲ</strong></span> <span class='ocrx_word' id='word_1_397' title='bbox 2417 1241 2524 1293; x_wconf 92' lang='grc' dir='ltr'><strong>τῶν</strong></span> <span class='ocrx_word' id='word_1_398' title='bbox 2565 1242 2855 1295; x_wconf 80' lang='grc' dir='ltr'>δανειστῶν</span> <span class='ocrx_word' id='word_1_399' title='bbox 2889 1242 3124 1313; x_wconf 86' lang='grc' dir='ltr'>ἀργύρια</span> <span class='ocrx_word' id='word_1_400' title='bbox 3176 1244 3269 1294; x_wconf 77' lang='grc' dir='ltr'><strong>καὶ</strong></span> <span class='ocrx_word' id='word_1_401' title='bbox 3304 1242 3371 1295; x_wconf 84' lang='grc' dir='ltr'>τὰ</span> <span class='ocrx_word' id='word_1_402' title='bbox 3420 1242 3781 1310; x_wconf 73' lang='grc' dir='ltr'>ἐπιγινόμενα</span> 
     </span>
    </p>
   </div>
   <div class='ocr_carea' id='block_1_58' title="bbox 2204 1334 3781 1406">
    <p class='ocr_par' dir='ltr' id='par_1_58' title="bbox 2204 1334 3781 1406">
     <span class='ocr_line' id='line_1_58' title="bbox 2204 1334 3781 1406; baseline -0.001 -21"><span class='ocrx_word' id='word_1_403' title='bbox 2204 1334 2411 1395; x_wconf 89' lang='grc' dir='ltr'>τίκτει,</span> <span class='ocrx_word' id='word_1_404' title='bbox 2442 1336 2536 1387; x_wconf 76' lang='grc' dir='ltr'><strong>καὶ</strong></span> <span class='ocrx_word' id='word_1_405' title='bbox 2574 1335 2641 1388; x_wconf 89' lang='grc' dir='ltr'><strong>τά</strong></span> <span class='ocrx_word' id='word_1_406' title='bbox 2673 1336 2871 1406; x_wconf 85' lang='grc' dir='ltr'>ἀρχαῖα</span> <span class='ocrx_word' id='word_1_407' title='bbox 2898 1335 3093 1398; x_wconf 76' lang='grc' dir='ltr'>νεάζει.</span> <span class='ocrx_word' id='word_1_408' title='bbox 3136 1337 3225 1406; x_wconf 85' lang='grc' dir='ltr'><strong>Μὴ</strong></span> <span class='ocrx_word' id='word_1_409' title='bbox 3274 1334 3335 1387; x_wconf 89' lang='grc' dir='ltr'><strong>σύ</strong></span> <span class='ocrx_word' id='word_1_410' title='bbox 3366 1351 3429 1402; x_wconf 91' lang='grc' dir='ltr'><strong>γε</strong></span> <span class='ocrx_word' id='word_1_411' title='bbox 3463 1335 3544 1397; x_wconf 88' lang='grc' dir='ltr'>εἰς</span> <span class='ocrx_word' id='word_1_412' title='bbox 3578 1336 3781 1402; x_wconf 83' lang='grc' dir='ltr'>πεῖραν</span> 
     </span>
    </p>
   </div>
   <div class='ocr_carea' id='block_1_59' title="bbox 2205 1424 3280 1495">
    <p class='ocr_par' dir='ltr' id='par_1_59' title="bbox 2205 1424 3280 1495">
     <span class='ocr_line' id='line_1_59' title="bbox 2205 1424 3280 1495; baseline 0 -18"><span class='ocrx_word' id='word_1_413' title='bbox 2205 1425 2376 1487; x_wconf 69' lang='grc' dir='ltr'>ἔλθοις</span> <span class='ocrx_word' id='word_1_414' title='bbox 2407 1425 2501 1477; x_wconf 80' lang='grc' dir='ltr'>τοῦ</span> <span class='ocrx_word' id='word_1_415' title='bbox 2535 1425 2819 1477; x_wconf 78' lang='grc' dir='ltr'>ἀλλοκότου</span> <span class='ocrx_word' id='word_1_416' title='bbox 2851 1424 3037 1478; x_wconf 86' lang='grc' dir='ltr'>τούτου</span> <span class='ocrx_word' id='word_1_417' title='bbox 3071 1425 3280 1495; x_wconf 79' lang='grc' dir='ltr'>θηρίου.</span> 
     </span>
    </p>
   </div>
   <div class='ocr_carea' id='block_1_60' title="bbox 2278 1695 3784 1769">
    <p class='ocr_par' dir='ltr' id='par_1_60' title="bbox 2278 1695 3784 1769">
     <span class='ocr_line' id='line_1_60' title="bbox 2278 1695 3784 1769; baseline -0.002 -16"><span class='ocrx_word' id='word_1_418' title='bbox 2278 1700 2330 1753; x_wconf 74' lang='grc'>4.</span> <span class='ocrx_word' id='word_1_419' title='bbox 2383 1698 2690 1769; x_wconf 74' lang='grc' dir='ltr'>Ἐλεύθερον</span> <span class='ocrx_word' id='word_1_420' title='bbox 2740 1698 2849 1768; x_wconf 73' lang='grc'><strong>(54)</strong></span> <span class='ocrx_word' id='word_1_421' title='bbox 2895 1698 3026 1769; x_wconf 72' lang='grc' dir='ltr'>ὁρᾷς</span> <span class='ocrx_word' id='word_1_422' title='bbox 3082 1696 3172 1749; x_wconf 73' lang='grc' dir='ltr'>τὸν</span> <span class='ocrx_word' id='word_1_423' title='bbox 3221 1696 3390 1767; x_wconf 75' lang='grc' dir='ltr'>ἥλιον.</span> <span class='ocrx_word' id='word_1_424' title='bbox 3446 1695 3513 1749; x_wconf 89' lang='grc' dir='ltr'>Τί</span> <span class='ocrx_word' id='word_1_425' title='bbox 3562 1696 3784 1765; x_wconf 76' lang='grc' dir='ltr'>φθονεῖς</span> 
     </span>
    </p>
   </div>
   <div class='ocr_carea' id='block_1_61' title="bbox 2133 1775 3784 1862">
    <p class='ocr_par' dir='ltr' id='par_1_61' title="bbox 2133 1775 3784 1862">
     <span class='ocr_line' id='line_1_61' title="bbox 2133 1775 3784 1862; baseline -0.002 -16"><span class='ocrx_word' id='word_1_426' title='bbox 2133 1775 2175 1834; x_wconf 74' lang='grc' dir='ltr'><strong><em>Β</em></strong></span> <span class='ocrx_word' id='word_1_427' title='bbox 2206 1792 2414 1862; x_wconf 81' lang='grc' dir='ltr'>σεαυτῷ</span> <span class='ocrx_word' id='word_1_428' title='bbox 2466 1792 2565 1861; x_wconf 80' lang='grc' dir='ltr'>τῆς</span> <span class='ocrx_word' id='word_1_429' title='bbox 2613 1792 2922 1862; x_wconf 71' lang='grc' dir='ltr'>παρρησίας</span> <span class='ocrx_word' id='word_1_430' title='bbox 2976 1790 3069 1844; x_wconf 77' lang='grc' dir='ltr'>τοῦ</span> <span class='ocrx_word' id='word_1_431' title='bbox 3127 1790 3275 1860; x_wconf 71' lang='grc' dir='ltr'>βίους</span> <span class='ocrx_word' id='word_1_432' title='bbox 3332 1790 3523 1853; x_wconf 73' lang='grc' dir='ltr'>Οὐδεὶς</span> <span class='ocrx_word' id='word_1_433' title='bbox 3559 1789 3784 1859; x_wconf 84' lang='grc' dir='ltr'>πύκτης</span> 
     </span>
    </p>
   </div>
   <div class='ocr_carea' id='block_1_62' title="bbox 2204 1880 3783 1951">
    <p class='ocr_par' dir='ltr' id='par_1_62' title="bbox 2204 1880 3783 1951">
     <span class='ocr_line' id='line_1_62' title="bbox 2204 1880 3783 1951; baseline -0.001 -17"><span class='ocrx_word' id='word_1_434' title='bbox 2204 1883 2342 1935; x_wconf 74' lang='grc' dir='ltr'>οὕτω</span> <span class='ocrx_word' id='word_1_435' title='bbox 2370 1881 2469 1944; x_wconf 84' lang='grc' dir='ltr'>τὰς</span> <span class='ocrx_word' id='word_1_436' title='bbox 2498 1881 2709 1951; x_wconf 84' lang='grc' dir='ltr'>πληγὰς</span> <span class='ocrx_word' id='word_1_437' title='bbox 2740 1881 2831 1933; x_wconf 85' lang='grc' dir='ltr'>τοῦ</span> <span class='ocrx_word' id='word_1_438' title='bbox 2865 1880 3264 1948; x_wconf 81' lang='grc' dir='ltr'>ἀνταγωνιστοῦ</span> <span class='ocrx_word' id='word_1_439' title='bbox 3295 1880 3610 1948; x_wconf 80' lang='grc' dir='ltr'>ὑποφεύγει,</span> <span class='ocrx_word' id='word_1_440' title='bbox 3644 1880 3720 1942; x_wconf 86' lang='grc' dir='ltr'>ὡς</span> <span class='ocrx_word' id='word_1_441' title='bbox 3750 1882 3783 1933; x_wconf 78' lang='grc' dir='ltr'>ὁ</span> 
     </span>
    </p>
   </div>
   <div class='ocr_carea' id='block_1_63' title="bbox 2203 1971 3782 2043">
    <p class='ocr_par' dir='ltr' id='par_1_63' title="bbox 2203 1971 3782 2043">
     <span class='ocr_line' id='line_1_63' title="bbox 2203 1971 3782 2043; baseline -0.003 -16"><span class='ocrx_word' id='word_1_442' title='bbox 2203 1974 2585 2043; x_wconf 80' lang='grc' dir='ltr'>δανεισάμενος</span> <span class='ocrx_word' id='word_1_443' title='bbox 2611 1973 2704 2025; x_wconf 81' lang='grc' dir='ltr'>τοῦ</span> <span class='ocrx_word' id='word_1_444' title='bbox 2735 1974 2968 2043; x_wconf 88' lang='grc' dir='ltr'>χρήστου</span> <span class='ocrx_word' id='word_1_445' title='bbox 3006 1971 3118 2041; x_wconf 84' lang='grc'><strong>(55)</strong></span> <span class='ocrx_word' id='word_1_446' title='bbox 3154 1972 3251 2035; x_wconf 80' lang='grc' dir='ltr'><strong>τὰς</strong></span> <span class='ocrx_word' id='word_1_447' title='bbox 3296 1972 3603 2041; x_wconf 78' lang='grc' dir='ltr'>συντυχίας,</span> <span class='ocrx_word' id='word_1_448' title='bbox 3639 1974 3782 2041; x_wconf 66' lang='grc' dir='ltr'>πρὸς</span> 
     </span>
    </p>
   </div>
   <div class='ocr_carea' id='block_1_64' title="bbox 2206 2062 3782 2132">
    <p class='ocr_par' dir='ltr' id='par_1_64' title="bbox 2206 2062 3782 2132">
     <span class='ocr_line' id='line_1_64' title="bbox 2206 2062 3782 2132; baseline -0.001 -15"><span class='ocrx_word' id='word_1_449' title='bbox 2206 2066 2389 2126; x_wconf 87' lang='grc' dir='ltr'>κίονας</span> <span class='ocrx_word' id='word_1_450' title='bbox 2430 2064 2523 2117; x_wconf 79' lang='grc' dir='ltr'><strong>καὶ</strong></span> <span class='ocrx_word' id='word_1_451' title='bbox 2568 2062 2777 2132; x_wconf 89' lang='grc' dir='ltr'>τοίχους</span> <span class='ocrx_word' id='word_1_452' title='bbox 2811 2062 3157 2125; x_wconf 78' lang='grc' dir='ltr'>ἀποσκιάζων</span> <span class='ocrx_word' id='word_1_453' title='bbox 3205 2062 3301 2132; x_wconf 85' lang='grc' dir='ltr'>τὴν</span> <span class='ocrx_word' id='word_1_454' title='bbox 3353 2062 3615 2131; x_wconf 80' lang='grc' dir='ltr'>κεφαλήν.</span> <span class='ocrx_word' id='word_1_455' title='bbox 3653 2063 3782 2125; x_wconf 87' lang='grc' dir='ltr'>Πῶς</span> 
     </span>
    </p>
   </div>
   <div class='ocr_carea' id='block_1_65' title="bbox 2204 2149 3781 2223">
    <p class='ocr_par' dir='ltr' id='par_1_65' title="bbox 2204 2149 3781 2223">
     <span class='ocr_line' id='line_1_65' title="bbox 2204 2149 3781 2223; baseline 0.001 -18"><span class='ocrx_word' id='word_1_456' title='bbox 2204 2149 2297 2205; x_wconf 80' lang='grc' dir='ltr'>οὖν</span> <span class='ocrx_word' id='word_1_457' title='bbox 2327 2151 2624 2220; x_wconf 81' lang='grc' dir='ltr'>διατραφῶ,</span> <span class='ocrx_word' id='word_1_458' title='bbox 2655 2152 2816 2221; x_wconf 82' lang='grc' dir='ltr'>φησίν</span> <span class='ocrx_word' id='word_1_459' title='bbox 2842 2167 2856 2215; x_wconf 90' lang='grc'><strong>;</strong></span> <span class='ocrx_word' id='word_1_460' title='bbox 2893 2152 3072 2220; x_wconf 81' lang='grc' dir='ltr'>Ἔχεις</span> <span class='ocrx_word' id='word_1_461' title='bbox 3102 2154 3291 2222; x_wconf 89' lang='grc' dir='ltr'>χεῖρας</span> <span class='ocrx_word' id='word_1_462' title='bbox 3310 2191 3323 2214; x_wconf 86' lang='grc'><strong>,</strong></span> <span class='ocrx_word' id='word_1_463' title='bbox 3368 2152 3510 2221; x_wconf 79' lang='grc' dir='ltr'>ἔχεις</span> <span class='ocrx_word' id='word_1_464' title='bbox 3543 2151 3781 2223; x_wconf 81' lang='grc' dir='ltr'>τέχνην’</span> 
     </span>
    </p>
   </div>
   <div class='ocr_carea' id='block_1_66' title="bbox 2209 2241 3779 2313">
    <p class='ocr_par' dir='ltr' id='par_1_66' title="bbox 2209 2241 3779 2313">
     <span class='ocr_line' id='line_1_66' title="bbox 2209 2241 3779 2313; baseline 0 -19"><span class='ocrx_word' id='word_1_465' title='bbox 2209 2241 2522 2313; x_wconf 59' lang='grc' dir='ltr'>μιώαρνοῦ,</span> <span class='ocrx_word' id='word_1_466' title='bbox 2558 2241 2825 2294; x_wconf 84' lang='grc' dir='ltr'>διακόνει’</span> <span class='ocrx_word' id='word_1_467' title='bbox 2860 2242 3049 2293; x_wconf 77' lang='grc' dir='ltr'>πολλαὶ</span> <span class='ocrx_word' id='word_1_468' title='bbox 3080 2242 3309 2293; x_wconf 80' lang='grc' dir='ltr'>ἐπίνοιαι</span> <span class='ocrx_word' id='word_1_469' title='bbox 3342 2241 3435 2294; x_wconf 82' lang='grc' dir='ltr'>τοῦ</span> <span class='ocrx_word' id='word_1_470' title='bbox 3469 2242 3609 2311; x_wconf 87' lang='grc' dir='ltr'>βίου,</span> <span class='ocrx_word' id='word_1_471' title='bbox 3644 2244 3779 2294; x_wconf 60' lang='grc' dir='ltr'>πολ-</span> 
     </span>
    </p>
   </div>
   <div class='ocr_carea' id='block_1_67' title="bbox 2206 2332 3781 2403">
    <p class='ocr_par' dir='ltr' id='par_1_67' title="bbox 2206 2332 3781 2403">
     <span class='ocr_line' id='line_1_67' title="bbox 2206 2332 3781 2403; baseline -0.001 -17"><span class='ocrx_word' id='word_1_472' title='bbox 2206 2334 2293 2386; x_wconf 70' lang='grc' dir='ltr'>λαὶ</span> <span class='ocrx_word' id='word_1_473' title='bbox 2326 2332 2587 2403; x_wconf 83' lang='grc' dir='ltr'>ἀφορμαί.</span> <span class='ocrx_word' id='word_1_474' title='bbox 2636 2332 2771 2384; x_wconf 80' lang='grc' dir='ltr'>Ἀλλ’</span> <span class='ocrx_word' id='word_1_475' title='bbox 2802 2332 3073 2396; x_wconf 82' lang='grc' dir='ltr'>ἀδυνάτως</span> <span class='ocrx_word' id='word_1_476' title='bbox 3105 2332 3279 2402; x_wconf 75' lang='grc' dir='ltr'>ἔχεις;</span> <span class='ocrx_word' id='word_1_477' title='bbox 3312 2333 3593 2403; x_wconf 84' lang='grc' dir='ltr'>προσαίτει</span> <span class='ocrx_word' id='word_1_478' title='bbox 3626 2335 3781 2403; x_wconf 67' lang='grc' dir='ltr'>παρὰ</span> 
     </span>
    </p>
   </div>
   <div class='ocr_carea' id='block_1_68' title="bbox 2204 2424 3783 2495">
    <p class='ocr_par' dir='ltr' id='par_1_68' title="bbox 2204 2424 3783 2495">
     <span class='ocr_line' id='line_1_68' title="bbox 2204 2424 3783 2495; baseline 0 -19"><span class='ocrx_word' id='word_1_479' title='bbox 2204 2426 2313 2477; x_wconf 89' lang='grc' dir='ltr'><strong>τῶν</strong></span> <span class='ocrx_word' id='word_1_480' title='bbox 2339 2425 2710 2494; x_wconf 83' lang='grc' dir='ltr'>κεκτημένων.</span> <span class='ocrx_word' id='word_1_481' title='bbox 2754 2424 2890 2477; x_wconf 82' lang='grc' dir='ltr'>Ἀλλ’</span> <span class='ocrx_word' id='word_1_482' title='bbox 2916 2425 3135 2495; x_wconf 81' lang='grc' dir='ltr'>αἰσχρὸν</span> <span class='ocrx_word' id='word_1_483' title='bbox 3166 2424 3226 2476; x_wconf 87' lang='grc' dir='ltr'><strong>τὸ</strong></span> <span class='ocrx_word' id='word_1_484' title='bbox 3250 2426 3450 2487; x_wconf 77' lang='grc' dir='ltr'>αἱτείνς</span> <span class='ocrx_word' id='word_1_485' title='bbox 3482 2426 3783 2494; x_wconf 75' lang='grc' dir='ltr'>Αίςχρότε-</span> 
     </span>
    </p>
   </div>
   <div class='ocr_carea' id='block_1_69' title="bbox 2208 2513 3779 2587">
    <p class='ocr_par' dir='ltr' id='par_1_69' title="bbox 2208 2513 3779 2587">
     <span class='ocr_line' id='line_1_69' title="bbox 2208 2513 3779 2587; baseline 0 -18"><span class='ocrx_word' id='word_1_486' title='bbox 2208 2534 2300 2586; x_wconf 91' lang='grc' dir='ltr'><strong>ρον</strong></span> <span class='ocrx_word' id='word_1_487' title='bbox 2337 2517 2433 2587; x_wconf 86' lang='grc' dir='ltr'><strong>μέν</strong></span> <span class='ocrx_word' id='word_1_488' title='bbox 2461 2513 2551 2569; x_wconf 76' lang='grc' dir='ltr'><strong>οὖν</strong></span> <span class='ocrx_word' id='word_1_489' title='bbox 2586 2517 2646 2568; x_wconf 81' lang='grc' dir='ltr'><strong>τὸ</strong></span> <span class='ocrx_word' id='word_1_490' title='bbox 2674 2516 3054 2586; x_wconf 85' lang='grc' dir='ltr'>δανεισάμενον</span> <span class='ocrx_word' id='word_1_491' title='bbox 3085 2517 3423 2587; x_wconf 85' lang='grc' dir='ltr'>ἀποστερεῖν.</span> <span class='ocrx_word' id='word_1_492' title='bbox 3453 2518 3528 2570; x_wconf 85' lang='grc' dir='ltr'>Οὑ</span> <span class='ocrx_word' id='word_1_493' title='bbox 3558 2518 3779 2579; x_wconf 81' lang='grc' dir='ltr'>πάντως</span> 
     </span>
    </p>
   </div>
   <div class='ocr_carea' id='block_1_70' title="bbox 2206 2608 3779 2680">
    <p class='ocr_par' dir='ltr' id='par_1_70' title="bbox 2206 2608 3779 2680">
     <span class='ocr_line' id='line_1_70' title="bbox 2206 2608 3779 2680; baseline 0.001 -20"><span class='ocrx_word' id='word_1_494' title='bbox 2206 2610 2507 2680; x_wconf 88' lang='grc' dir='ltr'>νομοθετῶν</span> <span class='ocrx_word' id='word_1_495' title='bbox 2550 2609 2717 2661; x_wconf 77' lang='grc' dir='ltr'>ταῦτα</span> <span class='ocrx_word' id='word_1_496' title='bbox 2754 2609 2913 2676; x_wconf 80' lang='grc' dir='ltr'>λέγω,</span> <span class='ocrx_word' id='word_1_497' title='bbox 2951 2608 3058 2661; x_wconf 87' lang='grc' dir='ltr'>ἀλλ’</span> <span class='ocrx_word' id='word_1_498' title='bbox 3099 2609 3412 2673; x_wconf 72' lang='grc' dir='ltr'>ὑποδεικνὺς</span> <span class='ocrx_word' id='word_1_499' title='bbox 3436 2649 3449 2670; x_wconf 83' lang='grc'><strong>,</strong></span> <span class='ocrx_word' id='word_1_500' title='bbox 3479 2611 3560 2662; x_wconf 84' lang='grc' dir='ltr'><strong>ὅτι</strong></span> <span class='ocrx_word' id='word_1_501' title='bbox 3596 2611 3779 2663; x_wconf 83' lang='grc' dir='ltr'>πάντα</span> 
     </span>
    </p>
   </div>
   <div class='ocr_carea' id='block_1_71' title="bbox 2208 2699 3779 2772">
    <p class='ocr_par' dir='ltr' id='par_1_71' title="bbox 2208 2699 3779 2772">
     <span class='ocr_line' id='line_1_71' title="bbox 2208 2699 3779 2772; baseline -0.002 -18"><span class='ocrx_word' id='word_1_502' title='bbox 2208 2718 2291 2754; x_wconf 90' lang='grc' dir='ltr'><strong>σοι</strong></span> <span class='ocrx_word' id='word_1_503' title='bbox 2319 2700 2410 2754; x_wconf 79' lang='grc' dir='ltr'>τοῦ</span> <span class='ocrx_word' id='word_1_504' title='bbox 2454 2700 2786 2763; x_wconf 77' lang='grc' dir='ltr'>δανείζεσθαι</span> <span class='ocrx_word' id='word_1_505' title='bbox 2820 2699 3174 2770; x_wconf 86' lang='grc' dir='ltr'>φορητότερα.</span> <span class='ocrx_word' id='word_1_506' title='bbox 3219 2701 3277 2751; x_wconf 84' lang='lat'><strong>&#39;0</strong></span> <span class='ocrx_word' id='word_1_507' title='bbox 3311 2699 3535 2772; x_wconf 77' lang='grc' dir='ltr'>μύρμηξ</span> <span class='ocrx_word' id='word_1_508' title='bbox 3566 2702 3665 2770; x_wconf 83' lang='grc' dir='ltr'><strong>μὲν</strong></span> <span class='ocrx_word' id='word_1_509' title='bbox 3686 2701 3779 2752; x_wconf 78' lang='grc' dir='ltr'>δύο</span> 
     </span>
    </p>
   </div>
   <div class='ocr_carea' id='block_1_72' title="bbox 2207 2790 3777 2862">
    <p class='ocr_par' dir='ltr' id='par_1_72' title="bbox 2207 2790 3777 2862">
     <span class='ocr_line' id='line_1_72' title="bbox 2207 2790 3777 2862; baseline 0 -17"><span class='ocrx_word' id='word_1_510' title='bbox 2207 2811 2385 2853; x_wconf 88' lang='grc' dir='ltr'>ναται,</span> <span class='ocrx_word' id='word_1_511' title='bbox 2423 2794 2557 2862; x_wconf 84' lang='grc' dir='ltr'>μήτε</span> <span class='ocrx_word' id='word_1_512' title='bbox 2592 2792 2919 2862; x_wconf 83' lang='grc' dir='ltr'>προσαιτῶν,</span> <span class='ocrx_word' id='word_1_513' title='bbox 2957 2793 3091 2861; x_wconf 82' lang='grc' dir='ltr'>μήτε</span> <span class='ocrx_word' id='word_1_514' title='bbox 3122 2790 3492 2861; x_wconf 69' lang='grc' dir='ltr'>δανειζόμενος</span> <span class='ocrx_word' id='word_1_515' title='bbox 3513 2832 3527 2855; x_wconf 90' lang='grc'><strong>,</strong></span> <span class='ocrx_word' id='word_1_516' title='bbox 3556 2792 3777 2862; x_wconf 54' lang='grc' dir='ltr'>διατριβ-</span> 
     </span>
    </p>
   </div>
   <div class='ocr_carea' id='block_1_73' title="bbox 2209 2883 3778 2954">
    <p class='ocr_par' dir='ltr' id='par_1_73' title="bbox 2209 2883 3778 2954">
     <span class='ocr_line' id='line_1_73' title="bbox 2209 2883 3778 2954; baseline -0.001 -17"><span class='ocrx_word' id='word_1_517' title='bbox 2209 2886 2401 2953; x_wconf 87' lang='grc' dir='ltr'>φεσθαι</span> <span class='ocrx_word' id='word_1_518' title='bbox 2422 2901 2434 2913; x_wconf 88' lang='grc'>·</span> <span class='ocrx_word' id='word_1_519' title='bbox 2473 2884 2563 2937; x_wconf 67' lang='grc' dir='ltr'><strong>καὶ</strong></span> <span class='ocrx_word' id='word_1_520' title='bbox 2605 2883 2828 2953; x_wconf 82' lang='grc' dir='ltr'>μέλισσα</span> <span class='ocrx_word' id='word_1_521' title='bbox 2864 2883 2929 2935; x_wconf 83' lang='grc' dir='ltr'>τὰ</span> <span class='ocrx_word' id='word_1_522' title='bbox 2962 2883 3187 2952; x_wconf 69' lang='grc' dir='ltr'>λείψανα</span> <span class='ocrx_word' id='word_1_523' title='bbox 3212 2884 3310 2952; x_wconf 84' lang='grc' dir='ltr'>τῆς</span> <span class='ocrx_word' id='word_1_524' title='bbox 3334 2884 3539 2947; x_wconf 81' lang='grc' dir='ltr'>οἰκείας</span> <span class='ocrx_word' id='word_1_525' title='bbox 3568 2884 3778 2954; x_wconf 70' lang='grc' dir='ltr'>τροφῆς</span> 
     </span>
    </p>
   </div>
   <div class='ocr_carea' id='block_1_74' title="bbox 2210 2968 3775 3045">
    <p class='ocr_par' dir='ltr' id='par_1_74' title="bbox 2210 2968 3775 3045">
     <span class='ocr_line' id='line_1_74' title="bbox 2210 2968 3775 3045; baseline -0.003 -17"><span class='ocrx_word' id='word_1_526' title='bbox 2210 2975 2484 3045; x_wconf 79' lang='grc' dir='ltr'>βασιλεῦσι</span> <span class='ocrx_word' id='word_1_527' title='bbox 2512 2974 2792 3045; x_wconf 80' lang='grc' dir='ltr'>χαρίζεται</span> <span class='ocrx_word' id='word_1_528' title='bbox 2813 2990 2825 3002; x_wconf 84' lang='grc'><em>’</em></span> <span class='ocrx_word' id='word_1_529' title='bbox 2862 2968 2941 3037; x_wconf 74' lang='grc' dir='ltr'>οἷς</span> <span class='ocrx_word' id='word_1_530' title='bbox 2982 2972 3103 3025; x_wconf 70' lang='grc' dir='ltr'>οὕτε</span> <span class='ocrx_word' id='word_1_531' title='bbox 3130 2976 3337 3043; x_wconf 86' lang='grc' dir='ltr'>χεῖρας,</span> <span class='ocrx_word' id='word_1_532' title='bbox 3372 2972 3495 3025; x_wconf 79' lang='grc' dir='ltr'>οὑτε</span> <span class='ocrx_word' id='word_1_533' title='bbox 3518 2974 3709 3043; x_wconf 85' lang='grc' dir='ltr'>τέχνας</span> <span class='ocrx_word' id='word_1_534' title='bbox 3740 2977 3775 3044; x_wconf 80' lang='grc' dir='ltr'><strong>ἡ</strong></span> 
     </span>
    </p>
   </div>
   <div class='ocr_carea' id='block_1_75' title="bbox 2210 3063 3781 3136">
    <p class='ocr_par' dir='ltr' id='par_1_75' title="bbox 2210 3063 3781 3136">
     <span class='ocr_line' id='line_1_75' title="bbox 2210 3063 3781 3136; baseline -0.001 -19"><span class='ocrx_word' id='word_1_535' title='bbox 2210 3066 2370 3134; x_wconf 86' lang='grc' dir='ltr'>φύσις</span> <span class='ocrx_word' id='word_1_536' title='bbox 2404 3066 2632 3117; x_wconf 75' lang='grc' dir='ltr'>ἔδωκεν·</span> <span class='ocrx_word' id='word_1_537' title='bbox 2686 3064 2748 3115; x_wconf 79' lang='grc' dir='ltr'><strong>σὺ</strong></span> <span class='ocrx_word' id='word_1_538' title='bbox 2788 3063 2843 3115; x_wconf 81' lang='grc' dir='ltr'>δὲ</span> <span class='ocrx_word' id='word_1_539' title='bbox 2877 3064 2936 3117; x_wconf 74' lang='grc' dir='ltr'>τὸ</span> <span class='ocrx_word' id='word_1_540' title='bbox 2985 3064 3285 3133; x_wconf 82' lang='grc' dir='ltr'>εὐμήχανον</span> <span class='ocrx_word' id='word_1_541' title='bbox 3328 3063 3462 3126; x_wconf 77' lang='grc' dir='ltr'>ζῶον</span> <span class='ocrx_word' id='word_1_542' title='bbox 3503 3067 3531 3117; x_wconf 88' lang='grc' dir='ltr'>ὁ</span> <span class='ocrx_word' id='word_1_543' title='bbox 3568 3066 3781 3136; x_wconf 82' lang='grc' dir='ltr'>ἂνθρω-</span> 
     </span>
    </p>
   </div>
   <div class='ocr_carea' id='block_1_76' title="bbox 2210 3152 3779 3225">
    <p class='ocr_par' dir='ltr' id='par_1_76' title="bbox 2210 3152 3779 3225">
     <span class='ocr_line' id='line_1_76' title="bbox 2210 3152 3779 3225; baseline -0.003 -17"><span class='ocrx_word' id='word_1_544' title='bbox 2210 3172 2309 3218; x_wconf 84' lang='grc' dir='ltr'><strong>πος</strong></span> <span class='ocrx_word' id='word_1_545' title='bbox 2341 3155 2467 3225; x_wconf 90' lang='grc' dir='ltr'>μίαν</span> <span class='ocrx_word' id='word_1_546' title='bbox 2498 3154 2603 3206; x_wconf 87' lang='grc' dir='ltr'><strong>τῶν</strong></span> <span class='ocrx_word' id='word_1_547' title='bbox 2635 3152 2822 3205; x_wconf 89' lang='grc' dir='ltr'>πασῶν</span> <span class='ocrx_word' id='word_1_548' title='bbox 2852 3154 3096 3223; x_wconf 80' lang='grc' dir='ltr'>μηχανὴν</span> <span class='ocrx_word' id='word_1_549' title='bbox 3118 3154 3213 3222; x_wconf 83' lang='grc' dir='ltr'><strong>οὑχ</strong></span> <span class='ocrx_word' id='word_1_550' title='bbox 3237 3154 3485 3223; x_wconf 81' lang='grc' dir='ltr'>εὑρήσεις</span> <span class='ocrx_word' id='word_1_551' title='bbox 3516 3153 3653 3225; x_wconf 85' lang='grc' dir='ltr'>πρὸς</span> <span class='ocrx_word' id='word_1_552' title='bbox 3678 3154 3779 3224; x_wconf 76' lang='grc' dir='ltr'><strong>τὴν</strong></span> 
     </span>
    </p>
   </div>
   <div class='ocr_carea' id='block_1_77' title="bbox 2211 3246 3780 3318">
    <p class='ocr_par' dir='ltr' id='par_1_77' title="bbox 2211 3246 3780 3318">
     <span class='ocr_line' id='line_1_77' title="bbox 2211 3246 3780 3318; baseline -0.001 -17"><span class='ocrx_word' id='word_1_553' title='bbox 2211 3248 2301 3301; x_wconf 75' lang='grc' dir='ltr'><strong>τοῦ</strong></span> <span class='ocrx_word' id='word_1_554' title='bbox 2351 3247 2463 3316; x_wconf 86' lang='grc' dir='ltr'>βίου</span> <span class='ocrx_word' id='word_1_555' title='bbox 2507 3248 2808 3318; x_wconf 86' lang='grc' dir='ltr'>διαγωγήν;</span> <span class='ocrx_word' id='word_1_556' title='bbox 2862 3246 3053 3299; x_wconf 83' lang='grc' dir='ltr'>Καίτοι</span> <span class='ocrx_word' id='word_1_557' title='bbox 3095 3247 3307 3317; x_wconf 86' lang='grc' dir='ltr'>ὁρῶμεν</span> <span class='ocrx_word' id='word_1_558' title='bbox 3350 3248 3468 3315; x_wconf 74' lang='grc' dir='ltr'>οὑχὶ</span> <span class='ocrx_word' id='word_1_559' title='bbox 3500 3248 3626 3309; x_wconf 85' lang='grc' dir='ltr'>τοὺς</span> <span class='ocrx_word' id='word_1_560' title='bbox 3666 3248 3780 3299; x_wconf 81' lang='grc' dir='ltr'><strong>τῶν</strong></span> 
     </span>
    </p>
   </div>
   <div class='ocr_carea' id='block_1_78' title="bbox 2209 3334 3777 3405">
    <p class='ocr_par' dir='ltr' id='par_1_78' title="bbox 2209 3334 3777 3405">
     <span class='ocr_line' id='line_1_78' title="bbox 2209 3334 3777 3405; baseline 0.002 -19"><span class='ocrx_word' id='word_1_561' title='bbox 2209 3334 2520 3402; x_wconf 80' lang='grc' dir='ltr'>ἀναγκαίων</span> <span class='ocrx_word' id='word_1_562' title='bbox 2559 3335 2757 3397; x_wconf 75' lang='grc' dir='ltr'>ἐνδεεῖς</span> <span class='ocrx_word' id='word_1_563' title='bbox 2799 3335 3125 3405; x_wconf 80' lang='grc' dir='ltr'>ἐρχομένους</span> <span class='ocrx_word' id='word_1_564' title='bbox 3159 3336 3251 3387; x_wconf 76' lang='grc' dir='ltr'>ἐπὶ</span> <span class='ocrx_word' id='word_1_565' title='bbox 3280 3334 3339 3387; x_wconf 75' lang='grc' dir='ltr'>τὸ</span> <span class='ocrx_word' id='word_1_566' title='bbox 3371 3337 3575 3389; x_wconf 84' lang='grc' dir='ltr'>δάνειον</span> <span class='ocrx_word' id='word_1_567' title='bbox 3612 3341 3630 3404; x_wconf 94' lang='grc'>(</span> <span class='ocrx_word' id='word_1_568' title='bbox 3656 3338 3777 3389; x_wconf 81' lang='grc' dir='ltr'>οὑδὲ</span> 
     </span>
    </p>
   </div>
   <div class='ocr_carea' id='block_1_79' title="bbox 2209 3424 3778 3495">
    <p class='ocr_par' dir='ltr' id='par_1_79' title="bbox 2209 3424 3778 3495">
     <span class='ocr_line' id='line_1_79' title="bbox 2209 3424 3778 3495; baseline 0.003 -19"><span class='ocrx_word' id='word_1_569' title='bbox 2209 3424 2315 3495; x_wconf 85' lang='grc' dir='ltr'>γὰρ</span> <span class='ocrx_word' id='word_1_570' title='bbox 2355 3425 2537 3494; x_wconf 78' lang='grc' dir='ltr'>ἔχουσι</span> <span class='ocrx_word' id='word_1_571' title='bbox 2597 3427 2722 3487; x_wconf 75' lang='grc' dir='ltr'>τοὺς</span> <span class='ocrx_word' id='word_1_572' title='bbox 2775 3425 3200 3495; x_wconf 85' lang='grc' dir='ltr'>πιστεύοντας),</span> <span class='ocrx_word' id='word_1_573' title='bbox 3249 3427 3385 3480; x_wconf 84' lang='grc' dir='ltr'>ἀλλὰ</span> <span class='ocrx_word' id='word_1_574' title='bbox 3439 3428 3778 3491; x_wconf 78' lang='grc' dir='ltr'>δανείζονται</span> 
     </span>
    </p>
   </div>
   <div class='ocr_carea' id='block_1_80' title="bbox 2209 3518 3779 3588">
    <p class='ocr_par' dir='ltr' id='par_1_80' title="bbox 2209 3518 3779 3588">
     <span class='ocr_line' id='line_1_80' title="bbox 2209 3518 3779 3588; baseline 0.001 -17"><span class='ocrx_word' id='word_1_575' title='bbox 2209 3518 2502 3588; x_wconf 88' lang='grc' dir='ltr'>ἄνθρωποι,</span> <span class='ocrx_word' id='word_1_576' title='bbox 2564 3518 2827 3581; x_wconf 90' lang='grc' dir='ltr'>δαπάναις</span> <span class='ocrx_word' id='word_1_577' title='bbox 2884 3520 3196 3587; x_wconf 83' lang='grc' dir='ltr'>ἀνειμέναις</span> <span class='ocrx_word' id='word_1_578' title='bbox 3249 3521 3343 3573; x_wconf 74' lang='grc' dir='ltr'><strong>καὶ</strong></span> <span class='ocrx_word' id='word_1_579' title='bbox 3405 3521 3779 3583; x_wconf 67' lang='grc' dir='ltr'>πολυτελείαις</span> 
     </span>
    </p>
   </div>
   <div class='ocr_carea' id='block_1_81' title="bbox 2211 3608 3779 3681">
    <p class='ocr_par' dir='ltr' id='par_1_81' title="bbox 2211 3608 3779 3681">
     <span class='ocr_line' id='line_1_81' title="bbox 2211 3608 3779 3681; baseline 0 -20"><span class='ocrx_word' id='word_1_580' title='bbox 2211 3609 2478 3679; x_wconf 76' lang='grc' dir='ltr'>ἀκάρποις</span> <span class='ocrx_word' id='word_1_581' title='bbox 2527 3609 2749 3671; x_wconf 79' lang='grc' dir='ltr'>ἑαυτοὺς</span> <span class='ocrx_word' id='word_1_582' title='bbox 2784 3608 3125 3672; x_wconf 82' lang='grc' dir='ltr'>ἐπιδιδόντες,</span> <span class='ocrx_word' id='word_1_583' title='bbox 3165 3613 3211 3662; x_wconf 88' lang='grc' dir='ltr'>οἱ</span> <span class='ocrx_word' id='word_1_584' title='bbox 3266 3612 3601 3678; x_wconf 87' lang='grc' dir='ltr'>γυναικείαις</span> <span class='ocrx_word' id='word_1_585' title='bbox 3650 3612 3779 3681; x_wconf 64' lang='grc' dir='ltr'>ἡδύ-</span> 
     </span>
    </p>
   </div>
   <div class='ocr_carea' id='block_1_82' title="bbox 2211 3701 3778 3772">
    <p class='ocr_par' dir='ltr' id='par_1_82' title="bbox 2211 3701 3778 3772">
     <span class='ocr_line' id='line_1_82' title="bbox 2211 3701 3778 3772; baseline -0.001 -19"><span class='ocrx_word' id='word_1_586' title='bbox 2211 3702 2463 3764; x_wconf 87' lang='grc' dir='ltr'>παθείαις</span> <span class='ocrx_word' id='word_1_587' title='bbox 2495 3701 2851 3763; x_wconf 85' lang='grc' dir='ltr'>δουλεύοντες.</span> <span class='ocrx_word' id='word_1_588' title='bbox 2911 3701 3098 3770; x_wconf 71' lang='grc' dir='ltr'>Ἐμοὶ,</span> <span class='ocrx_word' id='word_1_589' title='bbox 3134 3702 3315 3772; x_wconf 77' lang='grc' dir='ltr'>φησὶν,</span> <span class='ocrx_word' id='word_1_590' title='bbox 3361 3702 3562 3770; x_wconf 79' lang='grc' dir='ltr'>ἐσθῆτα</span> <span class='ocrx_word' id='word_1_591' title='bbox 3612 3702 3778 3753; x_wconf 68' lang='grc' dir='ltr'>πολύ-</span> 
     </span>
    </p>
   </div>
   <div class='ocr_carea' id='block_1_83' title="bbox 2210 3793 3775 3863">
    <p class='ocr_par' dir='ltr' id='par_1_83' title="bbox 2210 3793 3775 3863">
     <span class='ocr_line' id='line_1_83' title="bbox 2210 3793 3775 3863; baseline 0.001 -19"><span class='ocrx_word' id='word_1_592' title='bbox 2210 3794 2337 3862; x_wconf 85' lang='grc' dir='ltr'>τελῆ</span> <span class='ocrx_word' id='word_1_593' title='bbox 2389 3794 2483 3845; x_wconf 73' lang='grc' dir='ltr'><strong>καὶ</strong></span> <span class='ocrx_word' id='word_1_594' title='bbox 2515 3794 2741 3863; x_wconf 86' lang='grc' dir='ltr'>χρυσία,</span> <span class='ocrx_word' id='word_1_595' title='bbox 2775 3797 2886 3857; x_wconf 78' lang='grc' dir='ltr'>τοῖς</span> <span class='ocrx_word' id='word_1_596' title='bbox 2937 3793 3166 3855; x_wconf 84' lang='grc' dir='ltr'>παιδίοις</span> <span class='ocrx_word' id='word_1_597' title='bbox 3197 3794 3398 3863; x_wconf 87' lang='grc' dir='ltr'>κόσμον</span> <span class='ocrx_word' id='word_1_598' title='bbox 3445 3794 3627 3855; x_wconf 85' lang='grc' dir='ltr'>αὑτοῖς</span> <span class='ocrx_word' id='word_1_599' title='bbox 3663 3793 3775 3861; x_wconf 77' lang='lat'><strong>(56)</strong></span> 
     </span>
    </p>
   </div>
   <div class='ocr_carea' id='block_1_84' title="bbox 2211 3882 3780 3955">
    <p class='ocr_par' dir='ltr' id='par_1_84' title="bbox 2211 3882 3780 3955">
     <span class='ocr_line' id='line_1_84' title="bbox 2211 3882 3780 3955; baseline -0.001 -20"><span class='ocrx_word' id='word_1_600' title='bbox 2211 3884 2457 3955; x_wconf 82' lang='grc' dir='ltr'>εὐπρεπῆ</span> <span class='ocrx_word' id='word_1_601' title='bbox 2486 3884 2592 3938; x_wconf 88' lang='grc' dir='ltr'><strong>τῶν</strong></span> <span class='ocrx_word' id='word_1_602' title='bbox 2632 3883 2958 3952; x_wconf 78' lang='grc' dir='ltr'>ἐνδυμάτων,</span> <span class='ocrx_word' id='word_1_603' title='bbox 2990 3882 3123 3935; x_wconf 78' lang='grc' dir='ltr'>ἀλλὰ</span> <span class='ocrx_word' id='word_1_604' title='bbox 3152 3884 3246 3936; x_wconf 72' lang='grc' dir='ltr'>καὶ</span> <span class='ocrx_word' id='word_1_605' title='bbox 3279 3887 3388 3947; x_wconf 86' lang='grc' dir='ltr'>τοῖς</span> <span class='ocrx_word' id='word_1_606' title='bbox 3416 3884 3654 3945; x_wconf 76' lang='grc' dir='ltr'>οἰκέταις</span> <span class='ocrx_word' id='word_1_607' title='bbox 3684 3886 3780 3934; x_wconf 81' lang='grc' dir='ltr'>ἁν-</span> 
     </span>
    </p>
   </div>
   <div class='ocr_carea' id='block_1_85' title="bbox 2212 3975 3781 4047">
    <p class='ocr_par' dir='ltr' id='par_1_85' title="bbox 2212 3975 3781 4047">
     <span class='ocr_line' id='line_1_85' title="bbox 2212 3975 3781 4047; baseline -0.001 -20"><span class='ocrx_word' id='word_1_608' title='bbox 2212 3975 2331 4028; x_wconf 78' lang='grc' dir='ltr'><strong>θινά</strong></span> <span class='ocrx_word' id='word_1_609' title='bbox 2378 3977 2469 4028; x_wconf 71' lang='grc' dir='ltr'><strong>κα)⁸</strong></span> <span class='ocrx_word' id='word_1_610' title='bbox 2502 3975 2717 4028; x_wconf 87' lang='grc' dir='ltr'>ποικίλα</span> <span class='ocrx_word' id='word_1_611' title='bbox 2749 3975 2817 4027; x_wconf 88' lang='grc' dir='ltr'><strong>τά</strong></span> <span class='ocrx_word' id='word_1_612' title='bbox 2862 3976 3213 4045; x_wconf 80' lang='grc' dir='ltr'>περιϐόλαια,</span> <span class='ocrx_word' id='word_1_613' title='bbox 3248 3980 3312 4047; x_wconf 77' lang='grc' dir='ltr'><strong>τῇ</strong></span> <span class='ocrx_word' id='word_1_614' title='bbox 3347 3977 3588 4046; x_wconf 74' lang='grc' dir='ltr'>τραπέζῃ</span> <span class='ocrx_word' id='word_1_615' title='bbox 3624 3976 3781 4043; x_wconf 61' lang='grc' dir='ltr'>δαψί-</span> 
     </span>
    </p>
   </div>
   <div class='ocr_carea' id='block_1_86' title="bbox 2210 4065 3778 4137">
    <p class='ocr_par' dir='ltr' id='par_1_86' title="bbox 2210 4065 3778 4137">
     <span class='ocr_line' id='line_1_86' title="bbox 2210 4065 3778 4137; baseline 0.001 -20"><span class='ocrx_word' id='word_1_616' title='bbox 2210 4066 2377 4119; x_wconf 90' lang='grc' dir='ltr'>λειαν.</span> <span class='ocrx_word' id='word_1_617' title='bbox 2444 4066 2501 4118; x_wconf 83' lang='grc' dir='ltr'><strong>Ὀ</strong></span> <span class='ocrx_word' id='word_1_618' title='bbox 2547 4065 2615 4117; x_wconf 90' lang='grc' dir='ltr'><strong>τά</strong></span> <span class='ocrx_word' id='word_1_619' title='bbox 2649 4065 2871 4118; x_wconf 75' lang='grc' dir='ltr'>τοιαῦτα</span> <span class='ocrx_word' id='word_1_620' title='bbox 2920 4066 3245 4137; x_wconf 84' lang='grc' dir='ltr'>λειτουργῶν</span> <span class='ocrx_word' id='word_1_621' title='bbox 3288 4069 3505 4134; x_wconf 74' lang='grc' dir='ltr'>γυναικὶ</span> <span class='ocrx_word' id='word_1_622' title='bbox 3547 4068 3641 4119; x_wconf 81' lang='grc' dir='ltr'><strong>ἐπὶ</strong></span> <span class='ocrx_word' id='word_1_623' title='bbox 3682 4069 3778 4118; x_wconf 82' lang='grc' dir='ltr'><strong>τὸν</strong></span> 
     </span>
    </p>
   </div>
   <div class='ocr_carea' id='block_1_87' title="bbox 2211 4156 3781 4230">
    <p class='ocr_par' dir='ltr' id='par_1_87' title="bbox 2211 4156 3781 4230">
     <span class='ocr_line' id='line_1_87' title="bbox 2211 4156 3781 4230; baseline 0 -20"><span class='ocrx_word' id='word_1_624' title='bbox 2211 4156 2537 4229; x_wconf 78' lang='grc' dir='ltr'>τραπεζίτην</span> <span class='ocrx_word' id='word_1_625' title='bbox 2565 4158 2801 4230; x_wconf 81' lang='grc' dir='ltr'>ἔρχεται,</span> <span class='ocrx_word' id='word_1_626' title='bbox 2833 4159 2927 4212; x_wconf 73' lang='grc' dir='ltr'><strong>καὶ</strong></span> <span class='ocrx_word' id='word_1_627' title='bbox 2954 4159 3082 4230; x_wconf 68' lang='grc' dir='ltr'>πρὶν</span> <span class='ocrx_word' id='word_1_628' title='bbox 3103 4159 3403 4229; x_wconf 84' lang='grc' dir='ltr'>χρήσασθαι</span> <span class='ocrx_word' id='word_1_629' title='bbox 3430 4160 3543 4222; x_wconf 79' lang='grc' dir='ltr'>τοῖς</span> <span class='ocrx_word' id='word_1_630' title='bbox 3564 4158 3781 4229; x_wconf 76' lang='grc' dir='ltr'>ληφθεῖο</span> 
     </span>
    </p>
   </div>
   <div class='ocr_carea' id='block_1_88' title="bbox 2214 4250 3781 4322">
    <p class='ocr_par' dir='ltr' id='par_1_88' title="bbox 2214 4250 3781 4322">
     <span class='ocr_line' id='line_1_88' title="bbox 2214 4250 3781 4322; baseline 0 -19"><span class='ocrx_word' id='word_1_631' title='bbox 2214 4268 2296 4303; x_wconf 91' lang='grc' dir='ltr'><strong>σιν</strong></span> <span class='ocrx_word' id='word_1_632' title='bbox 2319 4292 2332 4312; x_wconf 84' lang='grc'><strong>,</strong></span> <span class='ocrx_word' id='word_1_633' title='bbox 2378 4251 2533 4304; x_wconf 79' lang='grc' dir='ltr'>ἄλλον</span> <span class='ocrx_word' id='word_1_634' title='bbox 2581 4251 2639 4317; x_wconf 80' lang='grc' dir='ltr'>ἐξ</span> <span class='ocrx_word' id='word_1_635' title='bbox 2694 4251 2851 4303; x_wconf 85' lang='grc' dir='ltr'>ἄλλου</span> <span class='ocrx_word' id='word_1_636' title='bbox 2908 4251 3306 4322; x_wconf 68' lang='grc' dir='ltr'>μεταλαμϐάνει</span> <span class='ocrx_word' id='word_1_637' title='bbox 3350 4250 3638 4318; x_wconf 84' lang='grc' dir='ltr'>δεσπότην,</span> <span class='ocrx_word' id='word_1_638' title='bbox 3684 4254 3781 4304; x_wconf 78' lang='grc' dir='ltr'>καὶ</span> 
     </span>
    </p>
   </div>
   <div class='ocr_carea' id='block_1_89' title="bbox 2216 4339 3778 4411">
    <p class='ocr_par' dir='ltr' id='par_1_89' title="bbox 2216 4339 3778 4411">
     <span class='ocr_line' id='line_1_89' title="bbox 2216 4339 3778 4411; baseline -0.002 -17"><span class='ocrx_word' id='word_1_639' title='bbox 2216 4340 2588 4411; x_wconf 86' lang='grc' dir='ltr'>μετενδεσμῶν</span> <span class='ocrx_word' id='word_1_640' title='bbox 2629 4340 2715 4393; x_wconf 76' lang='grc' dir='ltr'>ἀεὶ</span> <span class='ocrx_word' id='word_1_641' title='bbox 2756 4343 2880 4402; x_wconf 84' lang='grc' dir='ltr'>τοὺς</span> <span class='ocrx_word' id='word_1_642' title='bbox 2903 4340 3237 4403; x_wconf 74' lang='grc' dir='ltr'>δανείζοντας</span> <span class='ocrx_word' id='word_1_643' title='bbox 3257 4381 3271 4404; x_wconf 90' lang='grc'><strong>,</strong></span> <span class='ocrx_word' id='word_1_644' title='bbox 3303 4343 3366 4409; x_wconf 85' lang='grc' dir='ltr'>τῇ</span> <span class='ocrx_word' id='word_1_645' title='bbox 3409 4341 3661 4410; x_wconf 68' lang='grc' dir='ltr'>συνεχείᾳ</span> <span class='ocrx_word' id='word_1_646' title='bbox 3682 4339 3778 4392; x_wconf 70' lang='grc' dir='ltr'>τοῦ</span> 
     </span>
    </p>
   </div>
   <div class='ocr_carea' id='block_1_90' title="bbox 557 4430 2108 4516">
    <p class='ocr_par' dir='ltr' id='par_1_90' title="bbox 557 4430 2108 4501">
     <span class='ocr_line' id='line_1_90' title="bbox 557 4430 2108 4501; baseline 0 -14"><span class='ocrx_word' id='word_1_647' title='bbox 557 4446 769 4489; x_wconf 86' lang='lat' dir='ltr'><strong>ratores</strong></span> <span class='ocrx_word' id='word_1_648' title='bbox 798 4434 932 4487; x_wconf 90' lang='lat' dir='ltr'><strong>alios</strong></span> <span class='ocrx_word' id='word_1_649' title='bbox 981 4433 1103 4485; x_wconf 88' lang='lat' dir='ltr'><strong>aliis</strong></span> <span class='ocrx_word' id='word_1_650' title='bbox 1138 4446 1349 4501; x_wconf 88' lang='lat' dir='ltr'><strong>semper</strong></span> <span class='ocrx_word' id='word_1_651' title='bbox 1396 4430 1713 4501; x_wconf 84' lang='lat' dir='ltr'><strong>adjuugens,</strong></span> <span class='ocrx_word' id='word_1_652' title='bbox 1744 4434 1996 4487; x_wconf 89' lang='lat' dir='ltr'><strong>continua</strong></span> <span class='ocrx_word' id='word_1_653' title='bbox 2025 4434 2108 4487; x_wconf 91' lang='lat' dir='ltr'><strong>illa</strong></span> 
     </span>
    </p>
   </div>
   <div class='ocr_carea' id='block_1_91' title="bbox 2211 4430 3779 4516">
    <p class='ocr_par' dir='ltr' id='par_1_91' title="bbox 2216 4430 3779 4503">
     <span class='ocr_line' id='line_1_91' title="bbox 2216 4430 3779 4503; baseline -0.001 -20"><span class='ocrx_word' id='word_1_654' title='bbox 2216 4430 2383 4485; x_wconf 78' lang='grc' dir='ltr'>κακοῦ</span> <span class='ocrx_word' id='word_1_655' title='bbox 2421 4431 2608 4499; x_wconf 78' lang='grc' dir='ltr'>φεύγει</span> <span class='ocrx_word' id='word_1_656' title='bbox 2635 4432 2731 4501; x_wconf 82' lang='grc' dir='ltr'>τῆς</span> <span class='ocrx_word' id='word_1_657' title='bbox 2779 4432 3007 4503; x_wconf 81' lang='grc' dir='ltr'>ἀπορίας</span> <span class='ocrx_word' id='word_1_658' title='bbox 3036 4432 3125 4485; x_wconf 84' lang='grc' dir='ltr'><strong>τὸν</strong></span> <span class='ocrx_word' id='word_1_659' title='bbox 3155 4431 3392 4501; x_wconf 77' lang='grc' dir='ltr'>ἔλεγχον.</span> <span class='ocrx_word' id='word_1_660' title='bbox 3440 4432 3549 4483; x_wconf 75' lang='grc' dir='ltr'><strong>Καὶ</strong></span> <span class='ocrx_word' id='word_1_661' title='bbox 3590 4430 3779 4501; x_wconf 84' lang='grc' dir='ltr'>ὥσπερ</span> 
     </span>
    </p>
   </div>
   <div class='ocr_carea' id='block_1_92' title="bbox 556 4523 2110 4591">
    <p class='ocr_par' dir='ltr' id='par_1_92' title="bbox 556 4523 2110 4591">
     <span class='ocr_line' id='line_1_92' title="bbox 556 4523 2110 4591; baseline -0.001 -10"><span class='ocrx_word' id='word_1_662' title='bbox 556 4529 679 4581; x_wconf 86' lang='lat' dir='ltr'><strong>mali</strong></span> <span class='ocrx_word' id='word_1_663' title='bbox 708 4527 1049 4581; x_wconf 89' lang='lat' dir='ltr'><strong>successione</strong></span> <span class='ocrx_word' id='word_1_664' title='bbox 1075 4532 1368 4591; x_wconf 81' lang='lat' dir='ltr'><strong>egestatem</strong></span> <span class='ocrx_word' id='word_1_665' title='bbox 1402 4524 1547 4590; x_wconf 76' lang='lat' dir='ltr'><strong>tegit.</strong></span> <span class='ocrx_word' id='word_1_666' title='bbox 1572 4523 1639 4575; x_wconf 87' lang='lat' dir='ltr'><strong>Et</strong></span> <span class='ocrx_word' id='word_1_667' title='bbox 1667 4525 2110 4591; x_wconf 88' lang='lat' dir='ltr'><strong>quemadmodum</strong></span> 
     </span>
    </p>
   </div>
   <div class='ocr_carea' id='block_1_93' title="bbox 557 4614 2114 4691">
    <p class='ocr_par' dir='ltr' id='par_1_93' title="bbox 557 4614 2114 4691">
     <span class='ocr_line' id='line_1_93' title="bbox 557 4614 2114 4691; baseline -0.003 -16"><span class='ocrx_word' id='word_1_668' title='bbox 557 4620 831 4691; x_wconf 86' lang='lat' dir='ltr'><strong>hydropici</strong></span> <span class='ocrx_word' id='word_1_669' title='bbox 879 4618 1116 4686; x_wconf 78' lang='lat' dir='ltr'><strong>suspecti</strong></span> <span class='ocrx_word' id='word_1_670' title='bbox 1158 4626 1284 4669; x_wconf 90' lang='lat' dir='ltr'><strong>sunt</strong></span> <span class='ocrx_word' id='word_1_671' title='bbox 1327 4615 1393 4669; x_wconf 91' lang='lat' dir='ltr'><strong>de</strong></span> <span class='ocrx_word' id='word_1_672' title='bbox 1450 4615 1677 4684; x_wconf 85' lang='lat' dir='ltr'><strong>plurima</strong></span> <span class='ocrx_word' id='word_1_673' title='bbox 1716 4614 1999 4681; x_wconf 87' lang='lat' dir='ltr'><strong>obesitate,</strong></span> <span class='ocrx_word' id='word_1_674' title='bbox 2035 4616 2114 4671; x_wconf 86' lang='lat' dir='ltr'><strong>sic</strong></span> 
     </span>
    </p>
   </div>
   <div class='ocr_carea' id='block_1_94' title="bbox 555 4706 2113 4775">
    <p class='ocr_par' dir='ltr' id='par_1_94' title="bbox 555 4706 2113 4775">
     <span class='ocr_line' id='line_1_94' title="bbox 555 4706 2113 4775; baseline -0.003 -9"><span class='ocrx_word' id='word_1_675' title='bbox 555 4723 610 4766; x_wconf 88' lang='lat' dir='ltr'><strong>et</strong></span> <span class='ocrx_word' id='word_1_676' title='bbox 636 4712 737 4765; x_wconf 91' lang='lat' dir='ltr'><strong>iste</strong></span> <span class='ocrx_word' id='word_1_677' title='bbox 761 4710 968 4763; x_wconf 89' lang='lat' dir='ltr'><strong>videtur</strong></span> <span class='ocrx_word' id='word_1_678' title='bbox 992 4724 1114 4763; x_wconf 84' lang='lat' dir='ltr'><strong>esse</strong></span> <span class='ocrx_word' id='word_1_679' title='bbox 1141 4708 1311 4772; x_wconf 89' lang='lat' dir='ltr'><strong>dives,</strong></span> <span class='ocrx_word' id='word_1_680' title='bbox 1338 4720 1547 4775; x_wconf 86' lang='lat' dir='ltr'><strong>semper</strong></span> <span class='ocrx_word' id='word_1_681' title='bbox 1578 4706 1871 4775; x_wconf 85' lang='lat' dir='ltr'><strong>accipiens,</strong></span> <span class='ocrx_word' id='word_1_682' title='bbox 1896 4716 1949 4760; x_wconf 88' lang='lat' dir='ltr'><strong>et</strong></span> <span class='ocrx_word' id='word_1_683' title='bbox 1975 4720 2113 4761; x_wconf 82' lang='lat' dir='ltr'><strong>sem-</strong></span> 
     </span>
    </p>
   </div>
   <div class='ocr_carea' id='block_1_95' title="bbox 631 4887 2116 4961">
    <p class='ocr_par' dir='ltr' id='par_1_95' title="bbox 631 4887 2116 4961">
     <span class='ocr_line' id='line_1_95' title="bbox 631 4887 2116 4961; baseline -0.001 -17"><span class='ocrx_word' id='word_1_684' title='bbox 631 4890 743 4957; x_wconf 77' lang='lat'><strong>(53)</strong></span> <span class='ocrx_word' id='word_1_685' title='bbox 780 4887 887 4941; x_wconf 75' lang='lat' dir='ltr'><strong>Vox</strong></span> <span class='ocrx_word' id='word_1_686' title='bbox 925 4889 1265 4961; x_wconf 88' lang='grc' dir='ltr'>πλεονασμός</span> <span class='ocrx_word' id='word_1_687' title='bbox 1290 4890 1343 4943; x_wconf 91' lang='lat' dir='ltr'><strong>in</strong></span> <span class='ocrx_word' id='word_1_688' title='bbox 1371 4890 1542 4943; x_wconf 84' lang='lat' dir='ltr'><strong>sacris</strong></span> <span class='ocrx_word' id='word_1_689' title='bbox 1576 4890 1797 4945; x_wconf 88' lang='lat' dir='ltr'><strong>Litteris</strong></span> <span class='ocrx_word' id='word_1_690' title='bbox 1825 4890 2116 4960; x_wconf 73' lang='lat' dir='ltr'><strong>significat,</strong></span> 
     </span>
    </p>
   </div>
   <div class='ocr_carea' id='block_1_96' title="bbox 561 4961 2114 5028">
    <p class='ocr_par' dir='ltr' id='par_1_96' title="bbox 561 4961 2114 5028">
     <span class='ocr_line' id='line_1_96' title="bbox 561 4961 2114 5028; baseline -0.003 -14"><span class='ocrx_word' id='word_1_691' title='bbox 561 4962 614 5014; x_wconf 84' lang='lat' dir='ltr'><strong>id</strong></span> <span class='ocrx_word' id='word_1_692' title='bbox 654 4962 794 5027; x_wconf 88' lang='lat' dir='ltr'><strong>quod</strong></span> <span class='ocrx_word' id='word_1_693' title='bbox 836 4972 1029 5025; x_wconf 63' lang='lat' dir='ltr'><strong>prteler</strong></span> <span class='ocrx_word' id='word_1_694' title='bbox 1068 4974 1267 5015; x_wconf 80' lang='lat' dir='ltr'><strong>sortem</strong></span> <span class='ocrx_word' id='word_1_695' title='bbox 1333 4962 1611 5026; x_wconf 84' lang='lat' dir='ltr'><strong>accipitur.</strong></span> <span class='ocrx_word' id='word_1_696' title='bbox 1662 4961 1791 5014; x_wconf 88' lang='lat' dir='ltr'><strong>Vide</strong></span> <span class='ocrx_word' id='word_1_697' title='bbox 1822 4976 1939 5028; x_wconf 82' lang='lat' dir='ltr'><strong>Cap.</strong></span> <span class='ocrx_word' id='word_1_698' title='bbox 2004 4974 2114 5013; x_wconf 63' lang='grc' dir='ltr'>χχιι</span> 
     </span>
    </p>
   </div>
   <div class='ocr_carea' id='block_1_97' title="bbox 561 5028 2120 5099">
    <p class='ocr_par' dir='ltr' id='par_1_97' title="bbox 561 5028 2120 5099">
     <span class='ocr_line' id='line_1_97' title="bbox 561 5028 2120 5099; baseline -0.002 -15"><span class='ocrx_word' id='word_1_699' title='bbox 561 5030 880 5099; x_wconf 75' lang='lat' dir='ltr'><strong>Ezechielis.</strong></span> <span class='ocrx_word' id='word_1_700' title='bbox 921 5028 1036 5082; x_wconf 82' lang='lat' dir='ltr'><strong>Mox</strong></span> <span class='ocrx_word' id='word_1_701' title='bbox 1074 5030 1224 5099; x_wconf 81' lang='lat' dir='ltr'><strong>Regii</strong></span> <span class='ocrx_word' id='word_1_702' title='bbox 1267 5034 1533 5083; x_wconf 84' lang='lat' dir='ltr'><strong>secundus</strong></span> <span class='ocrx_word' id='word_1_703' title='bbox 1568 5038 1621 5082; x_wconf 90' lang='lat' dir='ltr'><strong>et</strong></span> <span class='ocrx_word' id='word_1_704' title='bbox 1665 5041 1847 5099; x_wconf 64' lang='lat' dir='ltr'><strong>sextus</strong></span> <span class='ocrx_word' id='word_1_705' title='bbox 1895 5029 2120 5099; x_wconf 80' lang='grc' dir='ltr'>αὐξομέ-</span> 
     </span>
    </p>
   </div>
   <div class='ocr_carea' id='block_1_98' title="bbox 560 5098 2119 5170">
    <p class='ocr_par' dir='ltr' id='par_1_98' title="bbox 560 5098 2119 5170">
     <span class='ocr_line' id='line_1_98' title="bbox 560 5098 2119 5170; baseline -0.002 -14"><span class='ocrx_word' id='word_1_706' title='bbox 560 5118 682 5156; x_wconf 90' lang='grc' dir='ltr'>νων.</span> <span class='ocrx_word' id='word_1_707' title='bbox 715 5098 854 5150; x_wconf 88' lang='lat' dir='ltr'><strong>Infra</strong></span> <span class='ocrx_word' id='word_1_708' title='bbox 896 5100 1045 5153; x_wconf 83' lang='lat' dir='ltr'><strong>Coll).</strong></span> <span class='ocrx_word' id='word_1_709' title='bbox 1083 5098 1306 5153; x_wconf 80' lang='lat' dir='ltr'><strong>octavus</strong></span> <span class='ocrx_word' id='word_1_710' title='bbox 1329 5099 1708 5170; x_wconf 85' lang='grc' dir='ltr'>ἐπιγενόμενα.</span> <span class='ocrx_word' id='word_1_711' title='bbox 1739 5098 1938 5153; x_wconf 87' lang='lat' dir='ltr'><strong>Ibidem</strong></span> <span class='ocrx_word' id='word_1_712' title='bbox 1970 5100 2119 5153; x_wconf 89' lang='lat' dir='ltr'><strong>tnulti</strong></span> 
     </span>
    </p>
   </div>
   <div class='ocr_carea' id='block_1_99' title="bbox 561 5170 1239 5242">
    <p class='ocr_par' dir='ltr' id='par_1_99' title="bbox 561 5170 1239 5242">
     <span class='ocr_line' id='line_1_99' title="bbox 561 5170 1239 5242; baseline -0.006 -16"><span class='ocrx_word' id='word_1_713' title='bbox 561 5189 691 5242; x_wconf 79' lang='lat' dir='ltr'><strong>mss.</strong></span> <span class='ocrx_word' id='word_1_714' title='bbox 725 5171 805 5242; x_wconf 84' lang='grc' dir='ltr'><strong>εἰς</strong></span> <span class='ocrx_word' id='word_1_715' title='bbox 831 5172 1027 5242; x_wconf 84' lang='grc' dir='ltr'>πεῖραν</span> <span class='ocrx_word' id='word_1_716' title='bbox 1060 5170 1239 5242; x_wconf 77' lang='grc' dir='ltr'>ἔλθῃς.</span> 
     </span>
    </p>
   </div>
   <div class='ocr_carea' id='block_1_100' title="bbox 631 5237 2119 5311">
    <p class='ocr_par' dir='ltr' id='par_1_100' title="bbox 631 5237 2119 5311">
     <span class='ocr_line' id='line_1_100' title="bbox 631 5237 2119 5311; baseline -0.003 -17"><span class='ocrx_word' id='word_1_717' title='bbox 631 5241 741 5311; x_wconf 67' lang='grc'><strong>(54)</strong></span> <span class='ocrx_word' id='word_1_718' title='bbox 770 5240 903 5311; x_wconf 74' lang='lat' dir='ltr'><strong>Editi</strong></span> <span class='ocrx_word' id='word_1_719' title='bbox 931 5237 985 5292; x_wconf 87' lang='lat' dir='ltr'><strong>et</strong></span> <span class='ocrx_word' id='word_1_720' title='bbox 1024 5237 1368 5311; x_wconf 59' lang='lat' dir='ltr'><strong>mssfinnnes</strong></span> <span class='ocrx_word' id='word_1_721' title='bbox 1396 5237 1695 5311; x_wconf 70' lang='grc' dir='ltr'>ἐλεύθερον.</span> <span class='ocrx_word' id='word_1_722' title='bbox 1708 5238 2119 5311; x_wconf 80' lang='lat' dir='ltr'><strong>Sedlegendum</strong></span> 
     </span>
    </p>
   </div>
   <div class='ocr_carea' id='block_1_101' title="bbox 561 5309 2120 5381">
    <p class='ocr_par' dir='ltr' id='par_1_101' title="bbox 561 5309 2120 5381">
     <span class='ocr_line' id='line_1_101' title="bbox 561 5309 2120 5381; baseline -0.003 -16"><span class='ocrx_word' id='word_1_723' title='bbox 561 5309 682 5366; x_wconf 85' lang='lat' dir='ltr'><strong>esse</strong></span> <span class='ocrx_word' id='word_1_724' title='bbox 716 5309 997 5381; x_wconf 82' lang='grc' dir='ltr'>ἐλεύθερος</span> <span class='ocrx_word' id='word_1_725' title='bbox 1044 5320 1238 5377; x_wconf 87' lang='lat' dir='ltr'><strong>putant</strong></span> <span class='ocrx_word' id='word_1_726' title='bbox 1275 5309 1370 5361; x_wconf 79' lang='lat' dir='ltr'><strong>viri</strong></span> <span class='ocrx_word' id='word_1_727' title='bbox 1407 5309 1726 5381; x_wconf 81' lang='lat' dir='ltr'><strong>doctissimi,</strong></span> <span class='ocrx_word' id='word_1_728' title='bbox 1759 5309 2027 5381; x_wconf 78' lang='lat' dir='ltr'><strong>iidemque</strong></span> <span class='ocrx_word' id='word_1_729' title='bbox 2055 5309 2120 5381; x_wconf 76' lang='lat' dir='ltr'><strong>de</strong></span> 
     </span>
    </p>
   </div>
   <div class='ocr_carea' id='block_1_102' title="bbox 562 5378 2120 5441">
    <p class='ocr_par' dir='ltr' id='par_1_102' title="bbox 562 5378 2120 5441">
     <span class='ocr_line' id='line_1_102' title="bbox 562 5378 2120 5441; baseline -0.003 -6"><span class='ocrx_word' id='word_1_730' title='bbox 562 5381 761 5435; x_wconf 79' lang='lat' dir='ltr'><strong>Basilio</strong></span> <span class='ocrx_word' id='word_1_731' title='bbox 812 5378 997 5434; x_wconf 75' lang='lat' dir='ltr'><strong>nostro</strong></span> <span class='ocrx_word' id='word_1_732' title='bbox 1046 5384 1249 5441; x_wconf 81' lang='lat' dir='ltr'><strong>ontime</strong></span> <span class='ocrx_word' id='word_1_733' title='bbox 1298 5380 1472 5430; x_wconf 90' lang='lat' dir='ltr'><strong>meriti</strong></span> <span class='ocrx_word' id='word_1_734' title='bbox 1510 5378 1732 5430; x_wconf 76' lang='lat' dir='ltr'><strong>Duczens</strong></span> <span class='ocrx_word' id='word_1_735' title='bbox 1770 5390 1822 5431; x_wconf 92' lang='lat' dir='ltr'><strong>et</strong></span> <span class='ocrx_word' id='word_1_736' title='bbox 1857 5378 2120 5431; x_wconf 81' lang='lat' dir='ltr'><strong>Combeﬂ-</strong></span> 
     </span>
    </p>
   </div>
   <div class='ocr_carea' id='block_1_103' title="bbox 562 5447 2114 5515">
    <p class='ocr_par' dir='ltr' id='par_1_103' title="bbox 562 5447 2114 5515">
     <span class='ocr_line' id='line_1_103' title="bbox 562 5447 2114 5515; baseline -0.003 -10"><span class='ocrx_word' id='word_1_737' title='bbox 562 5452 672 5505; x_wconf 79' lang='lat' dir='ltr'><strong>sius</strong></span> <span class='ocrx_word' id='word_1_738' title='bbox 695 5466 918 5515; x_wconf 90' lang='lat' dir='ltr'><strong>quorum</strong></span> <span class='ocrx_word' id='word_1_739' title='bbox 972 5450 1250 5505; x_wconf 88' lang='lat' dir='ltr'><strong>sententi:e</strong></span> <span class='ocrx_word' id='word_1_740' title='bbox 1288 5455 1527 5498; x_wconf 88' lang='lat' dir='ltr'><strong>nostrum</strong></span> <span class='ocrx_word' id='word_1_741' title='bbox 1580 5447 1841 5500; x_wconf 89' lang='lat' dir='ltr'><strong>calculum</strong></span> <span class='ocrx_word' id='word_1_742' title='bbox 1884 5448 2114 5500; x_wconf 83' lang='lat' dir='ltr'><strong>addere-</strong></span> 
     </span>
    </p>
   </div>
   <div class='ocr_carea' id='block_1_104' title="bbox 565 5516 2120 5581">
    <p class='ocr_par' dir='ltr' id='par_1_104' title="bbox 565 5516 2120 5581">
     <span class='ocr_line' id='line_1_104' title="bbox 565 5516 2120 5581; baseline -0.004 -6"><span class='ocrx_word' id='word_1_743' title='bbox 565 5536 682 5575; x_wconf 87' lang='lat' dir='ltr'><strong>mus</strong></span> <span class='ocrx_word' id='word_1_744' title='bbox 714 5522 853 5575; x_wconf 89' lang='lat' dir='ltr'><strong>haud</strong></span> <span class='ocrx_word' id='word_1_745' title='bbox 880 5522 1056 5581; x_wconf 90' lang='lat' dir='ltr'><strong>inviti.</strong></span> <span class='ocrx_word' id='word_1_746' title='bbox 1089 5520 1131 5572; x_wconf 90' lang='lat' dir='ltr'><strong>si</strong></span> <span class='ocrx_word' id='word_1_747' title='bbox 1166 5518 1248 5571; x_wconf 91' lang='lat' dir='ltr'><strong>vel</strong></span> <span class='ocrx_word' id='word_1_748' title='bbox 1276 5531 1415 5569; x_wconf 92' lang='lat' dir='ltr'><strong>unus</strong></span> <span class='ocrx_word' id='word_1_749' title='bbox 1452 5531 1555 5569; x_wconf 92' lang='lat' dir='ltr'><strong>ms.</strong></span> <span class='ocrx_word' id='word_1_750' title='bbox 1575 5517 1699 5570; x_wconf 91' lang='lat' dir='ltr'><strong>huic</strong></span> <span class='ocrx_word' id='word_1_751' title='bbox 1727 5516 1938 5569; x_wconf 88' lang='lat' dir='ltr'><strong>lectioni</strong></span> <span class='ocrx_word' id='word_1_752' title='bbox 1972 5517 2120 5569; x_wconf 84' lang='lat' dir='ltr'><strong>fave-</strong></span> 
     </span>
    </p>
   </div>
   <div class='ocr_carea' id='block_1_105' title="bbox 565 5585 2123 5653">
    <p class='ocr_par' dir='ltr' id='par_1_105' title="bbox 565 5585 2123 5653">
     <span class='ocr_line' id='line_1_105' title="bbox 565 5585 2123 5653; baseline 0 -14"><span class='ocrx_word' id='word_1_753' title='bbox 565 5601 664 5643; x_wconf 59' lang='lat' dir='ltr'><strong>rat.</strong></span> <span class='ocrx_word' id='word_1_754' title='bbox 694 5592 796 5643; x_wconf 78' lang='lat' dir='ltr'><strong>Sed</strong></span> <span class='ocrx_word' id='word_1_755' title='bbox 814 5607 936 5645; x_wconf 84' lang='lat' dir='ltr'><strong>cum</strong></span> <span class='ocrx_word' id='word_1_756' title='bbox 954 5592 1127 5644; x_wconf 84' lang='lat' dir='ltr'><strong>nullus</strong></span> <span class='ocrx_word' id='word_1_757' title='bbox 1149 5590 1197 5643; x_wconf 84' lang='lat' dir='ltr'><strong>ei</strong></span> <span class='ocrx_word' id='word_1_758' title='bbox 1216 5587 1382 5645; x_wconf 62' lang='lat' dir='ltr'><strong>codex</strong></span> <span class='ocrx_word' id='word_1_759' title='bbox 1410 5585 1752 5653; x_wconf 77' lang='lat' dir='ltr'><strong>suffragetur,</strong></span> <span class='ocrx_word' id='word_1_760' title='bbox 1773 5601 1954 5640; x_wconf 88' lang='lat' dir='ltr'><strong>vocem</strong></span> <span class='ocrx_word' id='word_1_761' title='bbox 1979 5586 2123 5640; x_wconf 82' lang='grc' dir='ltr'>ἐλεύ-</span> 
     </span>
    </p>
   </div>
   <div class='ocr_carea' id='block_1_106' title="bbox 565 5657 2121 5729">
    <p class='ocr_par' dir='ltr' id='par_1_106' title="bbox 565 5657 2121 5729">
     <span class='ocr_line' id='line_1_106' title="bbox 565 5657 2121 5729; baseline 0 -18"><span class='ocrx_word' id='word_1_762' title='bbox 565 5660 719 5729; x_wconf 79' lang='grc' dir='ltr'>θερον</span> <span class='ocrx_word' id='word_1_763' title='bbox 775 5662 1109 5713; x_wconf 82' lang='lat' dir='ltr'><strong>retinendam</strong></span> <span class='ocrx_word' id='word_1_764' title='bbox 1156 5657 1373 5725; x_wconf 89' lang='lat' dir='ltr'><strong>quidem</strong></span> <span class='ocrx_word' id='word_1_765' title='bbox 1408 5657 1737 5721; x_wconf 87' lang='lat' dir='ltr'><strong>censuimus,</strong></span> <span class='ocrx_word' id='word_1_766' title='bbox 1788 5658 1880 5711; x_wconf 82' lang='lat' dir='ltr'><strong>sed</strong></span> <span class='ocrx_word' id='word_1_767' title='bbox 1920 5658 2013 5722; x_wconf 89' lang='lat' dir='ltr'><strong>ita,</strong></span> <span class='ocrx_word' id='word_1_768' title='bbox 2066 5666 2121 5711; x_wconf 90' lang='lat' dir='ltr'><strong>ut</strong></span> 
     </span>
    </p>
   </div>
   <div class='ocr_carea' id='block_1_107' title="bbox 567 5729 1560 5795">
    <p class='ocr_par' dir='ltr' id='par_1_107' title="bbox 567 5729 1560 5795">
     <span class='ocr_line' id='line_1_107' title="bbox 567 5729 1560 5795; baseline -0.009 -7"><span class='ocrx_word' id='word_1_769' title='bbox 567 5748 684 5788; x_wconf 83' lang='lat' dir='ltr'><strong>eam</strong></span> <span class='ocrx_word' id='word_1_770' title='bbox 716 5729 1097 5785; x_wconf 87' lang='lat' dir='ltr'><strong>adverbialiter</strong></span> <span class='ocrx_word' id='word_1_771' title='bbox 1128 5729 1560 5795; x_wconf 82' lang='lat' dir='ltr'><strong>interpretemur.</strong></span> 
     </span>
    </p>
   </div>
   <div class='ocr_carea' id='block_1_108' title="bbox 2220 4519 3783 4593">
    <p class='ocr_par' dir='ltr' id='par_1_108' title="bbox 2220 4519 3783 4593">
     <span class='ocr_line' id='line_1_108' title="bbox 2220 4519 3783 4593; baseline -0.002 -20"><span class='ocrx_word' id='word_1_772' title='bbox 2220 4523 2269 4573; x_wconf 80' lang='grc' dir='ltr'>οἱ</span> <span class='ocrx_word' id='word_1_773' title='bbox 2316 4521 2630 4593; x_wconf 88' lang='grc' dir='ltr'>ὑδεριῶντες</span> <span class='ocrx_word' id='word_1_774' title='bbox 2670 4523 2725 4573; x_wconf 87' lang='grc' dir='ltr'><strong>ἐν</strong></span> <span class='ocrx_word' id='word_1_775' title='bbox 2760 4521 2981 4591; x_wconf 83' lang='grc' dir='ltr'>ὑπονοίᾳ</span> <span class='ocrx_word' id='word_1_776' title='bbox 3015 4520 3377 4590; x_wconf 84' lang='grc' dir='ltr'>πολυσαρκίας</span> <span class='ocrx_word' id='word_1_777' title='bbox 3427 4520 3587 4582; x_wconf 73' lang='grc' dir='ltr'>εἰσὶν,</span> <span class='ocrx_word' id='word_1_778' title='bbox 3639 4519 3783 4571; x_wconf 69' lang='grc' dir='ltr'>οὕτω</span> 
     </span>
    </p>
   </div>
   <div class='ocr_carea' id='block_1_109' title="bbox 2220 4609 3783 4683">
    <p class='ocr_par' dir='ltr' id='par_1_109' title="bbox 2220 4609 3783 4683">
     <span class='ocr_line' id='line_1_109' title="bbox 2220 4609 3783 4683; baseline -0.003 -17"><span class='ocrx_word' id='word_1_779' title='bbox 2220 4615 2311 4666; x_wconf 69' lang='grc' dir='ltr'><strong>καὶ</strong></span> <span class='ocrx_word' id='word_1_780' title='bbox 2343 4609 2494 4676; x_wconf 76' lang='grc' dir='ltr'>οὗτος</span> <span class='ocrx_word' id='word_1_781' title='bbox 2519 4617 2574 4667; x_wconf 85' lang='grc' dir='ltr'><strong>ἐν</strong></span> <span class='ocrx_word' id='word_1_782' title='bbox 2606 4614 2871 4683; x_wconf 75' lang='grc' dir='ltr'>φαντασίᾳ</span> <span class='ocrx_word' id='word_1_783' title='bbox 2902 4614 3213 4683; x_wconf 79' lang='grc' dir='ltr'>περιουσίας</span> <span class='ocrx_word' id='word_1_784' title='bbox 3240 4612 3491 4683; x_wconf 80' lang='grc' dir='ltr'>ὑπάρχει,</span> <span class='ocrx_word' id='word_1_785' title='bbox 3536 4612 3621 4665; x_wconf 71' lang='grc' dir='ltr'><strong>ἀεὶ</strong></span> <span class='ocrx_word' id='word_1_786' title='bbox 3646 4611 3783 4680; x_wconf 70' lang='grc' dir='ltr'><strong>λαμ⁹</strong></span> 
     </span>
    </p>
   </div>
   <div class='ocr_carea' id='block_1_110' title="bbox 2220 4702 3783 4773">
    <p class='ocr_par' dir='ltr' id='par_1_110' title="bbox 2220 4702 3783 4773">
     <span class='ocr_line' id='line_1_110' title="bbox 2220 4702 3783 4773; baseline -0.002 -15"><span class='ocrx_word' id='word_1_787' title='bbox 2220 4707 2418 4770; x_wconf 88' lang='grc' dir='ltr'>6άνων,</span> <span class='ocrx_word' id='word_1_788' title='bbox 2474 4705 2566 4757; x_wconf 77' lang='grc' dir='ltr'>καὶ</span> <span class='ocrx_word' id='word_1_789' title='bbox 2599 4705 2685 4757; x_wconf 74' lang='grc' dir='ltr'><strong>ἀεὶ</strong></span> <span class='ocrx_word' id='word_1_790' title='bbox 2731 4704 2925 4767; x_wconf 82' lang='grc' dir='ltr'>διδοὺς,</span> <span class='ocrx_word' id='word_1_791' title='bbox 2970 4705 3061 4756; x_wconf 72' lang='grc' dir='ltr'>καὶ</span> <span class='ocrx_word' id='word_1_792' title='bbox 3095 4706 3159 4757; x_wconf 85' lang='grc' dir='ltr'><strong>ὲκ</strong></span> <span class='ocrx_word' id='word_1_793' title='bbox 3201 4702 3308 4755; x_wconf 85' lang='grc' dir='ltr'><strong>τῶν</strong></span> <span class='ocrx_word' id='word_1_794' title='bbox 3352 4703 3621 4773; x_wconf 85' lang='grc' dir='ltr'>δευτέρων</span> <span class='ocrx_word' id='word_1_795' title='bbox 3670 4702 3783 4755; x_wconf 82' lang='grc' dir='ltr'>δια-</span> 
     </span>
    </p>
   </div>
   <div class='ocr_carea' id='block_1_111' title="bbox 2295 4886 3784 4959">
    <p class='ocr_par' dir='ltr' id='par_1_111' title="bbox 2295 4886 3784 4959">
     <span class='ocr_line' id='line_1_111' title="bbox 2295 4886 3784 4959; baseline -0.004 -17"><span class='ocrx_word' id='word_1_796' title='bbox 2295 4889 2405 4959; x_wconf 78' lang='grc'>(55)</span> <span class='ocrx_word' id='word_1_797' title='bbox 2437 4888 2531 4943; x_wconf 87' lang='lat' dir='ltr'><strong>Hic</strong></span> <span class='ocrx_word' id='word_1_798' title='bbox 2553 4888 2762 4942; x_wconf 86' lang='lat' dir='ltr'><strong>variant</strong></span> <span class='ocrx_word' id='word_1_799' title='bbox 2792 4889 2918 4943; x_wconf 89' lang='lat' dir='ltr'><strong>editi</strong></span> <span class='ocrx_word' id='word_1_800' title='bbox 2955 4896 3009 4942; x_wconf 92' lang='lat' dir='ltr'><strong>et</strong></span> <span class='ocrx_word' id='word_1_801' title='bbox 3040 4903 3167 4959; x_wconf 82' lang='lat' dir='ltr'><strong>mss.</strong></span> <span class='ocrx_word' id='word_1_802' title='bbox 3200 4888 3337 4941; x_wconf 90' lang='lat' dir='ltr'><strong>inter</strong></span> <span class='ocrx_word' id='word_1_803' title='bbox 3366 4902 3444 4940; x_wconf 87' lang='lat' dir='ltr'><strong>se.</strong></span> <span class='ocrx_word' id='word_1_804' title='bbox 3471 4886 3650 4959; x_wconf 83' lang='lat' dir='ltr'><strong>Editio</strong></span> <span class='ocrx_word' id='word_1_805' title='bbox 3681 4887 3784 4940; x_wconf 84' lang='lat' dir='ltr'><strong>Pa-</strong></span> 
     </span>
    </p>
   </div>
   <div class='ocr_carea' id='block_1_112' title="bbox 2225 4957 3781 5026">
    <p class='ocr_par' dir='ltr' id='par_1_112' title="bbox 2225 4957 3781 5026">
     <span class='ocr_line' id='line_1_112' title="bbox 2225 4957 3781 5026; baseline -0.003 -13"><span class='ocrx_word' id='word_1_806' title='bbox 2225 4957 2319 5013; x_wconf 82' lang='lat' dir='ltr'><strong>ris.</strong></span> <span class='ocrx_word' id='word_1_807' title='bbox 2359 4972 2411 5013; x_wconf 87' lang='lat' dir='ltr'><strong>et</strong></span> <span class='ocrx_word' id='word_1_808' title='bbox 2459 4960 2621 5013; x_wconf 72' lang='lat' dir='ltr'><strong>(lnisl.</strong></span> <span class='ocrx_word' id='word_1_809' title='bbox 2658 4959 2751 5013; x_wconf 83' lang='grc' dir='ltr'>τοῦ</span> <span class='ocrx_word' id='word_1_810' title='bbox 2804 4957 3101 5011; x_wconf 78' lang='grc' dir='ltr'>δανειστοῦ.</span> <span class='ocrx_word' id='word_1_811' title='bbox 3136 4958 3235 5011; x_wconf 83' lang='lat' dir='ltr'><strong>Alii</strong></span> <span class='ocrx_word' id='word_1_812' title='bbox 3296 4974 3421 5013; x_wconf 90' lang='lat' dir='ltr'><strong>mss.</strong></span> <span class='ocrx_word' id='word_1_813' title='bbox 3482 4957 3781 5026; x_wconf 73' lang='grc' dir='ltr'>χρεώστου,</span> 
     </span>
    </p>
   </div>
   <div class='ocr_carea' id='block_1_113' title="bbox 2226 5026 3784 5100">
    <p class='ocr_par' dir='ltr' id='par_1_113' title="bbox 2226 5026 3784 5100">
     <span class='ocr_line' id='line_1_113' title="bbox 2226 5026 3784 5100; baseline -0.003 -19"><span class='ocrx_word' id='word_1_814' title='bbox 2226 5031 2360 5083; x_wconf 88' lang='lat' dir='ltr'><strong>alter</strong></span> <span class='ocrx_word' id='word_1_815' title='bbox 2389 5030 2667 5100; x_wconf 85' lang='grc' dir='ltr'>χρεόστου.</span> <span class='ocrx_word' id='word_1_816' title='bbox 2700 5030 2848 5081; x_wconf 72' lang='lat' dir='ltr'><strong>(Iolb.</strong></span> <span class='ocrx_word' id='word_1_817' title='bbox 2889 5040 3112 5098; x_wconf 86' lang='lat' dir='ltr'><strong>quartus</strong></span> <span class='ocrx_word' id='word_1_818' title='bbox 3158 5026 3414 5100; x_wconf 79' lang='grc' dir='ltr'>χρηστοῦ.</span> <span class='ocrx_word' id='word_1_819' title='bbox 3439 5026 3595 5100; x_wconf 71' lang='lat' dir='ltr'><strong>_Reg_.</strong></span> <span class='ocrx_word' id='word_1_820' title='bbox 3628 5044 3784 5093; x_wconf 66' lang='lat' dir='ltr'><strong>qnar.</strong></span> 
     </span>
    </p>
   </div>
   <div class='ocr_carea' id='block_1_114' title="bbox 2226 5097 3785 5167">
    <p class='ocr_par' dir='ltr' id='par_1_114' title="bbox 2226 5097 3785 5167">
     <span class='ocr_line' id='line_1_114' title="bbox 2226 5097 3785 5167; baseline -0.002 -16"><span class='ocrx_word' id='word_1_821' title='bbox 2226 5109 2310 5151; x_wconf 89' lang='lat' dir='ltr'><strong>tus</strong></span> <span class='ocrx_word' id='word_1_822' title='bbox 2343 5097 2569 5153; x_wconf 21' lang='lat' dir='ltr'><strong>et’Colb.</strong></span> <span class='ocrx_word' id='word_1_823' title='bbox 2605 5101 2862 5165; x_wconf 88' lang='lat' dir='ltr'><strong>septimus</strong></span> <span class='ocrx_word' id='word_1_824' title='bbox 2888 5097 3007 5151; x_wconf 79' lang='lat' dir='ltr'><strong>cum</strong></span> <span class='ocrx_word' id='word_1_825' title='bbox 3043 5097 3275 5151; x_wconf 82' lang='lat' dir='ltr'><strong>editione</strong></span> <span class='ocrx_word' id='word_1_826' title='bbox 3311 5097 3475 5150; x_wconf 78' lang='lat' dir='ltr'><strong>Basil.</strong></span> <span class='ocrx_word' id='word_1_827' title='bbox 3503 5097 3599 5149; x_wconf 76' lang='grc' dir='ltr'>τοῦ</span> <span class='ocrx_word' id='word_1_828' title='bbox 3649 5101 3785 5167; x_wconf 74' lang='grc' dir='ltr'>χρὴ·</span> 
     </span>
    </p>
   </div>
   <div class='ocr_carea' id='block_1_115' title="bbox 2228 5168 3784 5233">
    <p class='ocr_par' dir='ltr' id='par_1_115' title="bbox 2228 5168 3784 5233">
     <span class='ocr_line' id='line_1_115' title="bbox 2228 5168 3784 5233; baseline -0.001 -12"><span class='ocrx_word' id='word_1_829' title='bbox 2228 5186 2376 5222; x_wconf 91' lang='grc' dir='ltr'>στου.</span> <span class='ocrx_word' id='word_1_830' title='bbox 2409 5169 2534 5222; x_wconf 89' lang='lat' dir='ltr'><strong>Scio</strong></span> <span class='ocrx_word' id='word_1_831' title='bbox 2565 5170 2779 5233; x_wconf 87' lang='lat' dir='ltr'><strong>quidem</strong></span> <span class='ocrx_word' id='word_1_832' title='bbox 2831 5170 2961 5223; x_wconf 89' lang='lat' dir='ltr'><strong>nihil</strong></span> <span class='ocrx_word' id='word_1_833' title='bbox 3016 5170 3081 5221; x_wconf 84' lang='lat' dir='ltr'><strong>ad</strong></span> <span class='ocrx_word' id='word_1_834' title='bbox 3120 5184 3341 5221; x_wconf 88' lang='lat' dir='ltr'><strong>sensum</strong></span> <span class='ocrx_word' id='word_1_835' title='bbox 3390 5168 3617 5229; x_wconf 86' lang='lat' dir='ltr'><strong>referre,</strong></span> <span class='ocrx_word' id='word_1_836' title='bbox 3662 5181 3784 5219; x_wconf 89' lang='lat' dir='ltr'><strong>ntro</strong></span> 
     </span>
    </p>
   </div>
   <div class='ocr_carea' id='block_1_116' title="bbox 2227 5238 3785 5307">
    <p class='ocr_par' dir='ltr' id='par_1_116' title="bbox 2227 5238 3785 5307">
     <span class='ocr_line' id='line_1_116' title="bbox 2227 5238 3785 5307; baseline -0.001 -17"><span class='ocrx_word' id='word_1_837' title='bbox 2227 5241 2347 5304; x_wconf 88' lang='lat' dir='ltr'><strong>quis</strong></span> <span class='ocrx_word' id='word_1_838' title='bbox 2372 5240 2533 5291; x_wconf 91' lang='lat' dir='ltr'><strong>modo</strong></span> <span class='ocrx_word' id='word_1_839' title='bbox 2566 5238 2773 5305; x_wconf 88' lang='lat' dir='ltr'><strong>legerit,</strong></span> <span class='ocrx_word' id='word_1_840' title='bbox 2823 5238 3098 5291; x_wconf 83' lang='grc' dir='ltr'>δανειποῦ</span> <span class='ocrx_word' id='word_1_841' title='bbox 3130 5254 3194 5290; x_wconf 91' lang='lat' dir='ltr'><strong>an</strong></span> <span class='ocrx_word' id='word_1_842' title='bbox 3220 5239 3451 5307; x_wconf 74' lang='grc' dir='ltr'>χρήστον</span> <span class='ocrx_word' id='word_1_843' title='bbox 3481 5252 3495 5266; x_wconf 87' lang='grc'><strong>·</strong></span> <span class='ocrx_word' id='word_1_844' title='bbox 3524 5239 3785 5307; x_wconf 70' lang='lat' dir='ltr'><strong>arbitror</strong></span> 
     </span>
    </p>
   </div>
   <div class='ocr_carea' id='block_1_117' title="bbox 2228 5305 3781 5379">
    <p class='ocr_par' dir='ltr' id='par_1_117' title="bbox 2228 5305 3781 5379">
     <span class='ocr_line' id='line_1_117' title="bbox 2228 5305 3781 5379; baseline 0 -21"><span class='ocrx_word' id='word_1_845' title='bbox 2228 5318 2406 5379; x_wconf 86' lang='lat' dir='ltr'><strong>tamen</strong></span> <span class='ocrx_word' id='word_1_846' title='bbox 2444 5308 2544 5374; x_wconf 80' lang='lat' dir='ltr'><strong>legi</strong></span> <span class='ocrx_word' id='word_1_847' title='bbox 2562 5319 2831 5379; x_wconf 30' lang='lat' dir='ltr'><strong>Aoportere</strong></span> <span class='ocrx_word' id='word_1_848' title='bbox 2874 5311 3132 5379; x_wconf 83' lang='grc' dir='ltr'>χρήστου,</span> <span class='ocrx_word' id='word_1_849' title='bbox 3166 5305 3267 5361; x_wconf 85' lang='lat' dir='ltr'><strong>nec</strong></span> <span class='ocrx_word' id='word_1_850' title='bbox 3311 5305 3490 5379; x_wconf 10' lang='lat' dir='ltr'><strong>aliter?</strong></span> <span class='ocrx_word' id='word_1_851' title='bbox 3523 5305 3781 5361; x_wconf 76' lang='lat' dir='ltr'><strong>Basiliam</strong></span> 
     </span>
    </p>
   </div>
   <div class='ocr_carea' id='block_1_118' title="bbox 2224 5376 3788 5445">
    <p class='ocr_par' dir='ltr' id='par_1_118' title="bbox 2224 5376 3788 5445">
     <span class='ocr_line' id='line_1_118' title="bbox 2224 5376 3788 5445; baseline -0.003 -14"><span class='ocrx_word' id='word_1_852' title='bbox 2224 5378 2526 5445; x_wconf 85' lang='lat' dir='ltr'><strong>scripsisse.</strong></span> <span class='ocrx_word' id='word_1_853' title='bbox 2558 5376 2715 5438; x_wconf 81' lang='lat' dir='ltr'><strong>Nam,</strong></span> <span class='ocrx_word' id='word_1_854' title='bbox 2746 5388 2802 5431; x_wconf 81' lang='lat' dir='ltr'><strong>ut</strong></span> <span class='ocrx_word' id='word_1_855' title='bbox 2853 5376 2923 5431; x_wconf 62' lang='lat' dir='ltr'><strong>ei</strong></span> <span class='ocrx_word' id='word_1_856' title='bbox 2959 5376 3115 5431; x_wconf 78' lang='lat' dir='ltr'><strong>dictis</strong></span> <span class='ocrx_word' id='word_1_857' title='bbox 3144 5388 3309 5445; x_wconf 87' lang='lat' dir='ltr'><strong>patet,</strong></span> <span class='ocrx_word' id='word_1_858' title='bbox 3348 5377 3494 5429; x_wconf 87' lang='lat' dir='ltr'><strong>nmlti</strong></span> <span class='ocrx_word' id='word_1_859' title='bbox 3530 5393 3662 5430; x_wconf 89' lang='lat' dir='ltr'><strong>mss.</strong></span> <span class='ocrx_word' id='word_1_860' title='bbox 3692 5388 3788 5428; x_wconf 85' lang='lat' dir='ltr'><strong>aut</strong></span> 
     </span>
    </p>
   </div>
   <div class='ocr_carea' id='block_1_119' title="bbox 2223 5447 3785 5517">
    <p class='ocr_par' dir='ltr' id='par_1_119' title="bbox 2223 5447 3785 5517">
     <span class='ocr_line' id='line_1_119' title="bbox 2223 5447 3785 5517; baseline -0.001 -17"><span class='ocrx_word' id='word_1_861' title='bbox 2223 5462 2340 5500; x_wconf 85' lang='lat' dir='ltr'><strong>eam</strong></span> <span class='ocrx_word' id='word_1_862' title='bbox 2375 5462 2559 5501; x_wconf 89' lang='lat' dir='ltr'><strong>vocem</strong></span> <span class='ocrx_word' id='word_1_863' title='bbox 2590 5448 2749 5513; x_wconf 87' lang='lat' dir='ltr'><strong>plane</strong></span> <span class='ocrx_word' id='word_1_864' title='bbox 2778 5449 3056 5509; x_wconf 73' lang='lat' dir='ltr'><strong>exhibent,</strong></span> <span class='ocrx_word' id='word_1_865' title='bbox 3081 5457 3336 5501; x_wconf 88' lang='lat' dir='ltr'><strong>antcerte</strong></span> <span class='ocrx_word' id='word_1_866' title='bbox 3364 5447 3546 5511; x_wconf 87' lang='lat' dir='ltr'><strong>aliam,</strong></span> <span class='ocrx_word' id='word_1_867' title='bbox 3573 5463 3695 5517; x_wconf 68' lang='lat' dir='ltr'><strong>qua:</strong></span> <span class='ocrx_word' id='word_1_868' title='bbox 3716 5449 3785 5498; x_wconf 82' lang='lat' dir='ltr'><strong>ab</strong></span> 
     </span>
    </p>
   </div>
   <div class='ocr_carea' id='block_1_120' title="bbox 2224 5518 3077 5587">
    <p class='ocr_par' dir='ltr' id='par_1_120' title="bbox 2224 5518 3077 5587">
     <span class='ocr_line' id='line_1_120' title="bbox 2224 5518 3077 5587; baseline 0 -17"><span class='ocrx_word' id='word_1_869' title='bbox 2224 5518 2335 5587; x_wconf 84' lang='lat' dir='ltr'><strong>ipsa</strong></span> <span class='ocrx_word' id='word_1_870' title='bbox 2368 5533 2473 5587; x_wconf 86' lang='lat' dir='ltr'><strong>non</strong></span> <span class='ocrx_word' id='word_1_871' title='bbox 2509 5519 2578 5567; x_wconf 89' lang='lat' dir='ltr'><strong>ita</strong></span> <span class='ocrx_word' id='word_1_872' title='bbox 2606 5521 2826 5587; x_wconf 83' lang='lat' dir='ltr'><strong>multum</strong></span> <span class='ocrx_word' id='word_1_873' title='bbox 2857 5520 3077 5571; x_wconf 88' lang='lat' dir='ltr'><strong>recedit.</strong></span> 
     </span>
    </p>
   </div>
   <div class='ocr_carea' id='block_1_121' title="bbox 2294 5586 3787 5655">
    <p class='ocr_par' dir='ltr' id='par_1_121' title="bbox 2294 5586 3787 5655">
     <span class='ocr_line' id='line_1_121' title="bbox 2294 5586 3787 5655; baseline -0.003 -15"><span class='ocrx_word' id='word_1_874' title='bbox 2294 5587 2405 5655; x_wconf 85' lang='lat'><strong>(56)</strong></span> <span class='ocrx_word' id='word_1_875' title='bbox 2440 5586 2547 5639; x_wconf 79' lang='lat' dir='ltr'><strong>Vox</strong></span> <span class='ocrx_word' id='word_1_876' title='bbox 2575 5586 2757 5648; x_wconf 81' lang='grc' dir='ltr'>αὑτοῖς</span> <span class='ocrx_word' id='word_1_877' title='bbox 2795 5587 2945 5655; x_wconf 83' lang='lat' dir='ltr'><strong>deest</strong></span> <span class='ocrx_word' id='word_1_878' title='bbox 2973 5589 3024 5639; x_wconf 93' lang='lat' dir='ltr'><strong>iu</strong></span> <span class='ocrx_word' id='word_1_879' title='bbox 3050 5586 3318 5653; x_wconf 86' lang='lat' dir='ltr'><strong>plerisque</strong></span> <span class='ocrx_word' id='word_1_880' title='bbox 3342 5600 3467 5640; x_wconf 90' lang='lat' dir='ltr'><strong>mss.</strong></span> <span class='ocrx_word' id='word_1_881' title='bbox 3505 5586 3626 5639; x_wconf 74' lang='lat' dir='ltr'><strong>Mox</strong></span> <span class='ocrx_word' id='word_1_882' title='bbox 3660 5595 3787 5639; x_wconf 82' lang='lat' dir='ltr'><strong>octo</strong></span> 
     </span>
    </p>
   </div>
   <div class='ocr_carea' id='block_1_122' title="bbox 2226 5654 3789 5713">
    <p class='ocr_par' dir='ltr' id='par_1_122' title="bbox 2226 5654 3789 5713">
     <span class='ocr_line' id='line_1_122' title="bbox 2226 5654 3789 5713; baseline -0.001 -3"><span class='ocrx_word' id='word_1_883' title='bbox 2226 5672 2353 5711; x_wconf 88' lang='lat' dir='ltr'><strong>mss.</strong></span> <span class='ocrx_word' id='word_1_884' title='bbox 2388 5654 2512 5709; x_wconf 89' lang='lat' dir='ltr'><strong>cum</strong></span> <span class='ocrx_word' id='word_1_885' title='bbox 2540 5656 2775 5709; x_wconf 85' lang='lat' dir='ltr'><strong>editione</strong></span> <span class='ocrx_word' id='word_1_886' title='bbox 2809 5654 2970 5713; x_wconf 74' lang='lat' dir='ltr'><strong>Basii.</strong></span> <span class='ocrx_word' id='word_1_887' title='bbox 3002 5658 3095 5710; x_wconf 80' lang='grc' dir='ltr'>καὶ</span> <span class='ocrx_word' id='word_1_888' title='bbox 3118 5656 3335 5711; x_wconf 84' lang='grc' dir='ltr'>ποικίλα</span> <span class='ocrx_word' id='word_1_889' title='bbox 3357 5656 3444 5711; x_wconf 70' lang='grc' dir='ltr'><strong>τά.</strong></span> <span class='ocrx_word' id='word_1_890' title='bbox 3475 5657 3656 5711; x_wconf 81' lang='lat' dir='ltr'><strong>Editio</strong></span> <span class='ocrx_word' id='word_1_891' title='bbox 3688 5658 3789 5711; x_wconf 59' lang='lat' dir='ltr'><strong>Pa:</strong></span> 
     </span>
    </p>
   </div>
   <div class='ocr_carea' id='block_1_123' title="bbox 2228 5724 2812 5791">
    <p class='ocr_par' dir='ltr' id='par_1_123' title="bbox 2228 5724 2812 5791">
     <span class='ocr_line' id='line_1_123' title="bbox 2228 5724 2812 5791; baseline -0.007 -8"><span class='ocrx_word' id='word_1_892' title='bbox 2228 5730 2319 5783; x_wconf 85' lang='lat' dir='ltr'><strong>ris.</strong></span> <span class='ocrx_word' id='word_1_893' title='bbox 2356 5724 2603 5777; x_wconf 83' lang='grc' dir='ltr'>ποικιλτὰ</span> <span class='ocrx_word' id='word_1_894' title='bbox 2634 5742 2696 5778; x_wconf 86' lang='grc' dir='ltr'><strong>πε</strong></span> <span class='ocrx_word' id='word_1_895' title='bbox 2705 5726 2812 5791; x_wconf 81' lang='grc' dir='ltr'>ριδ.</span> 
     </span>
    </p>
   </div>
  </div>
