  <div class='ocr_page' id='page_1' title='image "/cluster/home/n/w/nwhite01/storage/ocr_20150623/29/hvd.32044011320256/572.png"; bbox 0 0 4008 6402; ppageno 0'>
   <div class='ocr_carea' id='block_1_1' title="bbox 300 308 404 362">
    <p class='ocr_par' dir='ltr' id='par_1_1' title="bbox 300 308 404 362">
     <span class='ocr_line' id='line_1_1' title="bbox 300 308 404 362; baseline -0.01 0"><span class='ocrx_word' id='word_1_1' title='bbox 300 308 404 362; x_wconf 73' lang='lat'><strong>277</strong></span> 
     </span>
    </p>
   </div>
   <div class='ocr_carea' id='block_1_2' title="bbox 1442 312 2417 372">
    <p class='ocr_par' dir='ltr' id='par_1_2' title="bbox 1442 312 2417 372">
     <span class='ocr_line' id='line_1_2' title="bbox 1442 312 2417 372; baseline 0.004 -5"><span class='ocrx_word' id='word_1_2' title='bbox 1442 312 1717 369; x_wconf 77' lang='lat' dir='ltr'><strong>HOMILIA</strong></span> <span class='ocrx_word' id='word_1_3' title='bbox 1738 314 1783 369; x_wconf 83' lang='grc' dir='ltr'><strong>ιι</strong></span> <span class='ocrx_word' id='word_1_4' title='bbox 1812 315 1879 371; x_wconf 82' lang='lat' dir='ltr'><strong>IN</strong></span> <span class='ocrx_word' id='word_1_5' title='bbox 1914 315 2239 372; x_wconf 75' lang='lat' dir='ltr'><strong>PSALMUM</strong></span> <span class='ocrx_word' id='word_1_6' title='bbox 2278 316 2417 371; x_wconf 78' lang='lat' dir='ltr'><strong>XIV.</strong></span> 
     </span>
    </p>
   </div>
   <div class='ocr_carea' id='block_1_3' title="bbox 3427 311 3529 365">
    <p class='ocr_par' dir='ltr' id='par_1_3' title="bbox 3427 311 3529 365">
     <span class='ocr_line' id='line_1_3' title="bbox 3427 311 3529 365; baseline 0.01 -2"><span class='ocrx_word' id='word_1_7' title='bbox 3427 311 3529 365; x_wconf 74' lang='lat'><strong>278</strong></span> 
     </span>
    </p>
   </div>
   <div class='ocr_carea' id='block_1_4' title="bbox 301 402 1875 504">
    <p class='ocr_par' dir='ltr' id='par_1_4' title="bbox 301 402 1868 504">
     <span class='ocr_line' id='line_1_4' title="bbox 301 402 1868 504; baseline 0.005 -25"><span class='ocrx_word' id='word_1_8' title='bbox 301 428 443 479; x_wconf 87' lang='grc' dir='ltr'>λύων</span> <span class='ocrx_word' id='word_1_9' title='bbox 495 427 608 497; x_wconf 84' lang='grc'>(57)</span> <span class='ocrx_word' id='word_1_10' title='bbox 660 427 727 481; x_wconf 81' lang='grc' dir='ltr'>τὰ</span> <span class='ocrx_word' id='word_1_11' title='bbox 784 427 1081 497; x_wconf 79' lang='grc' dir='ltr'><strong>φθάσαντα,</strong></span> <span class='ocrx_word' id='word_1_12' title='bbox 1124 428 1221 500; x_wconf 80' lang='grc' dir='ltr'>τὴν</span> <span class='ocrx_word' id='word_1_13' title='bbox 1276 402 1410 499; x_wconf 67' lang='grc' dir='ltr'>πρδς</span> <span class='ocrx_word' id='word_1_14' title='bbox 1464 432 1524 484; x_wconf 82' lang='grc' dir='ltr'>τὸ</span> <span class='ocrx_word' id='word_1_15' title='bbox 1574 433 1868 504; x_wconf 88' lang='grc' dir='ltr'>λαμϐάνειν</span> 
     </span>
    </p>
   </div>
   <div class='ocr_carea' id='block_1_5' title="bbox 1972 402 3533 504">
    <p class='ocr_par' dir='ltr' id='par_1_5' title="bbox 1977 429 3533 503">
     <span class='ocr_line' id='line_1_5' title="bbox 1977 429 3533 503; baseline -0.003 -15"><span class='ocrx_word' id='word_1_16' title='bbox 1977 450 2072 503; x_wconf 83' lang='lat' dir='ltr'><strong>per</strong></span> <span class='ocrx_word' id='word_1_17' title='bbox 2102 438 2257 500; x_wconf 91' lang='lat' dir='ltr'><strong>dans,</strong></span> <span class='ocrx_word' id='word_1_18' title='bbox 2294 444 2349 487; x_wconf 90' lang='lat' dir='ltr'><strong>et</strong></span> <span class='ocrx_word' id='word_1_19' title='bbox 2376 448 2439 487; x_wconf 81' lang='lat' dir='ltr'><strong>ex</strong></span> <span class='ocrx_word' id='word_1_20' title='bbox 2474 434 2863 501; x_wconf 79' lang='lat' dir='ltr'><strong>posterioribus</strong></span> <span class='ocrx_word' id='word_1_21' title='bbox 2893 432 3071 501; x_wconf 85' lang='lat' dir='ltr'><strong>priora</strong></span> <span class='ocrx_word' id='word_1_22' title='bbox 3109 429 3431 496; x_wconf 80' lang='lat' dir='ltr'><strong>dissolvens,</strong></span> <span class='ocrx_word' id='word_1_23' title='bbox 3454 441 3533 484; x_wconf 67' lang='lat' dir='ltr'><strong>at-</strong></span> 
     </span>
    </p>
   </div>
   <div class='ocr_carea' id='block_1_6' title="bbox 300 517 1869 595">
    <p class='ocr_par' dir='ltr' id='par_1_6' title="bbox 300 517 1869 595">
     <span class='ocr_line' id='line_1_6' title="bbox 300 517 1869 595; baseline 0.003 -26"><span class='ocrx_word' id='word_1_24' title='bbox 300 517 643 582; x_wconf 80' lang='grc' dir='ltr'>ἀξιοπιστίαν</span> <span class='ocrx_word' id='word_1_25' title='bbox 678 522 740 571; x_wconf 84' lang='grc' dir='ltr'><strong>ἐκ</strong></span> <span class='ocrx_word' id='word_1_26' title='bbox 767 520 866 589; x_wconf 81' lang='grc' dir='ltr'>τῆς</span> <span class='ocrx_word' id='word_1_27' title='bbox 908 522 998 573; x_wconf 79' lang='grc' dir='ltr'><strong>τοῦ</strong></span> <span class='ocrx_word' id='word_1_28' title='bbox 1041 521 1211 574; x_wconf 76' lang='grc' dir='ltr'>κακοῦ</span> <span class='ocrx_word' id='word_1_29' title='bbox 1234 523 1527 591; x_wconf 76' lang='grc' dir='ltr'>’συνεχείας</span> <span class='ocrx_word' id='word_1_30' title='bbox 1558 526 1869 595; x_wconf 80' lang='grc' dir='ltr'>περιποιού-</span> 
     </span>
    </p>
   </div>
   <div class='ocr_carea' id='block_1_7' title="bbox 303 607 1869 685">
    <p class='ocr_par' dir='ltr' id='par_1_7' title="bbox 303 607 1869 685">
     <span class='ocr_line' id='line_1_7' title="bbox 303 607 1869 685; baseline 0.004 -25"><span class='ocrx_word' id='word_1_31' title='bbox 303 626 464 679; x_wconf 84' lang='grc' dir='ltr'><strong>μενος</strong></span> <span class='ocrx_word' id='word_1_32' title='bbox 497 609 691 679; x_wconf 82' lang='grc' dir='ltr'>ὲαυτῷ.</span> <span class='ocrx_word' id='word_1_33' title='bbox 738 607 867 664; x_wconf 77' lang='grc' dir='ltr'>Εἶτα</span> <span class='ocrx_word' id='word_1_34' title='bbox 896 611 1082 681; x_wconf 78' lang='grc' dir='ltr'>ὥσπερ</span> <span class='ocrx_word' id='word_1_35' title='bbox 1116 612 1208 665; x_wconf 78' lang='grc' dir='ltr'><strong>ἐπὶ</strong></span> <span class='ocrx_word' id='word_1_36' title='bbox 1235 613 1333 682; x_wconf 79' lang='grc' dir='ltr'><strong>τῆς</strong></span> <span class='ocrx_word' id='word_1_37' title='bbox 1362 614 1587 685; x_wconf 82' lang='grc' dir='ltr'><strong>χολέρας</strong></span> <span class='ocrx_word' id='word_1_38' title='bbox 1616 617 1664 668; x_wconf 81' lang='grc' dir='ltr'>οἱ</span> <span class='ocrx_word' id='word_1_39' title='bbox 1696 616 1754 668; x_wconf 76' lang='grc' dir='ltr'>τὸ</span> <span class='ocrx_word' id='word_1_40' title='bbox 1784 616 1869 669; x_wconf 71' lang='grc' dir='ltr'><strong>ἀεὶ</strong></span> 
     </span>
    </p>
   </div>
   <div class='ocr_carea' id='block_1_8' title="bbox 301 703 1869 776">
    <p class='ocr_par' dir='ltr' id='par_1_8' title="bbox 301 703 1869 776">
     <span class='ocr_line' id='line_1_8' title="bbox 301 703 1869 776; baseline 0.003 -21"><span class='ocrx_word' id='word_1_41' title='bbox 301 703 699 773; x_wconf 79' lang='grc' dir='ltr'><strong>προϊστάμενον</strong></span> <span class='ocrx_word' id='word_1_42' title='bbox 748 703 1036 774; x_wconf 76' lang='grc' dir='ltr'>ἐξερῶντες</span> <span class='ocrx_word' id='word_1_43' title='bbox 1081 705 1227 774; x_wconf 80' lang='grc'>(58),</span> <span class='ocrx_word' id='word_1_44' title='bbox 1278 707 1371 758; x_wconf 75' lang='grc' dir='ltr'>κα).</span> <span class='ocrx_word' id='word_1_45' title='bbox 1418 708 1545 776; x_wconf 73' lang='grc' dir='ltr'>πρὶν</span> <span class='ocrx_word' id='word_1_46' title='bbox 1597 707 1869 770; x_wconf 80' lang='grc' dir='ltr'>παντελῶς</span> 
     </span>
    </p>
   </div>
   <div class='ocr_carea' id='block_1_9' title="bbox 303 794 1869 868">
    <p class='ocr_par' dir='ltr' id='par_1_9' title="bbox 303 794 1869 868">
     <span class='ocr_line' id='line_1_9' title="bbox 303 794 1869 868; baseline 0.003 -22"><span class='ocrx_word' id='word_1_47' title='bbox 303 794 640 864; x_wconf 80' lang='grc' dir='ltr'>καθαρθῆναι</span> <span class='ocrx_word' id='word_1_48' title='bbox 671 794 922 864; x_wconf 82' lang='grc' dir='ltr'>δευτέραν</span> <span class='ocrx_word' id='word_1_49' title='bbox 973 797 1173 868; x_wconf 70' lang='grc' dir='ltr'>τροφὴν</span> <span class='ocrx_word' id='word_1_50' title='bbox 1204 797 1680 868; x_wconf 84' lang='grc' dir='ltr'>ἐπεμϐαλλόμενοι,</span> <span class='ocrx_word' id='word_1_51' title='bbox 1712 798 1869 851; x_wconf 84' lang='grc' dir='ltr'>πάλιν</span> 
     </span>
    </p>
   </div>
   <div class='ocr_carea' id='block_1_10' title="bbox 303 885 1869 959">
    <p class='ocr_par' dir='ltr' id='par_1_10' title="bbox 303 885 1869 959">
     <span class='ocr_line' id='line_1_10' title="bbox 303 885 1869 959; baseline 0.004 -23"><span class='ocrx_word' id='word_1_52' title='bbox 303 885 499 953; x_wconf 77' lang='grc' dir='ltr'>ἐμούσι</span> <span class='ocrx_word' id='word_1_53' title='bbox 537 886 651 955; x_wconf 84' lang='grc' dir='ltr'>μετ’</span> <span class='ocrx_word' id='word_1_54' title='bbox 697 886 884 958; x_wconf 79' lang='grc' dir='ltr'>ὀδύνης</span> <span class='ocrx_word' id='word_1_55' title='bbox 914 888 1003 939; x_wconf 76' lang='grc' dir='ltr'>καὶ</span> <span class='ocrx_word' id='word_1_56' title='bbox 1036 890 1394 959; x_wconf 78' lang='grc' dir='ltr'>σπαραγμῶν·</span> <span class='ocrx_word' id='word_1_57' title='bbox 1435 889 1574 942; x_wconf 75' lang='grc' dir='ltr'>οὕτω</span> <span class='ocrx_word' id='word_1_58' title='bbox 1603 889 1697 942; x_wconf 71' lang='grc' dir='ltr'><strong>καὶ</strong></span> <span class='ocrx_word' id='word_1_59' title='bbox 1725 885 1869 943; x_wconf 70' lang='grc' dir='ltr'>οὗτοι</span> 
     </span>
    </p>
   </div>
   <div class='ocr_carea' id='block_1_11' title="bbox 302 977 1869 1051">
    <p class='ocr_par' dir='ltr' id='par_1_11' title="bbox 302 977 1869 1051">
     <span class='ocr_line' id='line_1_11' title="bbox 302 977 1869 1051; baseline 0.004 -24"><span class='ocrx_word' id='word_1_60' title='bbox 302 977 497 1039; x_wconf 82' lang='grc' dir='ltr'>τόκους</span> <span class='ocrx_word' id='word_1_61' title='bbox 541 978 603 1028; x_wconf 87' lang='grc' dir='ltr'><strong>ἐκ</strong></span> <span class='ocrx_word' id='word_1_62' title='bbox 632 977 805 1029; x_wconf 83' lang='grc' dir='ltr'>τόκων</span> <span class='ocrx_word' id='word_1_63' title='bbox 854 979 1375 1051; x_wconf 85' lang='grc' dir='ltr'>μεταλαμϐάνοντες,</span> <span class='ocrx_word' id='word_1_64' title='bbox 1418 982 1510 1033; x_wconf 76' lang='grc' dir='ltr'><strong>καὶ</strong></span> <span class='ocrx_word' id='word_1_65' title='bbox 1546 982 1673 1051; x_wconf 73' lang='grc' dir='ltr'>πρὶν</span> <span class='ocrx_word' id='word_1_66' title='bbox 1704 982 1869 1034; x_wconf 78' lang='grc' dir='ltr'>ἐκκα-</span> 
     </span>
    </p>
   </div>
   <div class='ocr_carea' id='block_1_12' title="bbox 304 1068 1867 1143">
    <p class='ocr_par' dir='ltr' id='par_1_12' title="bbox 304 1068 1867 1143">
     <span class='ocr_line' id='line_1_12' title="bbox 304 1068 1867 1143; baseline 0.003 -22"><span class='ocrx_word' id='word_1_67' title='bbox 304 1068 470 1139; x_wconf 80' lang='grc' dir='ltr'>θᾶραι</span> <span class='ocrx_word' id='word_1_68' title='bbox 513 1070 579 1121; x_wconf 79' lang='grc' dir='ltr'>τὰ</span> <span class='ocrx_word' id='word_1_69' title='bbox 634 1069 855 1139; x_wconf 82' lang='grc' dir='ltr'>πρῶτα,</span> <span class='ocrx_word' id='word_1_70' title='bbox 888 1070 1135 1140; x_wconf 85' lang='grc' dir='ltr'>δεύτερον</span> <span class='ocrx_word' id='word_1_71' title='bbox 1176 1073 1555 1140; x_wconf 75' lang='grc' dir='ltr'>ἐπεισάγοντες</span> <span class='ocrx_word' id='word_1_72' title='bbox 1586 1074 1867 1143; x_wconf 77' lang='grc' dir='ltr'>δάνεισμα,</span> 
     </span>
    </p>
   </div>
   <div class='ocr_carea' id='block_1_13' title="bbox 306 1159 1869 1234">
    <p class='ocr_par' dir='ltr' id='par_1_13' title="bbox 306 1159 1869 1234">
     <span class='ocr_line' id='line_1_13' title="bbox 306 1159 1869 1234; baseline 0.003 -23"><span class='ocrx_word' id='word_1_73' title='bbox 306 1160 502 1231; x_wconf 78' lang='grc' dir='ltr'>μικρὸν</span> <span class='ocrx_word' id='word_1_74' title='bbox 542 1159 732 1230; x_wconf 89' lang='grc' dir='ltr'>χρόνον</span> <span class='ocrx_word' id='word_1_75' title='bbox 764 1164 873 1223; x_wconf 88' lang='grc' dir='ltr'>τοῖς</span> <span class='ocrx_word' id='word_1_76' title='bbox 916 1161 1213 1231; x_wconf 73' lang='grc' dir='ltr'>ἀλλοτρίοις</span> <span class='ocrx_word' id='word_1_77' title='bbox 1248 1162 1683 1234; x_wconf 80' lang='grc' dir='ltr'>ἐναϐρυνόμενοι,</span> <span class='ocrx_word' id='word_1_78' title='bbox 1714 1163 1869 1216; x_wconf 77' lang='grc' dir='ltr'>ὓστε-</span> 
     </span>
    </p>
   </div>
   <div class='ocr_carea' id='block_1_14' title="bbox 308 1250 1873 1322">
    <p class='ocr_par' dir='ltr' id='par_1_14' title="bbox 308 1250 1873 1322">
     <span class='ocr_line' id='line_1_14' title="bbox 308 1250 1873 1322; baseline 0.003 -19"><span class='ocrx_word' id='word_1_79' title='bbox 308 1267 399 1322; x_wconf 91' lang='grc' dir='ltr'><strong>ρον</strong></span> <span class='ocrx_word' id='word_1_80' title='bbox 433 1252 525 1303; x_wconf 81' lang='grc' dir='ltr'>κα¹ι</span> <span class='ocrx_word' id='word_1_81' title='bbox 564 1250 633 1303; x_wconf 78' lang='grc' dir='ltr'>τὰ</span> <span class='ocrx_word' id='word_1_82' title='bbox 662 1252 835 1303; x_wconf 89' lang='grc' dir='ltr'>οίκεῖα</span> <span class='ocrx_word' id='word_1_83' title='bbox 862 1251 1152 1322; x_wconf 76' lang='grc' dir='ltr'>ὠδύραντο.</span> <span class='ocrx_word' id='word_1_84' title='bbox 1189 1253 1251 1303; x_wconf 85' lang='grc' dir='ltr'><strong>Ὢ</strong></span> <span class='ocrx_word' id='word_1_85' title='bbox 1292 1254 1487 1316; x_wconf 87' lang='grc' dir='ltr'>πόσους</span> <span class='ocrx_word' id='word_1_86' title='bbox 1526 1254 1770 1307; x_wconf 82' lang='grc' dir='ltr'>ἀπώλεσε</span> <span class='ocrx_word' id='word_1_87' title='bbox 1803 1254 1873 1308; x_wconf 82' lang='grc' dir='ltr'>τὰ</span> 
     </span>
    </p>
   </div>
   <div class='ocr_carea' id='block_1_15' title="bbox 302 1341 1874 1418">
    <p class='ocr_par' dir='ltr' id='par_1_15' title="bbox 302 1341 1874 1418">
     <span class='ocr_line' id='line_1_15' title="bbox 302 1341 1874 1418; baseline 0.004 -25"><span class='ocrx_word' id='word_1_88' title='bbox 302 1341 559 1413; x_wconf 79' lang='grc' dir='ltr'>ἀλλότρια</span> <span class='ocrx_word' id='word_1_89' title='bbox 585 1342 791 1410; x_wconf 78' lang='grc' dir='ltr'>ἀγαθάί</span> <span class='ocrx_word' id='word_1_90' title='bbox 822 1344 979 1395; x_wconf 86' lang='grc' dir='ltr'>Πόσοι</span> <span class='ocrx_word' id='word_1_91' title='bbox 1006 1345 1135 1414; x_wconf 78' lang='grc' dir='ltr'>ὄναρ</span> <span class='ocrx_word' id='word_1_92' title='bbox 1163 1343 1557 1415; x_wconf 77' lang='grc' dir='ltr'>πλουτήσαντες</span> <span class='ocrx_word' id='word_1_93' title='bbox 1592 1347 1874 1418; x_wconf 80' lang='grc' dir='ltr'>ύπεραπή-</span> 
     </span>
    </p>
   </div>
   <div class='ocr_carea' id='block_1_16' title="bbox 301 1429 1875 1505">
    <p class='ocr_par' dir='ltr' id='par_1_16' title="bbox 301 1429 1875 1505">
     <span class='ocr_line' id='line_1_16' title="bbox 301 1429 1875 1505; baseline 0.004 -23"><span class='ocrx_word' id='word_1_94' title='bbox 301 1429 509 1483; x_wconf 77' lang='grc' dir='ltr'>λαυσαν</span> <span class='ocrx_word' id='word_1_95' title='bbox 535 1431 634 1500; x_wconf 79' lang='grc' dir='ltr'>τῆς</span> <span class='ocrx_word' id='word_1_96' title='bbox 663 1431 891 1501; x_wconf 77' lang='grc' dir='ltr'>ζημίαςί</span> <span class='ocrx_word' id='word_1_97' title='bbox 937 1432 1094 1485; x_wconf 74' lang='grc' dir='ltr'>Ἀλλά</span> <span class='ocrx_word' id='word_1_98' title='bbox 1129 1433 1328 1497; x_wconf 80' lang='grc' dir='ltr'>πολλοὶ,</span> <span class='ocrx_word' id='word_1_99' title='bbox 1369 1436 1521 1505; x_wconf 79' lang='grc' dir='ltr'>φησὶ,</span> <span class='ocrx_word' id='word_1_100' title='bbox 1566 1438 1656 1489; x_wconf 75' lang='grc' dir='ltr'><strong>καὶ</strong></span> <span class='ocrx_word' id='word_1_101' title='bbox 1695 1440 1757 1490; x_wconf 86' lang='grc' dir='ltr'><strong>ἐκ</strong></span> <span class='ocrx_word' id='word_1_102' title='bbox 1789 1438 1875 1489; x_wconf 86' lang='grc' dir='ltr'>δα-</span> 
     </span>
    </p>
   </div>
   <div class='ocr_carea' id='block_1_17' title="bbox 303 1522 1873 1598">
    <p class='ocr_par' dir='ltr' id='par_1_17' title="bbox 303 1522 1873 1598">
     <span class='ocr_line' id='line_1_17' title="bbox 303 1522 1873 1598; baseline 0.005 -26"><span class='ocrx_word' id='word_1_103' title='bbox 303 1523 609 1591; x_wconf 86' lang='grc' dir='ltr'>νεισμάτων</span> <span class='ocrx_word' id='word_1_104' title='bbox 643 1524 998 1594; x_wconf 84' lang='grc' dir='ltr'>ἐπλούτησαν.</span> <span class='ocrx_word' id='word_1_105' title='bbox 1037 1524 1257 1587; x_wconf 85' lang='grc' dir='ltr'>Πλείους</span> <span class='ocrx_word' id='word_1_106' title='bbox 1289 1525 1365 1588; x_wconf 77' lang='grc' dir='ltr'><strong>δὲ,</strong></span> <span class='ocrx_word' id='word_1_107' title='bbox 1400 1522 1573 1596; x_wconf 71' lang='grc' dir='ltr'>οἶμαι,</span> <span class='ocrx_word' id='word_1_108' title='bbox 1610 1528 1703 1581; x_wconf 71' lang='grc' dir='ltr'><strong>καὶ</strong></span> <span class='ocrx_word' id='word_1_109' title='bbox 1752 1528 1873 1598; x_wconf 85' lang='grc' dir='ltr'>βρό-</span> 
     </span>
    </p>
   </div>
   <div class='ocr_carea' id='block_1_18' title="bbox 304 1613 1871 1686">
    <p class='ocr_par' dir='ltr' id='par_1_18' title="bbox 304 1613 1871 1686">
     <span class='ocr_line' id='line_1_18' title="bbox 304 1613 1871 1686; baseline 0.004 -22"><span class='ocrx_word' id='word_1_110' title='bbox 304 1629 417 1681; x_wconf 88' lang='grc' dir='ltr'><strong>χων</strong></span> <span class='ocrx_word' id='word_1_111' title='bbox 461 1613 689 1683; x_wconf 72' lang='grc' dir='ltr'>ἥψαντο.</span> <span class='ocrx_word' id='word_1_112' title='bbox 727 1614 798 1665; x_wconf 77' lang='grc' dir='ltr'><strong>Σὺ</strong></span> <span class='ocrx_word' id='word_1_113' title='bbox 840 1613 895 1665; x_wconf 80' lang='grc' dir='ltr'><strong>δὲ</strong></span> <span class='ocrx_word' id='word_1_114' title='bbox 926 1616 1047 1676; x_wconf 78' lang='grc' dir='ltr'>τοὺς</span> <span class='ocrx_word' id='word_1_115' title='bbox 1078 1615 1175 1685; x_wconf 87' lang='grc' dir='ltr'><strong>μὲν</strong></span> <span class='ocrx_word' id='word_1_116' title='bbox 1206 1614 1604 1685; x_wconf 81' lang='grc' dir='ltr'>πλουτήσαντας</span> <span class='ocrx_word' id='word_1_117' title='bbox 1640 1617 1871 1686; x_wconf 79' lang='grc' dir='ltr'>βλέπεις,</span> 
     </span>
    </p>
   </div>
   <div class='ocr_carea' id='block_1_19' title="bbox 302 1702 1875 1776">
    <p class='ocr_par' dir='ltr' id='par_1_19' title="bbox 302 1702 1875 1776">
     <span class='ocr_line' id='line_1_19' title="bbox 302 1702 1875 1776; baseline 0.004 -23"><span class='ocrx_word' id='word_1_118' title='bbox 302 1702 433 1764; x_wconf 84' lang='grc' dir='ltr'>τοὺς</span> <span class='ocrx_word' id='word_1_119' title='bbox 481 1702 536 1753; x_wconf 86' lang='grc' dir='ltr'><strong>δέ</strong></span> <span class='ocrx_word' id='word_1_120' title='bbox 576 1702 994 1772; x_wconf 78' lang='grc' dir='ltr'>ἀπαγξαμένους</span> <span class='ocrx_word' id='word_1_121' title='bbox 1039 1704 1137 1755; x_wconf 83' lang='grc' dir='ltr'><strong>οὐκ</strong></span> <span class='ocrx_word' id='word_1_122' title='bbox 1184 1704 1469 1774; x_wconf 84' lang='grc' dir='ltr'>ἀριθμεῖς,</span> <span class='ocrx_word' id='word_1_123' title='bbox 1516 1707 1585 1769; x_wconf 83' lang='grc' dir='ltr'><strong>οἳ,</strong></span> <span class='ocrx_word' id='word_1_124' title='bbox 1640 1706 1735 1776; x_wconf 77' lang='grc' dir='ltr'>τὴν</span> <span class='ocrx_word' id='word_1_125' title='bbox 1782 1708 1875 1759; x_wconf 75' lang='grc' dir='ltr'><strong>ἐπὶ</strong></span> 
     </span>
    </p>
   </div>
   <div class='ocr_carea' id='block_1_20' title="bbox 309 1793 1873 1867">
    <p class='ocr_par' dir='ltr' id='par_1_20' title="bbox 309 1793 1873 1867">
     <span class='ocr_line' id='line_1_20' title="bbox 309 1793 1873 1867; baseline 0.003 -23"><span class='ocrx_word' id='word_1_126' title='bbox 309 1795 429 1856; x_wconf 82' lang='grc' dir='ltr'>ταῖς</span> <span class='ocrx_word' id='word_1_127' title='bbox 478 1793 831 1862; x_wconf 86' lang='grc' dir='ltr'>ἀπαιτήσεσιν</span> <span class='ocrx_word' id='word_1_128' title='bbox 887 1794 1145 1864; x_wconf 73' lang='grc' dir='ltr'>αἰσχύνην</span> <span class='ocrx_word' id='word_1_129' title='bbox 1199 1796 1272 1867; x_wconf 77' lang='grc' dir='ltr'>μὴ</span> <span class='ocrx_word' id='word_1_130' title='bbox 1324 1796 1574 1867; x_wconf 73' lang='grc' dir='ltr'>φέροντες</span> <span class='ocrx_word' id='word_1_131' title='bbox 1607 1798 1739 1867; x_wconf 84' lang='grc'>(59),</span> <span class='ocrx_word' id='word_1_132' title='bbox 1784 1798 1873 1849; x_wconf 84' lang='grc' dir='ltr'><strong>τὸν</strong></span> 
     </span>
    </p>
   </div>
   <div class='ocr_carea' id='block_1_21' title="bbox 305 1883 1875 1959">
    <p class='ocr_par' dir='ltr' id='par_1_21' title="bbox 305 1883 1875 1959">
     <span class='ocr_line' id='line_1_21' title="bbox 305 1883 1875 1959; baseline 0.002 -23"><span class='ocrx_word' id='word_1_133' title='bbox 305 1883 374 1936; x_wconf 77' lang='grc' dir='ltr'><strong>δι’</strong></span> <span class='ocrx_word' id='word_1_134' title='bbox 412 1884 645 1954; x_wconf 78' lang='grc' dir='ltr'>ἀγχόνης</span> <span class='ocrx_word' id='word_1_135' title='bbox 688 1885 912 1937; x_wconf 86' lang='grc' dir='ltr'>θάνατον</span> <span class='ocrx_word' id='word_1_136' title='bbox 955 1886 1047 1937; x_wconf 83' lang='grc' dir='ltr'>τοῦ</span> <span class='ocrx_word' id='word_1_137' title='bbox 1095 1887 1469 1949; x_wconf 77' lang='grc' dir='ltr'>ἐπονειδίστως</span> <span class='ocrx_word' id='word_1_138' title='bbox 1512 1886 1610 1958; x_wconf 76' lang='grc' dir='ltr'><strong>ζῇν</strong></span> <span class='ocrx_word' id='word_1_139' title='bbox 1659 1889 1875 1959; x_wconf 86' lang='grc' dir='ltr'>προετί-</span> 
     </span>
    </p>
   </div>
   <div class='ocr_carea' id='block_1_22' title="bbox 307 1970 1872 2048">
    <p class='ocr_par' dir='ltr' id='par_1_22' title="bbox 307 1970 1872 2048">
     <span class='ocr_line' id='line_1_22' title="bbox 307 1970 1872 2048; baseline 0.004 -22"><span class='ocrx_word' id='word_1_140' title='bbox 307 1993 510 2045; x_wconf 85' lang='grc' dir='ltr'>μησαν.</span> <span class='ocrx_word' id='word_1_141' title='bbox 559 1970 711 2028; x_wconf 81' lang='grc' dir='ltr'>Εἶδον</span> <span class='ocrx_word' id='word_1_142' title='bbox 747 1974 855 2043; x_wconf 87' lang='grc' dir='ltr'><strong>ἐγὼ</strong></span> <span class='ocrx_word' id='word_1_143' title='bbox 901 1976 1130 2029; x_wconf 79' lang='grc' dir='ltr'>ἐλεεινὸν</span> <span class='ocrx_word' id='word_1_144' title='bbox 1174 1977 1372 2048; x_wconf 79' lang='grc' dir='ltr'>θέαμα,</span> <span class='ocrx_word' id='word_1_145' title='bbox 1415 1980 1608 2042; x_wconf 87' lang='grc' dir='ltr'>παῖδας</span> <span class='ocrx_word' id='word_1_146' title='bbox 1659 1979 1872 2032; x_wconf 84' lang='grc' dir='ltr'>ἐλευθέ-</span> 
     </span>
    </p>
   </div>
   <div class='ocr_carea' id='block_1_23' title="bbox 307 2066 1873 2141">
    <p class='ocr_par' dir='ltr' id='par_1_23' title="bbox 307 2066 1873 2141">
     <span class='ocr_line' id='line_1_23' title="bbox 307 2066 1873 2141; baseline 0.005 -24"><span class='ocrx_word' id='word_1_147' title='bbox 307 2083 434 2136; x_wconf 85' lang='grc' dir='ltr'>ρους</span> <span class='ocrx_word' id='word_1_148' title='bbox 470 2066 608 2137; x_wconf 83' lang='grc' dir='ltr'><strong>ύπέρ</strong></span> <span class='ocrx_word' id='word_1_149' title='bbox 654 2067 828 2136; x_wconf 87' lang='grc' dir='ltr'>χρεῶν</span> <span class='ocrx_word' id='word_1_150' title='bbox 870 2068 1147 2137; x_wconf 84' lang='grc' dir='ltr'>πατρικῶν</span> <span class='ocrx_word' id='word_1_151' title='bbox 1184 2069 1293 2139; x_wconf 86' lang='grc'>(60)</span> <span class='ocrx_word' id='word_1_152' title='bbox 1336 2069 1657 2141; x_wconf 79' lang='grc' dir='ltr'>ἑλκομένους</span> <span class='ocrx_word' id='word_1_153' title='bbox 1706 2074 1785 2135; x_wconf 80' lang='grc' dir='ltr'>εἰς</span> <span class='ocrx_word' id='word_1_154' title='bbox 1812 2072 1873 2125; x_wconf 81' lang='grc' dir='ltr'><strong>τὸ</strong></span> 
     </span>
    </p>
   </div>
   <div class='ocr_carea' id='block_1_24' title="bbox 303 2158 1873 2234">
    <p class='ocr_par' dir='ltr' id='par_1_24' title="bbox 303 2158 1873 2234">
     <span class='ocr_line' id='line_1_24' title="bbox 303 2158 1873 2234; baseline 0.004 -25"><span class='ocrx_word' id='word_1_155' title='bbox 303 2161 624 2228; x_wconf 77' lang='grc' dir='ltr'>πρατήριον.</span> <span class='ocrx_word' id='word_1_156' title='bbox 691 2158 803 2211; x_wconf 79' lang='grc' dir='ltr'>Ούκ</span> <span class='ocrx_word' id='word_1_157' title='bbox 859 2158 1001 2228; x_wconf 75' lang='grc' dir='ltr'>ἔχεις</span> <span class='ocrx_word' id='word_1_158' title='bbox 1070 2160 1389 2214; x_wconf 84' lang='grc' dir='ltr'>καταλιπεῖν</span> <span class='ocrx_word' id='word_1_159' title='bbox 1454 2164 1709 2234; x_wconf 84' lang='grc' dir='ltr'>χρήματα</span> <span class='ocrx_word' id='word_1_160' title='bbox 1763 2166 1873 2226; x_wconf 90' lang='grc' dir='ltr'>τοῖς</span> 
     </span>
    </p>
   </div>
   <div class='ocr_carea' id='block_1_25' title="bbox 306 2251 1874 2324">
    <p class='ocr_par' dir='ltr' id='par_1_25' title="bbox 306 2251 1874 2324">
     <span class='ocr_line' id='line_1_25' title="bbox 306 2251 1874 2324; baseline 0.003 -23"><span class='ocrx_word' id='word_1_161' title='bbox 306 2251 499 2315; x_wconf 83' lang='grc' dir='ltr'>παισί;</span> <span class='ocrx_word' id='word_1_162' title='bbox 542 2251 615 2321; x_wconf 84' lang='grc' dir='ltr'>μὴ</span> <span class='ocrx_word' id='word_1_163' title='bbox 662 2251 977 2322; x_wconf 81' lang='grc' dir='ltr'>προσαφέλῃ</span> <span class='ocrx_word' id='word_1_164' title='bbox 1006 2253 1100 2305; x_wconf 70' lang='grc' dir='ltr'><strong>καὶ</strong></span> <span class='ocrx_word' id='word_1_165' title='bbox 1127 2254 1225 2324; x_wconf 85' lang='grc' dir='ltr'><strong>τὴν</strong></span> <span class='ocrx_word' id='word_1_166' title='bbox 1259 2254 1553 2321; x_wconf 83' lang='grc' dir='ltr'>εὐγένειαν.</span> <span class='ocrx_word' id='word_1_167' title='bbox 1589 2256 1683 2307; x_wconf 84' lang='grc' dir='ltr'><strong>’Ἑν</strong></span> <span class='ocrx_word' id='word_1_168' title='bbox 1720 2254 1874 2307; x_wconf 79' lang='grc' dir='ltr'>τοῦτο</span> 
     </span>
    </p>
   </div>
   <div class='ocr_carea' id='block_1_26' title="bbox 306 2329 1875 2417">
    <p class='ocr_par' dir='ltr' id='par_1_26' title="bbox 306 2329 1875 2417">
     <span class='ocr_line' id='line_1_26' title="bbox 306 2329 1875 2417; baseline 0.003 -24"><span class='ocrx_word' id='word_1_169' title='bbox 306 2340 628 2411; x_wconf 73' lang='grc' dir='ltr'>δια-τήρησον</span> <span class='ocrx_word' id='word_1_170' title='bbox 655 2342 837 2405; x_wconf 79' lang='grc' dir='ltr'>αὐτοῖς</span> <span class='ocrx_word' id='word_1_171' title='bbox 870 2342 929 2395; x_wconf 85' lang='grc' dir='ltr'><strong>τὸ</strong></span> <span class='ocrx_word' id='word_1_172' title='bbox 958 2344 1138 2414; x_wconf 82' lang='grc' dir='ltr'>κτῆμα</span> <span class='ocrx_word' id='word_1_173' title='bbox 1165 2345 1264 2414; x_wconf 84' lang='grc' dir='ltr'>τῆς</span> <span class='ocrx_word' id='word_1_174' title='bbox 1291 2329 1619 2415; x_wconf 78' lang='grc' dir='ltr'>ἐλευθερίας,</span> <span class='ocrx_word' id='word_1_175' title='bbox 1642 2347 1738 2417; x_wconf 83' lang='grc' dir='ltr'><strong>τὴν</strong></span> <span class='ocrx_word' id='word_1_176' title='bbox 1771 2364 1875 2398; x_wconf 90' lang='grc' dir='ltr'>πα-</span> 
     </span>
    </p>
   </div>
   <div class='ocr_carea' id='block_1_27' title="bbox 310 2431 1874 2507">
    <p class='ocr_par' dir='ltr' id='par_1_27' title="bbox 310 2431 1874 2507">
     <span class='ocr_line' id='line_1_27' title="bbox 310 2431 1874 2507; baseline 0.003 -24"><span class='ocrx_word' id='word_1_177' title='bbox 310 2431 699 2503; x_wconf 83' lang='grc' dir='ltr'>ρακαταθήκην</span> <span class='ocrx_word' id='word_1_178' title='bbox 737 2434 803 2503; x_wconf 79' lang='grc' dir='ltr'>ἥν</span> <span class='ocrx_word' id='word_1_179' title='bbox 837 2434 985 2501; x_wconf 76' lang='grc' dir='ltr'>παρὰ</span> <span class='ocrx_word' id='word_1_180' title='bbox 1022 2435 1129 2486; x_wconf 82' lang='grc' dir='ltr'><strong>τῶν</strong></span> <span class='ocrx_word' id='word_1_181' title='bbox 1168 2436 1368 2504; x_wconf 80' lang='grc' dir='ltr'>γονέων</span> <span class='ocrx_word' id='word_1_182' title='bbox 1407 2436 1730 2507; x_wconf 80' lang='grc' dir='ltr'>παρέλαϐες.</span> <span class='ocrx_word' id='word_1_183' title='bbox 1772 2437 1874 2489; x_wconf 81' lang='grc' dir='ltr'><strong>Οὑ-</strong></span> 
     </span>
    </p>
   </div>
   <div class='ocr_carea' id='block_1_28' title="bbox 303 2524 1873 2598">
    <p class='ocr_par' dir='ltr' id='par_1_28' title="bbox 303 2524 1873 2598">
     <span class='ocr_line' id='line_1_28' title="bbox 303 2524 1873 2598; baseline 0.003 -23"><span class='ocrx_word' id='word_1_184' title='bbox 303 2524 417 2586; x_wconf 66' lang='grc' dir='ltr'>δεὶς</span> <span class='ocrx_word' id='word_1_185' title='bbox 449 2524 637 2576; x_wconf 78' lang='grc' dir='ltr'>πενίαν</span> <span class='ocrx_word' id='word_1_186' title='bbox 669 2526 872 2596; x_wconf 84' lang='grc' dir='ltr'>πατρὸς</span> <span class='ocrx_word' id='word_1_187' title='bbox 914 2526 1178 2597; x_wconf 78' lang='grc' dir='ltr'>ἐνεκλήθη</span> <span class='ocrx_word' id='word_1_188' title='bbox 1222 2527 1383 2580; x_wconf 78' lang='grc' dir='ltr'>ποτέ·</span> <span class='ocrx_word' id='word_1_189' title='bbox 1425 2527 1641 2598; x_wconf 75' lang='grc' dir='ltr'>ὄφλημα</span> <span class='ocrx_word' id='word_1_190' title='bbox 1680 2527 1735 2579; x_wconf 82' lang='grc' dir='ltr'>δὲ</span> <span class='ocrx_word' id='word_1_191' title='bbox 1766 2545 1873 2580; x_wconf 88' lang='grc' dir='ltr'>πα-</span> 
     </span>
    </p>
   </div>
   <div class='ocr_carea' id='block_1_29' title="bbox 303 2614 1875 2690">
    <p class='ocr_par' dir='ltr' id='par_1_29' title="bbox 303 2614 1875 2690">
     <span class='ocr_line' id='line_1_29' title="bbox 303 2614 1875 2690; baseline 0.004 -23"><span class='ocrx_word' id='word_1_192' title='bbox 303 2614 481 2685; x_wconf 81' lang='grc' dir='ltr'>τρῷον</span> <span class='ocrx_word' id='word_1_193' title='bbox 508 2617 587 2678; x_wconf 80' lang='grc' dir='ltr'><strong>είς</strong></span> <span class='ocrx_word' id='word_1_194' title='bbox 626 2616 993 2687; x_wconf 77' lang='grc' dir='ltr'>δεσμωτήριον</span> <span class='ocrx_word' id='word_1_195' title='bbox 1042 2618 1185 2685; x_wconf 80' lang='grc' dir='ltr'>ἄγει.</span> <span class='ocrx_word' id='word_1_196' title='bbox 1218 2619 1307 2686; x_wconf 86' lang='grc' dir='ltr'><strong>Μὴ</strong></span> <span class='ocrx_word' id='word_1_197' title='bbox 1348 2620 1649 2689; x_wconf 81' lang='grc' dir='ltr'>καταλίπῃς</span> <span class='ocrx_word' id='word_1_198' title='bbox 1695 2637 1875 2690; x_wconf 87' lang='grc' dir='ltr'>γραμ-</span> 
     </span>
    </p>
   </div>
   <div class='ocr_carea' id='block_1_30' title="bbox 309 2706 1874 2781">
    <p class='ocr_par' dir='ltr' id='par_1_30' title="bbox 309 2706 1874 2781">
     <span class='ocr_line' id='line_1_30' title="bbox 309 2706 1874 2781; baseline 0.004 -24"><span class='ocrx_word' id='word_1_199' title='bbox 309 2710 527 2778; x_wconf 85' lang='grc' dir='ltr'>ματεῖον</span> <span class='ocrx_word' id='word_1_200' title='bbox 586 2706 773 2778; x_wconf 85' lang='grc' dir='ltr'>ὥσπερ</span> <span class='ocrx_word' id='word_1_201' title='bbox 808 2707 945 2778; x_wconf 80' lang='grc' dir='ltr'>ἀρὰν</span> <span class='ocrx_word' id='word_1_202' title='bbox 976 2711 1245 2781; x_wconf 84' lang='grc' dir='ltr'>πατρικὴν</span> <span class='ocrx_word' id='word_1_203' title='bbox 1277 2712 1353 2772; x_wconf 89' lang='grc' dir='ltr'>εἰς</span> <span class='ocrx_word' id='word_1_204' title='bbox 1379 2710 1573 2775; x_wconf 87' lang='grc' dir='ltr'>παῖδας</span> <span class='ocrx_word' id='word_1_205' title='bbox 1618 2710 1874 2765; x_wconf 86' lang='grc' dir='ltr'>καταϐαί-</span> 
     </span>
    </p>
   </div>
   <div class='ocr_carea' id='block_1_31' title="bbox 306 2800 1066 2871">
    <p class='ocr_par' dir='ltr' id='par_1_31' title="bbox 306 2800 1066 2871">
     <span class='ocr_line' id='line_1_31' title="bbox 306 2800 1066 2871; baseline 0.007 -21"><span class='ocrx_word' id='word_1_206' title='bbox 306 2816 505 2853; x_wconf 86' lang='grc' dir='ltr'>νουσαν</span> <span class='ocrx_word' id='word_1_207' title='bbox 533 2801 627 2853; x_wconf 76' lang='grc' dir='ltr'><strong>καὶ</strong></span> <span class='ocrx_word' id='word_1_208' title='bbox 652 2800 905 2867; x_wconf 72' lang='grc' dir='ltr'>ἐγγόνους</span> <span class='ocrx_word' id='word_1_209' title='bbox 934 2801 1066 2871; x_wconf 83' lang='lat' dir='ltr'><strong>(6i).</strong></span> 
     </span>
    </p>
   </div>
   <div class='ocr_carea' id='block_1_32' title="bbox 378 2977 1875 3055">
    <p class='ocr_par' dir='ltr' id='par_1_32' title="bbox 378 2977 1875 3055">
     <span class='ocr_line' id='line_1_32' title="bbox 378 2977 1875 3055; baseline 0.005 -24"><span class='ocrx_word' id='word_1_210' title='bbox 378 2977 431 3033; x_wconf 86' lang='lat'><strong>5.</strong></span> <span class='ocrx_word' id='word_1_211' title='bbox 502 2978 772 3044; x_wconf 82' lang='grc' dir='ltr'>Ἀκούετε,</span> <span class='ocrx_word' id='word_1_212' title='bbox 819 2982 867 3032; x_wconf 78' lang='lat' dir='ltr'><strong>oi</strong></span> <span class='ocrx_word' id='word_1_213' title='bbox 912 2980 1186 3044; x_wconf 84' lang='grc' dir='ltr'>πλούσιοι,</span> <span class='ocrx_word' id='word_1_214' title='bbox 1227 2984 1384 3035; x_wconf 88' lang='grc' dir='ltr'>ὁποῖα</span> <span class='ocrx_word' id='word_1_215' title='bbox 1442 2984 1875 3055; x_wconf 81' lang='grc' dir='ltr'>συμϐουλεύομεν</span> 
     </span>
    </p>
   </div>
   <div class='ocr_carea' id='block_1_33' title="bbox 302 3072 1939 3169">
    <p class='ocr_par' dir='ltr' id='par_1_33' title="bbox 302 3072 1939 3169">
     <span class='ocr_line' id='line_1_33' title="bbox 302 3072 1939 3169; baseline 0.003 -47"><span class='ocrx_word' id='word_1_216' title='bbox 302 3074 415 3133; x_wconf 88' lang='grc' dir='ltr'>τοῖς</span> <span class='ocrx_word' id='word_1_217' title='bbox 454 3074 689 3140; x_wconf 88' lang='grc' dir='ltr'>πτωχοῖς</span> <span class='ocrx_word' id='word_1_218' title='bbox 728 3072 813 3124; x_wconf 90' lang='grc' dir='ltr'><strong>διά</strong></span> <span class='ocrx_word' id='word_1_219' title='bbox 857 3072 953 3142; x_wconf 84' lang='grc' dir='ltr'>τὴν</span> <span class='ocrx_word' id='word_1_220' title='bbox 997 3074 1267 3143; x_wconf 81' lang='grc' dir='ltr'>ὑμετέραν</span> <span class='ocrx_word' id='word_1_221' title='bbox 1313 3075 1702 3145; x_wconf 78' lang='grc' dir='ltr'>ἀπανθρωπίαν</span> <span class='ocrx_word' id='word_1_222' title='bbox 1726 3092 1739 3105; x_wconf 83' lang='lat'><strong><em>°</em></strong></span> <span class='ocrx_word' id='word_1_223' title='bbox 1782 3078 1873 3143; x_wconf 82' lang='grc' dir='ltr'><strong>ὲγ-</strong></span> <span class='ocrx_word' id='word_1_224' title='bbox 1898 3112 1939 3169; x_wconf 74' lang='lat' dir='ltr'><strong><em>C</em></strong></span> 
     </span>
    </p>
   </div>
   <div class='ocr_carea' id='block_1_34' title="bbox 304 3164 1870 3238">
    <p class='ocr_par' dir='ltr' id='par_1_34' title="bbox 304 3164 1870 3238">
     <span class='ocr_line' id='line_1_34' title="bbox 304 3164 1870 3238; baseline 0.004 -23"><span class='ocrx_word' id='word_1_225' title='bbox 304 3166 592 3234; x_wconf 83' lang='grc' dir='ltr'>καρτερεῖν</span> <span class='ocrx_word' id='word_1_226' title='bbox 637 3164 832 3232; x_wconf 80' lang='grc' dir='ltr'>μᾶλλον</span> <span class='ocrx_word' id='word_1_227' title='bbox 863 3168 975 3228; x_wconf 85' lang='grc' dir='ltr'>τοῖς</span> <span class='ocrx_word' id='word_1_228' title='bbox 1007 3166 1218 3229; x_wconf 83' lang='grc' dir='ltr'>δεινοῖς,</span> <span class='ocrx_word' id='word_1_229' title='bbox 1260 3168 1292 3238; x_wconf 77' lang='grc' dir='ltr'>ἢ</span> <span class='ocrx_word' id='word_1_230' title='bbox 1326 3166 1424 3229; x_wconf 74' lang='grc' dir='ltr'><strong>τὰς</strong></span> <span class='ocrx_word' id='word_1_231' title='bbox 1465 3169 1527 3220; x_wconf 88' lang='grc' dir='ltr'><strong>ἐκ</strong></span> <span class='ocrx_word' id='word_1_232' title='bbox 1561 3167 1669 3219; x_wconf 85' lang='grc' dir='ltr'><strong>τῶν</strong></span> <span class='ocrx_word' id='word_1_233' title='bbox 1697 3167 1870 3221; x_wconf 89' lang='grc' dir='ltr'>τόκων</span> 
     </span>
    </p>
   </div>
   <div class='ocr_carea' id='block_1_35' title="bbox 306 3253 1869 3331">
    <p class='ocr_par' dir='ltr' id='par_1_35' title="bbox 306 3253 1869 3331">
     <span class='ocr_line' id='line_1_35' title="bbox 306 3253 1869 3331; baseline 0.003 -24"><span class='ocrx_word' id='word_1_234' title='bbox 306 3253 594 3325; x_wconf 70' lang='grc' dir='ltr'>συμφορὰς</span> <span class='ocrx_word' id='word_1_235' title='bbox 622 3255 996 3325; x_wconf 78' lang='grc' dir='ltr'>ὑποδέχεσθαι.</span> <span class='ocrx_word' id='word_1_236' title='bbox 1031 3258 1090 3309; x_wconf 76' lang='lat' dir='ltr'><strong>Ei</strong></span> <span class='ocrx_word' id='word_1_237' title='bbox 1126 3258 1181 3309; x_wconf 74' lang='grc' dir='ltr'>δὲ</span> <span class='ocrx_word' id='word_1_238' title='bbox 1228 3258 1506 3310; x_wconf 78' lang='grc' dir='ltr'>ἐπείθεσθε</span> <span class='ocrx_word' id='word_1_239' title='bbox 1542 3259 1618 3329; x_wconf 82' lang='grc' dir='ltr'><strong>τῷ</strong></span> <span class='ocrx_word' id='word_1_240' title='bbox 1660 3261 1869 3331; x_wconf 80' lang='grc' dir='ltr'>Κυρίῳ,</span> 
     </span>
    </p>
   </div>
   <div class='ocr_carea' id='block_1_36' title="bbox 301 3346 1871 3420">
    <p class='ocr_par' dir='ltr' id='par_1_36' title="bbox 301 3346 1871 3420">
     <span class='ocr_line' id='line_1_36' title="bbox 301 3346 1871 3420; baseline 0.003 -23"><span class='ocrx_word' id='word_1_241' title='bbox 301 3346 387 3407; x_wconf 86' lang='grc' dir='ltr'><strong>τίς</strong></span> <span class='ocrx_word' id='word_1_242' title='bbox 419 3347 578 3414; x_wconf 83' lang='grc' dir='ltr'>χρεία</span> <span class='ocrx_word' id='word_1_243' title='bbox 625 3346 733 3396; x_wconf 84' lang='grc' dir='ltr'><strong>τῶν</strong></span> <span class='ocrx_word' id='word_1_244' title='bbox 762 3346 933 3414; x_wconf 86' lang='grc' dir='ltr'>λόγων</span> <span class='ocrx_word' id='word_1_245' title='bbox 966 3347 1198 3412; x_wconf 86' lang='grc' dir='ltr'>τούτων;</span> <span class='ocrx_word' id='word_1_246' title='bbox 1235 3348 1329 3411; x_wconf 90' lang='grc' dir='ltr'><strong>Τίς</strong></span> <span class='ocrx_word' id='word_1_247' title='bbox 1371 3349 1426 3401; x_wconf 75' lang='grc' dir='ltr'>δέ</span> <span class='ocrx_word' id='word_1_248' title='bbox 1476 3350 1621 3401; x_wconf 87' lang='grc' dir='ltr'>ἐστιν</span> <span class='ocrx_word' id='word_1_249' title='bbox 1661 3352 1694 3419; x_wconf 79' lang='grc' dir='ltr'>ἡ</span> <span class='ocrx_word' id='word_1_250' title='bbox 1732 3368 1871 3420; x_wconf 83' lang='grc' dir='ltr'>συμ-</span> 
     </span>
    </p>
   </div>
   <div class='ocr_carea' id='block_1_37' title="bbox 304 3433 1876 3509">
    <p class='ocr_par' dir='ltr' id='par_1_37' title="bbox 304 3433 1876 3509">
     <span class='ocr_line' id='line_1_37' title="bbox 304 3433 1876 3509; baseline 0.004 -22"><span class='ocrx_word' id='word_1_251' title='bbox 304 3435 467 3506; x_wconf 80' lang='grc' dir='ltr'>ϐουλὴ</span> <span class='ocrx_word' id='word_1_252' title='bbox 505 3434 598 3487; x_wconf 81' lang='grc' dir='ltr'>τοῦ</span> <span class='ocrx_word' id='word_1_253' title='bbox 640 3436 945 3502; x_wconf 85' lang='grc' dir='ltr'>Δεσπότου;</span> <span class='ocrx_word' id='word_1_254' title='bbox 988 3438 1267 3502; x_wconf 77' lang='grc' dir='ltr'>Δανείζετε</span> <span class='ocrx_word' id='word_1_255' title='bbox 1300 3439 1430 3509; x_wconf 77' lang='grc' dir='ltr'>παρ’</span> <span class='ocrx_word' id='word_1_256' title='bbox 1476 3433 1548 3491; x_wconf 84' lang='grc' dir='ltr'>ὧν</span> <span class='ocrx_word' id='word_1_257' title='bbox 1581 3441 1679 3493; x_wconf 83' lang='grc' dir='ltr'><strong>οὑκ</strong></span> <span class='ocrx_word' id='word_1_258' title='bbox 1726 3441 1876 3493; x_wconf 86' lang='grc' dir='ltr'>ἐλπί-</span> 
     </span>
    </p>
   </div>
   <div class='ocr_carea' id='block_1_38' title="bbox 306 3525 1874 3601">
    <p class='ocr_par' dir='ltr' id='par_1_38' title="bbox 306 3525 1874 3601">
     <span class='ocr_line' id='line_1_38' title="bbox 306 3525 1874 3601; baseline 0.002 -20"><span class='ocrx_word' id='word_1_259' title='bbox 306 3531 426 3593; x_wconf 74' lang='grc' dir='ltr'>ζετε</span> <span class='ocrx_word' id='word_1_260' title='bbox 452 3528 764 3582; x_wconf 85' lang='grc' dir='ltr'>ἀπολαϐεῖν.</span> <span class='ocrx_word' id='word_1_261' title='bbox 803 3530 911 3582; x_wconf 72' lang='grc' dir='ltr'>Καὶ</span> <span class='ocrx_word' id='word_1_262' title='bbox 944 3533 1114 3594; x_wconf 87' lang='grc' dir='ltr'>ποῖον,</span> <span class='ocrx_word' id='word_1_263' title='bbox 1149 3531 1302 3599; x_wconf 73' lang='grc' dir='ltr'>φησὶ,</span> <span class='ocrx_word' id='word_1_264' title='bbox 1332 3530 1489 3583; x_wconf 74' lang='grc' dir='ltr'>τοῦτο</span> <span class='ocrx_word' id='word_1_265' title='bbox 1518 3532 1798 3601; x_wconf 80' lang='grc' dir='ltr'>δάνεισμα,</span> <span class='ocrx_word' id='word_1_266' title='bbox 1830 3525 1874 3599; x_wconf 81' lang='grc' dir='ltr'><strong>ᾧ</strong></span> 
     </span>
    </p>
   </div>
   <div class='ocr_carea' id='block_1_39' title="bbox 304 3620 1873 3692">
    <p class='ocr_par' dir='ltr' id='par_1_39' title="bbox 304 3620 1873 3692">
     <span class='ocr_line' id='line_1_39' title="bbox 304 3620 1873 3692; baseline 0.001 -20"><span class='ocrx_word' id='word_1_267' title='bbox 304 3620 407 3688; x_wconf 83' lang='grc' dir='ltr'>τῆς</span> <span class='ocrx_word' id='word_1_268' title='bbox 449 3620 754 3684; x_wconf 84' lang='grc' dir='ltr'>ἀποδόσεως</span> <span class='ocrx_word' id='word_1_269' title='bbox 791 3621 902 3689; x_wconf 70' lang='grc'>(62)</span> <span class='ocrx_word' id='word_1_270' title='bbox 948 3621 1103 3683; x_wconf 76' lang='grc' dir='ltr'>ἐλπὶς</span> <span class='ocrx_word' id='word_1_271' title='bbox 1144 3622 1203 3673; x_wconf 86' lang='grc' dir='ltr'><strong>οὐ</strong></span> <span class='ocrx_word' id='word_1_272' title='bbox 1242 3621 1619 3684; x_wconf 75' lang='grc' dir='ltr'>συνέζευκταις</span> <span class='ocrx_word' id='word_1_273' title='bbox 1664 3623 1873 3692; x_wconf 82' lang='grc' dir='ltr'>Νόησον</span> 
     </span>
    </p>
   </div>
   <div class='ocr_carea' id='block_1_40' title="bbox 304 3711 1871 3783">
    <p class='ocr_par' dir='ltr' id='par_1_40' title="bbox 304 3711 1871 3783">
     <span class='ocr_line' id='line_1_40' title="bbox 304 3711 1871 3783; baseline 0.002 -20"><span class='ocrx_word' id='word_1_274' title='bbox 304 3715 405 3780; x_wconf 73' lang='grc' dir='ltr'><strong>τὴν</strong></span> <span class='ocrx_word' id='word_1_275' title='bbox 449 3711 675 3782; x_wconf 86' lang='grc' dir='ltr'>δύναμιν</span> <span class='ocrx_word' id='word_1_276' title='bbox 718 3711 812 3765; x_wconf 80' lang='grc' dir='ltr'>τοῦ</span> <span class='ocrx_word' id='word_1_277' title='bbox 860 3711 1045 3783; x_wconf 74' lang='grc' dir='ltr'>ῥητοῦ,</span> <span class='ocrx_word' id='word_1_278' title='bbox 1088 3713 1181 3764; x_wconf 76' lang='grc' dir='ltr'>καὶ</span> <span class='ocrx_word' id='word_1_279' title='bbox 1224 3712 1520 3782; x_wconf 84' lang='grc' dir='ltr'>θαυμάσεις</span> <span class='ocrx_word' id='word_1_280' title='bbox 1554 3714 1650 3782; x_wconf 77' lang='grc' dir='ltr'><strong>τὴν</strong></span> <span class='ocrx_word' id='word_1_281' title='bbox 1685 3714 1871 3782; x_wconf 73' lang='grc' dir='ltr'>φιλαν-</span> 
     </span>
    </p>
   </div>
   <div class='ocr_carea' id='block_1_41' title="bbox 305 3801 1874 3876">
    <p class='ocr_par' dir='ltr' id='par_1_41' title="bbox 305 3801 1874 3876">
     <span class='ocr_line' id='line_1_41' title="bbox 305 3801 1874 3876; baseline 0.002 -20"><span class='ocrx_word' id='word_1_282' title='bbox 305 3801 554 3873; x_wconf 79' lang='grc' dir='ltr'>θρωπίαν</span> <span class='ocrx_word' id='word_1_283' title='bbox 585 3801 677 3854; x_wconf 79' lang='grc' dir='ltr'><strong>τού</strong></span> <span class='ocrx_word' id='word_1_284' title='bbox 699 3802 1005 3872; x_wconf 85' lang='grc' dir='ltr'>νομοθέτου.</span> <span class='ocrx_word' id='word_1_285' title='bbox 1040 3803 1207 3856; x_wconf 84' lang='grc' dir='ltr'>Ὅταν</span> <span class='ocrx_word' id='word_1_286' title='bbox 1235 3803 1435 3874; x_wconf 84' lang='grc' dir='ltr'>πτωχῷ</span> <span class='ocrx_word' id='word_1_287' title='bbox 1472 3806 1730 3875; x_wconf 81' lang='grc' dir='ltr'>παρέχειν</span> <span class='ocrx_word' id='word_1_288' title='bbox 1750 3807 1874 3876; x_wconf 68' lang='grc' dir='ltr'>μέλα</span> 
     </span>
    </p>
   </div>
   <div class='ocr_carea' id='block_1_42' title="bbox 304 3892 1878 3966">
    <p class='ocr_par' dir='ltr' id='par_1_42' title="bbox 304 3892 1878 3966">
     <span class='ocr_line' id='line_1_42' title="bbox 304 3892 1878 3966; baseline 0.004 -22"><span class='ocrx_word' id='word_1_289' title='bbox 304 3892 404 3963; x_wconf 75' lang='grc' dir='ltr'><strong>λης</strong></span> <span class='ocrx_word' id='word_1_290' title='bbox 432 3893 519 3945; x_wconf 82' lang='grc' dir='ltr'>διὰ</span> <span class='ocrx_word' id='word_1_291' title='bbox 546 3893 637 3945; x_wconf 85' lang='grc' dir='ltr'><strong>τὸν</strong></span> <span class='ocrx_word' id='word_1_292' title='bbox 668 3893 893 3963; x_wconf 87' lang='grc' dir='ltr'>Κύριον,</span> <span class='ocrx_word' id='word_1_293' title='bbox 932 3894 991 3945; x_wconf 83' lang='grc' dir='ltr'><strong>τὸ</strong></span> <span class='ocrx_word' id='word_1_294' title='bbox 1036 3894 1166 3947; x_wconf 78' lang='grc' dir='ltr'>αὐτὸ</span> <span class='ocrx_word' id='word_1_295' title='bbox 1200 3896 1293 3947; x_wconf 72' lang='grc' dir='ltr'>καὶ</span> <span class='ocrx_word' id='word_1_296' title='bbox 1327 3895 1496 3966; x_wconf 80' lang='grc' dir='ltr'>δῶρόν</span> <span class='ocrx_word' id='word_1_297' title='bbox 1526 3898 1640 3948; x_wconf 83' lang='grc' dir='ltr'>ἐστι</span> <span class='ocrx_word' id='word_1_298' title='bbox 1674 3900 1764 3949; x_wconf 76' lang='grc' dir='ltr'><strong>καὶ</strong></span> <span class='ocrx_word' id='word_1_299' title='bbox 1792 3896 1878 3950; x_wconf 91' lang='grc' dir='ltr'>δά-</span> 
     </span>
    </p>
   </div>
   <div class='ocr_carea' id='block_1_43' title="bbox 307 3984 1877 4060">
    <p class='ocr_par' dir='ltr' id='par_1_43' title="bbox 307 3984 1877 4060">
     <span class='ocr_line' id='line_1_43' title="bbox 307 3984 1877 4060; baseline 0.003 -25"><span class='ocrx_word' id='word_1_300' title='bbox 307 4001 540 4054; x_wconf 76' lang='grc' dir='ltr'><strong>νεισμα⁹</strong></span> <span class='ocrx_word' id='word_1_301' title='bbox 567 3984 735 4054; x_wconf 81' lang='grc' dir='ltr'>δῶρον</span> <span class='ocrx_word' id='word_1_302' title='bbox 770 3985 868 4054; x_wconf 82' lang='grc' dir='ltr'><strong>μὲν</strong></span> <span class='ocrx_word' id='word_1_303' title='bbox 909 3985 995 4037; x_wconf 85' lang='grc' dir='ltr'>διὰ</span> <span class='ocrx_word' id='word_1_304' title='bbox 1036 3986 1134 4055; x_wconf 80' lang='grc' dir='ltr'>τὴν</span> <span class='ocrx_word' id='word_1_305' title='bbox 1166 3986 1509 4041; x_wconf 86' lang='grc' dir='ltr'>ἀνελπιστίαν</span> <span class='ocrx_word' id='word_1_306' title='bbox 1548 3989 1644 4052; x_wconf 77' lang='grc' dir='ltr'>τῆς</span> <span class='ocrx_word' id='word_1_307' title='bbox 1678 3989 1877 4060; x_wconf 81' lang='grc' dir='ltr'>ἀπολή-</span> 
     </span>
    </p>
   </div>
   <div class='ocr_carea' id='block_1_44' title="bbox 304 4076 1877 4150">
    <p class='ocr_par' dir='ltr' id='par_1_44' title="bbox 304 4076 1877 4150">
     <span class='ocr_line' id='line_1_44' title="bbox 304 4076 1877 4150; baseline 0.003 -23"><span class='ocrx_word' id='word_1_308' title='bbox 304 4076 472 4145; x_wconf 74' lang='grc' dir='ltr'>ψεως,</span> <span class='ocrx_word' id='word_1_309' title='bbox 497 4077 761 4145; x_wconf 78' lang='grc' dir='ltr'>δάνεισμα</span> <span class='ocrx_word' id='word_1_310' title='bbox 792 4078 848 4129; x_wconf 83' lang='grc' dir='ltr'><strong>δὲ</strong></span> <span class='ocrx_word' id='word_1_311' title='bbox 878 4076 964 4130; x_wconf 80' lang='grc' dir='ltr'>διὰ</span> <span class='ocrx_word' id='word_1_312' title='bbox 997 4076 1090 4148; x_wconf 83' lang='grc' dir='ltr'><strong>τὴν</strong></span> <span class='ocrx_word' id='word_1_313' title='bbox 1128 4077 1536 4150; x_wconf 75' lang='grc' dir='ltr'>μεγαλοδωρεὸω</span> <span class='ocrx_word' id='word_1_314' title='bbox 1566 4080 1657 4132; x_wconf 83' lang='grc' dir='ltr'>τοῦ</span> <span class='ocrx_word' id='word_1_315' title='bbox 1684 4080 1877 4133; x_wconf 84' lang='grc' dir='ltr'>Δεσπό-</span> 
     </span>
    </p>
   </div>
   <div class='ocr_carea' id='block_1_45' title="bbox 304 4167 1876 4242">
    <p class='ocr_par' dir='ltr' id='par_1_45' title="bbox 304 4167 1876 4242">
     <span class='ocr_line' id='line_1_45' title="bbox 304 4167 1876 4242; baseline 0.004 -25"><span class='ocrx_word' id='word_1_316' title='bbox 304 4184 401 4220; x_wconf 85' lang='grc' dir='ltr'><strong>του</strong></span> <span class='ocrx_word' id='word_1_317' title='bbox 435 4167 529 4219; x_wconf 81' lang='grc' dir='ltr'>τοῦ</span> <span class='ocrx_word' id='word_1_318' title='bbox 564 4168 945 4231; x_wconf 84' lang='grc' dir='ltr'>ἀποτιννύντος</span> <span class='ocrx_word' id='word_1_319' title='bbox 980 4168 1119 4240; x_wconf 84' lang='grc' dir='ltr'>ὑπὲρ</span> <span class='ocrx_word' id='word_1_320' title='bbox 1152 4168 1335 4231; x_wconf 75' lang='grc' dir='ltr'>αὑτοῦ,</span> <span class='ocrx_word' id='word_1_321' title='bbox 1376 4170 1455 4233; x_wconf 75' lang='grc' dir='ltr'>ὃς,</span> <span class='ocrx_word' id='word_1_322' title='bbox 1500 4172 1670 4242; x_wconf 83' lang='grc' dir='ltr'>μικρὰ</span> <span class='ocrx_word' id='word_1_323' title='bbox 1700 4172 1876 4224; x_wconf 84' lang='grc' dir='ltr'>λαϐὼν</span> 
     </span>
    </p>
   </div>
   <div class='ocr_carea' id='block_1_46' title="bbox 306 4257 1877 4331">
    <p class='ocr_par' dir='ltr' id='par_1_46' title="bbox 306 4257 1877 4331">
     <span class='ocr_line' id='line_1_46' title="bbox 306 4257 1877 4331; baseline 0.005 -22"><span class='ocrx_word' id='word_1_324' title='bbox 306 4257 395 4309; x_wconf 84' lang='grc' dir='ltr'>διὰ</span> <span class='ocrx_word' id='word_1_325' title='bbox 428 4258 521 4311; x_wconf 79' lang='grc' dir='ltr'>τοῦ</span> <span class='ocrx_word' id='word_1_326' title='bbox 560 4260 811 4330; x_wconf 83' lang='grc' dir='ltr'>πένητος,</span> <span class='ocrx_word' id='word_1_327' title='bbox 848 4260 1056 4330; x_wconf 87' lang='grc' dir='ltr'>μεγάλα</span> <span class='ocrx_word' id='word_1_328' title='bbox 1087 4261 1225 4331; x_wconf 82' lang='grc' dir='ltr'>ὑπὲρ</span> <span class='ocrx_word' id='word_1_329' title='bbox 1266 4262 1439 4314; x_wconf 78' lang='grc' dir='ltr'>αὐτῶν</span> <span class='ocrx_word' id='word_1_330' title='bbox 1482 4264 1767 4316; x_wconf 82' lang='grc' dir='ltr'>ἀποδώσει.</span> <span class='ocrx_word' id='word_1_331' title='bbox 1816 4265 1877 4317; x_wconf 87' lang='grc'><strong>’0</strong></span> 
     </span>
    </p>
   </div>
   <div class='ocr_carea' id='block_1_47' title="bbox 312 4352 1875 4426">
    <p class='ocr_par' dir='ltr' id='par_1_47' title="bbox 312 4352 1875 4426">
     <span class='ocr_line' id='line_1_47' title="bbox 312 4352 1875 4426; baseline 0.003 -23"><span class='ocrx_word' id='word_1_332' title='bbox 312 4352 421 4421; x_wconf 74' lang='grc' dir='ltr'>γὰρ</span> <span class='ocrx_word' id='word_1_333' title='bbox 460 4352 647 4405; x_wconf 68' lang='grc' dir='ltr'>ἐλεῶν</span> <span class='ocrx_word' id='word_1_334' title='bbox 687 4354 924 4423; x_wconf 81' lang='grc' dir='ltr'>πτωχὸν</span> <span class='ocrx_word' id='word_1_335' title='bbox 954 4354 1064 4423; x_wconf 80' lang='grc'>(65)</span> <span class='ocrx_word' id='word_1_336' title='bbox 1109 4352 1355 4413; x_wconf 78' lang='grc' dir='ltr'>δανείζει</span> <span class='ocrx_word' id='word_1_337' title='bbox 1405 4355 1544 4421; x_wconf 81' lang='grc' dir='ltr'>Θεῷ.</span> <span class='ocrx_word' id='word_1_338' title='bbox 1585 4358 1657 4408; x_wconf 74' lang='grc' dir='ltr'><strong>Οὐ</strong></span> <span class='ocrx_word' id='word_1_339' title='bbox 1701 4357 1875 4426; x_wconf 80' lang='grc' dir='ltr'>βούλει</span> 
     </span>
    </p>
   </div>
   <div class='ocr_carea' id='block_1_48' title="bbox 308 4444 1876 4520">
    <p class='ocr_par' dir='ltr' id='par_1_48' title="bbox 308 4444 1876 4520">
     <span class='ocr_line' id='line_1_48' title="bbox 308 4444 1876 4520; baseline 0.003 -25"><span class='ocrx_word' id='word_1_340' title='bbox 308 4444 400 4496; x_wconf 81' lang='grc' dir='ltr'><strong>τὸν</strong></span> <span class='ocrx_word' id='word_1_341' title='bbox 434 4444 648 4497; x_wconf 85' lang='grc' dir='ltr'>πάντων</span> <span class='ocrx_word' id='word_1_342' title='bbox 680 4446 955 4515; x_wconf 82' lang='grc' dir='ltr'>Δεσπότην</span> <span class='ocrx_word' id='word_1_343' title='bbox 997 4445 1293 4499; x_wconf 80' lang='grc' dir='ltr'>ὑπεύθυνον</span> <span class='ocrx_word' id='word_1_344' title='bbox 1326 4447 1466 4516; x_wconf 84' lang='grc' dir='ltr'>ἔχειν</span> <span class='ocrx_word' id='word_1_345' title='bbox 1506 4448 1713 4519; x_wconf 84' lang='grc' dir='ltr'>σεαυτῷ</span> <span class='ocrx_word' id='word_1_346' title='bbox 1743 4449 1876 4520; x_wconf 72' lang='grc' dir='ltr'>πρὸς</span> 
     </span>
    </p>
   </div>
   <div class='ocr_carea' id='block_1_49' title="bbox 308 4534 1878 4606">
    <p class='ocr_par' dir='ltr' id='par_1_49' title="bbox 308 4534 1878 4606">
     <span class='ocr_line' id='line_1_49' title="bbox 308 4534 1878 4606; baseline 0.006 -21"><span class='ocrx_word' id='word_1_347' title='bbox 308 4534 407 4604; x_wconf 79' lang='grc' dir='ltr'><strong>τὴν</strong></span> <span class='ocrx_word' id='word_1_348' title='bbox 438 4534 676 4599; x_wconf 82' lang='grc' dir='ltr'>ἐκτισιν;</span> <span class='ocrx_word' id='word_1_349' title='bbox 726 4537 797 4587; x_wconf 84' lang='grc' dir='ltr'><strong>Ἦ</strong></span> <span class='ocrx_word' id='word_1_350' title='bbox 832 4535 941 4587; x_wconf 81' lang='grc' dir='ltr'>τῶν</span> <span class='ocrx_word' id='word_1_351' title='bbox 973 4537 1070 4605; x_wconf 61' lang='grc' dir='ltr'><strong>μὲν</strong></span> <span class='ocrx_word' id='word_1_352' title='bbox 1101 4539 1157 4589; x_wconf 90' lang='grc' dir='ltr'><strong>ἐν</strong></span> <span class='ocrx_word' id='word_1_353' title='bbox 1198 4539 1262 4606; x_wconf 81' lang='grc' dir='ltr'>τῇ</span> <span class='ocrx_word' id='word_1_354' title='bbox 1300 4538 1449 4590; x_wconf 87' lang='grc' dir='ltr'>πόλει</span> <span class='ocrx_word' id='word_1_355' title='bbox 1491 4538 1754 4591; x_wconf 79' lang='grc' dir='ltr'>πλουσίων</span> <span class='ocrx_word' id='word_1_356' title='bbox 1784 4541 1878 4594; x_wconf 83' lang='grc' dir='ltr'><strong>ἐάν</strong></span> 
     </span>
    </p>
   </div>
   <div class='ocr_carea' id='block_1_50' title="bbox 308 4627 1877 4702">
    <p class='ocr_par' dir='ltr' id='par_1_50' title="bbox 308 4627 1877 4702">
     <span class='ocr_line' id='line_1_50' title="bbox 308 4627 1877 4702; baseline 0.004 -25"><span class='ocrx_word' id='word_1_357' title='bbox 308 4644 393 4687; x_wconf 84' lang='grc' dir='ltr'><strong>τις</strong></span> <span class='ocrx_word' id='word_1_358' title='bbox 426 4627 734 4698; x_wconf 81' lang='grc' dir='ltr'>ὁμολογήσῃ</span> <span class='ocrx_word' id='word_1_359' title='bbox 764 4645 847 4680; x_wconf 93' lang='grc' dir='ltr'><strong>σοι</strong></span> <span class='ocrx_word' id='word_1_360' title='bbox 894 4628 991 4698; x_wconf 81' lang='grc' dir='ltr'><strong>τὴν</strong></span> <span class='ocrx_word' id='word_1_361' title='bbox 1038 4629 1177 4698; x_wconf 80' lang='grc' dir='ltr'>ὑπὲρ</span> <span class='ocrx_word' id='word_1_362' title='bbox 1230 4628 1429 4699; x_wconf 82' lang='grc' dir='ltr'>ἐτέρων</span> <span class='ocrx_word' id='word_1_363' title='bbox 1472 4630 1705 4693; x_wconf 76' lang='grc' dir='ltr'>ἔκτισιν,</span> <span class='ocrx_word' id='word_1_364' title='bbox 1751 4631 1877 4702; x_wconf 77' lang='grc' dir='ltr'>δέχῃ</span> 
     </span>
    </p>
   </div>
   <div class='ocr_carea' id='block_1_51' title="bbox 311 4717 1878 4794">
    <p class='ocr_par' dir='ltr' id='par_1_51' title="bbox 311 4717 1878 4794">
     <span class='ocr_line' id='line_1_51' title="bbox 311 4717 1878 4794; baseline 0.004 -25"><span class='ocrx_word' id='word_1_365' title='bbox 311 4717 476 4770; x_wconf 77' lang='grc' dir='ltr'>αὐτοῦ</span> <span class='ocrx_word' id='word_1_366' title='bbox 508 4718 606 4789; x_wconf 79' lang='grc' dir='ltr'><strong>τὴν</strong></span> <span class='ocrx_word' id='word_1_367' title='bbox 648 4720 879 4791; x_wconf 85' lang='grc' dir='ltr'>ἐγγύην;</span> <span class='ocrx_word' id='word_1_368' title='bbox 908 4720 1043 4785; x_wconf 22' lang='grc' dir='ltr'>,Θεὸν</span> <span class='ocrx_word' id='word_1_369' title='bbox 1086 4721 1140 4773; x_wconf 84' lang='grc' dir='ltr'>δὲ</span> <span class='ocrx_word' id='word_1_370' title='bbox 1176 4722 1568 4794; x_wconf 83' lang='grc' dir='ltr'>ὑπερεκτιστὴν</span> <span class='ocrx_word' id='word_1_371' title='bbox 1596 4723 1702 4774; x_wconf 86' lang='grc' dir='ltr'><strong>τῶν</strong></span> <span class='ocrx_word' id='word_1_372' title='bbox 1736 4740 1878 4775; x_wconf 85' lang='grc' dir='ltr'>πτω-</span> 
     </span>
    </p>
   </div>
   <div class='ocr_carea' id='block_1_52' title="bbox 312 4808 1876 4885">
    <p class='ocr_par' dir='ltr' id='par_1_52' title="bbox 312 4808 1876 4885">
     <span class='ocr_line' id='line_1_52' title="bbox 312 4808 1876 4885; baseline 0.005 -26"><span class='ocrx_word' id='word_1_373' title='bbox 312 4808 422 4879; x_wconf 78' lang='grc' dir='ltr'><strong>χῶν</strong></span> <span class='ocrx_word' id='word_1_374' title='bbox 462 4809 524 4861; x_wconf 80' lang='grc' dir='ltr'>οὐ</span> <span class='ocrx_word' id='word_1_375' title='bbox 560 4812 863 4882; x_wconf 89' lang='grc' dir='ltr'>προσίεσαι.</span> <span class='ocrx_word' id='word_1_376' title='bbox 907 4813 1004 4875; x_wconf 73' lang='grc' dir='ltr'><strong>Δὸς</strong></span> <span class='ocrx_word' id='word_1_377' title='bbox 1037 4812 1096 4864; x_wconf 82' lang='grc' dir='ltr'><strong>τὸ</strong></span> <span class='ocrx_word' id='word_1_378' title='bbox 1130 4814 1252 4883; x_wconf 76' lang='grc' dir='ltr'>εἰκῆ</span> <span class='ocrx_word' id='word_1_379' title='bbox 1301 4814 1550 4883; x_wconf 82' lang='grc' dir='ltr'>κείμενον</span> <span class='ocrx_word' id='word_1_380' title='bbox 1597 4814 1876 4885; x_wconf 87' lang='grc' dir='ltr'>ἀργύριον,</span> 
     </span>
    </p>
   </div>
   <div class='ocr_carea' id='block_1_53' title="bbox 388 5006 1497 5073">
    <p class='ocr_par' dir='ltr' id='par_1_53' title="bbox 388 5006 1497 5073">
     <span class='ocr_line' id='line_1_53' title="bbox 388 5006 1497 5073; baseline -0.002 -11"><span class='ocrx_word' id='word_1_381' title='bbox 388 5006 434 5038; x_wconf 81' lang='grc'><strong><em>³⁸</em></strong></span> <span class='ocrx_word' id='word_1_382' title='bbox 453 5006 587 5062; x_wconf 89' lang='lat' dir='ltr'><strong>Luc.</strong></span> <span class='ocrx_word' id='word_1_383' title='bbox 625 5023 696 5073; x_wconf 89' lang='lat' dir='ltr'><strong>vt,</strong></span> <span class='ocrx_word' id='word_1_384' title='bbox 727 5007 817 5072; x_wconf 69' lang='lat'><strong>54,</strong></span> <span class='ocrx_word' id='word_1_385' title='bbox 844 5007 933 5064; x_wconf 83' lang='grc'><strong>55.</strong></span> <span class='ocrx_word' id='word_1_386' title='bbox 1009 5007 1051 5038; x_wconf 87' lang='grc'>³⁷</span> <span class='ocrx_word' id='word_1_387' title='bbox 1074 5008 1232 5061; x_wconf 78' lang='lat' dir='ltr'><strong>Prov.</strong></span> <span class='ocrx_word' id='word_1_388' title='bbox 1263 5022 1376 5070; x_wconf 78' lang='lat' dir='ltr'><strong>xix,</strong></span> <span class='ocrx_word' id='word_1_389' title='bbox 1415 5008 1497 5066; x_wconf 87' lang='lat' dir='ltr'><strong>l7.</strong></span> 
     </span>
    </p>
   </div>
   <div class='ocr_carea' id='block_1_54' title="bbox 390 5184 1179 5253">
    <p class='ocr_par' dir='ltr' id='par_1_54' title="bbox 390 5184 1179 5253">
     <span class='ocr_line' id='line_1_54' title="bbox 390 5184 1179 5253; baseline 0.006 -15"><span class='ocrx_word' id='word_1_390' title='bbox 390 5184 500 5253; x_wconf 75' lang='grc'>(57)</span> <span class='ocrx_word' id='word_1_391' title='bbox 523 5185 670 5239; x_wconf 90' lang='lat' dir='ltr'><strong>Colb.</strong></span> <span class='ocrx_word' id='word_1_392' title='bbox 706 5196 924 5240; x_wconf 89' lang='lat' dir='ltr'><strong>octavus</strong></span> <span class='ocrx_word' id='word_1_393' title='bbox 956 5189 1179 5243; x_wconf 87' lang='grc' dir='ltr'>διαλύει.</span> 
     </span>
    </p>
   </div>
   <div class='ocr_carea' id='block_1_55' title="bbox 390 5255 1885 5331">
    <p class='ocr_par' dir='ltr' id='par_1_55' title="bbox 390 5255 1885 5331">
     <span class='ocr_line' id='line_1_55' title="bbox 390 5255 1885 5331; baseline 0.003 -23"><span class='ocrx_word' id='word_1_394' title='bbox 390 5255 500 5331; x_wconf 75' lang='grc'>(58)</span> <span class='ocrx_word' id='word_1_395' title='bbox 530 5256 620 5309; x_wconf 82' lang='lat' dir='ltr'><strong>Sic</strong></span> <span class='ocrx_word' id='word_1_396' title='bbox 643 5256 806 5331; x_wconf 66' lang='lat' dir='ltr'><strong>Bcgii</strong></span> <span class='ocrx_word' id='word_1_397' title='bbox 842 5260 1033 5331; x_wconf 85' lang='lat' dir='ltr'><strong>tertius</strong></span> <span class='ocrx_word' id='word_1_398' title='bbox 1060 5272 1108 5331; x_wconf 82' lang='lat' dir='ltr'><strong>et</strong></span> <span class='ocrx_word' id='word_1_399' title='bbox 1159 5270 1368 5313; x_wconf 79' lang='lat' dir='ltr'><strong>sextus.</strong></span> <span class='ocrx_word' id='word_1_400' title='bbox 1406 5260 1537 5331; x_wconf 83' lang='lat' dir='ltr'><strong>Reg.</strong></span> <span class='ocrx_word' id='word_1_401' title='bbox 1564 5268 1784 5331; x_wconf 79' lang='lat' dir='ltr'><strong>quartus</strong></span> <span class='ocrx_word' id='word_1_402' title='bbox 1830 5267 1885 5313; x_wconf 86' lang='lat' dir='ltr'><strong>et</strong></span> 
     </span>
    </p>
   </div>
   <div class='ocr_carea' id='block_1_56' title="bbox 314 5324 1882 5405">
    <p class='ocr_par' dir='ltr' id='par_1_56' title="bbox 314 5324 1882 5405">
     <span class='ocr_line' id='line_1_56' title="bbox 314 5324 1882 5405; baseline 0.001 -26"><span class='ocrx_word' id='word_1_403' title='bbox 314 5324 782 5405; x_wconf 27' lang='lat' dir='ltr'><strong>Cnlb._&#39;.se.pti_u&#39;tus</strong></span> <span class='ocrx_word' id='word_1_404' title='bbox 814 5342 910 5396; x_wconf 85' lang='lat' dir='ltr'><strong>pro</strong></span> <span class='ocrx_word' id='word_1_405' title='bbox 948 5328 1240 5405; x_wconf 54' lang='lat' dir='ltr'><strong>sgeptbvteq</strong></span> <span class='ocrx_word' id='word_1_406' title='bbox 1294 5324 1513 5405; x_wconf 42' lang='lat' dir='ltr'><strong>habent&quot;</strong></span> <span class='ocrx_word' id='word_1_407' title='bbox 1541 5324 1882 5405; x_wconf 76' lang='grc' dir='ltr'>ἐξεμοῦντες,</span> 
     </span>
    </p>
   </div>
   <div class='ocr_carea' id='block_1_57' title="bbox 320 5394 1883 5471">
    <p class='ocr_par' dir='ltr' id='par_1_57' title="bbox 320 5394 1883 5471">
     <span class='ocr_line' id='line_1_57' title="bbox 320 5394 1883 5471; baseline 0.002 -24"><span class='ocrx_word' id='word_1_408' title='bbox 320 5410 427 5447; x_wconf 87' lang='lat' dir='ltr'><strong>non</strong></span> <span class='ocrx_word' id='word_1_409' title='bbox 456 5394 723 5471; x_wconf 81' lang='lat' dir='ltr'><strong>dissitnili_</strong></span> <span class='ocrx_word' id='word_1_410' title='bbox 742 5394 925 5452; x_wconf 78' lang='lat' dir='ltr'><strong>sensu.</strong></span> <span class='ocrx_word' id='word_1_411' title='bbox 964 5394 1105 5471; x_wconf 66' lang='grc' dir='ltr'><strong>ΕεΙίιὶ</strong></span> <span class='ocrx_word' id='word_1_412' title='bbox 1136 5401 1497 5471; x_wconf 79' lang='grc' dir='ltr'>ἐξαιροῦντες,</span> <span class='ocrx_word' id='word_1_413' title='bbox 1560 5394 1715 5471; x_wconf 75' lang='lat' dir='ltr'><strong>male.</strong></span> <span class='ocrx_word' id='word_1_414' title='bbox 1746 5401 1883 5471; x_wconf 12' lang='grc' dir='ltr'>,Λιι-</span> 
     </span>
    </p>
   </div>
   <div class='ocr_carea' id='block_1_58' title="bbox 314 5464 1880 5542">
    <p class='ocr_par' dir='ltr' id='par_1_58' title="bbox 314 5464 1880 5542">
     <span class='ocr_line' id='line_1_58' title="bbox 314 5464 1880 5542; baseline 0.005 -29"><span class='ocrx_word' id='word_1_415' title='bbox 314 5474 665 5542; x_wconf 79' lang='lat' dir='ltr'><strong>quanto_po_s_t</strong></span> <span class='ocrx_word' id='word_1_416' title='bbox 689 5464 822 5534; x_wconf 77' lang='lat' dir='ltr'><strong>Reg.</strong></span> <span class='ocrx_word' id='word_1_417' title='bbox 853 5470 1040 5523; x_wconf 87' lang='lat' dir='ltr'><strong>tertius</strong></span> <span class='ocrx_word' id='word_1_418' title='bbox 1069 5464 1197 5541; x_wconf 78' lang='grc' dir='ltr'>πρὶν</span> <span class='ocrx_word' id='word_1_419' title='bbox 1226 5464 1712 5542; x_wconf 72' lang='grc' dir='ltr'>ἐκκαρθῆναι.ΜοΧ</span> <span class='ocrx_word' id='word_1_420' title='bbox 1743 5470 1880 5523; x_wconf 85' lang='lat' dir='ltr'><strong>idem</strong></span> 
     </span>
    </p>
   </div>
   <div class='ocr_carea' id='block_1_59' title="bbox 315 5534 819 5589">
    <p class='ocr_par' dir='ltr' id='par_1_59' title="bbox 315 5534 819 5589">
     <span class='ocr_line' id='line_1_59' title="bbox 315 5534 819 5589; baseline 0.006 -3"><span class='ocrx_word' id='word_1_421' title='bbox 315 5536 480 5586; x_wconf 80' lang='lat' dir='ltr'><strong>codex</strong></span> <span class='ocrx_word' id='word_1_422' title='bbox 516 5534 819 5589; x_wconf 87' lang='grc' dir='ltr'>ἀπώλεσαν.</span> 
     </span>
    </p>
   </div>
   <div class='ocr_carea' id='block_1_60' title="bbox 384 5602 1879 5677">
    <p class='ocr_par' dir='ltr' id='par_1_60' title="bbox 384 5602 1879 5677">
     <span class='ocr_line' id='line_1_60' title="bbox 384 5602 1879 5677; baseline 0.002 -20"><span class='ocrx_word' id='word_1_423' title='bbox 384 5602 499 5674; x_wconf 83' lang='grc'>(59)</span> <span class='ocrx_word' id='word_1_424' title='bbox 534 5608 597 5658; x_wconf 79' lang='grc' dir='ltr'><strong>Οἱ</strong></span> <span class='ocrx_word' id='word_1_425' title='bbox 650 5604 777 5677; x_wconf 48' lang='grc' dir='ltr'><strong>τὴνᾷ</strong></span> <span class='ocrx_word' id='word_1_426' title='bbox 814 5606 912 5659; x_wconf 76' lang='grc' dir='ltr'>ἐπὶ</span> <span class='ocrx_word' id='word_1_427' title='bbox 960 5609 1087 5674; x_wconf 75' lang='grc' dir='ltr'>ταῖς</span> <span class='ocrx_word' id='word_1_428' title='bbox 1131 5609 1532 5676; x_wconf 76' lang='grc' dir='ltr'>ἀπαιτήσεσιν</span> <span class='ocrx_word' id='word_1_429' title='bbox 1580 5609 1879 5677; x_wconf 79' lang='grc' dir='ltr'>αἰσχύνην</span> 
     </span>
    </p>
   </div>
   <div class='ocr_carea' id='block_1_61' title="bbox 311 5672 1874 5749">
    <p class='ocr_par' dir='ltr' id='par_1_61' title="bbox 311 5672 1874 5749">
     <span class='ocr_line' id='line_1_61' title="bbox 311 5672 1874 5749; baseline -0.012 -4"><span class='ocrx_word' id='word_1_430' title='bbox 311 5672 419 5749; x_wconf 63' lang='grc' dir='ltr'><strong>«μὴΔ</strong></span> <span class='ocrx_word' id='word_1_431' title='bbox 436 5672 1074 5749; x_wconf 13' lang='grc' dir='ltr'><strong>ῼὝέρρντεςιιθςθηόιηηῖ</strong></span> <span class='ocrx_word' id='word_1_432' title='bbox 1093 5685 1293 5749; x_wconf 74' lang='lat' dir='ltr'><strong>potius,</strong></span> <span class='ocrx_word' id='word_1_433' title='bbox 1321 5672 1377 5733; x_wconf 86' lang='lat' dir='ltr'><strong>ut</strong></span> <span class='ocrx_word' id='word_1_434' title='bbox 1405 5683 1458 5734; x_wconf 91' lang='lat' dir='ltr'><strong>iu</strong></span> <span class='ocrx_word' id='word_1_435' title='bbox 1482 5684 1665 5734; x_wconf 88' lang='lat' dir='ltr'><strong>eodem</strong></span> <span class='ocrx_word' id='word_1_436' title='bbox 1685 5672 1874 5749; x_wconf 32' lang='lat' dir='ltr'><strong>serui},</strong></span> 
     </span>
    </p>
   </div>
   <div class='ocr_carea' id='block_1_62' title="bbox 318 5744 1876 5817">
    <p class='ocr_par' dir='ltr' id='par_1_62' title="bbox 318 5744 1876 5817">
     <span class='ocr_line' id='line_1_62' title="bbox 318 5744 1876 5817; baseline 0.003 -21"><span class='ocrx_word' id='word_1_437' title='bbox 318 5760 370 5811; x_wconf 85' lang='lat' dir='ltr'><strong>p.</strong></span> <span class='ocrx_word' id='word_1_438' title='bbox 396 5744 517 5811; x_wconf 69' lang='grc'><strong>496,</strong></span> <span class='ocrx_word' id='word_1_439' title='bbox 554 5746 942 5817; x_wconf 76' lang='grc' dir='ltr'>ἀπαντήσεσιν,</span> <span class='ocrx_word' id='word_1_440' title='bbox 979 5744 1387 5805; x_wconf 66' lang='grc' dir='ltr'>ναάὲἓιιοηίοναηι</span> <span class='ocrx_word' id='word_1_441' title='bbox 1415 5753 1635 5806; x_wconf 78' lang='lat' dir='ltr'><strong>dedecus</strong></span> <span class='ocrx_word' id='word_1_442' title='bbox 1670 5766 1770 5802; x_wconf 79' lang='lat' dir='ltr'><strong>nou</strong></span> <span class='ocrx_word' id='word_1_443' title='bbox 1801 5748 1876 5817; x_wconf 74' lang='lat' dir='ltr'><strong>fe-</strong></span> 
     </span>
    </p>
   </div>
   <div class='ocr_carea' id='block_1_63' title="bbox 1972 522 3531 594">
    <p class='ocr_par' dir='ltr' id='par_1_63' title="bbox 1972 522 3531 594">
     <span class='ocr_line' id='line_1_63' title="bbox 1972 522 3531 594; baseline -0.001 -17"><span class='ocrx_word' id='word_1_444' title='bbox 1972 539 2077 592; x_wconf 89' lang='lat' dir='ltr'><strong>que</strong></span> <span class='ocrx_word' id='word_1_445' title='bbox 2126 524 2237 594; x_wconf 77' lang='lat' dir='ltr'><strong>iugi</strong></span> <span class='ocrx_word' id='word_1_446' title='bbox 2289 523 2413 576; x_wconf 90' lang='lat' dir='ltr'><strong>mali</strong></span> <span class='ocrx_word' id='word_1_447' title='bbox 2447 524 2789 576; x_wconf 82' lang='lat' dir='ltr'><strong>successione</strong></span> <span class='ocrx_word' id='word_1_448' title='bbox 2817 523 3127 592; x_wconf 75' lang='lat' dir='ltr'><strong>requisitam</strong></span> <span class='ocrx_word' id='word_1_449' title='bbox 3164 523 3229 573; x_wconf 89' lang='lat' dir='ltr'><strong>ad</strong></span> <span class='ocrx_word' id='word_1_450' title='bbox 3258 522 3531 589; x_wconf 79' lang='lat' dir='ltr'><strong>accipien-</strong></span> 
     </span>
    </p>
   </div>
   <div class='ocr_carea' id='block_1_64' title="bbox 1970 611 3529 683">
    <p class='ocr_par' dir='ltr' id='par_1_64' title="bbox 1970 611 3529 683">
     <span class='ocr_line' id='line_1_64' title="bbox 1970 611 3529 683; baseline -0.003 -14"><span class='ocrx_word' id='word_1_451' title='bbox 1970 618 2094 669; x_wconf 91' lang='lat' dir='ltr'><strong>dum</strong></span> <span class='ocrx_word' id='word_1_452' title='bbox 2131 617 2287 670; x_wconf 97' lang='lat' dir='ltr'><strong>ﬁdem</strong></span> <span class='ocrx_word' id='word_1_453' title='bbox 2316 615 2412 668; x_wconf 89' lang='lat' dir='ltr'><strong>sibi</strong></span> <span class='ocrx_word' id='word_1_454' title='bbox 2446 616 2556 683; x_wconf 90' lang='lat' dir='ltr'><strong>ipse</strong></span> <span class='ocrx_word' id='word_1_455' title='bbox 2607 628 2945 683; x_wconf 77' lang='lat' dir='ltr'><strong>comparans.</strong></span> <span class='ocrx_word' id='word_1_456' title='bbox 2981 612 3177 666; x_wconf 79' lang='lat' dir='ltr'><strong>Deinde</strong></span> <span class='ocrx_word' id='word_1_457' title='bbox 3207 614 3345 669; x_wconf 82' lang='lat' dir='ltr'><strong>sicut</strong></span> <span class='ocrx_word' id='word_1_458' title='bbox 3380 614 3413 664; x_wconf 90' lang='lat' dir='ltr'><strong>ii</strong></span> <span class='ocrx_word' id='word_1_459' title='bbox 3441 611 3529 679; x_wconf 61' lang='lat' dir='ltr'><strong>qvi</strong></span> 
     </span>
    </p>
   </div>
   <div class='ocr_carea' id='block_1_65' title="bbox 1970 707 3527 776">
    <p class='ocr_par' dir='ltr' id='par_1_65' title="bbox 1970 707 3527 776">
     <span class='ocr_line' id='line_1_65' title="bbox 1970 707 3527 776; baseline -0.004 -13"><span class='ocrx_word' id='word_1_460' title='bbox 1970 709 2189 763; x_wconf 87' lang='lat' dir='ltr'><strong>cholera</strong></span> <span class='ocrx_word' id='word_1_461' title='bbox 2222 708 2482 769; x_wconf 88' lang='lat' dir='ltr'><strong>laborant,</strong></span> <span class='ocrx_word' id='word_1_462' title='bbox 2522 708 2570 759; x_wconf 91' lang='lat' dir='ltr'><strong>id</strong></span> <span class='ocrx_word' id='word_1_463' title='bbox 2627 722 2840 776; x_wconf 87' lang='lat' dir='ltr'><strong>semper</strong></span> <span class='ocrx_word' id='word_1_464' title='bbox 2890 707 3029 775; x_wconf 90' lang='lat' dir='ltr'><strong>quod</strong></span> <span class='ocrx_word' id='word_1_465' title='bbox 3090 715 3215 758; x_wconf 87' lang='lat' dir='ltr'><strong>ante</strong></span> <span class='ocrx_word' id='word_1_466' title='bbox 3257 716 3527 773; x_wconf 90' lang='lat' dir='ltr'><strong>sumptum</strong></span> 
     </span>
    </p>
   </div>
   <div class='ocr_carea' id='block_1_66' title="bbox 1971 796 3527 867">
    <p class='ocr_par' dir='ltr' id='par_1_66' title="bbox 1971 796 3527 867">
     <span class='ocr_line' id='line_1_66' title="bbox 1971 796 3527 867; baseline -0.004 -13"><span class='ocrx_word' id='word_1_467' title='bbox 1971 810 2052 854; x_wconf 90' lang='lat' dir='ltr'><strong>est</strong></span> <span class='ocrx_word' id='word_1_468' title='bbox 2100 798 2343 867; x_wconf 79' lang='lat' dir='ltr'><strong>ejiciunt,</strong></span> <span class='ocrx_word' id='word_1_469' title='bbox 2394 807 2449 851; x_wconf 91' lang='lat' dir='ltr'><strong>et</strong></span> <span class='ocrx_word' id='word_1_470' title='bbox 2510 798 2957 866; x_wconf 85' lang='lat' dir='ltr'><strong>quemadmodum</strong></span> <span class='ocrx_word' id='word_1_471' title='bbox 3004 798 3046 850; x_wconf 91' lang='lat' dir='ltr'><strong>si</strong></span> <span class='ocrx_word' id='word_1_472' title='bbox 3096 806 3220 849; x_wconf 88' lang='lat' dir='ltr'><strong>ante</strong></span> <span class='ocrx_word' id='word_1_473' title='bbox 3266 796 3527 863; x_wconf 82' lang='lat' dir='ltr'><strong>integram</strong></span> 
     </span>
    </p>
   </div>
   <div class='ocr_carea' id='block_1_67' title="bbox 1971 889 3530 961">
    <p class='ocr_par' dir='ltr' id='par_1_67' title="bbox 1971 889 3530 961">
     <span class='ocr_line' id='line_1_67' title="bbox 1971 889 3530 961; baseline -0.003 -16"><span class='ocrx_word' id='word_1_474' title='bbox 1971 891 2344 961; x_wconf 74' lang='lat' dir='ltr'><strong>purgationem</strong></span> <span class='ocrx_word' id='word_1_475' title='bbox 2390 891 2567 944; x_wconf 85' lang='lat' dir='ltr'><strong>cibum</strong></span> <span class='ocrx_word' id='word_1_476' title='bbox 2618 891 2840 942; x_wconf 85' lang='lat' dir='ltr'><strong>alterum</strong></span> <span class='ocrx_word' id='word_1_477' title='bbox 2883 889 3121 957; x_wconf 91' lang='lat' dir='ltr'><strong>capiunt,</strong></span> <span class='ocrx_word' id='word_1_478' title='bbox 3160 889 3299 941; x_wconf 91' lang='lat' dir='ltr'><strong>hunc</strong></span> <span class='ocrx_word' id='word_1_479' title='bbox 3345 902 3530 941; x_wconf 79' lang='lat' dir='ltr'><strong>rursus</strong></span> 
     </span>
    </p>
   </div>
   <div class='ocr_carea' id='block_1_68' title="bbox 1970 980 3530 1047">
    <p class='ocr_par' dir='ltr' id='par_1_68' title="bbox 1970 980 3530 1047">
     <span class='ocr_line' id='line_1_68' title="bbox 1970 980 3530 1047; baseline -0.005 -9"><span class='ocrx_word' id='word_1_480' title='bbox 1970 999 2089 1038; x_wconf 90' lang='lat' dir='ltr'><strong>cum</strong></span> <span class='ocrx_word' id='word_1_481' title='bbox 2142 983 2343 1047; x_wconf 83' lang='lat' dir='ltr'><strong>dolore,</strong></span> <span class='ocrx_word' id='word_1_482' title='bbox 2397 994 2450 1036; x_wconf 90' lang='lat' dir='ltr'><strong>et</strong></span> <span class='ocrx_word' id='word_1_483' title='bbox 2509 998 2627 1034; x_wconf 86' lang='lat' dir='ltr'><strong>cum</strong></span> <span class='ocrx_word' id='word_1_484' title='bbox 2684 997 2971 1035; x_wconf 81' lang='lat' dir='ltr'><strong>nervorum</strong></span> <span class='ocrx_word' id='word_1_485' title='bbox 3015 980 3362 1035; x_wconf 90' lang='lat' dir='ltr'><strong>convulsioue</strong></span> <span class='ocrx_word' id='word_1_486' title='bbox 3402 995 3530 1033; x_wconf 85' lang='lat' dir='ltr'><strong>evo-</strong></span> 
     </span>
    </p>
   </div>
   <div class='ocr_carea' id='block_1_69' title="bbox 1972 1071 3531 1130">
    <p class='ocr_par' dir='ltr' id='par_1_69' title="bbox 1972 1071 3531 1130">
     <span class='ocr_line' id='line_1_69' title="bbox 1972 1071 3531 1130; baseline 0 -7"><span class='ocrx_word' id='word_1_487' title='bbox 1972 1083 2125 1125; x_wconf 90' lang='lat' dir='ltr'><strong>munt</strong></span> <span class='ocrx_word' id='word_1_488' title='bbox 2155 1091 2167 1125; x_wconf 93' lang='lat'><strong>:</strong></span> <span class='ocrx_word' id='word_1_489' title='bbox 2201 1074 2270 1125; x_wconf 91' lang='lat' dir='ltr'><strong>ita</strong></span> <span class='ocrx_word' id='word_1_490' title='bbox 2298 1081 2351 1125; x_wconf 91' lang='lat' dir='ltr'><strong>et</strong></span> <span class='ocrx_word' id='word_1_491' title='bbox 2383 1073 2435 1125; x_wconf 89' lang='lat' dir='ltr'><strong>hi</strong></span> <span class='ocrx_word' id='word_1_492' title='bbox 2472 1072 2643 1125; x_wconf 66' lang='lat' dir='ltr'><strong>{mnus</strong></span> <span class='ocrx_word' id='word_1_493' title='bbox 2674 1071 2877 1124; x_wconf 60' lang='lat' dir='ltr'><strong>faenore</strong></span> <span class='ocrx_word' id='word_1_494' title='bbox 2903 1080 3313 1130; x_wconf 86' lang='lat' dir='ltr'><strong>couuuutautes,</strong></span> <span class='ocrx_word' id='word_1_495' title='bbox 3343 1078 3396 1123; x_wconf 87' lang='lat' dir='ltr'><strong>et</strong></span> <span class='ocrx_word' id='word_1_496' title='bbox 3432 1086 3531 1123; x_wconf 81' lang='lat' dir='ltr'><strong>an-</strong></span> 
     </span>
    </p>
   </div>
   <div class='ocr_carea' id='block_1_70' title="bbox 1972 1160 3530 1229">
    <p class='ocr_par' dir='ltr' id='par_1_70' title="bbox 1972 1160 3530 1229">
     <span class='ocr_line' id='line_1_70' title="bbox 1972 1160 3530 1229; baseline 0.001 -16"><span class='ocrx_word' id='word_1_497' title='bbox 1972 1171 2189 1229; x_wconf 90' lang='lat' dir='ltr'><strong>tequam</strong></span> <span class='ocrx_word' id='word_1_498' title='bbox 2221 1162 2429 1229; x_wconf 85' lang='lat' dir='ltr'><strong>priores</strong></span> <span class='ocrx_word' id='word_1_499' title='bbox 2458 1177 2633 1213; x_wconf 74' lang='lat' dir='ltr'><strong>usurze</strong></span> <span class='ocrx_word' id='word_1_500' title='bbox 2673 1171 2984 1229; x_wconf 75' lang='lat' dir='ltr'><strong>purgentur,</strong></span> <span class='ocrx_word' id='word_1_501' title='bbox 3009 1160 3230 1213; x_wconf 80' lang='lat' dir='ltr'><strong>alteram</strong></span> <span class='ocrx_word' id='word_1_502' title='bbox 3266 1160 3530 1228; x_wconf 88' lang='lat' dir='ltr'><strong>adjicien-</strong></span> 
     </span>
    </p>
   </div>
   <div class='ocr_carea' id='block_1_71' title="bbox 1974 1245 3529 1318">
    <p class='ocr_par' dir='ltr' id='par_1_71' title="bbox 1974 1245 3529 1318">
     <span class='ocr_line' id='line_1_71' title="bbox 1974 1245 3529 1318; baseline -0.002 -16"><span class='ocrx_word' id='word_1_503' title='bbox 1974 1260 2075 1312; x_wconf 85' lang='lat' dir='ltr'><strong>tes,</strong></span> <span class='ocrx_word' id='word_1_504' title='bbox 2116 1264 2405 1318; x_wconf 83' lang='lat' dir='ltr'><strong>parumper</strong></span> <span class='ocrx_word' id='word_1_505' title='bbox 2432 1249 2484 1301; x_wconf 94' lang='lat' dir='ltr'><strong>in</strong></span> <span class='ocrx_word' id='word_1_506' title='bbox 2541 1249 2733 1301; x_wconf 86' lang='lat' dir='ltr'><strong>alienis</strong></span> <span class='ocrx_word' id='word_1_507' title='bbox 2775 1248 3007 1315; x_wconf 74' lang='lat' dir='ltr'><strong>gloriati,</strong></span> <span class='ocrx_word' id='word_1_508' title='bbox 3050 1259 3159 1299; x_wconf 91' lang='lat' dir='ltr'><strong>tum</strong></span> <span class='ocrx_word' id='word_1_509' title='bbox 3202 1248 3411 1299; x_wconf 90' lang='lat' dir='ltr'><strong>demum</strong></span> <span class='ocrx_word' id='word_1_510' title='bbox 3455 1245 3529 1300; x_wconf 85' lang='lat' dir='ltr'><strong>rei</strong></span> 
     </span>
    </p>
   </div>
   <div class='ocr_carea' id='block_1_72' title="bbox 1971 1337 3533 1409">
    <p class='ocr_par' dir='ltr' id='par_1_72' title="bbox 1971 1337 3533 1409">
     <span class='ocr_line' id='line_1_72' title="bbox 1971 1337 3533 1409; baseline -0.002 -15"><span class='ocrx_word' id='word_1_511' title='bbox 1971 1342 2130 1394; x_wconf 89' lang='lat' dir='ltr'><strong>etiam</strong></span> <span class='ocrx_word' id='word_1_512' title='bbox 2161 1339 2443 1393; x_wconf 81' lang='lat' dir='ltr'><strong>familiaris</strong></span> <span class='ocrx_word' id='word_1_513' title='bbox 2488 1341 2756 1409; x_wconf 83' lang='lat' dir='ltr'><strong>jacturam</strong></span> <span class='ocrx_word' id='word_1_514' title='bbox 2816 1340 3019 1409; x_wconf 81' lang='lat' dir='ltr'><strong>lugent.</strong></span> <span class='ocrx_word' id='word_1_515' title='bbox 3054 1337 3097 1393; x_wconf 92' lang='lat'>0</span> <span class='ocrx_word' id='word_1_516' title='bbox 3131 1348 3259 1405; x_wconf 91' lang='lat' dir='ltr'><strong>quot</strong></span> <span class='ocrx_word' id='word_1_517' title='bbox 3289 1339 3533 1391; x_wconf 86' lang='lat' dir='ltr'><strong>homines</strong></span> 
     </span>
    </p>
   </div>
   <div class='ocr_carea' id='block_1_73' title="bbox 1970 1429 3533 1497">
    <p class='ocr_par' dir='ltr' id='par_1_73' title="bbox 1970 1429 3533 1497">
     <span class='ocr_line' id='line_1_73' title="bbox 1970 1429 3533 1497; baseline -0.001 -14"><span class='ocrx_word' id='word_1_518' title='bbox 1970 1431 2321 1497; x_wconf 88' lang='lat' dir='ltr'><strong>perdiderunt</strong></span> <span class='ocrx_word' id='word_1_519' title='bbox 2350 1429 2523 1482; x_wconf 85' lang='lat' dir='ltr'><strong>aliena</strong></span> <span class='ocrx_word' id='word_1_520' title='bbox 2562 1430 2729 1484; x_wconf 82' lang='lat' dir='ltr'><strong>bona!</strong></span> <span class='ocrx_word' id='word_1_521' title='bbox 2777 1429 2918 1496; x_wconf 86' lang='lat' dir='ltr'><strong>Quot</strong></span> <span class='ocrx_word' id='word_1_522' title='bbox 2954 1430 3003 1482; x_wconf 96' lang='lat' dir='ltr'><strong>in</strong></span> <span class='ocrx_word' id='word_1_523' title='bbox 3042 1430 3243 1483; x_wconf 86' lang='lat' dir='ltr'><strong>somnis</strong></span> <span class='ocrx_word' id='word_1_524' title='bbox 3277 1429 3453 1490; x_wconf 89' lang='lat' dir='ltr'><strong>ditati,</strong></span> <span class='ocrx_word' id='word_1_525' title='bbox 3478 1429 3533 1482; x_wconf 91' lang='lat' dir='ltr'><strong>in</strong></span> 
     </span>
    </p>
   </div>
   <div class='ocr_carea' id='block_1_74' title="bbox 1971 1521 3534 1577">
    <p class='ocr_par' dir='ltr' id='par_1_74' title="bbox 1971 1521 3534 1577">
     <span class='ocr_line' id='line_1_74' title="bbox 1971 1521 3534 1577; baseline -0.003 0"><span class='ocrx_word' id='word_1_526' title='bbox 1971 1538 2239 1577; x_wconf 75' lang='lat' dir='ltr'><strong>aerumnas</strong></span> <span class='ocrx_word' id='word_1_527' title='bbox 2282 1531 2336 1577; x_wconf 92' lang='lat' dir='ltr'><strong>et</strong></span> <span class='ocrx_word' id='word_1_528' title='bbox 2385 1523 2719 1576; x_wconf 79' lang='lat' dir='ltr'><strong>calamitates</strong></span> <span class='ocrx_word' id='word_1_529' title='bbox 2766 1522 3026 1575; x_wconf 82' lang='lat' dir='ltr'><strong>maximas</strong></span> <span class='ocrx_word' id='word_1_530' title='bbox 3075 1521 3403 1575; x_wconf 83' lang='lat' dir='ltr'><strong>inciderunt!</strong></span> <span class='ocrx_word' id='word_1_531' title='bbox 3439 1522 3534 1573; x_wconf 84' lang='lat' dir='ltr'><strong>At-</strong></span> 
     </span>
    </p>
   </div>
   <div class='ocr_carea' id='block_1_75' title="bbox 1974 1610 3530 1682">
    <p class='ocr_par' dir='ltr' id='par_1_75' title="bbox 1974 1610 3530 1682">
     <span class='ocr_line' id='line_1_75' title="bbox 1974 1610 3530 1682; baseline 0 -18"><span class='ocrx_word' id='word_1_532' title='bbox 1974 1614 2085 1682; x_wconf 92' lang='lat' dir='ltr'><strong>qui,</strong></span> <span class='ocrx_word' id='word_1_533' title='bbox 2128 1613 2328 1682; x_wconf 88' lang='lat' dir='ltr'><strong>inquis,</strong></span> <span class='ocrx_word' id='word_1_534' title='bbox 2377 1611 2530 1665; x_wconf 87' lang='lat' dir='ltr'><strong>tuulti</strong></span> <span class='ocrx_word' id='word_1_535' title='bbox 2577 1616 2739 1665; x_wconf 90' lang='lat' dir='ltr'><strong>etiam</strong></span> <span class='ocrx_word' id='word_1_536' title='bbox 2772 1611 2976 1665; x_wconf 84' lang='lat' dir='ltr'><strong>foenore</strong></span> <span class='ocrx_word' id='word_1_537' title='bbox 3006 1610 3130 1664; x_wconf 82' lang='lat' dir='ltr'><strong>facti</strong></span> <span class='ocrx_word' id='word_1_538' title='bbox 3159 1610 3530 1665; x_wconf 87' lang='lat' dir='ltr'><strong>suntdivites:</strong></span> 
     </span>
    </p>
   </div>
   <div class='ocr_carea' id='block_1_76' title="bbox 1974 1701 3534 1771">
    <p class='ocr_par' dir='ltr' id='par_1_76' title="bbox 1974 1701 3534 1771">
     <span class='ocr_line' id='line_1_76' title="bbox 1974 1701 3534 1771; baseline 0 -14"><span class='ocrx_word' id='word_1_539' title='bbox 1974 1715 2028 1757; x_wconf 90' lang='lat' dir='ltr'><strong>at</strong></span> <span class='ocrx_word' id='word_1_540' title='bbox 2057 1718 2185 1757; x_wconf 91' lang='lat' dir='ltr'><strong>vero</strong></span> <span class='ocrx_word' id='word_1_541' title='bbox 2242 1704 2444 1771; x_wconf 88' lang='lat' dir='ltr'><strong>plures,</strong></span> <span class='ocrx_word' id='word_1_542' title='bbox 2489 1703 2742 1763; x_wconf 83' lang='lat' dir='ltr'><strong>arbitror,</strong></span> <span class='ocrx_word' id='word_1_543' title='bbox 2784 1703 2851 1755; x_wconf 89' lang='lat' dir='ltr'><strong>ad</strong></span> <span class='ocrx_word' id='word_1_544' title='bbox 2885 1701 3106 1769; x_wconf 85' lang='lat' dir='ltr'><strong>laqueos</strong></span> <span class='ocrx_word' id='word_1_545' title='bbox 3151 1710 3534 1769; x_wconf 89' lang='lat' dir='ltr'><strong>pervenerunt.</strong></span> 
     </span>
    </p>
   </div>
   <div class='ocr_carea' id='block_1_77' title="bbox 1904 1778 3533 1864">
    <p class='ocr_par' dir='ltr' id='par_1_77' title="bbox 1904 1778 3533 1864">
     <span class='ocr_line' id='line_1_77' title="bbox 1904 1778 3533 1864; baseline -0.002 -16"><span class='ocrx_word' id='word_1_546' title='bbox 1904 1778 1946 1834; x_wconf 75' lang='grc' dir='ltr'>Β</span> <span class='ocrx_word' id='word_1_547' title='bbox 1976 1795 2052 1848; x_wconf 86' lang='lat' dir='ltr'><strong>Tu</strong></span> <span class='ocrx_word' id='word_1_548' title='bbox 2080 1809 2242 1864; x_wconf 90' lang='lat' dir='ltr'><strong>porro</strong></span> <span class='ocrx_word' id='word_1_549' title='bbox 2274 1794 2470 1847; x_wconf 87' lang='lat' dir='ltr'><strong>ditatos</strong></span> <span class='ocrx_word' id='word_1_550' title='bbox 2500 1794 2713 1860; x_wconf 81' lang='lat' dir='ltr'><strong>quidem</strong></span> <span class='ocrx_word' id='word_1_551' title='bbox 2748 1792 2993 1860; x_wconf 86' lang='lat' dir='ltr'><strong>respicis,</strong></span> <span class='ocrx_word' id='word_1_552' title='bbox 3019 1790 3384 1857; x_wconf 86' lang='lat' dir='ltr'><strong>strangulatos</strong></span> <span class='ocrx_word' id='word_1_553' title='bbox 3406 1806 3533 1845; x_wconf 90' lang='lat' dir='ltr'><strong>vero</strong></span> 
     </span>
    </p>
   </div>
   <div class='ocr_carea' id='block_1_78' title="bbox 1974 1881 3531 1950">
    <p class='ocr_par' dir='ltr' id='par_1_78' title="bbox 1974 1881 3531 1950">
     <span class='ocr_line' id='line_1_78' title="bbox 1974 1881 3531 1950; baseline -0.002 -12"><span class='ocrx_word' id='word_1_554' title='bbox 1974 1901 2079 1938; x_wconf 91' lang='lat' dir='ltr'><strong>non</strong></span> <span class='ocrx_word' id='word_1_555' title='bbox 2113 1898 2381 1947; x_wconf 82' lang='lat' dir='ltr'><strong>numeras,</strong></span> <span class='ocrx_word' id='word_1_556' title='bbox 2437 1883 2529 1950; x_wconf 92' lang='lat' dir='ltr'><strong>qui</strong></span> <span class='ocrx_word' id='word_1_557' title='bbox 2563 1882 2858 1935; x_wconf 81' lang='lat' dir='ltr'><strong>exactiouis</strong></span> <span class='ocrx_word' id='word_1_558' title='bbox 2901 1882 3135 1934; x_wconf 84' lang='lat' dir='ltr'><strong>dedecus</strong></span> <span class='ocrx_word' id='word_1_559' title='bbox 3179 1881 3399 1934; x_wconf 87' lang='lat' dir='ltr'><strong>minime</strong></span> <span class='ocrx_word' id='word_1_560' title='bbox 3449 1882 3531 1936; x_wconf 82' lang='lat' dir='ltr'><strong>fe-</strong></span> 
     </span>
    </p>
   </div>
   <div class='ocr_carea' id='block_1_79' title="bbox 1975 1971 3528 2040">
    <p class='ocr_par' dir='ltr' id='par_1_79' title="bbox 1975 1971 3528 2040">
     <span class='ocr_line' id='line_1_79' title="bbox 1975 1971 3528 2040; baseline -0.003 -10"><span class='ocrx_word' id='word_1_561' title='bbox 1975 1986 2172 2039; x_wconf 82' lang='lat' dir='ltr'><strong>rentes,</strong></span> <span class='ocrx_word' id='word_1_562' title='bbox 2211 1975 2311 2029; x_wconf 90' lang='lat' dir='ltr'><strong>sibi</strong></span> <span class='ocrx_word' id='word_1_563' title='bbox 2361 1980 2585 2027; x_wconf 89' lang='lat' dir='ltr'><strong>mortem</strong></span> <span class='ocrx_word' id='word_1_564' title='bbox 2639 1973 2942 2026; x_wconf 89' lang='lat' dir='ltr'><strong>maluerunt</strong></span> <span class='ocrx_word' id='word_1_565' title='bbox 3000 1972 3191 2040; x_wconf 87' lang='lat' dir='ltr'><strong>laqueo</strong></span> <span class='ocrx_word' id='word_1_566' title='bbox 3238 1971 3528 2033; x_wconf 84' lang='lat' dir='ltr'><strong>asciscere,</strong></span> 
     </span>
    </p>
   </div>
   <div class='ocr_carea' id='block_1_80' title="bbox 1973 2063 3533 2137">
    <p class='ocr_par' dir='ltr' id='par_1_80' title="bbox 1973 2063 3533 2137">
     <span class='ocr_line' id='line_1_80' title="bbox 1973 2063 3533 2137; baseline -0.004 -16"><span class='ocrx_word' id='word_1_567' title='bbox 1973 2084 2133 2137; x_wconf 87' lang='lat' dir='ltr'><strong>quam</strong></span> <span class='ocrx_word' id='word_1_568' title='bbox 2162 2068 2419 2137; x_wconf 80' lang='lat' dir='ltr'><strong>probrose</strong></span> <span class='ocrx_word' id='word_1_569' title='bbox 2449 2066 2652 2118; x_wconf 80' lang='lat' dir='ltr'><strong>vivere.</strong></span> <span class='ocrx_word' id='word_1_570' title='bbox 2686 2063 2802 2117; x_wconf 83' lang='lat' dir='ltr'><strong>Vidi</strong></span> <span class='ocrx_word' id='word_1_571' title='bbox 2836 2078 2934 2132; x_wconf 89' lang='lat' dir='ltr'><strong>ego</strong></span> <span class='ocrx_word' id='word_1_572' title='bbox 2976 2063 3279 2118; x_wconf 90' lang='lat' dir='ltr'><strong>miserabile</strong></span> <span class='ocrx_word' id='word_1_573' title='bbox 3322 2072 3533 2132; x_wconf 79' lang='lat' dir='ltr'><strong>specta-</strong></span> 
     </span>
    </p>
   </div>
   <div class='ocr_carea' id='block_1_81' title="bbox 1974 2156 3529 2226">
    <p class='ocr_par' dir='ltr' id='par_1_81' title="bbox 1974 2156 3529 2226">
     <span class='ocr_line' id='line_1_81' title="bbox 1974 2156 3529 2226; baseline -0.003 -13"><span class='ocrx_word' id='word_1_574' title='bbox 1974 2159 2171 2223; x_wconf 90' lang='lat' dir='ltr'><strong>culum,</strong></span> <span class='ocrx_word' id='word_1_575' title='bbox 2221 2160 2480 2226; x_wconf 80' lang='lat' dir='ltr'><strong>ingenuos</strong></span> <span class='ocrx_word' id='word_1_576' title='bbox 2531 2173 2743 2226; x_wconf 81' lang='lat' dir='ltr'><strong>pueros,</strong></span> <span class='ocrx_word' id='word_1_577' title='bbox 2799 2159 2912 2225; x_wconf 87' lang='lat' dir='ltr'><strong>qui,</strong></span> <span class='ocrx_word' id='word_1_578' title='bbox 2965 2166 3020 2209; x_wconf 91' lang='lat' dir='ltr'><strong>ut</strong></span> <span class='ocrx_word' id='word_1_579' title='bbox 3074 2156 3453 2219; x_wconf 84' lang='lat' dir='ltr'><strong>venderentur,</strong></span> <span class='ocrx_word' id='word_1_580' title='bbox 3479 2158 3529 2209; x_wconf 93' lang='lat' dir='ltr'><strong>in</strong></span> 
     </span>
    </p>
   </div>
   <div class='ocr_carea' id='block_1_82' title="bbox 1973 2247 3533 2319">
    <p class='ocr_par' dir='ltr' id='par_1_82' title="bbox 1973 2247 3533 2319">
     <span class='ocr_line' id='line_1_82' title="bbox 1973 2247 3533 2319; baseline -0.003 -14"><span class='ocrx_word' id='word_1_581' title='bbox 1973 2250 2148 2305; x_wconf 84' lang='lat' dir='ltr'><strong>forum</strong></span> <span class='ocrx_word' id='word_1_582' title='bbox 2190 2252 2259 2304; x_wconf 92' lang='lat' dir='ltr'><strong>ob</strong></span> <span class='ocrx_word' id='word_1_583' title='bbox 2308 2250 2482 2319; x_wconf 77' lang='lat' dir='ltr'><strong>patris</strong></span> <span class='ocrx_word' id='word_1_584' title='bbox 2530 2249 2705 2303; x_wconf 90' lang='lat' dir='ltr'><strong>debita</strong></span> <span class='ocrx_word' id='word_1_585' title='bbox 2734 2249 3204 2317; x_wconf 85' lang='lat' dir='ltr'><strong>pertrahebautur.</strong></span> <span class='ocrx_word' id='word_1_586' title='bbox 3232 2247 3343 2300; x_wconf 81' lang='lat' dir='ltr'><strong>Non</strong></span> <span class='ocrx_word' id='word_1_587' title='bbox 3368 2247 3533 2300; x_wconf 84' lang='lat' dir='ltr'><strong>habes</strong></span> 
     </span>
    </p>
   </div>
   <div class='ocr_carea' id='block_1_83' title="bbox 1973 2338 3530 2412">
    <p class='ocr_par' dir='ltr' id='par_1_83' title="bbox 1973 2338 3530 2412">
     <span class='ocr_line' id='line_1_83' title="bbox 1973 2338 3530 2412; baseline -0.004 -16"><span class='ocrx_word' id='word_1_588' title='bbox 1973 2344 2252 2412; x_wconf 78' lang='lat' dir='ltr'><strong>pecuniam</strong></span> <span class='ocrx_word' id='word_1_589' title='bbox 2285 2357 2446 2411; x_wconf 90' lang='lat' dir='ltr'><strong>quam</strong></span> <span class='ocrx_word' id='word_1_590' title='bbox 2480 2341 2750 2409; x_wconf 86' lang='lat' dir='ltr'><strong>relinquas</strong></span> <span class='ocrx_word' id='word_1_591' title='bbox 2774 2340 2937 2393; x_wconf 81' lang='lat' dir='ltr'><strong>ﬁliis?</strong></span> <span class='ocrx_word' id='word_1_592' title='bbox 2975 2339 3114 2393; x_wconf 84' lang='lat' dir='ltr'><strong>Cave</strong></span> <span class='ocrx_word' id='word_1_593' title='bbox 3149 2338 3530 2408; x_wconf 77' lang='lat' dir='ltr'><strong>ingenuitatem</strong></span> 
     </span>
    </p>
   </div>
   <div class='ocr_carea' id='block_1_84' title="bbox 1972 2430 3536 2499">
    <p class='ocr_par' dir='ltr' id='par_1_84' title="bbox 1972 2430 3536 2499">
     <span class='ocr_line' id='line_1_84' title="bbox 1972 2430 3536 2499; baseline -0.003 -12"><span class='ocrx_word' id='word_1_594' title='bbox 1972 2435 2051 2488; x_wconf 90' lang='lat' dir='ltr'><strong>eis</strong></span> <span class='ocrx_word' id='word_1_595' title='bbox 2082 2433 2317 2487; x_wconf 80' lang='lat' dir='ltr'><strong>auferas.</strong></span> <span class='ocrx_word' id='word_1_596' title='bbox 2370 2432 2542 2487; x_wconf 89' lang='lat' dir='ltr'><strong>Unam</strong></span> <span class='ocrx_word' id='word_1_597' title='bbox 2602 2432 2739 2486; x_wconf 89' lang='lat' dir='ltr'><strong>hanc</strong></span> <span class='ocrx_word' id='word_1_598' title='bbox 2788 2432 2918 2499; x_wconf 89' lang='lat' dir='ltr'><strong>ipsis</strong></span> <span class='ocrx_word' id='word_1_599' title='bbox 2965 2446 3222 2485; x_wconf 84' lang='lat' dir='ltr'><strong>conserva</strong></span> <span class='ocrx_word' id='word_1_600' title='bbox 3274 2430 3536 2484; x_wconf 76' lang='lat' dir='ltr'><strong>libertatis</strong></span> 
     </span>
    </p>
   </div>
   <div class='ocr_carea' id='block_1_85' title="bbox 1970 2522 3534 2598">
    <p class='ocr_par' dir='ltr' id='par_1_85' title="bbox 1970 2522 3534 2598">
     <span class='ocr_line' id='line_1_85' title="bbox 1970 2522 3534 2598; baseline -0.004 -16"><span class='ocrx_word' id='word_1_601' title='bbox 1970 2528 2386 2598; x_wconf 83' lang='lat' dir='ltr'><strong>possessionem,</strong></span> <span class='ocrx_word' id='word_1_602' title='bbox 2424 2526 2726 2595; x_wconf 84' lang='lat' dir='ltr'><strong>depositum</strong></span> <span class='ocrx_word' id='word_1_603' title='bbox 2779 2525 2927 2587; x_wconf 90' lang='lat' dir='ltr'><strong>illud,</strong></span> <span class='ocrx_word' id='word_1_604' title='bbox 2964 2524 3109 2593; x_wconf 84' lang='lat' dir='ltr'><strong>quod</strong></span> <span class='ocrx_word' id='word_1_605' title='bbox 3159 2539 3187 2577; x_wconf 91' lang='lat' dir='ltr'><strong>a</strong></span> <span class='ocrx_word' id='word_1_606' title='bbox 3216 2522 3534 2592; x_wconf 83' lang='lat' dir='ltr'><strong>parentibus</strong></span> 
     </span>
    </p>
   </div>
   <div class='ocr_carea' id='block_1_86' title="bbox 1974 2610 3537 2687">
    <p class='ocr_par' dir='ltr' id='par_1_86' title="bbox 1974 2610 3537 2687">
     <span class='ocr_line' id='line_1_86' title="bbox 1974 2610 3537 2687; baseline -0.004 -15"><span class='ocrx_word' id='word_1_607' title='bbox 1974 2610 2249 2687; x_wconf 82' lang='lat' dir='ltr'><strong>accepisti.</strong></span> <span class='ocrx_word' id='word_1_608' title='bbox 2277 2616 2489 2671; x_wconf 87' lang='lat' dir='ltr'><strong>Nemini</strong></span> <span class='ocrx_word' id='word_1_609' title='bbox 2526 2632 2762 2685; x_wconf 87' lang='lat' dir='ltr'><strong>unquam</strong></span> <span class='ocrx_word' id='word_1_610' title='bbox 2797 2616 2963 2685; x_wconf 90' lang='lat' dir='ltr'><strong>patris</strong></span> <span class='ocrx_word' id='word_1_611' title='bbox 2991 2624 3277 2684; x_wconf 88' lang='lat' dir='ltr'><strong>paupertas</strong></span> <span class='ocrx_word' id='word_1_612' title='bbox 3306 2615 3425 2668; x_wconf 87' lang='lat' dir='ltr'><strong>data</strong></span> <span class='ocrx_word' id='word_1_613' title='bbox 3453 2623 3537 2667; x_wconf 87' lang='lat' dir='ltr'><strong>est</strong></span> 
     </span>
    </p>
   </div>
   <div class='ocr_carea' id='block_1_87' title="bbox 1975 2706 3533 2779">
    <p class='ocr_par' dir='ltr' id='par_1_87' title="bbox 1975 2706 3533 2779">
     <span class='ocr_line' id='line_1_87' title="bbox 1975 2706 3533 2779; baseline -0.004 -15"><span class='ocrx_word' id='word_1_614' title='bbox 1975 2713 2187 2765; x_wconf 92' lang='lat' dir='ltr'><strong>crimini</strong></span> <span class='ocrx_word' id='word_1_615' title='bbox 2224 2728 2238 2764; x_wconf 89' lang='lat'><strong>:</strong></span> <span class='ocrx_word' id='word_1_616' title='bbox 2275 2722 2332 2763; x_wconf 85' lang='lat' dir='ltr'><strong>at</strong></span> <span class='ocrx_word' id='word_1_617' title='bbox 2372 2719 2657 2779; x_wconf 88' lang='lat' dir='ltr'><strong>paternum</strong></span> <span class='ocrx_word' id='word_1_618' title='bbox 2699 2708 2937 2762; x_wconf 87' lang='lat' dir='ltr'><strong>debitum</strong></span> <span class='ocrx_word' id='word_1_619' title='bbox 2974 2708 3027 2762; x_wconf 91' lang='lat' dir='ltr'><strong>in</strong></span> <span class='ocrx_word' id='word_1_620' title='bbox 3069 2722 3339 2762; x_wconf 89' lang='lat' dir='ltr'><strong>carcerem</strong></span> <span class='ocrx_word' id='word_1_621' title='bbox 3371 2706 3533 2759; x_wconf 90' lang='lat' dir='ltr'><strong>ducit.</strong></span> 
     </span>
    </p>
   </div>
   <div class='ocr_carea' id='block_1_88' title="bbox 1974 2802 3532 2873">
    <p class='ocr_par' dir='ltr' id='par_1_88' title="bbox 1974 2802 3532 2873">
     <span class='ocr_line' id='line_1_88' title="bbox 1974 2802 3532 2873; baseline -0.004 -16"><span class='ocrx_word' id='word_1_622' title='bbox 1974 2804 2050 2858; x_wconf 81' lang='lat' dir='ltr'><strong>Ne</strong></span> <span class='ocrx_word' id='word_1_623' title='bbox 2083 2804 2354 2873; x_wconf 86' lang='lat' dir='ltr'><strong>relinquas</strong></span> <span class='ocrx_word' id='word_1_624' title='bbox 2407 2802 2766 2871; x_wconf 86' lang='lat' dir='ltr'><strong>syngrapham</strong></span> <span class='ocrx_word' id='word_1_625' title='bbox 2807 2816 2902 2855; x_wconf 89' lang='lat' dir='ltr'><strong>ceu</strong></span> <span class='ocrx_word' id='word_1_626' title='bbox 2951 2809 3230 2869; x_wconf 89' lang='lat' dir='ltr'><strong>paternam</strong></span> <span class='ocrx_word' id='word_1_627' title='bbox 3278 2814 3532 2853; x_wconf 81' lang='lat' dir='ltr'><strong>exsecra-</strong></span> 
     </span>
    </p>
   </div>
   <div class='ocr_carea' id='block_1_89' title="bbox 1975 2893 3257 2963">
    <p class='ocr_par' dir='ltr' id='par_1_89' title="bbox 1975 2893 3257 2963">
     <span class='ocr_line' id='line_1_89' title="bbox 1975 2893 3257 2963; baseline -0.002 -15"><span class='ocrx_word' id='word_1_628' title='bbox 1975 2897 2172 2949; x_wconf 85' lang='lat' dir='ltr'><strong>tionem</strong></span> <span class='ocrx_word' id='word_1_629' title='bbox 2209 2898 2259 2949; x_wconf 89' lang='lat' dir='ltr'><strong>in</strong></span> <span class='ocrx_word' id='word_1_630' title='bbox 2294 2896 2432 2948; x_wconf 87' lang='lat' dir='ltr'><strong>ﬁlios</strong></span> <span class='ocrx_word' id='word_1_631' title='bbox 2461 2911 2524 2948; x_wconf 88' lang='lat' dir='ltr'><strong>ac</strong></span> <span class='ocrx_word' id='word_1_632' title='bbox 2561 2906 2781 2963; x_wconf 89' lang='lat' dir='ltr'><strong>nepotes</strong></span> <span class='ocrx_word' id='word_1_633' title='bbox 2822 2893 3257 2947; x_wconf 80' lang='lat' dir='ltr'><strong>descendentem.</strong></span> 
     </span>
    </p>
   </div>
   <div class='ocr_carea' id='block_1_90' title="bbox 2042 2982 3536 3054">
    <p class='ocr_par' dir='ltr' id='par_1_90' title="bbox 2042 2982 3536 3054">
     <span class='ocr_line' id='line_1_90' title="bbox 2042 2982 3536 3054; baseline -0.007 -11"><span class='ocrx_word' id='word_1_634' title='bbox 2042 2987 2096 3043; x_wconf 81' lang='lat'><strong>5.</strong></span> <span class='ocrx_word' id='word_1_635' title='bbox 2136 2988 2351 3049; x_wconf 80' lang='lat' dir='ltr'><strong>Audite,</strong></span> <span class='ocrx_word' id='word_1_636' title='bbox 2378 2987 2594 3049; x_wconf 89' lang='lat' dir='ltr'><strong>divites,</strong></span> <span class='ocrx_word' id='word_1_637' title='bbox 2618 2985 2776 3054; x_wconf 90' lang='lat' dir='ltr'><strong>quale</strong></span> <span class='ocrx_word' id='word_1_638' title='bbox 2796 2984 3121 3053; x_wconf 91' lang='lat' dir='ltr'><strong>pauperibus</strong></span> <span class='ocrx_word' id='word_1_639' title='bbox 3151 2984 3338 3036; x_wconf 89' lang='lat' dir='ltr'><strong>demus</strong></span> <span class='ocrx_word' id='word_1_640' title='bbox 3359 2982 3536 3036; x_wconf 85' lang='lat' dir='ltr'><strong>consi-</strong></span> 
     </span>
    </p>
   </div>
   <div class='ocr_carea' id='block_1_91' title="bbox 1973 3072 3537 3141">
    <p class='ocr_par' dir='ltr' id='par_1_91' title="bbox 1973 3072 3537 3141">
     <span class='ocr_line' id='line_1_91' title="bbox 1973 3072 3537 3141; baseline -0.004 -11"><span class='ocrx_word' id='word_1_641' title='bbox 1973 3077 2100 3130; x_wconf 91' lang='lat' dir='ltr'><strong>lium</strong></span> <span class='ocrx_word' id='word_1_642' title='bbox 2130 3077 2198 3130; x_wconf 91' lang='lat' dir='ltr'><strong>ob</strong></span> <span class='ocrx_word' id='word_1_643' title='bbox 2224 3088 2454 3129; x_wconf 83' lang='lat' dir='ltr'><strong>veSIram</strong></span> <span class='ocrx_word' id='word_1_644' title='bbox 2480 3074 2952 3140; x_wconf 81' lang='lat' dir='ltr'><strong>inltumauitatem,</strong></span> <span class='ocrx_word' id='word_1_645' title='bbox 2973 3086 3182 3140; x_wconf 87' lang='lat' dir='ltr'><strong>nempe,</strong></span> <span class='ocrx_word' id='word_1_646' title='bbox 3204 3082 3259 3124; x_wconf 90' lang='lat' dir='ltr'><strong>ut</strong></span> <span class='ocrx_word' id='word_1_647' title='bbox 3278 3072 3537 3141; x_wconf 87' lang='lat' dir='ltr'><strong>gravissi-</strong></span> 
     </span>
    </p>
   </div>
   <div class='ocr_carea' id='block_1_92' title="bbox 1974 3161 3533 3236">
    <p class='ocr_par' dir='ltr' id='par_1_92' title="bbox 1974 3161 3533 3236">
     <span class='ocr_line' id='line_1_92' title="bbox 1974 3161 3533 3236; baseline -0.006 -15"><span class='ocrx_word' id='word_1_648' title='bbox 1974 3184 2057 3222; x_wconf 89' lang='lat' dir='ltr'><strong>ma</strong></span> <span class='ocrx_word' id='word_1_649' title='bbox 2088 3182 2311 3236; x_wconf 65' lang='lat' dir='ltr'><strong>quaeque</strong></span> <span class='ocrx_word' id='word_1_650' title='bbox 2340 3172 2650 3220; x_wconf 86' lang='lat' dir='ltr'><strong>constanter</strong></span> <span class='ocrx_word' id='word_1_651' title='bbox 2679 3163 2851 3218; x_wconf 79' lang='lat' dir='ltr'><strong>ferant</strong></span> <span class='ocrx_word' id='word_1_652' title='bbox 2888 3163 3065 3231; x_wconf 87' lang='lat' dir='ltr'><strong>potius</strong></span> <span class='ocrx_word' id='word_1_653' title='bbox 3104 3177 3264 3231; x_wconf 88' lang='lat' dir='ltr'><strong>quam</strong></span> <span class='ocrx_word' id='word_1_654' title='bbox 3312 3161 3533 3215; x_wconf 88' lang='lat' dir='ltr'><strong>calami-</strong></span> 
     </span>
    </p>
   </div>
   <div class='ocr_carea' id='block_1_93' title="bbox 1972 3252 3533 3326">
    <p class='ocr_par' dir='ltr' id='par_1_93' title="bbox 1972 3252 3533 3326">
     <span class='ocr_line' id='line_1_93' title="bbox 1972 3252 3533 3326; baseline -0.005 -13"><span class='ocrx_word' id='word_1_655' title='bbox 1972 3270 2109 3313; x_wconf 88' lang='lat' dir='ltr'><strong>tates</strong></span> <span class='ocrx_word' id='word_1_656' title='bbox 2138 3274 2205 3313; x_wconf 82' lang='lat' dir='ltr'><strong>ex</strong></span> <span class='ocrx_word' id='word_1_657' title='bbox 2236 3258 2442 3312; x_wconf 68' lang='lat' dir='ltr'><strong>faenore</strong></span> <span class='ocrx_word' id='word_1_658' title='bbox 2464 3257 2839 3326; x_wconf 86' lang='lat' dir='ltr'><strong>provenientes</strong></span> <span class='ocrx_word' id='word_1_659' title='bbox 2861 3255 3247 3323; x_wconf 86' lang='lat' dir='ltr'><strong>perpetiantur.</strong></span> <span class='ocrx_word' id='word_1_660' title='bbox 3267 3252 3468 3307; x_wconf 80' lang='lat' dir='ltr'><strong>Morem</strong></span> <span class='ocrx_word' id='word_1_661' title='bbox 3489 3254 3533 3307; x_wconf 88' lang='lat' dir='ltr'><strong>si</strong></span> 
     </span>
    </p>
   </div>
   <div class='ocr_carea' id='block_1_94' title="bbox 1974 3344 3536 3420">
    <p class='ocr_par' dir='ltr' id='par_1_94' title="bbox 1974 3344 3536 3420">
     <span class='ocr_line' id='line_1_94' title="bbox 1974 3344 3536 3420; baseline -0.007 -14"><span class='ocrx_word' id='word_1_662' title='bbox 1974 3353 2197 3407; x_wconf 87' lang='lat' dir='ltr'><strong>Domino</strong></span> <span class='ocrx_word' id='word_1_663' title='bbox 2215 3351 2491 3420; x_wconf 90' lang='lat' dir='ltr'><strong>gereretis,</strong></span> <span class='ocrx_word' id='word_1_664' title='bbox 2519 3350 2645 3419; x_wconf 90' lang='lat' dir='ltr'><strong>quid</strong></span> <span class='ocrx_word' id='word_1_665' title='bbox 2671 3350 2755 3402; x_wconf 88' lang='lat' dir='ltr'><strong>his</strong></span> <span class='ocrx_word' id='word_1_666' title='bbox 2791 3347 2967 3401; x_wconf 91' lang='lat' dir='ltr'><strong>verbis</strong></span> <span class='ocrx_word' id='word_1_667' title='bbox 3002 3355 3143 3400; x_wconf 86' lang='lat' dir='ltr'><strong>esset</strong></span> <span class='ocrx_word' id='word_1_668' title='bbox 3168 3344 3536 3414; x_wconf 81' lang='lat' dir='ltr'><strong>Opus?Quod-</strong></span> 
     </span>
    </p>
   </div>
   <div class='ocr_carea' id='block_1_95' title="bbox 1974 3437 3535 3501">
    <p class='ocr_par' dir='ltr' id='par_1_95' title="bbox 1974 3437 3535 3501">
     <span class='ocr_line' id='line_1_95' title="bbox 1974 3437 3535 3501; baseline -0.008 -1"><span class='ocrx_word' id='word_1_669' title='bbox 1974 3462 2093 3501; x_wconf 90' lang='lat' dir='ltr'><strong>nam</strong></span> <span class='ocrx_word' id='word_1_670' title='bbox 2117 3456 2290 3498; x_wconf 87' lang='lat' dir='ltr'><strong>autem</strong></span> <span class='ocrx_word' id='word_1_671' title='bbox 2314 3444 2523 3496; x_wconf 90' lang='lat' dir='ltr'><strong>Domini</strong></span> <span class='ocrx_word' id='word_1_672' title='bbox 2551 3441 2831 3496; x_wconf 89' lang='lat' dir='ltr'><strong>consilium</strong></span> <span class='ocrx_word' id='word_1_673' title='bbox 2855 3439 2972 3493; x_wconf 83' lang='lat' dir='ltr'><strong>est?</strong></span> <span class='ocrx_word' id='word_1_674' title='bbox 2991 3437 3230 3490; x_wconf 86' lang='lat' dir='ltr'><strong>Mutuum</strong></span> <span class='ocrx_word' id='word_1_675' title='bbox 3253 3438 3378 3489; x_wconf 88' lang='lat' dir='ltr'><strong>date</strong></span> <span class='ocrx_word' id='word_1_676' title='bbox 3398 3437 3481 3501; x_wconf 89' lang='lat' dir='ltr'><strong>iis,</strong></span> <span class='ocrx_word' id='word_1_677' title='bbox 3507 3450 3535 3487; x_wconf 91' lang='lat' dir='ltr'><strong>a</strong></span> 
     </span>
    </p>
   </div>
   <div class='ocr_carea' id='block_1_96' title="bbox 1971 3527 3538 3609">
    <p class='ocr_par' dir='ltr' id='par_1_96' title="bbox 1971 3527 3538 3609">
     <span class='ocr_line' id='line_1_96' title="bbox 1971 3527 3538 3609; baseline -0.008 -18"><span class='ocrx_word' id='word_1_678' title='bbox 1971 3540 2162 3609; x_wconf 84' lang='lat' dir='ltr'><strong>quibus</strong></span> <span class='ocrx_word' id='word_1_679' title='bbox 2191 3554 2297 3591; x_wconf 91' lang='lat' dir='ltr'><strong>non</strong></span> <span class='ocrx_word' id='word_1_680' title='bbox 2322 3536 2549 3603; x_wconf 87' lang='lat' dir='ltr'><strong>speratis</strong></span> <span class='ocrx_word' id='word_1_681' title='bbox 2584 3545 2890 3602; x_wconf 90' lang='lat' dir='ltr'><strong>recepturos</strong></span> <span class='ocrx_word' id='word_1_682' title='bbox 2914 3547 3006 3585; x_wconf 86' lang='lat' dir='ltr'><strong>vos</strong></span> <span class='ocrx_word' id='word_1_683' title='bbox 3030 3546 3147 3584; x_wconf 87' lang='lat' dir='ltr'><strong>esse</strong></span> <span class='ocrx_word' id='word_1_684' title='bbox 3166 3529 3233 3583; x_wconf 79' lang='grc'>⁸⁸.</span> <span class='ocrx_word' id='word_1_685' title='bbox 3268 3528 3333 3581; x_wconf 81' lang='lat' dir='ltr'><strong>Et</strong></span> <span class='ocrx_word' id='word_1_686' title='bbox 3360 3527 3538 3596; x_wconf 85' lang='lat' dir='ltr'><strong>quale,</strong></span> 
     </span>
    </p>
   </div>
   <div class='ocr_carea' id='block_1_97' title="bbox 1974 3618 3536 3697">
    <p class='ocr_par' dir='ltr' id='par_1_97' title="bbox 1974 3618 3536 3697">
     <span class='ocr_line' id='line_1_97' title="bbox 1974 3618 3536 3697; baseline -0.009 -13"><span class='ocrx_word' id='word_1_687' title='bbox 1974 3631 2164 3697; x_wconf 88' lang='lat' dir='ltr'><strong>inquit,</strong></span> <span class='ocrx_word' id='word_1_688' title='bbox 2207 3628 2308 3680; x_wconf 88' lang='lat' dir='ltr'><strong>hoc</strong></span> <span class='ocrx_word' id='word_1_689' title='bbox 2333 3636 2597 3689; x_wconf 87' lang='lat' dir='ltr'><strong>mutuum,</strong></span> <span class='ocrx_word' id='word_1_690' title='bbox 2630 3625 2712 3677; x_wconf 88' lang='lat' dir='ltr'><strong>cui</strong></span> <span class='ocrx_word' id='word_1_691' title='bbox 2748 3623 3062 3675; x_wconf 87' lang='lat' dir='ltr'><strong>redditionis</strong></span> <span class='ocrx_word' id='word_1_692' title='bbox 3090 3636 3214 3687; x_wconf 90' lang='lat' dir='ltr'><strong>spes</strong></span> <span class='ocrx_word' id='word_1_693' title='bbox 3253 3618 3536 3685; x_wconf 84' lang='lat' dir='ltr'><strong>conjuncta</strong></span> 
     </span>
    </p>
   </div>
   <div class='ocr_carea' id='block_1_98' title="bbox 1974 3710 3517 3786">
    <p class='ocr_par' dir='ltr' id='par_1_98' title="bbox 1974 3710 3517 3786">
     <span class='ocr_line' id='line_1_98' title="bbox 1974 3710 3517 3786; baseline -0.008 -13"><span class='ocrx_word' id='word_1_694' title='bbox 1974 3736 2076 3773; x_wconf 93' lang='lat' dir='ltr'><strong>non</strong></span> <span class='ocrx_word' id='word_1_695' title='bbox 2113 3720 2229 3773; x_wconf 88' lang='lat' dir='ltr'><strong>est?</strong></span> <span class='ocrx_word' id='word_1_696' title='bbox 2259 3717 2495 3786; x_wconf 82' lang='lat' dir='ltr'><strong>lntellige</strong></span> <span class='ocrx_word' id='word_1_697' title='bbox 2521 3717 2797 3770; x_wconf 84' lang='lat' dir='ltr'><strong>sententiae</strong></span> <span class='ocrx_word' id='word_1_698' title='bbox 2822 3714 2949 3775; x_wconf 90' lang='lat' dir='ltr'><strong>vim,</strong></span> <span class='ocrx_word' id='word_1_699' title='bbox 2990 3722 3045 3766; x_wconf 89' lang='lat' dir='ltr'><strong>et</strong></span> <span class='ocrx_word' id='word_1_700' title='bbox 3100 3710 3422 3780; x_wconf 82' lang='lat' dir='ltr'><strong>legislatoris</strong></span> <span class='ocrx_word' id='word_1_701' title='bbox 3448 3710 3517 3761; x_wconf 91' lang='lat' dir='ltr'><strong>mi</strong></span> 
     </span>
    </p>
   </div>
   <div class='ocr_carea' id='block_1_99' title="bbox 1976 3800 3538 3874">
    <p class='ocr_par' dir='ltr' id='par_1_99' title="bbox 1976 3800 3538 3874">
     <span class='ocr_line' id='line_1_99' title="bbox 1976 3800 3538 3874; baseline -0.008 -10"><span class='ocrx_word' id='word_1_702' title='bbox 1976 3811 2162 3864; x_wconf 84' lang='lat' dir='ltr'><strong>rabere</strong></span> <span class='ocrx_word' id='word_1_703' title='bbox 2190 3810 2594 3864; x_wconf 88' lang='lat' dir='ltr'><strong>luunanitatem.</strong></span> <span class='ocrx_word' id='word_1_704' title='bbox 2617 3807 2713 3861; x_wconf 88' lang='lat' dir='ltr'><strong>Ubi</strong></span> <span class='ocrx_word' id='word_1_705' title='bbox 2746 3805 2959 3874; x_wconf 89' lang='lat' dir='ltr'><strong>pauperi</strong></span> <span class='ocrx_word' id='word_1_706' title='bbox 2998 3803 3203 3855; x_wconf 89' lang='lat' dir='ltr'><strong>Domini</strong></span> <span class='ocrx_word' id='word_1_707' title='bbox 3236 3804 3403 3870; x_wconf 86' lang='lat' dir='ltr'><strong>gratia</strong></span> <span class='ocrx_word' id='word_1_708' title='bbox 3438 3800 3538 3853; x_wconf 83' lang='lat' dir='ltr'><strong>de-</strong></span> 
     </span>
    </p>
   </div>
   <div class='ocr_carea' id='block_1_100' title="bbox 1973 3892 3536 3967">
    <p class='ocr_par' dir='ltr' id='par_1_100' title="bbox 1973 3892 3536 3967">
     <span class='ocr_line' id='line_1_100' title="bbox 1973 3892 3536 3967; baseline -0.01 -10"><span class='ocrx_word' id='word_1_709' title='bbox 1973 3904 2141 3967; x_wconf 88' lang='lat' dir='ltr'><strong>deris,</strong></span> <span class='ocrx_word' id='word_1_710' title='bbox 2175 3904 2310 3956; x_wconf 89' lang='lat' dir='ltr'><strong>idem</strong></span> <span class='ocrx_word' id='word_1_711' title='bbox 2340 3912 2394 3955; x_wconf 90' lang='lat' dir='ltr'><strong>et</strong></span> <span class='ocrx_word' id='word_1_712' title='bbox 2433 3903 2625 3955; x_wconf 89' lang='lat' dir='ltr'><strong>donum</strong></span> <span class='ocrx_word' id='word_1_713' title='bbox 2651 3908 2801 3954; x_wconf 90' lang='lat' dir='ltr'><strong>estet</strong></span> <span class='ocrx_word' id='word_1_714' title='bbox 2824 3899 3032 3960; x_wconf 62' lang='lat' dir='ltr'><strong>lienus;</strong></span> <span class='ocrx_word' id='word_1_715' title='bbox 3072 3897 3266 3948; x_wconf 89' lang='lat' dir='ltr'><strong>domuu</strong></span> <span class='ocrx_word' id='word_1_716' title='bbox 3300 3892 3536 3959; x_wconf 86' lang='lat' dir='ltr'><strong>quidem,</strong></span> 
     </span>
    </p>
   </div>
   <div class='ocr_carea' id='block_1_101' title="bbox 1974 3982 3539 4064">
    <p class='ocr_par' dir='ltr' id='par_1_101' title="bbox 1974 3982 3539 4064">
     <span class='ocr_line' id='line_1_101' title="bbox 1974 3982 3539 4064; baseline -0.009 -15"><span class='ocrx_word' id='word_1_717' title='bbox 1974 3996 2112 4064; x_wconf 91' lang='lat' dir='ltr'><strong>quod</strong></span> <span class='ocrx_word' id='word_1_718' title='bbox 2144 4006 2474 4063; x_wconf 82' lang='lat' dir='ltr'><strong>recepturum</strong></span> <span class='ocrx_word' id='word_1_719' title='bbox 2499 4005 2549 4045; x_wconf 90' lang='lat' dir='ltr'><strong>te</strong></span> <span class='ocrx_word' id='word_1_720' title='bbox 2568 3992 2695 4045; x_wconf 91' lang='lat' dir='ltr'><strong>nihil</strong></span> <span class='ocrx_word' id='word_1_721' title='bbox 2723 4006 2839 4045; x_wconf 90' lang='lat' dir='ltr'><strong>esse</strong></span> <span class='ocrx_word' id='word_1_722' title='bbox 2869 4004 3079 4057; x_wconf 87' lang='lat' dir='ltr'><strong>speras:</strong></span> <span class='ocrx_word' id='word_1_723' title='bbox 3113 3989 3284 4041; x_wconf 60' lang='lat' dir='ltr'><strong>faenus</strong></span> <span class='ocrx_word' id='word_1_724' title='bbox 3304 3999 3449 4046; x_wconf 86' lang='lat' dir='ltr'><strong>vero,</strong></span> <span class='ocrx_word' id='word_1_725' title='bbox 3468 3982 3539 4035; x_wconf 93' lang='lat' dir='ltr'><strong>ob</strong></span> 
     </span>
    </p>
   </div>
   <div class='ocr_carea' id='block_1_102' title="bbox 1976 4073 3535 4153">
    <p class='ocr_par' dir='ltr' id='par_1_102' title="bbox 1976 4073 3535 4153">
     <span class='ocr_line' id='line_1_102' title="bbox 1976 4073 3535 4153; baseline -0.009 -15"><span class='ocrx_word' id='word_1_726' title='bbox 1976 4086 2184 4138; x_wconf 90' lang='lat' dir='ltr'><strong>Domini</strong></span> <span class='ocrx_word' id='word_1_727' title='bbox 2239 4101 2334 4153; x_wconf 93' lang='lat' dir='ltr'><strong>pro</strong></span> <span class='ocrx_word' id='word_1_728' title='bbox 2378 4085 2536 4152; x_wconf 87' lang='lat' dir='ltr'><strong>inope</strong></span> <span class='ocrx_word' id='word_1_729' title='bbox 2578 4082 2899 4153; x_wconf 86' lang='lat' dir='ltr'><strong>persoluturi</strong></span> <span class='ocrx_word' id='word_1_730' title='bbox 2937 4077 3387 4139; x_wconf 78' lang='lat' dir='ltr'><strong>muniﬁcentiam,</strong></span> <span class='ocrx_word' id='word_1_731' title='bbox 3424 4073 3535 4139; x_wconf 83' lang='lat' dir='ltr'><strong>qui.</strong></span> 
     </span>
    </p>
   </div>
   <div class='ocr_carea' id='block_1_103' title="bbox 1976 4168 3535 4247">
    <p class='ocr_par' dir='ltr' id='par_1_103' title="bbox 1976 4168 3535 4247">
     <span class='ocr_line' id='line_1_103' title="bbox 1976 4168 3535 4247; baseline -0.009 -16"><span class='ocrx_word' id='word_1_732' title='bbox 1976 4178 2159 4247; x_wconf 88' lang='lat' dir='ltr'><strong>paucis</strong></span> <span class='ocrx_word' id='word_1_733' title='bbox 2179 4194 2271 4247; x_wconf 91' lang='lat' dir='ltr'><strong>per</strong></span> <span class='ocrx_word' id='word_1_734' title='bbox 2292 4193 2575 4246; x_wconf 84' lang='lat' dir='ltr'><strong>pauperem</strong></span> <span class='ocrx_word' id='word_1_735' title='bbox 2596 4176 3051 4242; x_wconf 60' lang='lat' dir='ltr'><strong>acceptistagna</strong></span> <span class='ocrx_word' id='word_1_736' title='bbox 3070 4184 3253 4223; x_wconf 85' lang='lat' dir='ltr'><strong>eorum</strong></span> <span class='ocrx_word' id='word_1_737' title='bbox 3278 4168 3393 4221; x_wconf 89' lang='lat' dir='ltr'><strong>loco</strong></span> <span class='ocrx_word' id='word_1_738' title='bbox 3415 4171 3535 4219; x_wconf 87' lang='lat' dir='ltr'><strong>red-</strong></span> 
     </span>
    </p>
   </div>
   <div class='ocr_carea' id='block_1_104' title="bbox 1977 4257 3534 4333">
    <p class='ocr_par' dir='ltr' id='par_1_104' title="bbox 1977 4257 3534 4333">
     <span class='ocr_line' id='line_1_104' title="bbox 1977 4257 3534 4333; baseline -0.008 -10"><span class='ocrx_word' id='word_1_739' title='bbox 1977 4271 2183 4323; x_wconf 91' lang='lat' dir='ltr'><strong>diturus</strong></span> <span class='ocrx_word' id='word_1_740' title='bbox 2199 4280 2297 4326; x_wconf 88' lang='lat' dir='ltr'><strong>est.</strong></span> <span class='ocrx_word' id='word_1_741' title='bbox 2309 4269 2410 4333; x_wconf 80' lang='lat' dir='ltr'><strong>Qui</strong></span> <span class='ocrx_word' id='word_1_742' title='bbox 2423 4270 2556 4321; x_wconf 83' lang='lat' dir='ltr'><strong>enim</strong></span> <span class='ocrx_word' id='word_1_743' title='bbox 2576 4260 3337 4332; x_wconf 65' lang='lat' dir='ltr'><strong>misereturpauperistuerat</strong></span> <span class='ocrx_word' id='word_1_744' title='bbox 3362 4257 3534 4311; x_wconf 81' lang='lat' dir='ltr'><strong>Deo&quot;.</strong></span> 
     </span>
    </p>
   </div>
   <div class='ocr_carea' id='block_1_105' title="bbox 1979 4349 3537 4417">
    <p class='ocr_par' dir='ltr' id='par_1_105' title="bbox 1979 4349 3537 4417">
     <span class='ocr_line' id='line_1_105' title="bbox 1979 4349 3537 4417; baseline -0.012 -1"><span class='ocrx_word' id='word_1_745' title='bbox 1979 4362 2090 4416; x_wconf 79' lang='lat' dir='ltr'><strong>Non</strong></span> <span class='ocrx_word' id='word_1_746' title='bbox 2114 4363 2194 4416; x_wconf 88' lang='lat' dir='ltr'><strong>vis</strong></span> <span class='ocrx_word' id='word_1_747' title='bbox 2221 4364 2588 4415; x_wconf 80' lang='lat' dir='ltr'><strong>universorum</strong></span> <span class='ocrx_word' id='word_1_748' title='bbox 2607 4359 2882 4412; x_wconf 81' lang='lat' dir='ltr'><strong>Dominum</strong></span> <span class='ocrx_word' id='word_1_749' title='bbox 2903 4355 3193 4411; x_wconf 84' lang='lat' dir='ltr'><strong>obnoxium</strong></span> <span class='ocrx_word' id='word_1_750' title='bbox 3216 4351 3304 4403; x_wconf 86' lang='lat' dir='ltr'><strong>tibi</strong></span> <span class='ocrx_word' id='word_1_751' title='bbox 3327 4350 3422 4417; x_wconf 90' lang='lat' dir='ltr'><strong>ipsi</strong></span> <span class='ocrx_word' id='word_1_752' title='bbox 3445 4349 3537 4401; x_wconf 88' lang='lat' dir='ltr'><strong>ha-</strong></span> 
     </span>
    </p>
   </div>
   <div class='ocr_carea' id='block_1_106' title="bbox 1910 4441 3536 4526">
    <p class='ocr_par' dir='ltr' id='par_1_106' title="bbox 1910 4441 3536 4526">
     <span class='ocr_line' id='line_1_106' title="bbox 1910 4441 3536 4526; baseline -0.01 -21"><span class='ocrx_word' id='word_1_753' title='bbox 1910 4474 1950 4526; x_wconf 76' lang='grc' dir='ltr'>υ</span> <span class='ocrx_word' id='word_1_754' title='bbox 1981 4452 2104 4505; x_wconf 88' lang='lat' dir='ltr'><strong>bere</strong></span> <span class='ocrx_word' id='word_1_755' title='bbox 2120 4453 2185 4505; x_wconf 90' lang='lat' dir='ltr'><strong>ad</strong></span> <span class='ocrx_word' id='word_1_756' title='bbox 2208 4450 2645 4519; x_wconf 85' lang='lat' dir='ltr'><strong>persolvendum?</strong></span> <span class='ocrx_word' id='word_1_757' title='bbox 2676 4448 2731 4501; x_wconf 87' lang='lat' dir='ltr'><strong>Si</strong></span> <span class='ocrx_word' id='word_1_758' title='bbox 2756 4448 2875 4516; x_wconf 89' lang='lat' dir='ltr'><strong>quis</strong></span> <span class='ocrx_word' id='word_1_759' title='bbox 2900 4447 2950 4499; x_wconf 93' lang='lat' dir='ltr'><strong>in</strong></span> <span class='ocrx_word' id='word_1_760' title='bbox 2977 4445 3192 4498; x_wconf 86' lang='lat' dir='ltr'><strong>civitate</strong></span> <span class='ocrx_word' id='word_1_761' title='bbox 3221 4441 3369 4493; x_wconf 86' lang='lat' dir='ltr'><strong>dives</strong></span> <span class='ocrx_word' id='word_1_762' title='bbox 3384 4452 3536 4504; x_wconf 87' lang='lat' dir='ltr'><strong>spon-</strong></span> 
     </span>
    </p>
   </div>
   <div class='ocr_carea' id='block_1_107' title="bbox 1986 4529 3535 4612">
    <p class='ocr_par' dir='ltr' id='par_1_107' title="bbox 1986 4529 3535 4612">
     <span class='ocr_line' id='line_1_107' title="bbox 1986 4529 3535 4612; baseline -0.012 -15"><span class='ocrx_word' id='word_1_763' title='bbox 1986 4546 2108 4597; x_wconf 90' lang='lat' dir='ltr'><strong>deat</strong></span> <span class='ocrx_word' id='word_1_764' title='bbox 2134 4559 2190 4597; x_wconf 88' lang='lat' dir='ltr'><strong>se</strong></span> <span class='ocrx_word' id='word_1_765' title='bbox 2213 4544 2306 4597; x_wconf 91' lang='lat' dir='ltr'><strong>tibi</strong></span> <span class='ocrx_word' id='word_1_766' title='bbox 2330 4560 2425 4612; x_wconf 91' lang='lat' dir='ltr'><strong>pro</strong></span> <span class='ocrx_word' id='word_1_767' title='bbox 2450 4542 2569 4594; x_wconf 86' lang='lat' dir='ltr'><strong>aliis</strong></span> <span class='ocrx_word' id='word_1_768' title='bbox 2596 4542 2915 4600; x_wconf 89' lang='lat' dir='ltr'><strong>soluturum,</strong></span> <span class='ocrx_word' id='word_1_769' title='bbox 2943 4550 3118 4589; x_wconf 89' lang='lat' dir='ltr'><strong>nonne</strong></span> <span class='ocrx_word' id='word_1_770' title='bbox 3142 4529 3535 4596; x_wconf 79' lang='lat' dir='ltr'><strong>lidejnssionem</strong></span> 
     </span>
    </p>
   </div>
   <div class='ocr_carea' id='block_1_108' title="bbox 1990 4617 3534 4704">
    <p class='ocr_par' dir='ltr' id='par_1_108' title="bbox 1990 4617 3534 4704">
     <span class='ocr_line' id='line_1_108' title="bbox 1990 4617 3534 4704; baseline -0.016 -9"><span class='ocrx_word' id='word_1_771' title='bbox 1990 4633 2145 4704; x_wconf 80' lang='grc'><strong>113</strong></span> <span class='ocrx_word' id='word_1_772' title='bbox 2176 4634 2316 4690; x_wconf 80' lang='lat' dir='ltr'><strong>illius</strong></span> <span class='ocrx_word' id='word_1_773' title='bbox 2347 4634 2583 4702; x_wconf 80' lang='lat' dir='ltr'><strong>accipis?</strong></span> <span class='ocrx_word' id='word_1_774' title='bbox 2619 4643 2672 4685; x_wconf 88' lang='lat' dir='ltr'><strong>at</strong></span> <span class='ocrx_word' id='word_1_775' title='bbox 2724 4631 2888 4683; x_wconf 87' lang='lat' dir='ltr'><strong>Deum</strong></span> <span class='ocrx_word' id='word_1_776' title='bbox 2938 4642 3036 4681; x_wconf 88' lang='lat' dir='ltr'><strong>ceu</strong></span> <span class='ocrx_word' id='word_1_777' title='bbox 3084 4636 3395 4691; x_wconf 89' lang='lat' dir='ltr'><strong>sponsorem</strong></span> <span class='ocrx_word' id='word_1_778' title='bbox 3443 4617 3534 4687; x_wconf 80' lang='lat' dir='ltr'><strong>qui</strong></span> 
     </span>
    </p>
   </div>
   <div class='ocr_carea' id='block_1_109' title="bbox 1984 4708 3535 4795">
    <p class='ocr_par' dir='ltr' id='par_1_109' title="bbox 1984 4708 3535 4795">
     <span class='ocr_line' id='line_1_109' title="bbox 1984 4708 3535 4795; baseline -0.01 -18"><span class='ocrx_word' id='word_1_779' title='bbox 1984 4741 2081 4795; x_wconf 92' lang='lat' dir='ltr'><strong>pro</strong></span> <span class='ocrx_word' id='word_1_780' title='bbox 2112 4726 2437 4793; x_wconf 85' lang='lat' dir='ltr'><strong>pauperibus</strong></span> <span class='ocrx_word' id='word_1_781' title='bbox 2469 4723 2742 4777; x_wconf 86' lang='lat' dir='ltr'><strong>soluturus</strong></span> <span class='ocrx_word' id='word_1_782' title='bbox 2772 4723 2862 4785; x_wconf 86' lang='lat' dir='ltr'><strong>sit,</strong></span> <span class='ocrx_word' id='word_1_783' title='bbox 2907 4733 3012 4771; x_wconf 90' lang='lat' dir='ltr'><strong>non</strong></span> <span class='ocrx_word' id='word_1_784' title='bbox 3056 4714 3313 4768; x_wconf 88' lang='lat' dir='ltr'><strong>admittis.</strong></span> <span class='ocrx_word' id='word_1_785' title='bbox 3349 4708 3535 4764; x_wconf 89' lang='lat' dir='ltr'><strong>Inutile</strong></span> 
     </span>
    </p>
   </div>
   <div class='ocr_carea' id='block_1_110' title="bbox 1987 4801 3531 4884">
    <p class='ocr_par' dir='ltr' id='par_1_110' title="bbox 1987 4801 3531 4884">
     <span class='ocr_line' id='line_1_110' title="bbox 1987 4801 3531 4884; baseline -0.01 -15"><span class='ocrx_word' id='word_1_786' title='bbox 1987 4816 2081 4870; x_wconf 88' lang='lat' dir='ltr'><strong>tibi</strong></span> <span class='ocrx_word' id='word_1_787' title='bbox 2115 4828 2396 4884; x_wconf 87' lang='lat' dir='ltr'><strong>argentum</strong></span> <span class='ocrx_word' id='word_1_788' title='bbox 2418 4816 2508 4878; x_wconf 89' lang='lat' dir='ltr'><strong>da,</strong></span> <span class='ocrx_word' id='word_1_789' title='bbox 2538 4828 2640 4867; x_wconf 91' lang='lat' dir='ltr'><strong>non</strong></span> <span class='ocrx_word' id='word_1_790' title='bbox 2669 4825 2895 4882; x_wconf 87' lang='lat' dir='ltr'><strong>gravans</strong></span> <span class='ocrx_word' id='word_1_791' title='bbox 2931 4807 3058 4865; x_wconf 91' lang='lat' dir='ltr'><strong>illud</strong></span> <span class='ocrx_word' id='word_1_792' title='bbox 3105 4801 3531 4865; x_wconf 82' lang='lat' dir='ltr'><strong>accessionibus;</strong></span> 
     </span>
    </p>
   </div>
   <div class='ocr_carea' id='block_1_111' title="bbox 1988 5186 2418 5243">
    <p class='ocr_par' dir='ltr' id='par_1_111' title="bbox 1988 5186 2418 5243">
     <span class='ocr_line' id='line_1_111' title="bbox 1988 5186 2418 5243; baseline 0.005 -2"><span class='ocrx_word' id='word_1_793' title='bbox 1988 5196 2175 5241; x_wconf 80' lang='lat' dir='ltr'><strong>rentes.</strong></span> <span class='ocrx_word' id='word_1_794' title='bbox 2211 5186 2418 5243; x_wconf 68' lang='lat' dir='ltr'><strong>Mum.</strong></span> 
     </span>
    </p>
   </div>
   <div class='ocr_carea' id='block_1_112' title="bbox 2061 5252 3114 5328">
    <p class='ocr_par' dir='ltr' id='par_1_112' title="bbox 2061 5252 3114 5328">
     <span class='ocr_line' id='line_1_112' title="bbox 2061 5252 3114 5328; baseline -0.004 -18"><span class='ocrx_word' id='word_1_795' title='bbox 2061 5258 2171 5328; x_wconf 86' lang='lat'><strong>(60)</strong></span> <span class='ocrx_word' id='word_1_796' title='bbox 2197 5256 2346 5328; x_wconf 77' lang='lat' dir='ltr'><strong>Cnlb.</strong></span> <span class='ocrx_word' id='word_1_797' title='bbox 2383 5265 2601 5328; x_wconf 81' lang='lat' dir='ltr'><strong>octavus</strong></span> <span class='ocrx_word' id='word_1_798' title='bbox 2631 5253 2807 5328; x_wconf 82' lang='grc' dir='ltr'>χρεῶν</span> <span class='ocrx_word' id='word_1_799' title='bbox 2830 5252 3114 5328; x_wconf 74' lang='grc' dir='ltr'>πατρῴων.</span> 
     </span>
    </p>
   </div>
   <div class='ocr_carea' id='block_1_113' title="bbox 2059 5321 3534 5397">
    <p class='ocr_par' dir='ltr' id='par_1_113' title="bbox 2059 5321 3534 5397">
     <span class='ocr_line' id='line_1_113' title="bbox 2059 5321 3534 5397; baseline -0.005 -17"><span class='ocrx_word' id='word_1_800' title='bbox 2059 5321 2171 5397; x_wconf 84' lang='grc'>(61)</span> <span class='ocrx_word' id='word_1_801' title='bbox 2202 5326 2350 5380; x_wconf 89' lang='lat' dir='ltr'><strong>Multi</strong></span> <span class='ocrx_word' id='word_1_802' title='bbox 2397 5342 2528 5379; x_wconf 89' lang='lat' dir='ltr'><strong>mss.</strong></span> <span class='ocrx_word' id='word_1_803' title='bbox 2559 5321 2831 5397; x_wconf 71' lang='grc' dir='ltr'>ἐγγόνους.</span> <span class='ocrx_word' id='word_1_804' title='bbox 2884 5321 3023 5378; x_wconf 80' lang='lat' dir='ltr'><strong>Editi</strong></span> <span class='ocrx_word' id='word_1_805' title='bbox 3053 5322 3327 5397; x_wconf 82' lang='grc' dir='ltr'>ἐκγόνους.</span> <span class='ocrx_word' id='word_1_806' title='bbox 3353 5321 3534 5397; x_wconf 77' lang='lat' dir='ltr'><strong>Obiter</strong></span> 
     </span>
    </p>
   </div>
   <div class='ocr_carea' id='block_1_114' title="bbox 1990 5391 3534 5462">
    <p class='ocr_par' dir='ltr' id='par_1_114' title="bbox 1990 5391 3534 5462">
     <span class='ocr_line' id='line_1_114' title="bbox 1990 5391 3534 5462; baseline -0.003 -13"><span class='ocrx_word' id='word_1_807' title='bbox 1990 5391 2078 5449; x_wconf 78' lang='lat' dir='ltr'><strong>hic</strong></span> <span class='ocrx_word' id='word_1_808' title='bbox 2107 5391 2325 5451; x_wconf 43' lang='lat' dir='ltr'><strong>tn&#39;ouere</strong></span> <span class='ocrx_word' id='word_1_809' title='bbox 2358 5396 2505 5455; x_wconf 83' lang='lat' dir='ltr'><strong>libet,</strong></span> <span class='ocrx_word' id='word_1_810' title='bbox 2538 5391 2721 5449; x_wconf 78' lang='lat' dir='ltr'><strong>vocem</strong></span> <span class='ocrx_word' id='word_1_811' title='bbox 2744 5395 2963 5462; x_wconf 81' lang='grc' dir='ltr'>ἔκγονος</span> <span class='ocrx_word' id='word_1_812' title='bbox 3003 5410 3124 5446; x_wconf 81' lang='lat' dir='ltr'><strong>raro</strong></span> <span class='ocrx_word' id='word_1_813' title='bbox 3154 5394 3204 5445; x_wconf 92' lang='lat' dir='ltr'><strong>in</strong></span> <span class='ocrx_word' id='word_1_814' title='bbox 3245 5407 3372 5446; x_wconf 86' lang='lat' dir='ltr'><strong>tuss.</strong></span> <span class='ocrx_word' id='word_1_815' title='bbox 3409 5391 3534 5461; x_wconf 85' lang='lat' dir='ltr'><strong>legi.</strong></span> 
     </span>
    </p>
   </div>
   <div class='ocr_carea' id='block_1_115' title="bbox 1987 5463 3011 5532">
    <p class='ocr_par' dir='ltr' id='par_1_115' title="bbox 1987 5463 3011 5532">
     <span class='ocr_line' id='line_1_115' title="bbox 1987 5463 3011 5532; baseline -0.005 -13"><span class='ocrx_word' id='word_1_816' title='bbox 1987 5466 2186 5521; x_wconf 89' lang='lat' dir='ltr'><strong>Ibidem</strong></span> <span class='ocrx_word' id='word_1_817' title='bbox 2212 5468 2426 5532; x_wconf 85' lang='lat' dir='ltr'><strong>quidam</strong></span> <span class='ocrx_word' id='word_1_818' title='bbox 2456 5481 2583 5519; x_wconf 87' lang='lat' dir='ltr'><strong>mss.</strong></span> <span class='ocrx_word' id='word_1_819' title='bbox 2619 5463 2725 5532; x_wconf 69' lang='grc' dir='ltr'>οξα.</span> <span class='ocrx_word' id='word_1_820' title='bbox 2750 5467 2848 5516; x_wconf 84' lang='lat' dir='ltr'><strong>Alii</strong></span> <span class='ocrx_word' id='word_1_821' title='bbox 2872 5467 3011 5516; x_wconf 87' lang='grc' dir='ltr'>ποῖα.</span> 
     </span>
    </p>
   </div>
   <div class='ocr_carea' id='block_1_116' title="bbox 2057 5529 3255 5603">
    <p class='ocr_par' dir='ltr' id='par_1_116' title="bbox 2057 5529 3255 5603">
     <span class='ocr_line' id='line_1_116' title="bbox 2057 5529 3255 5603; baseline -0.003 -15"><span class='ocrx_word' id='word_1_822' title='bbox 2057 5536 2167 5602; x_wconf 78' lang='lat'><strong>(6‘2)</strong></span> <span class='ocrx_word' id='word_1_823' title='bbox 2197 5529 2326 5602; x_wconf 80' lang='lat' dir='ltr'><strong>Reg.</strong></span> <span class='ocrx_word' id='word_1_824' title='bbox 2362 5538 2626 5589; x_wconf 86' lang='lat' dir='ltr'><strong>secundus</strong></span> <span class='ocrx_word' id='word_1_825' title='bbox 2646 5529 2690 5603; x_wconf 83' lang='grc' dir='ltr'>ᾧ</span> <span class='ocrx_word' id='word_1_826' title='bbox 2719 5534 2817 5603; x_wconf 80' lang='grc' dir='ltr'>τῆς</span> <span class='ocrx_word' id='word_1_827' title='bbox 2842 5534 3255 5594; x_wconf 85' lang='grc' dir='ltr'>ἀντοποδὸσεως.</span> 
     </span>
    </p>
   </div>
   <div class='ocr_carea' id='block_1_117' title="bbox 2060 5600 3535 5676">
    <p class='ocr_par' dir='ltr' id='par_1_117' title="bbox 2060 5600 3535 5676">
     <span class='ocr_line' id='line_1_117' title="bbox 2060 5600 3535 5676; baseline -0.003 -16"><span class='ocrx_word' id='word_1_828' title='bbox 2060 5600 2171 5676; x_wconf 81' lang='grc'>(65)</span> <span class='ocrx_word' id='word_1_829' title='bbox 2208 5600 2335 5675; x_wconf 78' lang='lat' dir='ltr'><strong>Reg.</strong></span> <span class='ocrx_word' id='word_1_830' title='bbox 2365 5608 2551 5659; x_wconf 88' lang='lat' dir='ltr'><strong>tertius</strong></span> <span class='ocrx_word' id='word_1_831' title='bbox 2585 5600 2958 5676; x_wconf 48' lang='grc' dir='ltr'>ἐλεῶνίφησί.</span> <span class='ocrx_word' id='word_1_832' title='bbox 2981 5603 3087 5656; x_wconf 77' lang='lat' dir='ltr'><strong>Nec</strong></span> <span class='ocrx_word' id='word_1_833' title='bbox 3123 5605 3192 5676; x_wconf 72' lang='lat' dir='ltr'><strong>ita</strong></span> <span class='ocrx_word' id='word_1_834' title='bbox 3213 5600 3535 5676; x_wconf 69' lang='lat' dir='ltr'><strong>_tnnl_to_post</strong></span> 
     </span>
    </p>
   </div>
   <div class='ocr_carea' id='block_1_118' title="bbox 1985 5672 3530 5745">
    <p class='ocr_par' dir='ltr' id='par_1_118' title="bbox 1985 5672 3530 5745">
     <span class='ocr_line' id='line_1_118' title="bbox 1985 5672 3530 5745; baseline -0.001 -16"><span class='ocrx_word' id='word_1_835' title='bbox 1985 5672 2113 5729; x_wconf 79' lang='lat' dir='ltr'><strong>mss.</strong></span> <span class='ocrx_word' id='word_1_836' title='bbox 2142 5672 2249 5728; x_wconf 71' lang='lat' dir='ltr'><strong>tres</strong></span> <span class='ocrx_word' id='word_1_837' title='bbox 2272 5672 2478 5745; x_wconf 80' lang='grc' dir='ltr'>ἐτέρου.</span> <span class='ocrx_word' id='word_1_838' title='bbox 2504 5677 2603 5730; x_wconf 77' lang='grc' dir='ltr'><strong>Αίιί</strong></span> <span class='ocrx_word' id='word_1_839' title='bbox 2624 5676 2855 5728; x_wconf 78' lang='lat' dir='ltr'><strong>nuinuue</strong></span> <span class='ocrx_word' id='word_1_840' title='bbox 2877 5674 3095 5728; x_wconf 82' lang='grc' dir='ltr'>ἐτὲοων.</span> <span class='ocrx_word' id='word_1_841' title='bbox 3134 5673 3369 5728; x_wconf 80' lang='lat' dir='ltr'><strong>Subinde</strong></span> <span class='ocrx_word' id='word_1_842' title='bbox 3399 5672 3530 5742; x_wconf 74' lang='lat' dir='ltr'><strong>Reg.</strong></span> 
     </span>
    </p>
   </div>
   <div class='ocr_carea' id='block_1_119' title="bbox 1986 5746 2547 5816">
    <p class='ocr_par' dir='ltr' id='par_1_119' title="bbox 1986 5746 2547 5816">
     <span class='ocr_line' id='line_1_119' title="bbox 1986 5746 2547 5816; baseline 0.004 -18"><span class='ocrx_word' id='word_1_843' title='bbox 1986 5748 2173 5800; x_wconf 82' lang='lat' dir='ltr'><strong>tertius</strong></span> <span class='ocrx_word' id='word_1_844' title='bbox 2206 5746 2436 5816; x_wconf 82' lang='grc' dir='ltr'>ὑπάρχει</span> <span class='ocrx_word' id='word_1_845' title='bbox 2468 5746 2547 5803; x_wconf 89' lang='grc' dir='ltr'><strong>τό.</strong></span> 
     </span>
    </p>
   </div>
  </div>
