4008 6402
522 308 630 365 279

1857 304 1915 360 S.
1956 302 2200 360 BASILII
2238 303 2448 358 MAGNI

3670 308 3777 364 180

520 440 575 481 et
609 436 744 484 bene
772 428 988 498 utrique
1033 428 1336 484 consultum
1386 427 1565 485 fuerit.
1595 427 1712 483 Tibi
1756 430 1897 482 enim
1952 439 2085 481 cerlt

2206 428 2279 499 μὴ
2309 428 2552 498 βαρύνων
2592 427 2723 480 αὐτὸ
2762 430 2877 490 ταῖς
2919 425 3274 497 προσθήκαις,
3312 426 3402 480 καὶ
3441 427 3780 500 ἀμφοτέροις

521 522 830 577 servabitur
859 540 872 575 :
901 523 949 575 ei
999 538 1149 586 vero,
1184 524 1273 590 qui
1322 524 1626 591 acceperit,
1666 523 1871 575 lucrum
1901 536 1966 574 ex
1995 536 2090 574 usu

522 616 769 669 accedet.
800 616 952 681 Quod
1002 618 1046 669 si
1086 620 1512 670 additamentum
1544 617 1708 667 etiam
1735 613 1989 682 requiris,
2026 614 2090 666 iis

521 721 642 776 qua:
683 709 964 776 peudenda
998 718 1124 763 sunt
1157 726 1185 761 a
1221 710 1468 771 Domino,
1502 716 1789 762 contentus
1814 718 1951 761 esto.
1980 708 2093 774 Ipse

525 798 793 865 persolvet
837 814 933 867 pro
987 799 1312 867 pauperibus
1361 813 1576 852 usuras.
1619 799 1700 852 Ab
1732 812 1797 852 eo
1839 799 1928 866 qui
1969 811 2094 852 vere

524 892 787 962 benignus
816 902 919 954 est,
959 892 1343 962 benignitatem
1369 902 1643 959 exSpecta.
1679 891 1807 959 Quae
1831 893 1976 946 enim
2005 910 2095 944 ου-

526 983 661 1053 cipis
694 1000 723 1037 a
775 1000 1025 1053 paupere.
1066 999 1129 1038 ea
1170 1000 1385 1038 omnem
1431 984 1841 1038 iulmmanitatis
1878 983 2092 1036 modum

524 1086 798 1143 superam.
838 1074 995 1128 Facis
1030 1085 1293 1143 quaestum
1337 1091 1403 1128 ex
1449 1075 1868 1135 calamitatibus,
1910 1089 1976 1127 ex
2014 1075 2083 1126 la-

524 1169 727 1236 cryntis
760 1167 968 1234 colligis
1013 1177 1318 1235 argentum,
1371 1167 1572 1221 nudum
1608 1166 1932 1234 strangulas,
1975 1180 2094 1218 ver-

524 1257 681 1310 beras
732 1258 1082 1311 famelicum:
1118 1274 1382 1326 nusquam
1434 1258 1803 1312 misericordia
1850 1275 1864 1310 :
1906 1272 2097 1326 cogna-

523 1349 684 1402 tionis
724 1350 861 1417 ejus,
907 1364 1023 1416 qua»:
1086 1366 1208 1403 cum
1250 1351 1500 1403 diVex-ato
1551 1350 1803 1409 habetur,
1839 1347 2095 1415 cogitatio

520 1438 665 1490 nulla
698 1439 938 1491 animum
990 1440 1129 1491 subit
1167 1456 1179 1491 :
1213 1438 1320 1491 imo
1358 1454 1477 1507 qua:
1503 1438 1629 1491 inde
1664 1437 1983 1505 proveniunt
2013 1436 2094 1488 lu-

518 1541 609 1579 cra
636 1528 867 1580 humana
896 1528 1155 1597 appellas.
1185 1527 1295 1592 Vte,
1324 1528 1616 1597 quidicuut
1644 1542 1885 1580 amarum
1909 1526 2090 1592 dulce,

518 1628 571 1671 ct
597 1617 752 1673 dulce
772 1634 1015 1673 amarunt
1040 1620 1107 1679 ³⁸,
1138 1620 1339 1689 quique
1371 1619 1813 1673 inhnmauitatetn
1846 1620 2094 1671 humani-

521 1717 683 1762 tatem
737 1723 956 1765 vocant.
999 1710 1179 1779 Neque
1235 1726 1361 1766 vero
1413 1711 1687 1780 prOpnsita
1741 1726 1770 1765 a
1827 1710 2091 1764 Samsoue

2200 521 2307 585 ἕξει
2338 520 2535 583 καλῶς.
2569 520 2657 573 Σοὶ
2693 520 2792 590 μὲν
2825 519 2931 590 γὰρ
2961 519 3191 589 ὑπάρξει
3217 521 3278 571 τὸ
3306 521 3366 572 ἐκ
3393 520 3493 589 τῆς
3524 521 3781 590 φυλακῆς

2197 614 2466 680 ἀσφαλές-
2496 612 2571 684 τῷ
2607 612 2661 665 δὲ
2693 612 2907 665 λαϐόντι
2942 612 3000 664 τὸ
3043 614 3105 665 ἐκ
3141 612 3237 682 τῆς
3275 613 3524 682 χρήσεως
3561 612 3773 684 κέρδος.

2199 707 2258 759 EI
2288 706 2343 759 δέ
2373 706 2464 759 καὶ
2492 706 2807 777 προσθήκην
2839 706 3134 775 ἐπιζητεῖς,
3166 703 3462 775 ἀρκέσθητι
3484 706 3596 766 τοῖς
3623 702 3781 773 παρὰ

2202 799 2295 852 τοῦ
2347 799 2572 870 Κυρίου.
2623 798 2793 860 Αὐτὸς
2840 798 2979 868 ὑπὲρ
3026 797 3133 849 τῶν
3184 797 3428 865 πενήτων
3470 795 3562 847 τὸν
3616 796 3779 848 πλεο-

2198 892 2403 961 νασμὸν
2460 891 2728 943 ἀποτίσει.
2792 890 2948 961 Παρὰ
3008 888 3101 941 τοῦ
3160 888 3327 950 δντως
3384 886 3777 958 φιλανθῴιπου

2198 985 2435 1054 ἀνάμενε
2469 984 2534 1035 τὰ
2567 981 2943 1052 φιλάνθρωπα.
2996 982 3056 1032 Ἀ
3097 979 3205 1051 γὰρ
3237 978 3531 1048 λαμϐάνεις
3552 1018 3567 1041 ,
3598 978 3780 1033 ταῦτα

2200 1076 2615 1147 μισανθρωπίας
2666 1074 2922 1143 οὐδεμίαν
2962 1070 3266 1143 ὑπερϐολὴν
3306 1070 3587 1124 ἀπολείπει
3635 1071 3775 1140 (64).

2210 1170 2342 1222 ’Δπὸ
2376 1167 2667 1239 συμφορῶν
2696 1165 3016 1236 κερδαίνεις,
3050 1164 3154 1216 ἀπὸ
3188 1162 3437 1232 δακρύων
3472 1162 3777 1234 ἀργυρολο-

2198 1260 2333 1325 γεῖς,
2378 1256 2466 1308 τὸν
2510 1254 2709 1326 γυμνὸν
2740 1255 2948 1323 ἄγχεις,
2994 1253 3084 1305 τὸν
3123 1251 3456 1323 λιμώττοντα
3504 1252 3733 1315 τύπτεις
3759 1269 3774 1281 ·

2197 1348 2340 1411 ἕλεος
2379 1346 2610 1417 ούδαμοῦ
2636 1361 2649 1374 ⁸
2696 1346 2871 1398 ἔννοια
2905 1346 3004 1415 τῆς
3039 1345 3354 1413 συγγενείας
3398 1345 3492 1397 τοῦ
3535 1347 3777 1415 πάσχον-

2194 1454 2285 1500 τος
2325 1437 2579 1507 οὐδεμίαο
2638 1437 2733 1490 καὶ
2786 1436 2853 1489 τὰ
2898 1434 3145 1488 ἐντεῦθεν
3194 1437 3358 1506 κέρδη
3407 1437 3774 1507 φιλάνθρωπα

2194 1527 2497 1597 ὀνομάζεις.
2532 1527 2664 1580 Οὐαὶ
2694 1529 2741 1579 οἱ
2767 1527 3017 1595 λέγοντες
3046 1527 3106 1579 τὺ
3130 1527 3325 1598 πικρὸν
3352 1529 3547 1596 γλυκὺ,
3578 1532 3675 1582 καὶ
3711 1530 3774 1583 τὸ

2196 1618 2364 1687 γλυκὺ
2387 1619 2580 1689 πικρὸν
2602 1618 2734 1687 (65),
2749 1618 2901 1672 καὶοί
2923 1618 3018 1689 τὴν
3042 1619 3453 1691 μισανθρωπίαν
3469 1619 3775 1692 φιλανθρω-

2194 1711 2324 1764 πίαν
2343 1710 2850 1783 προσαγορεύοντες.
2873 1712 3007 1764 Οὐδὲ
3022 1713 3087 1764 τὰ
3102 1711 3194 1765 τοῦ
3213 1711 3450 1782 Σαμψὼν
3466 1714 3772 1784 αἰνίγματα

517 1800 931 1855 cctnbibonibus
959 1803 1243 1873 aenigmata
1270 1842 1284 1863 ,
1318 1813 1474 1857 erant
1504 1804 1761 1869 ejusmodi
1791 1820 1802 1854 ε
1840 1804 1878 1854 Α
1922 1821 2085 1857 come-

2192 1802 2413 1855 τοιαῦτα
2457 1798 2543 1874 ἦν,
2590 1802 2625 1856 ἃ
2676 1802 3005 1873 προεϐάλετο
3060 1806 3172 1867 τοῖς
3231 1804 3563 1874 συμπόταις·
3631 1806 3772 1859 Ἀπὸ

518 1897 671 1945 dente
714 1894 869 1946 exivit
930 1894 1095 1956 cibus,
1144 1906 1192 1947 et
1230 1912 1261 1947 a
1310 1894 1437 1963 forti
1488 1896 1611 1948 exiit
1662 1895 1812 1949 dulce
1835 1895 1877 1926 ³⁸
1904 1915 1917 1950 :
1944 1905 1997 1948 et
2024 1896 2091 1949 ab

526 1984 825 2038 inhumano
860 1984 1167 2039 humanitas
1204 1988 1420 2054 prodiit.
1462 1986 1581 2039 Non
1612 1986 1858 2055 colligunt
1887 1988 1950 2040 de
1984 1988 2091 2056 ερὶέ

518 2077 602 2128 nis
632 2092 778 2135 uvas.
814 2094 974 2147 neque
1007 2078 1069 2131 de
1106 2080 1311 2132 tribulis
1338 2080 1469 2146 ﬁcus
1491 2079 1557 2141 ⁸⁸,
1600 2094 1770 2147 neque
1810 2095 1838 2133 ει
1885 2079 2091 2135 {amore

516 2169 927 2237 benignitatem.
984 2170 1171 2226 Omnis
1232 2173 1374 2225 enim
1461 2173 1624 2227 arbor
1690 2175 1926 2227 marcida
1984 2173 2093 2227 fru-

518 2274 637 2314 ctus
674 2262 842 2316 malos
896 2262 1043 2316 facit.
1096 2263 1325 2329 Quidam
1382 2274 1505 2317 sunt
1552 2268 1974 2319 centesimatores
2037 2275 2091 2319 el

518 2352 864 2405 decimatora
894 2368 913 2405 :
947 2353 1161 2406 nomina
1219 2353 1304 2408 vel
1353 2355 1536 2408 auditu
1590 2356 1892 2419 horrcnda;
1945 2371 2090 2410 meu-

521 2445 657 2497 strui
695 2444 767 2497 illi
822 2445 1161 2511 repetitores,
1198 2446 1342 2499 velut
1382 2446 1434 2499 hi
1484 2448 1755 2501 daemones
1790 2449 1877 2517 qui
1920 2451 2091 2503 comi-

519 2534 663 2586 tialis
712 2533 883 2587 morbi
941 2546 1193 2589 auctores
1242 2545 1391 2599 sunt,
1424 2536 1493 2589 ad
1547 2539 1686 2591 lume
1736 2541 1986 2606 periodos
2032 2539 2087 2594 in

521 2641 782 2694 pauperes
841 2627 1120 2683 invadunt.
1161 2627 1313 2695 Quod
1365 2630 1542 2695 datur,
1581 2630 1632 2684 id
1686 2632 1901 2700 utrique
1951 2633 2090 2687 male

515 2718 680 2778 cedit,
708 2730 764 2773 et
797 2718 970 2783 danti,
1003 2730 1055 2773 et
1089 2720 1372 2790 accipienti
1413 2737 1427 2773 :
1462 2721 1586 2775 huic
1628 2722 1843 2789 quidem
1896 2724 1948 2777 in
1993 2738 2087 2792 pe-

517 2810 733 2871 cunias.
767 2810 840 2864 illi
874 2826 1001 2865 vero
1037 2812 1087 2864 in
1136 2812 1305 2881 ipsam
1346 2813 1580 2867 animam
1615 2815 1868 2868 damnum
1904 2815 2084 2874 infert.

518 2900 792 2969 Agricola,
828 2902 975 2969 spica
1029 2915 1271 2971 accepta,
1306 2917 1491 2957 semen
1541 2919 1728 2958 rursus
1769 2905 1869 2958 sub
1910 2906 2089 2961 radice

519 3008 627 3047 nou
665 3004 941 3047 scrutatur
974 3012 986 3047 :
1023 3004 1076 3047 tu
1108 3010 1235 3048 vero
1267 3004 1321 3048 et
1352 2996 1559 3049 fruetus
1589 2996 1772 3061 habes,
1799 3006 1852 3051 et
1884 3005 2084 3051 sortem

517 3099 624 3137 non
662 3083 941 3152 relinquis.
978 3085 1193 3140 Plantas
1226 3084 1342 3139 sine
1372 3096 1549 3149 terra;
1579 3088 1693 3140 sine
1726 3088 1933 3143 satiOne
1971 3103 2083 3142 me—

2191 1896 2499 1959 ὲσθίοντος
2509 1894 2575 1958 ἐξ
2585 1895 2728 1960 ἦλθε
2745 1892 2993 1961 βιώσας,
3013 1894 3111 1948 καὶ
3128 1894 3243 1948 ἀπὸ
3267 1895 3520 1963 ἰσχυροῦ
3540 1895 3769 1962 ἐξῆλθε

2191 1988 2382 2056 γλυκύ
2404 2003 2416 2015 ⁸
2458 1988 2549 2040 καὶ
2572 1987 2679 2041 ἀπὸ
2715 1986 3096 2058 μισανθρὼπου
3126 1986 3317 2057 ἐξῆλθε
3359 1986 3766 2058 φιλανθρωπία.

2185 2084 2267 2134 Οὺ
2313 2081 2727 2149 συλλέγουσιν
2775 2078 2891 2133 ἀπὸ
2930 2078 3208 2133 ἀκανθῶν
3241 2081 3583 2148 σταφυλὰς,
3620 2081 3770 2135 οὐδὲ

2189 2172 2307 2227 ἀπὸ
2334 2174 2617 2240 τριϐόλων
2636 2171 2797 2224 σῦκα
2815 2214 2829 2236 ,
2853 2172 2971 2225 ούδέ
2995 2171 3102 2223 ἀπὸ
3126 2171 3299 2223 τόκων
3324 2170 3765 2241 φιλανθρωπίαν.

2190 2266 2306 2318 Πᾶν
2350 2264 2459 2335 γὰρ
2497 2264 2710 2335 δένδρον
2750 2264 2956 2334 σαπρὸν
2999 2265 3243 2334 καρποὺς
3274 2264 3541 2331 πονηροὺς
3587 2264 3761 2315 ποιεί.

2202 2355 2691 2423 Ἐκατοστολόγοι
2720 2354 2812 2406 καὶ
2830 2354 3222 2423 δεχατηλόγοι
3249 2353 3391 2416 τινὲς
3418 2351 3532 2423 (66)
3556 2354 3766 2424 φρικτά

2190 2446 2282 2499 καὶ
2319 2445 2650 2517 ἀκουσθῆναι
2679 2445 2946 2515 ὀνόματα·
2974 2448 3205 2516 μηνιαῖοι
3231 2446 3547 2517 ἀπαιτηταὶ,
3571 2444 3766 2517 ὥσπερ

2189 2540 2239 2591 οἱ
2267 2538 2364 2602 τὰς
2392 2538 2681 2609 ἐπιληψίας
2714 2538 2993 2603 ποιοῦντες
3023 2539 3300 2609 δαίμονες,
3347 2540 3488 2593 κατά
3524 2539 3624 2603 τὰς
3668 2557 3767 2593 πε-

2192 2628 2398 2698 ριόδους
2460 2627 2560 2698 τῆς
2622 2628 2850 2697 σελήνης
2905 2628 3266 2698 ἐπιτιθέμενοι
3337 2632 3448 2692 τοῖς
3503 2632 3760 2699 πτωχοῖς.

2191 2721 2409 2791 Πονηρά
2437 2720 2581 2783 δόσις
2612 2720 2876 2791 ἐκατέρῳ,
2911 2720 3005 2773 καὶ
3040 2719 3115 2790 τῷ
3135 2720 3349 2785 διδόντι,
3387 2723 3481 2775 καὶ
3506 2722 3583 2792 τῷ
3613 2723 3762 2791 λαμ-

2189 2814 2402 2865 ϐάνοντι
2424 2830 2435 2842 ·
2467 2811 2542 2883 τῷ
2592 2813 2688 2883 μὲν
2733 2815 2811 2875 είς
2842 2816 3116 2883 χρήματα,
3150 2813 3228 2882 τῷ
3258 2814 3313 2866 δέ
3357 2816 3433 2878 εἰς
3462 2815 3629 2886 αὐτὴν
3662 2816 3763 2884 τὴν

2187 2904 2363 2975 ψυχὴν
2392 2905 2629 2976 φέρουσα
2658 2905 2754 2975 τὴν
2778 2906 3001 2975 ζημίαν.
3044 2906 3100 2958 Ὀ
3134 2907 3396 2976 γεωργὸς,
3428 2906 3517 2960 τὸν
3558 2908 3763 2977 στάχυν

2192 2996 2394 3061 λαϐὼν,
2424 2997 2485 3050 τὸ
2515 2998 2735 3069 σπέρμα
2767 2997 2927 3050 πάλιν
2957 2997 3060 3050 ὑπὸ
3085 2998 3183 3069 τὴν
3212 3000 3367 3069 ῥίζαν
3398 3001 3497 3053 οὐκ
3527 3002 3723 3071 ἐρευνᾷ
3743 3016 3759 3031 ο

2192 3087 2255 3139 σὺ
2292 3087 2348 3140 δέ
2382 3087 2475 3140 καὶ⁸
2512 3089 2639 3150 τοὺς
2689 3090 2937 3159 καρποὺς
2981 3088 3146 3159 ἔχεις,
3197 3090 3292 3143 καὶ
3336 3090 3435 3144 ούκ
3463 3092 3762 3161 ἀφίσταται

520 3174 610 3228 tis.
641 3174 737 3229 Cui
780 3190 1062 3245 congeras,
1097 3179 1361 3232 incertum
1402 3189 1509 3233 est.
1545 3178 1644 3244 Qui
1672 3181 1740 3233 ob
1770 3196 1961 3235 usuras
2003 3180 2083 3234 Ia-

2190 3177 2295 3231 τῶν
2349 3179 2610 3249 ἀρχαίων.
2653 3179 2814 3231 Ἀνευ
2868 3179 2972 3248 γῆς
3033 3179 3314 3247 φυτεύειςο
3367 3180 3495 3233 ἄνευ
3553 3182 3763 3251 σπορᾶς

517 3276 817 3335 crymatur,
846 3280 996 3322 certo
1027 3272 1338 3340 agnoscitur
1375 3290 1388 3325 :
1423 3271 1512 3340 qui
1544 3287 1671 3325 vero
1706 3288 1892 3325 earum
1929 3274 2081 3340 copia

516 3358 785 3415 fruiturus
824 3370 927 3423 est,
962 3378 1065 3415 non
1110 3373 1277 3417 certo.
1317 3363 1448 3416 Nam
1491 3364 1757 3417 incertmn
1789 3374 1871 3418 est
1904 3377 2080 3419 utrum

440 3448 443 3451 ’
517 3467 623 3507 non
659 3453 735 3507 sis
772 3454 891 3508 aliis
931 3455 1239 3509 divitiarum
1276 3472 1430 3511 usum
1481 3458 1788 3523 relicturus,
1820 3470 1874 3513 et
1904 3469 2082 3513 tamen

518 3544 613 3597 tibi
668 3544 778 3613 ipse
831 3544 1027 3597 malum
1074 3546 1354 3613 iniquitate
1401 3547 1660 3600 ascivisti.
1695 3545 1875 3616 Neque
1923 3547 2084 3617 igitur

513 3636 766 3689 volentem
819 3648 1053 3689 mutuum
1096 3654 1349 3705 accipere,
1382 3639 1632 3691 averseris
1667 3638 1735 3700 δ’,
1769 3653 1941 3706 neque
1985 3652 2079 3708 pe-

512 3728 726 3780 cuniam
761 3738 907 3780 tuam
944 3729 1150 3783 [canore
1195 3730 1565 3796 occupaveris.
1600 3730 1675 3783 Ex
1709 3728 1883 3784 Veteri
1917 3739 1972 3783 et
2013 3746 2081 3783 ex

517 3818 669 3875 Novo
702 3820 1050 3877 Testamento
1102 3822 1458 3876 conducibilia
1501 3822 1745 3888 edoctus,
1785 3823 1921 3876 bona
1960 3839 2080 3877 cum

514 3925 608 3978 spe
654 3911 719 3964 ad
766 3912 1049 3967 Dominum
1099 3914 1287 3977 abeas,
1323 3914 1585 3968 bonorum
1621 3929 1844 3982 operum
1883 3930 2081 3968 usuras

514 4001 623 4053 illic
670 4014 1028 4074 recepturus:
1080 4006 1131 4059 iu
1162 4005 1379 4059 Christo
1421 4005 1544 4059 .Iesu
1592 4005 1817 4060 Domino
1872 4019 2079 4065 nosuo.

513 4094 601 4144 cui
630 4093 795 4161 gloria
824 4104 878 4147 et
904 4095 1188 4163 imperium
1215 4099 1265 4147 iu
1294 4097 1485 4149 saecula
1512 4096 1853 4153 sazculorttm.
1886 4097 2079 4151 Amen.

2188 3270 2441 3339 θερίζεις.
2480 3270 2743 3341 Ἀδηλον,
2798 3271 2902 3323 τίνι
2952 3271 3221 3338 συνάγεις.
3270 3272 3325 3323 ’0
3363 3271 3460 3341 μὲν
3506 3271 3763 3341 δακρύων

2185 3362 2276 3415 ἐπὶ
2314 3364 2425 3425 τοῖς
2457 3362 2637 3425 τόκοις
2694 3361 2987 3433 πρόδηλος·
3040 3365 3068 3416 ό
3125 3362 3180 3415 δέ
3216 3362 3505 3417 ἀπολαύειν
3547 3362 3760 3432 μέλλων

2184 3453 2283 3522 τῆς
2300 3454 2406 3505 ἀπὸ
2420 3452 2624 3505 τούτων
2650 3454 2965 3525 περιουσίας
2988 3454 3305 3523 ἀμφίϐολος.
3333 3454 3561 3525 ’Λδηλον
3581 3455 3691 3525 γὰρ
3710 3456 3758 3508 εί

2187 3542 2487 3615 μὴ;ἐτέροις
2512 3543 2609 3614 τὴν
2639 3545 2731 3597 ἐπὶ
2761 3543 2838 3615 τῷ
2868 3544 3082 3614 πλούτῳ
3105 3546 3262 3617 χάριν
3289 3545 3401 3615 (67)
3422 3547 3680 3615 ἀφήσεις,
3697 3547 3759 3599 τὸ

2185 3640 2248 3692 ἐκ
2279 3640 2377 3709 τῆς
2402 3640 2614 3703 ἀδικίας
2646 3641 2812 3693 κακὸν
2844 3639 3053 3709 σεαυτῷ
3083 3639 3437 3711 θησαυρίσας.
3467 3643 3524 3694 Μ
3531 3639 3630 3701 tite
3665 3638 3757 3694 οἷν

2183 3729 2290 3783 τὸν
2349 3730 2601 3784 θέλοντα
2653 3730 3044 3783 δανείσασθαι
3094 3729 3509 3799 ἀποστραφῇς,
3548 3731 3643 3782 καὶ
3699 3730 3758 3781 τὸ

2184 3822 2446 3894 ἀργύριόν
2488 3840 2578 3875 σου
2632 3822 2704 3892 μὴ
2746 3820 2851 3891 δῷς
2896 3822 2989 3874 ἐπὶ⁵
3030 3822 3194 3890 τόκῳ,
3246 3822 3352 3881 ἵνα,
3405 3825 3467 3874 ὲκ
3512 3822 3756 3884 Παλαιᾶς

2185 3916 2279 3967 καὶ
2322 3915 2463 3978 Νέας
2511 3914 2783 3984 Διαθήκης
2816 3913 2885 3966 τὰ
2927 3913 3272 3983 συμφέροντα
3304 3913 3600 3982 διδαχθεὶς,
3636 3916 3755 3982 μετ’

2185 4008 2395 4077 ἀγαθῆς
2439 4011 2539 4078 τῆς
2586 4007 2796 4069 ἐλπίδος
2846 4005 2982 4077 πρὸς
3024 4007 3114 4060 τὸν
3165 4006 3365 4075 Κύριον
3400 4005 3587 4078 ἀπίῃς,
3639 4007 3759 4058 ἐκεῖ

2184 4100 2309 4161 τοὺς
2335 4099 2528 4160 τόκους
2556 4097 2662 4151 τῶν
2709 4096 2925 4165 ἀγαθῶν
2971 4096 3147 4167 ἔργων
3202 4096 3648 4167 ἀποληψόμενος,
3695 4097 3756 4150 ἐν

510 4178 733 4253 Χριστῷ
773 4182 944 4254 Ἰησοῦ
982 4184 1059 4256 τῷ
1098 4186 1288 4256 Κυρίῳ
1328 4185 1505 4256 ἡμῶν,
1549 4178 1593 4252 ᾧ
1649 4188 1683 4257 ἡ
1721 4186 1847 4252 δόξα
1888 4188 1983 4239 καὶ
2019 4188 2079 4239 τὸ
2117 4188 2314 4259 κράτος
2345 4191 2424 4252 εἰς
2457 4189 2583 4252 τοὺς
2611 4188 2812 4251 αἰῶνας
2830 4188 2937 4241 τῶν
2968 4187 3199 4242 αἰώνων.
3244 4189 3432 4261 Ἀμήν.

930 4441 993 4496 IN
1033 4442 1359 4497 PSALMUM
1401 4444 1633 4499 XXVIII.

717 4534 963 4590 Psalmus
997 4535 1160 4588 David
1191 4537 1245 4588 in
1278 4537 1419 4590 exitu
1450 4554 1482 4591 α
1516 4537 1876 4592 tabernaculo.

2582 4446 2690 4498 ΕΙΣ
2724 4446 2859 4498 TON
2895 4447 3007 4498 Kll'
3031 4444 3347 4499 ΨΑΛΜΟΝ.

2353 4537 2599 4607 Ψαλμός
2625 4535 2703 4602 τῷ
2729 4537 2905 4590 Δαϐὶδ
2936 4536 3171 4601 ἐξοδίου
3193 4535 3430 4603 σκηνῆς
3457 4534 3588 4605 (68)-

586 4628 634 4683 ι.
689 4626 937 4682 Psalmus
1003 4627 1290 4681 vicesimus
1359 4638 1581 4684 octavus
1644 4630 1807 4684 habet
1862 4630 2074 4698 quidem

2252 4632 2304 4685 I.
2365 4632 2423 4683 ὐ
2454 4596 2697 4694 είκοστὸς
2748 4630 2933 4699 ὄγδοος
2975 4596 3187 4699 (tam;
3236 4596 3345 4698 ἔχει
3547 4596 3645 4680 καὶ
3694 4626 3754 4677 τὸ

507 4730 717 4791 partem
766 4719 1136 4788 inscriptionis
1180 4736 1555 4783 communem;
1610 4721 1861 4774 Psalmus
1909 4723 2074 4787 enim,

506 4813 707 4883 inquit,
740 4812 978 4866 Davidi:
1029 4812 1192 4867 habet
1248 4827 1373 4866 vero
1421 4822 1473 4866 et
1523 4813 1724 4880 aliquid
1762 4814 2072 4882 proprium;

2183 4724 2361 4776 κοινὸν
2392 4724 2488 4793 τῆς
2525 4723 2836 4794 ἐπιγραφῆς
2856 4739 2869 4752 ·
2903 4720 3149 4790 Ψαλμὸς
3173 4724 3301 4791 γὰρ,
3336 4720 3489 4788 φησι,
3533 4717 3613 4784 τῷ
3642 4720 3753 4771 Δα-

2184 4814 2307 4867 ϐίδ·
2341 4813 2454 4883 ἔχει
2483 4813 2538 4866 δέ
2579 4830 2633 4865 τι
2677 4817 2768 4865 καὶ
2822 4812 3052 4876 ἰδιάζον·
3086 4810 3406 4881 πρόσκειται
3436 4808 3579 4879 γάρ,
3626 4806 3752 4871 Ἑξ-

580 4945 624 4976 ³⁸
655 4945 773 4998 lsai.
802 4960 855 5008 ν,
884 4943 974 4997 20.
1049 4944 1093 4975 ³⁸
1118 4942 1294 4999 .Iudic.
1322 4959 1433 5009 XIV,
1473 4943 1559 4997 Η.
1635 4945 1679 4975 ⁸⁸
1708 4944 1898 4998 Matth.
1926 4961 2020 5009 ut,
2064 4948 2081 4998 Ι

2221 4947 2264 4977 δ’
2296 4946 2486 5000 Matth.
2514 4962 2565 5009 v,
2592 4946 2683 5000 $2.

580 5056 694 5125 (64)
730 5054 858 5124 Reg.
899 5055 1089 5107 tertius
1110 5053 1453 5108 καταλείπει.
1499 5052 1694 5108 Statim
1729 5054 1878 5108 Colb.
1918 5070 2079 5122 quar-

511 5124 596 5183 tus
632 5126 839 5196 πένητα
866 5125 1075 5195 ἄγχεις.
1122 5125 1323 5179 Ibidem
1360 5126 1501 5179 idem
1535 5126 1699 5178 codex
1736 5124 1949 5191 πνίγεις
1984 5142 2081 5194 pro

504 5199 751 5259 τύπτεις.

580 5268 691 5337 (65)
720 5266 831 5329 Illa,
871 5265 1049 5319 καὶτὸ
1078 5264 1501 5337 γλυκὺ-πικρόν,
1539 5264 1942 5337 θάάίίίἰιῃυεῄρκ
1975 5264 2080 5317 Re-

507 5334 874 5411 giissecundo
898 5348 969 5411 e_t_
991 5347 1165 5411 sexto.
1198 5334 1338 5411 Infra
1357 5406 1365 5411 _
1384 5334 1515 5411 Reg.
1547 5334 1814 5411 secundus
1842 5334 1953 5386 ἀπὸ
1986 5352 2078 5411 μιτ

508 5404 875 5478 ἆανθρωπίας.
930 5405 1036 5478 Nec
1075 5406 1229 5478 aliter
1270 5406 1540 5478 legiturin
1593 5404 1720 5471 Reg.
1754 5416 1929 5478 sexto,
1982 5405 2074 5458 sed

508 5474 744 5532 secunda
784 5492 965 5529 manu.
999 5476 1137 5530 Editi
1170 5490 1299 5528 vero
1326 5484 1379 5527 et
1413 5474 1506 5529 alii
1541 5488 1633 5529 Sex
1665 5488 1792 5528 mss.
1826 5474 1934 5527 ἀπὸ
1984 5492 2075 5545 μι-

508 5548 639 5605 σανθ
648 5546 831 5617 ρώπου
842 5588 854 5599 .

581 5612 693 5684 (66)
730 5617 823 5669 Sic
856 5615 1020 5671 editio
1061 5614 1254 5676 Basil.,
1287 5627 1447 5684 quam
1490 5612 1818 5680 scripturam
1854 5615 2077 5669 exhibet

511 5683 725 5754 quoque
776 5687 907 5754 Reg.
937 5700 1143 5745 sextus,
1181 5700 1285 5754 non
1319 5683 1533 5751 quidem
1566 5685 1736 5750 prima
1768 5700 1952 5749 manu,
1980 5685 2072 5740 sed

514 5753 733 5826 antiqua
788 5753 989 5811 tamen.
1046 5756 1222 5810 Editio
1256 5753 1429 5810 Paris.
1487 5771 1588 5811 nou
1626 5770 1783 5811 secus
1829 5773 1892 5813 ac
1940 5772 2069 5812 mss.

2188 5057 2339 5110 multi
2369 5057 2732 5127 δεκατολόγοι.
2758 5056 2861 5111 Alii
2892 5057 2996 5109 duo
3035 5073 3164 5111 mss.
3199 5056 3599 5127 δεκαστολόγοι.
3631 5060 3752 5116 Mox

2190 5127 2322 5192 Rt-g.
2358 5130 2561 5193 primus
2590 5128 2690 5191 τάξ
2712 5127 3015 5198 ἐπιλήψεις.
3058 5127 3296 5182 Subinde
3324 5127 3458 5198 Reg.
3482 5135 3753 5187 secundus

2186 5197 2499 5268 ἐπιθέμενοι
2531 5202 2784 5267 πτωχοῖς.

2255 5266 2369 5338 (67)
2403 5269 2493 5321 Sic
2515 5266 2657 5324 octo
2679 5286 2808 5325 mss.
2829 5285 2948 5323 cum
2974 5268 3210 5323 editione
3234 5266 3397 5322 Basil.
3433 5269 3608 5323 Editio
3626 5286 3752 5326 vero

2179 5337 2356 5411 [’aris.
2382 5339 2827 5411 ﬁlOlSTQJ‘XdpaV.
2876 5339 2995 5411 Mos
3041 5355 3169 5411 mss.
3216 5343 3521 5411 non_pauci
3554 5341 3621 5392 ἵν’
3666 5345 3750 5398 ἐκ.

2180 5407 2373 5462 Statim
2400 5407 2577 5463 editio
2602 5407 2773 5463 Paris.
2817 5408 3164 5480 συμφέροντά
3191 5426 3291 5463 σοι.
3346 5408 3459 5464 Vox
3488 5427 3570 5464 σοι
3599 5413 3752 5467 abest

2178 5480 2247 5531 ab
2268 5481 2521 5533 omnibus
2558 5495 2686 5532 mss.

2250 5549 2361 5617 (68)
2396 5551 2508 5613 Illa,
2532 5549 2759 5619 Ψαλμδς
2791 5550 2868 5621 τῷ
2893 5550 3055 5604 Δασιδ
3082 5550 3282 5615 ἐξοδίου
3320 5551 3546 5621 σκηνῆς,
3577 5551 3750 5621 legun-

2183 5628 2267 5671 tur
2299 5621 2515 5687 quidem
2548 5622 2599 5673 in
2629 5622 2955 5676 Colbertinis
2987 5625 3222 5676 secundo
3243 5634 3295 5675 et
3326 5624 3555 5685 septimo
3601 5634 3655 5675 et
3694 5625 3747 5673 itt

2180 5690 2414 5745 editione
2478 5689 2768 5747 Parisiensi
2825 5711 2837 5746 :
2894 5695 2986 5749 sed
3030 5693 3083 5747 iu
3138 5694 3259 5749 aliis
3306 5704 3430 5749 octo
3481 5707 3612 5747 mss.
3655 5694 3748 5747 de-

2180 5767 2324 5814 suat.
