4008 6402
324 412 425 468 291

1451 413 1729 469 HOMILIA
1770 415 1832 470 IN
1873 416 2204 476 PSALMUM
2245 422 2482 478 XXVIII.

3472 434 3576 490 282

325 531 496 586 οδίου
525 529 784 598 σκηνῆς.
814 529 878 583 Τί
909 530 965 584 δὲ
1017 531 1173 584 τοῦτό
1206 533 1355 597 sort;
1407 533 1706 606 Νοήσωμεν
1742 536 1794 587 τί
1827 535 1890 589 τὸ

2005 555 2125 592 natu
2164 540 2398 608 additur,
2454 544 2515 597 In
2559 549 2702 598 exitu
2743 561 2774 596 α
2819 545 3177 601 tabernam/0.
3207 547 3344 615 Quid
3390 561 3572 606 autem

325 621 550 687 ἐξόδιον,
595 621 690 674 καὶ
724 621 809 684 τίς
848 623 882 692 ἡ
923 621 1118 692 σκηνὴ,
1149 622 1237 675 ἴνα
1270 624 1328 678 ἐν
1361 624 1439 695 τῷ
1473 623 1772 696 βουλήματι
1809 626 1904 680 τοῦ

322 711 541 783 ψαλμοῦ
555 712 870 783 δυνηθῶμεν
898 714 1173 782 γενέσθαι.
1208 716 1352 786 Πρὸς
1387 715 1486 787 μὲν
1511 713 1604 770 οὖν
1631 717 1730 788 τὴν
1766 720 1905 771 ἱστο-

329 801 452 854 οίαν
491 801 632 868 δόξει
665 804 776 865 τοῖς
816 803 1020 874 ἱερεῦσι
1057 805 1150 857 καὶ
1183 808 1295 870 τοῖς
1329 807 1578 870 Λευΐταις
1611 806 1906 877 ἀφεμένοις

323 889 420 944 τοῦ
457 890 617 962 ἔργου
650 890 758 961 (69)
787 892 847 944 τὸ
881 893 1248 964 παράγγελμα
1289 893 1526 948 δίδοσθαι
1552 895 1730 960 τοῦτο,
1764 895 1904 948 ὥστε

329 981 638 1053 μεμνῆσθαι
675 981 784 1035 τῶν
812 984 1131 1053 ὀφειλόντων
1161 987 1345 1050 αὐτοῖς
1390 987 1903 1059 παρασκευασθῆναι

327 1074 466 1145 πρὸς
491 1074 588 1145 τὴν
615 1073 884 1146 λατρείαν.
933 1075 1265 1140 Ἐξοδεύουσι
1289 1078 1397 1149 γάρ
1435 1079 1542 1132 ἀπὸ
1573 1078 1669 1150 τῆς
1701 1078 1903 1149 σκηνῆς

322 1152 424 1219 ’καὶ
445 1165 645 1231 ἐξιοῦσι
661 1166 844 1221 λοιπὸν
859 1171 886 1222 6
907 1168 1061 1238 λόγος
1081 1169 1510 1242 διαμαρτύρεται
1533 1171 1688 1224 ἅτινα
1708 1170 1905 1234 αὐτοὺς

328 1258 723 1329 ἐτοιμάσαντας
751 1258 1017 1330 προσῆκε,
1067 1259 1190 1312 τίνα
1240 1259 1461 1330 ἔχοντας
1500 1259 1609 1330 (70)
1643 1259 1778 1330 πρὸς
1806 1259 1902 1330 τὴν

328 1349 460 1419 ἑξῆς
498 1351 809 1420 ἀπαντῆσαι
833 1368 846 1381 °
895 1352 996 1416 ὅτι,
1042 1353 1191 1416 υἱοὺς
1225 1351 1394 1422 κριῶν
1417 1369 1432 1383 ’
1479 1353 1581 1416 ὅτι,
1617 1352 1774 1416 δόξαν
1809 1354 1904 1406 καὶ

326 1445 494 1514 τιμήν
513 1460 526 1474 °
555 1445 656 1508 ὅτι,
684 1444 838 1510 δόξαν
870 1445 1094 1515 ὀνόματι
1123 1447 1289 1498 αὑτοῦ
1315 1462 1327 1475 ·
1353 1447 1455 1510 ὅτι,
1485 1445 1720 1517 οὐδαμοῦ
1743 1445 1902 1498 ἀλλα-

328 1533 426 1602 χοῦ
457 1533 796 1606 λατρεύεινῆ
837 1537 893 1588 ὲν
937 1539 999 1606 τῇ
1043 1537 1179 1608 αὐλῇ
1213 1536 1306 1589 τοῦ
1347 1537 1551 1608 Κυρίου
1601 1537 1693 1588 καὶ
1735 1532 1794 1588 ἐν
1825 1536 1902 1608 τῷ

327 1625 480 1695 τόπῳ
521 1625 612 1678 τοῦ
644 1626 984 1697 ἀγιάσματος
1015 1629 1279 1700 προσῆκε.
1316 1627 1459 1699 Πρὸς
1499 1629 1554 1681 δὲ
1586 1629 1677 1683 τὸν
1705 1631 1736 1699 ἡ
1748 1628 1904 1700 μέτε-

330 1733 425 1789 ρον
449 1716 572 1771 νοῦν
605 1718 700 1771 τὸν
732 1718 799 1771 τά
841 1718 1017 1790 ὑψηλά
1049 1720 1377 1791 θεωροῦντα,
1409 1722 1505 1774 καὶ
1555 1721 1642 1774 διὰ
1676 1726 1774 1793 τῆς
1807 1741 1902 1792 με-

2009 632 2108 686 hoc
2137 632 2256 686 es”
2286 634 2700 690 Consideremus
2725 636 2848 704 quis
2875 632 2944 690 sit
2974 636 3062 691 ille
3089 640 3282 703 exitus,
3313 649 3368 694 et
3393 644 3572 709 quod-

2007 737 2126 775 nam
2167 723 2242 776 sit
2284 724 2412 777 illud
2456 725 2880 788 tabernaculum,
2917 735 2976 780 ιιι
3027 726 3222 781 Psalmi
3271 729 3574 798 intelligen-

2007 813 2134 866 tiam
2175 813 2332 885 114
2358 815 2570 884 assequi
2615 817 2908 869 valeamus.
2952 815 3102 882 Quod
3132 818 3296 886 igitur
3331 821 3570 887 pertinet

2006 907 2070 959 ad
2111 907 2418 972 historiam,
2448 905 2500 960 id
2530 907 2784 976 praecepti
2816 906 3085 961 videbitur
3115 910 3487 964 sacerdotibus
3516 921 3576 964 el.

2005 998 2182 1054 Ievitis
2209 1013 2372 1068 opere
2403 997 2603 1052 functis
2629 999 2812 1053 datum
2839 1013 2979 1060 esse,
3009 1009 3066 1053 ut
3093 1015 3278 1055 eorum
3310 1017 3430 1070 quae
3456 1018 3483 1054 a
3513 1018 3576 1058 se

2005 1091 2070 1143 ad
2118 1089 2477 1143 ministerium
2527 1090 2817 1159 praeparari
2873 1090 3088 1152 debent,
3135 1093 3572 1148 rrmiuiscantur.

2005 1182 2340 1238 Exeuutibus
2369 1183 2508 1235 enim
2541 1199 2572 1237 e
2615 1180 2986 1248 tabernaculo,
3019 1181 3292 1252 Scriptura
3326 1199 3446 1236 mox
3479 1183 3575 1239 de-

2003 1275 2195 1339 clarat,
2227 1289 2347 1342 quze
2381 1274 2526 1342 ipsos
2562 1289 2780 1343 parasse
2830 1289 2924 1344 par
2963 1273 3053 1336 sit,
3087 1283 3140 1327 et
3169 1290 3287 1342 qua:
3329 1283 3576 1344 oporteat

2005 1367 2222 1430 habere,
2258 1376 2313 1419 ut
2360 1367 2425 1418 ad
2477 1375 2789 1434 seqaentem
2841 1368 2980 1420 diem
3028 1367 3370 1430 conveniant,
3412 1369 3568 1421 uimi-

2005 1473 2120 1511 rnm
2173 1458 2308 1511 filios
2361 1459 2614 1521 arietum,
2649 1456 2898 1526 gloriam,
2935 1459 3216 1521 honorem,
3248 1469 3302 1510 et
3347 1457 3571 1526 gloriam

2005 1550 2208 1603 uotnini
2247 1549 2398 1616 ejus;
2439 1550 2588 1612 item,
2622 1564 2884 1618 nusquam
2921 1551 3045 1603 alibi
3091 1550 3190 1604 nisi
3233 1551 3284 1604 in
3322 1552 3438 1603 aula
3475 1552 3574 1604 Dn-

2003 1643 2132 1696 mini
2160 1653 2213 1696 et
2238 1642 2543 1696 sanctitatis
2569 1641 2685 1694 loco
2709 1643 2906 1695 cultum
2923 1643 3164 1698 exhiberi
3189 1646 3401 1697 debere.
3422 1644 3574 1710 Quod

2005 1748 2132 1787 vero
2167 1737 2232 1786 ad
2268 1734 2373 1785 vim
2409 1731 2738 1802 intelligendi
2776 1743 3016 1785 nostram
3063 1743 3289 1802 spectat,
3324 1736 3574 1788 sublimia

267 1877 284 1891 .
326 1808 630 1878 γαλοφυοῦς
676 1811 769 1864 καὶ
824 1810 1137 1882 πρεπούσης
1162 1814 1228 1882 τῇ
1281 1812 1402 1884 θείᾳ
1429 1814 1619 1884 Γραφῇ
1663 1814 1894 1879 διανοίας

2002 1822 2476 1888 contemplantem,
2504 1831 2663 1890 atque
2695 1821 2977 1891 magniﬁca
3009 1825 3253 1891 quamam
3285 1839 3349 1878 ac
3377 1827 3573 1878 divinae

328 1901 632 1955 οίκειοῦντα
661 1903 792 1972 ἡμῖν
822 1903 913 1954 τὸν
946 1903 1142 1973 νόμον,
1187 1905 1370 1956 ἐκεῖνα
1403 1905 1533 1975 ἡμῖν
1568 1905 1897 1959 ὑποπίπτει⁸

325 1993 453 2048 οὔτε
485 1993 638 2064 κριὸς
664 1993 724 2046 τὸ
750 1994 916 2067 ἄρρεν
938 1997 992 2046 ὲν
1021 1997 1132 2058 τοῖς
1161 1996 1454 2066 προϐάτοις
1505 1999 1726 2060 νοεῖται,
1777 1997 1900 2050 οὔτε

329 2086 504 2158 σκηνὴ
549 2086 610 2140 τὸ
632 2087 696 2139 ἐκ
724 2087 823 2157 τῆς
858 2086 1064 2156 ἀψύχου
1109 2085 1313 2156 ταύτης
1343 2085 1476 2158 ῦλης
1501 2090 1897 2160 συμπηγνύμεο

327 2195 418 2234 νον
461 2177 695 2249 οἴκημα,
740 2177 862 2231 οὕτε
905 2177 1082 2242 ἔξοδος
1132 2180 1336 2250 σκηνῆς
1389 2182 1420 2250 ἡ
1473 2181 1581 2235 ἀπὸ
1626 2181 1720 2235 τοῦ
1769 2181 1897 2236 ναοῦ

327 2270 691 2341 ἀναχώρησις,
735 2268 876 2322 ἀλλὰ
902 2270 1074 2340 σκηνὴ
1122 2270 1220 2340 μὲν
1254 2274 1385 2342 ἡμῖν
1413 2274 1475 2325 τὸ
1520 2273 1676 2345 σῶμα
1711 2274 1897 2337 τοῦτο,

328 2363 405 2427 ὡς
434 2364 464 2415 6
507 2363 824 2426 Ἀπόστολος
865 2364 1011 2433 ἡμᾶς
1051 2364 1258 2429 ἐδίδαξε
1287 2365 1480 2435 λέγων,
1522 2367 1604 2420 ὅτι
1639 2371 1700 2422 Οἱ
1729 2368 1901 2433 ὄντες

325 2456 396 2508 ἐν
428 2453 508 2519 τῷ
548 2454 761 2522 σκήνει
799 2453 1194 2525 στενάζομεν·
1243 2459 1336 2511 καὶ
1374 2458 1536 2512 πάλιν
1576 2461 1604 2512 6
1649 2459 1895 2531 ψαλμός·

325 2549 434 2604 Καὶ
458 2548 683 2618 μάστιξ
715 2550 825 2601 οὐκ
852 2548 1038 2617 ἐγγιεῖ
1077 2548 1156 2615 τῷ
1202 2550 1549 2621 σκηνώματί
1589 2569 1725 2608 σου.
1785 2551 1897 2618 Ἐξ·

323 2640 468 2694 όδιον
494 2640 550 2692 δὲ
586 2640 791 2710 σκηνῆς
821 2642 853 2711 ὴ
882 2640 989 2693 ἀπὸ
1017 2640 1110 2693 τοῦ
1144 2641 1257 2712 βίου
1302 2643 1492 2697 τούτου
1521 2644 1888 2716 ἀναχώρησις,

324 2731 461 2800 πρὸς
490 2731 555 2800 ἢν
594 2729 1108 2800 παρασκευάζεσθαι
1156 2733 1301 2802 ἡμᾶς
1347 2733 1375 2784 6
1403 2732 1559 2802 λόγος
1584 2737 1894 2806 παρεγγυᾷ,

320 2821 450 2874 τάδε
480 2820 602 2874 τινὰ
621 2821 716 2874 καὶ
737 2820 859 2875 τάδε
894 2821 1217 2890 κομίζοντας
1243 2823 1320 2893 τῷ
1346 2825 1535 2896 Κυρίῳ
1554 2842 1569 2856 ο
1604 2827 1833 2898 ἐπείπερ
1862 2829 1895 2898 ἡ

325 2913 558 2967 ἐνταῦθα
587 2913 820 2984 ἐργασία
853 2914 1060 2983 ἐφόδιόν
1082 2916 1198 2968 ἐστι
1225 2915 1361 2986 πρὸς
1395 2916 1455 2970 τὺ
1487 2916 1702 2988 μέλλον.
1736 2920 1846 2972 Καὶ
1871 2923 1898 2973 6

324 3005 557 3060 ἐνταῦθα
582 3004 669 3059 διά
693 3004 799 3058 τῶν
820 3005 1040 3073 ἀγαθῶν
1067 3005 1244 3078 ἔργων
1279 3008 1389 3080 (71)
1418 3008 1574 3073 δόξαν
1599 3011 1780 3082 φέρων
1806 3013 1898 3066 καὶ

321 3098 490 3169 τιμὴν
525 3097 604 3170 τῷ
636 3098 845 3169 Κυρίῳ,
878 3093 1032 3162 οὗτος
1051 3097 1210 3164 δόξαν
1236 3101 1411 3172 ἐαυτῷ
1431 3103 1526 3155 καὶ
1553 3103 1719 3174 τιμὴν
1758 3105 1898 3158 κατά

321 3191 423 3262 τὴν
452 3191 665 3244 δικαίαν
693 3190 788 3243 τοῦ
812 3190 998 3262 κριτοῦ
1027 3191 1382 3246 ἀνταπόδοσιν
1413 3193 1748 3268 θησαυρίζει.
1806 3197 1896 3248 Ἐν

324 3281 537 3345 πολλοῖς
583 3280 762 3352 μέντοι
792 3279 900 3333 τῶν
928 3281 1278 3352 ἀντιγράφων
1315 3285 1709 3356 προσκείμενον
1740 3285 1895 3357 εὖρο-

327 3389 426 3444 μεν
447 3372 528 3435 τὸ,
568 3372 872 3442 Ἐνέγκατε
906 3373 987 3440 τῷ
1018 3375 1232 3442 Κυρίῳ,
1267 3376 1385 3428 υἱοὶ
1415 3377 1583 3431 Θεοῦ.
1614 3379 1721 3431 Καὶ
1746 3380 1896 3432 ἐπεί-

324 3482 431 3536 περ
475 3465 534 3518 οὐ
582 3466 782 3530 παντὸς
823 3465 994 3539 δῶρον
1038 3468 1433 3538 εὐπρόσδεκτον
1467 3469 1546 3541 τῷ
1591 3471 1729 3542 Θεῷ,
1760 3473 1896 3527 ἀλλά

320 3555 417 3608 τοῦ
459 3556 567 3610 ἀπὸ
615 3557 842 3628 καρδίας
895 3559 1262 3628 προσάγοντος
1315 3561 1591 3631 καθαρᾶς·
1651 3565 1733 3616 Οὐ
1786 3565 1895 3634 γὰρ

320 3646 497 3716 ἁγναὶ
521 3647 658 3718 (72),
688 3649 871 3720 φησὶν,
893 3649 1063 3718 εὐχαί
1093 3649 1210 3703 ἀπὸ
1233 3645 1611 3721 μισθώματος
1635 3654 1890 3722 ἑταίρας-⁸

318 3738 418 3793 καὶ
442 3739 602 3792 πάλιν
624 3739 907 3812 Ἱερεμίας,
934 3740 1031 3810 Μὴ
1057 3743 1251 3810 εὐχαὶ,
1283 3743 1436 3813 φησι,
1466 3745 1564 3796 καὶ
1586 3745 1728 3814 κρέα
1759 3747 1895 3817 ἅγια

320 3828 628 3897 ἀφελοῦσι
655 3845 772 3884 σου
803 3831 907 3897 τὰς
951 3833 1185 3898 κακίας,
1227 3832 1268 3902 ἢ
1307 3835 1540 3900 τούτοις
1568 3836 1685 3905 ἔσῃ
1714 3842 1892 3893 καθα-

317 3925 461 3992 ρός;
490 3921 677 3995 διόπερ
698 3923 726 3977 6
753 3924 964 3996 ψαλμὸς
998 3927 1259 3999 πρότερον
1283 3929 1428 3999 ἡμᾶς
1461 3929 1708 4000 βούλεται
1745 3935 1892 3998 υίοὺς

319 4009 458 4067 εἷναι
473 4013 629 4078 Θεοῦ,
655 4010 773 4068 εἶτα
799 4016 918 4070 τότε
944 4018 1187 4089 ἀπαντᾷν
1213 4020 1305 4072 ἐπὶ
1330 4021 1388 4072 τὸ
1413 4024 1803 4094 προσκομίζειν
1827 4026 1892 4080 τά

314 4103 468 4178 δῶρα
488 4107 566 4178 τῷ
589 4106 727 4178 Θεῷ,
761 4108 854 4161 καὶ
875 4109 1046 4162 ταῦτα
1072 4111 1133 4162 ού
1165 4111 1232 4164 τά
1264 4113 1514 4182 τυχόντα,
1543 4114 1658 4168 ἀλλ’
1682 4110 1770 4169 οἷα
1797 4118 1892 4170 αύ-

315 4199 410 4261 τδς
441 4197 736 4264 διετάξατο.
762 4201 1028 4272 Πρότερον
1044 4203 1185 4267 εἰπὲ,
1206 4203 1406 4275 Πάτερ,
1437 4202 1552 4259 εἶτα
1582 4208 1800 4278 αἴτησον
1823 4209 1892 4264 τά

320 4291 538 4362 ἐφεξῆς.
573 4293 877 4364 Δοκίμασον
904 4295 959 4348 δὲ
984 4295 1202 4348 σεαυτὸν
1229 4297 1293 4350 ἐκ
1315 4299 1559 4353 ποταποῦ
1584 4300 1698 4370 βίου
1722 4303 1891 4374 ἀπήν-

1921 3237 1964 3294 C

2005 1916 2298 1985 Scriptum
2359 1913 2701 1968 convenienti
2767 1913 3118 1981 intelligentia
3181 1913 3349 1984 legem
3419 1915 3573 1970 nobis

2003 2005 2321 2060 familiarem
2381 2005 2726 2069 reddentem,
2786 2004 2873 2058 illa
2929 2005 3082 2058 nobis
3141 2016 3466 2071 occurrunt,
3517 2015 3573 2060 ιιι

2002 2113 2176 2166 neque
2207 2098 2348 2150 aries
2382 2112 2496 2150 mas
2524 2097 2664 2150 inter
2685 2112 2812 2151 oves
2842 2096 3155 2164 accipiatur,
3188 2113 3363 2167 neque
3395 2101 3574 2153 Iaber-

2001 2189 2250 2242 nacnluiu
2279 2188 2568 2242 aediﬁcium
2599 2204 2665 2242 ex
2700 2188 2799 2243 hac
2829 2188 3122 2242 inauimata
3157 2189 3380 2243 materia
3424 2204 3544 2244 cont

2000 2292 2235 2350 pactum,
2285 2294 2457 2348 neque
2505 2283 2682 2333 exitus
2733 2295 2762 2334 a
2816 2279 3168 2344 tabernaculo
3221 2281 3493 2336 discessus
3541 2298 3571 2336 a

2001 2372 2254 2438 templo:
2305 2371 2398 2423 sed
2461 2369 2560 2421 hoc
2617 2377 2858 2421 nostrum
2915 2383 3108 2435 corpus
3166 2367 3571 2421 tabernaculum
3670 2369 3684 2386 ‘

2002 2461 2155 2515 nobis
2203 2470 2285 2512 est
2325 2476 2339 2510 :
2378 2467 2434 2513 ut
2481 2473 2578 2511 nos
2625 2458 2805 2511 docuit
2847 2457 3157 2524 ApOslolus,
3198 2458 3383 2510 dicens
3420 2475 3432 2512 :
3469 2457 3572 2523 Qui

1999 2568 2180 2606 sumus
2231 2553 2283 2603 in
2329 2549 2427 2603 hoc
2471 2549 2814 2602 tabernacqu
2847 2549 3232 2618 ingemiscimus
3263 2550 3331 2601 δ’.
3371 2547 3437 2602 Ει
3475 2550 3572 2601 ite-

2001 2655 2172 2699 terutu
2220 2643 2504 2712 psalmus:
2543 2639 2611 2694 Et
2663 2640 2927 2711 ﬂagellum
2983 2657 3087 2692 non
3133 2638 3571 2709 appropinquabit

1999 2736 2336 2792 tabernaculo
2392 2745 2486 2788 tuo
2523 2733 2591 2788 “.
2649 2733 2840 2786 Exitus
2891 2741 3069 2784 autem
3122 2745 3151 2783 a
3202 2729 3570 2794 tabernaculo,

1998 2828 2269 2882 discessus
2309 2825 2378 2878 ab
2422 2824 2521 2877 hac
2569 2823 2675 2876 vita
2721 2833 2826 2886 est,
2859 2821 2926 2874 ad
2975 2836 3132 2888 quem
3175 2820 3258 2873 hze
3283 2836 3443 2875 voces
3476 2837 3572 2875 nos

1999 2919 2286 2991 praeparari
2335 2915 2523 2985 jubent
2575 2915 2669 2979 ita,
2713 2923 2770 2968 ut
2821 2923 2878 2969 et
2923 2913 3057 2980 haec,
3109 2923 3164 2968 et
3211 2912 3298 2966 illa
3346 2913 3570 2967 Domino

1999 3012 2284 3068 aﬂ'eratnus
2317 3029 2331 3064 :
2360 3009 2629 3078 siquidem
2682 3023 2801 3076 qua:
2858 3022 3000 3060 nunc
3034 3016 3290 3074 aguntur,
3318 3007 3570 3060 viaticum

1997 3105 2062 3157 ad
2091 3102 2325 3156 futuram
2359 3100 2522 3154 vitam
2549 3107 2697 3152 sunt.
2729 3097 2796 3150 Et
2825 3097 2915 3165 qui
2949 3096 3036 3150 hic
3067 3097 3291 3164 gloriam
3323 3106 3376 3150 et
3404 3097 3570 3151 hono-

1997 3212 2110 3250 rem
2140 3193 2368 3248 Domino
2392 3207 2487 3262 per
2509 3190 2646 3244 bona
2678 3203 2840 3256 opera
2865 3188 3042 3254 allert,
3069 3189 3114 3242 is
3137 3189 3238 3242 sibi
3265 3188 3490 3258 gloriam
3517 3197 3570 3243 et

1998 3287 2256 3341 honorem
2301 3299 2367 3338 ex
2406 3282 2550 3350 justa
2587 3281 2785 3349 judieis
2821 3280 3255 3335 remuneratione
3302 3283 3570 3349 congerit.

1995 3377 2051 3432 ln
2097 3375 2275 3430 multis
2326 3384 2502 3427 autem
2542 3371 2941 3439 exetnplaribns
2985 3371 3222 3424 additum
3273 3373 3570 3442 reperimus

1997 3469 2124 3523 illud
2156 3482 2171 3521 :
2208 3467 2403 3535 Alferte
2459 3463 2702 3524 Domino.
2735 3462 2832 3529 ﬁlii
2863 3461 2982 3517 Dei.
3035 3463 3101 3516 Et
3154 3462 3404 3531 quoniam
3465 3479 3570 3518 non

1995 3559 2234 3624 cujusvis
2286 3559 2484 3610 donum
2537 3555 2645 3608 Deo
2698 3564 2977 3621 acceptum
3025 3561 3128 3618 est,
3161 3557 3254 3608 sed
3305 3555 3444 3623 cjns,
3477 3557 3568 3624 qui

1994 3651 2122 3705 illud
2173 3649 2336 3704 corde
2384 3663 2519 3717 puro
2579 3646 2734 3700 aﬂ‘ert
2771 3664 2786 3702 :
2828 3644 2953 3699 Non
2995 3648 3156 3712 enim,
3197 3646 3394 3714 inquit,
3433 3663 3568 3715 pura

1993 3755 2113 3798 vota
2145 3745 2206 3797 de
2235 3740 2469 3795 mercede
2509 3740 2797 3792 meretricis
2825 3738 2902 3802 “;
2939 3746 2992 3793 et
3040 3752 3226 3791 rursus
3251 3737 3514 3792 Jeremias
3549 3754 3565 3793 :

1995 3835 2252 3902 Nunquid
2290 3844 2410 3888 vota
2439 3875 2454 3898 ,
2510 3832 2701 3900 inquit,
2742 3840 2790 3884 et
2843 3845 3028 3882 carnes
3081 3839 3276 3882 sancta:
3325 3829 3566 3897 auferent

1993 3930 2222 3981 malitias
2271 3936 2411 3985 tatas,
2445 3939 2534 3977 aut
2582 3933 2794 3993 propter
2839 3922 2942 3974 ista
2989 3937 3152 3988 purus
3197 3920 3301 3973 eris
3327 3918 3410 3973 "1
3446 3920 3567 3975 ideo

1993 4021 2230 4090 psalmus
2263 4019 2377 4073 vult
2423 4033 2520 4072 nos
2555 4017 2704 4086 prius
2733 4015 2870 4069 tilios
2907 4015 2996 4068 Dei
3027 4029 3147 4068 esse
3182 4032 3195 4068 :
3226 4014 3415 4068 deinde
3454 4022 3566 4068 tan-

1992 4115 2111 4166 dem
2143 4113 2208 4164 ad
2240 4110 2509 4164 afferenda
2547 4108 2652 4161 Deo
2682 4108 2822 4162 dona
2858 4107 3139 4169 accedere,
3169 4121 3267 4160 nec
3291 4106 3562 4176 quaelibet,

1990 4202 2082 4258 sed
2113 4218 2231 4271 quae
2257 4204 2372 4271 ipse
2403 4199 2816 4270 praescripserit.
2846 4198 3000 4252 Prius
3031 4198 3133 4258 die,
3163 4197 3346 4259 Pater,
3375 4198 3565 4251 deinde

1987 4308 2111 4366 pete
2140 4309 2259 4365 qua:
2295 4303 2614 4362 seqmmtur.
2651 4289 2908 4357 Expende
2952 4296 3131 4341 autem
3177 4297 3228 4342 te
3267 4287 3461 4356 ipsum,
3495 4304 3560 4343 ex

315 4400 522 4452 τηκαςο
557 4385 604 4436 εί
635 4383 782 4448 ἄξιος
810 4381 861 4437 εἴ
891 4386 1023 4439 Θεὸν
1074 4388 1166 4440 τὸν
1207 4389 1361 4456 ἆγιον
1410 4391 1620 4462 πατέρα
1660 4394 1887 4447 σεαυτοῦ

1997 4386 2131 4456 quali
2157 4388 2262 4440 vita
2287 4386 2542 4447 accedas;
2578 4399 2645 4436 an
2672 4382 2863 4451 dignus
2881 4382 2956 4435 sis
2973 4381 3063 4448 qui
3092 4389 3338 4434 sanctum
3371 4381 3560 4445 Deum,

315 4474 624 4545 ὀνομάζειν.
656 4478 732 4528 Δι’
753 4478 1021 4548 ἀγιασμοῦ
1056 4481 1203 4533 ἐστιν
1222 4483 1355 4551 ἡμῖν
1385 4483 1417 4552 η
1453 4483 1591 4555 πρὸς
1614 4484 1706 4538 τὸν
1735 4484 1887 4554 ἅγιον

1997 4490 2194 4550 patrem
2245 4489 2395 4532 tuum
2439 4475 2694 4546 appelles.
2736 4473 2830 4528 Est
2879 4473 3030 4527 nobis
3076 4487 3197 4526 cum
3241 4481 3428 4526 sancto
3466 4489 3564 4541 per

315 4568 610 4632 οἰκείωσις.
650 4569 713 4621 Εἰ
759 4569 938 4638 βούλει
973 4571 1059 4624 ἀεὶ
1107 4572 1218 4640 (75)
1265 4573 1376 4638 υίὸς
1411 4573 1503 4627 τοῦ
1543 4575 1696 4642 ἀγίου
1725 4572 1881 4642 εἶναι,

1997 4575 2398 4632 sanctimoniam
2451 4569 3321 4638 necessitudo,familiaritasque.
3373 4569 3429 4623 Si
3479 4570 3561 4624 vis

316 4660 588 4731 ἀγιασμός
638 4677 698 4712 σε
742 4661 1069 4717 υἱοθετείτω.
1128 4665 1418 4732 Ἐνέγκατε
1463 4663 1556 4719 οὖν
1589 4667 1664 4738 τῷ
1694 4670 1881 4740 Κυρίῳ

315 4753 415 4822 οὐχ
467 4753 517 4804 οἱ
554 4754 829 4824 τυχόντες.
858 4755 977 4808 οὐδὲ
1005 4758 1053 4809 oi
1089 4758 1152 4810 ἐκ
1173 4757 1281 4811 τῶν
1320 4759 1609 4829 τυχόντων,
1639 4761 1752 4814 ἀλλ’
1777 4763 1882 4815 υἱοὶ

315 4843 409 4896 τοῦ
459 4843 611 4898 Θεοῦ.
651 4846 877 4914 Μεγάλα
929 4846 1108 4917 μέλλει
1159 4848 1433 4920 ἐπιζητεῖν
1467 4851 1533 4903 τά
1582 4851 1762 4922 δῶρα’
1793 4852 1880 4906 δ.ἀ

313 4933 472 4987 τοῦτο
523 4935 788 5006 μεγάλους
817 4937 1098 5006 ἐκλέγεται
1127 4941 1253 5002 τοὺς
1307 4941 1732 5011 προσφέροντας.
1765 4945 1879 4997 Ἵνα

314 5025 422 5097 γάρ
473 5043 564 5080 σου
624 5029 696 5099 μὴ
755 5029 884 5100 ῥίψῃ
937 5032 1110 5100 χαμαὶ⁵
1139 5032 1266 5095 τοὺς
1296 5029 1612 5104 λογισμοὺς,
1645 5036 1779 5102 μηδέ
1817 5053 1876 5090 σε

314 5117 517 5190 ποιήσῃ
550 5118 702 5189 κριὸν
743 5119 804 5172 τὸ
848 5119 1039 5188 ἄλογον
1079 5121 1237 5175 τοῦτο
1276 5124 1582 5194 τετράπουν
1627 5126 1722 5177 καὶ
1753 5125 1882 5197 βλη-

313 5208 536 5278 χητικὸν
569 5209 706 5274 ζῶον
739 5208 1038 5283 ἐπιζητεῖν,
1082 5212 1159 5276 ὡς
1196 5214 1261 5266 ἐκ
1303 5213 1402 5284 τῆς
1450 5213 1642 5267 τούτου
1690 5215 1881 5282 θυσίας

1988 4681 2200 4734 semper
2245 4665 2382 4718 filius
2428 4663 2597 4717 sancti
2631 4677 2772 4726 esse,
2803 4663 3062 4716 sanctitas
3095 4670 3144 4714 te
3173 4661 3274 4714 sibi
3316 4675 3412 4729 pro
3451 4660 3560 4713 lilio

1990 4759 2226 4826 adoptet.
2268 4755 2466 4810 Aﬂ‘erte
2497 4756 2676 4825 itaque
2708 4753 2938 4808 υοιιιίιιο
2971 4768 3076 4828 non
3107 4752 3355 4821 quilibet,
3387 4765 3559 4819 neque

1989 4868 2052 4906 ex
2076 4848 2404 4920 quibuslibet
2431 4846 2694 4917 prognati,
2727 4847 2819 4900 sed
2847 4845 2939 4898 lilii
2971 4843 3085 4898 Dei.
3111 4844 3449 4910 Qnresiturus
3477 4854 3558 4896 est

1989 4945 2123 4998 dona
2157 4958 2378 5012 magna;
2422 4940 2541 4993 ideo
2585 4953 2804 5008 magnos
2841 4939 2986 4992 viros
3011 4937 3161 5006 eligit
3185 4937 3274 5006 qui
3303 4935 3554 4990 oderant.

1991 5034 2198 5087 Etenim
2235 5047 2301 5084 ne
2337 5043 2454 5084 tuas
2488 5028 2842 5099 cegitatioues
2880 5028 3024 5081 humi
3073 5027 3312 5097 dejiciat,
3342 5040 3472 5080 neve
3501 5027 3553 5078 in

1981 5138 2146 5178 causa
2182 5125 2274 5184 sit,
2305 5137 2402 5175 cur
2443 5121 2666 5175 arietem
2720 5121 2936 5173 brutum
2985 5120 3112 5173 illud
3153 5120 3462 5188 quadrupes
3500 5126 3556 5169 et

1983 5216 2170 5270 balaus
2219 5214 2418 5269 animal
2462 5214 2724 5283 inquiras,
2755 5223 3013 5285 tanquam
3063 5213 3163 5266 hac
3203 5213 3303 5266 ista
3335 5207 3550 5264 victima

382 5354 426 5386 δ’
452 5356 491 5411 Il
525 5356 650 5412 Cor.
680 5373 711 5411 v
760 5357 814 5412 4.
889 5358 934 5390 ⁸³
955 5359 1097 5415 Psal.
1130 5375 1215 5424 xc,
1242 5362 1326 5414 l0.
1405 5361 1449 5394 “
1481 5360 1640 5415 Prov.
1683 5379 1800 5429 nx,
1837 5366 1894 5419 13

1999 5366 2043 5398 ⁵⁵
2075 5363 2276 5420 Jerem.
2325 5381 2401 5429 ιι,
2436 5364 2520 5420 15.

387 5495 496 5577 ςϐθ)
529 5495 656 5564 Τοῖς
675 5496 917 5577 ’ζερεῦσι
943 5497 1039 5551 καὶ
1058 5499 1195 5577 ,τοῖς
1230 5503 1503 5577 Λευίταις
1549 5501 1872 5577 ἀφεμένοις

311 5567 415 5620 τοῦ
443 5567 640 5642 ἔργου.
675 5567 853 5642 νει-ιθ,
872 5571 1239 5642 _s_acerdotibus
1265 5583 1311 5625 et
1357 5574 1523 5627 lenitis
1549 5567 1674 5642 opus
1705 5567 1870 5642 uegit;

312 5649 483 5704 qenter
506 5637 836 5705 facientibus.
871 5637 1077 5692 MaBAN.

325 5712 328 5718 '
380 5705 803 5784 (79)5Itilbertitii
838 5712 1182 5784 secunduset
1223 5723 1448 5784 quartus
1477 5714 1534 5784 κῆ
1565 5731 1685 5766 τινα
1718 5712 1870 5784 έχονο

315 5775 580 5853 ταςζςιιίιξιι
613 5776 761 5832 Colb.
796 5780 1060 5853 secundth
1096 5775 1324 5853 θεωρίας
1349 5801 1443 5850 pro
1469 5775 1723 5853 διανοίας.

2043 5503 2158 5570 (72)
2224 5503 2337 5555 Duo
2377 5503 2460 5556 illa
2515 5519 2634 5572 quae
2681 5503 2766 5557 hic
2811 5504 3164 5572 proferuntur
3211 5501 3542 5568 testimonia,

1970 5574 2196 5626 alterum
2229 5589 2256 5623 e
2277 5573 2605 5638 Proverbiis,
2633 5575 2859 5627 alterum
2888 5591 2917 5628 e
2943 5572 3196 5635 Jeremia,
3229 5573 3279 5626 in
3305 5574 3417 5626 suis
3445 5590 3544 5626 un-

1973 5645 2040 5697 tis
2065 5645 2310 5716 illustrat
2337 5646 2579 5716 Dum-ens.
2614 5645 2932 5716 Moxialiqui
2974 5659 3104 5696 mss.
3147 5645 3238 5716 ἐπὶ
3267 5642 3356 5716 τῷν
3379 5661 3542 5716 προσ.

2040 5713 2152 5782 ('75)
2191 5714 2300 5766 Vox
2334 5713 2420 5767 ἀεί
2451 5715 2602 5768 deest
2629 5716 2680 5768 in
2718 5715 2872 5770 Colb.
2903 5726 3115 5781 quarto.
3150 5713 3291 5768 lul'ra
3319 5713 3544 5769 Colher-

1971 5784 2066 5854 tini
2101 5787 2368 5836 setmndns
2395 5795 2448 5838 et
2486 5794 2709 5854 quartus
2747 5795 2801 5838 et
2842 5785 2930 5838 alii
2961 5787 3065 5838 duo
3097 5784 3248 5840 mss.’
3271 5785 3542 5839 ἱλεοῦσθαι

379 5847 489 5914 (71)
518 5846 607 5902 Sic
629 5857 986 5924 septem__mss.
1012 5849 1153 5907 Editi
1181 5846 1304 5908 vero
1329 5846 1450 5909 cum
1482 5852 1664 5924 Regiis
1689 5846 1868 5924 primo

1999 5853 2058 5924 δν
2105 5854 2326 5924 Κύριον.
2357 5855 2460 5908 Sed
2492 5846 2584 5908 alii
2614 5870 2706 5909 sex
2761 5872 2890 5912 mss.
2923 5870 3074 5924 aeque
3125 5870 3188 5910 ac
3211 5857 3338 5912 editi
3372 5855 3543 5909 ἱλεοῦ-

203 5943 218 5960 ο
310 5926 364 5968 et
403 5928 592 5984 quarto
631 5917 811 5973 καλῶν
837 5919 1030 5989 ἔργων.

1972 5921 2096 5977 σθαι.
2128 5921 2218 5976 τὸν
2241 5923 2392 5978 Θεόν.
