4008 6402
463 406 570 465 ’283

1809 405 1867 455 5.
1908 398 2150 455 BASlLll
2193 396 2406 453 MAGNI

3610 410 3723 459 ΞΜ

461 539 709 593 sperares
754 520 916 578 Deum
968 522 1232 591 placatum
1279 523 1344 575 iri
1374 535 1386 575 :
1416 521 1645 589 Aﬂ'em,
1692 519 1885 585 inquit,
1936 517 2026 570 Do-

2146 514 2445 585 προσδοκᾷν
2484 514 2752 567 ίλεοῢσθαι
2777 515 2867 570 τὸν
2889 515 3041 577 Θεὸν,
3086 516 3418 584 Ἐνέγκατε,
3454 520 3612 587 φησὶ,
3637 514 3722 583 to}

461 620 622 679 ruina,
671 617 778 686 filii
831 616 950 671 Dei.
996 614 1177 684 Neque
1223 616 1364 668 enim
1425 629 1560 682 opus
1622 610 1731 681 jam
1779 610 1907 676 ﬁlio,
1976 621 2028 661 ut

462 710 628 763 lilium
658 711 830 779 ipsmu
871 706 1086 761 olieras.
1121 706 1227 759 Sed
1266 707 1309 760 si
1344 704 1484 758 ﬁlius
1510 713 1594 757 est
1619 702 1893 773 quidpiam
1921 718 2032 753 ma-

464 817 649 869 gnuut,
682 801 842 854 etiam
889 800 938 852 id
980 799 1120 868 quod
1156 796 1399 859 ollertnr,
1433 795 1706 864 quidpiam
1754 808 2029 863 magnum,

465 899 518 944 et
549 890 640 943 ﬁlii
675 890 937 944 charitate
979 903 1043 942 ac
1099 899 1320 957 paterna
1356 885 1613 953 dignitate
1645 885 1861 952 dignum
1911 899 2033 938 eSse

463 996 641 1049 operae
694 982 923 1050 pretium
978 988 1079 1033 est.
1122 977 1319 1046 A/ferte
1364 978 1559 1045 igitur,
1620 975 1832 1043 inquit,
1890 974 2031 1042 ﬁlios

463 1074 710 1132 arietum,
753 1079 810 1124 ut
862 1071 896 1123 ii
953 1070 1116 1123 etiam
1174 1069 1261 1134 qui
1318 1083 1347 1119 a
1404 1066 1556 1120 vobis
1612 1064 1928 1131 oﬂ‘eruutur,
1965 1082 2032 1122 ex

464 1166 588 1219 ﬁliis
619 1167 848 1218 arietum
877 1163 929 1217 in
968 1162 1105 1217 ﬁlios
1144 1161 1232 1217 Dei
1266 1169 1713 1214 transmutentur.

534 1256 587 1309 2.
630 1255 785 1308 Aries
843 1254 1042 1308 animal
1094 1262 1174 1308 est
1229 1253 1585 1322 principatum
1641 1263 1845 1311 tenens.
1891 1252 2032 1320 quod

466 1346 623 1416 115
657 1362 786 1400 oves
821 1345 1091 1398 antecedit
1129 1345 1193 1397 ad
1228 1359 1422 1413 pascua
1449 1345 1663 1412 pabula,
1687 1354 1741 1398 et
1770 1344 1833 1398 ad
1861 1358 2030 1413 aqua-

464 1452 581 1489 rmu
613 1438 875 1496 levamen,
909 1450 1199 1504 rursusque
1241 1435 1308 1487 ad
1354 1434 1623 1488 stabulum
1652 1444 1707 1488 et
1733 1436 1799 1487 ad
1823 1434 2027 1489 caulas.

463 1528 620 1582 Tales
665 1530 831 1583 etiam
890 1537 1013 1581 sunt
1056 1527 1276 1596 quidam
1319 1527 1496 1595 gregis
1529 1524 1726 1580 Christi
1771 1526 2028 1594 praefecti,

348 1648 360 1659 ι
461 1620 551 1689 qui
588 1619 733 1672 illum
766 1618 830 1670 ad
855 1618 1041 1671 llorida
1077 1627 1128 1671 et
1160 1617 1429 1671 odorifera
1456 1618 1712 1672 doctrinae
1734 1617 2031 1685 Spiritualis

460 1709 653 1781 pabula
689 1710 976 1771 deducunt,
1007 1723 1070 1760 ac
1104 1705 1309 1775 Spiritu
1353 1718 1541 1761 sancto
1577 1708 1858 1777 largiente,
1891 1724 2027 1777 aqua

460 1802 577 1854 viva
630 1801 876 1870 irrigant,
912 1808 967 1853 et
1000 1799 1235 1868 erigunt,
1268 1809 1321 1853 et
1361 1799 1427 1852 ad
1460 1799 1692 1854 fructum
1733 1801 2031 1869 producen-

2137 607 2349 672 Κυρίῳ,
2384 608 2497 659 υἱοὶ
2535 607 2703 661 Θεοῦ.
2747 609 2821 660 Οὐ
2849 608 2956 680 γὰρ
2988 608 3105 661 υἱού
3131 610 3310 680 χρεία,
3339 610 3426 663 ἵνα
3451 612 3566 663 υἱὸν
3619 615 3723 663 αὐ-

2139 696 2230 750 τὸν
2264 698 2553 771 προσφέρῃ
2585 700 2720 769 (74),
2752 700 2865 753 ἀλλ’
2898 702 2944 753 εἰ
2981 701 3122 771 μέγα
3155 719 3207 753 τι
3241 704 3268 754 6
3303 702 3437 765 υἱὸς,
3472 705 3620 773 μέγα
3664 722 3721 756 τι

2135 790 2229 842 καὶ
2254 789 2472 854 ἐπάξιον
2504 792 2603 862 τῆς
2633 809 2691 844 τε
2722 793 2838 845 υἱοῦ
2863 792 3157 857 διαθέσεως
3192 795 3285 847 καὶ
3308 796 3408 866 τῆς
3436 798 3721 867 πατρικῆς

2135 877 2288 941 ἀξίας
2324 879 2384 932 τὸ
2412 882 2851 951 προσφερόμενον
2885 879 3022 936 εἶναι
3047 884 3346 954 προσῆκεν.
3387 888 3556 953 Υιοὺς
3589 884 3716 951 οὖν,

2136 973 2319 1042 φησὶν,
2351 972 2635 1041 ἐνέγκατε
2667 972 2879 1042 κριῶν*
2931 976 3018 1028 ἵνα
3062 977 3157 1029 καὶ
3203 979 3355 1031 αὐτοὶ
3392 982 3440 1032 oi
3473 998 3722 1052 προσφε-

2137 1063 2355 1134 ρόμενοι
2391 1065 2519 1135 παρ’
2553 1064 2707 1135 ὑμῶν
2736 1065 2843 1118 ἀπὸ
2886 1066 2981 1119 τοῦ
3021 1064 3161 1121 εἶναι
3208 1071 3314 1121 υἱοὶ
3344 1071 3514 1141 κριῶν
3541 1072 3627 1135 εἰς
3655 1073 3722 1124 τὸ

2134 1154 2386 1222 γενέσθαι
2416 1156 2519 1207 υἱοὶ
2559 1155 2693 1209 Θεοῦ
2735 1156 3141 1226 μεταϐάλωνται
3182 1161 3317 1231 (75).

2204 1245 2259 1299 2.
2306 1246 2362 1299 '0
2390 1248 2543 1318 κριὸς
2584 1248 2765 1301 τοίνυν
2818 1251 3144 1320 ἡγεμονικόν
3178 1255 3294 1305 ἐστι
3345 1254 3521 1321 ζῶον,
3570 1258 3717 1310 καθά

2130 1337 2265 1407 ηγού
2275 1352 2433 1407 μενον
2458 1340 2562 1409 (76)
2589 1340 2697 1392 τῶν
2715 1343 2999 1411 προϐάτων
3022 1344 3114 1397 ὲπί
3139 1363 3198 1399 τε
3217 1348 3386 1417 νομάς
3412 1349 3718 1420 τροφίμους

2133 1429 2230 1481 καὶ
2258 1430 2589 1494 ἀναπαύσεις
2627 1431 2854 1497 ὑδάτων,
2903 1433 2997 1487 καὶ
3031 1434 3191 1487 πάλιν
3228 1436 3318 1488 ἐπὶ
3340 1438 3555 1507 ,σηκοὺς
3609 1441 3713 1493 καὶ

2133 1521 2408 1584 ἐπαύλεις.
2448 1524 2690 1577 Τοιοῦτοι
2728 1525 2784 1577 δέ
2821 1542 2965 1589 τινες
2999 1528 3092 1580 καὶ
3124 1529 3171 1579 οἱ
3207 1527 3307 1597 τῆς
3335 1530 3569 1601 ποίμνης
3611 1532 3713 1585 τοῦ

2132 1613 2370 1683 Χριστοῦ
2400 1614 2739 1685 προεστῶτες
2759 1633 2772 1646 ·
2810 1617 3141 1686 προάγοντες
3181 1620 3279 1689 μὲν
3308 1620 3399 1672 ἐπὶ
3429 1624 3527 1685 τὰς
3550 1622 3715 1675 εὐαν-

2138 1704 2250 1767 θεῖς
2282 1705 2374 1757 καὶ
2417 1706 2637 1770 εὐώδεις
2677 1708 2775 1778 τῆς
2811 1712 3188 1781 πνευματικῆς
3218 1712 3562 1777 διδασκαλίας
3582 1732 3716 1786 τρο-

2135 1795 2261 1864 φάς,
2303 1797 2395 1850 καὶ
2435 1796 2585 1849 ὕδατι
2622 1798 2783 1863 ζῶντι
2808 1804 2873 1872 τῇ
2912 1802 3241 1875 ὲπιχορηγίᾳ
3268 1805 3359 1857 τοῦ
3391 1806 3714 1877 Πνεύματος

461 1893 588 1945 dttm
622 1893 922 1955 enutriunt,
967 1891 1382 1959 ronducuntque
1411 1892 1475 1943 ad
1510 1891 1769 1958 requiem,
1804 1906 1866 1944 ac
1907 1907 2026 1944 eum

2133 1886 2384 1955 ἄρδοντες
2405 1889 2497 1941 καὶ
2533 1888 2792 1958 ὐψοῦντες
2829 1894 2922 1944 καὶ
2942 1893 3078 1965 πρὸς
3109 1896 3485 1966 καρποφορίαν
3520 1898 3713 1967 ἐκτρέ-

462 1983 531 2036 ab
568 1983 968 2037 insidiatoribus
1013 1981 1248 2037 elliciunt
1298 1997 1570 2037 securum.
1617 1982 1817 2036 Horum
1869 1984 2029 2053 igitur

464 2076 603 2130 ﬁlios
635 2093 661 2127 a
694 2075 785 2128 Dei
838 2075 959 2128 ﬁliis
1004 2075 1069 2127 ad
1108 2075 1389 2128 Dominum
1422 2076 1610 2129 adduci
1645 2074 1774 2128 vult.
1804 2074 1953 2140 Quod
1983 2075 2028 2129 si

460 2168 667 2221 arietes
706 2168 871 2221 duces
900 2178 1025 2220 sunt
1053 2166 1303 2228 aliorum,
1339 2167 1529 2219 horum
1562 2167 1748 2234 utique
1780 2167 1871 2219 lilii
1917 2166 2031 2222 fue-

463 2260 591 2323 rint,
620 2258 712 2327 qui
771 2272 869 2326 per
924 2256 1183 2310 bonorum
1235 2271 1457 2324 operum
1509 2256 1745 2310 studium
1786 2272 1851 2311 ex
1902 2273 2032 2326 prae.

460 2350 723 2403 lectorum
755 2350 996 2403 doctrinm
1019 2348 1081 2401 ad
1120 2348 1280 2399 vitam
1310 2348 1509 2401 virtute
1538 2359 1781 2401 ornatam
1813 2348 2029 2402 formati

461 2448 606 2494 sunt.
652 2438 851 2507 A/ferte
901 2438 1062 2507 igitur
1114 2436 1361 2499 Domino,
1397 2436 1496 2504 ﬁlii
1543 2436 1660 2501 Dei,
1709 2437 1891 2506 afferte
1926 2436 2033 2489 Do-

456 2535 598 2588 mino
625 2534 764 2601 ﬁlios
793 2531 1036 2583 arietum.
1076 2528 1324 2581 Didicisti
1355 2528 1420 2581 ad
1447 2543 1604 2597 quem
1634 2542 1813 2582 sermo
1842 2529 2035 2582 hahea-

460 2624 581 2676 tur?
616 2621 853 2676 didicisti
905 2620 971 2674 de
1020 2618 1250 2687 quibus?
1296 2617 1493 2687 Aﬂ'erte
1546 2617 1794 2682 Domino,
1836 2618 2029 2687 inquit,

458 2718 681 2786 gloriam
712 2724 757 2768 et
791 2714 1059 2767 honorem.
1094 2712 1376 2780 Quomodo
1408 2712 1572 2781 igitur
1603 2728 1719 2773 nos,
1750 2711 1840 2781 qui
1886 2722 2030 2767 terra

458 2825 645 2864 sumus
689 2818 742 2862 et
789 2808 925 2860 cinis
956 2805 1023 2871 “,
1054 2805 1280 2859 Domino
1338 2821 1534 2875 magno
1585 2806 1808 2875 gloriam
1853 2805 2032 2860 aﬂ‘eri—

460 2901 616 2954 mus?
647 2899 916 2969 quomodo
959 2908 1008 2951 et
1055 2899 1346 2951 honorem?
1385 2898 1623 2953 Gloriam
1666 2898 1903 2968 quidem,
1938 2913 2033 2964 per

458 2991 596 3045 bona
636 3004 821 3060 opera,
852 3005 975 3044 cum
1012 2989 1247 3042 queriut
1279 3002 1442 3057 opera
1480 2999 1657 3042 nostra
1714 3003 1895 3041 coram
1936 2990 2032 3042 ho-

460 3082 720 3143 minibus,
750 3081 884 3134 adeo
922 3090 977 3132 ut
1020 3080 1265 3132 homines
1292 3077 1546 3146 Operibns
1580 3078 1779 3131 nostris
1812 3093 2034 3149 conspe-

459 3174 563 3229 etis
592 3172 804 3226 Patrem
847 3180 1090 3224 nostrum
1124 3173 1211 3239 qui
1259 3170 1310 3223 in
1353 3170 1504 3226 C(elis
1550 3180 1634 3225 est
1663 3168 1894 3223 alliciant
1923 3170 2030 3240 glo-

2132 1994 2321 2045 φοντες
2341 1995 2352 2009 ο
2382 1979 2703 2050 ὁδηγοῦντες
2734 1984 2791 2035 δὲ
2824 1985 2962 2055 πρὸς
2988 1986 3310 2050 ἀνάπαυσιν,
3348 1990 3441 2041 καὶ
3466 1990 3563 2059 τὴν
3600 1991 3713 2042 ἀπὸ

2132 2070 2239 2123 τῶν
2298 2070 2758 2128 ἐπιϐουλευόντων
2807 2077 3124 2145 ἀσφάλειαν.
3178 2079 3395 2133 Τούτων
3433 2077 3527 2134 οὖν
3576 2082 3713 2145 τούς

2131 2162 2280 2224 υἱοὺς
2309 2164 2460 2234 παρὰ
2495 2164 2603 2217 τῶν
2628 2166 2757 2219 υἱῶν
2778 2167 2871 2220 τοῦ
2900 2168 3035 2221 Θεοῦ
3058 2170 3429 2240 προσάγεσθαι
3454 2172 3711 2241 βούλεται

2130 2252 2209 2323 τῷ
2249 2254 2439 2325 Κυρίῳ
2469 2258 2497 2309 6
2526 2256 2701 2325 λόγος.
2732 2260 2794 2311 Εἰ
2823 2260 2881 2312 δὲ
2908 2263 3053 2330 κριοὶ⁵
3081 2262 3131 2313 οἱ
3165 2264 3565 2333 προηγούμενοι
3597 2264 3711 2317 τῶν

2131 2342 2332 2395 λοιπῶν
2375 2345 2509 2414 (77),
2562 2346 2669 2399 υἱοὶ
2702 2347 2767 2401 ἂν
2802 2348 3004 2403 τούτων
3048 2348 3155 2405 εἷεν
3192 2355 3239 2404 οἱ
3281 2353 3417 2422 πρὸς
3449 2353 3540 2406 τὸν
3582 2354 3709 2407 κατ’

2130 2434 2332 2504 ἀρετὴν
2369 2433 2482 2503 βίον
2509 2436 2597 2489 διὰ
2634 2436 2735 2507 τῆς
2763 2438 2870 2490 τῶν
2899 2440 3119 2507 ἀγαθῶν
3162 2440 3337 2511 ἔργων
3370 2442 3605 2513 σπουδῆς
3641 2446 3710 2497 ὲκ

2131 2525 2228 2595 τῆς
2279 2526 2627 2591 διδασκαλίας
2670 2529 2776 2582 τῶν
2839 2531 3194 2603 προεστώτων
3258 2534 3706 2605 μεμορφωμένοι.

2144 2616 2454 2685 Ἐνέγκατε
2484 2616 2576 2672 οὖν
2592 2620 2671 2685 τῷ
2703 2623 2915 2689 Κυρίῳ,
2947 2623 3065 2677 υἱοὶ
3101 2625 3269 2687 Θεοῦ,
3304 2625 3585 2694 ἐνέγκατε
3624 2625 3708 2691 τῷ

2131 2709 2323 2776 Κυρίῳ
2352 2710 2522 2776 υἱοὺς
2549 2710 2746 2778 κριῶν.
2786 2713 3026 2782 Ἔμαθες
3057 2716 3161 2768 τίνι
3200 2715 3502 2784 διαλέγεται
3527 2734 3541 2782 ;
3564 2716 3706 2787 ἔμαο

2133 2799 2223 2862 θες
2258 2802 2385 2872 περὶ
2410 2804 2571 2856 τίνων
2601 2804 2747 2874 (78);
2806 2805 3112 2873 Ἐνέγκατε
3153 2805 3233 2872 τῷ
3267 2809 3486 2875 Κυρίῳ,
3527 2809 3664 2878 φησὶ
3686 2846 3702 2873 ,

2131 2888 2319 2955 δόξαν
2347 2894 2444 2945 καὶ
2471 2894 2667 2964 τιμήν.
2698 2895 2822 2958 Πῶς
2855 2893 2948 2949 οὖν
2988 2899 3167 2968 ἡμεῖς,
3201 2902 3233 2970 ἡ
3263 2900 3334 2969 γῆ
3362 2900 3456 2952 καὶ
3488 2901 3703 2964 σποδὸς,

2129 2976 2208 3052 τῷ
2242 2982 2462 3054 μεγάλῳ
2488 2986 2676 3056 Κυρίῳ
2700 2985 2885 3050 δόξαν
2917 2989 3295 3059 προσφέρομεν
3329 2990 3466 3058 (79);
3499 2990 3616 3053 πῶς
3648 2993 3705 3045 δὲ

2131 3075 2231 3130 καὶ
2266 3076 2482 3144 τιμήν;
2512 3076 2679 3141 Δόξαν
2707 3078 2804 3148 μὲν
2833 3080 2920 3134 διὰ
2954 3082 3061 3134 τῶν
3090 3083 3308 3150 ἀγαθῶν
3342 3082 3540 3154 ἔργων,
3575 3084 3705 3138 ὅταν

2130 3167 2321 3241 λάμπῃ
2362 3169 2430 3223 τὰ
2468 3170 2606 3241 ἔργα
2658 3171 2811 3242 ἡμῶν
2864 3173 3173 3245 ἔμπροσθεν
3225 3175 3333 3227 τῶν
3376 3175 3701 3246 ἀνθρώπων,

461 3267 539 3321 ria
562 3266 628 3318 ⁸⁷.
676 3262 804 3317 Item
832 3278 929 3333 per
952 3262 1359 3330 temperantiam
1403 3279 1467 3316 ac
1493 3277 1588 3333 per
1617 3262 2025 3317 sanctimoniam

2133 3259 2272 3313 ὥστε
2304 3261 2511 3325 ἰδόντας
2538 3264 2664 3326 τούς
2693 3264 3012 3336 ἀνθρώπους
3039 3266 3108 3318 τὰ
3131 3265 3269 3336 ἔργα
3298 3265 3453 3337 ήμῶν
3481 3266 3705 3333 δοξάσαι

458 3358 526 3412 iis
568 3357 657 3425 qui
714 3357 966 3424 pietatem
1022 3356 1344 3424 proﬁtentur
1393 3354 1798 3409 convenientem
1853 3364 2029 3424 potest

457 3449 582 3519 quis
616 3450 720 3502 Deo
760 3447 983 3516 gloriam
1029 3446 1177 3508 dare,
1207 3446 1362 3515 juxta
1396 3444 1546 3499 Pauli
1578 3445 2025 3509 admonitionem,

457 3542 688 3595 dicentis
721 3557 734 3593 :
773 3539 1080 3606 Gloriﬁcate
1133 3537 1300 3590 Deum
1353 3539 1406 3591 in
1462 3537 1706 3591 membris
1747 3540 1925 3591 vestris
1957 3537 2022 3590 ⁸⁸.

457 3630 609 3686 Hanc
631 3633 791 3685 etiam
821 3630 1045 3699 gloriam
1080 3630 1338 3683 Dominus
1370 3630 1598 3699 requirit
1628 3630 1696 3682 ah
1736 3628 1824 3695 iis,
1854 3629 1941 3697 qui
1971 3630 2023 3683 in

458 3725 630 3792 ipsum
675 3724 925 3788 credunt,
955 3732 1009 3776 et
1055 3722 1363 3791 adoptionis
1394 3736 1617 3775 munere
1645 3722 1847 3790 dignati
1878 3731 2022 3776 sunt.

461 3814 635 3867 Filius
675 3816 831 3876 enim,
870 3815 1063 3882 inquit,
1096 3813 1358 3883 gloriﬁcal
1399 3825 1598 3880 patrem
1631 3812 1712 3879 ‘°;
1746 3822 1818 3879 et,
1850 3812 1911 3867 Si
1939 3830 2026 3880 pa-

456 3918 534 3960 ter
557 3923 648 3976 ego
691 3922 841 3970 sum,
878 3907 962 3958 ubi
1015 3915 1089 3957 est
1133 3904 1306 3973 gloria
1347 3919 1460 3956 utea
1486 3902 1551 3955 '°.
1587 3900 1857 3956 Honorem
1898 3916 2026 3956 vero

456 3996 611 4051 aliert
642 3996 750 4051 Deo
788 4000 854 4061 is,
879 3997 970 4065 qui
996 3995 1296 4049 secundum
1328 3993 1673 4047 Proverbinm
1700 3992 1744 4024 δι
1779 4008 1843 4047 ex
1866 3992 2027 4060 justis

455 4089 570 4142 suis
610 4087 882 4141 laboribus
914 4087 1080 4140 Deum
1118 4086 1368 4147 honorat,
1395 4100 1455 4139 ac
1491 4085 1537 4138 ei
1570 4086 1635 4138 de
1660 4083 1885 4153 iustitiae
1917 4100 2027 4139 suae

458 4180 723 4234 fructibus
755 4181 845 4233 dat
877 4180 1164 4249 primitias.
1196 4177 1261 4231 Et
1285 4178 1529 4247 quisquis
1553 4179 1616 4231 de
1648 4179 1807 4233 rebus
1830 4178 2026 4233 divinis

454 4273 702 4327 ordinate
748 4273 989 4340 sciteque
1042 4272 1283 4334 disserit,
1330 4270 1466 4323 adeo
1519 4279 1576 4323 ut
1621 4285 1835 4339 semper
1881 4284 2026 4326 recte

455 4364 655 4416 sentiat
704 4363 771 4417 de
817 4362 1006 4426 Patre,
1061 4363 1125 4415 de
1176 4360 1447 4429 Uuigeniti
1492 4361 1807 4427 divinitate,
1852 4362 2025 4430 deque

455 4455 690 4524 Spiritus
731 4455 901 4508 sancti
955 4454 1144 4524 gloria,
1188 4454 1415 4507 Domino
1458 4452 1662 4506 deferte
1700 4452 1922 4519 gloriam
1971 4464 2025 4507 et

454 4545 737 4604 honorem.
774 4546 1013 4601 Gloriam
1054 4555 1231 4599 autem
1264 4553 1444 4614 auget,
1477 4544 1567 4613 qui
1604 4545 1864 4600 rationem
1900 4547 2021 4601 red-

2131 3352 2224 3405 τὸν
2255 3353 2473 3425 Πατέρα
2507 3353 2663 3425 ἡμῶν
2704 3355 2795 3407 τὸν
2830 3358 2887 3409 ὲν
2914 3359 3024 3420 τοῖς
3046 3358 3315 3429 οὐρανοῖς.
3352 3358 3459 3410 Καὶ
3488 3358 3579 3410 διὰ
3601 3375 3706 3411 σω-

2134 3444 2406 3515 φροσύνης
2444 3445 2539 3497 καὶ
2564 3444 2654 3498 τοῦ
2689 3445 3069 3510 ἐπιϐάλλοντος
3127 3450 3237 3510 τοῖς
3292 3448 3389 3518 τὴν
3422 3447 3703 3501 εὐσέϐειαν

2132 3537 2623 3608 ἐπαγγελλομένοις
2650 3538 2924 3608 ἀγιασμοῦ
2952 3538 3170 3603 δοξάσαι
3196 3538 3417 3592 δυνατόν
3456 3541 3569 3590 ἐστι
3610 3538 3704 3591 τὸν

2132 3626 2261 3681 Θεὸν
2296 3628 2437 3682 κατά
2478 3629 2576 3700 τὴν
2622 3629 2716 3682 τοῦ
2764 3630 2978 3683 Παύλου
3030 3631 3373 3701 παραίνεσιν,
3420 3628 3700 3697 λέγοντος’

2130 3717 2433 3781 Δοξάσατε
2458 3718 2533 3785 δὴ
2559 3718 2665 3773 τὸν
2688 3720 2838 3773 Θεὸν
2863 3722 2932 3775 ἐν
2957 3720 3078 3787 τοῖς
3108 3720 3362 3789 μέλεσιν
3380 3717 3546 3788 ὑμῶν
3568 3718 3701 3789 (80).

2132 3810 2346 3882 Ταύτην
2372 3813 2466 3864 καὶ
2486 3813 2706 3865 ἀπαιτεῖ
2738 3811 2889 3883 παρὰ
2910 3812 3015 3865 τῶν
3044 3813 3124 3875 εἰς
3153 3812 3314 3864 αὐτὸν
3342 3811 3702 3864 πιστευόντων

2131 3903 2225 3956 καὶ
2274 3903 2351 3974 τῷ
2405 3904 2703 3976 χαρίσματι
2749 3907 2848 3974 τῆς
2885 3904 3155 3967 υἱοθεσίας
3193 3904 3571 3975 τετιμημένων
3602 3902 3702 3973 τὴν

2130 3993 2286 4059 δόξαν
2322 3996 2351 4046 6
2383 3994 2606 4066 Κύριος.
2653 3994 2781 4060 Υίὸς
2805 3993 2935 4064 γὰρ,
2972 3995 3153 4065 φησιν,
3184 3990 3412 4057 δοξάζει
3437 3990 3661 4059 πατέρα
3683 4007 3696 4019 ·

2130 4091 2243 4156 καὶ,
2274 4090 2341 4141 El
2376 4088 2569 4156 πατήρ
2604 4091 2721 4158 ειμι
2752 4088 2884 4158 ἐγὼ,
2925 4090 3042 4144 ποῦ
3083 4088 3256 4142 ἐστιν
3284 4088 3322 4153 ἡ
3364 4086 3513 4152 δόξα
3542 4102 3699 4156 μαλε

2132 4181 2306 4253 Τιμὴν
2337 4181 2393 4233 δὲ
2419 4180 2573 4250 φέρει
2599 4180 2675 4251 τῷ
2704 4180 2822 4251 Θεῷ
2842 4182 2869 4233 6
2901 4181 3040 4234 κατά
3069 4181 3167 4251 τὴν
3202 4179 3503 4251 Παροιμίαν
3527 4177 3699 4248 τιμῶν

2131 4274 2219 4326 τὸν
2240 4273 2372 4326 Θεὸν
2398 4272 2503 4325 ἀπὸ
2532 4272 2639 4325 τῶν
2674 4273 2896 4326 δικαίων
2923 4272 3116 4325 ἑαυτοῦ
3146 4272 3346 4336 πόνων,
3389 4271 3484 4324 καὶ
3518 4272 3697 4338 ἀπαρ-

2130 4365 2355 4436 χόμενος
2400 4364 2547 4435 αὐτῷ
2580 4364 2688 4418 ἀπὸ
2733 4364 2956 4436 καρπῶν
2984 4364 3148 4417 αὐτοῦ
3182 4363 3544 4433 δικαιοσύνης.
3594 4359 3699 4415 Καὶ

2132 4460 2239 4520 πᾶς
2260 4457 2317 4510 δὲ
2346 4460 2373 4509 6
2398 4456 2841 4527 ὲπιτεταγμένως
2870 4456 2980 4525 (81)
3025 4454 3290 4523 θεολογῶν
3309 4494 3323 4519 ,
3356 4454 3431 4517 ὼς
3459 4453 3533 4523 μὴ
3559 4455 3695 4506 ἁπο-

2133 4548 2350 4602 πίπτειν
2386 4548 2485 4618 τῆς
2520 4547 2686 4617 ὀρθῆς
2727 4548 2854 4620 περὶ
2897 4546 3109 4619 Πατρὸς
3149 4546 3377 4611 ἑννοίας,
3426 4545 3521 4599 καὶ
3568 4543 3699 4615 περὶ

528 4727 725 4782 “Gen.
752 4744 905 4793 xvnt,
931 4730 1022 4784 ‘27.
1100 4728 1142 4759 "’
1176 4730 1361 4784 Matth.
1391 4745 1446 4794 v,
1479 4728 1566 4782 16.
1643 4728 1687 4761 ⁸⁸
1709 4726 1730 4781 l
1755 4728 1878 4783 Cor.
1911 4744 1983 4797 νι,
2014 4728 2026 4782 ε

2180 4731 2224 4763 δ’
2256 4730 2485 4787 Malach.
2520 4747 2580 4796 tt,
2606 4731 2659 4785 6.
2734 4730 2780 4763 ⁵⁵
2814 4728 2946 4784 ibid.
3022 4729 3065 4760 “
3093 4727 3252 4781 Prov.
3286 4742 3366 4794 ut,
3393 4727 3446 4782 9.

526 4888 849 4964 (74)-Editio
876 4888 1044 4964 Paris.
1075 4888 1161 4940 ἴνα
1196 4888 1307 4964 υίὸν
1329 4886 1490 4964 αὐτὸν
1518 4885 1823 4964 προσφέρῃ.
1856 4887 2026 4964 Egilio

2203 4884 2589 4964 (77)_Nonnu|li
2644 4903 2772 4964 mss.
2802 4886 2973 4941 ἄλλων
2991 4882 3352 4964 Ρνο-λοιπῶν.
3385 4884 3500 4964 ng
3558 4885 3694 4964 βεδε.

448 4974 582 5014 vero
635 4958 799 5013 Basil.
840 4970 894 5013 et
919 4960 1025 5012 duo
1061 4974 1186 5031 mss.
1221 4959 1315 5031 ἵνα
1352 4958 1466 5031 υἱὸν
1516 4958 1831 5031 προσφέρῃ.
1890 4959 2022 5028 Reg.

451 5032 723 5101 set-nudus
743 5031 1055 5101 eritendatus
1085 5028 1171 5081 ἵνα
1212 5030 1365 5100 κριὸν
1398 5028 1584 5101 αὐτῷ(
1620 5030 1701 5083 Ad
1744 5028 2020 5083 Abraham

452 5102 664 5153 videtur
697 5100 927 5153 Basilius
967 5103 1253 5166 respicere.
1286 5101 1398 5154 Hoc
1420 5100 1584 5170 igitur
1620 5103 1800 5154 dicere
1830 5109 2023 5169 putan-

451 5176 552 5224 dus
583 5182 689 5235 est,
727 5188 829 5224 non
854 5170 962 5235 iam
992 5184 1126 5238 Opus
1154 5185 1292 5237 esse,
1323 5181 1378 5224 ut
1405 5172 1528 5239 quis
1554 5171 1802 5236 exemplo
1842 5170 2020 5223 Abra-

453 5244 533 5295 hzc
567 5243 731 5294 lilimn
766 5240 959 5295 ollerat
996 5258 1008 5293 :
1040 5242 1135 5295 sed
1170 5242 1304 5296 satis
1358 5257 1498 5306 esse,
1548 5242 1592 5294 si
1640 5240 1734 5293 lilii
1786 5244 2018 5294 arietum

448 5312 762 5365 offerantur.

523 5382 634 5451 (75)
667 5382 762 5436 ilic
791 5386 1002 5435 variant
1031 5390 1241 5451 veteres
1273 5392 1382 5451 tum
1415 5380 1626 5433 calamo
1670 5378 1858 5451 notati.
1895 5387 2006 5431 tum

453 5448 593 5523 typis
616 5448 876 5520 descripti
933 5452 1072 5523 libri.
1121 5450 1296 5504 Editio
1350 5450 1524 5504 Paris.
1583 5448 2011 5523 μεταϐάλλωσιν.

452 5519 816 5577 EtiitioBasil.
849 5538 968 5577 cum
1002 5522 1211 5575 duobus
1258 5536 1383 5575 mss.
1430 5519 1827 5591 μεταϐάλωσιν.
1882 5519 2013 5587 Reg.

446 5603 673 5663 quartus
722 5591 1158 5663 ¹μεταϐληθῶσιν.
1194 5591 1370 5663 ΔΠερὶ
1422 5592 1692 5663 secundus
1737 5600 1793 5643 et
1832 5601 2018 5663 sextus

448 5677 571 5715 cum
605 5661 757 5742 (Pola.
798 5661 992 5733 quarto
1039 5661 1474 5731 μεταϐάλωνται,
1516 5670 1572 5716 et
1620 5662 1694 5715 ita
1747 5661 2015 5715 edendum

446 5746 776 5785 curavttnus.

522 5801 632 5924 $76)
660 5802 747 5884 §ic
774 5815 897 5857 octo
935 5819 1065 5859 mss.
1096 5797 1235 5858 Εύὶιί
1273 5817 1399 5859 vero
1439 5818 1555 5858 cum
1595 5799 1745 5857 Colb.
1786 5801 2015 5871 septimo

558 5887 880 5924 ηγουμενος.

449 5885 691 5939 καυηγου
700 5889 880 5941 μενος.

2132 4951 2399 5012 secundus
2425 4957 2953 5029 μεταμορφούμενοι.
2989 4951 3229 5012 Subinde
3255 4973 3354 5013 vox
3409 4951 3501 5010 οὖν
3545 4951 3697 5010 άοεὲι

2128 5029 2181 5083 in
2218 5030 2487 5097 plerisque
2515 5045 2644 5082 mss.

2199 5094 2311 5168 (78)
2347 5094 2520 5152 Editio
2553 5110 2779 5167 utraque
2820 5114 2940 5152 cum
2976 5095 3330 5166 interroganti
3376 5105 3520 5161 nota,
3564 5094 3695 5165 περὶ

2123 5168 2321 5234 τίνων;
2355 5171 2446 5223 sed
2478 5169 2740 5239 ejusmodi
2775 5180 2898 5224 nota
2940 5170 2991 5222 in
3025 5168 3210 5221 multis
3238 5181 3368 5221 mss.
3400 5182 3505 5220 non
3546 5182 3695 5234 repe-

2124 5250 2281 5292 Tlllll‘.

2195 5310 2303 5378 (79)
2334 5310 2559 5365 Codices
2602 5321 2724 5363 octo
2766 5311 3027 5382 φέρομεν.
3080 5307 3217 5382 Editi
3260 5320 3389 5382 vero
3429 5320 3552 5382 cum
3589 5318 3692 5356 uao

2123 5374 2215 5433 aut
2247 5374 2417 5452 altero
2454 5396 2580 5435 ntss.
2629 5374 3032 5452 προσξρέρόμεν.
3082 5374 3199 5432 Mox
3262 5376 3552 5431 Colbertini
3609 5390 3693 5427 se-

2121 5450 3096 5525 cut‘ulus_etquartus’t'barsjsi66zqg.
3152 5517 3163 5525 _
3246 5516 3328 5525 Α.
3409 5518 3423 5525 _
3531 5511 3558 5525 -

2195 5519 2306 5590 (80)
2335 5511 2536 5576 Tettius
2564 5538 2692 5577 sane
2720 5522 2991 5589 Δοξάσατε
3024 5511 3085 5575 6i:
3117 5517 3208 5571 τὸν
3240 5516 3372 5570 Θεὸν
3407 5518 3464 5569 ὲν
3490 5511 3568 5584 τῷ
3591 5511 3692 5565 σώ-

2126 5601 2255 5658 ματι
2280 5590 2453 5658 ὐμῶν.

2195 5652 2420 5733 (8i):lta
2456 5660 2587 5733 Reg.
2633 5674 2861 5731 quartus
2914 5671 2967 5716 et
3018 5660 3175 5733 Colb.
3214 5666 3398 5712 sextus
3420 5669 3559 5733 _cnm
3595 5652 3694 5705 Ca-

2126 5726 2246 5780 tena
2290 5726 2563 5788 Corderii:
2587 5726 2807 5789 At'editi
2837 5748 2957 5789 cum
2999 5730 3211 5787 caeteris
3256 5742 3386 5783 mss.
3416 5726 3694 5778 ὲπιτετευι

2123 5798 2360 5868 γμένως.
