4008 6402
263 424 374 481 285

1362 425 1649 483 HOMILIA
1688 429 1760 483 IN
1799 428 2133 485 PSALMUM
2173 429 2414 485 XXVI".

3429 434 3534 488 286

267 535 368 605 τῆς
385 534 484 588 τοῦ
509 535 849 604 Μονογενοῦς
874 536 1146 609 θεότητος,
1178 536 1270 591 καὶ
1298 538 1427 610 περὶ
1452 540 1551 609 τῆς
1577 540 1670 593 τοῦ
1698 542 1853 610 ἁγίου

1960 543 2085 597 dere
2114 552 2289 613 potest
2322 558 2425 611 qua
2461 553 2643 597 creato
2686 544 2794 598 sint
2839 544 3043 609 omnia,
3076 560 3288 615 quaque
3315 561 3533 601 conser-

268 627 587 698 Πνεύματος
628 628 806 699 δόξης,
852 623 1007 693 οὗτος
1043 630 1197 700 φέρει
1234 629 1311 700 τῷ
1349 629 1540 703 Κυρίῳ
1571 632 1733 695 δόξαν
1759 635 1854 686 καὶ

267 720 459 789 τιμήν.
496 718 786 770 Ἐπιτείνει
823 719 878 772 δὲ
915 719 1012 789 τὴν
1049 718 1204 785 δόξαν
1232 722 1259 772 6
1288 720 1584 792 δυνάμενος
1604 723 1731 787 τοὺς
1763 723 1854 776 λό-

266 828 401 883 γους
427 814 737 868 ἀποδιδόναι
769 814 889 867 καθ’
912 814 1004 877 οὓς
1033 815 1278 868 ἔκτισται
1312 814 1382 868 τὰ
1415 816 1726 887 σύμπαντα,
1760 818 1855 870 καὶ

267 906 397 960 καθ’
425 905 520 969 οὒς
551 910 958 978 συγκρατεῖται,
987 908 1086 978 τῆς
1108 908 1199 961 ἀπ’
1227 907 1390 961 αὑτοῦ
1419 908 1673 981 προνοίας
1693 909 1854 981 μέχρι

266 996 381 1049 τῶν
403 996 743 1067 μικροτάτων
768 997 1167 1067 διικνουμένης,
1198 999 1292 1051 καὶ
1318 999 1440 1051 καθ’
1469 997 1560 1062 οὒς
1589 998 1725 1070 μετά
1755 1000 1856 1071 τὴν

266 1084 374 1144 ὦδε
406 1089 718 1160 οἰκονομίαν
766 1090 871 1143 ὑπὸ
902 1091 1000 1161 τὴν
1038 1092 1221 1162 κρίσιν
1252 1091 1572 1162 ἀχθήσεται.
1623 1091 1684 1146 Ὀ
1725 1110 1855 1163 τρα-

266 1186 382 1246 νοῖς
409 1183 503 1236 καὶ
527 1182 855 1254 ἀσυγχύτοις
885 1183 1165 1254 λογισμοῖς
1203 1184 1365 1246 αὑτός
1393 1200 1451 1236 τε
1483 1183 1758 1253 θεωρῆσαι
1788 1184 1857 1237 τά

268 1274 397 1329 καθ’
427 1274 657 1328 ἕκαστον
690 1274 962 1344 δυνηθεὶς,
992 1276 1086 1329 καὶ
1133 1275 1271 1346 μετά
1302 1277 1363 1329 16
1393 1276 1556 1339 αὐτὸς
1583 1276 1857 1348 τεθεωρη-

268 1365 450 1427 κέναι,
479 1364 775 1435 δυνάμενος
807 1365 901 1418 καὶ
931 1365 1139 1436 ἑτέροις
1166 1365 1233 1419 τὰ
1278 1367 1407 1437 περὶ
1454 1366 1553 1436 τῆς
1588 1365 1857 1435 ἀγαθότη-

267 1475 365 1522 τος
412 1456 506 1510 τοῦ
552 1456 684 1510 Θεοῦ
724 1457 818 1511 καὶ
862 1457 961 1527 τῆς
1005 1456 1219 1520 δικαίας
1258 1458 1492 1528 κρίσεως
1542 1456 1653 1527 (82)
1690 1456 1855 1511 αὑτοῦ

269 1553 643 1625 παραστῆσαι,
677 1546 830 1614 οὗτός
861 1552 1007 1603 ἐστιν
1052 1552 1079 1603 6
1113 1551 1292 1621 φέρων
1342 1549 1419 1621 τῷ
1475 1551 1663 1622 Κυρίῳ
1699 1549 1856 1616 δόξαν

268 1646 369 1699 καὶ
409 1644 591 1714 τιμὴν,
628 1642 719 1696 καὶ
760 1644 787 1694 6
830 1641 907 1713 τῷ
948 1640 1243 1713 ἀρμόζοντι
1287 1644 1352 1712 τῇ
1390 1640 1619 1714 τοιαύτῃ
1651 1640 1857 1713 θεωρίᾳ

269 1732 608 1805 κεχρημένος
656 1732 775 1802 βίῳ.
805 1733 911 1785 Τοῦ
942 1731 1050 1802 γὰρ
1100 1732 1339 1784 τοιούτου
1387 1731 1593 1801 λάμπει
1639 1731 1700 1784 τὸ
1743 1730 1856 1800 φῶς

269 1823 581 1895 ἔμπροσθεν
607 1824 714 1876 τῶν
748 1822 1071 1894 ἀνθρώπων,
1112 1824 1205 1876 καὶ
1248 1823 1391 1893 λόγῳ
1422 1825 1514 1876 καὶ
1569 1824 1714 1896 ἔργῳ
1764 1825 1857 1876 καὶ

1955 646 2170 698 ventur,
2203 633 2539 705 providentia
2574 634 2740 703 ipsius
2767 635 2831 687 ad
2872 635 3091 689 minima
3129 652 3297 704 usque
3330 637 3533 707 pertin-

1956 735 2135 795 gente,
2168 736 2222 779 et
2264 741 2368 795 qua
2411 733 2532 793 post
2581 727 2960 793 temporariam
3006 727 3529 783 administrationem

1957 817 2011 871 in
2057 818 2319 888 judicium
2368 817 2726 871 adducantur.
2768 817 2867 884 Qui
2918 817 3079 872 claris
3130 819 3534 891 inconfusisque

1956 910 2377 980 cogitationibus
2426 918 2605 978 potest
2648 917 2703 962 et
2750 909 2860 977 ipse
2903 911 3108 978 singula
3153 894 3440 980 speculari,
3476 922 3531 967 et

1955 1012 2309 1070 posteaquam
2352 1001 2467 1069 ipse
2517 1000 2826 1069 speculatus
2870 1001 3050 1067 fuerit,
3083 1004 3247 1057 etiam
3284 1004 3404 1058 aliis
3440 1020 3531 1057 ar-

1955 1106 2088 1145 cana
2128 1092 2383 1147 bonitatis
2413 1092 2504 1146 Dei
2537 1107 2601 1146 ac
2625 1091 2756 1159 justi
2797 1094 2985 1161 judicii
3031 1096 3197 1162 ipsius
3230 1096 3532 1163 patefacere

1956 1192 2154 1252 potest,
2193 1184 2279 1238 hic
2319 1183 2409 1237 ille
2448 1193 2552 1250 est,
2594 1186 2683 1252 qui
2736 1186 2964 1241 Domino
3006 1185 3160 1240 affert
3207 1185 3429 1255 gloriam
3476 1196 3533 1239 et

1957 1274 2237 1338 honorem,
2271 1275 2527 1343 itemque,
2562 1275 2651 1343 qui
2703 1285 3063 1345 congruenter
3095 1276 3357 1346 ejus:nodi
3397 1291 3531 1329 con-

1960 1367 2287 1435 templationi
2322 1367 2474 1419 vivit.
2508 1368 2639 1421 Nam
2681 1369 2782 1422 viri
2828 1370 3088 1438 ejusmodi
3135 1369 3223 1422 lux
3275 1367 3534 1422 elucescit

1957 1474 2138 1513 coram
2176 1459 2500 1524 hominibus,
2536 1461 2803 1529 siquidem
2841 1460 3003 1515 Pater
3028 1461 3117 1530 qui
3160 1462 3211 1514 in
3240 1461 3394 1515 cadis
3426 1472 3530 1525 est,

1958 1561 2011 1605 et
2042 1551 2205 1604 verbo
2248 1562 2302 1604 et
2342 1566 2529 1620 opere,
2562 1563 2616 1606 et
2660 1568 2754 1622 per
2801 1554 3053 1622 pra-clara
3102 1555 3277 1607 omnis
3319 1554 3533 1624 generis

1961 1643 2200 1698 facinora
2254 1646 2607 1715 glorificatur.
2648 1646 2763 1700 Non
2814 1656 2990 1702 autem
3041 1648 3267 1703 Domino
3310 1649 3532 1716 gloriam

1958 1750 2012 1794 et
2056 1742 2315 1792 honorem
2371 1732 2672 1808 affert,’qui
2725 1740 3003 1808 impotenti
3060 1741 3305 1794 humanae
3350 1741 3535 1811 gloriae

1960 1830 2229 1884 desiderio
2274 1828 2506 1899 flagrat;
2543 1845 2648 1884 non
2694 1830 2783 1898 qui
2828 1838 3107 1898 argentum
3144 1832 3303 1884 habet
3335 1832 3385 1883 in
3416 1845 3537 1898 pre-

268 1915 360 1969 6t'1
409 1916 759 1970 παντοδαπῶν
808 1916 1316 1988 ἀνδραγαθημάτων
1355 1916 1713 1987 δοξαζομένου
1760 1915 1855 1969 τοῦ

1963 1924 2066 1985 ιίο;
2105 1937 2206 1976 non
2252 1923 2344 1992 qui
2389 1925 2634 1991 corporis
2671 1924 2978 1992 voluptates
3016 1922 3229 1993 plurimi
3264 1922 3410 1986 facit,
3443 1937 3509 1976 tte

269 2007 332 2058 ὲν
354 2008 603 2077 οὐρανοῖς
631 2006 863 2078 Πατρός.
894 2007 967 2059 Οὐ
999 2006 1151 2077 φέρει
1179 2006 1233 2059 δὲ
1262 2006 1340 2077 τῷ
1362 2007 1550 2079 Κυρίῳ
1583 2007 1739 2073 δόξαν
1764 2008 1857 2060 καὶ

268 2102 437 2170 τιμὴν
465 2102 493 2152 6
516 2101 645 2171 περὶ
670 2100 767 2171 τὴν
792 2099 1136 2170 ἀνθρωπίνην
1166 2099 1498 2170 ἐπτοημένος
1521 2098 1673 2163 δόξαν
1694 2117 1706 2128 ·
1737 2099 1855 2151 οὐδὲ

269 2194 301 2244 6
327 2191 501 2262 τιμῶν
532 2191 793 2263 ἀργύριον
814 2209 826 2221 ·
852 2191 972 2244 οὐδὲ
1000 2193 1027 2243 6
1053 2192 1150 2255 τάς
1200 2190 1391 2262 ἡδονὰς
1420 2191 1593 2261 τιμῶν
1626 2191 1719 2244 τοῦ
1754 2190 1857 2243 σώ-

274 2300 477 2354 ματος’
509 2283 629 2336 οὐδὲ
660 2285 687 2337 6
717 2282 1012 2355 θαυμάζων
1046 2282 1113 2337 τά
1149 2282 1405 2355 ἀλλότρια
1425 2286 1523 2355 τῆς
1548 2282 1856 2344 θεοσεϐείας

270 2376 540 2446 δόγματα.
576 2376 785 2446 Ὥσπερ
823 2375 931 2447 γάρ
975 2374 1066 2427 διά
1092 2375 1200 2428 τῶν
1233 2376 1455 2444 ἀγαθῶν
1488 2375 1665 2446 ἔργων
1698 2374 1855 2439 δόξαν

272 2470 516 2543 φέρομεν
547 2468 624 2540 τῷ
651 2470 862 2542 Κυρίῳ,
892 2470 1036 2523 οὕτω
1063 2471 1151 2525 διὰ
1177 2472 1284 2525 τῶν
1314 2471 1566 2543 πονηρῶν
1590 2470 1766 2542 ἔργων
1797 2470 1857 2523 16

274 2564 537 2618 ἐναντίον.
581 2565 705 2627 Τοῖς
740 2563 850 2636 γὰρ
886 2565 1262 2637 ἁμαρτάνουσι
1308 2565 1361 2618 τί
1406 2566 1516 2636 (85)
1554 2564 1738 2632 λέγει;
1786 2561 1855 2616 Τὸ

274 2656 466 2725 ὄνομὰ
496 2675 613 2725 μου
641 2656 713 2709 δι’
742 2655 898 2725 ὑμᾶς
925 2657 1375 2727 βλασφημεῖται
1395 2658 1464 2711 ἐν
1490 2658 1612 2724 τοῖς
1628 2658 1851 2712 ἔθνεσι.

273 2750 389 2803 Καὶ
413 2748 571 2802 πάλιν
595 2751 623 2802 6
670 2748 1007 2811 Ἀπόστολος·
1042 2748 1146 2802 Διὰ
1180 2749 1287 2818 τῆς
1330 2749 1719 2818 παραϐάσεως
1751 2748 1856 2802 τοῦ

274 2844 466 2912 νόμου
495 2844 601 2895 τόν
629 2841 778 2895 Θεὸν
803 2840 1115 2910 ἀτιμάζεις.
1145 2842 1340 2913 Ὕϐρις
1376 2842 1483 2913 γάρ
1520 2844 1634 2895 ἐστι
1664 2841 1741 2913 τῷ
1770 2859 1857 2894 νο-

280 2936 530 3007 μοθέτῃὴ
550 2935 657 2987 τῶν
670 2934 849 3005 νόμων
877 2936 906 2987 ὑ
919 2935 1147 3006 περοψία
1166 2935 1257 2988 καὶ
1287 2952 1467 3003 καταφ
1477 2935 1714 3005 ρόνησις.
1744 2935 1856 2987 Καὶ

276 3028 454 3091 οἰκίας
504 3026 687 3090 κακῶς
730 3027 1058 3098 οἰκουμένης
1110 3028 1166 3078 ὲν
1290 3025 1458 3096 θυμὸς
1492 3025 1585 3078 καὶ
1615 3024 1852 3095 κραυγὴ,

277 3120 436 3192 ῦῦρις
465 3122 558 3175 καὶ
590 3121 783 3190 γέλως,
810 3118 989 3191 τρυφὴ
1030 3118 1124 3171 καὶ
1162 3118 1388 3181 ἀσωτία,
1423 3117 1736 3189 ἀκαθαρσία
1762 3119 1856 3171 καὶ

275 3213 555 3281 ἀσέλγεια,
580 3212 672 3265 ἐπὶ
706 3210 798 3264 τὸν
825 3210 1132 3282 κρατοῦντα
1171 3210 1341 3280 αὐτῆς
1385 3211 1418 3281 ή
1456 3209 1650 3279 ἀτιμία
1696 3209 1850 3279 καὶὴ

1960 2029 2065 2083 que
2091 2014 2179 2083 qui
2214 2013 2387 2067 aliena
2423 2032 2450 2066 a
2486 2016 2686 2084 pietate
2713 2016 2962 2083 dogmata
2994 2016 3313 2070 admiratur.
3340 2014 3538 2080 Quem-

1959 2107 2245 2161 admodum
2289 2109 2433 2161 enim
2482 2122 2577 2176 per
2624 2109 2765 2161 bona
2803 2123 2964 2176 opera
3006 2107 3230 2161 Domino
3262 2105 3538 2161 alferimus

1957 2199 2184 2267 gloriam
2229 2200 2344 2254 :ita
2392 2215 2486 2266 per
2534 2200 2670 2254 mala
2714 2216 2877 2269 Opera
2927 2203 3122 2256 accidit
3173 2201 3533 2256 contrarium.

1959 2291 2094 2356 Quid
2122 2292 2264 2345 enim
2309 2292 2440 2346 dicit
2479 2294 2866 2361 peccantibus?
2900 2295 3104 2348 Nomen
3138 2311 3305 2348 meum
3337 2313 3427 2364 per
3447 2312 3536 2349 vos

1960 2377 2353 2447 blasphematur
2394 2381 2536 2433 inter
2574 2394 2748 2448 gentes
2778 2384 2844 2436 ⁸³.
2878 2383 2941 2436 Ει
2975 2399 3163 2439 rursus
3201 2385 3484 2454 ApoStolus
3511 2404 3529 2418 ο

1961 2468 2067 2523 Per
2102 2471 2592 2537 prwvaricationem
2626 2472 2753 2542 legis
2788 2474 2951 2528 Deum
2987 2476 3269 2529 inhonorus
3301 2478 3367 2529 ⁸³.
3402 2475 3535 2531 Nam

1958 2562 2232 2630 dcspectio
2276 2562 2450 2631 legmn
2496 2572 2655 2631 atque
2704 2574 3042 2633 contemptus
3091 2568 3411 2620 contumelia
3454 2576 3539 2623 est

1959 2652 2275 2721 legislatori.
2307 2653 2613 2719 Quinetiam
2666 2655 2710 2709 si
2756 2657 2947 2711 domus
3000 2658 3138 2713 niale
3182 2660 3534 2728 gubernatur,

1959 2745 2011 2798 in
2053 2760 2155 2813 qua
2202 2744 2448 2799 videlicet
2485 2756 2568 2800 est
2598 2746 2702 2808 ira.
2730 2747 2957 2814 clamor,
2992 2748 3339 2813 cantumelia,
3377 2750 3538 2821 116

1959 2838 2120 2901 risus,
2156 2838 2335 2901 huius,
2376 2838 2619 2902 lascivia,
2654 2840 2938 2908 impuritas
2985 2850 3034 2894 et
3090 2840 3407 2909 petulantia,
3442 2859 3537 2896 eo-

1959 2946 2077 2983 rum
2125 2946 2243 2998 qute
2288 2930 2421 2983 liuut
2471 2930 2763 3000 ignominia
2807 2941 2861 2985 et
2904 2934 3180 3000 turpitudo
3211 2934 3261 2987 in
3292 2950 3412 2987 eum
3444 2934 3534 3003 qui

1958 3023 2176 3075 domtuu
2253 3033 2524 3090 occupat,
2589 3022 2857 3077 recidunt.
2935 3024 3281 3092 Consequens
3354 3037 3535 3079 autem

1959 3120 2143 3184 fuerit,
2194 3130 2252 3172 ut
2304 3119 2669 3187 intelligamus
2718 3134 2839 3181 uos,
2886 3120 3025 3188 quod
3083 3123 3533 3189 quemadmodum

1958 3229 2022 3268 ex
2073 3214 2229 3267 bonis
2281 3211 2533 3279 operibus
2589 3212 2887 3265 honoratur
2942 3211 3118 3276 Deus,
3166 3214 3239 3268 ita
3296 3230 3362 3268 ex
3416 3230 3535 3268 ma-

276 3271 507 3373 αίσχῦνη
543 3271 665 3355 ’τῶν
715 3271 1012 3372 γινομένων
1076 3271 1371 3356 ἐπάνεισιν.
1408 3271 1751 3354 ”Ακόλουθον
1793 3271 1850 3354 δέ

1960 3307 2021 3361 Ιίε
2093 3305 2347 3359 inimicus
2431 3304 2750 3357 honoretur.
2809 3303 2940 3357 Cum
3018 3306 3203 3369 enim,
3279 3307 3538 3360 membris

275 3402 414 3451 νοεῖν
438 3399 605 3468 ἡμᾶς,
645 3398 748 3459 ὅτι,
782 3396 969 3469 ῶσπερ
1000 3399 1056 3450 ὲν
1081 3401 1193 3461 τοῖς
1221 3396 1444 3465 ἀγαθοῖς
1479 3396 1660 3466 ἔργοις
1693 3395 1849 3461 δοξά-

276 3490 431 3556 ζεται
462 3493 491 3544 6
534 3490 701 3555 Θεὸς,
743 3489 915 3554 οὕτως
964 3492 1021 3543 ὲν
1071 3493 1183 3554 τοῖς
1232 3491 1489 3561 πονηροῖς
1514 3488 1791 3552 δοξάζεται
1824 3490 1852 3542 6

274 3586 488 3656 ἐχθρός.
540 3586 709 3639 Ὅταν
753 3586 882 3657 γὰρ,
934 3585 1071 3657 ἄρας
1116 3584 1183 3638 τὰ
1243 3584 1378 3656 μέλη
1433 3582 1527 3636 τοῦ
1579 3583 1850 3656 Χριστοῦ,

274 3680 488 3750 ποιήσω
549 3678 685 3750 μέλη
728 3678 962 3750 πόρνης.
1030 3680 1342 3749 μετήνεγκα
1389 3678 1488 3748 τὴν
1546 3676 1705 3743 δόξαν
1763 3676 1855 3728 ἐπὶ

271 3771 366 3823 16v
397 3768 700 3823 ἀπολλύντα
731 3786 799 3840 με
828 3770 934 3822 ἀπὸ
968 3770 1060 3822 τοῦ
1111 3769 1372 3835 σώζοντός
1408 3787 1496 3839 με.
1527 3771 1635 3823 Καὶ
1664 3772 1692 3823 6
1726 3770 1854 3823 ἄπι-

277 3880 400 3921 στος
423 3861 779 3933 μεταλλάσσει
806 3864 905 3933 τὴν
927 3863 1082 3928 δόξαν
1099 3863 1191 3916 τοῦ
1225 3863 1505 3934 ἀφθάρτου
1532 3863 1666 3916 Θεοῦ
1691 3864 1749 3915 ἐν
1779 3863 1857 3914 εί-

274 3956 394 4009 κόνι
424 3954 662 4027 φθαρτοῦ
686 3954 994 4026 ἀνθρώπου,
1023 3956 1118 4009 καὶ
1144 3955 1428 4018 πετεινῶν,
1462 3957 1557 4009 καί
1589 3955 1855 4026 τετραπό-

274 4046 383 4101 δων
416 4048 511 4100 καὶ
538 4046 783 4119 ἑρπετῶν
805 4048 912 4100 τῶν
939 4049 1031 4101 ἐπὶ
1067 4049 1165 4118 τῆς
1199 4048 1322 4117 γῆς.
1355 4049 1464 4102 Καὶ
1504 4051 1534 4101 6
1567 4048 1857 4117 σεϐόμενος

273 4142 372 4195 καὶ
390 4142 417 4193 6
449 4140 726 4212 λατρεύων
754 4144 819 4212 τῇ
842 4140 1013 4195 κτίσει
1045 4142 1195 4212 παρά
1217 4142 1307 4196 τὸν
1340 4143 1601 4195 κτίσαντα
1624 4141 1758 4214 (84),
1795 4141 1854 4192 ού

272 4230 356 4304 τῷ
390 4232 507 4304 Θεῷ
545 4233 698 4305 φέρει
738 4232 914 4299 δόξαν,
960 4231 1096 4286 ἀλλά
1126 4236 1242 4297 τοῖς
1285 4234 1601 4303 κτίσμασιν.
1645 4236 1806 4286 Ὥστε
1830 4235 1858 4286 6

273 4326 485 4397 κτίσμα
503 4326 676 4395 λέγων
708 4344 781 4391 τι,
802 4321 918 4379 εἶτα
958 4326 1295 4397 προσκυνῶν,
1327 4324 1639 4398 γνωριξέτω
1663 4325 1857 4379 ἑαυτοῦ

272 4420 377 4491 τὴν
412 4419 602 4490 μερίδα
646 4418 762 4490 μεθ’
791 4414 857 4491 ἦς
907 4419 1209 4484 τετάξεται.
1249 4418 1579 4489 Φοϐηθῶμεν
1619 4415 1711 4473 οῦν
1760 4419 1856 4491 μὴ,

272 4512 433 4579 δόξαν
474 4514 567 4566 καὶ
597 4512 856 4583 καύχημα
896 4511 982 4564 διά
1016 4511 1115 4581 τῆς
1150 4512 1420 4582 ἁμαρτίας
1452 4511 1609 4582 ἡμῶν
1636 4511 1713 4583 τῶ
1743 4512 1859 4564 δια-

1954 3396 2156 3452 Christi
2230 3395 2466 3460 ablatis,
2538 3395 2718 3449 fecero
2794 3396 3097 3450 meretricis
3165 3398 3403 3451 membra
3457 3398 3536 3464 ",

1956 3489 2179 3559 gloriam
2237 3487 2305 3540 ab
2355 3503 2422 3541 eo
2475 3486 2567 3555 qui
2628 3502 2715 3540 me
2768 3497 2970 3550 servat,
3022 3488 3087 3539 ad
3144 3503 3265 3541 eum
3312 3489 3402 3558 qui
3454 3504 3540 3543 me

1956 3580 2175 3650 perdit,
2237 3578 2507 3632 transtuli.
2558 3577 2623 3630 Et
2688 3578 2777 3645 qui
2840 3578 3073 3631 infidelis
3122 3590 3247 3641 est,
3310 3580 3536 3649 gloriam
3597 3636 3600 3640 ,

1957 3671 2385 3741 incorruptibilis
2437 3670 2526 3724 Dei
2581 3671 2631 3723 in
2684 3668 2975 3737 imaginem
3026 3671 3395 3740 corruptibilis
3440 3672 3540 3725 ho—

1958 3766 2138 3828 minis,
2170 3774 2224 3817 et
2254 3763 2569 3823 volucrum,
2598 3771 2654 3814 et
2685 3762 3089 3829 quadrupedum
3117 3771 3173 3815 et
3206 3765 3534 3831 serpentium

1959 3860 2010 3911 in
2051 3866 2192 3911 terra
2220 3856 2526 3923 degentium
2554 3852 2974 3907 transmutat”.
3009 3852 3074 3904 Et
3122 3853 3369 3921 quisquis
3410 3854 3543 3910 colit

1956 3963 2012 4010 et
2030 3964 2316 4005 veneratur
2335 3960 2662 4013 creaturam,
2688 3947 2963 4016 praalerito
2989 3957 3262 4011 creatore,
3280 3963 3384 4000 non
3410 3948 3539 4014 Deo,

1959 4045 2051 4100 sed
2080 4042 2344 4099 creaturis
2385 4039 2540 4094 aﬂ‘ert
2582 4039 2830 4111 gloriam.
2865 4039 3050 4107 Itaque
3100 4038 3189 4107 qui
3237 4048 3543 4094 creaturam

1959 4136 2158 4206 aliquid
2187 4150 2309 4190 esse
2339 4134 2434 4197 ait,
2469 4133 2663 4187 deinde
2698 4132 2910 4196 adorat,
2941 4131 2987 4186 is
3016 4139 3200 4184 noscat
3229 4145 3380 4184 suam
3420 4145 3546 4195 par-

1962 4243 2089 4294 tem,
2124 4246 2246 4284 cum
2272 4243 2375 4297 qua
2405 4227 2765 4281 ordinabitur.
2802 4225 3115 4279 Timeamus
3145 4226 3310 4295 igitur
3337 4240 3403 4278 ne
3426 4224 3546 4293 glo-

1962 4325 2096 4378 riam
2128 4332 2184 4375 et
2233 4320 2645 4375 exsultationem
2696 4318 2909 4371 diabolo
2943 4332 3038 4387 per
3077 4329 3318 4369 nostrum
3358 4331 3548 4385 pecea-

1962 4426 2074 4469 tum
2124 4413 2446 4479 aﬂ‘crentes,
2484 4428 2586 4465 una
2639 4428 2761 4465 cum
2816 4412 2932 4480 ipso
2976 4410 3283 4479 ignominize
3330 4419 3549 4462 aeternas

1963 4510 2298 4563 addicamur.
2332 4505 2485 4573 Quod
2531 4506 2674 4559 enim
2718 4514 2995 4574 peccatum
3032 4512 3272 4556 nostrum
3328 4502 3379 4554 in
3435 4502 3547 4567 glo-

275 4604 417 4676 σόλῳ
448 4605 848 4679 προσφέροντες
877 4604 1009 4675 (85),
1039 4605 1154 4675 μετ’
1179 4604 1343 4658 αὐτοῦ
1366 4607 1430 4675 τῇ
1453 4604 1647 4676 αἰωνίᾳ
1671 4604 1857 4674 αἰσχύ-

1965 4602 2100 4655 riam
2126 4602 2285 4655 cedat
2318 4601 2452 4667 ejus,
2480 4599 2568 4667 qui
2599 4598 2739 4651 illius
2770 4597 2821 4649 in
2869 4598 3023 4650 nobis
3053 4608 3241 4647 auctor
3266 4604 3369 4658 est,
3400 4593 3448 4647 id
3481 4608 3551 4649 ex

274 4707 345 4771 νῃ
378 4697 791 4769 παραδοθῶμεν.
820 4697 943 4750 ’Ὀτι
976 4696 1085 4768 γὰρ
1112 4698 1145 4767 ή
1181 4696 1423 4767 ἁμαρτία
1450 4696 1611 4768 ήμῶν
1629 4696 1754 4761 δόξα
1783 4695 1862 4767 τῷ

276 4790 588 4862 ἐνεργοῦντι
619 4790 787 4862 αὐτὴν
829 4792 885 4843 ὲν
914 4792 1044 4862 ἡμῖν
1072 4792 1300 4859 γίνεται,
1344 4789 1532 4859 νόησον
1566 4788 1633 4841 δι’
1660 4788 1867 4851 εἰκόνος

276 4884 340 4936 τὸ
371 4883 681 4955 λεγόμενον.
718 4883 822 4936 Δύο
846 4883 1167 4957 στρατηγῶν
1198 4882 1559 4936 ἀντεπιόντων
1590 4880 1864 4951 ἀλλήλοις,

277 4977 405 5029 ὅταν
454 4975 553 5047 μὲν
601 4975 757 5029 τοῦτο
790 4978 915 5047 νικᾷ
966 4976 1026 5029 16
1069 4977 1289 5046 τάγμα,
1326 4978 1354 5027 6
1386 4974 1865 5046 στρατοπεδάρχης

279 5065 447 5120 αὑτοῦ
494 5065 590 5137 τὴν
620 5066 775 5131 δόξαν
811 5066 1063 5137 φέρεται·
1093 5069 1220 5120 ὅταν
1266 5065 1322 5119 δὲ
1368 5065 1428 5117 16
1477 5064 1716 5117 ἐναντίον
1746 5067 1867 5116 ἐπι-

278 5160 481 5229 κρατῇ,
513 5158 599 5211 ἐπ’
630 5160 836 5211 ἐκεῖνον
873 5159 1090 5228 πάλινὴ
1128 5156 1263 5228 τιμὴ
1302 5156 1650 5225 μεταπίπτει.
1681 5154 1864 5217 Οὕτως

278 5250 341 5303 ὲν
376 5252 473 5320 μὲν
503 5250 616 5312 τοῖς
638 5248 862 5317 ἀγαθοῖς
904 5267 997 5303 σου
1031 5248 1211 5321 ἔργοις
1240 5247 1443 5320 Κύριός
1481 5248 1626 5300 ἐστιν
1652 5249 1680 5300 6
1719 5244 1866 5310 δοξα-

348 5372 400 5435 ν
432 5371 587 5427 Rom.
628 5388 692 5438 ιι,
725 5371 816 5425 24.
892 5369 939 5401 ⁸³
969 5368 1097 5423 ibid.
1128 5366 1218 5421 25.
1295 5364 1343 5396 “
1375 5363 1546 5419 lCor.
1576 5378 1650 5426 vl,
1682 5362 1766 5416 15.

357 5492 471 5563 (82)
501 5491 635 5562 Reg.
670 5492 862 5546 tertius
891 5505 999 5563 uno
1029 5489 1195 5563 ver_bo
1228 5484 1649 5563 δικαιοκρισίας,
1693 5494 1750 5563 et
1795 5484 1867 5563 ita

283 5554 483 5633 legitur
522 5554 661 5627 apud
705 5561 1042 5633 Apostolmn,
1103 5558 1261 5613 Rom.
1304 5574 1366 5622 ll,
1423 5556 1475 5608 5.
1527 5554 1646 5608 Mox
1713 5554 1864 5609 Colb.

284 5629 825 5706 ιιιῐιιτιιιείφέρωνγτῷ

358 5706 471 5775 (85)
509 5696 663 5759 Deest
688 5705 741 5757 τί
769 5696 981 5775 inlleg.
1009 5700 1266 5775 secundo.
1301 5699 1459 5754 Deest
1489 5715 1556 5768 με
1592 5696 1863 5775 itideninin

284 5766 475 5830 eodem
504 5792 604 5829 ms.
630 5786 749 5843 post
776 5766 1058 5839 σώζοντος.
1090 5770 1209 5824 Mox
1240 5786 1371 5825 mss.
1404 5766 1691 5822 πετεινῶν.
1719 5766 1865 5822 Editi

272 5862 417 5915 ,vero
451 5846 720 5919 πετηνῶν.

362 5917 475 5989 (84)
510 5908 695 5991 Qtiam
722 5915 999 5991 facillime
1024 5912 1155 5969 mihi
1200 5910 1514 5984 persuaderi
1551 5910 1743 5982 possit,
1794 5908 1861 5965 il-

1967 4694 2325 4748 similitudine
2348 4692 2604 4761 iutellige.
2629 4690 3012 4743 Adorientibus
3046 4703 3103 4741 se
3134 4688 3363 4740 invicem
3396 4687 3549 4739 duci-

1968 4786 2066 4841 bus
2090 4785 2318 4848 duohos,
2337 4799 2456 4836 cum
2495 4783 2596 4835 hoc
2624 4796 2813 4850 agmen
2841 4780 3028 4841 vineit,
3065 4779 3359 4845 imperator
3384 4776 3552 4843 ipsius

1970 4876 2136 4930 refert
2177 4874 2403 4943 gloriam
2444 4889 2457 4926 :
2507 4887 2628 4924 cum
2681 4885 2873 4937 agmen
2926 4870 3259 4922 contrarium
3310 4878 3552 4934 superat,

1975 4984 2163 5023 rursus
2204 4969 2376 5021 honor
2407 4966 2472 5019 ad
2512 4965 2655 5018 illius
2685 4966 2875 5016 ducem
2910 4961 3255 5015 transfertur.
3292 4960 3557 5014 Similiter

1974 5070 2031 5112 ιιι
2065 5058 2320 5112 Dominus
2366 5066 2447 5109 est
2483 5055 2573 5122 qui
2628 5054 2679 5107 in
2718 5053 2872 5107 bonis
2932 5053 3038 5107 tuis
3101 5052 3355 5121 operibus
3385 5050 3555 5118 gloria

1972 5151 2200 5206 afﬁcitur
2240 5168 2253 5202 :
2282 5151 2353 5202 ita
2383 5149 2435 5202 in
2460 5148 2745 5202 contrariis
2780 5146 3032 5215 Operibus
3058 5145 3327 5199 inimicus.
3364 5142 3431 5196 Et
3466 5154 3552 5203 ne,

1973 5257 2173 5312 quaeso,
2215 5239 2491 5293 existimes
2526 5238 2707 5293 hostes
2740 5237 2896 5308 longe
2923 5253 2952 5291 a
2985 5248 3033 5292 te
3059 5251 3178 5291 esse
3204 5233 3444 5297 dissitas,
3469 5246 3547 5284 ne-

1846 5362 1890 5393 "
1924 5360 2083 5415 Rom.
2118 5375 2157 5423 ι,
2188 5357 2278 5411 25.

1968 5480 2080 5543 iud,
2114 5479 2267 5551 παρὰ
2292 5479 2383 5532 τὸν
2430 5476 2718 5551 κτίσαντα,
2760 5473 2991 5551 ροείιιρη
3031 5472 3122 5551 hic
3157 5484 3276 5524 esse
3304 5484 3400 5538 pro
3438 5467 3560 5523 ἀντὶ

1966 5552 2062 5604 τοῦ
2085 5544 2394 5613 κτίσαντος,
2443 5549 2791 5614 arbitrorque
2846 5560 2875 5596 e
2924 5544 3425 5614 Scripturaiseusu
3450 5554 3557 5594 non

1968 5611 2479 5690 abcrraturutniqui
2517 5622 2597 5671 sic
2649 5611 3157 5690 interpretaretur:
3204 5611 3462 5690 Quisquis.
3509 5618 3559 5661 ρι

1965 5694 2088 5746 colit
2114 5704 2161 5746 et
2201 5678 2478 5745 venerat'ur
2509 5678 2809 5761 creaturam
2843 5683 3258 5761 _pro-(_Ireatore,
3288 5696 3404 5743 seu,
3444 5678 3558 5761 loco

1964 5765 2252 5817 Creatoris.
2308 5763 2534 5816 Ducaaus
2560 5772 2618 5812 ut
2646 5758 2803 5820 alias,
2843 5757 2911 5808 ita
2961 5756 3046 5809 hic
3092 5767 3306 5825 quoque
3355 5756 3557 5821 optima

1964 5836 2146 5891 docet.

2038 5904 2146 5976 (85)
2181 5902 2317 5974 Reg.
2353 5900 2546 5956 tertius
2567 5896 2847 5969 φέροντες.
