4008 6402
356 335 462 390 289

1436 339 1717 396 IIOMILIA
1756 342 1822 396 IN
1862 341 2190 399 PSALMUM
2228 344 2463 404 XXVIII.

3464 354 3569 409 296

356 454 437 507 Οὐ
463 452 895 522 κληρονομήσει
926 466 998 508 σε
1019 446 1194 520 οὗτος
1213 470 1225 484 ο
1262 456 1355 509 καὶ
1396 456 1487 509 ἐπὶ
1525 460 1769 511 Μωῦσεῖ·
1802 460 1903 513 Kal

2012 460 2149 529 facta
2174 471 2249 515 est
2281 466 2455 517 dicens
2491 478 2509 514 .'
2538 464 2658 518 Non
2700 466 3025 519 Im'reditabit
3057 478 3104 521 le
3146 470 3237 522 iste
3260 471 3322 522 '9.
3353 468 3485 525 Item
3515 473 3567 525 iu

352 544 463 610 πᾶς
513 548 545 595 ό
571 544 718 610 λαός
740 544 887 612 ἐώρα
919 545 1032 612 τὴν
1067 546 1275 614 φωνὴν
1297 548 1392 601 καί
1422 548 1529 614 τὰς
1560 550 1877 618 λαμπάδας
1896 569 1908 581 ·

350 638 444 691 καὶ
478 635 625 705 παρὰ
646 635 723 705 τῷ
754 637 947 707 Ἡσαΐᾳ
995 638 1151 691 πάλιν
1180 656 1192 669 ·
1230 638 1401 707 Φωνὴ
1425 641 1729 711 λέγοντος
1759 645 1910 711 Βόη-

350 743 484 783 σον.
526 728 589 780 Ἦ
614 727 711 798 μὲν
743 727 834 781 οὖν
861 728 985 799 παρ’
1013 732 1141 800 ἡμῖν
1174 731 1322 803 φωνὴ
1359 734 1390 805 ἢ
1423 734 1530 805 ἀήρ
1561 736 1675 789 ἐστι
1709 738 1915 807 πεπλη-

350 820 571 889 γμένος,
605 820 637 889 ἢ
682 819 741 871 τὸ
780 820 1061 890 γινόμενον
1088 818 1226 885 εἶδος
1256 825 1380 894 περὶ
1408 825 1497 877 τὸν
1532 825 1695 897 ἀέρα,
1725 828 1857 897 πρὸς
1886 830 1913 881 ὃ

352 910 463 980 (9|)
491 909 732 979 βούλεται
760 909 960 963 τυποῦν
995 913 1022 963 6
1056 912 1330 980 ἐκφωνῶν.
1368 914 1431 965 Τί
1453 912 1545 968 οὖν
1577 918 1610 987 ἡ
1645 919 1792 989 φωνὴ
1818 920 1911 972 τοῦ

350 1002 553 1072 Κυρίου
576 1019 590 1066 ;
622 1001 844 1073 πότερον
868 1002 1045 1075 πληγὴ
1079 1006 1203 1077 περ)⁸
1228 1002 1318 1059 τὸν
1343 1008 1479 1077 ἀέρα
1509 1012 1709 1074 νοοῖτο;
1746 1012 1778 1082 ἢ
1806 1013 1911 1083 ἀὴρ

350 1094 725 1165 πεπληγμένος
758 1092 969 1161 φθάνων
1021 1095 1182 1165 μέχρι
1221 1098 1319 1167 τῆς
1357 1099 1523 1169 ἀκοῆς
1559 1100 1651 1153 τοῦ
1685 1102 1819 1173 πρὸς
1853 1103 1911 1156 ὃν

349 1184 553 1252 γίνεται
585 1186 617 1255 ἡ
650 1184 833 1254 φωνῆς
861 1184 930 1236 Ἢ
959 1185 1237 1257 οὐδέτερον
1269 1188 1492 1253 τούτων,
1526 1191 1637 1243 ἀλλ’
1665 1194 1911 1265 ἑτερογε-

348 1277 442 1345 νής
465 1276 547 1339 τίς
576 1277 719 1329 ἐστιν
755 1272 921 1346 αὕτη,
963 1279 1418 1349 φαντασιουμένου
1458 1281 1549 1333 τοῦ
1583 1285 1907 1353 ἡγεμονικοῦ

346 1367 453 1421 τῶν
498 1367 795 1440 ἀνθρώπων
842 1358 935 1432 οὒς
985 1368 1051 1422 ἂν
1093 1371 1308 1424 ἀκούειν
1349 1372 1601 1445 βούληται
1642 1379 1741 1446 τῆς
1777 1378 1910 1441 ἰδίας

348 1460 529 1529 φωνῆς
559 1462 587 1512 6
617 1456 745 1524 Θεός
765 1478 779 1492 ·
808 1461 945 1514 ὥστε
969 1463 1255 1531 ἀναλογίαν
1294 1466 1435 1536 ἔχειν
1475 1469 1573 1539 τὴν
1614 1471 1909 1538 φαντασίαν

345 1550 545 1620 ταύτην
575 1551 708 1622 πρὸς
725 1551 821 1623 τὴν
850 1554 906 1605 ἐν
934 1555 1044 1615 τοῖς
1071 1554 1293 1626 ὀνείροις
1314 1558 1603 1629 γινομένην
1631 1560 1905 1626 πολλάκις.

348 1644 555 1714 ’Ὠσπερ
579 1643 707 1715 γὰρ,
738 1646 797 1697 ού
827 1646 1193 1716 πληττομένου
1231 1647 1324 1701 τοῦ
1352 1649 1529 1720 ἀέρος,
1565 1649 1907 1723 λαμϐάνομέν

345 1750 463 1787 τινα
508 1737 563 1787 ὲν
595 1739 714 1799 ταῖς
746 1736 864 1789 καθ’
914 1737 1076 1792 ὕπνον
1129 1739 1237 1808 (92)
1284 1741 1602 1808 φαντασίαις
1649 1744 1905 1813 ῥημάτων

342 1826 503 1880 τινῶν
535 1828 627 1880 καὶ
658 1828 904 1898 φθόγγων
942 1831 1181 1901 μνήμην,
1212 1806 1271 1884 οὐ
1298 1806 1390 1883 διὰ
1421 1836 1518 1903 τῆς
1553 1806 1903 1903 ἀκοῇξδεξά-
1938 1806 1977 1858 Β

347 1934 499 1987 μενοι
533 1916 631 1988 τὴν
664 1920 864 1989 φωνὴν,
894 1919 1006 1987 ἀλλ’
1056 1919 1224 1989 αὐτῆς
1253 1922 1349 1991 τῆς
1377 1923 1598 1993 καρδίας
1634 1924 1786 1994 ἡμῶν
1813 1942 1906 1977 τυ-

348 2009 644 2081 πωθείσης·
673 2009 925 2081 τοιαύτην
949 2012 1071 2065 τινὰ
1103 2011 1206 2084 χρὴ
1235 2011 1473 2083 νομίζειν
1507 2016 1600 2068 καὶ
1634 2016 1730 2087 τὴν
1758 2008 1907 2088 παρὰ

340 2101 436 2155 τοῦ
470 2102 603 2155 Θεοῦ
648 2101 828 2174 φωνὴν
874 2104 1181 2171 ἐγγίνεσθαι
1217 2107 1331 2169 τοῖς
1379 2107 1700 2176 προφήταις.
1735 2102 1904 2175 Φωνὴ

340 2195 561 2263 Κυρίου
583 2194 680 2248 ἐπὶ
715 2193 831 2248 τῶν
870 2193 1119 2249 ὑδάτων.
1159 2196 1247 2258 Ὠς
1272 2195 1367 2266 μὲν
1390 2197 1525 2267 πρὸς
1548 2192 1607 2250 τὸ
1632 2195 1901 2268 αἰσθητὸν,

342 2287 528 2358 ἐπειδὴ
559 2289 613 2340 αἱ
640 2288 877 2357 νεφέλαι,
906 2286 1120 2340 ἐπειδὰν
1150 2286 1336 2352 ὓδατος
1360 2283 1458 2343 ὦσι
1488 2290 1731 2360 πλήρεις,
1774 2287 1905 2363 ἦχον

342 2381 438 2434 καὶ
465 2381 633 2450 ψόφον
668 2379 985 2435 ἀποτελοῦσι
1022 2382 1447 2451 συγκρουόμεναι
1496 2378 1627 2453 πρὸς
1653 2383 1902 2454 ἀλλήλας,

343 2468 538 2537 Φωνὴ,
564 2471 716 2540 φησὶ,
740 2469 958 2537 Κυρίου
993 2468 1225 2522 ἐπὶτῶν
1254 2469 1505 2524 ὑδάτων.
1549 2471 1707 2524 Ἀλλά
1735 2472 1829 2525 καὶ
1856 2473 1909 2525 ετ

343 2580 447 2615 που
492 2562 601 2630 (95)
652 2561 821 2630 ψόφος
861 2556 1066 2613 ὑδάτων
1107 2562 1621 2632 περιῤῥηγνυμένων
1660 2564 1771 2616 τισὶ
1796 2564 1905 2617 τῶν

343 2653 648 2707 ἀντιτύπων
674 2652 929 2721 γίγνοιτο,
967 2652 1058 2705 καὶ
1087 2652 1134 2704 εί
1168 2653 1200 2721 ή
1228 2653 1467 2705 θάλασσα
1501 2652 1765 2723 πνεύμασι
1806 2672 1904 2708 τα-

351 2742 655 2813 ρασσομένη
684 2742 1017 2813 κυμαίνοιτο,
1043 2743 1133 2796 καὶ
1165 2742 1334 2813 βίαιον
1356 2737 1486 2814 ἦχον
1514 2744 1804 2815 ἐκπέμποι,
1838 2746 1905 2798 τὰ

342 2836 525 2904 ἄψυχα
554 2832 726 2886 ταῦτα
755 2834 852 2903 τὴν
874 2832 1023 2902 παρὰ
1043 2831 1135 2884 τοῦ
1166 2832 1366 2903 Κυρίου
1400 2831 1510 2903 ἔχει
1555 2832 1735 2904 φωνὴν
1757 2870 1772 2897 ,
1798 2834 1905 2886 δει-

342 2928 563 2988 κνύντος
584 2926 676 2979 τοῦ
706 2925 884 2994 λόγου,
911 2925 992 2977 ὅτι
1035 2926 1181 2977 πᾶσα
1213 2926 1245 2993 ἡ
1283 2924 1458 2987 κτίσις
1499 2925 1773 2995 μονονουχὶ
1807 2925 1905 2995 βοᾷ

340 3020 429 3073 τὸν
463 3018 659 3087 ἐαυτῆς
685 3016 1011 3089 δημιουργὸν
1033 3016 1453 3085 ἀναγγέλλουσα.
1486 3016 1600 3069 Κᾶν
1629 3016 1820 3087 βροντὴ
1847 3018 1903 3071 δὲ

340 3112 448 3164 ἀπὸ
494 3110 667 3179 νεφῶν
703 3109 810 3179 (94)
847 3109 1073 3178 ἐκραγῇ,
1101 3107 1206 3198 ὀὐκ
1250 3106 1456 3198 ἄλλοτε.
1502 3106 1606 3177 χρὴ
1641 3104 1899 3178 νομίζειν,
1929 3141 1970 3198 C

340 3203 374 3274 ἢ
401 3206 479 3256 ὅτι
499 3206 526 3256 6
544 3202 671 3265 Θεὸς
687 3203 782 3272 τῆς
810 3200 964 3271 δόξης
988 3196 1296 3271 ἐϐρόντησε,
1323 3196 1415 3253 καὶ
1438 3201 1517 3252 ὅτι
1539 3197 1737 3270 Κύριός
1756 3203 1898 3255 ἐστιν

338 3297 368 3347 6
402 3295 498 3364 τὴν
530 3292 699 3364 ὑγρὰν
726 3286 884 3360 φύσιν
929 3290 1163 3359 συνέχων
1197 3291 1263 3343 δι’
1298 3290 1509 3344 ἑαυτοῦ.
1548 3293 1758 3359 Κύριος
1801 3293 1899 3345 ἐπὶ

339 3385 572 3438 ὑδάτων
604 3380 864 3437 πολλῶν.
915 3377 1317 3451 Μεμαθήκαμεν
1363 3380 1469 3453 γὰρ
1504 3384 1560 3433 ἐν
1593 3384 1658 3452 τῇ
1698 3399 1896 3452 κοσμο-

340 3476 521 3546 γενείᾳ
554 3476 695 3544 ὕδωρ
728 3473 907 3527 ἐπάνω
935 3473 1039 3526 τῶν
1068 3472 1331 3543 οὐρανῶν,
1366 3472 1507 3543 ὓδωρ
1537 3472 1694 3526 πάλιν
1718 3471 1778 3526 τὸ
1802 3475 1899 3544 τῆς

338 3569 597 3630 ἀϐύσσου,
638 3568 821 3638 ἕτερον
859 3565 926 3617 τὰ
965 3565 1281 3635 συστήματα
1326 3564 1431 3617 τῶν
1465 3564 1763 3617 θαλασσῶν.
1804 3562 1897 3628 Τίς

337 3656 430 3714 οὖν
460 3661 605 3712 ἐστιν
633 3660 660 3711 6
692 3655 1009 3728 συγκρατῶν
1038 3654 1209 3707 ταῦτα
1229 3695 1243 3719 ,
1287 3655 1379 3706 καὶ
1415 3655 1487 3723 μὴ
1528 3654 1629 3706 ἐῶν
1662 3655 1799 3708 αὐτὰ
1829 3658 1894 3726 τῇ

338 3755 541 3822 φυσικῇ
576 3753 713 3820 ῥοπῇ
742 3748 999 3820 φέρεσθαι
1030 3743 1167 3817 πρὸς
1206 3744 1274 3797 τὰ
1300 3746 1446 3798 κάτω
1494 3745 1622 3815 (95),
1667 3744 1698 3817 ἢ
1728 3748 1755 3798 6
1783 3746 1891 3799 Κύ-

340 3861 453 3915 ριος
482 3843 511 3895 6
558 3846 669 3905 τοῖς
715 3842 876 3894 πᾶσιν
916 3837 1263 3909 ἐμϐεϐηκὼς,
1300 3837 1356 3900 ὃς
1402 3834 1495 3889 καὶ
1538 3837 1644 3889 τῶν
1692 3837 1897 3890 ὑδάτων

336 3936 450 4006 ἔχει
482 3934 543 3987 τὸ
588 3934 822 4004 κράτος;
853 3930 1002 4001 Τάχα
1034 3928 1090 3984 δὲ
1127 3930 1218 3983 καὶ
1259 3928 1688 4001 μυστικώτερον,
1725 3928 1894 3999 Φωνὴ

332 4024 554 4095 Κυρίου
586 4026 682 4079 ἐπὶ
710 4016 825 4078 τῶν
848 4018 1097 4086 ὑδάτων,
1128 4024 1214 4076 ὅτε
1246 4019 1590 4093 βαπτισθέντι
1620 4022 1695 4093 τῷ
1724 4024 1895 4093 Ἰησοῦ

334 4119 554 4187 ἐγένετο
580 4115 782 4171 ἀνωθεν
804 4115 973 4186 φωνὴ,
997 4115 1077 4167 ὅτι
1099 4109 1281 4179 Οὗτός
1306 4114 1475 4166 ἐστιν
1496 4115 1529 4166 ό
1558 4114 1687 4177 Υἱός
1712 4131 1829 4181 μου
1863 4116 1896 4167 ὁ

332 4208 659 4279 ἀγαπητός.
709 4206 839 4259 Τότε
872 4206 981 4276 γάρ
1023 4202 1052 4257 6
1088 4205 1288 4275 Κύριος
1325 4203 1422 4275 μὲν
1452 4199 1518 4275 ἧν
1567 4203 1655 4257 ἐπὶ
1692 4203 1895 4257 ὑδάτων

335 4300 564 4361 πολλῶν,
609 4297 847 4367 ἁγιάζων
885 4298 952 4351 τὰ
982 4290 1147 4350 ὕδατα
1183 4295 1267 4349 διά
1299 4295 1392 4349 τοῦ
1433 4296 1831 4367 βαπτίσματος⁸
1868 4299 1897 4351 6

331 4390 391 4447 at
420 4392 548 4456 Θεὸς
590 4392 687 4462 τῆς
715 4389 869 4461 δόξης
910 4389 976 4460 τῇ
1038 4384 1415 4459 μεγαλοφωνίᾳ
1460 4388 1557 4457 τῆς
1594 4387 1895 4460 μαρτυρίας

2016 552 2195 622 Moyse
2230 554 2335 609 :Et
2358 557 2523 608 omnis
2565 556 2783 623 populus
2828 550 3034 610 ridebat
3072 575 3242 612 vocem
3286 572 3335 614 et
3366 561 3572 629 lampa-

2012 644 2100 696 des
2126 644 2187 696 ⁸ο,
2207 643 2270 697 Ει
2291 642 2427 712 apud
2450 644 2638 697 Isaiam
2667 660 2875 698 rursus;
2903 645 3017 699 Vox
3039 649 3278 715 direnlis,
3302 648 3485 704 Clama
3501 652 3569 705 ⁶¹.

2012 732 2122 788 Vox
2149 736 2360 802 quidem
2412 744 2496 788 est
2534 737 2673 803 apud
2720 751 2814 791 nos
2871 746 2962 791 aut
3010 752 3103 791 aer
3136 753 3441 801 percussus,
3479 750 3573 793 aut

2012 826 2219 893 species
2234 826 2472 894 quaedam
2504 827 2554 880 in
2585 842 2708 881 aere
2737 828 3191 900 impressa.quam
3214 832 3302 900 qui
3334 847 3571 900 pronun-

2014 918 2140 982 tiat,
2171 919 2469 985 exprimere
2512 918 2642 973 vult.
2689 918 2825 984 Quid
2856 920 3019 987 igitur
3065 930 3149 976 est
3187 937 3288 976 vox
3313 923 3571 979 Domini?

2012 1010 2355 1078 percussione
2383 1010 2433 1063 in
2465 1024 2590 1065 aere
2611 1010 2827 1080 intelligi
2859 1011 3035 1074 debet,
3057 1027 3123 1065 an
3147 1026 3240 1067 aer
3263 1028 3567 1081 percussus.

2011 1101 2077 1154 ad
2117 1115 2274 1156 aures
2302 1116 2470 1170 usque
2504 1104 2819 1171 perveniens
2853 1104 3000 1171 ejus,
3033 1105 3097 1157 ad
3133 1119 3289 1173 quem
3331 1106 3389 1159 iit
3415 1108 3565 1161 vox?

2012 1190 2204 1246 Utrum
2243 1202 2491 1247 neutrum
2542 1195 2751 1255 horum,
2801 1198 2894 1249 sed
2950 1180 3169 1252 alterius
3216 1200 3427 1268 generis
3456 1200 3569 1255 haec

2010 1299 2109 1337 vox
2147 1293 2249 1351 est,
2282 1300 2400 1354 qua:
2425 1285 2475 1338 in
2506 1297 2685 1341 mente
2708 1287 2963 1343 horumce
2984 1288 3258 1345 hominum
3297 1307 3433 1362 quos
3458 1294 3570 1348 vult

2009 1374 2148 1430 Deus
2188 1391 2338 1430 suam
2376 1390 2558 1431 vocem
2608 1378 2809 1440 audire,
2843 1380 3159 1449 recipiatur,
3194 1384 3568 1451 consignetur-

2009 1481 2132 1535 que,
2162 1469 2231 1520 ita
2266 1477 2323 1521 ut
2375 1468 2487 1522 haec
2534 1468 2809 1536 phantasia
2854 1486 2974 1524 cum
3024 1486 3086 1525 ea
3132 1488 3251 1541 quat
3291 1474 3484 1544 saepius
3516 1476 3567 1529 in

2007 1559 2209 1613 somnis
2237 1559 2312 1621 iit,
2330 1559 2912 1627 habeatcognationem
2937 1572 3096 1633 atque
3116 1565 3564 1620 convenientiam.

2009 1648 2464 1716 Quemadmodum
2492 1652 2657 1715 enim,
2685 1667 2809 1707 aere
2831 1668 2934 1707 non
2966 1668 3249 1723 percusso,
3280 1658 3566 1725 quamdam

2011 1740 2291 1795 verborum
2320 1750 2375 1794 et
2401 1756 2650 1795 Sonorum
2694 1744 3006 1797 memoriam
3048 1744 3100 1798 in
3141 1746 3437 1814 phantasiis
3470 1764 3569 1817 per

2007 1846 2251 1884 somnum
2283 1832 2593 1901 accipimus,
2618 1847 2918 1901 quanquam
2949 1850 3049 1889 vox
3074 1850 3168 1904 per
3194 1836 3429 1891 auditum
3461 1820 3564 1892 non

2009 1920 2298 1988 recipitur,
2333 1921 2424 1974 sed
2485 1921 2535 1973 in
2588 1924 2703 1990 ipso
2755 1923 2915 1977 corde
2976 1936 3159 1979 nostro
3205 1925 3565 1994 imprimitur;

2005 2009 2167 2061 etiam
2198 2009 2454 2077 ejusmodi
2488 2025 2666 2064 vocem
2691 2011 2742 2063 in
2764 2012 3035 2081 prophetis
3062 2029 3090 2066 a
3120 2014 3227 2069 Deo
3250 2017 3566 2083 productam

2007 2097 2171 2154 fuisse
2226 2100 2446 2155 credere
2480 2116 2577 2171 par
2606 2111 2706 2156 est.
2764 2102 2875 2157 Vox
2925 2104 3137 2158 Domini
3180 2123 3336 2172 super
3378 2125 3564 2177 aquas.

2006 2189 2156 2256 Quod
2181 2191 2392 2260 quidem
2421 2195 2484 2246 ad
2528 2193 2780 2248 sensibile
2815 2196 3008 2249 attinet
3055 2214 3068 2262 ;
3101 2200 3352 2267 quoniam
3396 2202 3565 2254 nubes

2005 2282 2161 2335 simul
2194 2292 2252 2337 ut
2284 2284 2434 2354 aquis
2467 2284 2723 2339 conferta:
2749 2296 2894 2348 sunt,
2927 2302 3114 2341 sonum
3156 2290 3563 2360 strepitumque,

2005 2373 2129 2427 dum
2162 2375 2304 2430 inter
2324 2392 2381 2431 se
2411 2375 2757 2443 colliduntur,
2794 2382 2977 2443 edunt,
3017 2381 3134 2436 ideo
3166 2383 3243 2436 ait
3275 2395 3289 2436 :
3327 2374 3439 2437 Vox
3468 2384 3566 2436 Do-

2006 2465 2134 2518 mini
2155 2483 2310 2535 super
2334 2485 2516 2537 aquas.
2550 2462 2654 2523 Sed
2684 2478 2739 2523 et
2785 2470 2955 2524 sicubi
2993 2471 3084 2526 ﬁat
3108 2474 3361 2543 strepitus
3396 2489 3565 2544 aqua-

2006 2573 2121 2612 rum
2150 2558 2218 2612 ob
2263 2562 2581 2614 renitentem
2634 2560 2862 2629 aliquem
2894 2563 3102 2617 obicem
3130 2563 3486 2634 diruptarum,
3511 2576 3565 2621 et

2005 2648 2047 2702 si
2080 2663 2229 2703 mare
2250 2650 2423 2703 ventis
2448 2650 2701 2719 agitatum
2730 2661 3014 2717 exaastuet,
3040 2661 3093 2706 ct
3119 2653 3405 2709 violentum
3440 2658 3566 2710 edat

2004 2752 2215 2806 sonum,
2253 2740 2334 2795 hac
2364 2755 2452 2794 res
2482 2742 2784 2795 inanimata:
2806 2758 2835 2795 a
2864 2742 3089 2798 Domino
3115 2744 3309 2799 habent
3338 2758 3520 2800 vocem
3546 2766 3561 2800 :

2004 2828 2197 2897 quippe
2234 2829 2468 2883 ostendit
2492 2830 2791 2897 Scriptura,
2824 2846 3009 2885 omnes
3050 2846 3136 2885 res
3170 2842 3381 2888 creatas
3406 2835 3565 2905 Opili-

2004 2933 2118 2972 cem
2145 2934 2299 2973 suum
2327 2920 2705 2976 annuntiautes
2727 2930 2928 2974 tantum
2954 2938 3056 2976 non
3080 2923 3309 2979 clamare
3327 2925 3391 2979 θ’.
3413 2926 3564 2992 Quod

2003 3008 2048 3061 si
2073 3010 2268 3063 tonitru
2298 3024 2364 3063 ex
2398 3009 2626 3065 nubibus
2646 3012 2925 3080 obstrepit,
2950 3012 3079 3067 nihil
3104 3013 3244 3068 aliud
3272 3018 3561 3085 putandum

2003 3110 2103 3168 est,
2133 3104 2233 3157 nisi
2268 3103 2405 3172 quod
2464 3104 2604 3157 Deus
2653 3104 2947 3173 majestatis
2998 3106 3307 3172 intonuerit,
3337 3118 3390 3163 et
3422 3110 3561 3177 quod

2006 3195 2257 3249 Dominus
2283 3197 2371 3261 sit,
2406 3197 2495 3266 qui
2546 3212 2641 3266 per
2687 3198 2919 3267 seipsum
2976 3196 3246 3252 humidam
3291 3202 3565 3255 contineat

2001 3294 2265 3341 naturam.
2295 3287 2548 3341 Dominus
2580 3306 2735 3356 super
2780 3306 2943 3359 aquas
2991 3291 3201 3343 multas.
3232 3291 3563 3360 Agnovimus

1998 3378 2138 3432 enim
2198 3378 2249 3431 in
2311 3379 2489 3431 mundi
2526 3381 2890 3447 procreatione
2947 3395 3138 3448 aquam
3191 3396 3352 3451 super
3375 3383 3560 3446 caelos,

1998 3482 2189 3536 aquam
2249 3484 2435 3523 rursus
2481 3469 2689 3537 abyssi.
2722 3471 2845 3524 item
2900 3470 3059 3524 aliam
3113 3486 3338 3537 aquam,
3372 3489 3563 3543 nempe

1999 3558 2439 3627 congregationes
2470 3560 2630 3612 maris
2652 3560 2715 3611 ⁶³.
2733 3558 2863 3625 Quis
2886 3561 3044 3626 igitur
3069 3570 3151 3615 est
3177 3562 3265 3629 qui
3295 3562 3407 3615 haec
3434 3578 3562 3616 cou-

1999 3650 2184 3711 tineat,
2215 3664 2312 3703 uec
2335 3664 2395 3703 ea
2429 3649 2566 3703 sinat
2594 3650 2822 3703 naturali
2852 3651 3086 3719 pondere
3115 3652 3361 3705 deorsum
3405 3654 3560 3714 ferri.

1998 3742 2101 3794 nisi
2138 3742 2516 3810 Dominus,qui
2545 3742 2672 3796 nihil
2700 3757 2802 3795 non
2835 3742 3110 3813 pertingit,
3152 3743 3354 3811 quique
3399 3758 3561 3811 aqua-

1998 3852 2113 3889 rum
2143 3835 2305 3891 habet
2331 3836 2610 3905 imperiunm
2636 3836 2875 3891 ?Forsan
2902 3852 3026 3892 vero
3054 3847 3107 3891 et
3136 3838 3302 3905 magis
3333 3838 3558 3908 mystice

2004 3926 2118 3981 Vox
2144 3927 2355 3982 Domini
2405 3944 2559 3997 super
2586 3944 2749 3998 aquas
2791 3938 2902 3981 erat
2924 3965 2939 3991 ,
2971 3944 3090 3983 cum
3127 3928 3396 3997 baptizato
3432 3928 3557 3983 Jesu

1996 4020 2133 4075 facta
2172 4029 2256 4076 est
2303 4035 2534 4089 superne
2572 4035 2716 4074 vox:
2760 4018 2860 4072 llic
2894 4029 2966 4073 est
3016 4018 3189 4073 Filius
3233 4036 3373 4074 meus
3430 4022 3560 4074 diie-

1996 4125 2106 4167 ctus
2150 4113 2212 4164 “.
2249 4112 2399 4169 Tunc
2449 4102 2589 4168 enim
2643 4113 2894 4168 Dominus
2948 4127 3110 4181 super
3160 4112 3356 4168 multas
3399 4114 3561 4183 118

1995 4220 2161 4274 aquas
2193 4215 2312 4259 crat
2341 4222 2353 4258 :
2384 4204 2577 4274 quippe
2599 4206 2686 4273 qui
2727 4220 2822 4274 per
2865 4204 3192 4272 baptismum
3222 4205 3377 4273 aquis
3430 4220 3563 4259 Cor-

1996 4295 2163 4351 ferret
2199 4298 2537 4351 sanctitatem
2576 4315 2588 4348 :
2623 4296 2763 4349 Deus
2807 4308 2984 4351 autem
3021 4296 3204 4365 gloria:
3253 4296 3359 4349 alta
3408 4298 3559 4349 testi-

1996 4388 2256 4443 moniisui
2281 4402 2407 4444 voce
2439 4389 2666 4458 desuper
2692 4388 3134 4458 intonuit.Atque
3172 4390 3334 4443 etiam
3367 4388 3557 4443 relicta

332 4482 536 4536 ἄνωθεν
572 4481 954 4552 ἐπεϐρόντησε.
998 4478 1108 4531 Καὶ
1163 4482 1274 4543 τοῖς
1308 4479 1717 4549 βαπτιζομένοις
1758 4480 1814 4533 δὲ
1858 4484 1890 4552 ή

2002 4497 2027 4535 a
2077 4483 2300 4537 Domino
2354 4497 2453 4536 vox
2513 4496 2675 4551 super
2728 4481 3062 4550 baptizandis
3119 4480 3556 4550 pronuntiatur;

330 4572 483 4643 παρά
518 4570 612 4625 τοῦ
666 4571 871 4643 Κυρίου
905 4570 1321 4639 καταλειφθεῖσα
1366 4572 1513 4643 φωνὴ
1549 4572 1889 4640 ἐπιλέγεταιο

330 4664 725 4733 Πορευθέντες
766 4662 896 4733 γὰρ,
940 4659 1102 4735 φησὶ.
1128 4663 1441 4727 βαπτίζετε
1480 4666 1568 4729 είς
1605 4666 1668 4717 τὸ
1707 4666 1891 4735 ὄνομα

330 4755 438 4809 τοῦ
470 4755 715 4823 Πατρὸς,
747 4755 842 4808 καὶ
891 4754 997 4809 τοῦ
1029 4753 1193 4818 Υίοῦ,
1221 4754 1320 4808 καὶ
1352 4756 1457 4810 τοῦ
1503 4752 1673 4826 ἁγίου
1705 4754 1890 4811 Πνεύ-

330 4866 532 4917 ματος.
562 4847 731 4915 Φωνὴ
768 4842 881 4902 οὖν
906 4848 1123 4914 Κυρίου
1162 4847 1257 4899 ἐπὶ
1308 4845 1425 4900 τῶν
1471 4846 1721 4901 ὑδάτων.
1769 4850 1895 4901 Συν-

1996 4575 2190 4627 Euntes
2214 4576 2371 4636 enim,
2405 4574 2595 4643 inquit,
2625 4573 2885 4641 baptizata
2932 4574 2987 4625 in
3028 4574 3233 4625 nomine
3281 4570 3482 4635 Patris,
3509 4582 3556 4623 et

1997 4662 2148 4730 Filii,
2173 4677 2219 4718 et
2250 4665 2475 4734 Spiritus
2507 4665 2673 4717 sancti
2709 4658 2773 4720 ⁸⁸.
2814 4662 2925 4718 Vox
2966 4666 3125 4734 igitur
3153 4663 3364 4717 Domini
3406 4678 3559 4729 super

1997 4773 2180 4827 aquas.
2224 4757 2309 4810 Fit
2352 4766 2527 4810 autem
2581 4755 2811 4819 tonitru,
2854 4757 3065 4824 quando
3117 4756 3338 4824 spiritus
3382 4754 3557 4808 siccus

2001 4859 2057 4902 et
2094 4848 2379 4912 violentus,
2406 4850 2458 4903 in
2508 4848 2665 4902 nubis
2712 4862 2949 4902 concavo
2987 4846 3244 4911 inclusus,
3290 4861 3353 4900 ac
3396 4846 3556 4899 velte-

401 4965 445 4996 "
472 4963 607 5018 Gen.
644 4976 735 5023 xv.
763 4961 817 5014 4.
893 4961 937 4991 ⁶⁰
977 4959 1145 5013 Exod.
1192 4976 1282 5021 xx,
1331 4959 1418 5014 18.
1496 4961 1539 4991 “
1565 4961 1664 5014 lsa.
1702 4978 1788 5027 τι,
1807 4961 1858 5016 6.

2012 4960 2151 5015 Psal.
2197 4975 2351 5024 xvtu,
2379 4961 2435 5014 2.
2513 4960 2557 4991 ⁶³
2587 4959 2721 5015 Gen.
2753 4977 2791 5023 ι,
2824 4959 2978 5014 7-10.
3053 4959 3099 4989 ⁸⁸
3125 4957 3313 5014 Matth.
3351 4973 3432 5025 tu,
3467 4959 3554 5011 17.

328 5033 377 5067 ⁸⁸
403 5033 589 5088 Matth.
621 5046 809 5095 xxvm,
840 5029 922 5085 19.

358 5218 374 5229 ν
401 5144 511 5217 (9|)
540 5143 785 5229 §ic_mss.
820 5142 1193 5229 pumneditione
1220 5140 1393 5229 Dasill.‘
1407 5138 1741 5229 vero
1771 5140 1875 5229 Pa-

1984 5144 2138 5213 φησί,
2165 5160 2265 5199 nec
2291 5146 2342 5198 in
2372 5144 2503 5213 Reg.
2543 5146 2799 5209 secundo,
2827 5160 2925 5200 nec
2946 5145 2999 5199 in
3029 5146 3179 5201 Colb.
3211 5153 3365 5201 sexto
3395 5158 3549 5211 repe-

330 5212 428 5273 ris.
460 5212 596 5287 πρὸς
623 5215 702 5287 ὃν,
732 5215 887 5269 male.
909 5214 1117 5287 ‘Statim
1147 5214 1316 5287 codex
1339 5212 1712 5287 _t3i)rd_erianus
1746 5212 1878 5287 πρό-

2002 5215 2138 5287 itur,
2172 5216 2331 5287 idque
2368 5212 2579 5269 melius.
2612 5215 2809 5287 Ibidem
2836 5230 2967 5270 mss.
2995 5217 3098 5270 duo
3122 5217 3291 5285 ψόφος
3318 5214 3411 5287 ἐπὶ
3438 5213 3547 5264 τῶν

327 5303 483 5359 τερον
508 5280 608 5359 'p_ro
628 5284 871 5356 πότερον,
908 5284 1049 5359 haud
1098 5291 1260 5336 recte.
1291 5280 1536 5349 Alioquin
1568 5280 1875 5359 θρίω-δεῖτε-

1981 5282 2208 5336 ὑδάτων.
2237 5286 2428 5339 Statim
2487 5286 2725 5339 nonnulli
2769 5300 2899 5339 mss.
2931 5300 3052 5340 cum
3108 5282 3266 5341 editis
3314 5284 3545 5351 γένοιτο.

369 5350 452 5412 tor
482 5350 772 5409 allirmaret
795 5356 934 5423 quod
972 5361 1419 5424 mox_uegaturus
1456 5360 1557 5403 est.
1588 5350 1875 5424 Corderius

2002 5354 2080 5406 tlii
2106 5355 2323 5422 γίνοιτο.
2350 5356 2453 5409 Alii
2475 5369 2696 5408 numero
2728 5356 2909 5424 plures
2934 5357 3193 5424 γίγνοιτο.

353 5429 460 5481 ’alsa
476 5426 742 5493 scriptura
772 5420 1043 5489 deceptus,
1072 5422 1149 5493 sic
1174 5420 1555 5493 interpretatur
1590 5438 1602 5472 :
1638 5420 1871 5475 Primum

325 5489 600 5565 percussio
611 5496 750 5547 circa
772 5510 939 5548 aerem
969 5492 1312 5565 intelligatur,
1336 5489 1413 5542 vel
1437 5501 1682 5565 (πεδ’-εις.

398 5566 510 5637 (9‘2)
546 5566 645 5637 _Sic
679 5578 822 5637 mss.
866 5558 1510 5637 et_ed_itio'Basileensis.
1537 5558 1708 5637 lllud,_
1733 5561 1866 5637 καθ’

2051 5421 2160 5493 (94)
2199 5425 2343 5495 Regii
2374 5426 2640 5479 secundus
2676 5421 2979 5494 et’quartu's
3000 5421 3107 5478 ἀπὸ
3144 5422 3403 5493 νεφελῶν.
3438 5421 3545 5495 Ibi-

1978 5493 2096 5566 dem
2132 5493 2497 5566 Regii'tertius
2527 5503 2582 5547 et
2614 5493 2835 5566 quartus
2858 5496 2963 5566 χρὴ
2992 5498 3168 5566 νοεῖν,
3187 5496 3410 5566 Rursus
3440 5494 3545 5547 hoc

1984 5565 2098 5632 ipso
2123 5568 2173 5619 iu
2201 5562 2315 5619 loco
2345 5565 2479 5635 Reg.
2517 5566 2710 5635 tertius
2756 5562 3034 5631 aliquanto
3068 5565 3241 5620 l'usius
3284 5562 3545 5634 ἐϐρόντη-

325 5628 514 5700 ὖπνον,
544 5635 595 5689 in
629 5633 863 5687 editione
910 5631 1083 5685 Paris.
1132 5632 1390 5686 omissum
1438 5628 1604 5686 fuisse
1659 5632 1875 5687 videtur

2002 5628 2075 5686 ξεν
2100 5637 2193 5689 ἐπὶ
2215 5628 2684 5700 ύδάτων’πολλών,
2712 5646 2821 5688 etc.

323 5706 609 5765 oscitantia
638 5702 1104 5772 typographorum.

394 5778 505 5847 (95)
537 5775 676 5828 Editi
706 5783 760 5827 et
791 5788 919 5828 mss.
953 5786 1056 5824 non
1090 5772 1242 5840 pauci
1272 5772 1324 5825 εἴ
1361 5792 1485 5844 που,
1523 5776 1676 5849 φησί.
1716 5774 1874 5840 Illud,

603 5870 875 5932 ΡΑτιιοι..
906 5867 1021 5928 Gtt.
1053 5866 1299 5931 XXIX.

2056 5707 2165 5777 (95)
2192 5697 2344 5761 Colb.
2371 5719 2595 5776 quartus
2622 5707 2756 5776 πρὸς
2788 5705 2847 5757 τὸ
2878 5702 3046 5759 κάτω.

3205 5868 3277 5927 10
