4008 6402
475 353 576 412 291

1775 358 1832 414 S.
1877 355 2115 413 BASILll
2156 357 2372 414 MAGNI

3598 361 3706 416 292

479 477 640 530 menti
677 475 874 544 impetu
903 490 997 545 per
1027 476 1244 532 nubium
1291 493 1418 532 cava
1463 479 1901 541 circumvolutus,
1939 495 2023 534 ex-

2139 480 2344 533 ίσταται
2381 480 2435 532 δὲ
2472 480 2502 550 ἡ
2540 477 2760 549 βροντὴ,
2803 478 2928 530 ὅταν
2958 476 3170 548 πνεῦμα
3216 477 3374 549 ξηρὸν
3410 481 3504 532 καὶ
3535 481 3704 549 βίαιον

476 569 554 622 ire
585 577 639 622 et
667 568 808 623 foras
839 582 1122 638 erumpere
1164 571 1375 638 quaerit.
1418 570 1593 626 Nubes
1619 571 1783 641 igitur
1808 588 1918 642 pra:
1953 575 2034 626 in-

475 659 618 727 genti
647 660 1044 728 compressione
1072 662 1478 726 obnitentes,oh
1505 665 1641 718 hanc
1660 665 1875 735 spiritus
1899 664 2038 718 colli-

475 753 677 806 siouem
705 767 953 822 aSpertnn
997 753 1140 807 illum
1167 754 1427 824 fragorem
1463 755 1714 811 elﬁciunt.
1751 758 2032 827 Postquam

474 856 604 894 vero
639 843 806 896 nubes
834 843 934 896 illa:
963 845 1152 912 spiritu
1194 845 1245 898 in
1283 846 1497 899 modum
1539 847 1801 901 bullarum
1832 848 2034 902 disten-

477 945 542 988 ια
575 936 802 1006 amplius
837 936 1117 999 resistere,
1149 944 1202 990 et
1228 937 1494 992 sustinere
1514 947 1800 1006 nequeunt,
1831 939 2031 993 violen-

475 1033 556 1078 ter
581 1024 883 1090 coniractaa,
909 1026 1259 1095 spiritumque
1299 1026 1364 1080 ad
1417 1038 1692 1082 externam
1724 1030 2031 1100 respiratio-

475 1129 596 1168 nem
649 1114 1019 1183 propellentes,
1070 1118 1322 1184 strepitus
1382 1118 1673 1173 tonitruum
1713 1122 2029 1188 producunt.

474 1204 586 1259 Hoc
607 1213 782 1258 autem
809 1204 946 1259 solet
973 1205 1148 1274 fulgur
1163 1207 1324 1260 etiam
1353 1207 1580 1264 eilicere.
1599 1210 1851 1266 Dominus
1871 1211 2036 1282 igitur

469 1307 572 1362 est,
603 1295 690 1366 qui
722 1303 776 1349 et
805 1311 967 1364 super
992 1311 1160 1365 aquas
1184 1299 1527 1366 constitutus,
1557 1309 1609 1353 et
1655 1302 1921 1370 ingentem
1953 1314 2032 1357 to-

469 1385 631 1438 nitrtti
687 1383 951 1455 fragorem
977 1387 1243 1452 excitans,
1274 1405 1461 1444 sonum
1483 1393 1634 1461 longe
1657 1392 1944 1446 maximum
1977 1394 2028 1447 in

467 1475 612 1530 molli
653 1477 793 1531 aeris
843 1487 1030 1532 natura
1085 1479 1324 1534 coniicit.
1369 1484 1634 1537 Czeteruiu
1688 1486 2028 1539 traditionem

466 1581 584 1636 qua:
609 1577 728 1636 post.
758 1569 1074 1636 baptismum
1106 1585 1200 1640 per
1245 1588 1488 1642 magnam
1525 1573 1793 1652 Evangelii
1846 1593 2029 1633 vocem

466 1656 525 1712 ﬁt
570 1675 623 1713 Ill
671 1661 864 1716 animis
913 1678 1099 1716 eorum
1151 1665 1240 1732 qui
1285 1667 1394 1734 jam
1449 1669 1829 1736 perficiuntur,
1881 1681 2029 1740 potes

463 1753 795 1823 etiumjuxta
829 1754 1248 1810 ecclesiasticum
1289 1772 1587 1814 sermonem
1623 1761 1817 1814 tonitru
1848 1763 2029 1831 appel-

2137 571 2404 641 κοιλότησι
2445 571 2671 641 νεφέλης
2711 568 3077 641 ὲναποληφθὲν
3123 570 3253 640 (96).
3296 573 3386 623 κα).
3415 571 3519 624 ὑπὸ
3546 575 3702 626 εὐτο-

2136 663 2250 725 νίας
2281 665 2391 724 τοῖς
2421 661 2716 732 κοιλώμασι
2749 661 2856 715 τῶν
2884 661 3056 731 νεφῶν
3088 664 3528 734 ἐνστρεφόμενον,
3564 665 3703 738 ζητῇ

2133 754 2360 819 διέξοδον
2397 754 2530 825 πρὸς
2558 754 2624 807 τά
2651 753 2773 820 ἔξω.
2816 755 3158 823 Ἀντέχουσαι
3196 755 3292 823 μὲν
3329 751 3432 816 ,οὖν
3463 757 3568 808 ὑπὸ
3606 757 3706 827 τῆς

2134 844 2271 912 ἄγαν
2297 844 2566 916 πιλήσεως
2597 845 2651 897 αἱ
2673 844 2911 913 νεφέλαι,
2936 845 3025 898 τὸν
3044 847 3249 916 τραχὺν
3278 848 3481 899 ἐκεῖνον
3509 849 3572 900 ἐκ
3606 848 3707 918 τῆς

2132 937 2225 990 τοῦ
2256 937 2560 1008 πνεύματος
2580 939 2963 1008 παρατρίψεως
2988 938 3338 993 ἀποτελοῦσιν
3357 936 3488 1011 ἦχον
3506 957 3522 971 ο
3555 944 3708 993 ἐπει-

2133 1030 2228 1084 δάν
2251 1031 2307 1083 δὲ
2337 1031 2523 1101 ῶσπερ
2547 1031 2888 1102 πομφόλυγες
2922 1031 3294 1103 περιταοεῖσαι
3323 1033 3400 1104 τῷ
3429 1033 3708 1104 πνεύματι

2133 1123 2384 1175 ὲπιπλέον
2442 1124 2685 1193 ἀντέχειν
2737 1124 2828 1178 xui.
2885 1125 3090 1194 στέγειν
3131 1125 3242 1197 (97)
3301 1127 3703 1198 ἀδυνατήσωσι,

2134 1216 2319 1286 βιαίως
2359 1216 2836 1289 ἀπορῥηγνύμεναι
2869 1218 2963 1272 καὶ
2993 1219 3128 1291 πρὸς
3162 1219 3260 1291 τὴν
3294 1218 3397 1284 ἔξω
3428 1220 3711 1291 ἀναπνοὴν

2129 1309 2323 1362 διείσαι
2375 1311 2435 1363 τὸ
2478 1311 2721 1382 πνεῦμα,
2750 1314 2873 1375 τοὺς
2904 1311 3042 1366 κατὰ
3091 1313 3186 1376 τὰς
3235 1313 3460 1384 βροντὰς
3502 1315 3705 1367 ἀπατε-

2130 1399 2282 1456 λοῦσι
2326 1401 2548 1471 ψόφους.
2598 1402 2764 1455 Τοῦτο
2801 1403 2853 1455 δὲ
2904 1405 2997 1457 καὶ⁵
3042 1406 3327 1476 ἀστραπὴν
3369 1407 3708 1476 ἐργάζεσθαι

2132 1493 2359 1561 πέφυκε.
2397 1494 2595 1562 Κύριος
2622 1491 2712 1547 οὖν
2743 1498 2886 1548 ἐστιν
2913 1498 2940 1548 ὁ
2971 1498 3064 1549 καὶ
3096 1497 3188 1549 ἐπὶ
3230 1498 3338 1550 τῶν
3372 1498 3577 1552 ὑδάτων
3604 1499 3703 1560 ὢν,

2129 1585 2219 1637 καὶ
2252 1585 2280 1636 ὁ
2307 1587 2432 1649 τοὺς
2462 1587 2728 1656 μεγάλους
2751 1587 2952 1656 ψόφους
2975 1589 3071 1658 τῆς
3099 1589 3323 1660 βροντῆς
3351 1592 3609 1662 ἐνεργῶν,
3648 1596 3708 1644 ἑν

2130 1677 2308 1749 ἁπαλῇ
2338 1678 2429 1730 τοῦ
2484 1678 2644 1749 ἀέρος
2693 1680 2849 1746 φύσει
2876 1681 3139 1752 τοσαύτην
3181 1682 3352 1752 ψόφου
3393 1685 3707 1756 ὑπερϐολὴν

2129 1770 2512 1842 ἐργαζόμενος.
2537 1772 2767 1824 Δυνατὸν
2793 1773 2848 1826 δέ
2875 1791 2952 1826 σοι
2985 1776 3076 1826 καὶ
3108 1775 3247 1828 κατὰ
3279 1778 3366 1829 τὸν
3407 1779 3705 1849 ἐκκλησια-

465 1846 596 1900 l.ire.
642 1847 793 1913 Quod
839 1848 979 1902 enim
1023 1848 1362 1918 Evangelium
1409 1853 1604 1902 tonitru
1659 1851 1748 1915 sit,
1783 1850 2023 1920 discipuli

2133 1863 2312 1914 στικὸν
2333 1863 2484 1930 λόγον
2511 1866 2608 1934 τὴν
2645 1865 2779 1934 μετὰ
2805 1867 2865 1918 τὸ
2895 1865 3172 1937 βάπτισμα
3193 1871 3478 1941 γινομένην
3505 1873 3569 1923 ἐκ
3599 1873 3703 1941 τῆς

464 1940 561 2009 ipsi
586 1939 675 2008 qui
726 1949 930 1994 mutato
984 1941 1198 1996 nomine
1226 1940 1319 1993 (illi
1359 1941 1574 1994 touitrui
1611 1956 1638 1993 a
1671 1940 1892 1995 Domino
1931 1959 2016 2011 ap-

463 2030 642 2098 pellati
675 2040 800 2086 sunt
833 2032 902 2097 ⁸⁸,
925 2033 1234 2087 ostendunt.
1271 2031 1629 2098 Quamobrem
1664 2049 1763 2087 vox
1807 2035 2025 2089 tonitrui

463 2123 764 2192 hajusmodi
797 2140 896 2178 nou
949 2133 1030 2180 est
1082 2126 1134 2179 in
1187 2127 1464 2193 quolibet;
1493 2126 1585 2179 sed
1633 2126 1678 2180 si
1707 2129 1829 2194 quis
1863 2125 2028 2181 fuerit

463 2215 654 2283 dignus
686 2214 772 2282 qni
807 2226 920 2268 rota
952 2215 1275 2270 nominetur.
1317 2214 1432 2269 Vox
1464 2217 1620 2280 enim,
1660 2218 1854 2287 inquit,
1889 2219 2030 2272 toni-

460 2309 565 2360 trui
589 2308 665 2360 tui
692 2307 746 2359 in
782 2316 894 2359 rota
913 2307 978 2360 ".
1006 2307 1060 2360 Si
1089 2307 1210 2377 quis
1237 2306 1400 2361 fuerit
1421 2309 1510 2376 qui
1551 2324 1609 2362 se
1646 2311 1710 2363 ad
1748 2311 2021 2366 anteriora

460 2399 730 2462 extendat,
756 2398 918 2452 veluti
947 2409 1084 2464 rota,
1115 2399 1317 2453 modica
1342 2399 1421 2452 sui
1453 2412 1603 2468 parte
1637 2410 1831 2455 terram
1867 2403 2028 2456 auiu-

459 2505 606 2560 gens,
645 2501 694 2544 et
726 2494 943 2544 omnino
967 2492 1107 2554 talis,
1139 2491 1311 2559 qualis
1347 2501 1462 2545 erat
1486 2507 1570 2556 ea,
1606 2493 1670 2547 de
1701 2508 1802 2562 qua
1838 2495 2025 2564 loque-

459 2583 615 2634 batur
647 2580 890 2634 Ezechiel
922 2597 935 2633 :
973 2580 1036 2633 Et
1085 2583 1210 2646 vidi,
1234 2593 1280 2635 et
1315 2599 1429 2637 ecce
1455 2591 1570 2636 rota
1616 2600 1720 2638 una
1768 2587 1824 2638 in
1859 2594 2020 2650 terra,

457 2669 636 2736 iuncta
685 2682 906 2740 quatuor
934 2671 1269 2735 animalibus,
1312 2682 1360 2726 et
1411 2674 1603 2743 species
1631 2687 1900 2737 eorum,et
1941 2678 2022 2746 fa-

457 2773 604 2816 ctura
635 2779 814 2816 eorum
855 2764 1005 2832 quasi
1017 2766 1229 2830 ,species
1259 2764 1469 2818 Tharsis
1498 2767 1562 2819 ⁸⁸.

2127 1953 2535 2023 μεγαλοφωνίας
2591 1958 2685 2010 τοῦ
2739 1958 3069 2026 Εὑαγγελίου
3112 1962 3168 2012 ἐν
3205 1965 3323 2024 ταῖς
3355 1962 3554 2032 ψυχαῖς
3593 1966 3706 2019 τῶν

2123 2042 2222 2114 ἤδη
2282 2045 2671 2117 τελειουμένων
2723 2050 3017 2122 παράδοσιν
3090 2053 3318 2125 βροντὴν
3389 2056 3702 2126 ὀνομάζειν.

2123 2136 2244 2188 Ὅτι
2275 2136 2382 2209 γὰρ
2430 2138 2624 2210 βροντὴ
2656 2143 2712 2194 τὸ
2761 2144 3118 2212 Εὑαγγέλιον,
3150 2147 3396 2217 δηλοῦσιν
3447 2151 3495 2202 οί
3549 2151 3706 2222 παρὰ

2119 2225 2210 2278 τοῦ
2237 2229 2437 2298 Κυρίου
2466 2234 2951 2303 μετονομασθέντες
2986 2236 3224 2309 μαθηταὶ
3267 2241 3360 2292 καὶ
3405 2242 3508 2294 υἱοὶ
3540 2242 3702 2313 βρον-

2117 2316 2212 2386 τῆς
2235 2323 2676 2390 χρηματίζοντες.
2709 2325 2804 2378 Διά
2849 2324 3004 2380 τοῦτο
3038 2329 3136 2381 οὐκ
3168 2330 3223 2381 ἐν
3251 2329 3327 2400 τῷ
3359 2333 3572 2401 τυχόντι
3601 2335 3704 2404 τῆς

2122 2409 2376 2481 τοιαύτης
2417 2412 2644 2484 βροντῆς
2673 2417 2704 2485 ἡ
2735 2418 2904 2488 φωνὴ,
2942 2417 3055 2470 ἀλλ’
3088 2419 3182 2472 ἐὰν
3224 2438 3304 2484 τις
3347 2421 3492 2486 ἄξιος
3583 2426 3705 2477 dvo-

2126 2498 2390 2570 μάζεσοαι
2439 2506 2650 2575 τροχός.
2687 2507 2859 2576 Φωνὴ
2916 2507 3025 2577 γὰρ
3073 2511 3182 2579 τῆς
3232 2512 3496 2580 ,βροντῆς
3555 2533 3698 2579 σου,

2121 2594 2306 2662 φησιν,
2340 2595 2408 2648 ἐν
2452 2596 2531 2662 τῷ
2573 2599 2778 2668 τροχῷ.
2844 2602 2966 2655 Ἐάν
3006 2620 3091 2667 τις
3237 2608 3347 2669 τοῖς
3391 2607 3706 2678 ἔμπροσθεν

2120 2686 2580 2758 ἐπεκτεινόμενος,
2615 2691 2799 2763 ὥσπερ
2842 2694 2870 2745 ὁ
2922 2695 3145 2765 τροχὸς,
3175 2697 3338 2768 ὀλίγῳ
3390 2701 3540 2768 μέρει
3598 2702 3702 2771 τῆς

2118 2777 2220 2846 γῆς
2248 2779 2653 2850 ἐφαπτόμενος,
2686 2786 2778 2837 καὶ
2811 2785 2944 2848 ὅλως
2964 2786 3200 2851 τοιοῦτος
3233 2789 3364 2859 (98),
3401 2792 3583 2855 ὁποῖος
3630 2789 3699 2864 ἦν

457 2856 581 2924 περὶ
609 2849 670 2908 οὗ
702 2854 881 2923 ἔλεγεν
925 2853 1182 2950 ’[εζεκιήλ
1206 2874 1220 2886 ·
1255 2855 1358 2910 Καὶ
1399 2853 1580 2922 εἶδον,
1624 2859 1720 2912 καὶ
1761 2861 1887 2915 ἰδοὺ
1955 2867 2164 2935 τροχὸς
2227 2867 2314 2937 εἷς
2346 2873 2442 2926 ἐπὶ
2466 2849 2581 2941 γῆς
2635 2875 2917 2945 ἐχόμενος
2945 2877 3054 2948 (99)
3084 2849 3199 2933 τῶνζ
3405 2885 3526 2950 τοῖς
3564 2849 3701 2937 reici-

456 2964 657 3016 σαρσι,
698 2947 795 3000 καὶ
824 2947 887 3000 τὸ
911 2944 1070 3013 εἶδος
1112 2950 1308 3004 αὐτῶν
1341 2951 1438 3003 καὶ
1478 2953 1515 3019 ἢ
1551 2954 1792 3021 ποίησις
1825 2955 2022 3011 αὐτῶν
2057 2962 2137 3027 ὡς
2171 2960 2328 3032 εἶδος
2351 2969 2614 3034 Θαρσεῖς.

525 3043 579 3097 4.
619 3043 756 3096 Deus
809 3057 936 3112 ergo
968 3044 1253 3113 mojestatis
1290 3046 1535 3111 intonuit,
1574 3046 1824 3103 Dominus
1871 3068 2023 3120 super

2199 3059 2252 3112 4.
2296 3061 2357 3113 'U
2384 3061 2526 3128 Θεὸς
2569 3058 2661 3116 οὖν
2711 3063 2820 3133 τῆς
2864 3065 3049 3134 δόξης
3089 3067 3432 3135 ἐϐρόντησε,
3485 3072 3698 3138 Κύριος

455 3154 618 3206 aquas
653 3135 867 3189 multas.
903 3139 1068 3204 Aqua:
1114 3146 1238 3190 sunt
1285 3145 1339 3190 et
1394 3138 1491 3204 ipsi
1539 3142 1729 3205 sancti,
1757 3144 1824 3195 ob
1863 3143 2020 3212 idque

455 3229 522 3282 de
544 3235 726 3280 ventre
753 3241 937 3280 eorum
967 3226 1134 3280 ﬂuunt
1160 3226 1374 3281 ﬂumina
1392 3229 1455 3290 θ’,
1483 3230 1584 3284 hoc
1606 3241 1710 3296 est,
1730 3233 2022 3302 spiritualis

457 3317 718 3382 doctrina,
737 3332 854 3385 qua:
880 3319 1209 3372 audientium
1236 3319 1442 3374 animas
1475 3322 1678 3391 irrigat.
1721 3324 1785 3378 Et
1812 3341 2019 3393 rursus,

458 3407 727 3478 accipiunt
748 3423 940 3478 aquam
983 3407 1262 3464 salientem
1311 3411 1360 3464 in
1402 3412 1566 3465 vitam
1604 3424 2021 3486 aeternamque:

459 3499 512 3552 iu
555 3498 622 3552 iis
651 3497 742 3567 qui
782 3513 900 3553 eam
955 3498 1054 3553 rite
1101 3501 1424 3569 acceperint,
1461 3501 1689 3557 eﬂicitur
1721 3505 1838 3561 fons
1868 3524 2022 3577 aquae

458 3590 698 3646 salientis
733 3590 785 3643 in
839 3589 1000 3643 vitam
1035 3600 1289 3645 aeternam
1319 3591 1388 3647 7°.
1436 3590 1621 3661 Itaque
1670 3611 1833 3665 super
1889 3599 2022 3654 tales

458 3693 627 3747 aquas
670 3678 927 3734 Dominus
977 3689 1079 3734 est.
1129 3679 1434 3737 Memineris
1483 3695 1658 3739 autem
1691 3696 1743 3741 et
1788 3689 2023 3745 historiae

458 3768 607 3837 Eliae,
646 3771 859 3839 quando
894 3771 1048 3824 annis
1079 3772 1247 3827 tribus
1271 3782 1325 3827 et
1351 3777 1623 3831 mensibus
1662 3793 1753 3833 sex
1779 3781 2019 3836 clausum

456 3875 538 3919 est
572 3863 808 3931 cmlum;
849 3864 1082 3933 quando,
1135 3877 1430 3934 occupante
1483 3871 1735 3925 verticem
1789 3872 2020 3930 Carmeli

458 3955 612 4020 sudo,
637 3970 895 4024 aquarum
947 3955 1231 4011 multarum
1272 3974 1456 4015 vocem
1502 3963 1703 4016 audivit
1739 3981 1752 4016 :
1792 3982 1912 4018 mox
1945 3967 2022 4018 [ει-

458 4056 601 4101 Ctum
625 4055 726 4108 est,
759 4055 895 4100 utet
921 4048 1118 4102 tonitru
1165 4050 1336 4114 tieret,
1358 4062 1410 4104 et
1435 4067 1586 4121 aqure
1617 4052 1843 4109 ﬂuerent
1865 4074 1893 4110 e
1927 4076 2022 4111 nu-

456 4139 692 4194 hibus".
725 4137 978 4194 Dominus
1013 4157 1132 4210 ergo
1165 4159 1321 4209 super
1353 4161 1512 4208 aquas
1538 4150 1748 4200 multas.
1777 4150 1934 4203 Vsus.
1964 4141 2018 4204 ξι.

463 4229 578 4285 Vox
635 4228 848 4282 Domini
901 4232 955 4284 in
1003 4233 1209 4286 virtute.
1258 4234 1406 4289 Sicut
1459 4238 1509 4289 in
1565 4249 1676 4290 rota
1737 4255 1836 4294 vox
1899 4243 1957 4295 iit
2004 4260 2018 4297 :

455 4325 533 4378 sic
567 4324 617 4376 in
655 4322 851 4376 virtute
891 4338 994 4377 vox
1043 4324 1248 4378 Domini
1295 4328 1561 4381 consistit.
1601 4330 1700 4396 Qui
1736 4332 1874 4385 enim
1903 4348 2021 4387 om-

2122 3151 2218 3204 ὲπὶ
2248 3153 2482 3207 ὑδάτων
2521 3155 2783 3211 πολλῶν.
2824 3158 3031 3212 ’Ύδατά
3055 3161 3159 3212 εἰσι
3184 3162 3276 3214 καὶ
3293 3163 3342 3214 οἱ
3373 3163 3535 3230 ἆγιοι,
3560 3165 3698 3218 διότι

2123 3245 2356 3314 ποταμοὶ
2405 3247 2616 3317 ῥέουσιν
2659 3249 2722 3302 ὲκ
2765 3249 2862 3319 τῆς
2901 3250 3106 3315 κοιλίας
3157 3253 3359 3318 αὐτῶν,
3426 3257 3691 3321 τουτέστι,

2123 3338 2463 3410 πνευματικὴ
2535 3339 2850 3394 διδασκαλία
2910 3342 3143 3414 ἄρδουσα
3201 3345 3297 3408 τὰς
3350 3344 3524 3416 ψυχὰς
3584 3348 3694 3402 τῶν

2123 3428 2445 3482 ἀκουόντων.
2480 3432 2588 3484 Καὶ
2624 3432 2802 3494 πάλιν,
2838 3433 3200 3503 λαμϐάνουσιν
3236 3435 3379 3506 ὕδωρ
3402 3437 3697 3508 ἁλλόμενον

2123 3523 2202 3584 εἰς
2227 3519 2369 3592 ζωὴν
2401 3522 2634 3586 αἰώνιον,
2659 3526 2793 3595 ὅπερ
2826 3526 3030 3592 γίνεται
3057 3529 3112 3581 ὲν
3135 3531 3244 3590 τοῖς
3265 3529 3441 3594 καλῶς
3469 3531 3692 3586 λαϐοῦσι

2125 3617 2275 3688 πηγὴ
2306 3616 2493 3680 ὓδατος
2525 3617 2817 3687 ἁλλομένου
2853 3621 2930 3681 είς
2965 3617 3109 3691 ζωὴν
3149 3623 3382 3676 αἰώνιον.
3435 3623 3555 3675 Ἐπὶ
3582 3624 3694 3676 τῶν

2124 3705 2379 3759 τοιούτων
2401 3702 2491 3758 οὖν
2513 3707 2716 3760 ὑδάτων
2748 3711 2775 3760 ὁ
2812 3709 3028 3778 Κύριος.
3070 3709 3346 3781 Μνήσοητι
3385 3712 3440 3765 δὲ
3475 3715 3692 3785 καὶτῆς

2125 3797 2363 3868 ἱστορίας
2394 3797 2591 3859 Ἠλίου,
2621 3800 2706 3851 ὅτε
2743 3799 2992 3870 ἐκλείσθη
3015 3805 3042 3854 ὁ
3070 3803 3295 3872 οὐρανὸς
3323 3804 3412 3874 ἔτη
3446 3806 3569 3876 τρία
3596 3807 3692 3858 καὶ

2127 3889 2300 3959 μῆνας
2335 3888 2421 3953 ἒξ·
2460 3891 2582 3953 ὅτε,
2618 3890 2831 3960 αἰθρίας
2860 3892 3022 3964 οὔσης
3059 3895 3151 3947 ἐπὶ
3189 3894 3285 3964 τὴν
3324 3897 3564 3967 κορυφὴν
3594 3895 3690 3949 τοῦ

2124 3978 2440 4048 Καρμήλου,
2459 3979 2654 4049 ἤκουσε
2679 3982 2856 4052 φωνῆς
2881 3983 3086 4035 ὑδάτων
3101 3984 3308 4037 πολλῶν
3331 3982 3467 4039 ἐἶτα
3487 3991 3689 4057 ἐπηκο-

2123 4068 2345 4139 λούθησε
2371 4071 2429 4122 τὸ
2451 4071 2542 4123 καὶ
2579 4072 2802 4142 βροντὴν
2837 4075 3085 4142 γενέσθαι
3112 4078 3172 4129 ἐκ
3189 4077 3424 4147 νεφελῶν
3436 4080 3528 4133 καὶ
3549 4079 3692 4152 ὕδωρ

2124 4163 2334 4230 ῥυῆναι.
2371 4163 2582 4229 Κύριος
2607 4159 2830 4218 οὔτ’ἐπὶ
2864 4165 3094 4220 ὑδάτων
3108 4169 3370 4224 πολλῶν.
3390 4172 3558 4238 Φωνὴ
3578 4175 3692 4225 Κυ-

2114 4251 2252 4318 ρίου
2270 4251 2338 4304 ἐν
2359 4255 2542 4320 ἰσχύϊ.
2567 4256 2631 4308 Ὤ.
2641 4274 2772 4328 σπυερ
2791 4259 2844 4310 ὲν
2862 4257 2938 4328 τῷ
2953 4259 3127 4330 τροχῷ
3143 4263 3174 4329 ὴ
3195 4261 3342 4332 φωνὴ
3365 4263 3589 4328 γίνεται,
3607 4264 3690 4316 οὖ-

2123 4362 2229 4406 τως
2257 4347 2312 4398 ὲν
2334 4346 2475 4416 ἰσχύϊ
2503 4351 2533 4418 ἡ
2571 4350 2719 4422 φωνὴ
2756 4353 3067 4405 συνίσταται
3095 4353 3185 4405 τοῦ
3223 4355 3449 4424 Κυρίου.
3498 4357 3555 4410 Ὀ
3580 4356 3688 4427 γάρ

455 4419 543 4473 nia
583 4423 758 4486 potest
805 4417 856 4470 in
902 4433 967 4472 eo
995 4419 1083 4487 qui
1126 4418 1297 4488 ipsum
1341 4421 1652 4476 corroborat
1696 4423 1908 4480 Christo
1946 4428 2013 4489 7',

2125 4435 2297 4489 πάντα
2330 4437 2524 4508 ἰσχύων
2550 4441 2606 4491 ὲν
2635 4441 2712 4512 τῷ
2747 4442 3123 4513 ἐνδυναμοῦντι
3157 4445 3315 4496 αὑτὸν
3341 4445 3577 4517 Χριστῷ,
3599 4441 3688 4499 οὗ·

455 4509 502 4564 is
532 4508 684 4564 audit
727 4507 935 4560 Domini
966 4507 1238 4570 mandata,
1288 4517 1342 4561 et
1381 4509 1528 4566 facit.
1564 4512 1673 4566 Vox
1713 4513 1876 4582 igitur
1916 4517 2018 4571 Do-

456 4603 585 4657 mini
616 4616 722 4656 non
751 4600 804 4654 in
831 4599 991 4653 debili
1020 4610 1073 4652 et
1103 4600 1361 4654 dissoluta
1396 4605 1596 4670 anima,
1621 4608 1711 4661 sed
1739 4609 1789 4661 in
1817 4623 1877 4662 ea
1899 4624 2016 4676 quae

455 4705 672 4748 strenue
719 4707 784 4745 ac
815 4689 1040 4743 viriliter
1080 4690 1275 4744 bonum
1310 4693 1535 4761 perlicit.
1585 4694 1693 4750 Vox
1721 4697 1930 4752 Domini
1963 4704 2017 4754 in

454 4783 867 4855 magniﬁcentia.
922 4779 1316 4852 Magniﬁcentia
1370 4794 1452 4840 est
1511 4787 1683 4843 virtus
1743 4789 2020 4861 eleganter

457 4889 669 4944 magna.
724 4871 891 4943 Igitur
944 4887 1030 4927 res
1086 4887 1306 4944 magnas
1361 4878 1450 4945 qui
1491 4877 1743 4933 decenter
1779 4883 2014 4950 conficit,

455 4970 546 5024 hic
572 4967 723 5022 audit
747 4963 1080 5032 magniﬁcus.
1113 4963 1345 5021 Proinde
1374 4985 1495 5023 cum
1537 4972 1716 5025 anima
1774 4989 1801 5025 a
1837 4975 2017 5030 carnis

531 5060 576 5092 “
599 5057 764 5113 Marc.
794 5071 878 5120 tu,
913 5055 998 5110 I7.
1096 5058 1140 5088 "
1179 5057 1316 5112 Psal.
1366 5077 1544 5124 um,
1575 5063 1661 5116 I9.

451 5146 611 5196 xvnt,
631 5128 704 5183 42
733 5142 890 5196 seqq.
966 5127 1009 5158 "
1038 5125 1270 5198 Philipp.
1295 5147 1368 5195 tv,
1401 5131 1487 5186 12.

523 5223 632 5299 (96)
662 5220 914 5299 Nonnulli
962 5235 1094 5274 mss.
1146 5222 1555 5299 ἐναπολειφθέν,
1585 5234 1639 5279 et
1693 5227 1764 5282 ita
1810 5230 2010 5299 legisse

450 5294 664 5348 videtur
705 5294 972 5362 interpres
1008 5302 1181 5358 vetus,
1211 5294 1300 5362 qui
1346 5297 1614 5350 verterit:
1659 5294 1888 5356 spiritus
1924 5317 2010 5354 re-

449 5368 621 5419 lictus.
657 5362 762 5436 Sed
816 5360 988 5436 major
1017 5360 1318 5436 pars_niss.
1343 5364 1759 5436 iévaaokq'oOév,
1795 5371 2012 5436 spiritus

449 5439 720 5508 detentus.
744 5431 999 5508 iacimus.
1023 5430 1282 5508 Optime.
1341 5435 1545 5488 Ibidem
1588 5430 1753 5491 Colh.
1779 5430 2011 5508 quartus

448 5505 556 5560 τῶν
577 5501 814 5573 νεφελῶν
839 5501 1320 5571 ἐπιστρεφόμενον.

523 5573 876 5648 (97)_I_.egitur
906 5573 958 5625 in
991 5574 1162 5626 tribus
1197 5588 1328 5626 mss.
1359 5575 1731 5648 περιστέλλειν
1759 5593 1856 5648 pro
1884 5581 2006 5635 στέ-

447 5643 847 5715 γειωίῠὶάεω
914 5651 1149 5723 qliatuor
1198 5657 1329 5723 mss.
1373 5643 1610 5702 διιεῖσαι.
1667 5643 1775 5705 Sed
1840 5655 2010 5723 major

451 5711 580 5786 pars
609 5727 739 5768 mss.
771 5725 895 5768 cum
923 5713 1082 5767 edim
1116 5711 1334 5767 διεῖσαι.
1675 5745 1678 5747 λ

2124 4544 2212 4590 τος
2232 4529 2416 4585 ἀκούει
2448 4530 2553 4583 τῶν
2579 4533 2803 4586 ἐντολῶν
2835 4535 2927 4587 τοῦ
2959 4536 3181 4606 Κυρίου,
3213 4537 3306 4589 καὶ
3341 4540 3498 4590 ποιεῖ.
3533 4539 3686 4610 Φωνὴ

2125 4612 2216 4670 οὖν
2241 4620 2466 4690 Κυρίου,
2501 4621 2599 4674 οὐκ
2629 4623 2685 4676 ὲν
2711 4627 2775 4695 τῇ
2809 4625 3021 4678 ἀσθενεῖ
3051 4626 3144 4678 καὶ
3172 4626 3499 4700 ἐκλελυμένῃ
3520 4628 3685 4698 ψυχῇ.

2125 4708 2239 4762 ἀλλ’
2269 4711 2326 4762 ἐν
2360 4714 2423 4782 τῇ
2469 4713 2697 4777 εὐτόνως
2741 4717 2834 4768 καὶ
2879 4716 3108 4788 ἰσχυρῶς
3153 4717 3592 4792 κατεργαζομένη
3625 4721 3689 4772 τὸ

2125 4800 2347 4868 ἀγαθόν.
2379 4805 2549 4873 Φωνὴ
2569 4807 2786 4874 Κυρίου
2814 4807 2883 4861 ἐν
2899 4811 3393 4878 μεγαλοπρεπείᾳ.
3432 4811 3495 4863 ’II
3521 4829 3688 4882 μεγα-

2125 4891 2424 4966 λοπρέπεια
2474 4900 2638 4970 ἀρετή
2694 4901 2841 4952 ἐστιν
2900 4902 3190 4974 ἐκπρεπῶς
3248 4903 3455 4975 μεγάλη
3493 4905 3587 4976 (I).
3627 4905 3687 4957 Ὀ

2121 4979 2216 5036 οὖν
2264 4989 2579 5059 πρεπόντως
2629 4992 2911 5056 ἀποδιδοὺς
2967 4994 3064 5056 τάς
3102 4997 3229 5067 περὶ
3274 4997 3380 5050 τῶν
3439 4999 3688 5066 μεγάλων

1738 5064 1782 5095 ⁸⁸
1823 5065 2023 5123 Ezech.
2067 5085 2104 5136 t,
2143 5078 2229 5133 15.
2307 5081 2352 5112 ⁶⁹
2380 5079 2533 5139 Joau.
2571 5083 2773 5144 vn,‘58.
2848 5085 2892 5116 "°
2926 5084 3080 5141 Joan.
3118 5064 3189 5154 iv,
3217 5088 3305 5142 Ii.
3377 5090 3420 5121 τί
3442 5064 3529 5144 III,
3552 5091 3685 5162 Reg.

2328 5233 2562 5310 (Iudices
2593 5254 2696 5292 non
2723 5242 2875 5310 pauci
2916 5241 3037 5310 ὅλος
3062 5242 3324 5308 τοιοῦτος.

2186 5305 2738 5390 (9?)'Nonuullintnss_2
2761 5313 2953 5390 τροχος
2999 5309 3077 5390 εἷς
3119 5305 3526 5390 εχόμεξιοςνΑιῑί
3558 5335 3686 5390 τρο-

2114 5374 2512 5458 χοςξχόμενος.
2579 5379 2715 5458 Editi
2765 5374 2955 5458 τροχὸς
3117 5374 3367 5456 ὲπῖγῆς
3406 5374 3679 5458 ἐχόμενος.

2116 5445 2469 5528 ίίΧΧὲίιξιΙειι]
2500 5450 2690 5519 τροχὸς
2851 5445 2943 5528 ἐπῖ
3107 5457 3209 5526 γῆς
3249 5445 3531 5528 ὲχόμεύὸξ.
3563 5445 3683 5513 Sta-

2117 5517 2211 5571 titn
2249 5515 2400 5571 Colh.
2444 5515 2666 5587 quartus
2702 5516 2841 5586 εἷδος
2863 5515 3051 5578 αὐτοῦ’.

2189 5587 2264 5669 (ί)
2301 5587 2474 5640 Editio
2525 5587 2698 5669 Paris.
2741 5592 2909 5666 ἀρετή
2964 5597 3113 5650 ὲστιν
3157 5597 3449 5669 εὐπρεπῶς
3478 5601 3684 5669 μεγάλα

2121 5656 2580 5740 πράττουσα.-Αῑ
2637 5656 2995 5740 mss-omines
3037 5656 3335 5737 sitnplicms
3378 5656 3681 5740 εὔτρεπῶς,

2122 5738 2214 5782 aut
2248 5728 2538 5799 ἐκπρεπῶς
2576 5731 2804 5805 μεγάλη.
