4008 6402
331 370 437 428 993

1420 372 1698 430 HOMILIA
1736 374 1804 429 IN
1842 372 2171 433 PSALMUM
2210 375 2445 433 XXVIII.

3441 385 3544 439 29-5

334 494 581 565 πράξεων
631 492 926 566 ἐνεργείας,
981 497 1009 549 ό
1039 495 1275 559 τοιοῦτος
1329 496 1515 549 ἀκούει
1555 496 1886 567 μεγαλοπρε-

1997 495 2272 550 affectibus
2306 495 2464 549 fuerit
2502 494 2688 560 libera,
2723 496 3097 565 acceperitque
3127 499 3541 568 magnitudinem

333 587 461 657 πής.
492 587 658 639 Ὅταν
679 584 769 639 οὖν
801 587 943 658 ψυχὴ
972 587 1266 651 ἀδούλωτος
1358 588 1433 658 τῷ
1468 590 1769 661 φρονήματι
1799 589 1894 656 τῆς

334 677 551 748 σαρκδς,
610 676 833 747 μέγεθος
874 678 930 730 δὲ
969 682 1063 732 καὶ
1098 678 1174 746 (2)
1224 678 1436 749 ἀξίωμα
1465 679 1669 749 πρέπον
1730 680 1893 749 ἑαυτῇ

332 769 395 820 ἐκ
424 768 519 837 τῆς
550 768 946 839 συναισθήσεως
977 770 1083 822 τῶν
1127 772 1431 841 προσόντων
1464 772 1596 840 αὐτῇ
1628 770 1732 822 ἀπὸ
1760 770 1892 823 Θεοῦ

332 859 597 932 ἀναλάϐῃ,
638 861 695 911 ἐν
722 861 890 932 ταύτῃ
919 860 1127 929 γίνεται
1181 864 1213 933 ἡ
1245 860 1395 932 φωνὴ
1424 860 1515 914 τοῦ
1570 863 1793 931 Κυρίου.
1832 863 1892 913 Ol

330 948 423 1003 οὖν
463 952 820 1022 μεγαλοφυεῖς
862 952 959 1025 μὲν
988 953 1199 1022 ἔχοντες
1222 953 1319 1015 τὰς
1354 954 1480 1025 περὶ
1506 952 1638 1004 Θεοῦ
1669 952 1890 1015 ἐννοίας,

334 1043 551 1113 ὑψηλῶς
589 1044 645 1096 δὲ
693 1044 1091 1115 τεθεωρηκότες
1124 1045 1248 1108 τοὺς
1274 1046 1398 1115 περὶ
1434 1044 1661 1105 κτίσεως
1684 1043 1890 1111 λόγους,

333 1136 426 1188 καὶ
460 1134 775 1204 δυνηθέντες
819 1136 909 1187 ἐπὶ
950 1132 1113 1187 ποσὸν
1142 1134 1272 1202 γοῦν
1304 1134 1576 1187 ἐπιϐαλεῖν
1608 1133 1683 1203 τῷ
1708 1132 1893 1201 ἀγαθῷ

330 1227 426 1296 τῆς
455 1225 547 1279 τοῦ
570 1226 702 1279 Θεοῦ
729 1228 1000 1298 προνοίας,
1036 1229 1129 1279 καὶ
1159 1225 1380 1298 προσέτι
1407 1226 1462 1277 ἐν
1482 1228 1599 1287 ταῖς
1634 1224 1893 1285 δαπάναις

329 1318 586 1388 ἀφειδεῖς,
627 1319 720 1370 καὶ
768 1318 1127 1388 μεγαλόδωροι
1173 1320 1228 1369 ἐν
1258 1317 1332 1387 τῷ
1370 1316 1466 1379 τὰς
1507 1315 1612 1368 τῶν
1653 1314 1891 1383 ἀδελφῶν

328 1411 517 1481 χρείας
552 1409 999 1481 ἐπανορθοῦσθαι,
1029 1403 1173 1463 οὗτοί
1197 1411 1331 1462 εἰσιν
1355 1411 1402 1461 οί
1440 1408 1888 1479 μεγαλοπρεπεῖς,

326 1502 386 1553 ἐν
432 1497 512 1564 οἷς
543 1504 575 1571 ἡ
614 1501 763 1572 φωνὴ
819 1499 911 1552 τοῦ
947 1501 1145 1571 Κυρίου
1196 1498 1621 1570 ἐμπολιτεύεται.
1658 1498 1745 1568 Τῷ
1782 1498 1891 1550 ὄντι

327 1594 433 1663 γάρ
463 1595 490 1645 ὁ
540 1592 958 1663 μεγαλοπρεπὴς
1004 1594 1243 1663 ὑπερορᾷ
1272 1592 1446 1645 πάντα
1480 1592 1547 1644 τὰ
1586 1589 1888 1661 σωματικά,

325 1684 535 1746 οὐδενὸς
561 1680 697 1737 εἶναι
741 1684 864 1747 ἄξια
911 1684 1105 1752 κρίνων
1134 1684 1290 1751 λόγου
1334 1687 1398 1753 τῇ
1444 1683 1740 1754 παραθέσει
1785 1683 1890 1736 τῶν

327 1776 590 1845 ἀοράτων.
632 1775 734 1827 Τὸν
783 1775 1171 1846 μεγαλοπρεπῆ
1215 1775 1437 1845 οὐδεμία
1472 1776 1697 1845 λυπήσει
1738 1776 1891 1846 περί-

1998 602 2060 640 ac
2089 587 2425 657 dignitatem,
2447 602 2562 653 qua:
2606 586 2764 657 119
2793 603 2889 656 pro
2915 588 3225 643 facultatum
3255 608 3282 643 a
3328 591 3433 644 Deo
3457 609 3544 643 ac-

1999 689 2277 745 ceptarum
2325 677 2631 744 cognitione
2660 678 2757 730 sibi
2791 679 3093 742 conveniat,
3132 689 3239 732 tum
3272 682 3322 733 in
3352 681 3436 734 illa
3489 680 3546 734 fit

1996 781 2095 819 vox
2120 766 2349 819 Domini.
2376 766 2733 832 Quamobrem
2766 768 2855 836 qui
2894 770 3177 838 magnifice
3213 773 3451 839 cogitant
3482 774 3546 825 de

1998 856 2105 911 Deo
2137 898 2152 921 ,
2194 867 2247 910 et
2299 857 2589 914 creationis
2640 860 2877 912 rationes
2933 860 3038 914 alte
3090 861 3341 929 speculati
3400 870 3542 925 sunt,

1993 959 2048 1003 et
2094 951 2420 1018 aliquantum
2480 950 2671 1003 saltem
2722 951 3013 1005 bonitatem
3061 952 3407 1020 providentiae
3455 954 3544 1008 Dei

1995 1043 2205 1110 assequi
2231 1052 2473 1113 potuere,
2528 1042 2853 1112 insuperqne
2885 1045 3029 1112 parci
3060 1060 3163 1098 non
3212 1054 3335 1098 sunt
3381 1046 3432 1098 in
3472 1046 3548 1100 fa-

1993 1132 2199 1186 ciendis
2246 1134 2566 1200 sumptibus.
2604 1142 2657 1184 et
2704 1132 2754 1185 in
2807 1133 3146 1187 sublevandis
3194 1132 3415 1187 fratrum
3450 1150 3544 1188 ne-

1993 1224 2332 1279 cessitatibus
2353 1225 2598 1278 liberales
2610 1233 2752 1289 sunt;
2774 1225 2849 1291 hi,
2871 1225 3544 1296 inquam,suntmagnilici,

1994 1314 2044 1368 in
2082 1316 2275 1383 quibus
2324 1330 2421 1367 vox
2456 1315 2659 1369 Domini
2716 1316 2999 1369 inhabitat.
3033 1317 3243 1371 Etenim
3292 1319 3383 1386 qui
3421 1334 3546 1372 vere

1994 1406 2310 1473 magnificus
2339 1416 2441 1470 est,
2475 1422 2561 1461 res
2590 1422 2777 1461 omnes
2804 1421 3089 1475 corporeas
3108 1419 3449 1477 aspernatur,
3479 1425 3542 1462 ac

1991 1511 2099 1564 pne
2128 1496 2481 1551 invisibilibus
2525 1512 2616 1549 eas
2668 1495 2797 1551 facit
2850 1498 3019 1551 nihili.
3060 1498 3372 1553 Adversitas
3403 1497 3544 1551 nulla

1992 1588 2328 1654 magnificum
2348 1586 2541 1641 afﬁciet
2572 1588 2811 1651 tristitia,
2843 1588 2985 1641 nulla
3016 1604 3233 1657 prorsus
3264 1590 3399 1643 mala
3423 1600 3547 1644 sunt

1992 1678 2138 1731 illum
2179 1678 2553 1746 perturbatura
2585 1696 2602 1735 :
2635 1695 2804 1748 neque
2848 1682 3209 1749 improborum
3268 1694 3321 1737 et
3370 1683 3545 1751 despi-

1991 1771 2299 1825 cicnilorum
2342 1771 2783 1825 homunculorum
2829 1782 3041 1840 peccata
3086 1788 3206 1826 eum
3243 1789 3543 1828 commove-

329 1883 547 1929 στασις⁶
591 1867 710 1919 οὐδὲ
754 1868 889 1930 ὅλως
933 1868 1103 1930 πάθος
1144 1885 1194 1919 τι
1224 1864 1386 1920 αὐτὸν
1433 1864 1737 1936 ἐκταράξει,
1772 1868 1886 1919 οὐδὲ

1993 1865 2165 1942 bunt2
2223 1880 2395 1933 neque
2443 1863 2618 1933 ipsum
2681 1866 2942 1935 deprimet
3000 1867 3178 1921 carnis
3238 1867 3541 1935 impuritas.

325 1956 715 2026 ἀνθρωπαρίων
778 1950 995 2024 φαύλων
1035 1956 1128 2009 καὶ
1187 1957 1675 2027 εὐκαταφρονήτων
1717 1957 1891 2027 ἀμαρ-

324 2047 540 2116 τήματα
592 2046 834 2116 κινήσει·
874 2048 993 2099 οὐδὲ
1027 2046 1333 2116 ἀκαθαρσία
1376 2047 1473 2115 τῆς
1504 2047 1700 2117 σαρκὸς
1733 2044 1891 2099 αὐτὸν

322 2138 663 2192 ταπεινώσει.
700 2140 1061 2211 Δυσπρόσιτος
1098 2142 1206 2211 γάρ
1236 2142 1348 2193 ἐστι
1404 2143 1514 2203 τοῖς
1577 2157 1892 2193 ταπεινωτι-

324 2233 439 2294 κοῖς
492 2230 737 2291 πάθεσιν.
791 2232 908 2284 οὐδὲ
957 2232 1315 2303 προσϐλέπειν
1375 2231 1520 2301 αὐτῷ
1575 2231 1890 2303 δυναμένοις

323 2321 409 2375 διὰ
439 2323 498 2375 το
528 2322 664 2390 ὕψος
686 2323 783 2393 τῆς
803 2322 1043 2394 γνώμης.
1070 2324 1297 2390 Λέγεται
1325 2324 1381 2375 δέ
1414 2341 1495 2386 τις
1522 2324 1613 2375 καὶ
1636 2323 1768 2375 Θεοῦ
1798 2340 1892 2394 με-

323 2417 726 2489 γαλοπρέπεια·
781 2416 855 2479 ὡς
916 2418 995 2481 τὸ,
1042 2417 1293 2484 Ἐπήρθη
1352 2418 1389 2483 ἡ
1420 2414 1891 2485 μεγαλοπρέπειὰ

321 2525 441 2561 σου
470 2508 737 2576 ὑπεράνω
770 2508 888 2561 τῶν
916 2508 1205 2576 οὐρανῶν.
1241 2510 1302 2561 Ol
1330 2504 1421 2561 οὖν
1444 2507 1511 2559 τά
1534 2507 1740 2577 μεγάλα
1766 2508 1892 2578 περὶ

323 2598 458 2651 Θεοῦ
493 2598 823 2665 δοξάζοντες,
853 2594 997 2653 οῦτοι
1038 2597 1421 2669 ὑπεραίρουσιν
1455 2596 1615 2650 αὐτοῦ
1655 2596 1751 2667 τὴν
1797 2614 1891 2667 με·

322 2690 744 2760 γαλοπρέπειαν.

392 2781 445 2833 5.
474 2778 643 2847 Φωνὴ
678 2781 898 2848 Κυρίου
933 2779 1358 2845 συντρίϐοντος
1386 2777 1654 2845 κέδρους.
1710 2776 1772 2829 ἸΙ
1803 2776 1891 2828 κέ-

318 2873 442 2944 δρος
473 2872 601 2924 ποτε
645 2871 742 2940 μὲν
768 2871 841 2933 ὡς
874 2870 1115 2940 μόνιμον,
1161 2870 1254 2921 καὶ
1290 2868 1503 2937 σήψεως
1540 2868 1764 2937 βέλτιον,
1799 2867 1891 2919 καὶ

321 2964 538 3027 εὑῶδες,
581 2963 674 3016 καὶ
727 2962 931 3031 σκέπην
968 2962 1145 3014 ἱκανὸν
1194 2960 1529 3030 παρέχεσθαι
1592 2958 1737 3028 παρά
1794 2959 1889 3027 τῆς

322 3056 543 3127 Γραφῆς
570 3057 899 3108 ἐπαινεῖται·
937 3054 1063 3106 ποτὲ
1095 3053 1149 3105 δὲ
1167 3054 1239 3115 ὼς
1261 3053 1505 3123 ἄκαρπον
1536 3052 1627 3104 καὶ
1650 3051 1887 3120 δυσκαμ‹

324 3148 421 3212 πὲς
443 3145 804 3209 διαϐάλλεται,
837 3145 911 3207 ὡς
932 3144 1025 3196 καὶ
1048 3144 1227 3195 εἰκόνα
1257 3141 1494 3213 πληροῦν
1521 3140 1613 3194 τοῦ
1640 3139 1883 3202 ἀσεϐοῦς.

1992 1954 2315 2011 All‘ectiones
2383 1958 2525 2011 enim
2584 1973 2702 2026 qua:
2766 1958 3105 2021 demittunt,
3159 1956 3542 2027 abjiciuntque,

1991 2048 2077 2101 vix
2139 2048 2340 2100 aditum
2392 2049 2457 2101 ad
2516 2048 2663 2103 illum
2712 2048 3178 2111 inveniunt,cum
3210 2062 3277 2103 ne
3305 2050 3546 2118 aspicere

1991 2139 2202 2209 quidem
2286 2140 2457 2209 ipsum
2519 2140 2588 2193 ob
2666 2141 2861 2194 mentis
2922 2140 3252 2193 altitudinem
3320 2149 3541 2209 queant.

1997 2231 2201 2284 Dicitur
2246 2239 2424 2282 autem
2477 2238 2532 2283 et
2581 2229 2825 2299 quaedam
2875 2228 2967 2282 Dei
3022 2230 3452 2297 magnificentia,
3490 2241 3547 2282 ut

1992 2321 2045 2374 in
2101 2323 2203 2375 hoc
2252 2320 2370 2373 loco
2403 2337 2417 2373 :
2452 2319 2665 2374 Elevata
2711 2332 2784 2375 est
2834 2320 3223 2391 magniﬁcentia
3267 2332 3355 2373 tua
3394 2337 3548 2389 super

1990 2412 2231 2465 catos".
2298 2411 2395 2478 Qui
2454 2412 2615 2482 igitur
2654 2427 2846 2482 magna
2886 2413 2950 2466 de
3004 2413 3113 2467 Deo
3160 2414 3428 2476 sentiunt,
3492 2415 3543 2466 hi

1993 2502 2164 2572 ipsius
2196 2501 2458 2557 extollunt
2487 2502 2959 2573 magnificentiam.

2061 2767 2111 2824 5.
2146 2772 2304 2825 Vens.
2339 2773 2389 2827 5.
2446 2772 2554 2828 Vox
2581 2774 2791 2827 Domini
2819 2776 3188 2846 ronfringentis
3212 2778 3413 2831 cedros.
3446 2776 3546 2834 Ce—

1990 2860 2119 2914 drus
2152 2864 2309 2916 modo
2348 2870 2405 2915 ut
2456 2879 2544 2917 res
2600 2864 2828 2930 stabilis,
2883 2874 2935 2919 ct
2988 2870 3283 2934 putredinis
3324 2884 3542 2939 expers,

1989 2949 2342 3021 odorataque,
2374 2961 2428 3006 et
2484 2954 2549 3007 ad
2584 2954 2921 3022 praibendum
2966 2966 3173 3025 tegmen
3202 2968 3322 3028 apta
3347 2974 3375 3012 a
3402 2960 3545 3015 Scri-

1988 3054 2140 3111 ptura
2193 3042 2477 3110 laudatur;
2541 3045 2699 3099 modo
2764 3054 2821 3099 ut
2879 3045 3211 3102 infructuosa
3283 3060 3336 3105 et
3397 3068 3540 3123 agre

1990 3132 2237 3189 ﬂexibilis
2274 3136 2627 3205 vituperatur,
2652 3138 2786 3191 adeo
2812 3147 2869 3191 ut
2897 3139 3041 3208 impii
3066 3140 3225 3193 etiam
3256 3140 3541 3211 imaginem

324 3208 503 3295 Εἶδον
529 3240 633 3308 γὰρ
664 3238 769 3291 τὸν
787 3238 938 3290 ἀσεό
942 3236 973 3303 ἦ
1002 3208 1495 3303 ὑπερνψούμενον
1524 3234 1618 3286 καὶ
1655 3232 1886 3299 ἐπαιρό-

1990 3227 2168 3291 ferat,
2224 3226 2569 3297 impleatque.
2626 3226 2748 3281 Vidi
2794 3229 2927 3281 enim
2993 3230 3209 3298 impium
3232 3208 3539 3299 exaltatum,

318 3352 506 3405 μενον
530 3334 609 3399 ὡς
647 3333 753 3399 τὰς
781 3331 1025 3399 κέδρους
1055 3330 1159 3384 τοῦ
1188 3329 1459 3383 Λιϐάνου.
1499 3326 1633 3381 Καθ’
1673 3327 1701 3379 ὃ
1728 3327 1800 3397 (5)
1826 3325 1887 3379 τὺ

323 3425 716 3496 σημαινόμενον
776 3424 869 3475 καὶ
921 3420 1014 3475 νῦν
1064 3420 1403 3491 παρελήφθη.
1462 3420 1525 3471 Ἦ
1580 3419 1685 3490 γὰρ
1734 3417 1884 3489 φωνὴ

320 3519 414 3571 τοῦ
461 3517 662 3587 Κυρίου
713 3514 984 3586 συντρίϐει
1026 3513 1265 3583 κέδρους.
1332 3512 1541 3581 ’Ὠσπερ
1574 3509 1680 3579 γάρ
1725 3510 1781 3560 ἐν
1818 3510 1883 3577 τῇ

326 3610 723 3682 μεγαλοπρεπεῖ
781 3608 922 3678 ψυχῇ
966 3607 1190 3675 γίνεται,
1252 3603 1391 3657 οὕτω
1439 3605 1560 3666 τοὺς
1619 3601 1741 3670 εἰκῆ
1790 3618 1887 3668 φυ-

326 3701 661 3771 σιουμένους,
703 3700 827 3761 τοὺς
884 3697 1205 3766 ἐπαίροντας
1256 3694 1477 3757 ἑαυτοὺς
1538 3695 1594 3745 ἐν
1634 3696 1743 3755 τοῖς
1796 3709 1883 3745 νο-

327 3788 637 3859 μιζομένοις
674 3786 926 3857 ὑψώμασι
986 3786 1077 3837 τοῦ
1123 3784 1325 3853 κόσμου
1372 3783 1578 3847 τούτου,
1633 3781 1880 3846 πλούτου,

322 3881 356 3949 ἦ
407 3880 583 3948 δόξης,
613 3879 645 3947 ἢ
677 3878 1008 3940 δυναστείας,
1053 3877 1085 3947 ἦ
1148 3874 1371 3937 κάλλους
1402 3872 1670 3942 σώματος,
1727 3873 1758 3941 ἢ
1790 3872 1883 3924 δυ-

324 3972 555 4041 νάμεως,
603 3972 635 4039 ἢ
696 3969 893 4039 ἰσχύος.
946 3966 1247 4037 συντρίϐειν
1292 3965 1527 4031 λέγεται.
1574 3964 1682 4018 Καὶ
1732 3978 1883 4015 συν-

322 4066 515 4132 τρίψει
555 4065 763 4131 Κύριος
798 4061 902 4126 τὰς
944 4060 1192 4127 κέδρους
1230 4058 1335 4113 τοῦ
1369 4056 1642 4111 Λιϐάνου.
1680 4058 1740 4109 Ui
1774 4058 1883 4119 τοῖς

322 4155 617 4225 ἀλλοτρίοις
647 4155 954 4224 πράγμασιν
1004 4151 1387 4213 ἐπιϐαίνοντες,
1414 4150 1507 4202 καὶ
1539 4149 1632 4201 ἀπ’
1660 4148 1883 4200 ἐκείνων

324 4248 534 4308 ἑαυτοῖς
562 4247 660 4314 τὴν
687 4242 1001 4305 ἀλαζονείαν
1026 4242 1365 4307 συνάγοντες,
1392 4231 1534 4291 οὗτοί
1564 4239 1668 4289 εἰσι
1702 4237 1882 4306 κέδροι

323 4338 417 4390 τοῦ
453 4337 698 4390 Λιϐάνου.
740 4337 948 4405 ’Ὠσπερ
968 4334 1074 4405 γὰρ
1100 4334 1154 4386 αἱ
1184 4332 1383 4403 κέδροι,
1411 4330 1530 4384 καθ’
1566 4329 1761 4391 ἐαυτὰς
1791 4324 1881 4381 οὗ-

327 4446 414 4482 σαι
441 4429 658 4500 ὑψηλαὶ,
682 4427 758 4498 τῷ
786 4429 869 4479 ἐπ’
896 4427 1051 4497 ὅρους
1090 4422 1290 4493 ὑψηλοῦ
1330 4422 1649 4490 πεφυκέναι,
1696 4422 1758 4473 ἐκ
1785 4421 1883 4490 τῆς

325 4522 635 4592 προσθήκης
662 4519 753 4573 τοῦ
786 4518 940 4590 ὅρους
967 4515 1419 4587 περιφανέστεραι
1441 4515 1675 4582 γίνονται
1698 4529 1709 4543 ·
1743 4512 1883 4566 οὕτω
1914 4555 1956 4609 D

324 4617 417 4667 καὶ
445 4616 493 4667 οξ
521 4616 630 4675 τοῖς
664 4612 919 4681 φθαρτοίς
952 4608 1045 4661 τοῦ
1087 4607 1291 4675 κόσμου
1327 4605 1640 4676 πράγμασιν
1671 4606 1882 4675 ἐπερει-

322 4707 531 4777 δόμενοι
552 4704 728 4774 κέδροι
754 4702 848 4772 μέν
875 4703 980 4754 είσι
1009 4698 1096 4752 διὰ
1118 4699 1215 4767 τὴν
1242 4696 1552 4761 ἀλαζονείαν
1583 4696 1674 4750 καί
1700 4693 1760 4749 τὸ
1786 4696 1883 4764 τῆς

322 4797 555 4859 διανοίας
596 4795 837 4865 ἔπαρμα,
880 4790 1111 4846 Λιϐάνου
1144 4789 1201 4842 δέ
1240 4789 1415 4860 κέδροι
1456 4787 1881 4859 προσαγορεύον-

323 4903 431 4949 ται,
460 4886 547 4938 διά
578 4885 636 4937 τὸ
663 4884 738 4952 τῷ
762 4882 1024 4951 ἀλλοτρίῳ
1053 4878 1301 4949 ὑψώματι
1340 4877 1756 4946 ἐπαγάλλεσθαι,
1793 4878 1882 4929 καὶ

325 4979 428 5032 ὑπὸ
454 4980 555 5048 γῆς
599 4978 690 5031 καὶ
720 4976 825 5029 τῶν
859 4974 1059 5045 γηίνων
1098 4971 1454 5042 πραγμάτων,
1507 4966 1615 5022 οἷον
1654 4970 1757 5022 ὑπὸ
1780 4967 1879 5037 τῆς

324 5069 564 5141 κορυφῆς
600 5067 694 5119 τοῦ
730 5064 979 5127 Λιϐάνου,
1012 5060 1143 5131 πρὸς
1178 5058 1489 5123 ἀλαζονείαν
1534 5058 1868 5129 ἐπαίρεσθαι.

322 5159 396 5211 Οὐ
430 5156 606 5218 πάσας
654 5155 713 5208 δὲ
736 5155 832 5216 τὰς
864 5150 1084 5221 κέδρους
1112 5148 1378 5221 συντρίϐει
1424 5150 1452 5201 ό
1482 5146 1701 5219 Κύριος,
1738 5146 1872 5199 ἀλλά

322 5254 419 5316 τὰς
442 5251 534 5306 τοῦ
566 5251 815 5304 Λιϐάνου.
866 5247 1077 5317 Ἐπειδὴ
1105 5246 1212 5316 γὰρ
1248 5242 1681 5313 εἰδωλολατρείας
1711 5242 1873 5304 τόπος

317 5346 350 5399 ό
375 5344 619 5407 Λίϐανος,
656 5343 775 5395 ὅσαι
806 5340 971 5410 ψυχαὶ
997 5337 1305 5408 ἐπαίρονται
1342 5334 1480 5387 κατά
1506 5333 1603 5403 τῆς
1627 5332 1873 5400 γνώσεως

386 5476 595 5533 "Psal.
618 5493 734 5544 vm,
760 5477 813 5532 9..
899 5477 946 5507 "
981 5473 1123 5529 Psal.
1176 5485 1361 5535 xxxw,
1402 5468 1471 5523 35

390 5614 468 5686 (Ξ)
493 5615 662 5668 Verba
696 5614 807 5679 illa,
846 5610 1152 5686 μέγεθοςδὲ
1185 5606 1574 5686 καίηοιςη-ἰιιι
1605 5605 1869 5686 interpres

316 5676 473 5742 vetus
504 5686 690 5738 Latine
721 5676 969 5746 reddidit,
995 5692 1051 5734 ut
1071 5680 1345 5745 illud,dmb
1374 5676 1530 5741 Θεοῦ,
1557 5680 1632 5746 ad
1646 5677 1866 5729 verbum

320 5755 567 5824 ἀναλάϐῃ
620 5757 889 5815 retulerit.
938 5745 1058 5805 cum
1108 5751 1299 5805 referri
1356 5760 1528 5824 tamen
1572 5745 1637 5824 ad
1680 5760 1862 5824 vocem

321 5815 625 5898 προσόντων
655 5827 846 5881 debeat
882 5840 894 5875 :
950 5837 1055 5892 qua
1090 5836 1253 5891 parva
1304 5818 1622 5889 negligentia
1670 5816 1864 5870 mirum

1987 3328 2035 3372 ct
2069 3319 2321 3373 eleuatum
2349 3321 2481 3373 sicut
2534 3322 2713 3375 cedros
2743 3321 3011 3375 Libani“.
3043 3325 3154 3390 Qua
3191 3326 3242 3379 in
3276 3327 3543 3396 significa-

1989 3411 2132 3466 tione
2189 3413 2349 3467 etiam
2393 3428 2535 3468 nunc
2587 3427 2806 3485 accepta
2848 3424 2951 3471 est.
2987 3416 3099 3472 Vox
3159 3420 3303 3473 enim
3335 3422 3539 3476 Domini

1986 3504 2278 3573 confringit
2342 3507 2550 3561 cedros.
2618 3507 2689 3562 Ut
2753 3509 2895 3563 enim
2953 3511 3069 3565 haec
3142 3511 3194 3565 in
3261 3513 3538 3583 magniﬁca

1987 3596 2162 3649 anima
2202 3599 2299 3651 tit:
2335 3597 2405 3650 ita
2446 3598 2691 3653 homines
2732 3608 2932 3654 temere
2956 3600 3186 3668 inflatos,
3216 3605 3305 3672 qui
3338 3605 3542 3673 scipsns

1987 3685 2236 3752 efferunt,
2273 3688 2341 3741 ob
2366 3702 2425 3741 ea
2457 3704 2575 3757 qua:
2608 3690 2659 3743 in
2699 3690 2799 3746 hoc
2840 3694 3035 3746 mundo
3057 3692 3162 3746 alta
3187 3709 3251 3748 ac
3294 3695 3538 3749 sublimia

1985 3788 2261 3846 putantur,
2321 3795 2510 3848 nempe
2567 3780 2635 3834 ob
2695 3783 2933 3847 divitias,
2984 3795 3075 3838 aut
3136 3785 3400 3854 gloriam,
3450 3797 3540 3843 aut

1987 3871 2296 3938 imperium,
2354 3881 2445 3925 aut
2500 3873 2744 3942 carporis
2798 3875 3277 3942 pulchritudinem,
3310 3891 3404 3933 aut
3452 3898 3541 3950 po-

1985 3971 2279 4028 testalem,
2357 3975 2449 4018 aut
2516 3966 2710 4032 vires,
2777 3968 2973 4022 dicitur
3026 3970 3383 4040 confringere.
3472 3972 3538 4026 Et

1987 4057 2285 4126 confringet
2326 4057 2580 4111 Dominus
2642 4060 2822 4114 cedros
2876 4059 3083 4116 Libani.
3144 4063 3348 4119 Alienis
3384 4067 3544 4119 rebus

1984 4146 2072 4215 qui
2120 4148 2387 4211 insident,
2438 4160 2493 4203 et
2555 4166 2621 4204 ex
2660 4152 2739 4205 eis
2795 4152 3019 4220 gloriam
3080 4153 3389 4223 fastumque
3443 4160 3565 4227 sibi

1982 4238 2235 4305 conﬂant,
2263 4241 2298 4294 ii
2326 4250 2451 4295 sunt
2484 4242 2628 4298 cedri
2663 4242 2873 4298 Libani.
2910 4245 3367 4311 Quemadmodum
3399 4250 3540 4302 enim

1984 4331 2128 4384 cedri
2180 4346 2276 4399 per
2325 4347 2383 4386 se
2431 4333 2551 4387 altae
2609 4349 2731 4389 cum
2797 4339 2925 4401 sint,
3000 4345 3201 4401 tamen,
3256 4349 3538 4408 propterea
3616 4328 3617 4331 “

1984 4420 2122 4487 quod
2181 4421 2233 4473 in
2276 4421 2384 4476 alto
2444 4433 2626 4478 monte
2678 4435 2992 4491 nascuntur,
3045 4426 3181 4479 fiunt
3227 4441 3293 4482 ex
3344 4430 3540 4481 montis

1986 4513 2294 4567 accessione
2325 4516 2497 4584 magis
2546 4518 2846 4586 conspicuae
2876 4535 2890 4571 :
2926 4520 3004 4573 sic
3035 4535 3249 4588 quoque
3268 4521 3359 4590 qui
3384 4519 3541 4575 fluxis

1986 4605 2164 4659 mundi
2213 4607 2375 4661 rebus
2426 4608 2739 4677 fulciuntur,
2797 4612 2945 4667 cedri
3003 4614 3217 4683 quidem
3287 4625 3410 4668 sunt
3471 4616 3538 4669 ob

1982 4699 2350 4767 arrogantiam
2405 4715 2469 4756 ac
2500 4704 2695 4758 mentis
2754 4706 3074 4771 elationem,
3128 4707 3221 4762 sed
3275 4718 3537 4763 vocantur

1981 4786 2167 4842 Libani
2217 4792 2383 4860 cedri,
2410 4796 2553 4863 quod
2598 4795 2770 4850 aliena
2817 4798 3130 4866 superbiant
3158 4798 3436 4852 altitudine
3482 4808 3539 4853 et

1979 4894 2010 4932 e
2072 4889 2220 4935 terra
2276 4885 2547 4955 rebusque
2603 4889 2950 4943 terrestribus
3001 4898 3254 4959 tanquam
3285 4905 3315 4944 e
3350 4890 3535 4944 Libani

1981 4971 2182 5027 vertice
2226 4975 2292 5026 ad
2352 4974 2543 5030 fastum
2591 4986 2643 5031 et
2690 4979 2997 5046 superbiam
3036 4979 3379 5033 extollantur.
3415 4979 3534 5034 Non

1980 5076 2158 5119 autem
2189 5067 2379 5121 cedros
2412 5083 2620 5135 omnes,
2666 5072 2757 5125 sed
2789 5071 2982 5125 Libani
3026 5072 3219 5125 cedros
3243 5071 3535 5140 confringit

1980 5155 2253 5211 Dominus.
2286 5158 2418 5213 Nam
2442 5175 2561 5214 cum
2616 5162 2850 5216 Libauus
2888 5162 3201 5216 idololatriae
3240 5162 3309 5215 sit
3342 5161 3488 5213 locus
3513 5198 3528 5222 .

1978 5260 2312 5319 quaecunque
2376 5254 2567 5305 animre
2636 5270 2693 5309 se
2763 5267 2950 5309 contra
3012 5254 3105 5309 Dei
3172 5254 3528 5323 cognitionem

1978 5338 2229 5409 efferunt,
2256 5345 2337 5401 lite
2370 5347 2517 5402 cedri
2551 5345 2741 5403 Libani
2790 5359 3187 5419 nuncupantur,
3219 5356 3273 5401 et
3306 5360 3530 5401 censen-

1975 5616 2234 5681 qua_ntnm
2259 5624 2288 5662 a
2313 5626 2476 5681 sc0po
2504 5614 2791 5667 aberrarit.

2047 5676 2123 5746 (5)
2151 5680 2243 5732 Sic
2288 5674 2424 5750 mss:
2471 5683 2730 5750 nonnulli,
2758 5683 2911 5738 bene.
2950 5676 3129 5735 Editio
3154 5674 3331 5735 Paris.
3370 5678 3534 5735 unico

1974 5750 2235 5805 vocabulo
2259 5749 2413 5804 καθό.
