4008 6402
452 355 560 408 295

1756 346 1815 401 S.
1854 344 2099 400 BASlLll
2141 343 2353 398 MAGNI

3587 336 3701 393 296

454 483 538 521 tur
589 468 763 538 dignae
797 481 917 535 qua:
969 472 1341 520 conterantur.
1376 460 1514 515 Sunt
1568 469 1747 515 autem
1779 462 2023 530 quaedam

2132 460 2220 512 τοῦ
2249 459 2404 521 Θεοῦ,
2437 451 2594 512 αὗται
2643 456 2731 509 τοῦ
2784 455 3014 509 Λιϐάνου
3062 456 3412 527 ὀνομάζονται
3453 453 3552 523 (4),
3602 457 3698 507 καὶ

456 561 544 614 Dei
574 562 747 621 cedri,
794 575 930 628 quas
993 559 1216 614 arbusta
1266 557 1439 610 vincte
1488 568 1607 622 qute
1662 568 1727 607 ex
1783 551 2021 622 Egypto

453 652 711 708 translata
746 653 907 716 est",
947 651 1221 721 operiunt,
1255 658 1314 703 ut
1338 648 1389 701 in
1435 646 1661 701 Psalmis
1691 645 1973 700 didicimus
2005 662 2019 699 :

453 746 671 815 Operuit
724 754 922 798 montes
959 743 1143 797 untbra
1174 742 1308 811 ejus,
1359 749 1405 793 et
1444 738 1658 791 arbusta
1695 737 1808 806 ejus
1842 737 2021 789 cedros

457 838 635 891 Dei".
682 836 914 890 Proinde
960 849 1081 889 cum
1112 834 1255 887 inter
1278 842 1504 886 catteras
1553 830 1620 883 de
1661 828 1880 883 Christo
1929 843 2023 882 no-

457 930 633 983 tiones
657 927 913 982 Dominus
942 936 1124 979 noster
1148 924 1274 976 vitis
1295 923 1454 976 etiam
1473 922 1719 975 dicatur:
1754 920 1865 990 Ego
1885 919 2021 973 enim

452 1038 588 1087 sum,
612 1020 810 1089 inquit,
840 1018 980 1077 vitis,
999 1034 1087 1070 vos
1108 1014 1424 1085 palmites";
1447 1012 1589 1066 cedri
1606 1012 1695 1066 Dei
1715 1021 1840 1066 sunt
1856 1010 1915 1074 ii,
1933 1010 2021 1079 qui

452 1124 609 1168 antea
639 1113 852 1183 quidem
872 1110 1021 1163 fuere
1044 1107 1255 1163 steriles
1284 1114 1338 1160 et
1362 1106 1425 1159 ad
1444 1104 1867 1160 comburendutu
1892 1102 2020 1170 apti:

452 1205 547 1263 sed
590 1206 680 1259 ubi
729 1211 1094 1273 tegumentum
1161 1199 1443 1253 subierunt
1497 1196 1723 1261 Christi,
1768 1194 2025 1263 illumque

452 1297 597 1352 velut
619 1296 929 1358 induerunt,
959 1308 1052 1362 per
1082 1291 1251 1361 ipsius
1278 1292 1507 1361 gratiam
1545 1288 1892 1343 sterilitatem
1917 1300 2026 1341 suae

451 1392 577 1442 vita:
603 1394 913 1455 contegunt.
948 1384 1037 1438 Dei
1067 1397 1197 1452 ergo
1237 1384 1429 1436 cedros
1455 1381 1612 1450 120
1638 1380 1912 1434 fructuosa
1939 1394 2027 1431 ar-

451 1485 608 1536 busta
635 1465 1039 1549 circuntplicata
1063 1474 1371 1531 custodiunt
1402 1490 1414 1524 :
1449 1475 1639 1528 cedros
1668 1487 1793 1526 vero
1836 1470 2024 1525 Libani

452 1572 742 1642 confringit
791 1571 1068 1624 Dominus.
1134 1566 1299 1620 Vens.
1328 1566 1380 1619 6.
1456 1564 1519 1617 Et
1573 1563 1884 1617 comminuet
1938 1577 2025 1614 eas

452 1672 703 1727 tauquam
750 1656 999 1717 vitulum,
1050 1651 1330 1705 Libanum.
1385 1648 1546 1702 Vituli
1606 1648 1748 1701 illius
1798 1647 1865 1701 de
1919 1661 2025 1714 quo

454 1750 655 1806 mentio
698 1751 756 1802 lit
796 1748 846 1801 in
873 1745 1059 1800 Exodo
1078 1744 1146 1807 ⁷⁸,
1196 1741 1532 1804 memineris,
1568 1754 1727 1810 quem
1772 1739 1821 1792 in
1858 1736 2027 1791 idolo-

2127 551 2409 621 συντριὸἧς
2432 549 2726 614 ἀξιοῦνται.
2761 549 2877 601 Εἰσὶ
2914 548 3021 618 γάρ
3050 565 3191 609 τινες
3214 548 3388 617 κέδροι
3417 546 3511 599 τοῦ
3536 546 3695 611 Θεοῦ,

2122 641 2187 704 ἃς
2220 644 2274 694 αί
2310 641 2686 712 ἀναδενδράδες
2720 641 2817 709 τῆς
2856 642 2948 693 ἀπ’
2992 640 3266 707 Αἰγύπτου
3316 637 3699 709 μετατεθείσης

2124 736 2368 807 ἀμπέλου
2422 736 2804 795 καλύπτουσιν,
2848 733 2923 795 ὡς
2968 734 3025 785 ἐν
3071 732 3317 802 Ψαλμοῖς
3376 729 3698 801 μεμαθήκα-

2128 844 2259 897 μεν·
2311 825 2648 894 Ἐκάλυψεν
2686 824 2791 892 ὄρη
2823 825 2860 891 ἡ
2901 822 3046 877 σκιὰ
3097 820 3304 889 αὐτῆς,
3338 822 3435 874 καὶ
3464 824 3522 873 αἱ
3550 822 3699 874 ἀνα-

2125 917 2443 986 δενδράδες
2500 916 2688 985 αὐτῆς
2730 918 2836 979 τὰς
2874 915 3119 983 κέδρους
3168 913 3274 968 τοῦ
3332 914 3501 967 Θεοῦ.
3547 914 3705 966 Ἐπεὶ

2131 1007 2229 1065 οὖν
2280 1011 2416 1081 μετά
2477 1009 2582 1062 τῶν
2649 1010 2821 1063 ἄλλων
2866 1007 2974 1060 τῶν
3019 1007 3145 1078 περὶ
3200 1006 3436 1078 Χριστοῦ
3486 1008 3709 1059 ὲννοιιῖιν

2126 1105 2218 1158 καὶ
2265 1101 2502 1173 ἄμπελος
2557 1104 2585 1154 ὁ
2625 1100 2827 1171 Κύριος
2868 1100 3023 1171 ἡμῶν
3076 1100 3324 1168 λέγεται’
3399 1099 3538 1167 Ἐγὼ
3592 1098 3709 1167 γάρ

2122 1199 2258 1265 εἰμι,
2315 1195 2496 1264 φησὶν,
2548 1195 2587 1259 ἡ
2644 1192 2930 1262 ἄμπελος,
2988 1192 3157 1260 ὑμεῖς
3205 1192 3278 1263 (5)
3325 1192 3395 1245 τὰ
3473 1192 3709 1260 κλήμα-

2126 1304 2229 1339 τα’
2264 1286 2441 1356 κέδροι
2480 1285 2585 1337 εἰσὶ
2615 1285 2709 1336 τοῦ
2740 1282 2873 1336 Θεοῦ
2914 1284 2965 1335 οἱ
3020 1284 3154 1346 τέως
3193 1283 3558 1353 μὲν-ἄκαρποι
3607 1284 3708 1334 καὶ

2125 1377 2261 1447 πρὸς
2309 1375 2502 1429 καῦσιν
2544 1375 2858 1445 ἐπιτήδειοι,
2906 1374 3224 1437 ὑπελθόντες
3258 1374 3313 1426 δὲ
3354 1373 3448 1443 τὴν
3494 1374 3707 1443 σκέπην

2124 1468 2219 1521 τοῦ
2260 1469 2518 1540 Χριστοῦ,
2548 1468 2642 1520 καὶ¹
2670 1468 2830 1520 οἱονεὶ
2878 1467 3223 1537 ἐνδυσάμενοι
3267 1466 3448 1527 αὐτὸν,
3505 1468 3567 1518 ὲκ
3605 1467 3710 1535 τῆς

2128 1561 2256 1632 παρ’
2293 1560 2456 1613 αὑτοῦ
2507 1561 2725 1631 χάριτος
2772 1559 2832 1612 τὸ
2877 1559 3125 1629 ἄκαρπον
3168 1559 3266 1627 τῆς
3305 1558 3511 1611 ἑαυτῶν
3550 1557 3703 1627 ζωῆς

2129 1653 2586 1721 συγκαλύπτουσι.
2634 1652 2744 1715 Τὰς
2777 1653 2874 1722 μὲν
2907 1647 2998 1704 οῦν
3041 1652 3262 1721 κέδρους
3290 1650 3381 1703 τοῦ
3410 1649 3542 1702 Θεοῦ
3572 1653 3711 1703 ἀνα-

2127 1741 2403 1813 δενδράδες
2433 1739 2697 1811 εὔκαρποι
2742 1740 3159 1810 περιπλακεῖσαι
3205 1739 3531 1808 φυλάττουσι
3556 1756 3568 1768 ·
3602 1741 3706 1803 τὰς

457 1843 612 1897 latria
666 1838 1016 1898 ellinxerunt,
1064 1847 1332 1903 quemque
1380 1832 1769 1886 comminutum
1808 1828 2022 1899 Moyses

2132 1834 2179 1886 δὲ
2205 1834 2429 1903 κέδρους
2463 1832 2554 1885 τοῦ
2594 1832 2825 1885 Λιϐάνου
2862 1830 3131 1901 συντρίϐει
3158 1831 3185 1881 ὁ
3214 1830 3432 1897 Κύριος.
3464 1829 3570 1881 Καὶ
3603 1834 3708 1882 λεδ

456 1936 604 1988 dedit
628 1930 825 2003 papulo
868 1929 1182 1998 potandum.
1218 1926 1405 1995 itaque
1447 1934 1614 1978 totum
1657 1922 1917 1977 Libanum
1972 1932 2027 1976 et

455 2023 901 2081 consuetudinem
931 2017 1247 2075 idololatria:
1274 2018 1326 2072 in
1360 2030 1423 2069 eo
1458 2015 1872 2070 invalescentem
1906 2030 2027 2083 per-

456 2118 583 2172 inde
622 2125 681 2169 ut
734 2113 881 2168 illum
940 2112 1166 2166 vitulum
1211 2106 1613 2163 exterminabit.
1684 2105 1752 2159 Et
1805 2104 2025 2158 dilectus

455 2212 590 2261 sicut
624 2207 769 2275 ﬁlius
802 2206 1154 2259 unicornium.
1173 2201 1489 2270 Unigenitus
1510 2198 1701 2264 Filius,
1722 2197 1810 2265 qui
1831 2198 2028 2251 mundo

457 2302 551 2353 dat
580 2299 829 2362 vitam",
864 2312 987 2352 cum
1023 2295 1253 2350 hostiam
1293 2302 1348 2347 et
1393 2292 1722 2347 oblationem
1774 2304 1872 2359 pro
1900 2302 2026 2358 pec-

458 2390 593 2446 catis
621 2388 819 2444 nostris
842 2387 1077 2457 seipsum
1106 2386 1215 2441 Deo
1238 2383 1481 2449 oﬁ'ert”,
1520 2393 1575 2437 et
1618 2382 1709 2437 Dei
1740 2396 1928 2452 agnus,
1976 2387 2030 2433 et

456 2485 575 2536 ovis
617 2480 945 2535 nominatur.
995 2476 1131 2532 Ecce
1189 2479 1350 2544 enim,
1398 2475 1595 2545 inquit,
1638 2488 1803 2544 agnus
1846 2470 2023 2525 Dei“.

465 2570 530 2624 Et
555 2584 763 2633 rursus,
792 2566 1064 2636 Tanquam
1095 2568 1202 2621 ovis
1229 2567 1296 2619 ad
1321 2566 1631 2619 occisionem
1657 2564 1843 2617 ductus
1868 2574 1939 2616 est
1957 2563 2024 2614 ⁸³.

456 2658 590 2714 Cum
628 2670 757 2712 vero
784 2663 1117 2725 potentatum
1150 2672 1319 2726 genus
1348 2655 1626 2710 hominum
1669 2653 2024 2718 adorientem,

459 2749 608 2805 illam
635 2743 1178 2801 videlicetell'eratam
1213 2756 1267 2801 et
1290 2755 1661 2816 exasperatam
1697 2754 2021 2815 potestatem

457 2839 645 2895 ulcisci
688 2849 743 2893 et
781 2848 1025 2892 evertere
1076 2848 1305 2908 oportet.
1337 2848 1449 2892 tum
1498 2838 1638 2892 filius
1683 2837 2023 2891 unicornium

458 2930 789 3003 appellatur.
831 2927 1117 2984 Unicornis
1164 2932 1331 2993 enim,
1378 2939 1437 2985 ut
1478 2931 1529 2984 in
1573 2929 1674 2984 Job
1722 2930 2026 2995 didicimus,

458 3034 544 3078 est
584 3022 785 3076 animal
834 3021 1182 3090 insuperabili
1232 3022 1433 3076 virtute
1483 3020 1801 3089 praeditum,
1858 3020 2029 3073 homi-

462 3114 620 3168 nibus
661 3112 803 3167 haud
846 3110 1164 3181 subjectum.
1196 3111 1318 3166 Non
1363 3111 1502 3165 enim
1531 3149 1548 3174 ,
1594 3110 1810 3177 inquit,
1860 3111 2027 3177 ipsum

2128 1924 2341 1977 πτυνεῖ
2364 1923 2548 1988 αὐτὰς
2571 1923 2651 1987 ὠς
2695 1922 2800 1975 τὸν
2835 1924 3071 1990 μόσχον
3096 1921 3202 1973 τὸν
3236 1922 3511 1973 Λίϐανον.
3548 1921 3709 1990 Μνή-

2129 2016 2283 2085 σθητι
2312 2014 2403 2067 τοῦ
2431 2014 2631 2086 μόσχου
2666 2011 2757 2066 τοῦ
2795 2013 2851 2064 ὲν
2890 2015 2956 2083 τῇ
2992 2012 3204 2081 Ἐξὸδῳ,
3236 2011 3294 2064 ὃν
3324 2011 3462 2063 κατὰ
3500 2010 3598 2083 τὴν
3626 2014 3705 2063 εί-

2125 2096 2507 2175 δωλολατρείαν
2541 2104 2870 2168 ἀνέπλασαν,
2912 2104 2969 2157 ὃν
3016 2104 3270 2156 ἐλέπτυνε
3324 2103 3561 2172 Μωῦσῆς
3608 2103 3709 2155 καὶ

2126 2201 2341 2254 ὲπότισε
2376 2200 2464 2253 τὸν
2511 2200 2657 2254 λαόν.
2702 2199 2919 2268 Ἐκείνῳ
2970 2198 3147 2250 τοίνυν
3194 2198 3269 2269 τῷ
3302 2185 3483 2267 μόσχῳ
3517 2214 3707 2269 παρα-

2140 2292 2379 2363 πλησίως
2419 2292 2535 2345 ὅλον
2568 2291 2659 2343 τὸν
2693 2291 2921 2343 Λίϐανον
2963 2290 3057 2342 καὶ
3084 2288 3179 2360 τὴν
3213 2290 3269 2341 ὲν
3298 2288 3444 2358 αὑτῴ
3473 2289 3707 2359 κρατοῦ⁹

2134 2403 2232 2437 σαν
2264 2384 2547 2455 συνήθειαν
2573 2383 2669 2453 τῆς
2693 2382 3129 2453 εἰδωλολατρείας
3151 2381 3481 2451 ἐξαφανίσει.
3513 2382 3625 2434 Καὶ
3672 2386 3705 2434 ό

2128 2475 2507 2545 viras-mperat;
2552 2475 2631 2538 ὼς
2668 2474 2797 2540 υἱὸς
2829 2472 3268 2542 μονοκερὼτων.
3308 2474 3364 2525 '0
3410 2474 3707 2544 μονογενὴς

2129 2566 2276 2630 Υἱὸς,
2326 2565 2354 2616 ὁ
2414 2564 2590 2628 διδους
2644 2563 2787 2634 ζωὴν
2828 2561 2905 2633 τῷ
2948 2564 3156 2633 κόσμῳ,
3206 2563 3333 2616 ὅταν
3392 2563 3488 2633 μὲν
3533 2579 3705 2633 προσ-

2128 2657 2267 2729 φέρῃ
2306 2655 2492 2709 Θυσίαν
2536 2655 2629 2708 καὶ⁴
2674 2651 2985 2724 προσφορὰν
3038 2653 3222 2706 ἑαυτὸν
3272 2651 3347 2722 τῷ
3391 2652 3510 2722 Θεῴ
3560 2653 3703 2721 ὑπὲρ

2138 2749 2248 2801 τῶν
2315 2747 2597 2819 ἁμαρτιῶν
2648 2745 2823 2817 ἡμῶν,
2875 2747 2967 2799 καὶ
3023 2745 3189 2815 ἀμνὸς
3248 2745 3578 2815 ὀνομάζεται,
3608 2746 3703 2798 τοῦ

2131 2841 2267 2893 Θεοῦ
2328 2842 2421 2893 καὶ
2470 2840 2757 2910 πρόϐατον.
2820 2839 2941 2893 Ἴδε
2997 2839 3126 2909 γὰρ,
3190 2840 3373 2909 φησιν,
3430 2842 3461 2892 ό
3516 2839 3709 2907 ἀμνὸς

2127 2933 2232 2986 τοῦ
2305 2932 2450 2985 Θεοῦ
2495 2932 2605 3002 (6)·
2676 2932 2769 2984 καὶ
2840 2930 3035 2984 πάλιν·
3112 2930 3203 2996 Ὠς
3252 2932 3547 2997 πρόϐατον
3605 2931 3705 2982 ἐπὶ

2129 3022 2379 3093 σφαγὴν
2418 3023 2594 3092 ἤχθη.
2646 3024 2810 3074 Ὅταν
2843 3021 2898 3074 δὲ
2938 3020 3243 3091 ἀμύνασθαι
3288 3020 3381 3092 δέῃ
3434 3021 3530 3074 καὶ⁸
3568 3021 3704 3074 καθ-

2131 3116 2270 3169 ελεῖν
2293 3115 2389 3187 τὴν
2434 3114 2749 3167 δυναστείαν
2782 3114 2879 3184 τὴν
2928 3113 3294 3183 ὲπιφυομένην
3330 3112 3405 3183 τῷ
3428 3112 3571 3180 γένει
3599 3113 3708 3165 τῶν

461 3208 575 3259 loro
600 3206 865 3275 alligabit,
900 3220 1060 3275 neque
1085 3203 1309 3258 dormiet
1343 3206 1396 3255 in
1424 3204 1647 3272 prwsepi
1671 3202 1736 3253 ⁸³.
1772 3201 1839 3255 Ει
1867 3200 2028 3255 multa

2136 3186 2458 3281 ἀνθρώπων,
2485 3207 2951 3277 ἐκτεθηριωμένην
2994 3206 3112 3258 τινὰ
3146 3207 3235 3258 καὶ
3277 3205 3707 3275 ἀπηγριωμένην

461 3298 517 3351 in
539 3300 637 3352 hac
666 3296 958 3366 prophetia:
984 3305 1136 3365 parte
1163 3296 1304 3351 dicta
1341 3304 1490 3359 sunt,
1517 3309 1583 3348 ex
1603 3293 1799 3363 quibus
1823 3302 2038 3349 constat

458 3390 659 3444 animal
680 3387 810 3443 illud
840 3387 1106 3443 libertatis
1123 3402 1314 3443 amans
1332 3401 1470 3451 esse,
1498 3401 1670 3456 neque
1690 3385 1909 3455 obsequi
1944 3384 2037 3439 lto-

465 3481 717 3536 minibus.
771 3479 1130 3536 Observatum
1186 3488 1270 3534 est
1326 3487 1526 3544 autem,
1580 3477 1915 3547 Scripturam
1984 3477 2036 3531 in

463 3576 747 3637 utramque
786 3578 990 3639 partem
1036 3566 1389 3622 similitudine
1425 3565 1701 3621 unicornis
1736 3568 1834 3631 uti,
1882 3567 2039 3621 modo

465 3674 584 3712 cum
605 3658 782 3723 laude,
812 3660 969 3715 modo
1003 3675 1123 3715 cum
1153 3658 1569 3730 vituperatione.
1602 3656 1742 3713 Erue
1767 3661 1926 3723 enim,
1957 3660 2037 3712 in-

464 3752 600 3816 quit,
653 3767 684 3802 a
718 3751 921 3818 {ramea
954 3748 1185 3802 animam
1214 3764 1405 3811 meam,
1428 3757 1476 3801 et
1514 3764 1547 3800 a
1569 3748 1807 3801 cornibus
1830 3750 2041 3800 unicor-

468 3843 610 3895 nium
639 3842 990 3895 humilitatem
1012 3856 1181 3895 meam
1198 3839 1264 3892 ⁸⁸.
1288 3839 1428 3895 Dicit
1456 3840 1590 3905 haec,
1612 3839 1929 3894 insimulans
1945 3840 2039 3893 de-

465 3933 634 3986 ditum
664 3934 799 3989 bello
826 3934 1100 4003 populum,
1126 3943 1367 4003 tempore
1403 3933 1671 4002 passionis
1698 3933 1751 3986 in
1779 3947 1835 3987 se
1864 3934 2039 3987 insur-

468 4035 701 4095 gentem.
732 4026 936 4081 Rursus
961 4039 1090 4081 vero
1112 4044 1125 4080 :
1150 4023 1509 4093 Exaltabitur,
1544 4025 1739 4095 inquit,
1770 4026 1905 4078 sicut
1931 4025 2042 4078 uni-

467 4116 663 4183 cornis,
687 4133 849 4170 cornu
877 4117 1118 4172 meum”.
1145 4118 1373 4172 Videtur
1396 4118 1556 4187 igitur
1573 4126 1791 4187 propter
1820 4117 2038 4171 insitum

470 4209 688 4263 animali
711 4210 948 4265 studium
968 4209 1288 4276 ulciscendi,
1320 4224 1463 4280 saepe
1484 4209 1536 4263 in
1562 4198 1759 4263 malam
1786 4209 2037 4264 similitu-

2136 3301 2385 3372 δύναμιν,
2442 3300 2564 3352 τότε
2605 3299 2718 3361 υἱὸς
2770 3298 3149 3369 μονοκερώτων
3183 3296 3523 3367 ὀνομάζεται.
3561 3298 3707 3351 Ζῶον

2137 3393 2265 3463 γὰρ,
2303 3392 2377 3455 ὼς
2417 3392 2473 3443 ὲν
2502 3390 2579 3461 τῷ
2621 3390 2739 3443 Ἰὼϐ
2775 3389 3189 3461 μεμαθήκαμεν,
3230 3392 3258 3442 ὁ
3298 3387 3600 3459 μονόκερώς
3630 3389 3707 3458 (7)

2138 3482 2282 3534 ἐστιν
2314 3482 2524 3551 ἄμαχον
2554 3481 2650 3550 τὴν
2690 3480 2937 3549 δύναμιν,
2966 3479 3329 3533 ἀνυπότακτον
3356 3480 3467 3540 τοῖς
3501 3478 3707 3549 ἀνο

2139 3589 2279 3635 ποις.
2314 3574 2395 3624 Οὐ
2450 3572 2560 3640 γὰρ
2602 3570 2812 3639 δήσεις
2842 3570 3047 3634 αὐτὸν,
3083 3570 3264 3639 φησιν,
3307 3570 3520 3638 ἱμάντι,
3565 3570 3707 3623 οὐδὲ

2138 3663 2561 3733 κοιμηοήσεται
2616 3663 2712 3715 ἐπὶ
2771 3664 3020 3732 φάτνης.
3077 3663 3185 3713 Καὶ
3233 3661 3400 3715 πολλά
3458 3663 3707 3732 περὶτοῦ

2138 3754 2530 3828 ἐλευθεριάζειν
2560 3756 2620 3809 τὸ
2674 3755 2808 3819 ζῶον
2838 3755 2931 3808 καὶ
2958 3755 3032 3825 μὴ
3063 3754 3308 3807 ὑπείκειν
3358 3756 3468 3817 τοῖς
3500 3753 3705 3824 ἀνθρώ-

2138 3865 2260 3910 ποις
2293 3850 2350 3901 ὲν
2398 3848 2589 3917 ἐκείνῳ
2618 3846 2694 3918 τῷ
2744 3846 2897 3919 μέρει
2948 3847 3045 3917 τῆς
3103 3845 3435 3917 προφητείας
3469 3845 3703 3916 εἴρηται.

2139 3940 2248 3992 Καὶ
2293 3940 2754 4011 παρατετήρηται,
2791 3940 2871 3992 ὅτι
2904 3938 2989 3990 ἐπ’
3025 3939 3309 4010 ἀμφότερα
3350 3938 3608 4008 κέχρηται
3637 3941 3703 4011 τῇ

2140 4032 2305 4085 εἰκόνι
2338 4032 2430 4085 τοῦ
2473 4031 2841 4103 μονοκέρωτος
2874 4032 2906 4101 ἡ
2947 4030 3134 4101 Γραφή
3156 4046 3168 4060 ο
3199 4030 3328 4083 ποτὲ
3364 4031 3459 4100 μὲν
3493 4030 3707 4082 ἐπαινε-

2137 4123 2265 4185 τῶς,
2296 4121 2481 4175 ἄλλοτε
2515 4122 2571 4174 δὲ
2606 4120 3058 4190 διαϐεϐλημένως.
3108 4118 3316 4172 Ῥὗο-αι
3354 4117 3481 4187 γὰρ,
3520 4120 3703 4187 φησιν,

2138 4216 2205 4269 ἐκ
2247 4216 2546 4284 ῥομφαίας
2579 4214 2692 4281 τὴν
2724 4212 2933 4282 ψυχήν
2952 4230 3091 4281 μου,
3133 4211 3228 4265 καὶ
3287 4211 3403 4265 ἀπὸ
3448 4210 3705 4279 κεράτων

470 4302 650 4356 dinem
683 4302 891 4372 accipi;
923 4311 1137 4368 contra,
1170 4310 1394 4372 propter
1428 4316 1593 4356 cornu
1624 4301 1959 4355 altitudinem
1987 4311 2028 4355 et

2133 4308 2553 4378 μονοκερώτων
2592 4306 2705 4373 τὴν
2744 4305 3108 4359 ταπεινωσίν
3152 4321 3288 4373 μου.
3329 4303 3430 4356 Τὸν
3489 4303 3707 4373 πολεμο-

473 4393 796 4461 libertatem,
845 4395 899 4450 in
950 4395 1145 4450 bonam
1185 4392 1593 4449 similitudinem
1633 4392 1845 4448 abduci.
1880 4392 1948 4447 Et
1987 4394 2039 4446 in

2141 4400 2289 4454 ποιὸν
2320 4399 2445 4452 λαὸν
2477 4399 2773 4453 διαϐάλλων
2824 4396 2997 4450 ταῦτά
3030 4415 3160 4467 φησι
3216 4396 3363 4467 παρὰ
3394 4396 3483 4448 τὸν
3522 4396 3706 4465 καιρὸν

472 4502 712 4553 summa,
750 4488 1006 4557 quoniam
1060 4486 1304 4542 invenire
1344 4494 1428 4542 est
1480 4501 1648 4542 cornu
1696 4500 1725 4539 a
1760 4485 2028 4555 Scriptura

2139 4491 2232 4544 τοῦ
2263 4490 2465 4554 πάθους
2498 4490 2875 4544 ἐπαναστάντα
2908 4487 3055 4557 αὐτῷ
3084 4489 3180 4558 (8).
3212 4488 3375 4541 Πάλιν
3409 4487 3486 4551 δὲ,
3531 4488 3709 4555 ἠε-ω-

471 4591 613 4647 smpe
640 4594 741 4648 pro
770 4579 942 4651 gloria
972 4588 1288 4649 usurpatum
1318 4621 1331 4633 .
1362 4576 1508 4634 verbi
1543 4578 1737 4649 gratia,
1764 4576 2036 4630 Exaltabit

544 4762 590 4794 ’⁷⁵
624 4761 761 4817 Psal.
792 4776 975 4824 Lxxtx,
1008 4761 1060 4816 9.

470 4830 515 4872 ⁸⁸
544 4832 699 4887 Joau.
732 4847 750 4885 1
800 4832 888 4886 29.
965 4832 1009 4863 "
1036 4834 1155 4886 Act.
1192 4847 1285 4885 vui
1334 4832 1404 4886 52
1428 4847 1441 4859 ·
1493 4832 1598 4887 lsa.
1627 4846 1721 4884 Llll
1785 4827 1835 4885 7.

543 5009 618 5081 (4)
655 5008 832 5063 Editio
856 5007 1029 5081 Paris.
1052 5006 1286 5081 Λιϐάνου
1304 5007 1484 5081 κέδροι
1505 5004 1878 5081 ὀνομάζονται.
1912 5008 2023 5061 Vox

472 5078 653 5152 κέδροι
676 5080 910 5152 deest_in
935 5080 1156 5152 __nos_tris
1184 5078 1429 5152 undecim
1447 5093 1574 5132 mss.
1606 5078 1830 5152 perinde
1864 5087 2023 5145 atque

474 5155 527 5206 in
561 5148 798 5204 editione
823 5148 990 5203 Basil.
1025 5148 1091 5202 Et
1120 5163 1247 5201 vero
1281 5149 1406 5216 quid
1465 5163 1683 5204 necesse
1715 5149 1785 5200 sit
1826 5162 2014 5200 vocem

473 5222 653 5292 κέδροι
680 5220 767 5274 hic
791 5218 1006 5292 apponi,
1042 5234 1145 5272 non
1184 5218 1358 5292 video.
1393 5216 1546 5292 Nam“
1574 5233 1640 5272 ex
1672 5232 1731 5271 se
1777 5218 1909 5292 satis
1945 5217 2027 5269 in-

477 5288 756 5362 telligitur,
798 5288 1033 5344 a'c'nullo
1081 5288 1298 5362 negotio
1327 5304 1356 5341 a
1387 5288 2022 5362 quolibet_suppleri_po-

477 5356 618 5444 test;
635 5361 921 5431 Aliquanto
947 5368 1069 5429 post
1106 5357 1239 5428 Reg.
1296 5360 1563 5413 secundus
1609 5356 1847 5428 Χριστοῦ
1900 5359 2025 5409 ὲπι-

475 5449 652 5487 νοιων.

548 5503 627 5573 (5_)
654 5500 746 5573 Sic
776 5498 941 5573 editio
984 5496 1160 5573 Rasil.
1181 5511 1305 5573 cum
1336 5496 1636 5573 plerisque
1658 5512 1792 5553 mss.
1826 5497 2038 5573 Atedi—

478 5566 567 5626 tio‘
582 5571 754 5626 Paris.
789 5570 947 5640 ὑμεῖς
982 5568 1057 5640 δέ.
1114 5566 1314 5640 Mogin
1342 5566 1668 5640 Colbertinis
1708 5569 1944 5640 secundo
1980 5578 2038 5622 et

477 5651 672 5713 quarto
702 5637 1189 5713 legit‘it‘rﬂeou‘prq
1216 5637 1471 5713 Χριστοῦ.
1518 5637 1713 5693 Ibidem
1766 5639 1894 5709 Reg.
1948 5654 2035 5693 se-

478 5708 685 5781 cundus
713 5708 1033 5781 ὑπελθόντες
1055 5708 1111 5761 δὲ
1129 5709 1193 5781 τῇ
1218 5708 1415 5781 σκέπῃ,

552 5780 628 5851 (6)
654 5780 801 5836 Colb.
830 5780 1099 5837 secundus
1140 5777 1307 5849 ἀμνὸς
1342 5777 1435 5833 τοῦ
1479 5777 1610 5832 Θεοῦ
1658 5781 1685 5833 ό
1730 5780 1897 5852 αἴρων
1935 5779 2033 5851 τὴν

1152 4762 1197 4792 ⁷⁸
1231 4761 1361 4816 ibid.
1399 4762 1483 4814 ll.
1558 4761 1603 4792 ⁷⁷
1626 4757 1782 4814 Joan.
1824 4777 1913 4825 ῐν,
1961 4763 2012 4816 5.
2089 4765 2132 4795 ⁷⁸
2155 4765 2321 4819 Exod.
2370 4783 2540 4826 χχχιι.
2574 4765 2627 4819 4.

2145 4583 2411 4651 θήσεται,
2462 4582 2645 4653 φησιν,
2685 4582 2765 4644 ὡς
2808 4579 3215 4650 μονοκέρωτος
3247 4578 3313 4631 τὸ
3348 4580 3521 4647 κέρας
3566 4595 3705 4647 μου.

2738 4766 2781 4797 ⁷³
2804 4763 2960 4817 Joan.
2994 4779 3070 4827 vt,
3101 4763 3191 4816 '55.
3264 4763 3310 4794 ⁸ο
3336 4762 3533 4831 Ephes.
3559 4779 3610 4828 ν,
3651 4766 3707 4819 2.

1932 4832 1976 4864 ⁸³
2000 4830 2099 4887 Job
2152 4852 2339 4902 χχχιχ,
2374 4837 2458 4891 10.
2533 4837 2579 4869 ⁸⁸
2606 4835 2745 4890 Psal.
2802 4850 2914 4902 xxi,
2941 4834 3029 4887 Ἡ.
3104 4834 3148 4864 ⁸⁸
3180 4832 3317 4887 Psal.
3374 4830 3481 4898 iet,
3513 4834 3599 4887 ll.

2131 5012 2407 5085 ἁμαρτίαν
2451 5014 2545 5067 τοῦ
2590 5015 2817 5085 κόσμου.
2877 5013 3028 5067 Haud
3077 5013 3146 5067 ila
3198 5012 3357 5085 longe
3423 5014 3527 5067 duo
3578 5029 3709 5071 mss.

2131 5083 2242 5147 υίὸς
2274 5086 2467 5153 μονοκέ
2477 5102 2664 5154 ρωτος.

2161 5224 2171 5235 _
2203 5152 2561 5237 Hiscripmr
2584 5172 2687 5237 non
2714 5154 3150 5237 ipsaﬁcrjplturte
3173 5152 3341 5237 verba
3368 5153 3555 5208 retulit
3586 5171 3614 5237 ξ
3649 5170 3712 5209 ea

2129 5224 2172 5277 si
2204 5222 2476 5306 quispiam
2515 5225 2698 5279 videre
2732 5222 2898 5293 cupit,
2935 5222 3134 5304 Jobum.
3172 5222 3314 5292 legat
3360 5238 3548 5286 χχχιι,
3585 5225 3617 5278 9
3655 5236 3712 5278 ει

2130 5293 2216 5349 l0.
2251 5296 2441 5363 Aquila
2465 5309 2561 5362 pro
2596 5295 2903 5363 μονόκερως
2942 5303 3162 5360 scripsn
3206 5292 3523 5363 ῥινόκερως.
3558 5294 3712 5348 Unde

2130 5296 2216 5349 l0.
2251 5296 2441 5364 Aquila
2465 5309 2561 5362 pro
2596 5296 2903 5367 μονόκερως
2942 5296 3162 5360 scripsit
3206 5296 3523 5363 ῥινόκερως.
3558 5296 3710 5348 Unde

2142 5363 2388 5431 Vulgata,
2448 5364 2708 5433 Nunquid
2749 5366 2875 5418 rolet
2917 5364 3218 5417 rltinoceros
3265 5368 3457 5415 servire
3503 5365 3597 5416 tibi
3616 5366 3710 5417 .9...

2147 5434 2399 5504 Nunquid
2432 5434 2673 5504 alligabit
2702 5436 3079 5489 rhinocerota?
3116 5434 3307 5504 Aliqua
3342 5434 3444 5488 hoc
3475 5433 3594 5487 loco
3630 5449 3714 5486 re-

2144 5503 2383 5559 dund’are
2426 5506 2476 5558 in
2502 5503 2736 5560 editione
2789 5505 2991 5559 Veneta
3020 5512 3202 5558 monet
3235 5503 3322 5556 vir
3364 5504 3711 5561 doctissimus

2144 5576 2476 5714 υηῶῗῗῦέε.
2502 5642 2613 5714 Hoc
2642 5652 2743 5710 est,
2774 5644 2826 5697 in
2859 5642 3139 5698 Christum
3169 5641 3477 5711 Dominum,
3503 5642 3571 5699 de
3606 5657 3713 5712 quo

2148 5725 2290 5771 totus
2317 5714 2402 5769 ille
2430 5713 2671 5784 psalmus
2701 5714 3080 5786 intelligendus
3113 5722 3215 5770 est.
