  <div class='ocr_page' id='page_1' title='image "/cluster/home/n/w/nwhite01/storage/ocr_20150623/29/hvd.32044011320256/582.png"; bbox 0 0 4008 6402; ppageno 0'>
   <div class='ocr_carea' id='block_1_1' title="bbox 308 404 415 459">
    <p class='ocr_par' dir='ltr' id='par_1_1' title="bbox 308 404 415 459">
     <span class='ocr_line' id='line_1_1' title="bbox 308 404 415 459; baseline -0.009 0"><span class='ocrx_word' id='word_1_1' title='bbox 308 404 415 459; x_wconf 78' lang='lat'><strong>9.97</strong></span> 
     </span>
    </p>
   </div>
   <div class='ocr_carea' id='block_1_2' title="bbox 1404 404 2419 461">
    <p class='ocr_par' dir='ltr' id='par_1_2' title="bbox 1404 404 2419 461">
     <span class='ocr_line' id='line_1_2' title="bbox 1404 404 2419 461; baseline 0.002 -2"><span class='ocrx_word' id='word_1_2' title='bbox 1404 404 1685 461; x_wconf 79' lang='lat' dir='ltr'><strong>IIOMILIA</strong></span> <span class='ocrx_word' id='word_1_3' title='bbox 1722 404 1785 459; x_wconf 87' lang='lat' dir='ltr'><strong>IN</strong></span> <span class='ocrx_word' id='word_1_4' title='bbox 1829 406 2156 461; x_wconf 79' lang='lat' dir='ltr'><strong>PSALMUM</strong></span> <span class='ocrx_word' id='word_1_5' title='bbox 2191 405 2419 461; x_wconf 71' lang='lat' dir='ltr'><strong>XXVIII.</strong></span> 
     </span>
    </p>
   </div>
   <div class='ocr_carea' id='block_1_3' title="bbox 3439 405 3545 459">
    <p class='ocr_par' dir='ltr' id='par_1_3' title="bbox 3439 405 3545 459">
     <span class='ocr_line' id='line_1_3' title="bbox 3439 405 3545 459; baseline 0 0"><span class='ocrx_word' id='word_1_6' title='bbox 3439 405 3545 459; x_wconf 72' lang='lat' dir='ltr'><strong>29S</strong></span> 
     </span>
    </p>
   </div>
   <div class='ocr_carea' id='block_1_4' title="bbox 317 513 1896 594">
    <p class='ocr_par' dir='ltr' id='par_1_4' title="bbox 317 513 1876 594">
     <span class='ocr_line' id='line_1_4' title="bbox 317 513 1876 594; baseline 0.001 -21"><span class='ocrx_word' id='word_1_7' title='bbox 317 523 530 574; x_wconf 78' lang='grc' dir='ltr'><strong>Ἔοικεν</strong></span> <span class='ocrx_word' id='word_1_8' title='bbox 558 513 649 573; x_wconf 85' lang='grc' dir='ltr'><strong>οῦν</strong></span> <span class='ocrx_word' id='word_1_9' title='bbox 683 520 769 573; x_wconf 77' lang='grc' dir='ltr'>διὰ</span> <span class='ocrx_word' id='word_1_10' title='bbox 805 521 901 591; x_wconf 76' lang='grc' dir='ltr'><strong>μὲν</strong></span> <span class='ocrx_word' id='word_1_11' title='bbox 931 521 989 573; x_wconf 81' lang='grc' dir='ltr'><strong>τὸ</strong></span> <span class='ocrx_word' id='word_1_12' title='bbox 1018 521 1309 590; x_wconf 73' lang='grc' dir='ltr'><strong>ἀμυντικὸν</strong></span> <span class='ocrx_word' id='word_1_13' title='bbox 1341 521 1433 573; x_wconf 80' lang='grc' dir='ltr'><strong>τοῦ</strong></span> <span class='ocrx_word' id='word_1_14' title='bbox 1484 521 1623 585; x_wconf 80' lang='grc' dir='ltr'>ζώου</span> <span class='ocrx_word' id='word_1_15' title='bbox 1656 524 1746 575; x_wconf 74' lang='grc' dir='ltr'><strong>ἐπὶ</strong></span> <span class='ocrx_word' id='word_1_16' title='bbox 1779 524 1876 594; x_wconf 82' lang='grc' dir='ltr'>τὴν</span> 
     </span>
    </p>
   </div>
   <div class='ocr_carea' id='block_1_5' title="bbox 2001 513 3548 594">
    <p class='ocr_par' dir='ltr' id='par_1_5' title="bbox 2001 519 3548 590">
     <span class='ocr_line' id='line_1_5' title="bbox 2001 519 3548 590; baseline 0 -15"><span class='ocrx_word' id='word_1_17' title='bbox 2001 542 2141 576; x_wconf 76' lang='grc' dir='ltr'>ὐνηιι</span> <span class='ocrx_word' id='word_1_18' title='bbox 2177 523 2355 590; x_wconf 81' lang='lat' dir='ltr'><strong>populi</strong></span> <span class='ocrx_word' id='word_1_19' title='bbox 2393 521 2578 586; x_wconf 75' lang='lat' dir='ltr'><strong>sui“;</strong></span> <span class='ocrx_word' id='word_1_20' title='bbox 2622 529 2698 584; x_wconf 90' lang='grc' dir='ltr'><strong>ει,</strong></span> <span class='ocrx_word' id='word_1_21' title='bbox 2755 519 2930 575; x_wconf 82' lang='lat' dir='ltr'><strong>Cornu</strong></span> <span class='ocrx_word' id='word_1_22' title='bbox 2970 521 3083 590; x_wconf 77' lang='lat' dir='ltr'><strong>ejus</strong></span> <span class='ocrx_word' id='word_1_23' title='bbox 3131 520 3447 575; x_wconf 74' lang='lat' dir='ltr'><strong>exaltabitur</strong></span> <span class='ocrx_word' id='word_1_24' title='bbox 3492 524 3548 575; x_wconf 86' lang='lat' dir='ltr'><strong>in</strong></span> 
     </span>
    </p>
   </div>
   <div class='ocr_carea' id='block_1_6' title="bbox 314 614 1883 687">
    <p class='ocr_par' dir='ltr' id='par_1_6' title="bbox 314 614 1883 687">
     <span class='ocr_line' id='line_1_6' title="bbox 314 614 1883 687; baseline 0.001 -21"><span class='ocrx_word' id='word_1_25' title='bbox 314 615 419 667; x_wconf 80' lang='grc' dir='ltr'>τῶν</span> <span class='ocrx_word' id='word_1_26' title='bbox 457 616 711 683; x_wconf 83' lang='grc' dir='ltr'><strong>χειρόνων</strong></span> <span class='ocrx_word' id='word_1_27' title='bbox 766 616 1011 667; x_wconf 77' lang='grc' dir='ltr'>εἰκασίαν</span> <span class='ocrx_word' id='word_1_28' title='bbox 1056 616 1129 684; x_wconf 75' lang='lat'><strong>(9)</strong></span> <span class='ocrx_word' id='word_1_29' title='bbox 1159 614 1415 678; x_wconf 79' lang='grc' dir='ltr'><strong>πολλάκις</strong></span> <span class='ocrx_word' id='word_1_30' title='bbox 1465 615 1883 687; x_wconf 89' lang='grc' dir='ltr'>παραλαμϐάνε-</span> 
     </span>
    </p>
   </div>
   <div class='ocr_carea' id='block_1_7' title="bbox 317 704 1884 777">
    <p class='ocr_par' dir='ltr' id='par_1_7' title="bbox 317 704 1884 777">
     <span class='ocr_line' id='line_1_7' title="bbox 317 704 1884 777; baseline 0.001 -20"><span class='ocrx_word' id='word_1_31' title='bbox 317 705 458 767; x_wconf 83' lang='grc' dir='ltr'><strong>σθαι,</strong></span> <span class='ocrx_word' id='word_1_32' title='bbox 498 704 586 756; x_wconf 80' lang='grc' dir='ltr'><strong>διά</strong></span> <span class='ocrx_word' id='word_1_33' title='bbox 628 705 683 758; x_wconf 83' lang='grc' dir='ltr'>δὲ</span> <span class='ocrx_word' id='word_1_34' title='bbox 722 705 782 756; x_wconf 84' lang='grc' dir='ltr'><strong>τὸ</strong></span> <span class='ocrx_word' id='word_1_35' title='bbox 822 705 1094 775; x_wconf 72' lang='grc' dir='ltr'>ὑψίκερων</span> <span class='ocrx_word' id='word_1_36' title='bbox 1139 705 1232 757; x_wconf 74' lang='grc' dir='ltr'><strong>καὶ</strong></span> <span class='ocrx_word' id='word_1_37' title='bbox 1281 704 1583 776; x_wconf 77' lang='grc' dir='ltr'>ἐλευθέριον</span> <span class='ocrx_word' id='word_1_38' title='bbox 1631 706 1764 777; x_wconf 82' lang='grc' dir='ltr'>πρὸς</span> <span class='ocrx_word' id='word_1_39' title='bbox 1788 705 1884 776; x_wconf 76' lang='grc' dir='ltr'>τὴν</span> 
     </span>
    </p>
   </div>
   <div class='ocr_carea' id='block_1_8' title="bbox 315 796 1886 867">
    <p class='ocr_par' dir='ltr' id='par_1_8' title="bbox 315 796 1886 867">
     <span class='ocr_line' id='line_1_8' title="bbox 315 796 1886 867; baseline 0.001 -18"><span class='ocrx_word' id='word_1_40' title='bbox 315 796 405 849; x_wconf 88' lang='grc' dir='ltr'><strong>τοῦ</strong></span> <span class='ocrx_word' id='word_1_41' title='bbox 438 796 702 865; x_wconf 85' lang='grc' dir='ltr'>βελτίονος</span> <span class='ocrx_word' id='word_1_42' title='bbox 725 797 950 864; x_wconf 79' lang='grc' dir='ltr'>ἄγεσθαι</span> <span class='ocrx_word' id='word_1_43' title='bbox 976 796 1241 849; x_wconf 74' lang='grc' dir='ltr'>εἰκασίαν.</span> <span class='ocrx_word' id='word_1_44' title='bbox 1280 797 1387 849; x_wconf 75' lang='grc' dir='ltr'><strong>Καὶ</strong></span> <span class='ocrx_word' id='word_1_45' title='bbox 1428 796 1581 860; x_wconf 79' lang='grc' dir='ltr'>ὅλως,</span> <span class='ocrx_word' id='word_1_46' title='bbox 1615 797 1796 867; x_wconf 75' lang='grc' dir='ltr'>ἐπειδὴ</span> <span class='ocrx_word' id='word_1_47' title='bbox 1824 796 1886 850; x_wconf 81' lang='grc' dir='ltr'><strong>τὸ</strong></span> 
     </span>
    </p>
   </div>
   <div class='ocr_carea' id='block_1_9' title="bbox 316 886 1888 959">
    <p class='ocr_par' dir='ltr' id='par_1_9' title="bbox 316 886 1888 959">
     <span class='ocr_line' id='line_1_9' title="bbox 316 886 1888 959; baseline 0.002 -21"><span class='ocrx_word' id='word_1_48' title='bbox 316 886 481 957; x_wconf 81' lang='grc' dir='ltr'>κέρας</span> <span class='ocrx_word' id='word_1_49' title='bbox 504 887 607 938; x_wconf 82' lang='grc' dir='ltr'><strong>ὑπὸ</strong></span> <span class='ocrx_word' id='word_1_50' title='bbox 624 888 721 958; x_wconf 78' lang='grc' dir='ltr'><strong>τῆς</strong></span> <span class='ocrx_word' id='word_1_51' title='bbox 745 889 968 959; x_wconf 78' lang='grc' dir='ltr'>Γραφῆς</span> <span class='ocrx_word' id='word_1_52' title='bbox 993 889 1109 941; x_wconf 81' lang='grc' dir='ltr'>ἀντὶ</span> <span class='ocrx_word' id='word_1_53' title='bbox 1132 889 1230 958; x_wconf 76' lang='grc' dir='ltr'>τῆς</span> <span class='ocrx_word' id='word_1_54' title='bbox 1245 888 1400 957; x_wconf 79' lang='grc' dir='ltr'>δόξης</span> <span class='ocrx_word' id='word_1_55' title='bbox 1416 888 1679 958; x_wconf 80' lang='grc' dir='ltr'>πολλαχοῦ</span> <span class='ocrx_word' id='word_1_56' title='bbox 1702 908 1775 942; x_wconf 87' lang='grc' dir='ltr'><strong>πα</strong></span> <span class='ocrx_word' id='word_1_57' title='bbox 1784 907 1888 959; x_wconf 83' lang='grc' dir='ltr'>ρει·</span> 
     </span>
    </p>
   </div>
   <div class='ocr_carea' id='block_1_10' title="bbox 318 975 1889 1048">
    <p class='ocr_par' dir='ltr' id='par_1_10' title="bbox 318 975 1889 1048">
     <span class='ocr_line' id='line_1_10' title="bbox 318 975 1889 1048; baseline 0.001 -23"><span class='ocrx_word' id='word_1_58' title='bbox 318 975 594 1045; x_wconf 83' lang='grc' dir='ltr'>λημμένον</span> <span class='ocrx_word' id='word_1_59' title='bbox 621 976 770 1030; x_wconf 81' lang='grc' dir='ltr'>ἔστιν</span> <span class='ocrx_word' id='word_1_60' title='bbox 802 979 1002 1048; x_wconf 86' lang='grc' dir='ltr'>εὑρεῖν,</span> <span class='ocrx_word' id='word_1_61' title='bbox 1032 978 1107 1039; x_wconf 81' lang='grc' dir='ltr'>ὡς</span> <span class='ocrx_word' id='word_1_62' title='bbox 1141 978 1218 1041; x_wconf 85' lang='grc' dir='ltr'><strong>τὸ,</strong></span> <span class='ocrx_word' id='word_1_63' title='bbox 1259 976 1502 1044; x_wconf 65' lang='grc' dir='ltr'>’Υψὼοτει</span> <span class='ocrx_word' id='word_1_64' title='bbox 1541 975 1715 1043; x_wconf 61' lang='grc' dir='ltr'>κέρας</span> <span class='ocrx_word' id='word_1_65' title='bbox 1737 975 1889 1029; x_wconf 76' lang='grc' dir='ltr'>λαοῦ</span> 
     </span>
    </p>
   </div>
   <div class='ocr_carea' id='block_1_11' title="bbox 1988 612 3545 683">
    <p class='ocr_par' dir='ltr' id='par_1_11' title="bbox 1988 612 3545 683">
     <span class='ocr_line' id='line_1_11' title="bbox 1988 612 3545 683; baseline 0.001 -20"><span class='ocrx_word' id='word_1_66' title='bbox 1988 612 2152 681; x_wconf 87' lang='lat' dir='ltr'><strong>gloria</strong></span> <span class='ocrx_word' id='word_1_67' title='bbox 2171 614 2212 643; x_wconf 84' lang='grc'><strong>³⁷</strong></span> <span class='ocrx_word' id='word_1_68' title='bbox 2236 630 2250 676; x_wconf 87' lang='grc'>;</span> <span class='ocrx_word' id='word_1_69' title='bbox 2272 620 2363 665; x_wconf 78' lang='lat' dir='ltr'><strong>aut</strong></span> <span class='ocrx_word' id='word_1_70' title='bbox 2390 613 2550 665; x_wconf 74' lang='lat' dir='ltr'><strong>etiam</strong></span> <span class='ocrx_word' id='word_1_71' title='bbox 2575 613 2695 680; x_wconf 84' lang='lat' dir='ltr'><strong>quia</strong></span> <span class='ocrx_word' id='word_1_72' title='bbox 2723 626 2887 664; x_wconf 89' lang='lat' dir='ltr'><strong>cornu</strong></span> <span class='ocrx_word' id='word_1_73' title='bbox 2913 626 3009 678; x_wconf 89' lang='lat' dir='ltr'><strong>pro</strong></span> <span class='ocrx_word' id='word_1_74' title='bbox 3036 612 3232 665; x_wconf 85' lang='lat' dir='ltr'><strong>virtute</strong></span> <span class='ocrx_word' id='word_1_75' title='bbox 3261 614 3545 683; x_wconf 70' lang='lat' dir='ltr'><strong>accipitur,</strong></span> 
     </span>
    </p>
   </div>
   <div class='ocr_carea' id='block_1_12' title="bbox 1989 702 3547 769">
    <p class='ocr_par' dir='ltr' id='par_1_12' title="bbox 1989 702 3547 769">
     <span class='ocr_line' id='line_1_12' title="bbox 1989 702 3547 769; baseline 0.002 -13"><span class='ocrx_word' id='word_1_76' title='bbox 1989 712 2045 756; x_wconf 91' lang='lat' dir='ltr'><strong>ut</strong></span> <span class='ocrx_word' id='word_1_77' title='bbox 2073 715 2155 759; x_wconf 89' lang='lat' dir='ltr'><strong>est</strong></span> <span class='ocrx_word' id='word_1_78' title='bbox 2188 702 2637 757; x_wconf 83' lang='lat' dir='ltr'><strong>illud:Protector</strong></span> <span class='ocrx_word' id='word_1_79' title='bbox 2667 720 2828 767; x_wconf 79' lang='lat' dir='ltr'><strong>metu,</strong></span> <span class='ocrx_word' id='word_1_80' title='bbox 2859 713 2905 755; x_wconf 90' lang='lat' dir='ltr'><strong>et</strong></span> <span class='ocrx_word' id='word_1_81' title='bbox 2938 719 3099 755; x_wconf 88' lang='lat' dir='ltr'><strong>cornu</strong></span> <span class='ocrx_word' id='word_1_82' title='bbox 3129 703 3311 757; x_wconf 76' lang='lat' dir='ltr'><strong>salutis</strong></span> <span class='ocrx_word' id='word_1_83' title='bbox 3338 722 3465 759; x_wconf 75' lang='lat' dir='ltr'><strong>mea:</strong></span> <span class='ocrx_word' id='word_1_84' title='bbox 3482 706 3547 769; x_wconf 76' lang='grc'><strong>⁸⁸;</strong></span> 
     </span>
    </p>
   </div>
   <div class='ocr_carea' id='block_1_13' title="bbox 1987 793 3547 864">
    <p class='ocr_par' dir='ltr' id='par_1_13' title="bbox 1987 793 3547 864">
     <span class='ocr_line' id='line_1_13' title="bbox 1987 793 3547 864; baseline 0.002 -18"><span class='ocrx_word' id='word_1_85' title='bbox 1987 793 2235 848; x_wconf 73' lang='lat' dir='ltr'><strong>Christus</strong></span> <span class='ocrx_word' id='word_1_86' title='bbox 2257 805 2433 847; x_wconf 90' lang='lat' dir='ltr'><strong>autem</strong></span> <span class='ocrx_word' id='word_1_87' title='bbox 2472 795 2563 847; x_wconf 88' lang='lat' dir='ltr'><strong>Dei</strong></span> <span class='ocrx_word' id='word_1_88' title='bbox 2596 796 2764 847; x_wconf 87' lang='lat' dir='ltr'><strong>virtus</strong></span> <span class='ocrx_word' id='word_1_89' title='bbox 2789 803 2873 848; x_wconf 89' lang='lat' dir='ltr'><strong>est</strong></span> <span class='ocrx_word' id='word_1_90' title='bbox 2899 795 2967 860; x_wconf 80' lang='grc'><strong>⁸⁹;</strong></span> <span class='ocrx_word' id='word_1_91' title='bbox 3004 794 3124 848; x_wconf 88' lang='lat' dir='ltr'><strong>ideo</strong></span> <span class='ocrx_word' id='word_1_92' title='bbox 3147 796 3421 849; x_wconf 83' lang='lat' dir='ltr'><strong>unicornis</strong></span> <span class='ocrx_word' id='word_1_93' title='bbox 3452 814 3547 864; x_wconf 80' lang='lat' dir='ltr'><strong>ap-</strong></span> 
     </span>
    </p>
   </div>
   <div class='ocr_carea' id='block_1_14' title="bbox 1988 885 3547 954">
    <p class='ocr_par' dir='ltr' id='par_1_14' title="bbox 1988 885 3547 954">
     <span class='ocr_line' id='line_1_14' title="bbox 1988 885 3547 954; baseline 0.001 -15"><span class='ocrx_word' id='word_1_94' title='bbox 1988 886 2214 953; x_wconf 85' lang='lat' dir='ltr'><strong>pellatus</strong></span> <span class='ocrx_word' id='word_1_95' title='bbox 2250 895 2351 950; x_wconf 86' lang='lat' dir='ltr'><strong>est,</strong></span> <span class='ocrx_word' id='word_1_96' title='bbox 2387 896 2642 953; x_wconf 88' lang='lat' dir='ltr'><strong>tanquam</strong></span> <span class='ocrx_word' id='word_1_97' title='bbox 2682 885 2772 954; x_wconf 93' lang='lat' dir='ltr'><strong>qui</strong></span> <span class='ocrx_word' id='word_1_98' title='bbox 2807 901 2970 939; x_wconf 91' lang='lat' dir='ltr'><strong>unum</strong></span> <span class='ocrx_word' id='word_1_99' title='bbox 3016 886 3212 940; x_wconf 86' lang='lat' dir='ltr'><strong>habeat</strong></span> <span class='ocrx_word' id='word_1_100' title='bbox 3260 902 3452 953; x_wconf 89' lang='lat' dir='ltr'><strong>cornu,</strong></span> <span class='ocrx_word' id='word_1_101' title='bbox 3496 889 3547 941; x_wconf 89' lang='lat' dir='ltr'><strong>id</strong></span> 
     </span>
    </p>
   </div>
   <div class='ocr_carea' id='block_1_15' title="bbox 1987 976 3351 1047">
    <p class='ocr_par' dir='ltr' id='par_1_15' title="bbox 1987 976 3351 1047">
     <span class='ocr_line' id='line_1_15' title="bbox 1987 976 3351 1047; baseline 0 -16"><span class='ocrx_word' id='word_1_102' title='bbox 1987 988 2089 1039; x_wconf 89' lang='lat' dir='ltr'><strong>est,</strong></span> <span class='ocrx_word' id='word_1_103' title='bbox 2117 994 2275 1029; x_wconf 90' lang='lat' dir='ltr'><strong>unam</strong></span> <span class='ocrx_word' id='word_1_104' title='bbox 2321 993 2442 1030; x_wconf 92' lang='lat' dir='ltr'><strong>cum</strong></span> <span class='ocrx_word' id='word_1_105' title='bbox 2477 976 2635 1030; x_wconf 81' lang='lat' dir='ltr'><strong>Patre</strong></span> <span class='ocrx_word' id='word_1_106' title='bbox 2666 992 3007 1031; x_wconf 89' lang='lat' dir='ltr'><strong>communem</strong></span> <span class='ocrx_word' id='word_1_107' title='bbox 3037 980 3351 1047; x_wconf 87' lang='lat' dir='ltr'><strong>potentiam.</strong></span> 
     </span>
    </p>
   </div>
   <div class='ocr_carea' id='block_1_16' title="bbox 318 1068 3549 1141">
    <p class='ocr_par' dir='ltr' id='par_1_16' title="bbox 318 1068 3549 1141">
     <span class='ocr_line' id='line_1_16' title="bbox 318 1068 3549 1141; baseline 0.001 -20"><span class='ocrx_word' id='word_1_108' title='bbox 318 1070 501 1123; x_wconf 78' lang='grc' dir='ltr'>αὐτοῦ</span> <span class='ocrx_word' id='word_1_109' title='bbox 530 1069 661 1139; x_wconf 82' lang='grc'><strong>(10)·</strong></span> <span class='ocrx_word' id='word_1_110' title='bbox 696 1072 808 1136; x_wconf 73' lang='grc' dir='ltr'>καὶ,</span> <span class='ocrx_word' id='word_1_111' title='bbox 850 1071 919 1124; x_wconf 84' lang='grc' dir='ltr'><strong>Τὸ</strong></span> <span class='ocrx_word' id='word_1_112' title='bbox 973 1071 1150 1139; x_wconf 83' lang='grc' dir='ltr'>κέρας</span> <span class='ocrx_word' id='word_1_113' title='bbox 1181 1069 1366 1123; x_wconf 85' lang='grc' dir='ltr'>αὑτοῦ</span> <span class='ocrx_word' id='word_1_114' title='bbox 1401 1072 1779 1137; x_wconf 70' lang='grc' dir='ltr'><strong>ὑψωθήσεται</strong></span> <span class='ocrx_word' id='word_1_115' title='bbox 1803 1071 1871 1122; x_wconf 84' lang='grc' dir='ltr'><strong>ἐν</strong></span> <span class='ocrx_word' id='word_1_116' title='bbox 1899 1070 2077 1137; x_wconf 76' lang='grc' dir='ltr'>δόξῃ·</span> <span class='ocrx_word' id='word_1_117' title='bbox 2117 1071 2149 1139; x_wconf 82' lang='grc' dir='ltr'>ἣ</span> <span class='ocrx_word' id='word_1_118' title='bbox 2178 1070 2270 1122; x_wconf 70' lang='grc' dir='ltr'><strong>καὶ</strong></span> <span class='ocrx_word' id='word_1_119' title='bbox 2313 1068 2497 1139; x_wconf 73' lang='grc' dir='ltr'>ἐπειδὴ</span> <span class='ocrx_word' id='word_1_120' title='bbox 2534 1068 2593 1121; x_wconf 85' lang='grc' dir='ltr'><strong>τὸ</strong></span> <span class='ocrx_word' id='word_1_121' title='bbox 2633 1069 2800 1137; x_wconf 84' lang='grc' dir='ltr'>κέρας</span> <span class='ocrx_word' id='word_1_122' title='bbox 2842 1070 2959 1122; x_wconf 76' lang='grc' dir='ltr'>ἀντὶ</span> <span class='ocrx_word' id='word_1_123' title='bbox 2995 1070 3270 1141; x_wconf 86' lang='grc' dir='ltr'>δυνάμεως</span> <span class='ocrx_word' id='word_1_124' title='bbox 3292 1069 3549 1134; x_wconf 84' lang='grc' dir='ltr'>πολλάκις</span> 
     </span>
    </p>
   </div>
   <div class='ocr_carea' id='block_1_17' title="bbox 320 1161 3546 1235">
    <p class='ocr_par' dir='ltr' id='par_1_17' title="bbox 320 1161 3546 1235">
     <span class='ocr_line' id='line_1_17' title="bbox 320 1161 3546 1235; baseline 0.001 -20"><span class='ocrx_word' id='word_1_125' title='bbox 320 1163 839 1235; x_wconf 79' lang='grc' dir='ltr'>παραλαμϐάνεται’</span> <span class='ocrx_word' id='word_1_126' title='bbox 910 1163 983 1226; x_wconf 85' lang='grc' dir='ltr'>ὼς</span> <span class='ocrx_word' id='word_1_127' title='bbox 1028 1163 1109 1225; x_wconf 86' lang='grc' dir='ltr'><strong>τὸ,</strong></span> <span class='ocrx_word' id='word_1_128' title='bbox 1148 1162 1616 1231; x_wconf 80' lang='grc' dir='ltr'>Ὑπερασπιστής</span> <span class='ocrx_word' id='word_1_129' title='bbox 1650 1180 1771 1231; x_wconf 81' lang='grc' dir='ltr'><strong>μου</strong></span> <span class='ocrx_word' id='word_1_130' title='bbox 1838 1164 1933 1216; x_wconf 74' lang='grc' dir='ltr'><strong>καί</strong></span> <span class='ocrx_word' id='word_1_131' title='bbox 1982 1163 2158 1229; x_wconf 67' lang='grc' dir='ltr'>κέρας</span> <span class='ocrx_word' id='word_1_132' title='bbox 2212 1162 2506 1229; x_wconf 79' lang='grc' dir='ltr'><strong>σωτηρίας</strong></span> <span class='ocrx_word' id='word_1_133' title='bbox 2548 1178 2699 1231; x_wconf 76' lang='grc' dir='ltr'>μουο</span> <span class='ocrx_word' id='word_1_134' title='bbox 2755 1161 2984 1233; x_wconf 85' lang='grc' dir='ltr'>Χριστὸς</span> <span class='ocrx_word' id='word_1_135' title='bbox 3034 1162 3091 1216; x_wconf 82' lang='grc' dir='ltr'><strong>δὲ</strong></span> <span class='ocrx_word' id='word_1_136' title='bbox 3120 1162 3253 1215; x_wconf 87' lang='grc' dir='ltr'>Θεοῦ</span> <span class='ocrx_word' id='word_1_137' title='bbox 3292 1163 3546 1235; x_wconf 81' lang='grc' dir='ltr'>δύναμις’</span> 
     </span>
    </p>
   </div>
   <div class='ocr_carea' id='block_1_18' title="bbox 317 1252 3432 1327">
    <p class='ocr_par' dir='ltr' id='par_1_18' title="bbox 317 1252 3432 1327">
     <span class='ocr_line' id='line_1_18' title="bbox 317 1252 3432 1327; baseline -0 -19"><span class='ocrx_word' id='word_1_138' title='bbox 317 1256 403 1309; x_wconf 75' lang='grc' dir='ltr'><strong>διὰ</strong></span> <span class='ocrx_word' id='word_1_139' title='bbox 425 1254 579 1307; x_wconf 84' lang='grc' dir='ltr'>τοῦτο</span> <span class='ocrx_word' id='word_1_140' title='bbox 599 1255 673 1318; x_wconf 84' lang='grc' dir='ltr'>ὡς</span> <span class='ocrx_word' id='word_1_141' title='bbox 702 1254 757 1307; x_wconf 79' lang='grc' dir='ltr'>ἓν</span> <span class='ocrx_word' id='word_1_142' title='bbox 786 1255 921 1325; x_wconf 78' lang='grc' dir='ltr'>ἔχων</span> <span class='ocrx_word' id='word_1_143' title='bbox 971 1255 1157 1325; x_wconf 86' lang='grc' dir='ltr'>κέρας,</span> <span class='ocrx_word' id='word_1_144' title='bbox 1191 1256 1428 1308; x_wconf 79' lang='grc' dir='ltr'>τουτέστι</span> <span class='ocrx_word' id='word_1_145' title='bbox 1498 1254 1623 1324; x_wconf 89' lang='grc' dir='ltr'>μίαν</span> <span class='ocrx_word' id='word_1_146' title='bbox 1659 1252 1883 1325; x_wconf 76' lang='grc' dir='ltr'>δύναμιν</span> <span class='ocrx_word' id='word_1_147' title='bbox 1917 1253 2052 1325; x_wconf 77' lang='grc' dir='ltr'>ἔχων</span> <span class='ocrx_word' id='word_1_148' title='bbox 2099 1255 2195 1326; x_wconf 84' lang='grc' dir='ltr'><strong>τὴν</strong></span> <span class='ocrx_word' id='word_1_149' title='bbox 2253 1254 2345 1307; x_wconf 89' lang='grc' dir='ltr'><strong>τοῦ</strong></span> <span class='ocrx_word' id='word_1_150' title='bbox 2383 1254 2612 1324; x_wconf 77' lang='grc' dir='ltr'>Πατρὸς,</span> <span class='ocrx_word' id='word_1_151' title='bbox 2649 1253 2953 1326; x_wconf 85' lang='grc' dir='ltr'>μονόκερως</span> <span class='ocrx_word' id='word_1_152' title='bbox 2985 1255 3432 1327; x_wconf 78' lang='grc' dir='ltr'>προσηγόρευται.</span> 
     </span>
    </p>
   </div>
   <div class='ocr_carea' id='block_1_19' title="bbox 391 1348 1879 1418">
    <p class='ocr_par' dir='ltr' id='par_1_19' title="bbox 391 1348 1879 1418">
     <span class='ocr_line' id='line_1_19' title="bbox 391 1348 1879 1418; baseline 0.001 -17"><span class='ocrx_word' id='word_1_153' title='bbox 391 1348 440 1401; x_wconf 87' lang='grc'><strong>6.</strong></span> <span class='ocrx_word' id='word_1_154' title='bbox 470 1351 640 1417; x_wconf 80' lang='grc' dir='ltr'><strong>Φωνὴ</strong></span> <span class='ocrx_word' id='word_1_155' title='bbox 700 1350 917 1416; x_wconf 84' lang='grc' dir='ltr'>Κυρίου</span> <span class='ocrx_word' id='word_1_156' title='bbox 957 1349 1381 1414; x_wconf 80' lang='grc' dir='ltr'>διακόπτοντος</span> <span class='ocrx_word' id='word_1_157' title='bbox 1426 1352 1623 1418; x_wconf 68' lang='grc' dir='ltr'>φλόγα</span> <span class='ocrx_word' id='word_1_158' title='bbox 1674 1350 1879 1418; x_wconf 79' lang='grc' dir='ltr'>πυρός.</span> 
     </span>
    </p>
   </div>
   <div class='ocr_carea' id='block_1_20' title="bbox 321 1440 1885 1512">
    <p class='ocr_par' dir='ltr' id='par_1_20' title="bbox 321 1440 1885 1512">
     <span class='ocr_line' id='line_1_20' title="bbox 321 1440 1885 1512; baseline -0.001 -18"><span class='ocrx_word' id='word_1_159' title='bbox 321 1442 551 1512; x_wconf 84' lang='grc' dir='ltr'>Διεκόπη</span> <span class='ocrx_word' id='word_1_160' title='bbox 588 1442 683 1511; x_wconf 86' lang='grc' dir='ltr'><strong>μὲν</strong></span> <span class='ocrx_word' id='word_1_161' title='bbox 708 1441 803 1495; x_wconf 74' lang='grc' dir='ltr'><strong>καὶ</strong></span> <span class='ocrx_word' id='word_1_162' title='bbox 832 1440 971 1494; x_wconf 87' lang='grc' dir='ltr'><strong>κατά</strong></span> <span class='ocrx_word' id='word_1_163' title='bbox 1015 1442 1113 1512; x_wconf 83' lang='grc' dir='ltr'><strong>τὴν</strong></span> <span class='ocrx_word' id='word_1_164' title='bbox 1147 1441 1386 1511; x_wconf 80' lang='grc' dir='ltr'>ἱστορίαν</span> <span class='ocrx_word' id='word_1_165' title='bbox 1412 1440 1522 1493; x_wconf 83' lang='grc' dir='ltr'><strong>τῶν</strong></span> <span class='ocrx_word' id='word_1_166' title='bbox 1555 1441 1757 1494; x_wconf 84' lang='grc' dir='ltr'>παίδων</span> <span class='ocrx_word' id='word_1_167' title='bbox 1778 1440 1885 1493; x_wconf 82' lang='grc' dir='ltr'><strong>τῶν</strong></span> 
     </span>
    </p>
   </div>
   <div class='ocr_carea' id='block_1_21' title="bbox 320 1532 1887 1605">
    <p class='ocr_par' dir='ltr' id='par_1_21' title="bbox 320 1532 1887 1605">
     <span class='ocr_line' id='line_1_21' title="bbox 320 1532 1887 1605; baseline -0.002 -18"><span class='ocrx_word' id='word_1_168' title='bbox 320 1534 484 1605; x_wconf 80' lang='grc' dir='ltr'>τριῶν</span> <span class='ocrx_word' id='word_1_169' title='bbox 515 1536 570 1586; x_wconf 80' lang='grc' dir='ltr'><strong>ἐν</strong></span> <span class='ocrx_word' id='word_1_170' title='bbox 616 1536 679 1604; x_wconf 82' lang='grc' dir='ltr'>τῇ</span> <span class='ocrx_word' id='word_1_171' title='bbox 712 1532 1024 1605; x_wconf 74' lang='grc' dir='ltr'>Βαϐυλωνίᾳ</span> <span class='ocrx_word' id='word_1_172' title='bbox 1061 1532 1169 1605; x_wconf 89' lang='grc'>(11)</span> <span class='ocrx_word' id='word_1_173' title='bbox 1209 1535 1241 1603; x_wconf 82' lang='grc' dir='ltr'>ἡ</span> <span class='ocrx_word' id='word_1_174' title='bbox 1275 1533 1405 1602; x_wconf 77' lang='grc' dir='ltr'>φλὸξ</span> <span class='ocrx_word' id='word_1_175' title='bbox 1443 1532 1536 1585; x_wconf 87' lang='grc' dir='ltr'><strong>τοῦ</strong></span> <span class='ocrx_word' id='word_1_176' title='bbox 1569 1532 1758 1604; x_wconf 86' lang='grc' dir='ltr'>πυρὸς,</span> <span class='ocrx_word' id='word_1_177' title='bbox 1799 1533 1887 1584; x_wconf 84' lang='grc' dir='ltr'>ὅτε</span> 
     </span>
    </p>
   </div>
   <div class='ocr_carea' id='block_1_22' title="bbox 322 1624 1890 1697">
    <p class='ocr_par' dir='ltr' id='par_1_22' title="bbox 322 1624 1890 1697">
     <span class='ocr_line' id='line_1_22' title="bbox 322 1624 1890 1697; baseline -0.001 -18"><span class='ocrx_word' id='word_1_178' title='bbox 322 1624 689 1697; x_wconf 81' lang='grc' dir='ltr'>ὑπερεξεχὺθη</span> <span class='ocrx_word' id='word_1_179' title='bbox 730 1625 826 1695; x_wconf 86' lang='grc' dir='ltr'><strong>μὲν</strong></span> <span class='ocrx_word' id='word_1_180' title='bbox 848 1626 1409 1695; x_wconf 81' lang='grc' dir='ltr'>τεσσαρακονταεννέα</span> <span class='ocrx_word' id='word_1_181' title='bbox 1443 1627 1691 1695; x_wconf 81' lang='grc' dir='ltr'>πήχειςὴ</span> <span class='ocrx_word' id='word_1_182' title='bbox 1725 1627 1890 1696; x_wconf 80' lang='grc' dir='ltr'>κάμι-</span> 
     </span>
    </p>
   </div>
   <div class='ocr_carea' id='block_1_23' title="bbox 322 1714 1891 1787">
    <p class='ocr_par' dir='ltr' id='par_1_23' title="bbox 322 1714 1891 1787">
     <span class='ocr_line' id='line_1_23' title="bbox 322 1714 1891 1787; baseline 0 -19"><span class='ocrx_word' id='word_1_183' title='bbox 322 1733 429 1778; x_wconf 91' lang='grc' dir='ltr'>νος,</span> <span class='ocrx_word' id='word_1_184' title='bbox 460 1714 742 1785; x_wconf 77' lang='grc' dir='ltr'>ὲνεπὺριζε</span> <span class='ocrx_word' id='word_1_185' title='bbox 768 1716 823 1768; x_wconf 75' lang='grc' dir='ltr'>δὲ</span> <span class='ocrx_word' id='word_1_186' title='bbox 850 1718 974 1779; x_wconf 72' lang='grc' dir='ltr'>τοὺς</span> <span class='ocrx_word' id='word_1_187' title='bbox 1002 1716 1184 1787; x_wconf 79' lang='grc' dir='ltr'>κύκλῳ</span> <span class='ocrx_word' id='word_1_188' title='bbox 1224 1715 1429 1780; x_wconf 81' lang='grc' dir='ltr'>πάντας</span> <span class='ocrx_word' id='word_1_189' title='bbox 1447 1734 1459 1745; x_wconf 71' lang='grc' dir='ltr'><strong><em>ο</em></strong></span> <span class='ocrx_word' id='word_1_190' title='bbox 1497 1717 1813 1770; x_wconf 78' lang='grc' dir='ltr'>διακοπεῖσα</span> <span class='ocrx_word' id='word_1_191' title='bbox 1836 1717 1891 1769; x_wconf 77' lang='grc' dir='ltr'>δὲ</span> 
     </span>
    </p>
   </div>
   <div class='ocr_carea' id='block_1_24' title="bbox 2062 1347 3550 1417">
    <p class='ocr_par' dir='ltr' id='par_1_24' title="bbox 2062 1347 3550 1417">
     <span class='ocr_line' id='line_1_24' title="bbox 2062 1347 3550 1417; baseline -0.001 -16"><span class='ocrx_word' id='word_1_192' title='bbox 2062 1350 2109 1402; x_wconf 86' lang='lat'><strong>6.</strong></span> <span class='ocrx_word' id='word_1_193' title='bbox 2161 1348 2318 1402; x_wconf 69' lang='lat' dir='ltr'><strong>Vsus.</strong></span> <span class='ocrx_word' id='word_1_194' title='bbox 2351 1348 2402 1401; x_wconf 87' lang='lat'><strong>7.</strong></span> <span class='ocrx_word' id='word_1_195' title='bbox 2465 1347 2573 1401; x_wconf 79' lang='lat' dir='ltr'><strong>Voa:</strong></span> <span class='ocrx_word' id='word_1_196' title='bbox 2618 1347 2833 1401; x_wconf 89' lang='lat' dir='ltr'><strong>Domini</strong></span> <span class='ocrx_word' id='word_1_197' title='bbox 2892 1347 3238 1403; x_wconf 81' lang='lat' dir='ltr'><strong>intercidentis</strong></span> <span class='ocrx_word' id='word_1_198' title='bbox 3284 1348 3550 1417; x_wconf 81' lang='lat' dir='ltr'><strong>ﬂammam</strong></span> 
     </span>
    </p>
   </div>
   <div class='ocr_carea' id='block_1_25' title="bbox 1992 1436 3555 1509">
    <p class='ocr_par' dir='ltr' id='par_1_25' title="bbox 1992 1436 3555 1509">
     <span class='ocr_line' id='line_1_25' title="bbox 1992 1436 3555 1509; baseline -0.001 -17"><span class='ocrx_word' id='word_1_199' title='bbox 1992 1441 2147 1509; x_wconf 80' lang='lat' dir='ltr'><strong>ignis.</strong></span> <span class='ocrx_word' id='word_1_200' title='bbox 2172 1439 2425 1493; x_wconf 89' lang='lat' dir='ltr'><strong>lntercisa</strong></span> <span class='ocrx_word' id='word_1_201' title='bbox 2456 1448 2539 1492; x_wconf 88' lang='lat' dir='ltr'><strong>est</strong></span> <span class='ocrx_word' id='word_1_202' title='bbox 2566 1438 2779 1508; x_wconf 80' lang='lat' dir='ltr'><strong>quidem</strong></span> <span class='ocrx_word' id='word_1_203' title='bbox 2798 1436 2957 1492; x_wconf 89' lang='lat' dir='ltr'><strong>etiam</strong></span> <span class='ocrx_word' id='word_1_204' title='bbox 2988 1438 3127 1507; x_wconf 81' lang='lat' dir='ltr'><strong>ignis</strong></span> <span class='ocrx_word' id='word_1_205' title='bbox 3153 1436 3363 1491; x_wconf 83' lang='lat' dir='ltr'><strong>ﬂamma</strong></span> <span class='ocrx_word' id='word_1_206' title='bbox 3389 1437 3555 1508; x_wconf 84' lang='lat' dir='ltr'><strong>Baby-</strong></span> 
     </span>
    </p>
   </div>
   <div class='ocr_carea' id='block_1_26' title="bbox 1991 1528 3553 1599">
    <p class='ocr_par' dir='ltr' id='par_1_26' title="bbox 1991 1528 3553 1599">
     <span class='ocr_line' id='line_1_26' title="bbox 1991 1528 3553 1599; baseline -0.003 -15"><span class='ocrx_word' id='word_1_207' title='bbox 1991 1532 2133 1599; x_wconf 90' lang='lat' dir='ltr'><strong>lone,</strong></span> <span class='ocrx_word' id='word_1_208' title='bbox 2174 1530 2465 1585; x_wconf 88' lang='lat' dir='ltr'><strong>secundum</strong></span> <span class='ocrx_word' id='word_1_209' title='bbox 2493 1529 2649 1583; x_wconf 91' lang='lat' dir='ltr'><strong>trium</strong></span> <span class='ocrx_word' id='word_1_210' title='bbox 2674 1543 2961 1598; x_wconf 86' lang='lat' dir='ltr'><strong>puerorum</strong></span> <span class='ocrx_word' id='word_1_211' title='bbox 2988 1528 3267 1583; x_wconf 75' lang='lat' dir='ltr'><strong>historiam</strong></span> <span class='ocrx_word' id='word_1_212' title='bbox 3286 1528 3355 1594; x_wconf 68' lang='lat'><strong>9°,</strong></span> <span class='ocrx_word' id='word_1_213' title='bbox 3381 1543 3553 1594; x_wconf 89' lang='lat' dir='ltr'><strong>quau-</strong></span> 
     </span>
    </p>
   </div>
   <div class='ocr_carea' id='block_1_27' title="bbox 1995 1618 3554 1690">
    <p class='ocr_par' dir='ltr' id='par_1_27' title="bbox 1995 1618 3554 1690">
     <span class='ocr_line' id='line_1_27' title="bbox 1995 1618 3554 1690; baseline -0.002 -13"><span class='ocrx_word' id='word_1_214' title='bbox 1995 1622 2063 1677; x_wconf 91' lang='lat' dir='ltr'><strong>do</strong></span> <span class='ocrx_word' id='word_1_215' title='bbox 2085 1622 2329 1677; x_wconf 87' lang='lat' dir='ltr'><strong>caminus</strong></span> <span class='ocrx_word' id='word_1_216' title='bbox 2349 1636 2511 1689; x_wconf 81' lang='lat' dir='ltr'><strong>supra</strong></span> <span class='ocrx_word' id='word_1_217' title='bbox 2530 1620 2740 1675; x_wconf 87' lang='lat' dir='ltr'><strong>cubitos</strong></span> <span class='ocrx_word' id='word_1_218' title='bbox 2764 1621 3121 1690; x_wconf 84' lang='lat' dir='ltr'><strong>quadraginta</strong></span> <span class='ocrx_word' id='word_1_219' title='bbox 3145 1636 3331 1676; x_wconf 89' lang='lat' dir='ltr'><strong>novem</strong></span> <span class='ocrx_word' id='word_1_220' title='bbox 3356 1618 3554 1675; x_wconf 73' lang='lat' dir='ltr'><strong>etlusus</strong></span> 
     </span>
    </p>
   </div>
   <div class='ocr_carea' id='block_1_28' title="bbox 1996 1713 3555 1778">
    <p class='ocr_par' dir='ltr' id='par_1_28' title="bbox 1996 1713 3555 1778">
     <span class='ocr_line' id='line_1_28' title="bbox 1996 1713 3555 1778; baseline -0.003 -10"><span class='ocrx_word' id='word_1_221' title='bbox 1996 1724 2099 1778; x_wconf 88' lang='lat' dir='ltr'><strong>est,</strong></span> <span class='ocrx_word' id='word_1_222' title='bbox 2126 1729 2188 1769; x_wconf 90' lang='lat' dir='ltr'><strong>ac</strong></span> <span class='ocrx_word' id='word_1_223' title='bbox 2229 1716 2648 1769; x_wconf 79' lang='lat' dir='ltr'><strong>circumstantes</strong></span> <span class='ocrx_word' id='word_1_224' title='bbox 2675 1728 2862 1767; x_wconf 84' lang='lat' dir='ltr'><strong>omnes</strong></span> <span class='ocrx_word' id='word_1_225' title='bbox 2904 1713 3169 1767; x_wconf 87' lang='lat' dir='ltr'><strong>ambussit</strong></span> <span class='ocrx_word' id='word_1_226' title='bbox 3199 1731 3211 1766; x_wconf 92' lang='lat'>:</span> <span class='ocrx_word' id='word_1_227' title='bbox 3268 1728 3298 1767; x_wconf 92' lang='lat' dir='ltr'><strong>e</strong></span> <span class='ocrx_word' id='word_1_228' title='bbox 3320 1713 3555 1777; x_wconf 86' lang='lat' dir='ltr'><strong>diverso,</strong></span> 
     </span>
    </p>
   </div>
   <div class='ocr_carea' id='block_1_29' title="bbox 322 1803 1896 1878">
    <p class='ocr_par' dir='ltr' id='par_1_29' title="bbox 322 1806 1892 1878">
     <span class='ocr_line' id='line_1_29' title="bbox 322 1806 1892 1878; baseline 0.001 -19"><span class='ocrx_word' id='word_1_229' title='bbox 322 1806 399 1877; x_wconf 80' lang='grc' dir='ltr'>τῷ</span> <span class='ocrx_word' id='word_1_230' title='bbox 424 1807 800 1878; x_wconf 76' lang='grc' dir='ltr'>προστάγματι</span> <span class='ocrx_word' id='word_1_231' title='bbox 848 1807 942 1859; x_wconf 89' lang='grc' dir='ltr'><strong>τοῦ</strong></span> <span class='ocrx_word' id='word_1_232' title='bbox 979 1808 1133 1870; x_wconf 83' lang='grc' dir='ltr'>Θεοῦ,</span> <span class='ocrx_word' id='word_1_233' title='bbox 1170 1808 1387 1877; x_wconf 88' lang='grc' dir='ltr'>πνεῦμα</span> <span class='ocrx_word' id='word_1_234' title='bbox 1421 1808 1633 1874; x_wconf 74' lang='grc' dir='ltr'>ἐδέξατο</span> <span class='ocrx_word' id='word_1_235' title='bbox 1682 1810 1739 1860; x_wconf 80' lang='grc' dir='ltr'><strong>ἐν</strong></span> <span class='ocrx_word' id='word_1_236' title='bbox 1765 1810 1892 1861; x_wconf 78' lang='grc' dir='ltr'>ἑαυ-</span> 
     </span>
    </p>
   </div>
   <div class='ocr_carea' id='block_1_30' title="bbox 2001 1803 3554 1878">
    <p class='ocr_par' dir='ltr' id='par_1_30' title="bbox 2001 1803 3554 1873">
     <span class='ocr_line' id='line_1_30' title="bbox 2001 1803 3554 1873; baseline -0.001 -14"><span class='ocrx_word' id='word_1_237' title='bbox 2001 1805 2179 1859; x_wconf 86' lang='lat' dir='ltr'><strong>eadem</strong></span> <span class='ocrx_word' id='word_1_238' title='bbox 2228 1806 2319 1859; x_wconf 85' lang='lat' dir='ltr'><strong>Dei</strong></span> <span class='ocrx_word' id='word_1_239' title='bbox 2370 1814 2639 1873; x_wconf 55' lang='lat' dir='ltr'><strong>pracepto</strong></span> <span class='ocrx_word' id='word_1_240' title='bbox 2683 1803 2956 1866; x_wconf 87' lang='lat' dir='ltr'><strong>intercisa,</strong></span> <span class='ocrx_word' id='word_1_241' title='bbox 2996 1803 3048 1857; x_wconf 94' lang='lat' dir='ltr'><strong>in</strong></span> <span class='ocrx_word' id='word_1_242' title='bbox 3108 1819 3167 1858; x_wconf 89' lang='lat' dir='ltr'><strong>se</strong></span> <span class='ocrx_word' id='word_1_243' title='bbox 3209 1804 3321 1873; x_wconf 87' lang='lat' dir='ltr'><strong>ipsa</strong></span> <span class='ocrx_word' id='word_1_244' title='bbox 3368 1820 3554 1858; x_wconf 84' lang='lat' dir='ltr'><strong>auram</strong></span> 
     </span>
    </p>
   </div>
   <div class='ocr_carea' id='block_1_31' title="bbox 322 1899 1894 1971">
    <p class='ocr_par' dir='ltr' id='par_1_31' title="bbox 322 1899 1894 1971">
     <span class='ocr_line' id='line_1_31' title="bbox 322 1899 1894 1971; baseline 0 -19"><span class='ocrx_word' id='word_1_245' title='bbox 322 1902 412 1971; x_wconf 79' lang='grc' dir='ltr'><strong>τῇ,</strong></span> <span class='ocrx_word' id='word_1_246' title='bbox 445 1899 662 1971; x_wconf 79' lang='grc' dir='ltr'>ἡδίστην</span> <span class='ocrx_word' id='word_1_247' title='bbox 690 1900 962 1971; x_wconf 84' lang='grc' dir='ltr'>ἀναπνοὴν</span> <span class='ocrx_word' id='word_1_248' title='bbox 1001 1902 1095 1953; x_wconf 72' lang='grc' dir='ltr'><strong>καὶ</strong></span> <span class='ocrx_word' id='word_1_249' title='bbox 1130 1900 1413 1969; x_wconf 70' lang='grc' dir='ltr'>ἀνάψυξιν,</span> <span class='ocrx_word' id='word_1_250' title='bbox 1451 1900 1635 1971; x_wconf 82' lang='grc' dir='ltr'>ὥσπερ</span> <span class='ocrx_word' id='word_1_251' title='bbox 1672 1903 1727 1954; x_wconf 81' lang='grc' dir='ltr'><strong>ἐν</strong></span> <span class='ocrx_word' id='word_1_252' title='bbox 1767 1902 1894 1971; x_wconf 78' lang='grc' dir='ltr'>σκιᾷ</span> 
     </span>
    </p>
   </div>
   <div class='ocr_carea' id='block_1_32' title="bbox 324 1992 1894 2064">
    <p class='ocr_par' dir='ltr' id='par_1_32' title="bbox 324 1992 1894 2064">
     <span class='ocr_line' id='line_1_32' title="bbox 324 1992 1894 2064; baseline -0.001 -19"><span class='ocrx_word' id='word_1_253' title='bbox 324 2010 430 2045; x_wconf 85' lang='grc' dir='ltr'>τινι</span> <span class='ocrx_word' id='word_1_254' title='bbox 459 1992 657 2061; x_wconf 74' lang='grc' dir='ltr'>φυτῶν,</span> <span class='ocrx_word' id='word_1_255' title='bbox 686 1994 742 2045; x_wconf 82' lang='grc' dir='ltr'><strong>ὲν</strong></span> <span class='ocrx_word' id='word_1_256' title='bbox 776 1995 1025 2064; x_wconf 77' lang='grc' dir='ltr'>εἰρηνικῇ</span> <span class='ocrx_word' id='word_1_257' title='bbox 1053 1993 1378 2045; x_wconf 84' lang='grc' dir='ltr'>καταστάσει</span> <span class='ocrx_word' id='word_1_258' title='bbox 1406 1994 1749 2063; x_wconf 79' lang='grc' dir='ltr'>παρεχομένη</span> <span class='ocrx_word' id='word_1_259' title='bbox 1782 1996 1894 2055; x_wconf 89' lang='grc' dir='ltr'>τοῖς</span> 
     </span>
    </p>
   </div>
   <div class='ocr_carea' id='block_1_33' title="bbox 325 2082 1895 2152">
    <p class='ocr_par' dir='ltr' id='par_1_33' title="bbox 325 2082 1895 2152">
     <span class='ocr_line' id='line_1_33' title="bbox 325 2082 1895 2152; baseline 0 -16"><span class='ocrx_word' id='word_1_260' title='bbox 325 2083 531 2136; x_wconf 79' lang='grc' dir='ltr'>παισίν.</span> <span class='ocrx_word' id='word_1_261' title='bbox 582 2082 841 2151; x_wconf 79' lang='grc' dir='ltr'>Ἐγένετο</span> <span class='ocrx_word' id='word_1_262' title='bbox 867 2083 996 2151; x_wconf 77' lang='grc' dir='ltr'>γὰρ,</span> <span class='ocrx_word' id='word_1_263' title='bbox 1028 2082 1213 2152; x_wconf 64' lang='grc' dir='ltr'>φησιν,</span> <span class='ocrx_word' id='word_1_264' title='bbox 1250 2082 1391 2135; x_wconf 78' lang='grc' dir='ltr'>ὡσεί</span> <span class='ocrx_word' id='word_1_265' title='bbox 1418 2083 1650 2150; x_wconf 79' lang='grc' dir='ltr'>πνεῦμα</span> <span class='ocrx_word' id='word_1_266' title='bbox 1673 2082 1895 2150; x_wconf 78' lang='grc' dir='ltr'>δρόσου</span> 
     </span>
    </p>
   </div>
   <div class='ocr_carea' id='block_1_34' title="bbox 325 2174 1897 2247">
    <p class='ocr_par' dir='ltr' id='par_1_34' title="bbox 325 2174 1897 2247">
     <span class='ocr_line' id='line_1_34' title="bbox 325 2174 1897 2247; baseline 0 -20"><span class='ocrx_word' id='word_1_267' title='bbox 325 2174 664 2242; x_wconf 78' lang='grc' dir='ltr'>ὃιασυρίζον</span> <span class='ocrx_word' id='word_1_268' title='bbox 692 2175 823 2245; x_wconf 69' lang='grc'>(12).</span> <span class='ocrx_word' id='word_1_269' title='bbox 870 2177 979 2228; x_wconf 81' lang='grc' dir='ltr'><strong>Καὶ</strong></span> <span class='ocrx_word' id='word_1_270' title='bbox 1022 2175 1456 2247; x_wconf 87' lang='grc' dir='ltr'>θαυμαστότερόν</span> <span class='ocrx_word' id='word_1_271' title='bbox 1490 2193 1553 2243; x_wconf 90' lang='grc' dir='ltr'><strong>γε</strong></span> <span class='ocrx_word' id='word_1_272' title='bbox 1587 2176 1763 2245; x_wconf 77' lang='grc' dir='ltr'>πολλῷ</span> <span class='ocrx_word' id='word_1_273' title='bbox 1798 2194 1897 2228; x_wconf 87' lang='grc' dir='ltr'>πυ-</span> 
     </span>
    </p>
   </div>
   <div class='ocr_carea' id='block_1_35' title="bbox 331 2264 1897 2338">
    <p class='ocr_par' dir='ltr' id='par_1_35' title="bbox 331 2264 1897 2338">
     <span class='ocr_line' id='line_1_35' title="bbox 331 2264 1897 2338; baseline 0.001 -21"><span class='ocrx_word' id='word_1_274' title='bbox 331 2266 421 2338; x_wconf 77' lang='grc' dir='ltr'><strong>ρὸς</strong></span> <span class='ocrx_word' id='word_1_275' title='bbox 452 2266 611 2333; x_wconf 63' lang='grc' dir='ltr'>φύσιν</span> <span class='ocrx_word' id='word_1_276' title='bbox 639 2264 978 2334; x_wconf 76' lang='grc' dir='ltr'>διακοπῆναι,</span> <span class='ocrx_word' id='word_1_277' title='bbox 1017 2266 1049 2336; x_wconf 86' lang='grc' dir='ltr'><strong>ἢ</strong></span> <span class='ocrx_word' id='word_1_278' title='bbox 1096 2266 1565 2337; x_wconf 83' lang='grc' dir='ltr'>καταδιαιρεθῆναι</span> <span class='ocrx_word' id='word_1_279' title='bbox 1607 2266 1704 2337; x_wconf 77' lang='grc' dir='ltr'><strong>τὴν</strong></span> <span class='ocrx_word' id='word_1_280' title='bbox 1744 2268 1897 2337; x_wconf 85' lang='grc' dir='ltr'>Ἐρυ-</span> 
     </span>
    </p>
   </div>
   <div class='ocr_carea' id='block_1_36' title="bbox 326 2354 1895 2426">
    <p class='ocr_par' dir='ltr' id='par_1_36' title="bbox 326 2354 1895 2426">
     <span class='ocr_line' id='line_1_36' title="bbox 326 2354 1895 2426; baseline -0.002 -18"><span class='ocrx_word' id='word_1_281' title='bbox 326 2354 462 2426; x_wconf 77' lang='grc' dir='ltr'>Θρὰν</span> <span class='ocrx_word' id='word_1_282' title='bbox 514 2354 784 2408; x_wconf 81' lang='grc' dir='ltr'>Θάλασσαν</span> <span class='ocrx_word' id='word_1_283' title='bbox 848 2356 928 2417; x_wconf 84' lang='grc' dir='ltr'><strong>εἰς</strong></span> <span class='ocrx_word' id='word_1_284' title='bbox 958 2354 1268 2424; x_wconf 89' lang='grc' dir='ltr'>διαιρέσεις.</span> <span class='ocrx_word' id='word_1_285' title='bbox 1313 2354 1451 2406; x_wconf 79' lang='grc' dir='ltr'>Ἀλλ’</span> <span class='ocrx_word' id='word_1_286' title='bbox 1493 2356 1639 2425; x_wconf 82' lang='grc' dir='ltr'>ὅμως</span> <span class='ocrx_word' id='word_1_287' title='bbox 1668 2357 1700 2423; x_wconf 84' lang='grc' dir='ltr'>ἡ</span> <span class='ocrx_word' id='word_1_288' title='bbox 1747 2356 1895 2425; x_wconf 74' lang='grc' dir='ltr'>φωνὴ</span> 
     </span>
    </p>
   </div>
   <div class='ocr_carea' id='block_1_37' title="bbox 327 2446 1897 2518">
    <p class='ocr_par' dir='ltr' id='par_1_37' title="bbox 327 2446 1897 2518">
     <span class='ocr_line' id='line_1_37' title="bbox 327 2446 1897 2518; baseline -0.001 -20"><span class='ocrx_word' id='word_1_289' title='bbox 327 2446 421 2499; x_wconf 88' lang='grc' dir='ltr'><strong>τοῦ</strong></span> <span class='ocrx_word' id='word_1_290' title='bbox 470 2447 673 2518; x_wconf 82' lang='grc' dir='ltr'>Κυρίου</span> <span class='ocrx_word' id='word_1_291' title='bbox 708 2447 800 2499; x_wconf 78' lang='grc' dir='ltr'><strong>καὶ</strong></span> <span class='ocrx_word' id='word_1_292' title='bbox 832 2446 892 2498; x_wconf 83' lang='grc' dir='ltr'><strong>τὸ</strong></span> <span class='ocrx_word' id='word_1_293' title='bbox 928 2446 1144 2515; x_wconf 85' lang='grc' dir='ltr'>συνεχὲς</span> <span class='ocrx_word' id='word_1_294' title='bbox 1187 2450 1252 2516; x_wconf 82' lang='grc' dir='ltr'>τῇ</span> <span class='ocrx_word' id='word_1_295' title='bbox 1307 2446 1461 2514; x_wconf 75' lang='grc' dir='ltr'>φύσει</span> <span class='ocrx_word' id='word_1_296' title='bbox 1494 2447 1586 2498; x_wconf 74' lang='grc' dir='ltr'><strong>καὶ</strong></span> <span class='ocrx_word' id='word_1_297' title='bbox 1623 2446 1897 2516; x_wconf 77' lang='grc' dir='ltr'>ἡνωμένον</span> 
     </span>
    </p>
   </div>
   <div class='ocr_carea' id='block_1_38' title="bbox 328 2538 1898 2609">
    <p class='ocr_par' dir='ltr' id='par_1_38' title="bbox 328 2538 1898 2609">
     <span class='ocr_line' id='line_1_38' title="bbox 328 2538 1898 2609; baseline -0.001 -19"><span class='ocrx_word' id='word_1_298' title='bbox 328 2538 421 2590; x_wconf 87' lang='grc' dir='ltr'><strong>τοῦ</strong></span> <span class='ocrx_word' id='word_1_299' title='bbox 448 2538 614 2609; x_wconf 73' lang='grc' dir='ltr'>πυρὸς</span> <span class='ocrx_word' id='word_1_300' title='bbox 640 2538 939 2592; x_wconf 86' lang='grc' dir='ltr'>διακόπτει.</span> <span class='ocrx_word' id='word_1_301' title='bbox 977 2538 1167 2591; x_wconf 86' lang='grc' dir='ltr'>Καίτοι</span> <span class='ocrx_word' id='word_1_302' title='bbox 1206 2540 1445 2609; x_wconf 83' lang='grc' dir='ltr'>ἄτμητον</span> <span class='ocrx_word' id='word_1_303' title='bbox 1480 2539 1571 2590; x_wconf 78' lang='grc' dir='ltr'><strong>καὶ</strong></span> <span class='ocrx_word' id='word_1_304' title='bbox 1598 2538 1898 2607; x_wconf 84' lang='grc' dir='ltr'>ἀδιαίρετον</span> 
     </span>
    </p>
   </div>
   <div class='ocr_carea' id='block_1_39' title="bbox 329 2627 1898 2702">
    <p class='ocr_par' dir='ltr' id='par_1_39' title="bbox 329 2627 1898 2702">
     <span class='ocr_line' id='line_1_39' title="bbox 329 2627 1898 2702; baseline 0 -21"><span class='ocrx_word' id='word_1_305' title='bbox 329 2631 592 2692; x_wconf 76' lang='grc' dir='ltr'>ἐπινοίαις</span> <span class='ocrx_word' id='word_1_306' title='bbox 628 2630 994 2701; x_wconf 76' lang='grc' dir='ltr'>ἀνθρωπίναις</span> <span class='ocrx_word' id='word_1_307' title='bbox 1015 2631 1075 2683; x_wconf 83' lang='grc' dir='ltr'><strong>τὸ</strong></span> <span class='ocrx_word' id='word_1_308' title='bbox 1104 2631 1214 2702; x_wconf 88' lang='grc' dir='ltr'><strong>πῦρ</strong></span> <span class='ocrx_word' id='word_1_309' title='bbox 1249 2627 1384 2684; x_wconf 81' lang='grc' dir='ltr'>εἶναι</span> <span class='ocrx_word' id='word_1_310' title='bbox 1413 2632 1576 2694; x_wconf 83' lang='grc' dir='ltr'>δοκεῖ,</span> <span class='ocrx_word' id='word_1_311' title='bbox 1612 2630 1725 2683; x_wconf 81' lang='grc' dir='ltr'>ἀλλ’</span> <span class='ocrx_word' id='word_1_312' title='bbox 1753 2631 1898 2700; x_wconf 77' lang='grc' dir='ltr'>ὅμως</span> 
     </span>
    </p>
   </div>
   <div class='ocr_carea' id='block_1_40' title="bbox 330 2720 1896 2791">
    <p class='ocr_par' dir='ltr' id='par_1_40' title="bbox 330 2720 1896 2791">
     <span class='ocr_line' id='line_1_40' title="bbox 330 2720 1896 2791; baseline 0.001 -20"><span class='ocrx_word' id='word_1_313' title='bbox 330 2722 711 2790; x_wconf 76' lang='grc' dir='ltr'>προστάγματι</span> <span class='ocrx_word' id='word_1_314' title='bbox 747 2721 953 2791; x_wconf 89' lang='grc' dir='ltr'>Κυρίου</span> <span class='ocrx_word' id='word_1_315' title='bbox 982 2721 1092 2788; x_wconf 80' lang='grc'><strong>(15)</strong></span> <span class='ocrx_word' id='word_1_316' title='bbox 1122 2720 1463 2773; x_wconf 88' lang='grc' dir='ltr'>διακόπτεται</span> <span class='ocrx_word' id='word_1_317' title='bbox 1496 2720 1587 2774; x_wconf 83' lang='grc' dir='ltr'><strong>καὶ</strong></span> <span class='ocrx_word' id='word_1_318' title='bbox 1612 2720 1896 2773; x_wconf 88' lang='grc' dir='ltr'>διίσταται.</span> 
     </span>
    </p>
   </div>
   <div class='ocr_carea' id='block_1_41' title="bbox 328 2807 1901 2883">
    <p class='ocr_par' dir='ltr' id='par_1_41' title="bbox 328 2807 1901 2883">
     <span class='ocr_line' id='line_1_41' title="bbox 328 2807 1901 2883; baseline -0.001 -19"><span class='ocrx_word' id='word_1_319' title='bbox 328 2807 498 2881; x_wconf 73' lang='grc' dir='ltr'>Οἶμαι</span> <span class='ocrx_word' id='word_1_320' title='bbox 532 2810 607 2873; x_wconf 81' lang='grc' dir='ltr'><strong>δὲ,</strong></span> <span class='ocrx_word' id='word_1_321' title='bbox 634 2813 714 2863; x_wconf 79' lang='grc' dir='ltr'>ὅτι</span> <span class='ocrx_word' id='word_1_322' title='bbox 744 2812 803 2863; x_wconf 82' lang='grc' dir='ltr'><strong>τὸ</strong></span> <span class='ocrx_word' id='word_1_323' title='bbox 834 2812 943 2881; x_wconf 91' lang='grc' dir='ltr'><strong>πῦρ</strong></span> <span class='ocrx_word' id='word_1_324' title='bbox 964 2812 1021 2864; x_wconf 83' lang='grc' dir='ltr'><strong>τὸ</strong></span> <span class='ocrx_word' id='word_1_325' title='bbox 1046 2812 1443 2883; x_wconf 81' lang='grc' dir='ltr'>ἡτοιμασμένον</span> <span class='ocrx_word' id='word_1_326' title='bbox 1474 2812 1549 2874; x_wconf 90' lang='grc' dir='ltr'><strong>εἰς</strong></span> <span class='ocrx_word' id='word_1_327' title='bbox 1571 2811 1787 2865; x_wconf 85' lang='grc' dir='ltr'>κόλασιν</span> <span class='ocrx_word' id='word_1_328' title='bbox 1825 2811 1901 2882; x_wconf 79' lang='grc' dir='ltr'>τῷ</span> 
     </span>
    </p>
   </div>
   <div class='ocr_carea' id='block_1_42' title="bbox 330 2900 1903 2971">
    <p class='ocr_par' dir='ltr' id='par_1_42' title="bbox 330 2900 1903 2971">
     <span class='ocr_line' id='line_1_42' title="bbox 330 2900 1903 2971; baseline -0.001 -18"><span class='ocrx_word' id='word_1_329' title='bbox 330 2900 559 2971; x_wconf 82' lang='grc' dir='ltr'>διαϐόλῳ</span> <span class='ocrx_word' id='word_1_330' title='bbox 588 2902 681 2954; x_wconf 74' lang='grc' dir='ltr'><strong>καὶ</strong></span> <span class='ocrx_word' id='word_1_331' title='bbox 712 2904 822 2964; x_wconf 88' lang='grc' dir='ltr'>τοῖς</span> <span class='ocrx_word' id='word_1_332' title='bbox 852 2901 1099 2969; x_wconf 78' lang='grc' dir='ltr'>ἀγγέλοις</span> <span class='ocrx_word' id='word_1_333' title='bbox 1124 2901 1283 2954; x_wconf 81' lang='grc' dir='ltr'>αὑτοῦ</span> <span class='ocrx_word' id='word_1_334' title='bbox 1318 2901 1660 2953; x_wconf 84' lang='grc' dir='ltr'>διακόπτεται</span> <span class='ocrx_word' id='word_1_335' title='bbox 1693 2902 1756 2970; x_wconf 78' lang='grc' dir='ltr'>τῇ</span> <span class='ocrx_word' id='word_1_336' title='bbox 1794 2918 1903 2968; x_wconf 77' lang='grc' dir='ltr'><strong>φω-</strong></span> 
     </span>
    </p>
   </div>
   <div class='ocr_carea' id='block_1_43' title="bbox 332 2990 1903 3063">
    <p class='ocr_par' dir='ltr' id='par_1_43' title="bbox 332 2990 1903 3063">
     <span class='ocr_line' id='line_1_43' title="bbox 332 2990 1903 3063; baseline -0.001 -19"><span class='ocrx_word' id='word_1_337' title='bbox 332 2996 396 3063; x_wconf 83' lang='grc' dir='ltr'>νῇ</span> <span class='ocrx_word' id='word_1_338' title='bbox 424 2993 516 3044; x_wconf 84' lang='grc' dir='ltr'><strong>τοῦ</strong></span> <span class='ocrx_word' id='word_1_339' title='bbox 542 2992 745 3062; x_wconf 83' lang='grc' dir='ltr'>Κυρίου</span> <span class='ocrx_word' id='word_1_340' title='bbox 765 3010 776 3021; x_wconf 92' lang='grc'><strong>·</strong></span> <span class='ocrx_word' id='word_1_341' title='bbox 800 2993 905 3057; x_wconf 81' lang='grc' dir='ltr'>ἵνα,</span> <span class='ocrx_word' id='word_1_342' title='bbox 931 2992 1115 3063; x_wconf 77' lang='grc' dir='ltr'>ἐπειδὴ</span> <span class='ocrx_word' id='word_1_343' title='bbox 1146 2992 1235 3045; x_wconf 82' lang='grc' dir='ltr'><strong>δύο</strong></span> <span class='ocrx_word' id='word_1_344' title='bbox 1256 2994 1390 3045; x_wconf 59' lang='grc' dir='ltr'>εἰσιν</span> <span class='ocrx_word' id='word_1_345' title='bbox 1416 2993 1470 3044; x_wconf 82' lang='grc' dir='ltr'>ὲν</span> <span class='ocrx_word' id='word_1_346' title='bbox 1498 2991 1574 3062; x_wconf 80' lang='grc' dir='ltr'>τῷ</span> <span class='ocrx_word' id='word_1_347' title='bbox 1599 2991 1731 3061; x_wconf 71' lang='grc' dir='ltr'>πυρὶ</span> <span class='ocrx_word' id='word_1_348' title='bbox 1755 2990 1903 3042; x_wconf 86' lang='grc' dir='ltr'>δυνά-</span> 
     </span>
    </p>
   </div>
   <div class='ocr_carea' id='block_1_44' title="bbox 336 3082 1900 3155">
    <p class='ocr_par' dir='ltr' id='par_1_44' title="bbox 336 3082 1900 3155">
     <span class='ocr_line' id='line_1_44' title="bbox 336 3082 1900 3155; baseline -0.003 -18"><span class='ocrx_word' id='word_1_349' title='bbox 336 3103 476 3155; x_wconf 89' lang='grc' dir='ltr'>μεις,</span> <span class='ocrx_word' id='word_1_350' title='bbox 529 3085 562 3153; x_wconf 78' lang='grc' dir='ltr'><strong>ἦ</strong></span> <span class='ocrx_word' id='word_1_351' title='bbox 620 3101 681 3137; x_wconf 87' lang='grc' dir='ltr'><strong>τε</strong></span> <span class='ocrx_word' id='word_1_352' title='bbox 738 3084 1003 3154; x_wconf 83' lang='grc' dir='ltr'>καυστικὴ</span> <span class='ocrx_word' id='word_1_353' title='bbox 1035 3085 1128 3137; x_wconf 73' lang='grc' dir='ltr'><strong>καὶ</strong></span> <span class='ocrx_word' id='word_1_354' title='bbox 1156 3086 1188 3154; x_wconf 88' lang='grc' dir='ltr'>ή</span> <span class='ocrx_word' id='word_1_355' title='bbox 1230 3083 1525 3153; x_wconf 76' lang='grc' dir='ltr'>φωτιστικὴ</span> <span class='ocrx_word' id='word_1_356' title='bbox 1556 3083 1685 3153; x_wconf 53' lang='lat' dir='ltr'><strong>(Ili),</strong></span> <span class='ocrx_word' id='word_1_357' title='bbox 1716 3082 1775 3135; x_wconf 82' lang='grc' dir='ltr'><strong>τὸ</strong></span> <span class='ocrx_word' id='word_1_358' title='bbox 1806 3083 1900 3152; x_wconf 79' lang='grc' dir='ltr'><strong>μὲν</strong></span> 
     </span>
    </p>
   </div>
   <div class='ocr_carea' id='block_1_45' title="bbox 1998 1887 3586 1966">
    <p class='ocr_par' dir='ltr' id='par_1_45' title="bbox 1998 1887 3586 1966">
     <span class='ocr_line' id='line_1_45' title="bbox 1998 1887 3586 1966; baseline 0.001 -18"><span class='ocrx_word' id='word_1_359' title='bbox 1998 1896 2230 1963; x_wconf 83' lang='lat' dir='ltr'><strong>recepit;</strong></span> <span class='ocrx_word' id='word_1_360' title='bbox 2280 1895 2695 1965; x_wconf 87' lang='lat' dir='ltr'><strong>respirationem</strong></span> <span class='ocrx_word' id='word_1_361' title='bbox 2736 1893 3214 1963; x_wconf 77' lang='lat' dir='ltr'><strong>iucundissimam,</strong></span> <span class='ocrx_word' id='word_1_362' title='bbox 3264 1887 3586 1966; x_wconf 73' lang='lat' dir='ltr'><strong>refrigera-&#39;</strong></span> 
     </span>
    </p>
   </div>
   <div class='ocr_carea' id='block_1_46' title="bbox 1998 1985 3543 2056">
    <p class='ocr_par' dir='ltr' id='par_1_46' title="bbox 1998 1985 3543 2056">
     <span class='ocr_line' id='line_1_46' title="bbox 1998 1985 3543 2056; baseline 0.001 -18"><span class='ocrx_word' id='word_1_363' title='bbox 1998 1987 2303 2055; x_wconf 81' lang='lat' dir='ltr'><strong>tionemque</strong></span> <span class='ocrx_word' id='word_1_364' title='bbox 2330 1986 2510 2056; x_wconf 88' lang='lat' dir='ltr'><strong>pueris</strong></span> <span class='ocrx_word' id='word_1_365' title='bbox 2540 1987 2592 2039; x_wconf 89' lang='lat' dir='ltr'><strong>in</strong></span> <span class='ocrx_word' id='word_1_366' title='bbox 2620 1985 2909 2055; x_wconf 86' lang='lat' dir='ltr'><strong>tranquillo</strong></span> <span class='ocrx_word' id='word_1_367' title='bbox 2937 1994 3078 2040; x_wconf 87' lang='lat' dir='ltr'><strong>statu</strong></span> <span class='ocrx_word' id='word_1_368' title='bbox 3111 1987 3255 2041; x_wconf 78' lang='lat' dir='ltr'><strong>velut</strong></span> <span class='ocrx_word' id='word_1_369' title='bbox 3288 1987 3340 2039; x_wconf 91' lang='lat' dir='ltr'><strong>in</strong></span> <span class='ocrx_word' id='word_1_370' title='bbox 3364 1987 3543 2056; x_wconf 66' lang='lat' dir='ltr'><strong>aliqua</strong></span> 
     </span>
    </p>
   </div>
   <div class='ocr_carea' id='block_1_47' title="bbox 1998 2078 3561 2149">
    <p class='ocr_par' dir='ltr' id='par_1_47' title="bbox 1998 2078 3561 2149">
     <span class='ocr_line' id='line_1_47' title="bbox 1998 2078 3561 2149; baseline 0.003 -19"><span class='ocrx_word' id='word_1_371' title='bbox 1998 2078 2247 2132; x_wconf 87' lang='lat' dir='ltr'><strong>arborqu</strong></span> <span class='ocrx_word' id='word_1_372' title='bbox 2281 2079 2470 2132; x_wconf 86' lang='lat' dir='ltr'><strong>umbra</strong></span> <span class='ocrx_word' id='word_1_373' title='bbox 2504 2078 2811 2135; x_wconf 85' lang='lat' dir='ltr'><strong>constitutis</strong></span> <span class='ocrx_word' id='word_1_374' title='bbox 2862 2079 3236 2149; x_wconf 85' lang='lat' dir='ltr'><strong>suppeditans,</strong></span> <span class='ocrx_word' id='word_1_375' title='bbox 3272 2081 3561 2136; x_wconf 57' lang='lat' dir='ltr'><strong>exhibens-2</strong></span> 
     </span>
    </p>
   </div>
   <div class='ocr_carea' id='block_1_48' title="bbox 1997 2168 3561 2238">
    <p class='ocr_par' dir='ltr' id='par_1_48' title="bbox 1997 2168 3561 2238">
     <span class='ocr_line' id='line_1_48' title="bbox 1997 2168 3561 2238; baseline 0.001 -16"><span class='ocrx_word' id='word_1_376' title='bbox 1997 2183 2122 2237; x_wconf 87' lang='lat' dir='ltr'><strong>que.</strong></span> <span class='ocrx_word' id='word_1_377' title='bbox 2150 2168 2323 2223; x_wconf 79' lang='lat' dir='ltr'><strong>Facta</strong></span> <span class='ocrx_word' id='word_1_378' title='bbox 2348 2180 2420 2223; x_wconf 84' lang='lat' dir='ltr'><strong>est</strong></span> <span class='ocrx_word' id='word_1_379' title='bbox 2452 2170 2610 2233; x_wconf 84' lang='lat' dir='ltr'><strong>enim,</strong></span> <span class='ocrx_word' id='word_1_380' title='bbox 2635 2169 2832 2238; x_wconf 86' lang='lat' dir='ltr'><strong>inquit,</strong></span> <span class='ocrx_word' id='word_1_381' title='bbox 2859 2170 2991 2222; x_wconf 76' lang='lat' dir='ltr'><strong>sicut</strong></span> <span class='ocrx_word' id='word_1_382' title='bbox 3025 2169 3238 2237; x_wconf 72' lang='lat' dir='ltr'><strong>spiritu:</strong></span> <span class='ocrx_word' id='word_1_383' title='bbox 3269 2171 3401 2225; x_wconf 82' lang='lat' dir='ltr'><strong>roris</strong></span> <span class='ocrx_word' id='word_1_384' title='bbox 3433 2172 3561 2225; x_wconf 75' lang='lat' dir='ltr'><strong>sibi-</strong></span> 
     </span>
    </p>
   </div>
   <div class='ocr_carea' id='block_1_49' title="bbox 1997 2260 3555 2333">
    <p class='ocr_par' dir='ltr' id='par_1_49' title="bbox 1997 2260 3555 2333">
     <span class='ocr_line' id='line_1_49' title="bbox 1997 2260 3555 2333; baseline 0.004 -22"><span class='ocrx_word' id='word_1_385' title='bbox 1997 2262 2113 2313; x_wconf 75' lang='lat' dir='ltr'><strong>lans</strong></span> <span class='ocrx_word' id='word_1_386' title='bbox 2137 2261 2204 2314; x_wconf 66' lang='lat'><strong>9‘.</strong></span> <span class='ocrx_word' id='word_1_387' title='bbox 2241 2260 2305 2314; x_wconf 85' lang='lat' dir='ltr'><strong>Et</strong></span> <span class='ocrx_word' id='word_1_388' title='bbox 2334 2270 2482 2315; x_wconf 88' lang='lat' dir='ltr'><strong>certe</strong></span> <span class='ocrx_word' id='word_1_389' title='bbox 2506 2260 2673 2314; x_wconf 89' lang='lat' dir='ltr'><strong>multo</strong></span> <span class='ocrx_word' id='word_1_390' title='bbox 2704 2260 3076 2315; x_wconf 80' lang='lat' dir='ltr'><strong>admirabilius</strong></span> <span class='ocrx_word' id='word_1_391' title='bbox 3112 2270 3194 2315; x_wconf 90' lang='lat' dir='ltr'><strong>est</strong></span> <span class='ocrx_word' id='word_1_392' title='bbox 3232 2262 3372 2333; x_wconf 80' lang='lat' dir='ltr'><strong>ignis</strong></span> <span class='ocrx_word' id='word_1_393' title='bbox 3398 2274 3555 2317; x_wconf 79' lang='lat' dir='ltr'><strong>natu—</strong></span> 
     </span>
    </p>
   </div>
   <div class='ocr_carea' id='block_1_50' title="bbox 1999 2351 3557 2422">
    <p class='ocr_par' dir='ltr' id='par_1_50' title="bbox 1999 2351 3557 2422">
     <span class='ocr_line' id='line_1_50' title="bbox 1999 2351 3557 2422; baseline 0.003 -16"><span class='ocrx_word' id='word_1_394' title='bbox 1999 2367 2112 2406; x_wconf 89' lang='lat' dir='ltr'><strong>ram</strong></span> <span class='ocrx_word' id='word_1_395' title='bbox 2150 2351 2420 2417; x_wconf 87' lang='lat' dir='ltr'><strong>intercidi,</strong></span> <span class='ocrx_word' id='word_1_396' title='bbox 2447 2367 2609 2422; x_wconf 90' lang='lat' dir='ltr'><strong>quam</strong></span> <span class='ocrx_word' id='word_1_397' title='bbox 2641 2367 2790 2406; x_wconf 88' lang='lat' dir='ltr'><strong>mare</strong></span> <span class='ocrx_word' id='word_1_398' title='bbox 2817 2351 3060 2406; x_wconf 84' lang='lat' dir='ltr'><strong>Rubrum</strong></span> <span class='ocrx_word' id='word_1_399' title='bbox 3096 2352 3145 2406; x_wconf 90' lang='lat' dir='ltr'><strong>in</strong></span> <span class='ocrx_word' id='word_1_400' title='bbox 3170 2363 3348 2422; x_wconf 89' lang='lat' dir='ltr'><strong>partes</strong></span> <span class='ocrx_word' id='word_1_401' title='bbox 3368 2354 3557 2416; x_wconf 83' lang='lat' dir='ltr'><strong>dividi.</strong></span> 
     </span>
    </p>
   </div>
   <div class='ocr_carea' id='block_1_51' title="bbox 1997 2440 3560 2511">
    <p class='ocr_par' dir='ltr' id='par_1_51' title="bbox 1997 2440 3560 2511">
     <span class='ocr_line' id='line_1_51' title="bbox 1997 2440 3560 2511; baseline 0.003 -18"><span class='ocrx_word' id='word_1_402' title='bbox 1997 2441 2245 2494; x_wconf 82' lang='lat' dir='ltr'><strong>Attamen</strong></span> <span class='ocrx_word' id='word_1_403' title='bbox 2302 2440 2510 2494; x_wconf 84' lang='lat' dir='ltr'><strong>Domini</strong></span> <span class='ocrx_word' id='word_1_404' title='bbox 2540 2454 2639 2494; x_wconf 79' lang='lat' dir='ltr'><strong>vox</strong></span> <span class='ocrx_word' id='word_1_405' title='bbox 2704 2441 2877 2509; x_wconf 89' lang='lat' dir='ltr'><strong>ignem</strong></span> <span class='ocrx_word' id='word_1_406' title='bbox 2919 2452 3106 2511; x_wconf 85' lang='lat' dir='ltr'><strong>suapte</strong></span> <span class='ocrx_word' id='word_1_407' title='bbox 3153 2453 3343 2496; x_wconf 88' lang='lat' dir='ltr'><strong>natura</strong></span> <span class='ocrx_word' id='word_1_408' title='bbox 3386 2446 3560 2498; x_wconf 77' lang='lat' dir='ltr'><strong>conti-</strong></span> 
     </span>
    </p>
   </div>
   <div class='ocr_carea' id='block_1_52' title="bbox 1999 2529 3559 2603">
    <p class='ocr_par' dir='ltr' id='par_1_52' title="bbox 1999 2529 3559 2603">
     <span class='ocr_line' id='line_1_52' title="bbox 1999 2529 3559 2603; baseline 0.002 -21"><span class='ocrx_word' id='word_1_409' title='bbox 1999 2545 2160 2583; x_wconf 89' lang='lat' dir='ltr'><strong>nuum</strong></span> <span class='ocrx_word' id='word_1_410' title='bbox 2182 2544 2243 2585; x_wconf 90' lang='lat' dir='ltr'><strong>ac</strong></span> <span class='ocrx_word' id='word_1_411' title='bbox 2260 2530 2358 2583; x_wconf 85' lang='lat' dir='ltr'><strong>sibi</strong></span> <span class='ocrx_word' id='word_1_412' title='bbox 2382 2529 2533 2598; x_wconf 74' lang='lat'><strong>121</strong></span> <span class='ocrx_word' id='word_1_413' title='bbox 2560 2530 2915 2585; x_wconf 66' lang='lat' dir='ltr'><strong>cohaerentem</strong></span> <span class='ocrx_word' id='word_1_414' title='bbox 2937 2532 3217 2586; x_wconf 83' lang='lat' dir='ltr'><strong>intercidit.</strong></span> <span class='ocrx_word' id='word_1_415' title='bbox 3243 2531 3559 2603; x_wconf 73' lang='lat' dir='ltr'><strong>Quanquam</strong></span> 
     </span>
    </p>
   </div>
   <div class='ocr_carea' id='block_1_53' title="bbox 2000 2619 3562 2690">
    <p class='ocr_par' dir='ltr' id='par_1_53' title="bbox 2000 2619 3562 2690">
     <span class='ocr_line' id='line_1_53' title="bbox 2000 2619 3562 2690; baseline 0.004 -18"><span class='ocrx_word' id='word_1_416' title='bbox 2000 2619 2162 2688; x_wconf 79' lang='lat' dir='ltr'><strong>igitur</strong></span> <span class='ocrx_word' id='word_1_417' title='bbox 2204 2619 2340 2690; x_wconf 83' lang='lat' dir='ltr'><strong>ignis</strong></span> <span class='ocrx_word' id='word_1_418' title='bbox 2386 2620 2628 2676; x_wconf 88' lang='lat' dir='ltr'><strong>consiliis</strong></span> <span class='ocrx_word' id='word_1_419' title='bbox 2692 2621 2942 2677; x_wconf 90' lang='lat' dir='ltr'><strong>humanis</strong></span> <span class='ocrx_word' id='word_1_420' title='bbox 2990 2624 3297 2679; x_wconf 90' lang='lat' dir='ltr'><strong>iusecahilis</strong></span> <span class='ocrx_word' id='word_1_421' title='bbox 3360 2640 3422 2679; x_wconf 88' lang='lat' dir='ltr'><strong>ac</strong></span> <span class='ocrx_word' id='word_1_422' title='bbox 3483 2626 3562 2679; x_wconf 90' lang='lat' dir='ltr'><strong>in-</strong></span> 
     </span>
    </p>
   </div>
   <div class='ocr_carea' id='block_1_54' title="bbox 2000 2710 3559 2777">
    <p class='ocr_par' dir='ltr' id='par_1_54' title="bbox 2000 2710 3559 2777">
     <span class='ocr_line' id='line_1_54' title="bbox 2000 2710 3559 2777; baseline 0.003 -12"><span class='ocrx_word' id='word_1_423' title='bbox 2000 2710 2249 2765; x_wconf 90' lang='lat' dir='ltr'><strong>dividuus</strong></span> <span class='ocrx_word' id='word_1_424' title='bbox 2279 2711 2491 2767; x_wconf 89' lang='lat' dir='ltr'><strong>videtur</strong></span> <span class='ocrx_word' id='word_1_425' title='bbox 2534 2726 2674 2777; x_wconf 90' lang='lat' dir='ltr'><strong>esse,</strong></span> <span class='ocrx_word' id='word_1_426' title='bbox 2715 2712 3060 2769; x_wconf 85' lang='lat' dir='ltr'><strong>nihilominus</strong></span> <span class='ocrx_word' id='word_1_427' title='bbox 3113 2723 3288 2770; x_wconf 88' lang='lat' dir='ltr'><strong>tamen</strong></span> <span class='ocrx_word' id='word_1_428' title='bbox 3351 2716 3559 2771; x_wconf 86' lang='lat' dir='ltr'><strong>Domini</strong></span> 
     </span>
    </p>
   </div>
   <div class='ocr_carea' id='block_1_55' title="bbox 1996 2800 3559 2877">
    <p class='ocr_par' dir='ltr' id='par_1_55' title="bbox 1996 2800 3559 2877">
     <span class='ocr_line' id='line_1_55' title="bbox 1996 2800 3559 2877; baseline 0.003 -21"><span class='ocrx_word' id='word_1_429' title='bbox 1996 2800 2145 2870; x_wconf 87' lang='lat' dir='ltr'><strong>jussu</strong></span> <span class='ocrx_word' id='word_1_430' title='bbox 2177 2803 2512 2859; x_wconf 87' lang='lat' dir='ltr'><strong>interciditur</strong></span> <span class='ocrx_word' id='word_1_431' title='bbox 2547 2818 2611 2859; x_wconf 83' lang='lat' dir='ltr'><strong>ac</strong></span> <span class='ocrx_word' id='word_1_432' title='bbox 2654 2804 2926 2859; x_wconf 89' lang='lat' dir='ltr'><strong>dividitur.</strong></span> <span class='ocrx_word' id='word_1_433' title='bbox 2983 2804 3163 2873; x_wconf 83' lang='lat' dir='ltr'><strong>Ignem</strong></span> <span class='ocrx_word' id='word_1_434' title='bbox 3220 2817 3398 2862; x_wconf 86' lang='lat' dir='ltr'><strong>autem</strong></span> <span class='ocrx_word' id='word_1_435' title='bbox 3420 2849 3436 2875; x_wconf 95' lang='lat'><strong>,</strong></span> <span class='ocrx_word' id='word_1_436' title='bbox 3468 2809 3559 2877; x_wconf 80' lang='lat' dir='ltr'><strong>qui</strong></span> 
     </span>
    </p>
   </div>
   <div class='ocr_carea' id='block_1_56' title="bbox 2002 2891 3557 2966">
    <p class='ocr_par' dir='ltr' id='par_1_56' title="bbox 2002 2891 3557 2966">
     <span class='ocr_line' id='line_1_56' title="bbox 2002 2891 3557 2966; baseline 0.002 -18"><span class='ocrx_word' id='word_1_437' title='bbox 2002 2891 2211 2948; x_wconf 86' lang='lat' dir='ltr'><strong>diabolo</strong></span> <span class='ocrx_word' id='word_1_438' title='bbox 2241 2902 2295 2947; x_wconf 87' lang='lat' dir='ltr'><strong>et</strong></span> <span class='ocrx_word' id='word_1_439' title='bbox 2323 2893 2526 2964; x_wconf 79' lang='lat' dir='ltr'><strong>angelis</strong></span> <span class='ocrx_word' id='word_1_440' title='bbox 2554 2894 2669 2964; x_wconf 88' lang='lat' dir='ltr'><strong>ejus</strong></span> <span class='ocrx_word' id='word_1_441' title='bbox 2697 2896 2750 2947; x_wconf 90' lang='lat' dir='ltr'><strong>in</strong></span> <span class='ocrx_word' id='word_1_442' title='bbox 2795 2894 3113 2964; x_wconf 86' lang='lat' dir='ltr'><strong>supplicium</strong></span> <span class='ocrx_word' id='word_1_443' title='bbox 3145 2905 3366 2966; x_wconf 88' lang='lat' dir='ltr'><strong>paratus</strong></span> <span class='ocrx_word' id='word_1_444' title='bbox 3395 2896 3557 2961; x_wconf 77' lang='lat' dir='ltr'><strong>eat&quot;,</strong></span> 
     </span>
    </p>
   </div>
   <div class='ocr_carea' id='block_1_57' title="bbox 2002 2985 3561 3045">
    <p class='ocr_par' dir='ltr' id='par_1_57' title="bbox 2002 2985 3561 3045">
     <span class='ocr_line' id='line_1_57' title="bbox 2002 2985 3561 3045; baseline 0.004 -9"><span class='ocrx_word' id='word_1_445' title='bbox 2002 3000 2130 3039; x_wconf 90' lang='lat' dir='ltr'><strong>voce</strong></span> <span class='ocrx_word' id='word_1_446' title='bbox 2173 2985 2381 3041; x_wconf 91' lang='lat' dir='ltr'><strong>Domini</strong></span> <span class='ocrx_word' id='word_1_447' title='bbox 2436 2986 2679 3041; x_wconf 89' lang='lat' dir='ltr'><strong>intercidi</strong></span> <span class='ocrx_word' id='word_1_448' title='bbox 2721 3002 2844 3042; x_wconf 86' lang='lat' dir='ltr'><strong>reor</strong></span> <span class='ocrx_word' id='word_1_449' title='bbox 2895 3008 2907 3042; x_wconf 93' lang='lat'><strong>:</strong></span> <span class='ocrx_word' id='word_1_450' title='bbox 2952 2998 3009 3043; x_wconf 89' lang='lat' dir='ltr'><strong>ut.</strong></span> <span class='ocrx_word' id='word_1_451' title='bbox 3051 3003 3172 3043; x_wconf 89' lang='lat' dir='ltr'><strong>cum</strong></span> <span class='ocrx_word' id='word_1_452' title='bbox 3208 2989 3325 3043; x_wconf 80' lang='lat' dir='ltr'><strong>dua:</strong></span> <span class='ocrx_word' id='word_1_453' title='bbox 3353 2989 3463 3045; x_wconf 87' lang='lat' dir='ltr'><strong>sint</strong></span> <span class='ocrx_word' id='word_1_454' title='bbox 3509 2992 3561 3043; x_wconf 91' lang='lat' dir='ltr'><strong>in</strong></span> 
     </span>
    </p>
   </div>
   <div class='ocr_carea' id='block_1_58' title="bbox 2004 3075 3561 3146">
    <p class='ocr_par' dir='ltr' id='par_1_58' title="bbox 2004 3075 3561 3146">
     <span class='ocr_line' id='line_1_58' title="bbox 2004 3075 3561 3146; baseline 0.004 -16"><span class='ocrx_word' id='word_1_455' title='bbox 2004 3077 2123 3144; x_wconf 83' lang='lat' dir='ltr'><strong>igne</strong></span> <span class='ocrx_word' id='word_1_456' title='bbox 2164 3075 2465 3140; x_wconf 83' lang='lat' dir='ltr'><strong>facultates,</strong></span> <span class='ocrx_word' id='word_1_457' title='bbox 2503 3091 2730 3146; x_wconf 90' lang='lat' dir='ltr'><strong>quarum</strong></span> <span class='ocrx_word' id='word_1_458' title='bbox 2786 3093 2893 3133; x_wconf 90' lang='lat' dir='ltr'><strong>una</strong></span> <span class='ocrx_word' id='word_1_459' title='bbox 2923 3080 3212 3143; x_wconf 90' lang='lat' dir='ltr'><strong>comhurit,</strong></span> <span class='ocrx_word' id='word_1_460' title='bbox 3274 3080 3441 3137; x_wconf 88' lang='lat' dir='ltr'><strong>altera</strong></span> <span class='ocrx_word' id='word_1_461' title='bbox 3500 3081 3561 3136; x_wconf 86' lang='lat' dir='ltr'><strong>il-</strong></span> 
     </span>
    </p>
   </div>
   <div class='ocr_carea' id='block_1_59' title="bbox 330 3162 1896 3245">
    <p class='ocr_par' dir='ltr' id='par_1_59' title="bbox 330 3174 1896 3245">
     <span class='ocr_line' id='line_1_59' title="bbox 330 3174 1896 3245; baseline 0 -18"><span class='ocrx_word' id='word_1_462' title='bbox 330 3175 494 3245; x_wconf 82' lang='grc' dir='ltr'>δριμὺ</span> <span class='ocrx_word' id='word_1_463' title='bbox 525 3175 616 3227; x_wconf 72' lang='grc' dir='ltr'><strong>καὶ</strong></span> <span class='ocrx_word' id='word_1_464' title='bbox 649 3174 963 3228; x_wconf 82' lang='grc' dir='ltr'>κολαστικὸν</span> <span class='ocrx_word' id='word_1_465' title='bbox 984 3174 1076 3227; x_wconf 89' lang='grc' dir='ltr'><strong>τοῦ</strong></span> <span class='ocrx_word' id='word_1_466' title='bbox 1111 3175 1279 3245; x_wconf 81' lang='grc' dir='ltr'>πυρὸς</span> <span class='ocrx_word' id='word_1_467' title='bbox 1309 3178 1419 3237; x_wconf 86' lang='grc' dir='ltr'>τοῖς</span> <span class='ocrx_word' id='word_1_468' title='bbox 1441 3174 1611 3238; x_wconf 81' lang='grc' dir='ltr'>ἀξίοις</span> <span class='ocrx_word' id='word_1_469' title='bbox 1636 3174 1737 3244; x_wconf 82' lang='grc' dir='ltr'>τῆς</span> <span class='ocrx_word' id='word_1_470' title='bbox 1761 3174 1896 3227; x_wconf 73' lang='grc' dir='ltr'>καύ-</span> 
     </span>
    </p>
   </div>
   <div class='ocr_carea' id='block_1_60' title="bbox 2001 3162 3560 3245">
    <p class='ocr_par' dir='ltr' id='par_1_60' title="bbox 2004 3169 3560 3242">
     <span class='ocr_line' id='line_1_60' title="bbox 2004 3169 3560 3242; baseline 0.002 -19"><span class='ocrx_word' id='word_1_471' title='bbox 2004 3170 2239 3234; x_wconf 87' lang='lat' dir='ltr'><strong>lustrat,</strong></span> <span class='ocrx_word' id='word_1_472' title='bbox 2282 3169 2422 3241; x_wconf 90' lang='lat' dir='ltr'><strong>ignis</strong></span> <span class='ocrx_word' id='word_1_473' title='bbox 2451 3170 2666 3240; x_wconf 90' lang='lat' dir='ltr'><strong>quidem</strong></span> <span class='ocrx_word' id='word_1_474' title='bbox 2713 3172 2999 3241; x_wconf 87' lang='lat' dir='ltr'><strong>asperitas,</strong></span> <span class='ocrx_word' id='word_1_475' title='bbox 3034 3187 3098 3227; x_wconf 91' lang='lat' dir='ltr'><strong>ac</strong></span> <span class='ocrx_word' id='word_1_476' title='bbox 3130 3172 3409 3241; x_wconf 88' lang='lat' dir='ltr'><strong>torqueudi</strong></span> <span class='ocrx_word' id='word_1_477' title='bbox 3438 3186 3560 3242; x_wconf 82' lang='lat' dir='ltr'><strong>pru-</strong></span> 
     </span>
    </p>
   </div>
   <div class='ocr_carea' id='block_1_61' title="bbox 337 3262 1897 3334">
    <p class='ocr_par' dir='ltr' id='par_1_61' title="bbox 337 3262 1897 3334">
     <span class='ocr_line' id='line_1_61' title="bbox 337 3262 1897 3334; baseline 0.001 -19"><span class='ocrx_word' id='word_1_478' title='bbox 337 3278 469 3325; x_wconf 81' lang='grc' dir='ltr'>σεως</span> <span class='ocrx_word' id='word_1_479' title='bbox 519 3262 948 3334; x_wconf 81' lang='grc' dir='ltr'>προσαπομείνῃ,</span> <span class='ocrx_word' id='word_1_480' title='bbox 1003 3264 1063 3315; x_wconf 82' lang='grc' dir='ltr'>τὸ</span> <span class='ocrx_word' id='word_1_481' title='bbox 1118 3263 1174 3315; x_wconf 81' lang='grc' dir='ltr'><strong>δὲ</strong></span> <span class='ocrx_word' id='word_1_482' title='bbox 1214 3264 1536 3331; x_wconf 73' lang='grc' dir='ltr'>φωτιστικὸν</span> <span class='ocrx_word' id='word_1_483' title='bbox 1588 3264 1750 3316; x_wconf 85' lang='grc' dir='ltr'>αὑτοῦ</span> <span class='ocrx_word' id='word_1_484' title='bbox 1803 3264 1897 3316; x_wconf 68' lang='grc' dir='ltr'><strong>καὶ</strong></span> 
     </span>
    </p>
   </div>
   <div class='ocr_carea' id='block_1_62' title="bbox 334 3354 1901 3427">
    <p class='ocr_par' dir='ltr' id='par_1_62' title="bbox 334 3354 1901 3427">
     <span class='ocr_line' id='line_1_62' title="bbox 334 3354 1901 3427; baseline 0.001 -20"><span class='ocrx_word' id='word_1_485' title='bbox 334 3354 585 3425; x_wconf 76' lang='grc' dir='ltr'>λαμπρὸν</span> <span class='ocrx_word' id='word_1_486' title='bbox 628 3358 691 3426; x_wconf 83' lang='grc' dir='ltr'>τῇ</span> <span class='ocrx_word' id='word_1_487' title='bbox 723 3355 1036 3426; x_wconf 85' lang='grc' dir='ltr'>φαιδρότητι</span> <span class='ocrx_word' id='word_1_488' title='bbox 1062 3355 1168 3408; x_wconf 83' lang='grc' dir='ltr'><strong>τῶν</strong></span> <span class='ocrx_word' id='word_1_489' title='bbox 1198 3356 1629 3427; x_wconf 77' lang='grc' dir='ltr'>εὐφραινομένων</span> <span class='ocrx_word' id='word_1_490' title='bbox 1662 3358 1901 3427; x_wconf 87' lang='grc' dir='ltr'>ἀποκλη-</span> 
     </span>
    </p>
   </div>
   <div class='ocr_carea' id='block_1_63' title="bbox 339 3442 1901 3520">
    <p class='ocr_par' dir='ltr' id='par_1_63' title="bbox 339 3442 1901 3520">
     <span class='ocr_line' id='line_1_63' title="bbox 339 3442 1901 3520; baseline 0.001 -22"><span class='ocrx_word' id='word_1_491' title='bbox 339 3446 505 3518; x_wconf 80' lang='grc' dir='ltr'>ρωθῇ.</span> <span class='ocrx_word' id='word_1_492' title='bbox 547 3448 701 3516; x_wconf 83' lang='grc' dir='ltr'>Φωνὴ</span> <span class='ocrx_word' id='word_1_493' title='bbox 734 3442 825 3500; x_wconf 78' lang='grc' dir='ltr'><strong>οὖν</strong></span> <span class='ocrx_word' id='word_1_494' title='bbox 865 3448 1069 3518; x_wconf 88' lang='grc' dir='ltr'>Κυρίου</span> <span class='ocrx_word' id='word_1_495' title='bbox 1104 3448 1480 3510; x_wconf 87' lang='grc' dir='ltr'>διακόπτοντος</span> <span class='ocrx_word' id='word_1_496' title='bbox 1514 3448 1687 3516; x_wconf 86' lang='grc' dir='ltr'>φλόγα</span> <span class='ocrx_word' id='word_1_497' title='bbox 1732 3450 1901 3520; x_wconf 74' lang='grc' dir='ltr'>πυρὸς</span> 
     </span>
    </p>
   </div>
   <div class='ocr_carea' id='block_1_64' title="bbox 337 3533 1902 3611">
    <p class='ocr_par' dir='ltr' id='par_1_64' title="bbox 337 3533 1902 3611">
     <span class='ocr_line' id='line_1_64' title="bbox 337 3533 1902 3611; baseline 0.001 -19"><span class='ocrx_word' id='word_1_498' title='bbox 337 3540 434 3592; x_wconf 69' lang='grc' dir='ltr'><strong>καὶ</strong></span> <span class='ocrx_word' id='word_1_499' title='bbox 470 3538 799 3610; x_wconf 78' lang='grc' dir='ltr'>μερίζοντος,</span> <span class='ocrx_word' id='word_1_500' title='bbox 849 3538 923 3601; x_wconf 85' lang='grc' dir='ltr'>ὼς</span> <span class='ocrx_word' id='word_1_501' title='bbox 954 3538 1202 3609; x_wconf 76' lang='grc' dir='ltr'>ἀλαμπὲς</span> <span class='ocrx_word' id='word_1_502' title='bbox 1252 3540 1347 3608; x_wconf 78' lang='grc' dir='ltr'><strong>μὲν</strong></span> <span class='ocrx_word' id='word_1_503' title='bbox 1400 3533 1623 3592; x_wconf 73' lang='grc' dir='ltr'>εἶναιτὸ</span> <span class='ocrx_word' id='word_1_504' title='bbox 1668 3540 1777 3611; x_wconf 88' lang='grc' dir='ltr'><strong>πῦρ</strong></span> <span class='ocrx_word' id='word_1_505' title='bbox 1806 3540 1902 3610; x_wconf 81' lang='grc' dir='ltr'>τῆς</span> 
     </span>
    </p>
   </div>
   <div class='ocr_carea' id='block_1_65' title="bbox 338 3630 1903 3700">
    <p class='ocr_par' dir='ltr' id='par_1_65' title="bbox 338 3630 1903 3700">
     <span class='ocr_line' id='line_1_65' title="bbox 338 3630 1903 3700; baseline 0 -17"><span class='ocrx_word' id='word_1_506' title='bbox 338 3631 628 3694; x_wconf 79' lang='grc' dir='ltr'>κολάσεως,</span> <span class='ocrx_word' id='word_1_507' title='bbox 663 3632 929 3684; x_wconf 79' lang='grc' dir='ltr'>ἄκαυστόν</span> <span class='ocrx_word' id='word_1_508' title='bbox 952 3630 1007 3682; x_wconf 82' lang='grc' dir='ltr'>δὲ</span> <span class='ocrx_word' id='word_1_509' title='bbox 1038 3631 1096 3682; x_wconf 83' lang='grc' dir='ltr'><strong>τὸ</strong></span> <span class='ocrx_word' id='word_1_510' title='bbox 1118 3630 1230 3699; x_wconf 80' lang='grc' dir='ltr'><strong>φῶς</strong></span> <span class='ocrx_word' id='word_1_511' title='bbox 1256 3630 1355 3700; x_wconf 78' lang='grc' dir='ltr'>τῆς</span> <span class='ocrx_word' id='word_1_512' title='bbox 1384 3630 1739 3694; x_wconf 82' lang='grc' dir='ltr'>ἀναπαύσεως</span> <span class='ocrx_word' id='word_1_513' title='bbox 1769 3632 1903 3686; x_wconf 83' lang='grc' dir='ltr'>ἀπο-</span> 
     </span>
    </p>
   </div>
   <div class='ocr_carea' id='block_1_66' title="bbox 343 3722 1901 3794">
    <p class='ocr_par' dir='ltr' id='par_1_66' title="bbox 343 3722 1901 3794">
     <span class='ocr_line' id='line_1_66' title="bbox 343 3722 1901 3794; baseline -0.001 -19"><span class='ocrx_word' id='word_1_514' title='bbox 343 3726 540 3794; x_wconf 80' lang='grc' dir='ltr'>μεῖναι.</span> <span class='ocrx_word' id='word_1_515' title='bbox 589 3722 758 3791; x_wconf 75' lang='grc' dir='ltr'><strong>Φωνὴ</strong></span> <span class='ocrx_word' id='word_1_516' title='bbox 807 3723 1026 3790; x_wconf 84' lang='grc' dir='ltr'>Κυρίου</span> <span class='ocrx_word' id='word_1_517' title='bbox 1075 3723 1467 3788; x_wconf 77' lang='grc' dir='ltr'>συσσείοντος</span> <span class='ocrx_word' id='word_1_518' title='bbox 1503 3725 1742 3791; x_wconf 76' lang='grc' dir='ltr'>ἔρημον.</span> <span class='ocrx_word' id='word_1_519' title='bbox 1789 3723 1901 3774; x_wconf 79' lang='grc' dir='ltr'><strong>Ἐπ’</strong></span> 
     </span>
    </p>
   </div>
   <div class='ocr_carea' id='block_1_67' title="bbox 338 3815 1901 3889">
    <p class='ocr_par' dir='ltr' id='par_1_67' title="bbox 338 3815 1901 3889">
     <span class='ocr_line' id='line_1_67' title="bbox 338 3815 1901 3889; baseline 0.003 -22"><span class='ocrx_word' id='word_1_520' title='bbox 338 3815 623 3886; x_wconf 81' lang='grc' dir='ltr'>εὐεργεσίᾳ</span> <span class='ocrx_word' id='word_1_521' title='bbox 655 3816 753 3885; x_wconf 81' lang='grc' dir='ltr'>τῆς</span> <span class='ocrx_word' id='word_1_522' title='bbox 791 3816 996 3885; x_wconf 81' lang='grc' dir='ltr'>ἐρήμου</span> <span class='ocrx_word' id='word_1_523' title='bbox 1030 3816 1057 3867; x_wconf 85' lang='grc' dir='ltr'>ὁ</span> <span class='ocrx_word' id='word_1_524' title='bbox 1098 3815 1420 3885; x_wconf 80' lang='grc' dir='ltr'>συσσεισμὸς</span> <span class='ocrx_word' id='word_1_525' title='bbox 1458 3817 1591 3887; x_wconf 80' lang='grc' dir='ltr'>αὑτῇ</span> <span class='ocrx_word' id='word_1_526' title='bbox 1628 3818 1777 3889; x_wconf 76' lang='grc' dir='ltr'>παρὰ</span> <span class='ocrx_word' id='word_1_527' title='bbox 1811 3816 1901 3870; x_wconf 86' lang='grc' dir='ltr'><strong>τοῦ</strong></span> 
     </span>
    </p>
   </div>
   <div class='ocr_carea' id='block_1_68' title="bbox 338 3906 1903 3981">
    <p class='ocr_par' dir='ltr' id='par_1_68' title="bbox 338 3906 1903 3981">
     <span class='ocr_line' id='line_1_68' title="bbox 338 3906 1903 3981; baseline 0.003 -23"><span class='ocrx_word' id='word_1_528' title='bbox 338 3907 541 3979; x_wconf 83' lang='grc' dir='ltr'>Κυρίου</span> <span class='ocrx_word' id='word_1_529' title='bbox 571 3908 951 3977; x_wconf 77' lang='grc' dir='ltr'>οἰκονομεῖται,</span> <span class='ocrx_word' id='word_1_530' title='bbox 993 3907 1096 3965; x_wconf 81' lang='grc' dir='ltr'>ἵνα,</span> <span class='ocrx_word' id='word_1_531' title='bbox 1130 3906 1499 3977; x_wconf 88' lang='grc' dir='ltr'>μεταϐαλοῦσα</span> <span class='ocrx_word' id='word_1_532' title='bbox 1528 3909 1633 3960; x_wconf 86' lang='grc' dir='ltr'><strong>ἀπὸ</strong></span> <span class='ocrx_word' id='word_1_533' title='bbox 1657 3909 1748 3961; x_wconf 88' lang='grc' dir='ltr'><strong>τοῦ</strong></span> <span class='ocrx_word' id='word_1_534' title='bbox 1777 3909 1903 3981; x_wconf 75' lang='grc' dir='ltr'>ἐρη-</span> 
     </span>
    </p>
   </div>
   <div class='ocr_carea' id='block_1_69' title="bbox 345 3993 1900 4071">
    <p class='ocr_par' dir='ltr' id='par_1_69' title="bbox 345 3993 1900 4071">
     <span class='ocr_line' id='line_1_69' title="bbox 345 3993 1900 4071; baseline 0 -21"><span class='ocrx_word' id='word_1_535' title='bbox 345 4016 442 4069; x_wconf 88' lang='grc' dir='ltr'><strong>μος</strong></span> <span class='ocrx_word' id='word_1_536' title='bbox 470 3993 627 4062; x_wconf 78' lang='grc' dir='ltr'>εἶναι,</span> <span class='ocrx_word' id='word_1_537' title='bbox 673 3998 894 4068; x_wconf 84' lang='grc' dir='ltr'>γένηται</span> <span class='ocrx_word' id='word_1_538' title='bbox 924 3998 996 4067; x_wconf 80' lang='grc' dir='ltr'>γῆ</span> <span class='ocrx_word' id='word_1_539' title='bbox 1032 3999 1447 4068; x_wconf 79' lang='grc' dir='ltr'>κατοικουμένη,</span> <span class='ocrx_word' id='word_1_540' title='bbox 1473 3999 1566 4052; x_wconf 75' lang='grc' dir='ltr'><strong>καὶ</strong></span> <span class='ocrx_word' id='word_1_541' title='bbox 1596 3998 1900 4071; x_wconf 78' lang='grc' dir='ltr'>ἀποθεμένη</span> 
     </span>
    </p>
   </div>
   <div class='ocr_carea' id='block_1_70' title="bbox 338 4090 1903 4163">
    <p class='ocr_par' dir='ltr' id='par_1_70' title="bbox 338 4090 1903 4163">
     <span class='ocr_line' id='line_1_70' title="bbox 338 4090 1903 4163; baseline 0.003 -22"><span class='ocrx_word' id='word_1_542' title='bbox 338 4090 399 4141; x_wconf 83' lang='grc' dir='ltr'><strong>τὸ</strong></span> <span class='ocrx_word' id='word_1_543' title='bbox 431 4090 527 4159; x_wconf 78' lang='grc' dir='ltr'>τῆς</span> <span class='ocrx_word' id='word_1_544' title='bbox 554 4090 804 4152; x_wconf 83' lang='grc' dir='ltr'>ἀτεκνίας</span> <span class='ocrx_word' id='word_1_545' title='bbox 835 4091 1056 4155; x_wconf 76' lang='grc' dir='ltr'>ὄνειδος,</span> <span class='ocrx_word' id='word_1_546' title='bbox 1100 4090 1199 4159; x_wconf 77' lang='grc' dir='ltr'>τῆς</span> <span class='ocrx_word' id='word_1_547' title='bbox 1250 4090 1603 4154; x_wconf 86' lang='grc' dir='ltr'>πολυπαιδίας</span> <span class='ocrx_word' id='word_1_548' title='bbox 1652 4092 1789 4163; x_wconf 81' lang='grc' dir='ltr'>λάϐῃ</span> <span class='ocrx_word' id='word_1_549' title='bbox 1816 4094 1903 4145; x_wconf 78' lang='grc' dir='ltr'><strong>τὸν</strong></span> 
     </span>
    </p>
   </div>
   <div class='ocr_carea' id='block_1_71' title="bbox 340 4180 1905 4253">
    <p class='ocr_par' dir='ltr' id='par_1_71' title="bbox 340 4180 1905 4253">
     <span class='ocr_line' id='line_1_71' title="bbox 340 4180 1905 4253; baseline 0.004 -22"><span class='ocrx_word' id='word_1_550' title='bbox 340 4180 558 4234; x_wconf 80' lang='grc' dir='ltr'>ἔπαινον</span> <span class='ocrx_word' id='word_1_551' title='bbox 589 4180 814 4249; x_wconf 77' lang='grc' dir='ltr'><em>(Πολλὰ</em></span> <span class='ocrx_word' id='word_1_552' title='bbox 836 4180 943 4251; x_wconf 78' lang='grc' dir='ltr'>γὰρ</span> <span class='ocrx_word' id='word_1_553' title='bbox 972 4182 1043 4235; x_wconf 81' lang='grc' dir='ltr'>τὰ</span> <span class='ocrx_word' id='word_1_554' title='bbox 1067 4180 1245 4234; x_wconf 73' lang='grc' dir='ltr'>τέκνα</span> <span class='ocrx_word' id='word_1_555' title='bbox 1272 4182 1379 4248; x_wconf 85' lang='grc' dir='ltr'>τῆς</span> <span class='ocrx_word' id='word_1_556' title='bbox 1405 4182 1644 4251; x_wconf 81' lang='grc' dir='ltr'>ἐρήμου,</span> <span class='ocrx_word' id='word_1_557' title='bbox 1666 4182 1905 4253; x_wconf 70' lang='grc' dir='ltr'><em>μᾶλλον</em></span> 
     </span>
    </p>
   </div>
   <div class='ocr_carea' id='block_1_72' title="bbox 340 4271 1901 4342">
    <p class='ocr_par' dir='ltr' id='par_1_72' title="bbox 340 4271 1901 4342">
     <span class='ocr_line' id='line_1_72' title="bbox 340 4271 1901 4342; baseline 0.003 -18"><span class='ocrx_word' id='word_1_558' title='bbox 340 4272 378 4339; x_wconf 76' lang='grc' dir='ltr'><strong>ἢ</strong></span> <span class='ocrx_word' id='word_1_559' title='bbox 410 4272 518 4340; x_wconf 83' lang='grc' dir='ltr'>τῆς</span> <span class='ocrx_word' id='word_1_560' title='bbox 560 4273 822 4341; x_wconf 82' lang='grc' dir='ltr'>ἐχούσης</span> <span class='ocrx_word' id='word_1_561' title='bbox 878 4272 982 4325; x_wconf 75' lang='grc' dir='ltr'><strong>τὸν</strong></span> <span class='ocrx_word' id='word_1_562' title='bbox 1006 4271 1236 4342; x_wconf 73' lang='grc' dir='ltr'>ἄνδρα),</span> <span class='ocrx_word' id='word_1_563' title='bbox 1298 4274 1390 4326; x_wconf 81' lang='grc' dir='ltr'><strong>καὶ</strong></span> <span class='ocrx_word' id='word_1_564' title='bbox 1436 4274 1542 4327; x_wconf 82' lang='grc' dir='ltr'><strong>τῶν</strong></span> <span class='ocrx_word' id='word_1_565' title='bbox 1577 4276 1780 4329; x_wconf 88' lang='grc' dir='ltr'>ὑδάτων</span> <span class='ocrx_word' id='word_1_566' title='bbox 1810 4276 1901 4329; x_wconf 88' lang='grc' dir='ltr'><strong>τοῦ</strong></span> 
     </span>
    </p>
   </div>
   <div class='ocr_carea' id='block_1_73' title="bbox 341 4364 1904 4439">
    <p class='ocr_par' dir='ltr' id='par_1_73' title="bbox 341 4364 1904 4439">
     <span class='ocr_line' id='line_1_73' title="bbox 341 4364 1904 4439; baseline 0.004 -24"><span class='ocrx_word' id='word_1_567' title='bbox 341 4364 644 4433; x_wconf 81' lang='grc' dir='ltr'>πνεύματος</span> <span class='ocrx_word' id='word_1_568' title='bbox 673 4364 1036 4435; x_wconf 87' lang='grc' dir='ltr'>πληρωθεῖσα,</span> <span class='ocrx_word' id='word_1_569' title='bbox 1064 4366 1288 4436; x_wconf 84' lang='grc' dir='ltr'>γένηται</span> <span class='ocrx_word' id='word_1_570' title='bbox 1311 4368 1343 4436; x_wconf 83' lang='grc' dir='ltr'>ἠ</span> <span class='ocrx_word' id='word_1_571' title='bbox 1369 4367 1473 4437; x_wconf 84' lang='grc' dir='ltr'><strong>πρὸ</strong></span> <span class='ocrx_word' id='word_1_572' title='bbox 1492 4367 1678 4421; x_wconf 87' lang='grc' dir='ltr'>τούτου</span> <span class='ocrx_word' id='word_1_573' title='bbox 1704 4368 1904 4439; x_wconf 82' lang='grc' dir='ltr'>ἕρημος</span> 
     </span>
    </p>
   </div>
   <div class='ocr_carea' id='block_1_74' title="bbox 339 4450 1906 4525">
    <p class='ocr_par' dir='ltr' id='par_1_74' title="bbox 339 4450 1906 4525">
     <span class='ocr_line' id='line_1_74' title="bbox 339 4450 1906 4525; baseline 0.008 -25"><span class='ocrx_word' id='word_1_574' title='bbox 339 4450 420 4511; x_wconf 88' lang='grc' dir='ltr'><strong>εἰς</strong></span> <span class='ocrx_word' id='word_1_575' title='bbox 447 4450 637 4520; x_wconf 89' lang='grc' dir='ltr'>λίμνας</span> <span class='ocrx_word' id='word_1_576' title='bbox 664 4450 885 4507; x_wconf 88' lang='grc' dir='ltr'>ὑδάτων.</span> <span class='ocrx_word' id='word_1_577' title='bbox 921 4452 1029 4505; x_wconf 78' lang='grc' dir='ltr'>Καὶ</span> <span class='ocrx_word' id='word_1_578' title='bbox 1065 4453 1384 4507; x_wconf 88' lang='grc' dir='ltr'>συσσείσει</span> <span class='ocrx_word' id='word_1_579' title='bbox 1402 4456 1615 4523; x_wconf 90' lang='grc' dir='ltr'>Κύριος</span> <span class='ocrx_word' id='word_1_580' title='bbox 1642 4456 1755 4525; x_wconf 82' lang='grc' dir='ltr'><strong>τὴν</strong></span> <span class='ocrx_word' id='word_1_581' title='bbox 1781 4459 1906 4525; x_wconf 82' lang='grc' dir='ltr'>ἐρη-</span> 
     </span>
    </p>
   </div>
   <div class='ocr_carea' id='block_1_75' title="bbox 1999 3260 3562 3333">
    <p class='ocr_par' dir='ltr' id='par_1_75' title="bbox 1999 3260 3562 3333">
     <span class='ocr_line' id='line_1_75' title="bbox 1999 3260 3562 3333; baseline 0.001 -20"><span class='ocrx_word' id='word_1_582' title='bbox 1999 3261 2202 3330; x_wconf 88' lang='lat' dir='ltr'><strong>prietas</strong></span> <span class='ocrx_word' id='word_1_583' title='bbox 2236 3261 2300 3315; x_wconf 91' lang='lat' dir='ltr'><strong>iis</strong></span> <span class='ocrx_word' id='word_1_584' title='bbox 2334 3260 2425 3331; x_wconf 90' lang='lat' dir='ltr'><strong>qui</strong></span> <span class='ocrx_word' id='word_1_585' title='bbox 2465 3261 2750 3317; x_wconf 89' lang='lat' dir='ltr'><strong>adustione</strong></span> <span class='ocrx_word' id='word_1_586' title='bbox 2772 3262 2918 3333; x_wconf 89' lang='lat' dir='ltr'><strong>digni</strong></span> <span class='ocrx_word' id='word_1_587' title='bbox 2953 3272 3079 3319; x_wconf 88' lang='lat' dir='ltr'><strong>sunt</strong></span> <span class='ocrx_word' id='word_1_588' title='bbox 3107 3274 3352 3319; x_wconf 77' lang='lat' dir='ltr'><strong>servetur</strong></span> <span class='ocrx_word' id='word_1_589' title='bbox 3386 3264 3562 3321; x_wconf 70' lang='lat' dir='ltr'><strong>:illius</strong></span> 
     </span>
    </p>
   </div>
   <div class='ocr_carea' id='block_1_76' title="bbox 2005 3351 3563 3428">
    <p class='ocr_par' dir='ltr' id='par_1_76' title="bbox 2005 3351 3563 3428">
     <span class='ocr_line' id='line_1_76' title="bbox 2005 3351 3563 3428; baseline 0.004 -25"><span class='ocrx_word' id='word_1_590' title='bbox 2005 3366 2130 3405; x_wconf 75' lang='lat' dir='ltr'><strong>vero</strong></span> <span class='ocrx_word' id='word_1_591' title='bbox 2155 3351 2405 3421; x_wconf 82' lang='lat' dir='ltr'><strong>splendor</strong></span> <span class='ocrx_word' id='word_1_592' title='bbox 2448 3359 2502 3405; x_wconf 86' lang='lat' dir='ltr'><strong>et</strong></span> <span class='ocrx_word' id='word_1_593' title='bbox 2542 3352 2764 3407; x_wconf 84' lang='lat' dir='ltr'><strong>claritas</strong></span> <span class='ocrx_word' id='word_1_594' title='bbox 2797 3352 2863 3406; x_wconf 91' lang='lat' dir='ltr'><strong>ad</strong></span> <span class='ocrx_word' id='word_1_595' title='bbox 2898 3353 3225 3409; x_wconf 88' lang='lat' dir='ltr'><strong>hilaritatem</strong></span> <span class='ocrx_word' id='word_1_596' title='bbox 3260 3370 3444 3410; x_wconf 91' lang='lat' dir='ltr'><strong>eorum</strong></span> <span class='ocrx_word' id='word_1_597' title='bbox 3471 3358 3563 3428; x_wconf 90' lang='lat' dir='ltr'><strong>qui</strong></span> 
     </span>
    </p>
   </div>
   <div class='ocr_carea' id='block_1_77' title="bbox 2003 3441 3560 3512">
    <p class='ocr_par' dir='ltr' id='par_1_77' title="bbox 2003 3441 3560 3512">
     <span class='ocr_line' id='line_1_77' title="bbox 2003 3441 3560 3512; baseline 0.005 -17"><span class='ocrx_word' id='word_1_598' title='bbox 2003 3441 2174 3496; x_wconf 72' lang='lat' dir='ltr'><strong>laetam</strong></span> <span class='ocrx_word' id='word_1_599' title='bbox 2220 3456 2283 3498; x_wconf 91' lang='lat' dir='ltr'><strong>ac</strong></span> <span class='ocrx_word' id='word_1_600' title='bbox 2328 3444 2537 3498; x_wconf 87' lang='lat' dir='ltr'><strong>beatam</strong></span> <span class='ocrx_word' id='word_1_601' title='bbox 2594 3444 2757 3498; x_wconf 90' lang='lat' dir='ltr'><strong>vitam</strong></span> <span class='ocrx_word' id='word_1_602' title='bbox 2811 3447 2984 3500; x_wconf 88' lang='lat' dir='ltr'><strong>acturi</strong></span> <span class='ocrx_word' id='word_1_603' title='bbox 3048 3454 3194 3512; x_wconf 87' lang='lat' dir='ltr'><strong>sunt,</strong></span> <span class='ocrx_word' id='word_1_604' title='bbox 3247 3447 3560 3503; x_wconf 87' lang='lat' dir='ltr'><strong>destinetur.</strong></span> 
     </span>
    </p>
   </div>
   <div class='ocr_carea' id='block_1_78' title="bbox 2002 3532 3564 3604">
    <p class='ocr_par' dir='ltr' id='par_1_78' title="bbox 2002 3532 3564 3604">
     <span class='ocr_line' id='line_1_78' title="bbox 2002 3532 3564 3604; baseline 0.007 -18"><span class='ocrx_word' id='word_1_605' title='bbox 2002 3532 2118 3588; x_wconf 83' lang='lat' dir='ltr'><strong>Vox</strong></span> <span class='ocrx_word' id='word_1_606' title='bbox 2147 3534 2309 3602; x_wconf 86' lang='lat' dir='ltr'><strong>igitur</strong></span> <span class='ocrx_word' id='word_1_607' title='bbox 2339 3533 2548 3589; x_wconf 89' lang='lat' dir='ltr'><strong>Domini</strong></span> <span class='ocrx_word' id='word_1_608' title='bbox 2578 3533 2949 3592; x_wconf 89' lang='lat' dir='ltr'><strong>intercidentis</strong></span> <span class='ocrx_word' id='word_1_609' title='bbox 2970 3578 2984 3604; x_wconf 92' lang='lat'><strong>,</strong></span> <span class='ocrx_word' id='word_1_610' title='bbox 3012 3553 3075 3594; x_wconf 89' lang='lat' dir='ltr'><strong>ac</strong></span> <span class='ocrx_word' id='word_1_611' title='bbox 3106 3540 3394 3595; x_wconf 84' lang='lat' dir='ltr'><strong>dividentis</strong></span> <span class='ocrx_word' id='word_1_612' title='bbox 3415 3540 3564 3597; x_wconf 84' lang='lat' dir='ltr'><strong>ﬂam—</strong></span> 
     </span>
    </p>
   </div>
   <div class='ocr_carea' id='block_1_79' title="bbox 2003 3627 3565 3704">
    <p class='ocr_par' dir='ltr' id='par_1_79' title="bbox 2003 3627 3565 3704">
     <span class='ocr_line' id='line_1_79' title="bbox 2003 3627 3565 3704; baseline 0.006 -24"><span class='ocrx_word' id='word_1_613' title='bbox 2003 3642 2141 3681; x_wconf 89' lang='lat' dir='ltr'><strong>mam</strong></span> <span class='ocrx_word' id='word_1_614' title='bbox 2173 3627 2334 3697; x_wconf 81' lang='lat' dir='ltr'><strong>ignis,</strong></span> <span class='ocrx_word' id='word_1_615' title='bbox 2376 3628 2511 3684; x_wconf 90' lang='lat' dir='ltr'><strong>adeo</strong></span> <span class='ocrx_word' id='word_1_616' title='bbox 2534 3639 2589 3683; x_wconf 91' lang='lat' dir='ltr'><strong>ut</strong></span> <span class='ocrx_word' id='word_1_617' title='bbox 2609 3631 2853 3700; x_wconf 89' lang='lat' dir='ltr'><strong>supplicii</strong></span> <span class='ocrx_word' id='word_1_618' title='bbox 2884 3632 3101 3701; x_wconf 87' lang='lat' dir='ltr'><strong>quidem</strong></span> <span class='ocrx_word' id='word_1_619' title='bbox 3136 3633 3275 3704; x_wconf 90' lang='lat' dir='ltr'><strong>ignis</strong></span> <span class='ocrx_word' id='word_1_620' title='bbox 3304 3635 3565 3690; x_wconf 88' lang='lat' dir='ltr'><strong>obscurus</strong></span> 
     </span>
    </p>
   </div>
   <div class='ocr_carea' id='block_1_80' title="bbox 2003 3720 3559 3792">
    <p class='ocr_par' dir='ltr' id='par_1_80' title="bbox 2003 3720 3559 3792">
     <span class='ocr_line' id='line_1_80' title="bbox 2003 3720 3559 3792; baseline 0.006 -20"><span class='ocrx_word' id='word_1_621' title='bbox 2003 3721 2121 3787; x_wconf 88' lang='lat' dir='ltr'><strong>sit,</strong></span> <span class='ocrx_word' id='word_1_622' title='bbox 2183 3720 2271 3775; x_wconf 77' lang='lat' dir='ltr'><strong>lux</strong></span> <span class='ocrx_word' id='word_1_623' title='bbox 2336 3735 2465 3775; x_wconf 90' lang='lat' dir='ltr'><strong>vero</strong></span> <span class='ocrx_word' id='word_1_624' title='bbox 2491 3722 2791 3792; x_wconf 87' lang='lat' dir='ltr'><strong>requietis,</strong></span> <span class='ocrx_word' id='word_1_625' title='bbox 2854 3724 2906 3777; x_wconf 93' lang='lat' dir='ltr'><strong>vi</strong></span> <span class='ocrx_word' id='word_1_626' title='bbox 2961 3735 3143 3780; x_wconf 86' lang='lat' dir='ltr'><strong>careat</strong></span> <span class='ocrx_word' id='word_1_627' title='bbox 3192 3725 3559 3782; x_wconf 89' lang='lat' dir='ltr'><strong>comburendi.</strong></span> 
     </span>
    </p>
   </div>
   <div class='ocr_carea' id='block_1_81' title="bbox 2005 3810 3565 3876">
    <p class='ocr_par' dir='ltr' id='par_1_81' title="bbox 2005 3810 3565 3876">
     <span class='ocr_line' id='line_1_81' title="bbox 2005 3810 3565 3876; baseline 0.007 -13"><span class='ocrx_word' id='word_1_628' title='bbox 2005 3810 2161 3866; x_wconf 73' lang='lat' dir='ltr'><strong>Vens.</strong></span> <span class='ocrx_word' id='word_1_629' title='bbox 2195 3812 2248 3867; x_wconf 93' lang='lat'><strong>8.</strong></span> <span class='ocrx_word' id='word_1_630' title='bbox 2294 3812 2407 3869; x_wconf 69' lang='grc' dir='ltr'>γοα</span> <span class='ocrx_word' id='word_1_631' title='bbox 2443 3813 2656 3869; x_wconf 84' lang='lat' dir='ltr'><strong>Domini</strong></span> <span class='ocrx_word' id='word_1_632' title='bbox 2710 3818 3055 3872; x_wconf 73' lang='lat' dir='ltr'><strong>concutientia</strong></span> <span class='ocrx_word' id='word_1_633' title='bbox 3104 3818 3386 3873; x_wconf 72' lang='lat' dir='ltr'><strong>desertum.</strong></span> <span class='ocrx_word' id='word_1_634' title='bbox 3423 3820 3565 3876; x_wconf 89' lang='lat' dir='ltr'><strong>Con-</strong></span> 
     </span>
    </p>
   </div>
   <div class='ocr_carea' id='block_1_82' title="bbox 2004 3905 3563 3978">
    <p class='ocr_par' dir='ltr' id='par_1_82' title="bbox 2004 3905 3563 3978">
     <span class='ocr_line' id='line_1_82' title="bbox 2004 3905 3563 3978; baseline 0.005 -20"><span class='ocrx_word' id='word_1_635' title='bbox 2004 3905 2182 3959; x_wconf 88' lang='lat' dir='ltr'><strong>cussio</strong></span> <span class='ocrx_word' id='word_1_636' title='bbox 2245 3905 2333 3960; x_wconf 89' lang='lat' dir='ltr'><strong>illa</strong></span> <span class='ocrx_word' id='word_1_637' title='bbox 2396 3920 2427 3960; x_wconf 88' lang='lat' dir='ltr'><strong>a</strong></span> <span class='ocrx_word' id='word_1_638' title='bbox 2495 3906 2722 3963; x_wconf 91' lang='lat' dir='ltr'><strong>Domino</strong></span> <span class='ocrx_word' id='word_1_639' title='bbox 2752 3908 3096 3978; x_wconf 89' lang='lat' dir='ltr'><strong>dispensatur</strong></span> <span class='ocrx_word' id='word_1_640' title='bbox 3128 3910 3343 3966; x_wconf 89' lang='lat' dir='ltr'><strong>deserto</strong></span> <span class='ocrx_word' id='word_1_641' title='bbox 3366 3912 3417 3966; x_wconf 92' lang='lat' dir='ltr'><strong>in</strong></span> <span class='ocrx_word' id='word_1_642' title='bbox 3448 3912 3563 3973; x_wconf 83' lang='lat' dir='ltr'><strong>loco</strong></span> 
     </span>
    </p>
   </div>
   <div class='ocr_carea' id='block_1_83' title="bbox 2004 3996 3566 4069">
    <p class='ocr_par' dir='ltr' id='par_1_83' title="bbox 2004 3996 3566 4069">
     <span class='ocr_line' id='line_1_83' title="bbox 2004 3996 3566 4069; baseline 0.003 -18"><span class='ocrx_word' id='word_1_643' title='bbox 2004 3996 2274 4065; x_wconf 82' lang='lat' dir='ltr'><strong>beneﬁcii,</strong></span> <span class='ocrx_word' id='word_1_644' title='bbox 2304 4006 2365 4052; x_wconf 90' lang='lat' dir='ltr'><strong>ut</strong></span> <span class='ocrx_word' id='word_1_645' title='bbox 2398 3996 2698 4068; x_wconf 86' lang='lat' dir='ltr'><strong>ipsumjam</strong></span> <span class='ocrx_word' id='word_1_646' title='bbox 2731 4008 3094 4069; x_wconf 89' lang='lat' dir='ltr'><strong>permutatum</strong></span> <span class='ocrx_word' id='word_1_647' title='bbox 3129 4015 3195 4056; x_wconf 79' lang='lat' dir='ltr'><strong>ex</strong></span> <span class='ocrx_word' id='word_1_648' title='bbox 3234 4001 3447 4057; x_wconf 85' lang='lat' dir='ltr'><strong>deserto</strong></span> <span class='ocrx_word' id='word_1_649' title='bbox 3474 4004 3566 4062; x_wconf 81' lang='lat' dir='ltr'><strong>tiat</strong></span> 
     </span>
    </p>
   </div>
   <div class='ocr_carea' id='block_1_84' title="bbox 2007 4087 3559 4164">
    <p class='ocr_par' dir='ltr' id='par_1_84' title="bbox 2007 4087 3559 4164">
     <span class='ocr_line' id='line_1_84' title="bbox 2007 4087 3559 4164; baseline 0.004 -21"><span class='ocrx_word' id='word_1_650' title='bbox 2007 4098 2145 4143; x_wconf 89' lang='lat' dir='ltr'><strong>terra</strong></span> <span class='ocrx_word' id='word_1_651' title='bbox 2213 4087 2489 4154; x_wconf 87' lang='lat' dir='ltr'><strong>habitata,</strong></span> <span class='ocrx_word' id='word_1_652' title='bbox 2560 4098 2647 4156; x_wconf 87' lang='lat' dir='ltr'><strong>et,</strong></span> <span class='ocrx_word' id='word_1_653' title='bbox 2703 4090 2945 4160; x_wconf 88' lang='lat' dir='ltr'><strong>deposito</strong></span> <span class='ocrx_word' id='word_1_654' title='bbox 2994 4091 3293 4149; x_wconf 89' lang='lat' dir='ltr'><strong>sterilitatis</strong></span> <span class='ocrx_word' id='word_1_655' title='bbox 3344 4096 3559 4164; x_wconf 87' lang='lat' dir='ltr'><strong>probro,</strong></span> 
     </span>
    </p>
   </div>
   <div class='ocr_carea' id='block_1_85' title="bbox 2007 4182 3556 4256">
    <p class='ocr_par' dir='ltr' id='par_1_85' title="bbox 2007 4182 3556 4256">
     <span class='ocr_line' id='line_1_85' title="bbox 2007 4182 3556 4256; baseline 0.005 -21"><span class='ocrx_word' id='word_1_656' title='bbox 2007 4182 2185 4235; x_wconf 59' lang='lat' dir='ltr'><strong>multa!</strong></span> <span class='ocrx_word' id='word_1_657' title='bbox 2233 4182 2575 4238; x_wconf 77' lang='lat' dir='ltr'><strong>fecunditatis</strong></span> <span class='ocrx_word' id='word_1_658' title='bbox 2625 4183 2837 4239; x_wconf 89' lang='lat' dir='ltr'><strong>laudem</strong></span> <span class='ocrx_word' id='word_1_659' title='bbox 2894 4185 3143 4254; x_wconf 88' lang='lat' dir='ltr'><strong>accipiat.</strong></span> <span class='ocrx_word' id='word_1_660' title='bbox 3190 4185 3368 4256; x_wconf 76' lang='lat' dir='ltr'><strong>(Multi</strong></span> <span class='ocrx_word' id='word_1_661' title='bbox 3420 4191 3556 4242; x_wconf 74' lang='lat' dir='ltr'><strong>enini</strong></span> 
     </span>
    </p>
   </div>
   <div class='ocr_carea' id='block_1_86' title="bbox 2007 4272 3560 4348">
    <p class='ocr_par' dir='ltr' id='par_1_86' title="bbox 2007 4272 3560 4348">
     <span class='ocr_line' id='line_1_86' title="bbox 2007 4272 3560 4348; baseline 0.006 -24"><span class='ocrx_word' id='word_1_662' title='bbox 2007 4272 2104 4341; x_wconf 74' lang='lat' dir='ltr'><strong>ﬁlii</strong></span> <span class='ocrx_word' id='word_1_663' title='bbox 2134 4274 2368 4338; x_wconf 73' lang='lat' dir='ltr'><strong>desertaz,</strong></span> <span class='ocrx_word' id='word_1_664' title='bbox 2407 4276 2573 4344; x_wconf 84' lang='lat' dir='ltr'><strong>magis</strong></span> <span class='ocrx_word' id='word_1_665' title='bbox 2608 4292 2764 4346; x_wconf 85' lang='lat' dir='ltr'><strong>quam</strong></span> <span class='ocrx_word' id='word_1_666' title='bbox 2793 4276 2908 4346; x_wconf 82' lang='lat' dir='ltr'><strong>ejus</strong></span> <span class='ocrx_word' id='word_1_667' title='bbox 2938 4293 3055 4342; x_wconf 80' lang='lat' dir='ltr'><strong>qua:</strong></span> <span class='ocrx_word' id='word_1_668' title='bbox 3096 4278 3245 4331; x_wconf 83' lang='lat' dir='ltr'><strong>habet</strong></span> <span class='ocrx_word' id='word_1_669' title='bbox 3276 4278 3442 4331; x_wconf 86' lang='lat' dir='ltr'><strong>uirum</strong></span> <span class='ocrx_word' id='word_1_670' title='bbox 3462 4280 3560 4348; x_wconf 68' lang='grc' dir='ltr'><strong>οδ),</strong></span> 
     </span>
    </p>
   </div>
   <div class='ocr_carea' id='block_1_87' title="bbox 2006 4366 3565 4439">
    <p class='ocr_par' dir='ltr' id='par_1_87' title="bbox 2006 4366 3565 4439">
     <span class='ocr_line' id='line_1_87' title="bbox 2006 4366 3565 4439; baseline 0.004 -20"><span class='ocrx_word' id='word_1_671' title='bbox 2006 4374 2060 4420; x_wconf 84' lang='grc' dir='ltr'><strong>ει</strong></span> <span class='ocrx_word' id='word_1_672' title='bbox 2084 4366 2133 4419; x_wconf 90' lang='lat' dir='ltr'><strong>id</strong></span> <span class='ocrx_word' id='word_1_673' title='bbox 2158 4368 2300 4435; x_wconf 90' lang='lat' dir='ltr'><strong>quod</strong></span> <span class='ocrx_word' id='word_1_674' title='bbox 2328 4375 2483 4421; x_wconf 88' lang='lat' dir='ltr'><strong>antea</strong></span> <span class='ocrx_word' id='word_1_675' title='bbox 2499 4368 2771 4423; x_wconf 90' lang='lat' dir='ltr'><strong>desertum</strong></span> <span class='ocrx_word' id='word_1_676' title='bbox 2790 4376 2929 4434; x_wconf 89' lang='lat' dir='ltr'><strong>erat,</strong></span> <span class='ocrx_word' id='word_1_677' title='bbox 2955 4378 3139 4437; x_wconf 89' lang='lat' dir='ltr'><strong>postea</strong></span> <span class='ocrx_word' id='word_1_678' title='bbox 3162 4368 3319 4438; x_wconf 89' lang='lat' dir='ltr'><strong>aquis</strong></span> <span class='ocrx_word' id='word_1_679' title='bbox 3344 4370 3565 4439; x_wconf 86' lang='lat' dir='ltr'><strong>spiritus</strong></span> 
     </span>
    </p>
   </div>
   <div class='ocr_carea' id='block_1_88' title="bbox 2006 4457 3566 4531">
    <p class='ocr_par' dir='ltr' id='par_1_88' title="bbox 2006 4457 3566 4531">
     <span class='ocr_line' id='line_1_88' title="bbox 2006 4457 3566 4531; baseline 0.003 -20"><span class='ocrx_word' id='word_1_680' title='bbox 2006 4458 2327 4524; x_wconf 81' lang='lat' dir='ltr'><strong>confertum,</strong></span> <span class='ocrx_word' id='word_1_681' title='bbox 2370 4458 2422 4512; x_wconf 90' lang='lat' dir='ltr'><strong>in</strong></span> <span class='ocrx_word' id='word_1_682' title='bbox 2452 4468 2639 4531; x_wconf 86' lang='lat' dir='ltr'><strong>stagna</strong></span> <span class='ocrx_word' id='word_1_683' title='bbox 2688 4475 2952 4530; x_wconf 90' lang='lat' dir='ltr'><strong>aquarum</strong></span> <span class='ocrx_word' id='word_1_684' title='bbox 2982 4460 3093 4514; x_wconf 87' lang='lat' dir='ltr'><strong>liat.</strong></span> <span class='ocrx_word' id='word_1_685' title='bbox 3127 4457 3193 4512; x_wconf 88' lang='lat' dir='ltr'><strong>Et</strong></span> <span class='ocrx_word' id='word_1_686' title='bbox 3228 4463 3566 4515; x_wconf 72' lang='lat' dir='ltr'><strong>summovebit</strong></span> 
     </span>
    </p>
   </div>
   <div class='ocr_carea' id='block_1_89' title="bbox 334 4523 1896 4618">
    <p class='ocr_par' dir='ltr' id='par_1_89' title="bbox 334 4523 1896 4618">
     <span class='ocr_line' id='line_1_89' title="bbox 334 4523 1896 4618; baseline 0.005 -24"><span class='ocrx_word' id='word_1_687' title='bbox 334 4559 453 4613; x_wconf 83' lang='grc' dir='ltr'>μον</span> <span class='ocrx_word' id='word_1_688' title='bbox 479 4542 697 4609; x_wconf 82' lang='grc' dir='ltr'>Κάδης.</span> <span class='ocrx_word' id='word_1_689' title='bbox 726 4545 798 4597; x_wconf 85' lang='grc' dir='ltr'>Οὑ</span> <span class='ocrx_word' id='word_1_690' title='bbox 838 4546 1016 4597; x_wconf 81' lang='grc' dir='ltr'>πᾶσαν</span> <span class='ocrx_word' id='word_1_691' title='bbox 1043 4541 1134 4598; x_wconf 83' lang='grc' dir='ltr'><strong>οῦν</strong></span> <span class='ocrx_word' id='word_1_692' title='bbox 1161 4545 1365 4618; x_wconf 76' lang='grc' dir='ltr'>ἔρημον</span> <span class='ocrx_word' id='word_1_693' title='bbox 1399 4548 1427 4599; x_wconf 85' lang='grc' dir='ltr'><strong>ό</strong></span> <span class='ocrx_word' id='word_1_694' title='bbox 1458 4547 1658 4617; x_wconf 82' lang='grc' dir='ltr'>Κύριος</span> <span class='ocrx_word' id='word_1_695' title='bbox 1696 4523 1896 4602; x_wconf 78' lang='grc' dir='ltr'>συσσεί‹</span> 
     </span>
    </p>
   </div>
   <div class='ocr_carea' id='block_1_90' title="bbox 2001 4523 3566 4618">
    <p class='ocr_par' dir='ltr' id='par_1_90' title="bbox 2011 4523 3566 4618">
     <span class='ocr_line' id='line_1_90' title="bbox 2011 4523 3566 4618; baseline 0.003 -17"><span class='ocrx_word' id='word_1_696' title='bbox 2011 4548 2262 4603; x_wconf 78' lang='lat' dir='ltr'><strong>Dominus</strong></span> <span class='ocrx_word' id='word_1_697' title='bbox 2314 4523 2573 4603; x_wconf 61' lang='lat' dir='ltr'><strong>deserturi:</strong></span> <span class='ocrx_word' id='word_1_698' title='bbox 2629 4523 2817 4605; x_wconf 71' lang='lat' dir='ltr'><strong>Gades.</strong></span> <span class='ocrx_word' id='word_1_699' title='bbox 2861 4550 3044 4618; x_wconf 87' lang='lat' dir='ltr'><strong>Itaque</strong></span> <span class='ocrx_word' id='word_1_700' title='bbox 3098 4549 3366 4603; x_wconf 74' lang='lat' dir='ltr'><strong>desectum</strong></span> <span class='ocrx_word' id='word_1_701' title='bbox 3405 4565 3566 4606; x_wconf 86' lang='lat' dir='ltr'><strong>omne</strong></span> 
     </span>
    </p>
   </div>
   <div class='ocr_carea' id='block_1_91' title="bbox 342 4633 1897 4712">
    <p class='ocr_par' dir='ltr' id='par_1_91' title="bbox 342 4633 1897 4712">
     <span class='ocr_line' id='line_1_91' title="bbox 342 4633 1897 4712; baseline 0.008 -29"><span class='ocrx_word' id='word_1_702' title='bbox 342 4648 423 4684; x_wconf 91' lang='grc' dir='ltr'><strong>σει</strong></span> <span class='ocrx_word' id='word_1_703' title='bbox 448 4633 581 4702; x_wconf 78' lang='grc'>(15),</span> <span class='ocrx_word' id='word_1_704' title='bbox 618 4633 751 4688; x_wconf 88' lang='grc' dir='ltr'><strong>άλλά</strong></span> <span class='ocrx_word' id='word_1_705' title='bbox 794 4636 891 4707; x_wconf 79' lang='grc' dir='ltr'>τὴν</span> <span class='ocrx_word' id='word_1_706' title='bbox 925 4636 1125 4705; x_wconf 86' lang='grc' dir='ltr'>Κάδης,</span> <span class='ocrx_word' id='word_1_707' title='bbox 1168 4639 1430 4703; x_wconf 80' lang='grc' dir='ltr'>τουτέστι,</span> <span class='ocrx_word' id='word_1_708' title='bbox 1469 4641 1558 4693; x_wconf 86' lang='grc' dir='ltr'><strong>τὸν</strong></span> <span class='ocrx_word' id='word_1_709' title='bbox 1598 4642 1897 4712; x_wconf 82' lang='grc' dir='ltr'>ἁγιασμόν’</span> 
     </span>
    </p>
   </div>
   <div class='ocr_carea' id='block_1_92' title="bbox 339 4726 1900 4801">
    <p class='ocr_par' dir='ltr' id='par_1_92' title="bbox 339 4726 1900 4801">
     <span class='ocr_line' id='line_1_92' title="bbox 339 4726 1900 4801; baseline 0.006 -22"><span class='ocrx_word' id='word_1_710' title='bbox 339 4726 523 4796; x_wconf 83' lang='grc' dir='ltr'>Κάδης</span> <span class='ocrx_word' id='word_1_711' title='bbox 576 4726 683 4797; x_wconf 86' lang='grc' dir='ltr'>γὰρ</span> <span class='ocrx_word' id='word_1_712' title='bbox 714 4728 1001 4797; x_wconf 79' lang='grc' dir='ltr'>ἁγιασμὸς</span> <span class='ocrx_word' id='word_1_713' title='bbox 1046 4730 1420 4800; x_wconf 79' lang='grc' dir='ltr'>ἑρμηνεύεται.</span> <span class='ocrx_word' id='word_1_714' title='bbox 1475 4732 1644 4801; x_wconf 79' lang='grc' dir='ltr'><strong>Φωνὴ</strong></span> <span class='ocrx_word' id='word_1_715' title='bbox 1682 4735 1900 4801; x_wconf 83' lang='grc' dir='ltr'>Κυρίου</span> 
     </span>
    </p>
   </div>
   <div class='ocr_carea' id='block_1_93' title="bbox 341 4818 1895 4896">
    <p class='ocr_par' dir='ltr' id='par_1_93' title="bbox 341 4818 1895 4896">
     <span class='ocr_line' id='line_1_93' title="bbox 341 4818 1895 4896; baseline 0.006 -27"><span class='ocrx_word' id='word_1_716' title='bbox 341 4818 793 4888; x_wconf 77' lang='grc' dir='ltr'>καταρτιζομένη</span> <span class='ocrx_word' id='word_1_717' title='bbox 832 4820 1111 4890; x_wconf 68' lang='grc' dir='ltr'>ἐλάφους.</span> <span class='ocrx_word' id='word_1_718' title='bbox 1151 4822 1414 4891; x_wconf 85' lang='grc' dir='ltr'>Ὀμότιμα</span> <span class='ocrx_word' id='word_1_719' title='bbox 1457 4823 1559 4894; x_wconf 83' lang='grc' dir='ltr'><strong>χρὴ</strong></span> <span class='ocrx_word' id='word_1_720' title='bbox 1589 4828 1699 4888; x_wconf 84' lang='grc' dir='ltr'>τοῖς</span> <span class='ocrx_word' id='word_1_721' title='bbox 1760 4842 1895 4896; x_wconf 85' lang='grc' dir='ltr'>προ-</span> 
     </span>
    </p>
   </div>
   <div class='ocr_carea' id='block_1_94' title="bbox 340 4981 1416 5049">
    <p class='ocr_par' dir='ltr' id='par_1_94' title="bbox 340 4981 1416 5049">
     <span class='ocr_line' id='line_1_94' title="bbox 340 4981 1416 5049; baseline 0.007 -15"><span class='ocrx_word' id='word_1_722' title='bbox 340 4983 384 5015; x_wconf 86' lang='grc'><strong>⁹¹</strong></span> <span class='ocrx_word' id='word_1_723' title='bbox 418 4981 607 5036; x_wconf 84' lang='lat' dir='ltr'><strong>Matth.</strong></span> <span class='ocrx_word' id='word_1_724' title='bbox 650 5000 780 5047; x_wconf 65' lang='lat' dir='ltr'><strong>xxv,</strong></span> <span class='ocrx_word' id='word_1_725' title='bbox 828 4985 915 5038; x_wconf 74' lang='grc'><strong>41.</strong></span> <span class='ocrx_word' id='word_1_726' title='bbox 994 4986 1164 5040; x_wconf 79' lang='lat' dir='ltr'><strong>“Isa.</strong></span> <span class='ocrx_word' id='word_1_727' title='bbox 1220 5002 1326 5049; x_wconf 85' lang='lat' dir='ltr'><strong>LIV,</strong></span> <span class='ocrx_word' id='word_1_728' title='bbox 1366 4987 1416 5041; x_wconf 88' lang='grc'><strong>1.</strong></span> 
     </span>
    </p>
   </div>
   <div class='ocr_carea' id='block_1_95' title="bbox 412 5072 1771 5150">
    <p class='ocr_par' dir='ltr' id='par_1_95' title="bbox 412 5072 1771 5150">
     <span class='ocr_line' id='line_1_95' title="bbox 412 5072 1771 5150; baseline 0.003 -22"><span class='ocrx_word' id='word_1_729' title='bbox 412 5072 498 5150; x_wconf 56' lang='lat' dir='ltr'><strong>(Sit</strong></span> <span class='ocrx_word' id='word_1_730' title='bbox 512 5074 653 5150; x_wconf 67' lang='lat' dir='ltr'><strong>Reg.</strong></span> <span class='ocrx_word' id='word_1_731' title='bbox 688 5079 953 5150; x_wconf 76' lang='lat' dir='ltr'><strong>secundus</strong></span> <span class='ocrx_word' id='word_1_732' title='bbox 989 5078 1209 5150; x_wconf 76' lang='grc' dir='ltr'>ἐπὶτῶν</span> <span class='ocrx_word' id='word_1_733' title='bbox 1242 5079 1500 5150; x_wconf 85' lang='grc' dir='ltr'>χειρόνων</span> <span class='ocrx_word' id='word_1_734' title='bbox 1533 5079 1771 5150; x_wconf 77' lang='grc' dir='ltr'>εἰκασίᾳ.</span> 
     </span>
    </p>
   </div>
   <div class='ocr_carea' id='block_1_96' title="bbox 415 5145 1900 5230">
    <p class='ocr_par' dir='ltr' id='par_1_96' title="bbox 415 5145 1900 5230">
     <span class='ocr_line' id='line_1_96' title="bbox 415 5145 1900 5230; baseline 0.004 -33"><span class='ocrx_word' id='word_1_735' title='bbox 415 5145 753 5230; x_wconf 49' lang='grc' dir='ltr'>(1θλᾜοιιιιη</span> <span class='ocrx_word' id='word_1_736' title='bbox 786 5145 1401 5230; x_wconf 39' lang='grc' dir='ltr'>ξιιιιιίηπαρειλημμένον</span> <span class='ocrx_word' id='word_1_737' title='bbox 1426 5150 1575 5230; x_wconf 73' lang='grc' dir='ltr'>ἔστιν</span> <span class='ocrx_word' id='word_1_738' title='bbox 1598 5145 1797 5230; x_wconf 75' lang='grc' dir='ltr'>εὑρεῖν,</span> <span class='ocrx_word' id='word_1_739' title='bbox 1825 5151 1900 5230; x_wconf 71' lang='grc' dir='ltr'><strong>ως</strong></span> 
     </span>
    </p>
   </div>
   <div class='ocr_carea' id='block_1_97' title="bbox 339 5214 1899 5290">
    <p class='ocr_par' dir='ltr' id='par_1_97' title="bbox 339 5214 1899 5290">
     <span class='ocr_line' id='line_1_97' title="bbox 339 5214 1899 5290; baseline 0.003 -22"><span class='ocrx_word' id='word_1_740' title='bbox 339 5214 422 5279; x_wconf 83' lang='grc' dir='ltr'><strong>τὸ,</strong></span> <span class='ocrx_word' id='word_1_741' title='bbox 458 5215 691 5290; x_wconf 69' lang='grc' dir='ltr'>ἰ’ψώσει</span> <span class='ocrx_word' id='word_1_742' title='bbox 742 5214 1063 5290; x_wconf 18' lang='grc' dir='ltr'>κέραςίλαοῦ</span> <span class='ocrx_word' id='word_1_743' title='bbox 1099 5214 1285 5282; x_wconf 76' lang='grc' dir='ltr'>αὑτοῦ,</span> <span class='ocrx_word' id='word_1_744' title='bbox 1323 5222 1375 5273; x_wconf 91' lang='lat' dir='ltr'><strong>in</strong></span> <span class='ocrx_word' id='word_1_745' title='bbox 1412 5220 1607 5274; x_wconf 88' lang='lat' dir='ltr'><strong>nostris</strong></span> <span class='ocrx_word' id='word_1_746' title='bbox 1656 5214 1899 5273; x_wconf 80' lang='lat' dir='ltr'><strong>undecim</strong></span> 
     </span>
    </p>
   </div>
   <div class='ocr_carea' id='block_1_98' title="bbox 339 5288 1903 5345">
    <p class='ocr_par' dir='ltr' id='par_1_98' title="bbox 339 5288 1903 5345">
     <span class='ocr_line' id='line_1_98' title="bbox 339 5288 1903 5345; baseline 0.003 -7"><span class='ocrx_word' id='word_1_747' title='bbox 339 5301 475 5340; x_wconf 87' lang='lat' dir='ltr'><strong>mss.</strong></span> <span class='ocrx_word' id='word_1_748' title='bbox 523 5288 880 5342; x_wconf 84' lang='lat' dir='ltr'><strong>desideratur.</strong></span> <span class='ocrx_word' id='word_1_749' title='bbox 921 5289 1117 5345; x_wconf 80' lang='lat' dir='ltr'><strong>Videre</strong></span> <span class='ocrx_word' id='word_1_750' title='bbox 1156 5301 1237 5344; x_wconf 89' lang='lat' dir='ltr'><strong>est</strong></span> <span class='ocrx_word' id='word_1_751' title='bbox 1269 5293 1368 5345; x_wconf 85' lang='lat' dir='ltr'><strong>hoc</strong></span> <span class='ocrx_word' id='word_1_752' title='bbox 1404 5292 1522 5344; x_wconf 92' lang='lat' dir='ltr'><strong>loco</strong></span> <span class='ocrx_word' id='word_1_753' title='bbox 1572 5292 1622 5343; x_wconf 91' lang='lat' dir='ltr'><strong>in</strong></span> <span class='ocrx_word' id='word_1_754' title='bbox 1676 5306 1809 5344; x_wconf 89' lang='lat' dir='ltr'><strong>mss.</strong></span> <span class='ocrx_word' id='word_1_755' title='bbox 1847 5300 1903 5343; x_wconf 89' lang='lat' dir='ltr'><strong>et</strong></span> 
     </span>
    </p>
   </div>
   <div class='ocr_carea' id='block_1_99' title="bbox 342 5356 1905 5429">
    <p class='ocr_par' dir='ltr' id='par_1_99' title="bbox 342 5356 1905 5429">
     <span class='ocr_line' id='line_1_99' title="bbox 342 5356 1905 5429; baseline 0.004 -23"><span class='ocrx_word' id='word_1_756' title='bbox 342 5356 654 5429; x_wconf 28' lang='lat' dir='ltr'><strong>alias‘parvi</strong></span> <span class='ocrx_word' id='word_1_757' title='bbox 701 5361 955 5429; x_wconf 85' lang='lat' dir='ltr'><strong>momenti</strong></span> <span class='ocrx_word' id='word_1_758' title='bbox 992 5362 1338 5417; x_wconf 88' lang='lat' dir='ltr'><strong>variationes.</strong></span> <span class='ocrx_word' id='word_1_759' title='bbox 1393 5378 1528 5429; x_wconf 85' lang='lat' dir='ltr'><strong>quas</strong></span> <span class='ocrx_word' id='word_1_760' title='bbox 1589 5360 1791 5413; x_wconf 80' lang='lat' dir='ltr'><strong>referre</strong></span> <span class='ocrx_word' id='word_1_761' title='bbox 1847 5370 1905 5413; x_wconf 90' lang='lat' dir='ltr'><strong>ut</strong></span> 
     </span>
    </p>
   </div>
   <div class='ocr_carea' id='block_1_100' title="bbox 341 5425 1192 5489">
    <p class='ocr_par' dir='ltr' id='par_1_100' title="bbox 341 5425 1192 5489">
     <span class='ocr_line' id='line_1_100' title="bbox 341 5425 1192 5489; baseline 0.004 -10"><span class='ocrx_word' id='word_1_762' title='bbox 341 5425 552 5489; x_wconf 86' lang='lat' dir='ltr'><strong>inutile,</strong></span> <span class='ocrx_word' id='word_1_763' title='bbox 590 5428 659 5478; x_wconf 84' lang='lat' dir='ltr'><strong>ita</strong></span> <span class='ocrx_word' id='word_1_764' title='bbox 696 5427 855 5481; x_wconf 86' lang='lat' dir='ltr'><strong>luerit</strong></span> <span class='ocrx_word' id='word_1_765' title='bbox 889 5429 1192 5484; x_wconf 85' lang='lat' dir='ltr'><strong>molestum.</strong></span> 
     </span>
    </p>
   </div>
   <div class='ocr_carea' id='block_1_101' title="bbox 413 5495 1899 5570">
    <p class='ocr_par' dir='ltr' id='par_1_101' title="bbox 413 5495 1899 5570">
     <span class='ocr_line' id='line_1_101' title="bbox 413 5495 1899 5570; baseline 0.003 -22"><span class='ocrx_word' id='word_1_766' title='bbox 413 5495 850 5570; x_wconf 62' lang='lat' dir='ltr'><strong>(l1)_(}olbert_ini</strong></span> <span class='ocrx_word' id='word_1_767' title='bbox 879 5501 1151 5570; x_wconf 87' lang='lat' dir='ltr'><strong>secundus</strong></span> <span class='ocrx_word' id='word_1_768' title='bbox 1186 5510 1241 5554; x_wconf 87' lang='lat' dir='ltr'><strong>et</strong></span> <span class='ocrx_word' id='word_1_769' title='bbox 1288 5513 1511 5567; x_wconf 86' lang='lat' dir='ltr'><strong>quartus</strong></span> <span class='ocrx_word' id='word_1_770' title='bbox 1545 5503 1602 5553; x_wconf 85' lang='grc' dir='ltr'>ὲν</span> <span class='ocrx_word' id='word_1_771' title='bbox 1636 5502 1699 5570; x_wconf 83' lang='grc' dir='ltr'>τῇ</span> <span class='ocrx_word' id='word_1_772' title='bbox 1728 5499 1899 5552; x_wconf 85' lang='grc' dir='ltr'>Βαϐυ-</span> 
     </span>
    </p>
   </div>
   <div class='ocr_carea' id='block_1_102' title="bbox 342 5562 1901 5687">
    <p class='ocr_par' dir='ltr' id='par_1_102' title="bbox 342 5562 1901 5687">
     <span class='ocr_line' id='line_1_102' title="bbox 342 5562 1901 5687; baseline 0.004 -70"><span class='ocrx_word' id='word_1_773' title='bbox 342 5562 654 5687; x_wconf 65' lang='grc' dir='ltr'><strong>&gt;.ςς)·ιιι.ὊΜοὶ</strong></span> <span class='ocrx_word' id='word_1_774' title='bbox 695 5567 821 5620; x_wconf 80' lang='lat' dir='ltr'><strong>editi</strong></span> <span class='ocrx_word' id='word_1_775' title='bbox 866 5568 1251 5641; x_wconf 80' lang='grc' dir='ltr'>ὑπερτξεχύθη.</span> <span class='ocrx_word' id='word_1_776' title='bbox 1286 5562 1355 5625; x_wconf 66' lang='lat' dir='ltr'><strong>At</strong></span> <span class='ocrx_word' id='word_1_777' title='bbox 1381 5571 1548 5639; x_wconf 82' lang='lat' dir='ltr'><strong>major</strong></span> <span class='ocrx_word' id='word_1_778' title='bbox 1587 5562 1710 5636; x_wconf 72' lang='lat' dir='ltr'><strong>pars</strong></span> <span class='ocrx_word' id='word_1_779' title='bbox 1733 5572 1901 5641; x_wconf 86' lang='grc' dir='ltr'>ὑπερ-</span> 
     </span>
     <span class='ocr_line' id='line_1_103' title="bbox 344 5652 591 5687; baseline 0.004 -1"><span class='ocrx_word' id='word_1_780' title='bbox 344 5652 497 5687; x_wconf 73' lang='grc' dir='ltr'>εεενε</span> <span class='ocrx_word' id='word_1_781' title='bbox 536 5654 591 5687; x_wconf 79' lang='grc' dir='ltr'><strong>η.</strong></span> 
     </span>
    </p>
   </div>
   <div class='ocr_carea' id='block_1_103' title="bbox 344 5652 591 5691">
    <p class='ocr_par' dir='ltr' id='par_1_103' title="bbox 344 5652 591 5691">
     <span class='ocr_line' id='line_1_104' title="bbox 344 5652 591 5691; baseline 0.024 -5"><span class='ocrx_word' id='word_1_782' title='bbox 344 5652 591 5691; x_wconf 71' lang='grc' dir='ltr'>εςεγευη.</span> 
     </span>
    </p>
   </div>
   <div class='ocr_carea' id='block_1_104' title="bbox 377 5653 1895 5783">
    <p class='ocr_par' dir='ltr' id='par_1_104' title="bbox 377 5653 1895 5783">
     <span class='ocr_line' id='line_1_105' title="bbox 377 5653 1895 5783; baseline 0.005 -25"><span class='ocrx_word' id='word_1_783' title='bbox 377 5653 954 5783; x_wconf 41' lang='grc' dir='ltr'>ςῐέὲῃίιξιημἘγένετο</span> <span class='ocrx_word' id='word_1_784' title='bbox 989 5709 1115 5779; x_wconf 84' lang='grc' dir='ltr'>γὰρ,</span> <span class='ocrx_word' id='word_1_785' title='bbox 1147 5712 1330 5783; x_wconf 78' lang='grc' dir='ltr'>φησίν,</span> <span class='ocrx_word' id='word_1_786' title='bbox 1370 5711 1500 5764; x_wconf 77' lang='grc' dir='ltr'>ὡσεὶ</span> <span class='ocrx_word' id='word_1_787' title='bbox 1539 5712 1751 5783; x_wconf 62' lang='grc' dir='ltr'>πνεῦμα</span> <span class='ocrx_word' id='word_1_788' title='bbox 1776 5712 1895 5783; x_wconf 83' lang='grc' dir='ltr'>δρό-</span> 
     </span>
    </p>
   </div>
   <div class='ocr_carea' id='block_1_105' title="bbox 345 5776 1889 5846">
    <p class='ocr_par' dir='ltr' id='par_1_105' title="bbox 345 5776 1889 5846">
     <span class='ocr_line' id='line_1_106' title="bbox 345 5776 1889 5846; baseline 0.005 -19"><span class='ocrx_word' id='word_1_789' title='bbox 345 5790 441 5846; x_wconf 91' lang='grc' dir='ltr'><strong>σου</strong></span> <span class='ocrx_word' id='word_1_790' title='bbox 469 5776 795 5846; x_wconf 77' lang='grc' dir='ltr'>δισσυρίζον,</span> <span class='ocrx_word' id='word_1_791' title='bbox 822 5779 897 5832; x_wconf 90' lang='lat' dir='ltr'><strong>sic</strong></span> <span class='ocrx_word' id='word_1_792' title='bbox 936 5776 1169 5834; x_wconf 73' lang='lat' dir='ltr'><strong>verterat</strong></span> <span class='ocrx_word' id='word_1_793' title='bbox 1194 5776 1509 5837; x_wconf 76' lang='lat' dir='ltr'><strong>&#39;I&#39;ilmaunus</strong></span> <span class='ocrx_word' id='word_1_794' title='bbox 1541 5799 1553 5835; x_wconf 92' lang='lat'>:</span> <span class='ocrx_word' id='word_1_795' title='bbox 1597 5776 1765 5837; x_wconf 56' lang='lat' dir='ltr'><strong>Facta</strong></span> <span class='ocrx_word' id='word_1_796' title='bbox 1790 5776 1889 5845; x_wconf 74' lang='lat' dir='ltr'><strong>est,</strong></span> 
     </span>
    </p>
   </div>
   <div class='ocr_carea' id='block_1_106' title="bbox 345 5845 1892 5922">
    <p class='ocr_par' dir='ltr' id='par_1_106' title="bbox 345 5845 1892 5922">
     <span class='ocr_line' id='line_1_107' title="bbox 345 5845 1892 5922; baseline 0.006 -21"><span class='ocrx_word' id='word_1_797' title='bbox 345 5845 764 5914; x_wconf 46' lang='lat' dir='ltr'><strong>inania/innima</strong></span> <span class='ocrx_word' id='word_1_798' title='bbox 793 5849 942 5903; x_wconf 81' lang='lat' dir='ltr'><strong>reluti</strong></span> <span class='ocrx_word' id='word_1_799' title='bbox 972 5851 1181 5919; x_wconf 74' lang='lat' dir='ltr'><strong>spiritus</strong></span> <span class='ocrx_word' id='word_1_800' title='bbox 1211 5853 1343 5906; x_wconf 81' lang='lat' dir='ltr'><strong>roris</strong></span> <span class='ocrx_word' id='word_1_801' title='bbox 1383 5853 1530 5907; x_wconf 71' lang='lat' dir='ltr'><strong>suavi</strong></span> <span class='ocrx_word' id='word_1_802' title='bbox 1581 5852 1784 5922; x_wconf 72' lang='lat' dir='ltr'><strong>spirans</strong></span> <span class='ocrx_word' id='word_1_803' title='bbox 1818 5856 1892 5910; x_wconf 71' lang='lat' dir='ltr'><strong>si-</strong></span> 
     </span>
    </p>
   </div>
   <div class='ocr_carea' id='block_1_107' title="bbox 2008 4641 3570 4709">
    <p class='ocr_par' dir='ltr' id='par_1_107' title="bbox 2008 4641 3570 4709">
     <span class='ocr_line' id='line_1_108' title="bbox 2008 4641 3570 4709; baseline 0.002 -15"><span class='ocrx_word' id='word_1_804' title='bbox 2008 4656 2111 4695; x_wconf 89' lang='lat' dir='ltr'><strong>non</strong></span> <span class='ocrx_word' id='word_1_805' title='bbox 2141 4642 2499 4696; x_wconf 85' lang='lat' dir='ltr'><strong>commovebit</strong></span> <span class='ocrx_word' id='word_1_806' title='bbox 2531 4641 2809 4709; x_wconf 89' lang='lat' dir='ltr'><strong>Dominus,</strong></span> <span class='ocrx_word' id='word_1_807' title='bbox 2838 4642 2932 4696; x_wconf 89' lang='lat' dir='ltr'><strong>sed</strong></span> <span class='ocrx_word' id='word_1_808' title='bbox 2959 4642 3226 4695; x_wconf 88' lang='lat' dir='ltr'><strong>desertum</strong></span> <span class='ocrx_word' id='word_1_809' title='bbox 3245 4641 3438 4707; x_wconf 82' lang='lat' dir='ltr'><strong>Gades,</strong></span> <span class='ocrx_word' id='word_1_810' title='bbox 3468 4643 3570 4698; x_wconf 88' lang='lat' dir='ltr'><strong>hoc</strong></span> 
     </span>
    </p>
   </div>
   <div class='ocr_carea' id='block_1_108' title="bbox 2008 4734 3565 4805">
    <p class='ocr_par' dir='ltr' id='par_1_108' title="bbox 2008 4734 3565 4805">
     <span class='ocr_line' id='line_1_109' title="bbox 2008 4734 3565 4805; baseline -0.001 -15"><span class='ocrx_word' id='word_1_811' title='bbox 2008 4744 2110 4801; x_wconf 88' lang='lat' dir='ltr'><strong>est,</strong></span> <span class='ocrx_word' id='word_1_812' title='bbox 2143 4734 2623 4789; x_wconf 79' lang='lat' dir='ltr'><strong>sanctilicationem</strong></span> <span class='ocrx_word' id='word_1_813' title='bbox 2658 4753 2672 4789; x_wconf 91' lang='lat'><strong>:</strong></span> <span class='ocrx_word' id='word_1_814' title='bbox 2712 4734 2883 4790; x_wconf 89' lang='lat' dir='ltr'><strong>Cades</strong></span> <span class='ocrx_word' id='word_1_815' title='bbox 2928 4734 3068 4787; x_wconf 89' lang='lat' dir='ltr'><strong>enim</strong></span> <span class='ocrx_word' id='word_1_816' title='bbox 3097 4743 3202 4801; x_wconf 87' lang='lat' dir='ltr'><strong>est,</strong></span> <span class='ocrx_word' id='word_1_817' title='bbox 3235 4735 3281 4789; x_wconf 91' lang='lat' dir='ltr'><strong>si</strong></span> <span class='ocrx_word' id='word_1_818' title='bbox 3329 4736 3450 4805; x_wconf 90' lang='lat' dir='ltr'><strong>quis</strong></span> <span class='ocrx_word' id='word_1_819' title='bbox 3480 4737 3565 4791; x_wconf 89' lang='lat' dir='ltr'><strong>in-</strong></span> 
     </span>
    </p>
   </div>
   <div class='ocr_carea' id='block_1_109' title="bbox 2004 4824 3568 4897">
    <p class='ocr_par' dir='ltr' id='par_1_109' title="bbox 2004 4824 3568 4897">
     <span class='ocr_line' id='line_1_110' title="bbox 2004 4824 3568 4897; baseline 0.003 -19"><span class='ocrx_word' id='word_1_820' title='bbox 2004 4836 2371 4894; x_wconf 87' lang='lat' dir='ltr'><strong>terpretetur,</strong></span> <span class='ocrx_word' id='word_1_821' title='bbox 2428 4828 2799 4897; x_wconf 75' lang='lat' dir='ltr'><strong>sanctificatio.</strong></span> <span class='ocrx_word' id='word_1_822' title='bbox 2857 4826 3015 4882; x_wconf 72' lang='lat' dir='ltr'><strong>Vens.</strong></span> <span class='ocrx_word' id='word_1_823' title='bbox 3069 4826 3120 4881; x_wconf 92' lang='lat'><strong>9.</strong></span> <span class='ocrx_word' id='word_1_824' title='bbox 3202 4824 3317 4880; x_wconf 69' lang='lat' dir='ltr'><strong>Vox</strong></span> <span class='ocrx_word' id='word_1_825' title='bbox 3356 4826 3568 4883; x_wconf 87' lang='lat' dir='ltr'><strong>Domini</strong></span> 
     </span>
    </p>
   </div>
   <div class='ocr_carea' id='block_1_110' title="bbox 414 4912 2083 4979">
    <p class='ocr_par' dir='ltr' id='par_1_110' title="bbox 414 4912 2083 4979">
     <span class='ocr_line' id='line_1_111' title="bbox 414 4912 2083 4979; baseline 0.008 -17"><span class='ocrx_word' id='word_1_826' title='bbox 414 4912 460 4944; x_wconf 69' lang='grc'><strong>⁸⁵</strong></span> <span class='ocrx_word' id='word_1_827' title='bbox 484 4912 620 4966; x_wconf 84' lang='lat' dir='ltr'><strong>Psal.</strong></span> <span class='ocrx_word' id='word_1_828' title='bbox 675 4930 898 4973; x_wconf 84' lang='lat' dir='ltr'><strong>chvm.</strong></span> <span class='ocrx_word' id='word_1_829' title='bbox 930 4915 1014 4968; x_wconf 76' lang='lat' dir='ltr'><strong>M.</strong></span> <span class='ocrx_word' id='word_1_830' title='bbox 1092 4916 1134 4947; x_wconf 81' lang='lat'><strong>&quot;’</strong></span> <span class='ocrx_word' id='word_1_831' title='bbox 1160 4915 1298 4970; x_wconf 87' lang='lat' dir='ltr'><strong>Psal.</strong></span> <span class='ocrx_word' id='word_1_832' title='bbox 1345 4932 1451 4979; x_wconf 69' lang='lat' dir='ltr'><strong>cxx,</strong></span> <span class='ocrx_word' id='word_1_833' title='bbox 1485 4919 1537 4974; x_wconf 89' lang='lat'><strong>9.</strong></span> <span class='ocrx_word' id='word_1_834' title='bbox 1614 4920 1657 4951; x_wconf 80' lang='grc'><strong>⁸⁸</strong></span> <span class='ocrx_word' id='word_1_835' title='bbox 1692 4920 1829 4974; x_wconf 87' lang='lat' dir='ltr'><strong>Psal.</strong></span> <span class='ocrx_word' id='word_1_836' title='bbox 1869 4937 2001 4979; x_wconf 79' lang='lat' dir='ltr'><strong>xvn.</strong></span> <span class='ocrx_word' id='word_1_837' title='bbox 2029 4922 2083 4975; x_wconf 82' lang='grc'>5.</span> 
     </span>
    </p>
   </div>
   <div class='ocr_carea' id='block_1_111' title="bbox 2180 4920 3563 4986">
    <p class='ocr_par' dir='ltr' id='par_1_111' title="bbox 2180 4920 3563 4986">
     <span class='ocr_line' id='line_1_112' title="bbox 2180 4920 3563 4986; baseline 0.002 -10"><span class='ocrx_word' id='word_1_838' title='bbox 2180 4922 2226 4953; x_wconf 76' lang='grc'>⁸⁸</span> <span class='ocrx_word' id='word_1_839' title='bbox 2251 4922 2269 4976; x_wconf 91' lang='grc'><strong>1</strong></span> <span class='ocrx_word' id='word_1_840' title='bbox 2298 4921 2420 4977; x_wconf 88' lang='lat' dir='ltr'><strong>Cor.</strong></span> <span class='ocrx_word' id='word_1_841' title='bbox 2455 4937 2495 4985; x_wconf 88' lang='grc' dir='ltr'><strong>ι,</strong></span> <span class='ocrx_word' id='word_1_842' title='bbox 2530 4922 2620 4976; x_wconf 68' lang='grc'><strong>24.</strong></span> <span class='ocrx_word' id='word_1_843' title='bbox 2720 4923 2763 4953; x_wconf 82' lang='grc'>⁹⁰</span> <span class='ocrx_word' id='word_1_844' title='bbox 2792 4922 2924 4975; x_wconf 89' lang='lat' dir='ltr'><strong>Dan.</strong></span> <span class='ocrx_word' id='word_1_845' title='bbox 2955 4937 3035 4986; x_wconf 88' lang='grc' dir='ltr'>ιιι,</span> <span class='ocrx_word' id='word_1_846' title='bbox 3079 4920 3166 4974; x_wconf 72' lang='grc'><strong>47.</strong></span> <span class='ocrx_word' id='word_1_847' title='bbox 3243 4920 3286 4951; x_wconf 85' lang='grc'><strong>⁹¹</strong></span> <span class='ocrx_word' id='word_1_848' title='bbox 3316 4922 3448 4983; x_wconf 87' lang='lat' dir='ltr'><strong>ibid.</strong></span> <span class='ocrx_word' id='word_1_849' title='bbox 3477 4925 3563 4980; x_wconf 86' lang='lat'><strong>50.</strong></span> 
     </span>
    </p>
   </div>
   <div class='ocr_carea' id='block_1_112' title="bbox 2007 5079 3568 5149">
    <p class='ocr_par' dir='ltr' id='par_1_112' title="bbox 2007 5079 3568 5149">
     <span class='ocr_line' id='line_1_113' title="bbox 2007 5079 3568 5149; baseline 0.004 -17"><span class='ocrx_word' id='word_1_850' title='bbox 2007 5080 2132 5133; x_wconf 86' lang='lat' dir='ltr'><strong>bilo.</strong></span> <span class='ocrx_word' id='word_1_851' title='bbox 2163 5079 2269 5135; x_wconf 89' lang='lat' dir='ltr'><strong>Sed</strong></span> <span class='ocrx_word' id='word_1_852' title='bbox 2297 5094 2439 5149; x_wconf 69' lang='lat' dir='ltr'><strong>aegre</strong></span> <span class='ocrx_word' id='word_1_853' title='bbox 2470 5081 2571 5134; x_wconf 81' lang='lat' dir='ltr'><strong>fert</strong></span> <span class='ocrx_word' id='word_1_854' title='bbox 2596 5079 2820 5135; x_wconf 66' lang='lat' dir='ltr'><strong>Ducaaus</strong></span> <span class='ocrx_word' id='word_1_855' title='bbox 2860 5081 3202 5140; x_wconf 85' lang='lat' dir='ltr'><strong>Tilmannum</strong></span> <span class='ocrx_word' id='word_1_856' title='bbox 3241 5088 3307 5142; x_wconf 91' lang='lat' dir='ltr'><strong>de</strong></span> <span class='ocrx_word' id='word_1_857' title='bbox 3346 5102 3445 5142; x_wconf 84' lang='lat' dir='ltr'><strong>suo</strong></span> <span class='ocrx_word' id='word_1_858' title='bbox 3474 5103 3568 5141; x_wconf 82' lang='lat' dir='ltr'><strong>vn-</strong></span> 
     </span>
    </p>
   </div>
   <div class='ocr_carea' id='block_1_113' title="bbox 2013 5151 3565 5218">
    <p class='ocr_par' dir='ltr' id='par_1_113' title="bbox 2013 5151 3565 5218">
     <span class='ocr_line' id='line_1_114' title="bbox 2013 5151 3565 5218; baseline 0.005 -15"><span class='ocrx_word' id='word_1_859' title='bbox 2013 5166 2129 5204; x_wconf 90' lang='lat' dir='ltr'><strong>cem</strong></span> <span class='ocrx_word' id='word_1_860' title='bbox 2153 5152 2369 5218; x_wconf 80' lang='lat' dir='ltr'><strong>ﬂamma</strong></span> <span class='ocrx_word' id='word_1_861' title='bbox 2395 5151 2667 5206; x_wconf 88' lang='lat' dir='ltr'><strong>addidisse</strong></span> <span class='ocrx_word' id='word_1_862' title='bbox 2710 5170 2723 5205; x_wconf 92' lang='lat'>:</span> <span class='ocrx_word' id='word_1_863' title='bbox 2770 5152 3123 5210; x_wconf 84' lang='lat' dir='ltr'><strong>Combetisius</strong></span> <span class='ocrx_word' id='word_1_864' title='bbox 3160 5171 3288 5210; x_wconf 87' lang='lat' dir='ltr'><strong>vero</strong></span> <span class='ocrx_word' id='word_1_865' title='bbox 3331 5158 3565 5211; x_wconf 86' lang='lat' dir='ltr'><strong>additam</strong></span> 
     </span>
    </p>
   </div>
   <div class='ocr_carea' id='block_1_114' title="bbox 2013 5220 3572 5297">
    <p class='ocr_par' dir='ltr' id='par_1_114' title="bbox 2013 5220 3572 5297">
     <span class='ocr_line' id='line_1_115' title="bbox 2013 5220 3572 5297; baseline 0.005 -24"><span class='ocrx_word' id='word_1_866' title='bbox 2013 5235 2130 5297; x_wconf 84' lang='lat' dir='ltr'><strong>eam</strong></span> <span class='ocrx_word' id='word_1_867' title='bbox 2158 5220 2321 5297; x_wconf 82' lang='lat' dir='ltr'><strong>fuisse</strong></span> <span class='ocrx_word' id='word_1_868' title='bbox 2345 5221 2411 5273; x_wconf 91' lang='lat' dir='ltr'><strong>ad</strong></span> <span class='ocrx_word' id='word_1_869' title='bbox 2444 5230 2678 5297; x_wconf 76' lang='lat' dir='ltr'><strong>mentem</strong></span> <span class='ocrx_word' id='word_1_870' title='bbox 2737 5220 2917 5275; x_wconf 89' lang='lat' dir='ltr'><strong>Basilii</strong></span> <span class='ocrx_word' id='word_1_871' title='bbox 2958 5224 3210 5297; x_wconf 78' lang='lat' dir='ltr'><strong>allirmat.</strong></span> <span class='ocrx_word' id='word_1_872' title='bbox 3266 5226 3423 5279; x_wconf 84' lang='lat' dir='ltr'><strong>Plura</strong></span> <span class='ocrx_word' id='word_1_873' title='bbox 3475 5234 3572 5297; x_wconf 60' lang='lat' dir='ltr'><strong>qui</strong></span> 
     </span>
    </p>
   </div>
   <div class='ocr_carea' id='block_1_115' title="bbox 2013 5290 3446 5365">
    <p class='ocr_par' dir='ltr' id='par_1_115' title="bbox 2013 5290 3446 5365">
     <span class='ocr_line' id='line_1_116' title="bbox 2013 5290 3446 5365; baseline 0.006 -24"><span class='ocrx_word' id='word_1_874' title='bbox 2013 5290 2184 5365; x_wconf 44' lang='lat' dir='ltr'><strong>volet,</strong></span> <span class='ocrx_word' id='word_1_875' title='bbox 2213 5290 2496 5365; x_wconf 72' lang='lat' dir='ltr'><strong>scriptoris</strong></span> <span class='ocrx_word' id='word_1_876' title='bbox 2526 5290 2809 5359; x_wconf 87' lang='lat' dir='ltr'><strong>utriusque</strong></span> <span class='ocrx_word' id='word_1_877' title='bbox 2840 5301 2993 5365; x_wconf 88' lang='lat' dir='ltr'><strong>notas</strong></span> <span class='ocrx_word' id='word_1_878' title='bbox 3024 5294 3203 5365; x_wconf 79' lang='lat' dir='ltr'><strong>legere</strong></span> <span class='ocrx_word' id='word_1_879' title='bbox 3230 5297 3446 5365; x_wconf 89' lang='lat' dir='ltr'><strong>poterit.</strong></span> 
     </span>
    </p>
   </div>
   <div class='ocr_carea' id='block_1_116' title="bbox 2083 5358 3234 5433">
    <p class='ocr_par' dir='ltr' id='par_1_116' title="bbox 2083 5358 3234 5433">
     <span class='ocr_line' id='line_1_117' title="bbox 2083 5358 3234 5433; baseline 0.006 -22"><span class='ocrx_word' id='word_1_880' title='bbox 2083 5358 2193 5433; x_wconf 58' lang='lat' dir='ltr'><strong>(I5)</strong></span> <span class='ocrx_word' id='word_1_881' title='bbox 2224 5360 2397 5433; x_wconf 72' lang='lat' dir='ltr'><strong>_Colb._</strong></span> <span class='ocrx_word' id='word_1_882' title='bbox 2408 5370 2637 5433; x_wconf 83' lang='lat' dir='ltr'><strong>quartus</strong></span> <span class='ocrx_word' id='word_1_883' title='bbox 2664 5358 3045 5433; x_wconf 85' lang='grc' dir='ltr'>προστάγματι</span> <span class='ocrx_word' id='word_1_884' title='bbox 3078 5358 3234 5423; x_wconf 68' lang='grc' dir='ltr'>Θεοῦ.</span> 
     </span>
    </p>
   </div>
   <div class='ocr_carea' id='block_1_117' title="bbox 2078 5427 3564 5505">
    <p class='ocr_par' dir='ltr' id='par_1_117' title="bbox 2078 5427 3564 5505">
     <span class='ocr_line' id='line_1_118' title="bbox 2078 5427 3564 5505; baseline 0.007 -24"><span class='ocrx_word' id='word_1_885' title='bbox 2078 5427 2186 5499; x_wconf 62' lang='lat' dir='ltr'><strong>(li)</strong></span> <span class='ocrx_word' id='word_1_886' title='bbox 2219 5427 2310 5483; x_wconf 91' lang='lat' dir='ltr'><strong>Sic</strong></span> <span class='ocrx_word' id='word_1_887' title='bbox 2337 5427 2464 5484; x_wconf 83' lang='lat' dir='ltr'><strong>editi</strong></span> <span class='ocrx_word' id='word_1_888' title='bbox 2493 5440 2547 5483; x_wconf 91' lang='lat' dir='ltr'><strong>et</strong></span> <span class='ocrx_word' id='word_1_889' title='bbox 2586 5427 2855 5505; x_wconf 69' lang='lat' dir='ltr'><strong>tres&#39;mss.</strong></span> <span class='ocrx_word' id='word_1_890' title='bbox 2886 5427 3067 5488; x_wconf 63' lang='lat' dir='ltr'><strong>Ktscx</strong></span> <span class='ocrx_word' id='word_1_891' title='bbox 3105 5435 3193 5488; x_wconf 86' lang='lat' dir='ltr'><strong>alii</strong></span> <span class='ocrx_word' id='word_1_892' title='bbox 3229 5448 3363 5489; x_wconf 88' lang='lat' dir='ltr'><strong>mss.</strong></span> <span class='ocrx_word' id='word_1_893' title='bbox 3395 5438 3564 5505; x_wconf 86' lang='grc' dir='ltr'>φωτί-</span> 
     </span>
    </p>
   </div>
   <div class='ocr_carea' id='block_1_118' title="bbox 2010 5498 3570 5573">
    <p class='ocr_par' dir='ltr' id='par_1_118' title="bbox 2010 5498 3570 5573">
     <span class='ocr_line' id='line_1_119' title="bbox 2010 5498 3570 5573; baseline 0.007 -22"><span class='ocrx_word' id='word_1_894' title='bbox 2010 5498 2646 5573; x_wconf 15' lang='grc' dir='ltr'>ζουσαῄρτοᾹφωτιστική.</span> <span class='ocrx_word' id='word_1_895' title='bbox 2674 5501 2839 5573; x_wconf 77' lang='lat' dir='ltr'><strong>Paulo</strong></span> <span class='ocrx_word' id='word_1_896' title='bbox 2882 5513 3003 5573; x_wconf 88' lang='lat' dir='ltr'><strong>post</strong></span> <span class='ocrx_word' id='word_1_897' title='bbox 3037 5518 3168 5559; x_wconf 83' lang='lat' dir='ltr'><strong>mss.</strong></span> <span class='ocrx_word' id='word_1_898' title='bbox 3212 5513 3336 5560; x_wconf 92' lang='lat' dir='ltr'><strong>octo</strong></span> <span class='ocrx_word' id='word_1_899' title='bbox 3378 5498 3418 5560; x_wconf 77' lang='grc' dir='ltr'>δ’</span> <span class='ocrx_word' id='word_1_900' title='bbox 3449 5524 3570 5562; x_wconf 75' lang='grc' dir='ltr'>συσο</span> 
     </span>
    </p>
   </div>
   <div class='ocr_carea' id='block_1_119' title="bbox 2010 5570 2747 5642">
    <p class='ocr_par' dir='ltr' id='par_1_119' title="bbox 2010 5570 2747 5642">
     <span class='ocr_line' id='line_1_120' title="bbox 2010 5570 2747 5642; baseline 0.007 -21"><span class='ocrx_word' id='word_1_901' title='bbox 2010 5570 2262 5642; x_wconf 81' lang='grc' dir='ltr'>σεισμός.</span> <span class='ocrx_word' id='word_1_902' title='bbox 2284 5570 2421 5625; x_wconf 87' lang='lat' dir='ltr'><strong>Editi</strong></span> <span class='ocrx_word' id='word_1_903' title='bbox 2441 5573 2480 5642; x_wconf 16' lang='grc' dir='ltr'>νὸ</span> <span class='ocrx_word' id='word_1_904' title='bbox 2508 5570 2747 5642; x_wconf 87' lang='grc' dir='ltr'>σεισμός.</span> 
     </span>
    </p>
   </div>
   <div class='ocr_carea' id='block_1_120' title="bbox 2072 5640 3563 5711">
    <p class='ocr_par' dir='ltr' id='par_1_120' title="bbox 2072 5640 3563 5711">
     <span class='ocr_line' id='line_1_121' title="bbox 2072 5640 3563 5711; baseline 0.006 -19"><span class='ocrx_word' id='word_1_905' title='bbox 2072 5640 2188 5711; x_wconf 73' lang='grc'><strong>(15)</strong></span> <span class='ocrx_word' id='word_1_906' title='bbox 2213 5640 2301 5693; x_wconf 87' lang='lat' dir='ltr'><strong>Sic</strong></span> <span class='ocrx_word' id='word_1_907' title='bbox 2344 5641 2492 5694; x_wconf 91' lang='lat' dir='ltr'><strong>multi</strong></span> <span class='ocrx_word' id='word_1_908' title='bbox 2518 5640 2649 5696; x_wconf 77' lang='lat' dir='ltr'><strong>mss.</strong></span> <span class='ocrx_word' id='word_1_909' title='bbox 2673 5642 2741 5696; x_wconf 83' lang='lat' dir='ltr'><strong>At</strong></span> <span class='ocrx_word' id='word_1_910' title='bbox 2763 5641 2890 5695; x_wconf 89' lang='lat' dir='ltr'><strong>editi</strong></span> <span class='ocrx_word' id='word_1_911' title='bbox 2923 5657 3043 5696; x_wconf 92' lang='lat' dir='ltr'><strong>cum</strong></span> <span class='ocrx_word' id='word_1_912' title='bbox 3068 5643 3388 5711; x_wconf 82' lang='lat' dir='ltr'><strong>quibusdam</strong></span> <span class='ocrx_word' id='word_1_913' title='bbox 3429 5663 3563 5701; x_wconf 77' lang='lat' dir='ltr'><strong>mss.</strong></span> 
     </span>
    </p>
   </div>
   <div class='ocr_carea' id='block_1_121' title="bbox 2006 5710 3567 5779">
    <p class='ocr_par' dir='ltr' id='par_1_121' title="bbox 2006 5710 3567 5779">
     <span class='ocr_line' id='line_1_122' title="bbox 2006 5710 3567 5779; baseline 0.003 -17"><span class='ocrx_word' id='word_1_914' title='bbox 2006 5710 2263 5763; x_wconf 77' lang='grc' dir='ltr'>συσσείει.</span> <span class='ocrx_word' id='word_1_915' title='bbox 2307 5711 2498 5764; x_wconf 85' lang='lat' dir='ltr'><strong>Statim</strong></span> <span class='ocrx_word' id='word_1_916' title='bbox 2530 5712 2619 5765; x_wconf 86' lang='lat' dir='ltr'><strong>ubi</strong></span> <span class='ocrx_word' id='word_1_917' title='bbox 2668 5713 2861 5779; x_wconf 87' lang='lat' dir='ltr'><strong>legitur</strong></span> <span class='ocrx_word' id='word_1_918' title='bbox 2904 5712 2955 5765; x_wconf 92' lang='lat' dir='ltr'><strong>in</strong></span> <span class='ocrx_word' id='word_1_919' title='bbox 2981 5710 3140 5768; x_wconf 87' lang='lat' dir='ltr'><strong>editis</strong></span> <span class='ocrx_word' id='word_1_920' title='bbox 3177 5727 3232 5770; x_wconf 89' lang='lat' dir='ltr'><strong>et</strong></span> <span class='ocrx_word' id='word_1_921' title='bbox 3278 5716 3331 5771; x_wconf 89' lang='lat' dir='ltr'><strong>in</strong></span> <span class='ocrx_word' id='word_1_922' title='bbox 3366 5719 3567 5772; x_wconf 74' lang='lat' dir='ltr'><strong>nastris</strong></span> 
     </span>
    </p>
   </div>
   <div class='ocr_carea' id='block_1_122' title="bbox 2003 5780 3567 5857">
    <p class='ocr_par' dir='ltr' id='par_1_122' title="bbox 2003 5780 3567 5857">
     <span class='ocr_line' id='line_1_123' title="bbox 2003 5780 3567 5857; baseline 0.008 -27"><span class='ocrx_word' id='word_1_923' title='bbox 2003 5798 2133 5835; x_wconf 82' lang='lat' dir='ltr'><strong>mss.</strong></span> <span class='ocrx_word' id='word_1_924' title='bbox 2168 5780 2623 5857; x_wconf 67' lang='grc' dir='ltr'>καταρτιζομένη,</span> <span class='ocrx_word' id='word_1_925' title='bbox 2661 5783 2863 5839; x_wconf 85' lang='lat' dir='ltr'><strong>editum</strong></span> <span class='ocrx_word' id='word_1_926' title='bbox 2899 5780 3205 5847; x_wconf 82' lang='lat' dir='ltr'><strong>invenimus</strong></span> <span class='ocrx_word' id='word_1_927' title='bbox 3245 5790 3383 5857; x_wconf 76' lang='lat' dir='ltr'><strong>apud</strong></span> <span class='ocrx_word' id='word_1_928' title='bbox 3424 5785 3567 5849; x_wconf 73' lang='lat' dir='ltr'><strong>LXX</strong></span> 
     </span>
    </p>
   </div>
   <div class='ocr_carea' id='block_1_123' title="bbox 2002 5851 2476 5923">
    <p class='ocr_par' dir='ltr' id='par_1_123' title="bbox 2002 5851 2476 5923">
     <span class='ocr_line' id='line_1_124' title="bbox 2002 5851 2476 5923; baseline 0.008 -20"><span class='ocrx_word' id='word_1_929' title='bbox 2002 5851 2476 5923; x_wconf 77' lang='grc' dir='ltr'>καταρτιζομένου.</span> 
     </span>
    </p>
   </div>
  </div>
