4008 6402
359 334 459 392 50!

1448 332 1729 387 HOMILIA
1772 330 1838 384 IN
1879 330 2202 386 PSALMUM
2243 329 2478 385 XXVIII.

3473 331 3582 390 59$

360 447 591 517 καρπὸν
619 447 808 502 καλὸν
827 449 1174 503 ἐκκόπτεται
1198 449 1313 503 ὑπὸ
1340 446 1447 515 τῆς
1467 447 1702 512 deﬁt-mc,
1722 445 1818 499 καὶ
1843 447 1927 511 εὶς

2033 446 2381 512 dilurrecuri,
2401 456 2448 499 cl
2486 445 2538 497 in
2568 445 2730 514 ignem
2760 444 3040 512 conjicitur
3058 444 3096 507 ⁸,
3123 445 3426 500 necessario
3447 461 3582 501 con-

360 543 479 610 ετῦρ
505 539 818 607 βάλλεται,
868 543 1177 610 ἀναγκαίως
1217 543 1262 593 οἱ
1302 542 1496 613 δρυμοὶ
1539 539 1924 610 ἀνακαθαίρον-

359 651 470 697 ται,
499 634 554 686 αἱ
587 631 805 696 ὑλώδεις
831 632 1019 704 ψυχαὶ,
1049 637 1105 686 ὲν
1133 629 1238 698 αἷς,
1269 632 1457 704 ῶσπερ
1493 631 1615 686 τινὰ
1640 631 1824 702 θηρία,
1859 630 1925 682 τὰ

361 722 578 777 ποικίλα
610 723 754 794 πάθη
783 723 890 776 τῶν
918 725 1198 795 ἁμαρτιῶν
1231 725 1553 796 ὲμφωλεὺει,
1593 723 1696 777 ὑπὸ
1718 723 1810 775 τοῦ
1838 723 1925 775 λό-

361 830 480 880 γου,
507 813 563 876 ὃς
597 815 712 866 ἐστι
741 813 1043 885 τομώτερος
1079 817 1218 887 ὑπὲρ
1248 819 1424 870 πᾶσαν
1458 819 1727 888 μάχαιραν
1752 815 1925 868 δίστο-

366 919 484 972 μον.
533 903 684 955 Ἐπεὶ
720 903 776 954 δὲ
812 902 993 956 πολλοὶ
1022 905 1128 974 (22)
1160 905 1265 958 τῶν
1304 905 1624 978 ἀνθρώπων,
1672 921 1926 976 πεφορτι-

365 992 550 1062 σμένοι
608 996 724 1055 ταῖς
787 992 1061 1063 βιωτικαῖς
1128 996 1435 1067 μερίμναις,
1491 991 1599 1049 οἷόν
1661 1013 1780 1048 τινα
1823 994 1926 1064 γῆν

364 1081 732 1153 ἀκανθοφόρον
772 1082 869 1146 τὰς
908 1085 1111 1137 ἑαυτῶν
1143 1085 1314 1156 ψυχὰς
1350 1085 1548 1155 έχουσι,
1583 1087 1676 1138 καὶ
1702 1085 1800 1138 οὐκ
1830 1083 1929 1136 ἐῶ-

364 1195 449 1230 σιν
471 1177 636 1240 αὑτὰς
657 1180 735 1239 εἰς
753 1177 848 1249 τὴν
872 1177 963 1230 τοῦ
989 1178 1144 1248 λόγου
1173 1180 1540 1250 καρποφορίαν
1556 1178 1925 1248 ἐντρέφεσθαι,

367 1266 735 1322 ἀποκαλύπτει
784 1272 812 1321 ό
843 1270 1044 1342 Κύριος
1096 1272 1221 1334 τοὺς
1257 1272 1508 1344 δρυμοὺς,
1567 1271 1829 1333 τουτέστι,
1870 1271 1930 1324 τὸ

367 1359 612 1430 ἄσχημον
657 1361 751 1412 καὶ
788 1360 1030 1431 ἀπρεπὲς
1072 1363 1165 1416 καὶ
1193 1362 1450 1434 βλαϐερὸν
1481 1362 1589 1415 τῶν
1634 1364 1691 1414 ἐν
1721 1361 1797 1431 τῷ
1832 1361 1930 1432 βίῳ

365 1451 538 1521 τούτῳ
565 1451 875 1521 φροντίδων,
899 1453 1006 1515 ἵνα,
1031 1454 1392 1525 τρανωθέντος
1413 1453 1502 1507 τοῦ
1533 1454 1657 1522 περὶ
1681 1452 1773 1506 τοῦ
1796 1455 1932 1520 ἀγα-

367 1542 461 1594 θοῦ
498 1543 590 1596 καὶ
624 1543 792 1596 κακοῦ
829 1545 1018 1609 τόπου,
1073 1545 1146 1617 μὴ
1189 1545 1381 1616 ἔχωσιν
1423 1548 1472 1599 οἰ
1522 1545 1792 1616 ἄνθρωποι
1829 1545 1932 1598 ὑπὸ

365 1633 604 1703 ἀμαθίας
661 1635 757 1698 τὰς
804 1637 930 1705 περὶ
979 1636 1088 1690 τῶν
1139 1637 1472 1708 πραγμάτων
1519 1638 1724 1708 κρίσεις
1776 1635 1929 1707 ἐνηλ-

367 1725 662 1795 λαγμένας.
716 1723 904 1777 Πολλοὶ
933 1725 1040 1796 γὰρ
1087 1726 1153 1778 τὰ
1184 1727 1280 1796 μὲν
1306 1725 1501 1793 ἀγαθὰ,
1548 1728 1674 1779 ὅταν
1703 1725 1931 1778 ἐπίπονα

368 1811 426 1886 ᾗ,
465 1815 608 1868 κακά
653 1815 960 1883 νομίζουσι·
1004 1816 1071 1868 τά
1111 1815 1167 1868 δὲ
1209 1817 1350 1869 κακὰ
1382 1815 1468 1867 διὰ
1499 1815 1596 1886 τὴν
1627 1813 1930 1885 προσοῦσαν

368 1907 548 1968 αὑτοῖς
577 1906 764 1976 ἡδονὴν
803 1906 876 1968 ὡς
919 1905 1095 1974 ἀγαθά
1124 1905 1510 1976 μεταδιώκουσι
1535 1922 1548 1934 °
1585 1907 1677 1958 καὶ
1714 1904 1928 1976 ἀμύθη-

364 2014 458 2060 τος
491 1997 599 2062 (25)
643 1998 699 2049 ἐν
746 1995 1049 2066 ἀνθρώποις
1092 1998 1124 2067 ὴ
1178 1997 1303 2068 περὶ
1346 1997 1412 2048 τὰ
1458 1995 1676 2048 τοιαῦτα
1733 1993 1926 2064 πλάνη.

371 2086 524 2136 Ἔστι
558 2085 653 2154 μὲν
691 2080 784 2137 οὖν
807 2085 907 2153 τῆς
933 2085 1037 2138 τῶν
1065 2085 1282 2154 ἀγαθῶν
1311 2085 1524 2154 φύσεως
1557 2083 1689 2150 ξύλα
1724 2101 1931 2155 καρπο-

371 2178 514 2248 φόρα
551 2177 643 2229 καὶ
681 2177 850 2230 πᾶσαι
884 2177 1082 2248 κέδροι,
1115 2177 1149 2230 ἃ
1173 2180 1263 2231 καὶ
1299 2177 1431 2250 πρὸς
1461 2177 1551 2230 τὸν
1580 2173 1722 2230 αἶνον
1756 2193 1933 2247 παρα-

368 2269 696 2340 λαμϐάνεται
716 2285 729 2298 ·
762 2269 868 2323 τῶν
895 2269 948 2322 δὲ
979 2271 1163 2323 κακῶν
1201 2273 1248 2323 οἱ
1277 2271 1491 2342 δρυμοὶ,
1519 2269 1634 2334 οὓς,
1672 2269 1810 2341 ὑπὲρ
1837 2267 1930 2322 τοῦ

371 2361 446 2432 μὴ
476 2359 818 2431 ἀπατηθῆναι
850 2361 974 2423 τοὺς
1004 2361 1320 2431 νομίζοντας
1351 2363 1604 2433 εὑρήσειν
1642 2363 1764 2416 τινὰ
1797 2381 1930 2434 καρ-

371 2452 472 2506 πὸν
503 2453 767 2522 χρήσιμον
797 2454 853 2504 ἐν
876 2455 1077 2516 αὐτοῖς,
1111 2453 1481 2506 ἀποκαλύπτει
1511 2455 1602 2506 καὶ
1631 2457 1849 2525 φανεροί
1896 2456 1928 2524 ἡ

370 2544 464 2598 τοῦ
498 2545 630 2598 Θεοῦ
655 2547 822 2615 φωνή.
868 2547 977 2598 Καὶ
1025 2546 1093 2597 ἐν
1118 2543 1195 2610 τῷ
1221 2543 1343 2610 ναῷ
1365 2544 1549 2598 αὐτοῦ
1577 2544 1695 2612 πᾶς
1716 2563 1806 2612 τις
1827 2546 1929 2600 λέ-

371 2653 458 2706 τει
499 2637 702 2700 δόξαν.
749 2637 1114 2690 Ἀκουέτωσαν
1143 2635 1249 2688 τῶν
1288 2638 1544 2708 ῥημάτων
1573 2637 1664 2690 τοῦ
1691 2636 1927 2709 ψαλμοῦ,

371 2730 468 2782 καὶ⁵
504 2729 924 2799 ὲντραπήτωσαν
963 2730 1010 2781 οί
1054 2731 1165 2790 τοῖς
1207 2731 1432 2799 μακροῖς
1473 2729 1650 2797 λόγοις
1705 2731 1930 2793 ἑαυτοὺς

371 2821 711 2884 ἐπιδιδόντες.
748 2820 811 2872 Τί
833 2838 993 2891 φησιν
1032 2823 1061 2874 ό
1099 2819 1345 2890 ψαλμός;
1389 2821 1446 2873 Ὀ
1483 2822 1538 2874 ὲν
1572 2820 1650 2891 τῷ
1684 2820 1796 2892 ναῷ
1837 2821 1928 2874 τοῦ

369 2911 502 2965 Θεοῦ
543 2913 826 2982 γενόμενος
873 2913 932 2965 οὐ
966 2910 1306 2980 κακολογίαν,
1344 2911 1403 2964 οῦ
1447 2913 1800 2982 ματαιότητα,
1830 2914 1930 2966 οὐκ

371 3001 608 3073 αἰσχρῶν
657 3003 992 3074 πραγμάτων
1036 3003 1274 3074 γέμοντα
1314 3004 1531 3074 ῥήματα
1579 3005 1927 3073 ἀπαγγέλλει,

2025 538 2205 590 densa:
2233 537 2398 603 silvm,
2433 539 2558 606 ipsa:
2583 536 2826 591 videlicet
2857 536 3047 589 animm
3076 536 3435 605 silvestres,in
3459 539 3581 608 qui-

2026 630 2125 683 bus
2164 629 2323 682 variae
2366 637 2711 697 peccatorum
2761 624 3093 690 aﬂectiones,
3140 626 3285 680 velut
3333 629 3578 697 quiedam

2025 718 2172 785 ferae,
2214 720 2445 782 latitant,
2494 722 2562 774 ab
2604 733 2669 772 eo
2723 731 2994 781 sermone,
3040 718 3132 786 qui
3181 723 3372 786 quovis
3403 719 3582 789 gladio

2029 816 2284 881 utrinque
2324 811 2594 866 incidente
2623 810 2993 881 penetrantior
3022 811 3163 877 est',
3203 821 3578 880 repurgantur.

2028 903 2134 957 Sed
2167 918 2288 957 cum
2323 903 2472 956 multi
2511 903 2754 957 homines
2783 901 2906 956 vitae
2950 902 3096 956 curis
3145 903 3442 972 aggravati.
3467 906 3583 958 ani-

2029 1010 2144 1049 mas
2192 1009 2317 1050 suas
2379 995 2528 1064 quasi
2561 992 2872 1063 spiniferam
2899 993 3188 1062 quamdam
3241 1005 3434 1049 terram
3483 995 3580 1050 lia-

2029 1091 2208 1153 beant,
2241 1103 2339 1144 nec
2365 1089 2545 1143 sinant
2571 1103 2663 1143 eas
2692 1089 2758 1142 ad
2789 1086 3068 1141 feremlum
3097 1086 3264 1142 divini
3315 1091 3581 1143 sermonis

2029 1181 2261 1240 fructum
2302 1182 2542 1245 educari,
2598 1180 2803 1235 revelat
2851 1180 3109 1235 Dominus
3158 1181 3448 1244 condensa,
3485 1182 3585 1236 hoc

2028 1285 2132 1337 est,
2165 1289 2413 1326 curarum
2440 1274 2490 1327 in
2523 1274 2625 1328 hac
2646 1273 2750 1328 vita
2783 1273 3158 1327 exsistentium
3193 1271 3582 1328 deformitatem

2029 1375 2082 1418 et
2115 1364 2410 1418 nuditatem
2447 1375 2500 1418 et
2528 1363 2924 1419 incommodum
2953 1381 2966 1416 :
2994 1373 3051 1416 ut
3084 1363 3198 1417 loco
3229 1364 3350 1417 boni
3376 1378 3437 1416 ac.
3462 1364 3582 1416 mali

2031 1458 2264 1522 detecto,
2293 1472 2400 1510 non
2453 1470 2705 1525 perverse
2756 1458 2822 1511 de
2859 1455 3018 1511 rebus
3058 1454 3300 1523 judicent
3345 1456 3586 1510 homines

2033 1563 2140 1617 pne.
2175 1547 2408 1603 inscitia.
2441 1546 2588 1600 Multi
2627 1548 2771 1600 enim
2811 1549 2970 1614 bona,
3003 1549 3215 1618 quando
3245 1548 3508 1604 laboriosa
3534 1558 3588 1603 et

2031 1639 2263 1694 dillicilia
2296 1649 2442 1706 sunt,
2475 1640 2610 1693 mala
2642 1641 2950 1695 existimant
2981 1658 2994 1693 :
3031 1641 3164 1694 mala
3196 1656 3321 1696 vero
3345 1643 3412 1695 ob
3451 1641 3586 1696 insi-

2035 1739 2140 1782 tam
2174 1729 2276 1784 sibi
2311 1729 2660 1798 voluptatem,
2711 1739 2767 1783 ut
2811 1734 2948 1785 bona
2979 1739 3397 1796 consectantur;
3428 1742 3588 1801 atque

1964 1791 2002 1846 Β
2035 1821 2308 1874 hominum
2365 1836 2606 1874 errorem
2653 1822 2775 1874 inde
2827 1821 3254 1887 proﬁciscentem
3288 1791 3590 1891 perditiieile

2032 1921 2114 1965 est
2143 1911 2347 1966 dicere.
2379 1909 2657 1965 Pertinent
2711 1912 2871 1980 igitur
2919 1912 2986 1965 ad
3026 1913 3290 1966 bonorum
3344 1922 3588 1965 naturam

2033 2002 2313 2056 fructifera
2347 2002 2487 2070 ligna
2519 2016 2582 2056 ac
2610 2003 2754 2056 cedri
2809 2017 3015 2067 omnes,
3043 2017 3160 2072 quae
3185 2004 3344 2057 etiam
3377 2006 3443 2057 ad
3484 2004 3593 2057 lau-

2032 2093 2154 2162 dem
2188 2092 2526 2160 accipiuntur
2554 2109 2568 2144 :
2595 2092 2658 2144 ad
2696 2092 2956 2148 malorum
2989 2107 3115 2146 vero
3168 2101 3416 2147 naturam
3457 2107 3588 2147 con-

2035 2183 2200 2237 densa
2236 2203 2246 2237 :
2276 2196 2415 2250 quzc,
2469 2198 2534 2236 ne
2582 2182 2920 2251 decipiantur
2981 2182 3072 2250 qui
3127 2182 3312 2238 utilem
3357 2183 3588 2252 aliquem

2036 2274 2266 2328 fructum
2291 2274 2342 2326 in
2376 2273 2456 2327 eis
2478 2275 2791 2328 inventuros
2823 2288 2882 2328 se
2912 2283 3120 2342 putant,
3153 2275 3373 2338 revelat,
3407 2291 3471 2330 ac
3498 2275 3592 2328 de-

2036 2365 2164 2434 tegit
2196 2365 2288 2418 Dei
2322 2379 2445 2419 vox.
2480 2363 2545 2417 Et
2600 2364 2654 2417 in
2698 2365 2887 2431 templo
2930 2365 3044 2434 ejus
3078 2381 3251 2419 omnes
3279 2367 3449 2420 dicent
3477 2367 3592 2436 glo-

2036 2458 2188 2510 riam.
2219 2456 2454 2510 Audiaut
2507 2455 2620 2511 haec
2668 2457 2856 2525 psalmi
2897 2457 3059 2511 verba
3110 2473 3172 2510 ac
3223 2469 3588 2522 revereanlnr,

2033 2548 2124 2618 qui
2158 2546 2399 2616 prolixos
2436 2546 2636 2600 habent
2679 2559 2972 2601 sermones.
3002 2546 3138 2612 Quid
3165 2546 3293 2600 dicit
3321 2548 3591 2617 psalmus?

2034 2640 2135 2708 Qui
2167 2639 2218 2693 in
2253 2638 2448 2706 templo
2479 2636 2571 2692 Dei
2591 2647 2695 2701 est,
2724 2652 2825 2692 non
2853 2637 3118 2705 convicia,
3149 2654 3249 2693 non
3283 2655 3370 2694 res
3401 2655 3590 2704 vanas,

2035 2747 2141 2784 non
2173 2729 2336 2783 verba
2389 2728 2640 2782 obscenis
2679 2728 2837 2782 rebus
2885 2726 3085 2781 referta
3141 2727 3366 2797 profert,
3409 2729 3502 2783 sed
3535 2729 3589 2784 in

2036 2820 2231 2891 templo
2264 2819 2378 2888 ejus
2406 2819 2634 2888 quisque
2699 2818 2830 2873 dicit
2879 2819 3124 2890 gloriam.
3175 2822 3367 2874 Astant
3418 2823 3589 2876 sancti

2034 2913 2229 2983 angeli,
2259 2912 2351 2980 qui
2385 2912 2498 2964 htec
2530 2910 2690 2965 verba
2748 2911 3094 2966 describant:
3125 2914 3275 2966 adest
3313 2911 3589 2974 Dominus.

2031 3007 2123 3074 qui
2157 3004 2394 3058 animum
2427 3003 2840 3072 ingredientium
2887 3003 3146 3059 intuetur.
3189 3003 3382 3059 Preces
3409 3005 3593 3060 unius-

371 3095 484 3148 ἀλλ’
521 3097 575 3147 ὲν
615 3094 693 3165 τῷ
731 3095 842 3166 ναῷ
879 3095 1040 3149 αὑτοῦ
1085 3098 1192 3159 πᾶς
1222 3113 1305 3159 τις
1335 3095 1480 3163 λέγει
1514 3095 1687 3160 δόξαν.
1742 3097 1930 3168 Ἑστή-

2034 3095 2293 3165 cujusque
2319 3093 2617 3150 manifesta:
2649 3095 2757 3150 Deo
2779 3105 2932 3162 sunt;
2968 3097 3090 3166 quis
3127 3111 3194 3151 ex
3231 3096 3444 3162 allecto,
3473 3099 3592 3167 quis

317 3211 319 3214 ·
372 3204 528 3240 κασιν
553 3187 662 3257 (24)
698 3188 746 3240 οἱ
781 3189 1218 3258 ἀπογραφόμενοι
1256 3189 1322 3242 τά
1356 3189 1570 3258 ῥήματα
1598 3189 1740 3257 ἅγιοι
1769 3190 1930 3259 ἀγγε-

372 3279 453 3332 λοι
472 3296 486 3309 ο
521 3279 777 3348 πάρεστιν
805 3283 832 3333 ὸ
863 3279 1062 3352 Κύριος
1097 3279 1194 3344 τὰς
1233 3279 1497 3343 διαθέσεις
1527 3280 1633 3333 τῶν
1660 3282 1930 3334 εἰσιόντων

372 3372 705 3426 ἐπισκοπῶν.
783 3373 843 3424 Ἦ
916 3372 1186 3442 προσευχὴ
1252 3373 1478 3425 ἑκάστου
1555 3374 1930 3444 πεφανέρωται

371 3463 490 3536 Θεῷ
512 3481 525 3494 ·
551 3463 632 3527 τίς
654 3466 718 3516 ὲκ
743 3464 1052 3528 διαθέσεως,
1077 3464 1158 3527 τίς
1191 3464 1564 3534 ἐπιστημόνως
1596 3465 1841 3535 ἐπιζητεῖ
1865 3468 1932 3518 τὰ

374 3557 701 3627 ἐπουράνια⁹
737 3557 821 3618 τίς
854 3556 1256 3626 ἀφωσιωμένως
1290 3557 1477 3625 ἄκροις
1503 3559 1612 3618 τοῖς
1640 3557 1837 3626 χείλεσι
1866 3558 1934 3610 τὰ

375 3649 594 3718 ῥήματα
629 3646 942 3716 φθέγγεται,
965 3648 996 3718 ἡ
1020 3646 1075 3699 δὲ
1103 3646 1295 3716 καρδία
1326 3646 1488 3699 αὑτοῦ
1531 3648 1715 3718 πόρρω
1739 3647 1932 3717 ἀπέχει

373 3743 481 3795 ἀπὸ
505 3740 660 3795 Θεοῦ.
686 3740 800 3794 Κᾶν
825 3739 1068 3811 εὔχηται,
1099 3740 1306 3808 ὑγίειαν
1331 3739 1547 3809 σαρκὸς,
1575 3741 1669 3793 καὶ
1697 3757 1934 3810 σωματι-

377 3833 472 3886 κὸν
499 3831 745 3898 πλοῦτον,
775 3832 873 3884 καῖ
890 3832 1045 3898 δόξαν
1072 3831 1416 3901 ἀνθρωπίνην
1460 3832 1721 3900 ἐπιζητεῖ.
1756 3835 1847 3885 Δεῖ
1878 3833 1934 3886 δὲ

375 3925 525 3978 οὐδὲν
551 3924 771 3987 τούτων,
804 3923 878 3984 ὡς
909 3926 936 3977 ὁ
963 3924 1120 3990 λόγος
1159 3922 1416 3989 διδάσκει,
1455 3923 1568 3977 ἀλλ’
1611 3926 1669 3977 ἐν
1715 3925 1791 3996 τῷ
1825 3925 1935 3996 ναῷ

375 4015 541 4069 αὐτοῦ
582 4017 688 4078 πᾶς
719 4031 800 4077 τις
832 4014 974 4082 λέγει
1015 4014 1188 4078 δόξαν.
1223 4017 1284 4068 Οἱ
1319 4016 1555 4084 οὐρανοὶ
1592 4015 1933 4086 διηγοῦνται

375 4108 563 4172 δόξαν
603 4107 768 4162 Θεοῦ.
813 4107 1083 4174 ’Λγγέλοις
1129 4106 1286 4178 ἔργον
1314 4107 1609 4176 δοξολογεῖν
1642 4109 1774 4162 Θεόν
1800 4110 1931 4180 (25).

378 4202 532 4272 Πὰσῃ
555 4203 619 4272 τῇ
651 4200 876 4271 στρατιᾷ
897 4198 1004 4252 τῶν
1027 4199 1358 4271 ἐπουρανίων
1383 4199 1440 4253 ἓν
1473 4199 1629 4254 τοῦτο
1649 4200 1828 4271 ἔργον,
1850 4203 1935 4258 δό-

379 4294 474 4360 ξαν
502 4293 844 4364 ἀναπέμπειν
875 4292 952 4363 τῷ
984 4293 1245 4346 κτίσαντι.
1293 4293 1357 4344 Ἦ
1401 4292 1574 4356 κτίσις
1603 4295 1770 4358 πᾶσα,
1802 4296 1835 4366 ἤ
1876 4313 1934 4348 τε

376 4387 658 4451 σιωπῶσα,
692 4385 786 4439 καὶ¹
812 4387 844 4456 ἡ
869 4383 1229 4456 φθεγγομένη.
1258 4385 1291 4454 ἦ
1315 4402 1372 4436 τε
1406 4386 1787 4456 ὑπερκόσμιος,
1814 4388 1848 4459 ἦ
1875 4406 1934 4441 τε

2033 3189 2167 3241 scite
2192 3187 2441 3256 exquirat
2489 3187 2769 3255 caelestia;
2798 3188 2921 3257 quis
2945 3187 3310 3258 perfunctorie
3335 3198 3389 3244 et
3419 3199 3595 3243 extre-

2035 3279 2136 3333 mis
2172 3277 2340 3334 lahris
2371 3278 2534 3333 verba
2577 3281 2910 3349 pronuntiet,
2935 3295 3029 3335 cor
3060 3296 3188 3336 vero
3221 3282 3387 3350 ipsius
3409 3282 3592 3351 procul
3684 3325 3688 3328 .

2037 3386 2064 3422 a
2105 3371 2213 3426 Deo
2251 3372 2344 3425 sit.
2370 3369 2524 3437 Quod
2553 3373 2598 3426 si
2636 3383 2776 3436 orat,
2803 3373 2984 3427 carnis
3013 3372 3324 3436 sanitatem,
3355 3386 3594 3442 opesque

2035 3446 2421 3534 corporeaset
2477 3466 2767 3520 humanam
2821 3464 3046 3535 gloriam
3080 3463 3357 3534 eﬂlagitat.
3393 3465 3591 3519 Horum

2038 3565 2220 3609 autem
2247 3554 2384 3608 nihil
2412 3556 2698 3624 petendum
2731 3567 2830 3616 est,
2863 3564 2922 3609 ut
2953 3555 3228 3624 Scriptura
3268 3556 3422 3610 docet
3450 3571 3466 3610 :
3501 3557 3594 3610 sed

2038 3647 2088 3701 in
2129 3647 2331 3716 templo
2393 3647 2509 3716 ejus
2569 3647 2938 3717 unusquisque
2991 3647 3123 3702 dicit
3165 3646 3409 3716 gloriam.
3467 3645 3594 3702 lei

2036 3747 2284 3791 enarrant
2325 3738 2548 3805 gloriam
2596 3736 2692 3790 Dei
2709 3737 2749 3791 ³.
2782 3737 2948 3792 Deum
2981 3737 3150 3808 gloria
3179 3736 3395 3793 allicere
3435 3753 3596 3807 ange-

2039 3827 2209 3882 lorum
2244 3844 2439 3882 munus
2487 3839 2596 3884 est.
2643 3828 2756 3883 Hoc
2799 3845 2961 3884 unum
3007 3837 3089 3884 est
3144 3831 3308 3884 totius
3359 3829 3596 3884 emlestis

2036 3921 2308 3978 exercitus
2347 3920 2603 3988 oliicium,
2640 3922 2846 3977 referre
2875 3921 3118 3978 Creatori
3151 3921 3396 3993 gloriam.
3429 3921 3596 3976 Crea-

2039 4027 2157 4068 tura
2189 4015 2385 4076 omnis.
2421 4027 2530 4068 tum
2561 4014 2742 4078 silens,
2774 4023 2882 4067 tum
2919 4014 3165 4084 loquens,
3204 4021 3316 4068 tum
3337 4014 3594 4080 ccclesiis,

2039 4114 2147 4158 tum
2197 4116 2433 4170 terrena,
2493 4107 2583 4159 dat
2632 4105 2856 4174 gloriam
2904 4105 3205 4160 Coudilori.
3263 4103 3595 4158 Miserabiles

2037 4212 2166 4252 vero
2214 4197 2478 4264 homines,
2520 4208 2804 4266 postquam
2847 4196 3049 4252 uadibus
3104 4197 3216 4252 suis
3271 4195 3473 4251 relictis
3528 4196 3595 4248 ad

2039 4286 2291 4357 templum
2320 4298 2733 4354 concurrerunt,
2765 4289 2920 4356 quasi
2965 4287 3238 4356 quidpiam
3279 4285 3434 4356 123
3467 4301 3596 4340 con-

2037 4380 2272 4434 secuturi
2321 4379 2690 4444 emolumenti,
2720 4390 2895 4435 tamen
2950 4379 3040 4434 Dei
3081 4378 3261 4435 verbis
3291 4394 3449 4434 aures
3483 4395 3590 4434 non

378 4480 652 4552 περίγειος
683 4477 892 4544 δοξάζει
921 4476 1010 4530 τὸν
1031 4479 1304 4531 κτίσαντα.
1343 4479 1645 4550 Ἄνθρωποι
1684 4479 1738 4533 δὲ
1775 4481 1930 4535 ἐλεει-

2040 4472 2298 4540 praebent,
2352 4488 2504 4526 suam
2555 4473 2790 4542 ipsorum
2849 4481 3094 4526 naturam
3150 4486 3254 4526 non
3308 4472 3588 4526 sentiunt:

374 4571 478 4630 νοὶ,
509 4569 893 4632 καταλιπόντες
918 4567 1042 4630 τοὺς
1075 4566 1253 4630 οἴκους
1289 4566 1383 4619 καὶ
1409 4568 1500 4620 ἐπὶ
1532 4567 1620 4619 τὸν
1655 4568 1778 4620 ναὸν
1813 4585 1934 4622 συν-

375 4659 689 4732 δραμόντες,
741 4658 816 4722 ὼς
849 4658 912 4728 δή
943 4676 996 4710 τι
1034 4657 1256 4721 ἑαυτοὺς
1289 4657 1676 4728 ὠφελήσοντες,
1713 4661 1810 4730 οὐχ
1837 4661 1937 4714 ὑπ-

377 4751 559 4822 έχουσι
626 4751 722 4814 τάς
790 4751 956 4811 ἀκοὰς
1017 4749 1190 4818 λόγοις
1255 4749 1409 4813 Θεοῦ,
1469 4750 1529 4802 οὐ
1575 4749 1935 4818 λαμϐάνουσιν

377 4845 624 4914 αἴσθησιν
672 4844 769 4912 τῆς
813 4843 1019 4897 ἑαυτῶν
1057 4842 1288 4912 φύσεως,
1323 4844 1381 4896 οὑ
1416 4842 1704 4896 λυποῦνται
1740 4843 1937 4914 προλη-

378 4936 601 5004 φθέντες
633 4938 740 4991 ὑπὸ
781 4937 889 5006 (26)
925 4936 1021 5006 τῆς
1052 4935 1350 5009 ἀμαρτίας’
1407 4937 1466 4988 οὐ
1518 4934 1808 4990 λυποῦνται
1859 4938 1936 4998 είς

454 5049 470 5079 ⁸
497 5049 681 5104 Matth.
713 5063 794 5112 ιιι,
824 5050 908 5104 10.

448 5166 558 5234 (22)
587 5165 719 5234 Reg.
751 5165 1013 5220 secundus
1055 5166 1240 5237 ἐπειδὴ
1277 5166 1476 5220 πολλοί.
1516 5166 1659 5237 Mox_
1677 5165 1806 5237 Reg.
1844 5181 1929 5237 se-

377 5237 606 5294 cundus.
633 5247 857 5302 quartus
894 5247 948 5290 et
980 5247 1162 5291 sextus
1191 5235 1312 5291 cum
1356 5238 1590 5290 editione
1629 5235 1792 5289 Basil.
1830 5235 1933 5304 γῆν

379 5306 769 5377 ἀκανθοφόρον,
802 5310 1202 5377 ιετναηιμξρὶηοι
1244 5307 1514 5376 ferentem,
1566 5307 1718 5360 bene.
1745 5305 1935 5377 Editio

379 5376 552 5431 Paris.
587 5375 975 5446 ἀκανθορόφον.
1005 5375 1114 5431 Nec
1148 5379 1220 5430 ita
1245 5375 1434 5429 multo
1475 5387 1593 5444 post
1627 5376 1790 5430 editio
1833 5376 1933 5428 Pa-

380 5445 871 5518 τιθεμκτρέφεσθαι.
899 5445 965 5518 At
988 5461 1077 5501 sex
1100 5462 1232 5518 mss.
1263 5447 1636 5518 ἐντρέφεσθαι.

453 5483 475 5500 ι.
498 5465 592 5499 εκτ
634 5465 871 5515 εφεσυαι.
899 5465 965 5499 Al
988 5465 1077 5501 ειυς
1103 5465 1232 5501 mss.
1263 5465 1636 5518 εντρεφεσυαι.

453 5516 564 5586 (25)
593 5465 768 5570 Editio
797 5516 968 5570 Paris.
1013 5526 1066 5570 et
1098 5515 1230 5586 Reg.
1259 5527 1484 5585 quartus
1513 5517 1607 5570 καὶ
1654 5513 1935 5586 ἀμύθητὸς

379 5588 548 5641 ἐστιν.
590 5587 741 5651 Illud,
774 5588 943 5644 ἐστιν.
973 5586 1118 5641 deest
1164 5588 1216 5640 in
1249 5587 1368 5640 aliis
1421 5603 1516 5642 sex
1570 5603 1699 5640 mss.
1736 5586 1932 5639 Ibidem

382 5671 493 5711 tres
527 5672 657 5711 mss.
701 5658 826 5727 περί
853 5656 1264 5728 ταῦταγπλάνη.
1313 5657 1506 5711 Statim
1549 5655 1929 5728 editiorPraris.

381 5729 603 5799 ἑαυτοὺς
629 5729 684 5799 έν
710 5726 784 5799 τῇ
804 5726 1093 5797 Ἐκκλησία
1110 5726 1431 5790 ἐπιδιδόντες
1448 5748 1460 5760 ·
1488 5728 1581 5782 sed
1615 5727 1761 5788 illud,
1787 5727 1843 5778 ὲν
1864 5728 1927 5795 τῇ

397 5797 715 5869 Ἐκκλησία,
745 5797 794 5854 in
827 5801 1027 5852 nostris
1060 5801 1303 5853 undecim
1338 5814 1461 5852 mssa
1499 5815 1601 5860 non
1640 5799 1926 5858 inuenitur,

1003 5051 1022 5080 ²
1051 5048 1212 5104 Hebr.
1247 5064 1316 5112 tv,
1363 5048 1446 5104 12.
1525 5049 1544 5079 ³
1579 5048 1722 5102 l’sal.
1751 5064 1906 5112 xvru,
1941 5047 1993 5100 2.

2041 4567 2397 4633 praeoccupati
2423 4575 2664 4636 peccato,
2702 4580 2806 4619 non
2843 4564 3190 4635 aﬂlignntur;
3226 4581 3331 4619 non
3367 4576 3600 4620 mcerent

2043 4659 2166 4712 dum
2199 4659 2617 4713 reminiscnntur
2665 4666 3039 4727 peccatorum;
3083 4673 3185 4712 non
3239 4659 3428 4712 timent
3453 4656 3597 4726 judi-

2043 4749 2181 4801 cium
2206 4766 2220 4814 ;
2254 4749 2346 4803 sed
2375 4749 2696 4811 arridentes,
2719 4756 2772 4803 et
2798 4748 2937 4802 inter
2965 4763 3022 4802 se
3041 4746 3328 4818 jungentes
3353 4748 3594 4810 dextras,

2045 4842 2368 4910 precationis
2397 4841 2612 4894 domum
2659 4841 2710 4894 in
2762 4841 2936 4893 locum
2971 4839 3269 4893 inmodicae
3304 4839 3597 4909 loquacita-

2047 4935 2114 4985 tis
2150 4942 2382 4996 vertunt,
2410 4932 2679 5000 aspernati
2715 4931 2975 4999 psalmum
3011 4931 3376 4986 declarantem
3406 4945 3469 4986 ac
3510 4932 3592 4985 di-

2039 5176 2139 5216 ιιι-ιι
2183 5157 2402 5220 mirum,
2433 5173 2554 5209 cum
2586 5156 2716 5211 satis
2738 5173 2800 5212 ex
2831 5171 2890 5212 se
2915 5157 3148 5226 suppleri
3177 5158 3366 5222 possit.

2110 5231 2220 5297 (9.4)
2252 5229 2424 5299 Editin
2453 5227 2940 5299 Paris._éccﬁxact
2982 5228 3110 5299 γάρ.
3161 5228 3321 5299 Deest
3339 5226 3594 5299 particula

2037 5302 2145 5372 γάρ
2172 5301 2222 5352 in
2255 5298 2438 5372 multis
2469 5312 2596 5372 mss.
2635 5297 2818 5367 Neque
2841 5313 2973 5372 vero
3013 5297 3205 5372 dubito
3235 5297 3364 5364 quin
3402 5297 3596 5350 melius

2037 5367 2198 5428 absit,
2227 5384 2346 5421 cum
2375 5369 2475 5423 hoc
2516 5369 2637 5436 loco
2667 5367 2936 5436 superﬂua
2965 5383 3086 5421 esse
3123 5367 3384 5419 videatur.

2111 5440 2223 5515 (ἓξ)
2249 5438 2387 5515 Reg.
2417 5431 2683 5515 segnitdus
2706 5431 3004 5515 δοξολογεῖν
3034 5435 3208 5515 (ﬁeri).~

2106 5513 2217 5578 (26)
2249 5507 2454 5562 Rursus
2490 5509 2619 5576 Reg.
2645 5505 2908 5563 secundus
2950 5507 3011 5578 οὐ
3042 5505 3335 5578 λυποῦνται
3361 5505 3597 5578 προϐλη-

2042 5576 2224 5643 θέντες
2249 5579 2372 5632 ὑπό.
2401 5580 2528 5648 ch.
2561 5589 2786 5648 quartus
2812 5576 3267 5649 προσληφθέντες.
3286 5576 3435 5630 Multi
3465 5576 3593 5649 mss.

2043 5647 2618 5726 προληφθέντεςᾙΜοιι
2659 5647 3021 5727 lleg.-tertius
3064 5647 3405 5728 ἀφικόμενοι.
3453 5647 3624 5736 ΙιιΥΗιι

2041 5721 2463 5792 lteg.s_e_c_uudns
2507 5719 2618 5792 ναῷ
2666 5720 2828 5773 αὐτου
2875 5719 2998 5781 πᾶς,
3052 5733 3151 5773 nec
3195 5720 3352 5773 aliter
3402 5718 3640 5787 legitur~

2038 5789 2173 5863 apud
2210 5789 2369 5845 LXX.
