4008 6402
484 361 592 419 503

1792 369 1846 425 S.
1891 371 1975 424 BA
1984 369 2133 425 SlLll
2166 371 2379 426 MAGNI

3616 376 3727 433 3οι

486 490 698 536 centem
728 502 740 536 :
777 482 842 537 In
877 484 1068 553 templo
1116 485 1232 556 ejus
1260 489 1613 557 unusquisque
1643 489 1766 541 dicit
1800 492 2021 561 gloriam

2152 493 2369 563 μνήμην
2420 490 2527 543 τῶν
2579 492 2857 562 ἁμαρτιῶν
2895 493 3301 564 ἀφικνούμενοι,
3343 496 3401 548 οὐ
3462 496 3728 569 τρέμουσι

492 570 571 625 Τυ
624 588 755 628 vero
803 590 909 631 non
957 576 1115 631 modo
1143 592 1250 631 non
1282 577 1549 644 loqueris;
1583 580 1682 633 sed
1708 580 1859 636 alteri
1889 585 2049 639 etiam

484 679 545 716 es
575 664 985 734 impedimento,
1019 668 1111 736 qui
1148 682 1268 722 eum
1316 668 1409 721 tibi
1439 669 1631 723 reddas
1655 681 1945 736 attentum,
1971 683 2052 728 at-

486 768 592 817 que
626 770 721 824 per
748 765 895 811 tuum
922 759 1203 811 tumultum
1227 772 1419 813 sonum
1441 760 1696 829 majorem
1729 764 1858 817 edas
1889 779 2047 834 quam

489 842 724 910 Spiritus
748 847 1012 901 doctrina.
1050 846 1192 902 Cave
1222 862 1290 903 ne
1331 851 1543 918 quando
1585 851 1769 916 abeas,
1796 841 1899 908 una
1926 869 2046 909 cum

486 933 555 988 iis
581 935 671 1004 qui
726 936 888 1007 impia
920 948 974 993 et
1004 939 1393 995 contumeliosa
1440 941 1602 995 verba
1636 943 1689 996 in
1728 944 1821 997 Dei
1849 960 2044 1002 nomen

483 1038 762 1096 evomunt,
799 1031 1208 1097 condemnatus,
1265 1046 1386 1086 cum
1428 1032 1706 1090 debuisses
1739 1040 2042 1094 mercedem

482 1130 583 1188 pro
624 1133 802 1174 rerum
856 1120 1158 1176 divinarum
1185 1122 1551 1180 celebratione
1574 1126 1836 1197 recipere.
1866 1128 2043 1188 Habes

480 1210 767 1279 psalmum,
800 1214 965 1269 habes
997 1216 1352 1283 prephetiam,
1388 1231 1651 1291 praecepta
1710 1224 2038 1295 evangelica,

479 1303 841 1371 apostolorum
892 1307 1325 1375 praedicationes.
1371 1310 1574 1382 Lingua
1626 1314 1838 1384 psallat,
1890 1333 2041 1375 mens

478 1404 686 1459 eorum,
719 1411 836 1465 quae
868 1396 1015 1453 dicta
1057 1408 1204 1463 sunt,
1261 1412 1537 1458 scrutetur
1579 1406 1990 1475 intelligentiam
2021 1426 2037 1464 :

478 1496 536 1538 ut
587 1486 785 1556 psallas
842 1489 1057 1557 spiritu,
1096 1492 1294 1561 psallas
1350 1495 1481 1552 item,
1526 1507 1579 1550 et
1621 1511 1807 1555 mente
1826 1500 1868 1555 ⁵.
1897 1502 2036 1557 Deus

475 1576 620 1632 enim
671 1578 895 1636 minime
949 1581 1152 1653 indiget
1201 1583 1370 1653 gloria
1400 1604 1419 1640 ιη
1444 1590 1539 1643 sed
1573 1598 1623 1641 te
1656 1590 1766 1644 vult
1811 1606 1933 1647 esse
1964 1594 2037 1647 di-

475 1685 661 1737 gnum,
694 1671 784 1739 qui
837 1672 1061 1743 gloriam
1116 1691 1471 1745 consequare.
1505 1680 1844 1751 Quapropter
1883 1684 2036 1750 Quod

474 1764 699 1817 seminat
735 1765 909 1829 homo,
956 1766 1053 1820 hoc
1098 1779 1143 1821 et
1188 1780 1335 1824 metet
1356 1770 1397 1826 '.
1446 1771 1660 1827 Semina
1693 1774 2035 1845 gloriﬁcatio—

2154 583 2253 653 τὴν
2284 583 2463 653 κρίσιν
2485 600 2496 611 ·
2522 582 2655 636 ἀλλά
2684 585 3011 654 μειδιῶντες,
3043 587 3250 654 καὶτὰς
3273 588 3451 654 δεξιὰς
3473 589 3723 663 ἀλλήλοις

2157 673 2532 743 ἐμϐάλλοντες,
2568 673 2730 726 τόπον
2763 676 3127 745 μακρολογίας
3160 678 3250 729 τὸν
3268 674 3413 731 οἶκον
3441 679 3720 737 ποιοῦνται

2149 766 2248 836 τῆς
2296 765 2619 836 προσευχῆς,
2676 766 3208 837 παρακούοντες,τοῦ
3236 769 3451 839 ψαλμοῦ
3476 772 3570 824 τοῦ
3601 773 3723 825 δια-

2153 858 2563 928 μαρτυρομένου
2610 858 2702 911 καὶ
2758 860 3023 928 λέγοντος,
3069 861 3148 913 ὅτι
3203 863 3299 915 Ἐν
3333 862 3412 928 τῷ
3455 863 3577 929 ναῷ
3610 866 3721 920 τοῦ

2152 949 2297 1004 Θεοῦ
2330 950 2448 1017 πᾶς
2478 969 2569 1017 τις
2597 952 2758 1021 λέγει
2782 952 2988 1017 δόξαν.
3025 953 3095 1005 Σὺ
3139 953 3195 1006 δὲ
3244 954 3303 1007 οὐ
3347 956 3505 1025 μόνον
3540 958 3597 1010 οὑ
3629 958 3721 1010 λέ-

2146 1056 2284 1107 γεις,
2306 1039 2441 1093 ἀλλά
2474 1042 2566 1093 καὶ
2595 1040 2764 1111 ἑτέρῳ
2794 1042 3045 1111 ἐμπόδιον
3081 1040 3192 1111 (27)
3224 1043 3344 1114 γίνῃ
3373 1045 3717 1116 ἐπιστρέφων

2145 1133 2282 1203 πρὸς
2313 1133 2521 1199 ἑαυτὸν,
2560 1134 2655 1187 καὶ
2695 1132 2772 1204 τῷ
2805 1133 2916 1204 ἰδίῳ
2945 1133 3158 1205 θορύϐῳ
3190 1135 3478 1206 ὑπερηχῶν
3515 1138 3614 1209 τὴν
3638 1138 3720 1191 δι-

2140 1224 2435 1279 δασκαλίαν
2482 1225 2576 1279 τοῦ
2625 1226 2957 1297 Πνεῦματος.
3000 1226 3140 1296 Ὅρα
3176 1227 3249 1298 μή
3283 1244 3413 1281 ποτε
3451 1230 3713 1301 ἀπέλθῃς,

2140 1318 2260 1370 ἀντὶ
2296 1316 2390 1370 τοῦ
2425 1317 2611 1389 μισθὸν
2649 1317 2828 1370 λαόεῖν
2856 1318 2947 1370 ἐπὶ
2973 1316 3268 1389 δοξολογίᾳ,
3294 1322 3407 1382 τοῖς
3449 1320 3508 1373 τὸ
3540 1320 3714 1391 ὄνομα

2138 1407 2233 1461 τοῦ
2276 1406 2410 1461 Θεοῦ
2458 1407 2835 1479 βλασφημοῦσι
2892 1408 3429 1476 συγκαταδικασθείς.
3482 1411 3715 1481 Ψαλμὸν

2139 1499 2301 1571 ἔχεις,
2332 1500 2668 1572 προφητείαν
2691 1499 2854 1569 ἔχεις,
2896 1500 3225 1569 εὐαγγελικὰ
3253 1502 3709 1574 παραγγέλματα,

2134 1592 2203 1646 τὰ
2249 1592 2358 1645 τῶν
2390 1592 2700 1645 ἀποστόλων
2736 1590 3084 1663 κηρύγματα.
3150 1592 3214 1645 Ἠ
3247 1591 3466 1660 γλῶσσα
3512 1594 3711 1662 ψαλλέ-

2135 1702 2230 1750 τω,
2269 1686 2296 1737 ό
2332 1683 2457 1748 νοῦς
2508 1684 2781 1755 ὲρευνάτω
2824 1684 2924 1755 τὴν
2955 1682 3190 1736 διάνοιαν
3234 1683 3344 1736 τῶν
3382 1685 3705 1755 εἰρημένων,

2136 1776 2221 1828 ἵνα
2266 1776 2471 1847 ψάλλῃς
2504 1775 2581 1846 τῷ
2609 1775 2895 1846 πνεύματι,
2920 1775 3125 1847 omn;
3158 1775 3214 1828 δὲ
3248 1775 3343 1828 καὶ
3386 1775 3454 1845 τῷ
3482 1777 3580 1832 νοῖ.
3611 1779 3707 1849 Μὴ

473 1868 619 1919 nem,
655 1865 709 1911 ut
757 1872 986 1912 coronas
1044 1858 1383 1932 honoresque
1431 1874 1483 1919 et
1516 1865 1699 1922 laudes
1759 1868 1811 1922 in
1867 1884 2021 1941 regna

2134 1867 2242 1937 γὰρ
2270 1866 2427 1937 δόξης
2454 1866 2722 1920 ἐπιδέεται
2754 1869 2783 1919 ὁ
2817 1866 2968 1929 Θεὸς,
2993 1866 3128 1921 ἀλλά
3167 1883 3226 1918 σε
3263 1866 3506 1937 βούλεται
3554 1869 3709 1931 ἀξιον

470 1947 728 2001 caelorum
774 1960 962 2004 metas.
997 1952 1120 2008 Haec
1158 1971 1262 2009 non
1305 1956 1403 2011 abs
1437 1971 1494 2012 re
1517 1974 1611 2027 per
1639 1961 2027 2032 digressionem

469 2038 611 2090 dicta
644 2049 768 2093 sunt
798 2040 850 2094 in
873 2041 1013 2097 hunc
1037 2043 1210 2099 locum
1244 2069 1254 2101 :
1281 2045 1347 2100 In
1375 2050 1565 2118 templo
1601 2052 1713 2120 ejus
1745 2058 2026 2125 unusquis-

466 2146 568 2198 que
602 2132 730 2186 dicit
771 2134 1015 2203 gloriam,
1039 2137 1181 2204 quod
1227 2148 1352 2193 sunt
1380 2142 1470 2208 qui
1500 2141 1745 2211 loquendi
1781 2146 1939 2201 linem
1974 2150 2025 2202 in

468 2221 563 2275 Dei
596 2224 791 2293 templo
842 2242 1116 2296 nunquam
1173 2229 1390 2296 faciant,
1424 2248 1487 2286 ac
1532 2234 1793 2289 inutiliter
1845 2238 2023 2307 ingre-

466 2312 699 2377 diantur.
747 2314 958 2370 Utinam
996 2318 1275 2385 inutiliter,
1311 2336 1416 2377 non
1450 2337 1570 2378 cum
1611 2326 1949 2383 detrimento.

529 2666 582 2719 8.
631 2665 785 2722 Vens.
830 2669 916 2725 10.
954 2670 1210 2728 Dominus
1245 2676 1502 2733 diluvium
1528 2681 1822 2737 inhabitare
1845 2683 2018 2752 faciet.

464 2758 730 2815 Diluvium
755 2762 1034 2819 inundatio
1069 2782 1220 2837 aqua:
1249 2779 1350 2836 est,
1379 2771 1637 2842 quidquid
1675 2777 1861 2831 subest
1888 2792 2021 2832 con-

462 2853 713 2918 tegentis,
748 2865 803 2910 et
839 2856 1100 2926 quidquid
1149 2862 1297 2931 prius
1324 2865 1671 2922 sordescebat
1714 2884 2020 2941 expurgan-

462 2942 553 2997 t-is.
596 2944 852 3015 Baptismi
921 2951 1103 3021 itaque
1156 2955 1385 3023 gratiam
1446 2958 1703 3014 diluvium
1752 2963 2017 3028 nominat,

458 3036 592 3090 adeo
636 3047 693 3092 ut
738 3039 916 3097 anima
962 3046 1193 3112 peccatis
1245 3047 1445 3114 abluta,
1487 3060 1541 3105 et
1586 3054 1753 3107 veteri
1805 3055 2020 3111 homine

456 3139 773 3199 expurgata,
804 3132 895 3186 (iat
928 3134 1177 3207 deinceps
1208 3140 1420 3205 idonea,
1451 3158 1567 3211 quae
1606 3143 1656 3197 in
1688 3144 1889 3215 Spiritu
1917 3148 2014 3201 ha-

457 3217 647 3273 bitatio
668 3220 737 3276 sit
766 3223 876 3277 Dei.
912 3224 1081 3282 Porro
1109 3246 1228 3299 qtae
1255 3233 1415 3287 etiam
1445 3234 1586 3289 dicta
1631 3247 1757 3291 sunt
1789 3238 1839 3291 in
1872 3240 2016 3309 psal-

460 3324 549 3364 tuo
577 3311 850 3369 tricesimo
888 3319 1081 3386 primo,
1113 3336 1236 3376 cum
1271 3323 1355 3379 his
1385 3327 1695 3381 concinunt.
1730 3328 2019 3400 Postquam

456 3401 600 3455 enim
630 3403 801 3458 dixit:
835 3404 1162 3477 Injustitiam
1191 3429 1357 3467 meam
1391 3417 1648 3485 cognitam
1677 3420 1799 3488 feci,
1832 3431 1879 3475 et
1904 3439 2023 3491 pec-

455 3501 630 3545 catum
692 3512 862 3552 nteant
912 3516 1012 3553 non
1063 3504 1350 3570 abscondi;
1386 3506 1514 3562 item
1566 3508 1733 3566 illud:
1766 3509 1873 3566 Pro
1920 3515 2020 3569 hac

452 3586 623 3641 orabit
650 3588 718 3639 ad
745 3598 798 3642 le
818 3592 984 3643 omnis
1001 3593 1519 3662 sanctus,subjunxit
1543 3616 1555 3651 :
1586 3596 1947 3658 Verumtamen
1964 3607 2018 3657 in

451 3674 644 3730 diluvio
667 3696 921 3747 aquarum
944 3684 1229 3739 multarum
1254 3688 1322 3744 ad
1346 3705 1463 3742 eum
1496 3709 1598 3745 non
1629 3695 2016 3766 appropinqua-

452 3766 575 3822 bunt
600 3770 640 3823 ⁸.
658 3768 773 3825 Non
799 3775 940 3829 enim
961 3789 1175 3846 peccata
1201 3782 1703 3852 appropinquabunt
1723 3786 1797 3851 ei,
1814 3789 1901 3856 qui
1923 3804 2018 3858 per

451 3876 641 3930 aquam
674 3875 727 3920 ct
756 3866 1013 3932 Spiritum
1047 3869 1309 3939 baptisma
1346 3874 1679 3931 remissionis
1701 3877 2013 3933 delictorum

450 3955 734 4022 receperit.
771 3955 877 4011 Sed
917 3968 970 4013 et
998 3960 1053 4014 in
1086 3961 1317 4017 Michaun
1350 3965 1626 4034 prophetia
1662 3969 1912 4036 quiddam
1934 3971 2016 4025 his

448 4045 607 4100 aliine
631 4048 897 4104 invenitur
922 4070 935 4105 :
958 4050 1092 4117 Quia
1107 4055 1276 4109 uolens
1293 4059 1704 4114 misericordiam
1730 4072 1829 4126 est,
1850 4079 2015 4117 reuer-

448 4148 584 4191 tetur
610 4151 657 4193 et
686 4143 1014 4197 miserebitur
1058 4149 1223 4200 nostri
1248 4166 1265 4202 :
1290 4151 1550 4222 demerget
1573 4165 1782 4220 peccata
1812 4154 2011 4224 nostra,

447 4237 496 4280 et
526 4230 942 4298 projicienturin
976 4236 1242 4306 profunda
1267 4244 1482 4295 maris".
1514 4242 1582 4298 Et
1614 4249 1804 4300 sedebit
1842 4249 2013 4301 Durni-

447 4337 544 4374 nus
564 4338 654 4375 rex
669 4323 1011 4381 inwternum.
1034 4330 1237 4384 Anima:
1254 4348 1319 4386 ex
1339 4334 1539 4391 diluvio
1563 4338 1861 4405 splendenti
1884 4342 2013 4395 insi-

446 4411 580 4465 dens
607 4411 764 4478 Deus,
796 4429 913 4470 eam
946 4418 1044 4471 sibi
1077 4420 1238 4475 veluti
1268 4424 1518 4479 thronum
1540 4426 1890 4489 eﬂicit."£ns.
1921 4432 2004 4486 Η.

2131 1955 2269 2013 εἶναι
2320 1958 2414 2012 τοῦ
2462 1958 2799 2030 δοξασθῆναι.
2843 1959 2985 2012 Διότι
3020 1962 3079 2011 Ὃ
3112 1960 3342 2028 σπείρει
3374 1958 3705 2027 ἅνθρωπος,

2128 2053 2304 2107 τοῦτο
2338 2052 2435 2107 καὶ
2464 2053 2703 2121 θερίσει.
2738 2054 2966 2124 Σπεῐρον
2994 2051 3322 2120 δοξολογίαν,
3358 2052 3445 2104 ἵνα
3483 2051 3708 2126 θερίσῃς

2131 2144 2431 2212 στεφάνους
2481 2141 2769 2212 καὶτιμὰς
2825 2143 2917 2195 καὶ
2958 2142 3211 2205 ἐπαίνους
3253 2144 3309 2194 ὲν
3347 2144 3412 2212 τῇ
3459 2141 3709 2212 βασιλείᾳ

2125 2233 2235 2287 τῶν
2276 2232 2539 2305 οὐρανῶν.
2585 2231 2768 2284 Ταῦτα
2806 2232 2905 2284 οὐκ
2944 2231 3229 2302 ἀχρήστως
3276 2232 3333 2282 ὲν
3366 2229 3705 2299 παρεκϐάσει

2126 2326 2339 2397 εἴρηται
2372 2327 2451 2389 είς
2482 2325 2561 2389 τὸ,
2619 2326 2719 2378 Ἐν
2756 2321 2834 2389 τῷ
2877 2323 2999 2388 ναῷ
3037 2323 3221 2379 αὑτοῦ
3267 2320 3385 2388 πᾶς
3416 2340 3507 2389 τις
3541 2322 3705 2391 λέγει

2124 2418 2330 2484 δόξαν,
2355 2418 2444 2471 διὰ
2470 2418 2530 2470 τὸ
2555 2418 2677 2480 τοὺς
2706 2418 2762 2469 ὲν
2792 2416 2869 2486 τῷ
2892 2416 3002 2488 ναῷ
3028 2415 3122 2469 τοῦ
3152 2414 3287 2468 Θεοῦ
3312 2415 3563 2468 ἄπαυστα
3583 2415 3701 2486 (28)

2124 2508 2607 2579 γλωσσαλγοῦντας
2638 2508 2731 2561 καὶ
2758 2508 3045 2577 ἀνωφελῶς
3072 2508 3339 2570 εἰσιόντας
3357 2523 3371 2538 ⁸
3397 2506 3509 2561 εἴθε
3531 2507 3586 2559 δὲ
3615 2509 3704 2561 ἀν-

2124 2600 2353 2669 ωφελῶς
2376 2601 2468 2653 καὶ
2496 2600 2569 2671 μὴ
2591 2598 2915 2663 ὲπιϐλαὸῶς.

2193 2694 2245 2748 8.
2285 2694 2500 2762 Κύριος
2531 2697 2638 2747 τὸν
2669 2692 3097 2762 κατακλυσμὸν
3122 2692 3409 2746 κατοικιεῖ
3427 2693 3557 2765 (29).
3581 2694 3698 2746 Κα-

2120 2786 2426 2856 τακλυσμὸς
2455 2785 2644 2849 ὕδατός
2671 2788 2816 2838 ἐστιν
2844 2784 3123 2848 ἐπίκλυσις
3150 2783 3559 2854 ὲξαφανίζοντος
3585 2789 3695 2839 πᾶν

2120 2878 2180 2930 τὸ
2207 2877 2582 2947 ὑποκείμενον,
2623 2878 2716 2929 καὶ
2750 2876 3137 2947 καθαρίζοντος
3164 2875 3307 2928 ἆπαν
3329 2875 3391 2929 τὸ
3423 2878 3694 2948 πφερῤυ-

2122 2969 2387 3038 πωμένον.
2432 2969 2541 3040 Τὴν
2573 2964 2663 3022 οῦν
2691 2968 2781 3021 τοῦ
2825 2968 3196 3038 βαπτίσματος
3230 2967 3389 3038 χάριν
3426 2969 3694 3021 κατακλυ-

2122 3062 2254 3133 σμὸν
2278 3062 2554 3133 ὀνομάζει,
2578 3061 2717 3114 ὥστε
2742 3062 2840 3133 τὴν
2877 3060 3330 3131 ἀποπλυναμένην
3358 3059 3427 3112 τὰ
3451 3061 3693 3131 ἀμαρτήο

2124 3171 2265 3225 ματα
2316 3154 2512 3225 ψυχὴν,
2568 3154 2662 3206 καὶ
2706 3152 3199 3225 ἁποκαθηραμένην
3230 3151 3318 3205 τὸν
3350 3152 3571 3205 παλαιὸν
3600 3152 3694 3205 ἆν-

2123 3245 2355 3316 θρωπον,
2399 3244 2706 3315 ἐπιτηδείαν
2735 3241 2870 3297 εἶναι
2901 3244 3083 3297 λοιπὸν
3114 3246 3248 3316 πρὸς
3278 3245 3691 3316 κατοικητήριον

2120 3335 2213 3388 τοῦ
2258 3334 2390 3388 Θεοῦ
2441 3338 2496 3388 ὲν
2541 3335 2835 3405 Πνεύματι.
2879 3335 3097 3407 Συνᾴδει
3125 3335 3180 3389 δὲ
3206 3335 3379 3405 τούτῳ
3411 3335 3503 3388 καὶ¹
3536 3334 3606 3387 τὰ
3633 3336 3690 3386 ἐν

2120 3428 2196 3499 τῷ
2220 3428 2524 3501 τριακοστῷ
2550 3426 2749 3501 πρώτῳ
2777 3427 2974 3499 ψαλμῷ
3002 3428 3281 3500 εἰρημένα.
3313 3427 3467 3481 Μετὰ
3490 3426 3598 3497 γὰρ
3628 3426 3689 3479 τὸ

2120 3522 2310 3583 εἰπεῖν,
2365 3516 2446 3573 ὅτι
2495 3520 2613 3589 Τὴν
2662 3519 2916 3589 ἀνομίαν
2949 3536 3068 3588 μου
3104 3518 3413 3589 ἐγνώρισα,
3444 3518 3539 3572 καὶ
3574 3517 3691 3586 τὴν

2118 3611 2410 3681 ἁμαρτίαν
2459 3629 2577 3680 μου
2625 3613 2736 3664 οὐκ
2786 3608 3100 3679 ἐκάλυψα·
3138 3611 3230 3663 καὶ
3278 3609 3359 3677 τὸ,
3396 3611 3475 3662 ὃτι
3521 3608 3689 3677 Ὑπὲρ

2118 3700 2307 3769 αὐτῆς
2335 3702 2443 3771 (50)
2470 3701 2861 3768 προσεύξεται
2900 3700 3047 3769 πρὸς
3090 3701 3163 3755 σὲ
3210 3699 3327 3767 πᾶς
3363 3701 3557 3766 ὅσιος·
3591 3702 3690 3753 ὲπ-

2118 3793 2318 3862 ήγαγε·
2373 3791 2544 3860 Πλὴν
2599 3793 2668 3845 ἐν
2715 3790 3118 3860 κατακλυσμῷ
3160 3791 3392 3845 ὑδάτων
3443 3790 3687 3845 πολλῶν

2116 3884 2264 3951 πρὸς
2298 3885 2482 3937 αὐτὸν
2523 3887 2633 3939 οὐκ
2668 3886 2989 3957 ἐγγιοῦσιν.
3042 3885 3116 3938 Οὐ
3155 3885 3265 3956 γὰρ
3306 3882 3581 3952 ὲγγιοῦσιν
3628 3885 3685 3939 αἱ

2115 3978 2376 4048 ἁμαρτίαι
2415 3976 2491 4048 τῷ
2518 3977 2732 4032 λαϐόντι
2770 3979 2830 4031 τὸ
2861 3979 3139 4049 βάπτισμα
3175 3978 3273 4047 τῆς
3300 3977 3545 4046 ἀφέσεως
3575 3977 3684 4030 τῶν

2117 4068 2573 4140 παραπτωμάτων
2599 4070 2687 4124 διὰ
2738 4069 2830 4123 τοῦ
2871 4070 3058 4133 ὓδατος
3102 4071 3195 4123 καὶ
3227 4069 3319 4123 τοῦ
3350 4070 3681 4139 Πνεῦματος.

2114 4156 2381 4223 Συγγενὲς
2413 4156 2469 4210 δὲ
2499 4159 2671 4227 τούτῳ
2698 4158 2791 4211 καὶ
2817 4161 2873 4212 ὲν
2901 4162 2965 4229 τῇ
2997 4159 3300 4230 προφητείᾳ
3331 4160 3562 4228 Μιχαίου
3594 4158 3684 4211 εὖ·

2117 4268 2307 4322 ρηθιαι·
2359 4251 2485 4304 Ὅτι
2530 4250 2787 4319 θελητὴς
2841 4251 3051 4317 ἐλέους
3105 4252 3294 4315 ἐστὶν,
3340 4250 3683 4320 ἐπιστρέψει

2113 4343 2210 4396 καὶ
2274 4342 2511 4410 ἐλεήσει
2578 4342 2764 4411 ἡμᾶς’
2838 4343 3161 4397 καταδύσει
3228 4344 3333 4407 τὰς
3398 4344 3683 4414 ἁμαρτίας

2112 4432 2298 4500 ἡμῶν,
2336 4433 2433 4487 καὶ
2480 4432 2992 4501 ἀπορῤῳήσονται
3029 4436 3115 4499 εἰς
3143 4433 3214 4488 τὰ
3246 4432 3407 4501 ,βάθη
3453 4433 3561 4501 τῆς
3586 4438 3686 4487 6a—

447 4499 698 4558 Dominus
719 4507 957 4561 virtutem
979 4510 1168 4578 popqu
1184 4529 1279 4567 suo
1296 4516 1461 4578 dabit;
1481 4517 1733 4574 Dominus
1750 4523 2008 4580 benedice:

2128 4499 2376 4591 λάσσης.
2418 4525 2527 4577 Καὶ
2574 4499 2855 4578 καθιεῖται
2878 4526 3090 4594 Κύριος
3122 4499 3421 4592 ,βασιλεὺς
3463 4499 3547 4591 εις
3580 4527 3685 4579 τὸν

443 4594 633 4662 populo
652 4614 746 4651 suo
774 4600 826 4653 in
840 4617 987 4665 pace.
1012 4602 1055 4655 A
1077 4605 1270 4674 populo
1296 4608 1511 4671 quidem
1537 4624 1820 4677 peccatore
1844 4614 2005 4668 robu-

444 4694 587 4739 stum
615 4696 669 4740 et
700 4690 971 4745 robustam
997 4697 1206 4749 auferet
1230 4696 1523 4751 Dominus“
1549 4719 1561 4754 :
1589 4699 1853 4766 justitiam
1879 4719 2005 4758 vero

444 4776 662 4832 facienti
692 4782 854 4836 robur
886 4784 1114 4839 confert.
1145 4787 1278 4842 Nam
1312 4788 1467 4844 Omni
1497 4794 1707 4848 [tabenti
1736 4797 2005 4853 dubitur”.

444 4866 709 4923 Caeterum
743 4873 836 4941 qui
868 4876 933 4928 ad
969 4878 1293 4946 perﬁcienda
1333 4884 1469 4937 bona
1499 4900 1660 4953 opera
1689 4892 2008 4944 corrobora-

445 4969 528 5015 tus
554 4971 659 5027 est,
696 4962 741 5017 is
782 4964 842 5018 tit
885 4968 1076 5040 dignus
1118 4972 1211 5026 Dei
1256 4976 1651 5033 benedictione.
1682 4977 1794 5033 Pax
1828 4992 2008 5037 autem

521 5102 545 5134 ⁸
568 5102 590 5156 ι
613 5103 735 5160 Cor.
768 5124 879 5175 xiv,
915 5111 1001 5165 15.

515 5240 626 5327 (9.7)
651 5243 795 5327 .Rleg:
826 5250 1013 5327 tertius
1059 5252 1247 5327 ἑτέρῳ-
1281 5254 1509 5327 ἐμπόρῳ
1552 5257 1827 5327 ἐμπόδιον.
1870 5259 2007 5324 Quid

441 5324 621 5391 alitem
651 5314 802 5391 i..ln_d,
831 5318 1079 5391 ἐμπόρῳ,
1111 5314 1211 5377 hoc
1235 5314 1354 5378 loco
1380 5314 1492 5379 sibi.
1517 5314 1662 5391 Veiit,
1690 5344 1795 5382 non
1829 5314 2002 5384 video.

516 5383 628 5458 (28)
657 5383 810 5458 ςοιι).
848 5383 1114 5445 έθιιιιὶιᾱιιε
1146 5394 1459 5458 ἀπαύστως.

517 5454 628 5522 (29)
655 5453 744 5511 Sic
770 5458 935 5514 editio
964 5460 1126 5516 Basil.
1161 5473 1214 5515 et
1248 5464 1389 5518 Oliv.
1418 5453 1537 5519 cum
1582 5470 1784 5521 nostris
1818 5470 2003 5524 decem

445 5538 599 5602 iussn
626 5541 725 5581 nec
754 5529 913 5583 aliter
935 5533 1137 5585 editum
1165 5532 1264 5587 fuit
1291 5536 1429 5602 apud
1468 5535 1631 5590 LXX.
1664 5538 1841 5593 Editio
1872 5556 1998 5593 vero

443 5591 614 5679 'Paris.
646 5604 700 5648 et
727 5612 865 5655 unus
879 5610 969 5653 aut
995 5606 1247 5657 alternis.
1270 5591 1515 5679 euestris
1549 5591 1998 5679 XCITOLXSZ'DIIDIII

442 5661 738 5740 lectionem
786 5685 1023 5738 quoque,
1091 5682 1226 5727 teste
1270 5671 1497 5740 Nobilio,
1541 5687 1757 5731 tuentur
1805 5661 1869 5735 εἶ
1899 5661 2000 5735 alii

443 5732 657 5821 quidam
686 5732 830 5821 libri.
870 5732 1135 5821 Certae}
1174 5732 1587 5821 llehrtefr‘ve'rtit
1624 5732 2003 5821 Hieronymus,

443 5801 697 5861 ﬂamina;
737 5807 990 5864 dilui-inm
1038 5813 1313 5869 inhabitat.
1363 5801 2004 5889 Hieronymumsenatus

2112 4614 2315 4669 αἰῶνα.
2370 4617 2447 4686 Τῇ
2498 4616 2784 4689 λαμπούσῃ
2824 4616 2967 4688 ψυχῇ
3016 4618 3122 4671 ἀπὸ
3162 4616 3258 4671 τοῦ
3300 4617 3683 4689 κατακλυσμοῦ

2115 4709 2409 4781 ἐνιδρυθεὶς
2450 4710 2558 4782 (Si)
2609 4714 2637 4763 ὀ
2673 4712 2823 4777 Θεὸς,
2867 4713 3026 4765 οἱονεὶ
3068 4712 3255 4783 θρόνον
3291 4712 3459 4782 αὐτὴν
3511 4713 3686 4783 ἑαυτῷ

2116 4800 2503 4870 ἀπεργάζεται.
2538 4803 2754 4869 Κύριος
2789 4804 2971 4873 ἰσχὺν
2996 4802 3075 4869 τῷ
3106 4804 3231 4870 λαῷ
3253 4803 3440 4859 αὑτοῦ
3472 4802 3681 4857 δώσει·

2118 4894 2330 4960 Κύριος
2380 4896 2700 4963 εὐλογήσει
2756 4896 2862 4949 τὸν
2898 4896 3051 4951 λαὸν
3100 4897 3285 4951 αὑτοῦ
3337 4899 3407 4951 ὲν
3454 4898 3681 4964 εΙρήγῃ.

2132 4986 2263 5038 Ἀπὸ
2298 4985 2394 5055 μὲν
2420 4986 2513 5039 τοῦ
2538 4987 2859 5058 ἁμαρτωλοῦ
2884 4987 3012 5042 λαοῦ
3039 4988 3224 5057 ἀφελεῖ
3249 4988 3449 5061 Κύριος
3477 4987 3683 5057 ἰσχύονο

1102 5115 1123 5145 ⁸
1150 5114 1265 5171 Gal.
1295 5132 1366 5182 vr,
1400 5118 1451 5173 7.
1529 5128 1548 5157 ⁸
1573 5118 1713 5175 Psal.
1750 5136 1898 5187 xxxx,
1923 5123 1976 5186 5,
2007 5123 2057 5177 6.
2137 5126 2155 5156 "
2194 5125 2396 5180 Michar.
2449 5142 2540 5191 vn,
2576 5126 2659 5181 19.
2752 5128 2773 5159 ⁸
2795 5128 2892 5181 lsa.
2927 5144 3004 5193 ut,
3037 5130 3087 5183 l.
3163 5130 3183 5159 ⁹
3216 5127 3400 5183 Matth.
3432 5144 3557 5192 xxv,
3590 5129 3681 5182 29.

2116 5269 2197 5313 est
2234 5258 2586 5346 A'ugustiuus.
2614 5262 2906 5333 Aliquanto
2950 5276 3069 5333 post
3122 5267 3251 5335 Reg.
3302 5269 3490 5324 tertius
3517 5271 3681 5342 ὲρῥυ-

2115 5346 2387 5386 πωμενον.

2186 5349 2782 5479 zggyml’ieg.nsecttndus
2815 5406 2909 5459 καὶ
2938 5407 3019 5479 ὅτι
3040 5477 3048 5479 Α
3069 5407 3207 5479 ὑπὲρ
3232 5407 3453 5479 ταύτης.
3478 5408 3583 5462 Nec
3608 5411 3678 5465 ita

2112 5472 2440 5548 multo_pust
2478 5472 2629 5527 Colb.
2676 5485 2900 5548 quartus
2949 5472 3195 5545 ἀφέσεως
3239 5477 3347 5529 τῶν
3390 5472 3679 5548 αμαρτιῶν

2108 5541 2200 5593 καὶ
2243 5541 2351 5595 τῶν
2392 5544 2868 5613 παραπτωμάτων.
2898 5541 3135 5602 Subinde
3168 5562 3295 5603 mss.
3332 5541 3449 5604 duo'
3480 5541 3678 5605 habent

2109 5612 2319 5682 εἴρηται
2346 5629 2439 5679 pro
2462 5612 2711 5684 εὓρηται.

2182 5684 2458 5758 (ὖίὶιίςε.
2508 5684 2784 5758 secundus
2840 5688 3180 5758 ὲνιδρυνθείς.
3216 5687 3334 5741 Mox
3394 5705 3524 5743 mss.
3570 5691 3673 5745 duo

2114 5752 2327 5817 ἑαυτοῦ.
2367 5753 2519 5810 llaud
2559 5754 2714 5826 longe
2750 5756 2876 5827 lteg.
2902 5752 3166 5817 secundus
3200 5758 3494 5827 ἀφελεῖται.
