4008 6402
563 409 668 466 5οἹ
1890 410 1946 466 S.
1987 409 2231 465 BASlLll
2269 411 2482 467 MAGNI
2927 409 2945 413 ’
3668 413 3772 469 308

562 526 724 582 Verbi
757 525 1180 580 incarnationem
1212 524 1515 594 signiﬁcare
1548 524 1756 579 videtur
1798 525 2108 594 inscriptio,

2238 525 2310 596 ’ὴν
2357 513 2660 598 ἐπιγραφὴν
2704 527 2913 598 δηλοῦν.
2961 527 3137 581 Πολλὰ
3181 528 3290 599 γὰρ
3336 528 3570 599 εὕρομεν
3608 529 3666 580 ὲν
3696 529 3774 598 τῷ

565 631 724 688 atque
759 619 948 672 domus
975 633 1107 672 nova
1132 625 1184 671 et
1206 616 1440 670 inaudita
1468 627 1582 670 arte
1617 626 1937 670 constructze
1969 616 2118 668 dedi—

2238 619 2411 689 }alpap
2441 618 2614 689 τούτῳ
2649 620 2713 671 ὲκ
2759 617 3047 690 προσώπου
3077 619 3166 672 τοῦ
3202 621 3405 692 Κυρίου
3433 621 3774 688 ἀπαγγελλό-

564 711 830 766 cationem
861 709 1116 764 indicare.
1153 706 1286 760 Nam
1319 707 1369 760 iu
1403 707 1502 762 hoc
1533 705 1734 776 psalmo
1775 707 1937 760 multa
1972 708 2119 760 iuve-

567 803 743 856 nimus
767 816 831 855 ex
862 814 1086 868 persona
1116 799 1320 852 Domini
1347 798 1716 866 pronuntiata.
1739 798 1845 851 Aut
1873 797 2120 852 fortassis

567 897 781 948 domum
834 890 1129 958 intelligere
1182 889 1432 944 convenit
1476 887 1791 942 aediﬁcatam
1838 905 1866 942 a
1901 889 2121 944 Christo

571 985 860 1041 Ecclesiam
886 999 901 1046 ;
930 981 1378 1051 quemadmodum
1410 989 1462 1032 et
1495 979 1692 1034 Paulus
1723 979 1773 1033 iu
1809 995 1907 1034 sua
1939 982 2002 1034 ad
2032 980 2121 1034 Ti-

567 1079 834 1131 mothequ
875 1075 1106 1144 Epistola
1136 1073 1322 1126 scribit
1349 1087 1364 1128 :
1396 1067 1463 1124 Ut
1498 1072 1636 1124 scias
1667 1074 1924 1141 quomodo
1968 1090 2122 1141 opor-

567 1177 669 1222 teat
706 1168 760 1220 in
805 1167 956 1218 domo
993 1165 1086 1217 Dei
1129 1164 1448 1228 conversari,
1493 1178 1610 1231 qua:
1639 1172 1712 1215 est
1749 1160 1980 1216 Ecclesia
2024 1163 2122 1218 Dei

568 1262 779 1313 viventis
804 1259 867 1311 ".
903 1258 1177 1312 Dedicatio
1201 1255 1634 1319 vero-Ecclesiae,
1660 1255 2013 1310 existimanda
2045 1268 2123 1310 est

570 1351 762 1403 mentis
790 1348 1083 1413 renovatio,
1118 1347 1274 1418 125
1311 1363 1468 1416 quam
1499 1346 1552 1400 in
1587 1361 1904 1415 unoquoque
1929 1361 2124 1415 corpus

570 1442 824 1496 Ecclesia:
856 1441 1053 1496 Christi
1091 1442 1388 1509 complente
1427 1439 1659 1510 Spiritus
1695 1449 1910 1495 sanctus
1942 1439 2123 1495 eﬂicit.

569 1533 854 1588 Estautem
879 1533 1053 1586 divina
1071 1541 1124 1587 et
1145 1532 1343 1586 musica
1370 1532 1669 1596 harmonia,
1695 1548 1798 1586 non
1822 1547 1940 1602 qua:
1964 1535 2123 1586 verba

570 1624 811 1692 quaedam
846 1622 1220 1691 complectitur
1244 1635 1403 1674 aures
1431 1619 1808 1682 demulceutia,
1843 1619 1938 1673 sed
1972 1635 2124 1674 coer-

572 1713 746 1767 centia
771 1729 832 1766 ac
859 1711 1155 1781 mitiganlia
1185 1709 1444 1779 malignos
1470 1710 1725 1778 spiritus,
1749 1710 1840 1779 qui
1869 1710 2126 1764 obnoxias

573 1803 786 1871 injuriis
835 1803 1045 1855 animas
1092 1799 1371 1854 infestant.
1428 1797 1590 1854 Vens.
1631 1798 1686 1851 2.
1743 1799 2001 1852 Exaltabo
2047 1810 2112 1863 te,

575 1895 816 1957 Domine,
846 1895 1093 1964 quoniam
1128 1891 1403 1960 suscepisti
1441 1907 1538 1956 me,
1575 1907 1663 1944 nec
1697 1891 1969 1943 delectasti
2015 1891 2122 1943 tni-
2156 1871 2196 1924 Β

577 1987 736 2038 micas
761 2001 896 2036 meos
921 2000 1078 2049 super
1101 1999 1198 2036 me.
1225 1983 1501 2048 Quomodo
1523 1981 1613 2048 qui
1643 1982 1692 2034 in
1711 1982 1834 2035 altis
1854 1983 2055 2035 habitat
2083 1981 2124 2012 ³³

575 2077 844 2131 exaltatur
879 2075 947 2129 ab
994 2075 1060 2129 iis
1093 2075 1181 2144 qui
1222 2074 1480 2128 humilem
1529 2073 1699 2128 locum
1751 2073 1925 2126 sortiti
1971 2073 2126 2127 sunt?

575 2170 772 2224 etenim
799 2168 842 2222 si
877 2183 1086 2222 sursum
1118 2168 1168 2220 in
1196 2166 1332 2220 cmlo
1362 2164 1524 2232 Deus,
1558 2174 1611 2220 tu
1648 2180 1772 2220 vero
1800 2167 2046 2220 deorsum
2075 2167 2124 2220 in

579 2269 739 2322 terra,
773 2273 1004 2328 quonam
1056 2267 1215 2328 pacto
1261 2258 1427 2311 Deum
1458 2272 1623 2325 queas
1677 2258 1955 2311 eiraltare?
1991 2257 2126 2324 Quid

579 2350 737 2418 igitur
782 2350 880 2403 sibi
929 2349 1038 2402 vult
1086 2348 1271 2402 istbrec
1315 2349 1588 2417 propheta:
1633 2348 1953 2418 promissio?
2003 2364 2126 2401 num

579 2441 716 2494 forte
745 2439 884 2495 Deus
913 2440 1138 2494 exaltari
1169 2440 1369 2493 dicitur
1412 2439 1480 2494 ab
1512 2439 1598 2503 iis,
1632 2439 1722 2507 qui
1757 2453 1944 2508 magna
1989 2437 2128 2492 Deo-

576 2546 680 2599 que
711 2532 885 2600 digna,
917 2531 981 2584 de
1006 2531 1120 2598 ipso
1146 2531 1444 2600 intelligere
1475 2540 1720 2599 possunt,
1743 2540 1796 2584 et
1820 2531 1886 2584 ad
1915 2531 2004 2583 Dei
2027 2531 2132 2599 glo-

580 2623 714 2676 riam
758 2623 978 2676 vivunt?
1017 2621 1117 2689 Qui
1164 2623 1324 2691 igitur
1357 2622 1421 2676 ad
1461 2622 1845 2676 beatitudinem
1899 2623 2132 2676 seientcr

579 2714 810 2780 festinat,
847 2716 889 2769 is
912 2717 1074 2768 Deum
1096 2713 1294 2768 exaltat
1321 2732 1333 2780 ;
1365 2714 1454 2783 qui
1481 2728 1606 2767 vero
1633 2715 1956 2768 contrariam
1992 2712 2128 2766 viam

579 2809 741 2874 capit,
776 2807 852 2868 is,
884 2808 1023 2875 quod
1059 2822 1122 2858 ne
1155 2806 1336 2860 dicere
1373 2806 1590 2876 quidem
1618 2805 1697 2859 fas
1726 2815 1842 2872 est,
1873 2817 2129 2874 quantum

585 2898 637 2952 in
673 2913 731 2950 se
759 2907 864 2960 est,
895 2896 1058 2948 Deum
1097 2897 1366 2964 deprimit.

651 2988 704 3041 2.
743 2986 846 3040 Sed
879 2997 930 3040 ct
956 3002 1166 3040 omnem
1192 2995 1389 3040 statum
1419 2988 1575 3042 rebus
1598 2985 1798 3041 nostris
1817 2988 2132 3042 convenien-

584 3087 690 3130 tem
730 3075 882 3144 quasi
932 3075 1039 3128 Deo
1092 3074 1394 3128 tribuimus.
1445 3074 1670 3137 Idcirco,
1722 3073 2134 3127 dormitantibus

2219 725 2370 780 μενα.
2430 710 2499 761 Ἢ
2545 710 2681 778 τάχα
2720 705 2868 762 οἷκον
2908 711 3096 780 νοῆσαι
3128 714 3389 781 προσήκει
3423 713 3522 780 τὴν
3571 711 3776 764 οἰκοδο-

2220 804 2492 873 μουμένην
2535 804 2638 858 ὑπὸ
2679 804 2911 878 Χριστοῦ
2973 805 3331 875 Ἐκκλησίαν·
3374 802 3556 868 καθὼς
3613 805 3708 858 καὶ
3751 808 3778 858 6

2218 894 2426 958 Παῦλος
2457 895 2513 948 ὲν
2541 898 2606 965 τῇ
2645 895 2779 966 πρὸς
2804 895 3062 965 Τιμόθεον
3076 895 3360 966 Ἐπιστολῇ
3390 896 3623 968 γράφει·
3657 898 3778 948 ἰνα

2217 982 2382 1049 εἰδῇς
2411 981 2534 1048 πῶς
2565 983 2658 1036 δεῖ
2677 983 2746 1036 ἐν
2771 983 2915 1048 οἴκῳ
2942 984 3088 1038 Θεοῦ
3115 983 3615 1054 ἀναστρέφεσθαι,
3649 985 3779 1050 ἣτις

2218 1073 2389 1127 ἐστὶν
2420 1073 2749 1141 Ἐκκλησία
2765 1075 2910 1128 Θεοῦ
2934 1073 3165 1140 ζῶντος.
3201 1077 3577 1146 Ἐγκαινισμὸν
3607 1075 3662 1128 δὲ
3684 1076 3780 1145 τῆς

2234 1166 2556 1236 Ἐκκλησίας
2602 1166 2936 1235 ὑποληπτέον
2983 1166 3078 1237 τὴν
3112 1168 3468 1221 ἁνακαίνωσιν
3509 1167 3605 1220 τοῦ
3640 1169 3778 1230 νοὸς,

2219 1258 2317 1329 τὴν
2354 1258 2440 1310 διὰ
2491 1258 2582 1310 τοῦ
2631 1259 2782 1326 ἁγίου
2833 1258 3141 1328 Πνεῦματος
3182 1259 3468 1329 γινομένην
3508 1259 3620 1329 (37)
3671 1263 3781 1322 τοῖς

2222 1348 2342 1402 καθ’
2369 1348 2462 1401 ἕνα
2492 1349 2598 1400 τῶν
2635 1348 3092 1419 συμπληρούντων
3120 1349 3179 1401 τὸ
3213 1348 3372 1419 σῶμα
3398 1351 3495 1420 τῆς
3548 1351 3780 1421 Ἐκκλη-

2224 1441 2347 1503 σίας
2378 1439 2471 1493 τοῦ
2497 1438 2754 1511 Χριστοῦ.
2793 1441 2948 1492 Ἐστι
2976 1439 3032 1493 δὲ
3060 1441 3091 1510 ή
3123 1439 3240 1492 θεία
3283 1443 3374 1494 καὶ
3416 1442 3653 1512 μουσικὴ
3686 1444 3784 1513 ἁρ-

2225 1533 2403 1604 μονία,
2437 1531 2497 1584 οῦ
2528 1531 2851 1602 περιέχουσα
2875 1549 3024 1594 τινας
3049 1531 3237 1600 λόγους
3265 1533 3432 1602 ἀκοὴν
3462 1532 3786 1601 εὐφραίνον-

2221 1642 2340 1688 τας,
2383 1623 2516 1678 ἀλλὰ
2558 1623 3010 1688 καταστέλλοντας
3057 1625 3150 1677 καὶ
3189 1625 3674 1696 καταπραΰνοντας
3721 1626 3788 1678 τα

2223 1714 2540 1784 ἐνοχλοῦντα
2595 1713 2804 1784 πονηρὰ
2855 1712 3138 1784 πνεύματα
3193 1716 3312 1777 ταῖς
3362 1714 3790 1784 εὐεπηρεὰστοις

2226 1806 2440 1877 ψυχαῖς.
2481 1804 2730 1874 ’Υψώσω
2763 1821 2856 1867 σε,
2886 1806 3080 1874 Κύριε,
3118 1805 3204 1858 ὅτι
3237 1805 3531 1872 ὑπέλαϐές
3559 1823 3660 1874 με,
3690 1807 3787 1858 καί

2226 1901 2335 1951 οὐκ
2360 1898 2658 1966 εὔφρανας
2687 1895 2827 1961 τοὺς
2851 1895 3097 1964 ἐχθρούς
3114 1914 3230 1964 μου
3252 1896 3343 1948 ἐπ’
3376 1895 3496 1965 ἐμέ.
3526 1895 3655 1958 Πῶς
3678 1898 3709 1949 ὁ
3735 1898 3790 1948 ὲν

2227 1991 2335 2052 τοῖς
2369 1988 2590 2058 ὑψηλοῖς
2622 1986 2888 2039 κατοικῶν
2933 1985 3161 2054 ὑψοῦται
3195 1986 3299 2038 ὑπὸ
3339 1987 3445 2038 τῶν
3474 1985 3575 2054 τὴν
3606 2003 3790 2038 ταπει-

2227 2080 2321 2151 νὴν
2360 2078 2542 2150 χώραν
2584 2077 2888 2146 λαχόντωνς
2935 2077 2982 2128 εί
3024 2077 3131 2148 γὰρ
3158 2077 3185 2127 ὁ
3214 2076 3344 2140 Θεὸς
3380 2079 3438 2129 ἐν
3465 2076 3544 2146 τῷ
3575 2078 3791 2146 οὖρανῷ

2228 2173 2358 2255 ἄνω,
2386 2170 2478 2224 καὶ
2512 2173 2574 2222 σὺ
2605 2171 2660 2221 ὲν
2694 2171 2758 2238 τῇ
2786 2170 2855 2238 γῇ
2891 2168 3062 2229 κάτω,
3089 2168 3193 2220 τίνι
3219 2166 3282 2220 ἂν
3324 2168 3510 2238 τρόπῳ
3540 2169 3632 2220 τὸν
3659 2168 3791 2222 Θεὸν

2230 2262 2529 2333 ὑψώσειας;
2558 2264 2622 2316 Τί
2657 2259 2750 2316 οὖν
2780 2261 3022 2334 βούλεται
3063 2262 3140 2333 τῷ
3171 2263 3420 2334 προφήτῃ
3463 2266 3496 2334 ή
3547 2266 3788 2331 ἐπαγγευ

2229 2358 2346 2422 λία;
2389 2359 2420 2428 ἢ
2458 2359 2664 2427 μήποτε
2706 2355 2966 2424 ὑψοῦσθαι
3015 2356 3228 2424 λέγεται
3271 2356 3375 2408 ὑπὸ
3418 2355 3526 2408 τῶν
3573 2357 3788 2427 μεγαλα

2231 2453 2320 2504 καὶ
2347 2451 2618 2522 θεοπρεπῆ
2650 2453 2786 2502 νοεῖν
2827 2450 2952 2520 περὶ
2986 2448 3146 2502 αὑτοῦ
3179 2449 3286 2518 (53)
3315 2449 3655 2519 δυναμένων,
3699 2453 3792 2503 καὶ

2231 2544 2287 2595 ἐν
2323 2540 2399 2612 τῷ
2434 2540 2580 2612 βιοῦν
2622 2542 2700 2604 είς
2745 2539 2901 2603 δόξαν
2949 2538 3122 2603 Θεοῦ;
3170 2540 3225 2592 Ὁ
3262 2542 3358 2610 μὲν
3409 2537 3501 2594 οὖν
3545 2543 3791 2595 σπεύδων

2235 2637 2349 2704 μετ’
2385 2634 2693 2703 ἐπιστήμης
2719 2633 2809 2684 ἐπὶ
2836 2631 2931 2703 τὴν
2962 2632 3333 2702 μακαριότητα
3359 2633 3483 2703 eeo:
3507 2633 3598 2686 τὸν
3626 2634 3788 2686 Θεὸν·

2231 2727 2259 2778 ὁ
2289 2725 2462 2794 δὲτὴν
2489 2725 2733 2778 ἐναντίαν
2777 2724 3127 2794 τρεπόμενος,
3162 2723 3189 2776 ὂ
3231 2725 3364 2794 μηδὲ
3405 2725 3562 2796 θέμις
3595 2729 3788 2790 εἰπεῖν,

2232 2818 2291 2870 τὸ
2319 2819 2438 2870 ὅσον
2465 2817 2546 2884 ἐφ’
2575 2815 2747 2886 ἑαυτῷ
2774 2815 2863 2868 τὸν
2891 2816 3021 2869 Θεὸν
3054 2819 3314 2869 ταπεινοῖ.

2301 2996 2352 3048 2.
2397 2996 2504 3048 Καὶ
2565 2997 2740 3047 πᾶσαν
2801 2993 2856 3046 δὲ
2915 2992 3255 3064 ἁρμόζουσαν
3307 2995 3418 3056 τοῖς
3471 2995 3792 3064 πράγμασιν

2234 3088 2388 3158 ήμῶν
2433 3087 2761 3139 κατάστασιν
2809 3086 2970 3137 οἱονεὶ
3018 3085 3361 3156 περιτίθεμεν
3398 3085 3476 3156 τῷ
3520 3086 3661 3156 Θεῷ.
3693 3091 3792 3142 Διὰ

585 3167 762 3231 nobis,
797 3175 850 3220 et
879 3167 1116 3234 segniter
1143 3168 1445 3238 agentibus,
1475 3167 1708 3220 dormire
1739 3168 1930 3221 dicitur
1972 3167 2130 3232 Deus,

2238 3181 2408 3244 τοῦτο,
2438 3176 2803 3242 νυσταζόντων
2845 3176 3001 3248 ήμῶν
3031 3179 3124 3231 καὶ
3159 3177 3376 3250 νωθρῶς
3409 3180 3793 3252 ἐνεργούντων,

586 3259 830 3325 indignos
859 3274 957 3312 nos
987 3259 1230 3328 judicans
1258 3257 1477 3326 provida
1503 3275 1596 3312 sua
1630 3259 1680 3312 in
1710 3273 1806 3314 nos
1838 3259 2130 3328 vigilantia.

586 3353 831 3405 Attamen
868 3351 956 3405 ubi
987 3349 1270 3419 aliquando
1295 3349 1670 3404 detrimentum
1700 3367 1765 3406 ex
1800 3367 1986 3406 somno
2013 3367 2136 3406 sen-

589 3443 802 3507 tientes,
829 3441 1120 3496 dixerimus
1149 3458 1164 3494 :
1196 3438 1462 3510 Exsurge,
1499 3458 1658 3512 quare
1703 3443 1995 3510 obtlormis,
2031 3443 2140 3497 Do-

589 3535 722 3597 mine
766 3534 846 3588 "?
888 3531 1009 3586 Non
1050 3533 1386 3597 dormitabit,
1423 3550 1582 3604 neque
1625 3536 1842 3590 dormiet
1890 3545 2013 3590 tunc
2051 3539 2139 3607 qui

586 3626 807 3691 custodit
829 3623 994 3680 Israel
1025 3627 1088 3679 ιδ.
1119 3625 1294 3694 Atque
1322 3625 1408 3680 alii
1441 3627 1656 3695 quidam
1687 3628 1777 3682 Dei
1811 3644 1840 3682 a
1872 3644 1930 3682 se
1959 3631 2140 3686 oculos

587 3720 730 3772 velut
775 3725 1024 3772 avertunt
1081 3718 1148 3772 ob
1190 3727 1370 3786 turpes
1402 3733 1525 3773 snas
1565 3719 1765 3788 Deique
1794 3722 1963 3775 oculis
2001 3723 2137 3776 iudi-

589 3825 721 3879 gnas
748 3809 1022 3864 actiones:
1051 3809 1142 3878 qui
1176 3809 1490 3876 preuitentia
1516 3809 1684 3871 ducti.
1713 3811 1898 3866 dicunt
1923 3831 1936 3866 :
1969 3812 2142 3878 Quare

591 3887 775 3970 faciem
798 3910 941 3952 tuam
973 3899 1160 3952 avertis
1180 3900 1261 3952 “5?
1292 3899 1428 3954 Sunt
1457 3911 1650 3968 prater
1682 3902 1798 3956 illos
1827 3913 1881 3958 et
1905 3905 2021 3972 alii,
2049 3907 2140 3976 qui

590 4010 622 4059 β
654 3992 913 4047 memoria
941 3992 1032 4046 Dei
1061 3992 1240 4060 ejecti,
1274 4003 1327 4045 et
1352 3992 1512 4046 veluti
1541 3994 1620 4047 sui
1653 3993 1889 4062 ipsorum
1921 3997 2144 4052 oblivio-

593 4101 713 4140 nem
747 4085 853 4138 Deo
879 4095 1144 4148 creantes,
1178 4084 1399 4139 dicunt:
1435 4084 1767 4140 Oblivisceris
1813 4088 2006 4157 inopia:
2051 4107 2144 4144 no-

594 4189 720 4232 strw
765 4187 810 4230 et
838 4175 1188 4229 tribulationis
1213 4185 1399 4230 nostra:
1422 4177 1485 4229 ’⁷.
1512 4178 1577 4230 Et
1600 4194 1704 4232 uno
1735 4180 1916 4242 verbo,
1940 4198 2058 4256 qua:
2079 4201 2143 4238 ex

593 4272 826 4326 humano
862 4267 1051 4324 affectu
1090 4269 1338 4324 dicuntur
1369 4271 1433 4324 de
1482 4270 1627 4334 Deo,
1666 4285 1728 4325 ea
1777 4274 2026 4330 homines
2068 4276 2146 4331 fa-

592 4364 763 4428 ciunt,
788 4362 943 4416 talem
971 4362 1068 4416 sibi
1095 4362 1257 4416 Deum
1284 4363 1563 4431 tingentes,
1593 4364 1806 4432 qualem
1838 4381 1897 4422 se
1918 4369 2146 4440 quisque

593 4456 745 4532 prius
777 4453 1073 4510 constituit.
1122 4450 1382 4507 Exaltabo
1419 4452 1581 4525 igitur
1618 4465 1699 4523 te,
1732 4456 1984 4526 Domine,
2019 4478 2146 4532 quo-

663 4616 709 4651 "
735 4611 904 4676 l'l‘im.
947 4629 1028 4678 ιιι,
1058 4611 1142 4668 15.
1221 4611 1264 4642 ¹³
1301 4611 1440 4667 Psal.
1477 4627 1606 4682 cm,
1637 4614 1692 4669 5.
1768 4615 1811 4648 “
1833 4615 1972 4672 Psal.
2009 4633 2135 4674 mu

2238 4619 2274 4672 ἰ.
2349 4618 2392 4648 ¹⁵
2432 4615 2533 4670 Psa
2559 4655 2572 4669 .
2606 4629 2731 4678 cxx,
2769 4628 2822 4666 4.

2239 3272 2437 3326 ὑπνοῦν
2482 3271 2696 3339 λέγεται
2736 3271 2764 3322 ὁ
2795 3268 2945 3332 Θεὸς,
2986 3268 3237 3333 ἀναξίους
3273 3271 3420 3340 ἡμᾶς
3459 3271 3659 3340 κρίνων
3697 3273 3797 3342 τῆς

2239 3363 2634 3434 ἐπισκοπούσης
2661 3363 2803 3432 ἡμᾶς
2826 3360 3202 3432 ἐγρηγόρσεως
3235 3360 3415 3414 αὐτοῦ.
3464 3361 3713 3414 Ἐπειδὰν
3741 3363 3797 3416 δέ

2242 3472 2368 3508 ποτε
2403 3454 2708 3523 αἰσθόμενοι
2745 3452 2843 3521 τῆς
2888 3451 2994 3520 (59)
3025 3453 3090 3504 ἐκ
3129 3453 3222 3504 τοῦ
3265 3450 3432 3504 ὕπνου
3474 3452 3677 3523 βλαῦης
3723 3455 3800 3507 εἷο

2241 3562 2461 3618 πωμενο
2527 3543 2851 3610 Ἀνάστηθι,
2907 3544 3006 3595 ἵνα
3057 3544 3114 3596 τι
3171 3542 3404 3607 ὑπνοῐς,
3451 3545 3660 3611 Κύριε;
3715 3549 3799 3599 Οὐ

2241 3636 2543 3700 νυστάξει,
2592 3635 2732 3689 οὐδὲ
2776 3633 3036 3689 ὺπνώσει
3080 3634 3208 3687 τότε
3239 3638 3271 3687 ό
3316 3634 3652 3702 φυλάσσων
3690 3637 3800 3690 τὸν·

2253 3725 2514 3794 Ἰσραήλ.
2548 3725 2654 3778 Καὶ
2688 3722 2832 3777 ἄλλοι
2873 3721 3011 3785 τινὲς
3041 3722 3203 3774 οἱονεὶ
3241 3721 3636 3792 ἀποστρέφουσι
3671 3725 3799 3785 τοὺς

2242 3818 2548 3888 ὀφθαλμοὺς
2578 3813 2670 3868 τοῦ
2709 3813 2863 3875 Θεοῦ,
2893 3812 2978 3866 διὰ
3009 3813 3068 3865 τὸ
3099 3812 3316 3882 αἰσχρὸν
3347 3806 3422 3865 ὧν
3463 3811 3674 3866 ποιοῦσι
3708 3817 3801 3866 καὶ

2245 3911 2457 3975 ἀνάξιον
2488 3907 2595 3962 τῶν
2621 3907 2908 3976 ὀφθαλμῶν
2937 3903 3028 3958 τοῦ
3068 3903 3201 3955 Θεοῦ
3221 3920 3233 3932 ·
3261 3902 3307 3955 οἳ
3335 3901 3802 3973 μεταμεληθέντες

2243 4004 2486 4072 λέγουσιν
2507 4019 2518 4030 ·
2554 4002 2685 4056 "Ira
2711 3999 2764 4051 τι
2789 3997 2852 4050 τὸ
2886 3997 3205 4064 πρόσωπόν
3226 4008 3339 4047 σου
3363 3995 3799 4063 ἀποστρέφεις

2246 4096 2353 4147 Καὶ
2402 4092 2548 4146 ἄλλοι
2591 4088 2739 4160 παρὰ
2776 4087 2996 4148 τούτους
3042 4085 3177 4137 εἰσιν
3218 4085 3266 4137 οἱ
3309 4083 3663 4154 ἐκϐληθέντες
3701 4085 3803 4153 τῆς

2249 4185 2463 4255 μνήμης
2497 4180 2590 4233 τοῦ
2630 4177 2763 4232 Θεοῦ
2807 4175 2938 4246 (40),
2991 4176 3083 4228 καὶ
3123 4176 3280 4228 οἱονεὶ
3317 4174 3486 4245 λήθην
3519 4175 3666 4245 αὐτῷ
3697 4179 3803 4244 ἐμ-

2247 4273 2521 4336 ποιοῦντες
2553 4270 2788 4324 ὲαυτῶψ
2845 4268 3039 4330 οἵτινες
3072 4267 3339 4335 λέγουσιν,
3386 4266 3467 4321 ὅτι
3527 4269 3805 4322 Ἐπιλαν·

2247 4366 2396 4435 θάνῃ
2423 4364 2529 4433 τῆς
2549 4363 2837 4432 πτωχείας
2863 4359 3029 4429 ἡμῶν
3055 4361 3150 4413 καί
3194 4358 3301 4426 τῆς
3321 4360 3578 4428 θλίψεως
3613 4361 3801 4430 ἡμῶν.

2248 4459 2356 4512 Καὶ
2393 4455 2744 4522 ἁπαξαπλῶς,
2783 4452 2852 4506 τὰ
2889 4450 3328 4523 ἀνθρωποπαθῶς
3365 4450 3635 4523 λεγόμενα
3676 4457 3807 4527 περὶ

2901 4613 2942 4643 ³⁸
2965 4609 3105 4665 r’sal.
3141 4625 3288 4674 xuii,
3314 4607 3402 4662 24.
3480 4610 3524 4642 ³⁷
3565 4609 3695 4666 ibid.

669 4770 778 4857 (ὄλ)
807 4771 936 4855 ῌοε.
961 4771 1225 4857 secundus
1255 4771 1354 4841 τὴν
1388 4770 1740 4857 ᾲνακαίνισιν
1762 4773 1856 4834 τοῦ
1899 4775 2042 4857 voce“
2055 4777 2135 4857 τὴ]

2253 4779 2381 4833 stris
2407 4776 2680 4857 duodecim
2711 4789 2838 4856 mss.
2870 4780 3019 4857 certe
3040 4780 3095 4857 elt
3131 4777 3440 4857 constanter
3487 4765 3611 4848 legi.
3651 4768 3811 4851 Norat

596 4839 682 4893 διὰ
702 4840 839 4918 ῌνεύ
849 4857 1012 4910 ματος
1039 4839 1190 4918 ἁγίου
1213 4839 1518 4918 γινομένην.
1540 4840 1746 4897 Habent
1773 4860 1984 4914 quoque
2004 4839 2153 4918 Reg-ii

599 4913 789 4966 tertius
811 4921 865 4963 et
892 4921 1118 4978 quartus
1152 4913 1510 4966 ἁνακαίνισιν.
1568 4949 1574 4955 ι

669 4979 964 5053 (58)_lllud,
995 4982 1120 5052 περὶ
1142 4981 1338 5053 αὐτοῦ,
1361 4981 1512 5053 abest
1538 4996 1569 5034 a
1609 4980 1738 5053 Reg.
1765 4985 2153 5044 secundoJlox

597 5051 745 5122 idem
759 5051 895 5122 Reg.
931 5051 1195 5105 secundus
1229 5052 1258 5104 ὃ
1285 5052 1358 5122 μὴ
1380 5051 1555 5120 θέμις.

667 5119 776 5191 (59)
806 5121 936 5189 lleg.
963 5124 1228 5195 secundus
1251 5119 1456 5195 δήποτε
1491 5121 1864 5195 αἰσθανόμενοι
1887 5126 2002 5195 τῆς.
2047 5123 2150 5178 lbi-

599 5193 717 5246 dem
744 5205 882 5265 unus
908 5207 1009 5265 ms.
1038 5192 1135 5262 τῆς
1153 5194 1210 5246 ἐν
1231 5191 1311 5265 τῷ
1337 5191 1511 5260 ὕπνῳ.
1577 5191 1727 5246 Infra
1746 5193 1896 5249 Colb.
1928 5191 2154 5263 quartus

596 5266 643 5318 οί
679 5260 1118 5332 μεταϐληθέντες.

670 5331 783 5400 (⁷40)
826 5331 925 5387 Ubi
955 5335 1154 5387 editum
1193 5333 1494 5388 invenimus
1532 5331 1582 5384 in
1621 5332 1856 5387 editione
1891 5332 2061 5389 Paris.
2105 5336 2154 5390 οί

600 5403 951 5470 ἐκϐληθέντες
975 5405 1072 5474 τῆς
1096 5405 1314 5474 μνήμης
1337 5401 1430 5454 τοῦ
1463 5401 1625 5461 Θεοῦ.
1651 5403 1797 5470 ejecti
1841 5420 1868 5456 e
1884 5473 1891 5474 ί
1908 5407 2155 5474 memoria

601 5474 720 5538 Dei,
757 5486 935 5528 monet
971 5473 1214 5532 Ducit-us.
1249 5474 1676 5532 Voluterraumn,
1713 5482 1844 5526 teste
1877 5473 2152 5526 Moutavu-

601 5547 695 5604 tio,
722 5545 976 5610 scriptum
1025 5543 1289 5610 reperisse
1336 5543 1388 5594 in
1431 5543 1542 5596 suis
1576 5543 1872 5604 codicibus,
1912 5544 1961 5595 οἱ
1992 5544 2152 5598 ἐκϐα-

601 5614 779 5683 λόντες
805 5614 900 5682 τῆς
933 5613 1150 5683 μνήμης
1185 5611 1273 5663 τὸν
1311 5612 1460 5674 Θεόν,
1517 5612 1778 5679 ejicieutes
1826 5629 1852 5664 ε
1905 5615 2151 5668 memoria

601 5682 790 5744 Deum.
830 5688 932 5737 Sed
961 5685 1051 5750 qui
1097 5684 1204 5736 sint
1242 5683 1456 5737 codices
1500 5683 1594 5740 illi.
1631 5695 1844 5748 quoque
1884 5691 2146 5736 terrarum

602 5753 797 5820 angulo
826 5763 1121 5813 serventur,
1155 5752 1332 5805 nescio
1365 5768 1377 5802 :
1414 5753 1505 5806 scd
1532 5752 1642 5805 scio
1663 5750 1955 5820 lectionem
2000 5752 2147 5806 Pari-

604 5818 834 5896 siensem
857 5830 909 5873 et
936 5820 987 5877 in
1021 5821 1156 5876 Oliv.
1205 5831 1257 5876 et
1302 5822 1354 5877 in
1387 5822 1618 5878 editione
1660 5818 1818 5875 Basil.
1857 5832 1909 5878 et
1957 5822 2006 5880 in
2053 5838 2144 5878 no-

2258 4851 2470 4920 quidem
2507 4846 2893 4920 ACoutbelisius
2951 4842 3099 4920 illud,
3128 4837 3508 4920 ἐκϐαλόντες,
3574 4839 3810 4920 inveniri
3842 4860 3857 4875 -

2259 4909 2472 4990 iitroque
2506 4917 2603 4990 in__
2627 4915 2775 4990 Co|_b.
2819 4914 2894 4990 uti
2930 4922 2990 4990 et
3038 4912 3089 4990 in
3127 4909 3358 4990 uoluae.
3391 4918 3445 4962 et
3481 4910 3667 4978 Angli,
3713 4912 3812 4964 sed

2258 4980 2454 5056 quo'in
2496 4985 2804 5056 Colbertiuo
2833 4982 3136 5056 itarlegerit,
3169 4980 3346 5056 dicere
3375 4990 3812 5056 p_ro_mptum__uo-

2260 5048 2341 5112 llis
2373 5075 2474 5112 non
2500 5068 2602 5111 est.
2626 5054 2785 5109 Certe
2830 5048 3044 5121 quidem
3092 5051 3147 5105 in
3186 5048 3510 5121 Colbertinis
3554 5051 3813 5121 omnibus

2261 5144 2376 5198 qua:
2436 5127 2796 5198 mirbiividcre
2836 5119 3059 5198 contigit
3123 5119 3517 5198 exemplaribus
3566 5120 3810 5198 (uullurn

2256 5187 2434 5252 autem
2493 5197 2689 5264 fugisse
2721 5209 2804 5248 me
2851 5187 3010 5261 putof
3031 5187 3726 5264 reperisxfiknﬁévtecfat
3760 5192 3816 5242 in

2257 5271 2336 5323 eis
2363 5283 2428 5322 ne
2455 5257 2734 5330 vestigium
2779 5257 2989 5332 quidem
3031 5257 3240 5332 iuveni
3269 5257 3418 5332 vocis
3461 5257 3815 5332 ἐκβαλόντες.

2257 5318 2536 5393 ὗιῖεὲιέτθο
2553 5318 2682 5406 'qliid
2711 5318 2972 5387 attinebat
3009 5318 3401 5407 Combelisium
3418 5331 3634 5382 codices
3648 5318 3816 5407 “Hon-

2259 5417 2360 5461 tac.
2390 5417 2444 5460 et
2470 5399 2628 5475 Angl.
2653 5417 2971 5466 memorare,
2991 5401 3144 5475 quasi
3171 5400 3206 5453 ii
3235 5399 3359 5453 libri
3388 5399 3528 5475 inter
3547 5411 3604 5451 se
3628 5399 3821 5475 distin:

2257 5467 2577 5546 guerentur,‘
2602 5490 2736 5542 quos
2763 5484 2941 5527 tamen
2970 5467 3183 5546 eosdel!)
3218 5484 3340 5546 esse
3362 5470 3518 5537 plane
3548 5467 3820 5546 constat}

2259 5538 2391 5600 Nam
2423 5547 2474 5600 in
2502 5538 2674 5598 Duciei
2709 5555 2854 5603 nota,
2879 5538 3384 5596 undeCouibelisius
3422 5539 3635 5606 accepit
3658 5538 3825 5606 quid-

2255 5619 2381 5685 quid
2442 5616 2578 5668 dixit
2627 5615 2729 5685 boc
2763 5612 2965 5685 loco,ii
3011 5613 3117 5685 sali
3152 5610 3275 5664 libri
3324 5610 3823 5685 _|audantur,_quos

2253 5678 2400 5750 olim,
2451 5695 2590 5740 teste
2640 5684 2986 5746 Montacutio,
3037 5682 3238 5737 viderat
3290 5681 3369 5736 vir
3416 5681 3607 5735 doctus
3655 5678 3824 5733 Vola-

2255 5767 2520 5811 terranus.
