4008 6402
227 429 339 485 309
1357 436 1637 492 llOMlLIA
1677 438 1742 492 IN
1783 437 2113 495 PSALMUM
2152 437 2348 492 XXIX.
3361 429 3464 484 310

230 548 366 603 Θεοῦ
405 549 680 621 ἄνθρωποι
710 551 1054 624 ἐργάζονται,
1087 554 1326 608 τοιοῦτον
1354 558 1566 622 ἑαυτοῖς
1593 559 1776 612 ποιοῦν

1909 563 2049 613 niam
2075 557 2344 625 suscepisti
2370 571 2448 610 me
2473 571 2490 619 ;
2521 570 2612 606 nec
2638 552 2904 608 delectasti
2937 551 3174 605 inimicos
3210 565 3346 604 meos
3372 566 3465 604 su.

229 659 322 705 τες
353 641 444 694 τὸν
469 641 622 706 Θεὸν,
648 637 760 697 οἷον
785 647 946 709 αὐτὸς
969 648 1157 702 ἑαυτὸν
1181 647 1409 714 ἕκαστος
1439 653 1776 723 προευτρεπίι

1902 668 1993 716 per
2030 666 2130 704 me.
2164 648 2306 702 Nihil
2342 647 2594 702 nimirum
2643 643 2877 710 humile,
2919 641 3053 697 nihil
3096 641 3360 710 abiectum
3409 641 3461 694 in

223 729 332 795 ζει.
376 731 628 800 ’Υψώσω
655 749 727 788 σε
753 731 866 798 οὖν,
901 738 1097 804 Κύριε,
1127 737 1213 791 ὅτι
1247 739 1544 806 ὑπέλαϐές
1570 759 1666 808 με,
1702 759 1776 794 κα

1901 747 2008 797 vita
2034 757 2152 798 mea
2180 740 2468 810 perferam.
2499 737 2654 792 Unde
2677 751 2806 791 vero
2831 735 3055 792 facultas
3082 733 3209 788 mihi
3240 743 3289 787 te
3315 731 3462 787 exal-

221 825 338 876 οὺκ
369 825 667 892 εὔφρανας
708 828 847 893 τοὺς
894 828 1143 898 ἐχθρούς
1179 849 1298 900 μου
1337 833 1428 884 ἐπ’
1460 833 1584 901 ἐμὲ,
1636 833 1776 904 μηδὲ·

1902 833 2080 887 laudi?
2105 833 2368 899 Quoniam
2411 839 2462 884 tu
2503 844 2590 884 me
2631 826 2964 898 praveniens
2995 823 3298 892 suscepisti.
3330 821 3462 876 Per-

221 918 479 969 ταπεινὸν
514 918 649 987 μηδὲ
680 920 1011 990 χαμαίζηλον
1047 923 1138 974 ἐπὶ
1170 922 1263 975 τοῦ
1305 922 1420 993 βίου
1457 941 1556 994 μου
1595 925 1794 995 φέρων.

223 1008 338 1061 Καὶ
393 1009 554 1062 πόθεν
613 1029 702 1080 μοι
747 1013 780 1082 ἡ
828 1012 920 1065 τοῦ
978 1013 1146 1084 ὑψοῦν
1193 1016 1487 1087 ἐνυπάρχει
1537 1016 1793 1086 δύναμιςς

235 1100 451 1171 Ἐπειδὴ
477 1101 539 1153 σύ
565 1120 632 1172 με
652 1102 935 1172 προλαϐὼν
959 1105 1247 1170 ὑπέλαϐες.
1288 1107 1666 1177 Ἐμφαντικῶς
1684 1108 1794 1177 (41)

220 1189 412 1261 εἴρηκε
437 1191 531 1258 τὸ,
572 1193 904 1260 Ὑπέλαϐες,
937 1196 1058 1248 ἀντὶ
1083 1196 1198 1259 τοῦ,
1247 1195 1666 1266 Ἐμετεὼρισάς
1695 1215 1788 1266 με,

221 1282 320 1333 καὶ
355 1281 622 1353 ἀνώτερον
661 1283 770 1336 τῶν
807 1286 1358 1357 κατεπανισταμένων
1397 1305 1464 1357 με
1511 1289 1789 1357 ἐποίησας.

221 1378 399 1430 Οἱονεὶ
427 1377 592 1431 παῖδά
617 1395 736 1431 τινα
768 1378 1008 1450 ἀπείρως
1036 1379 1226 1450 ἔχοντα
1258 1380 1394 1451 πρὸς
1423 1380 1483 1432 τὸ
1515 1380 1790 1450 νήχεσθαι,

220 1469 287 1535 τῇ
318 1467 458 1538 χειρί
485 1485 569 1531 τις
587 1466 887 1534 ὑπολαϐὼν,
910 1470 1306 1540 μετεωρότερον
1322 1469 1442 1537 ἄγοι
1465 1468 1558 1521 τοῦ
1583 1469 1791 1532 ὓδατος.

232 1562 294 1614 '0
319 1557 410 1614 οῦν
443 1563 506 1614 ὲκ
535 1561 632 1632 τῆς
663 1560 754 1614 τοῦ
788 1561 922 1614 Θεοῦ
953 1561 1202 1632 βοηθείας
1233 1561 1530 1624 ἀνανεύσας
1560 1563 1666 1616 ἀπὸ
1697 1559 1790 1614 τοῦ

220 1652 536 1723 πτώματος,
573 1648 726 1717 οὗτος
759 1653 862 1706 ὐπὸ
881 1655 1300 1725 εὐγνωμοσύνης
1320 1654 1405 1708 διὰ
1433 1655 1540 1707 τῶν
1573 1653 1791 1723 ἀγαθῶν

1897 925 2080 994 spicue
2103 925 2257 985 dixit.
2280 923 2566 992 Suscepisti
2591 937 2692 986 me,
2722 935 2838 989 pro,
2865 916 3158 973 Sublevasti
3182 932 3280 980 me,
3299 925 3352 968 et
3370 930 3462 967 su-

1897 1017 2162 1085 periorem
2189 1014 2587 1085 insurgentibus
2616 1013 2667 1066 in
2693 1027 2777 1066 me
2795 1009 3036 1064 eﬂ‘ecisti.
3069 1006 3241 1064 Veluti
3265 1005 3310 1061 si
3337 1004 3460 1074 quis

1898 1123 2122 1178 puerum
2153 1106 2460 1178 quempiam
2492 1103 2710 1158 natandi
2747 1102 3050 1172 imperitum
3088 1115 3248 1153 tuanu
3282 1100 3458 1155 susei-

1895 1200 2071 1269 piens,
2115 1213 2236 1254 eum
2283 1198 2436 1265 aquis
2489 1195 2735 1249 altiorem
2788 1193 3070 1248 sustineat.
3122 1191 3224 1258 Qui
3275 1191 3456 1262 igitur,

1893 1291 2187 1360 opitulante
2212 1291 2342 1353 Deo,
2379 1305 2406 1342 a
2433 1303 2561 1343 casu
2592 1302 2649 1342 se
2673 1286 2850 1355 erigit,
2879 1287 2922 1340 is
2949 1286 3086 1356 grati
3111 1285 3276 1338 animi
3300 1283 3458 1353 signi-

1893 1383 2144 1437 ﬁcatione
2179 1396 2276 1452 per
2309 1380 2448 1434 bona
2477 1395 2640 1449 opera
2670 1379 3049 1433 exaltationem
3093 1377 3202 1432 Deo
3235 1378 3454 1444 pollice-

1894 1486 1998 1528 tur.
2031 1475 2140 1528 Aut
2172 1473 2316 1527 velut
2365 1473 2410 1528 si
2443 1474 2564 1542 quis
2605 1471 2831 1526 debilem
2881 1470 3185 1540 quempiam
3231 1469 3456 1524 luctato-
3557 1510 3563 1517 .

1892 1582 2003 1620 rem
2033 1565 2362 1627 sulIulciens,
2391 1565 2458 1618 ab
2492 1564 2809 1618 imminente
2845 1565 2996 1631 lapsu
3025 1563 3235 1625 liberet,
3265 1577 3328 1616 ac
3351 1562 3456 1616 col-

1889 1657 2126 1712 luctante
2175 1657 2362 1711 reddat
2417 1659 2782 1724 superiorem;
2843 1655 2916 1708 illi
2955 1653 3169 1722 quidem
3215 1654 3455 1708 victorias

218 1743 398 1815 ἔργων
429 1744 632 1813 ὖψωσιν
663 1745 1052 1813 ἐπαγγέλλεται
1083 1744 1158 1815 τῷ
1188 1744 1307 1811 Θεῷ
1338 1745 1468 1816 (42).
1508 1746 1577 1798 Ἥ
1603 1745 1776 1816 ῶσπερ

1888 1750 2090 1820 praebet
2117 1749 2478 1813 occasionem,
2520 1749 2646 1803 huic
2687 1762 2817 1802 vero
2847 1758 3162 1817 conceptam
3197 1748 3262 1802 de
3299 1748 3449 1817 lapsu

215 1837 341 1890 τινὰ
375 1837 673 1908 παλαιστὴν
703 1837 1028 1891 ἀσθενοῦντα
1059 1837 1423 1910 ὐποστηρίξας
1453 1856 1537 1901 τις
1563 1839 1670 1892 ἀπὸ
1693 1838 1776 1892 τοῖ¹

1888 1844 2109 1898 alterius
2139 1842 2375 1897 laetitiam
2404 1841 2612 1896 adimit.
2656 1839 2772 1895 Non
2812 1850 2991 1894 autem
3019 1854 3292 1902 aerumnae,
3323 1854 3453 1909 pro-

217 1929 660 2000 κινδυνευομένου
693 1929 1002 2000 πτώματος,
1037 1931 1130 1984 καὶ
1172 1933 1509 2002 ὲπανώτερον
1553 1931 1776 2001 ποιήσας

1887 1933 2122 1988 bationis
2161 1948 2322 1987 causa
2355 1933 2556 1988 sanctis
2584 1930 2822 1995 inﬂictae,
2861 1929 3224 1984 invisibilibus
3250 1927 3449 1982 nostris

213 2021 314 2075 τοῦ
361 2022 810 2092 συμπαλαίοντος,
848 2021 926 2092 τῷ
962 2023 1058 2092 μὲν
1090 2023 1188 2093 τῆς
1217 2024 1372 2094 νίκης
1403 2022 1643 2094 παρέσχε
1687 2023 1785 2094 τὴν

217 2113 496 2184 ἀφορμὴν,
539 2113 631 2165 τοῦ
661 2113 716 2165 δὲ
751 2113 846 2184 τὴν
878 2115 971 2166 ἐπὶ
1004 2113 1082 2182 τῷ
1118 2111 1368 2183 πτώματι
1399 2112 1562 2166 αὐτοῦ
1593 2114 1788 2186 εὐφρο-

221 2199 388 2272 σύνην
425 2201 694 2272 ἀφείλετο.
737 2203 868 2272 Οὐχὶ
911 2203 966 2256 δὲ
1000 2203 1055 2255 αἱ
1101 2201 1327 2272 θλίψεις,
1371 2205 1427 2257 αἱ
1465 2203 1787 2275 δοκιμασίας

216 2293 408 2346 ἕνεκεν
441 2293 838 2363 προσαγόμεναι
886 2295 998 2356 τοῖς
1037 2292 1242 2360 ἁγίοις,
1293 2291 1632 2363 εὐφροσύνην
1673 2295 1785 2356 τοῖς

215 2386 431 2457 ἐχθροῖς
458 2385 612 2456 ἡμῶν
649 2388 759 2448 τοῖς
788 2385 1038 2456 ἀοράτοις
1078 2384 1461 2456 προξενοῦσινο
1504 2384 1616 2438 ἀλλ’
1655 2387 1785 2439 ὅταν

215 2478 681 2548 ἀπαγορεύσωμεν
751 2477 1090 2548 θλιϐόμενοι,
1153 2477 1244 2532 καὶ
1312 2475 1783 2548 στενοχωρηθῶσιν

215 2570 372 2642 ήμῶν
399 2571 448 2622 οἱ
474 2569 740 2640 λογισμοὶ,
763 2571 1140 2644 ἀπειρηκότων
1159 2569 1316 2640 ἡμῶν
1338 2570 1473 2641 πρὸς
1494 2569 1554 2622 τὸ
1582 2569 1782 2622 πυκνὸν

214 2665 325 2718 τῶν
357 2664 671 2729 κακώσεων,
705 2665 826 2718 τότε
860 2665 1234 2736 εὐφραίνονται
1267 2665 1360 2717 καὶ
1391 2663 1644 2734 κροτοῦσι
1690 2663 1784 2716 καὶ

215 2756 609 2826 ὲπιχαίρουσιν.
653 2750 774 2807 Οἵον
819 2755 910 2806 ἐπὶ
951 2754 1043 2807 τοῦ
1091 2754 1227 2808 Ἰώὸ.
1287 2753 1642 2807 Ἀπολωλέκει
1685 2753 1782 2825 τὴν

215 2847 448 2916 κτῆσινο
496 2846 700 2900 τέκνων
754 2846 1040 2917 ἐστέρητο·
1081 2846 1284 2917 ἰχῶρας
1317 2845 1464 2915 αὐτῷ
1497 2847 1590 2898 καὶ
1637 2845 1780 2899 σκώ-

209 2938 442 3009 ληκαςή
477 2937 614 3009 σὰρξ
645 2939 908 3002 ἁπέζεσεν
944 2938 1074 3008 (i5)'
1111 2937 1260 2991 οΰπω
1289 2937 1446 2992 τοῦτο
1475 2938 1780 3011 εὐφροσύνη

209 3031 290 3102 τῷ
329 3031 627 3101 ἀντιπάλῳ.
659 3032 721 3084 El
748 3029 804 3082 δὲ
835 3030 1013 3093 ἐνδοὺς
1049 3031 1181 3101 πρὸς
1209 3031 1276 3085 τά
1311 3031 1538 3084 ἐπίπονα
1571 3031 1779 3102 εἰρήκει

208 3144 262 3178 ιι.
305 3125 586 3196 δύσφημον
629 3125 777 3196 ῥῆμα
819 3124 957 3177 κατά
991 3125 1089 3195 τὴν
1118 3123 1422 3196 συμϐουλὴν
1449 3125 1551 3193 τῆς
1597 3141 1781 3192 γυναι-

211 3216 325 3280 κὸς,
357 3217 478 3268 τότε
501 3215 566 3270 ἂν
597 3214 974 3286 εὐφράνθησαν
1004 3217 1050 3268 0i
1083 3215 1268 3286 ἐχθροὶ
1293 3217 1379 3268 ἐπ’
1409 3215 1575 3285 αὐτῷ.
1609 3215 1780 3270 Τοῦτο

1885 2022 2116 2078 inimicis
2141 2022 2392 2093 gaudium
2416 2020 2646 2076 aﬂ‘erunt
2676 2039 2689 2076 :
2735 2022 2829 2075 sed
2868 2034 2990 2074 cum
3023 2017 3262 2072 alllictati
3298 2015 3448 2070 fran-

1885 2116 2080 2186 gimur,
2115 2130 2346 2184 cumque
2375 2116 2726 2184 cogitationes
2760 2122 2983 2180 nostrae,
3023 2114 3177 2168 nobis
3229 2113 3297 2167 ob
3333 2111 3447 2167 fre-

1884 2218 2109 2278 quentes
2144 2208 2419 2263 molestias
2465 2208 2704 2261 animum
2759 2207 3242 2275 despondentibus.
3295 2220 3448 2259 coar-

1884 2309 2121 2362 ctantur,
2153 2309 2281 2353 tunc
2304 2299 2665 2362 oblectantur,
2689 2298 3052 2368 plauduutque
3082 2306 3136 2351 et
3164 2297 3442 2349 insultant.

1883 2390 2046 2445 Velut
2073 2392 2125 2444 iu
2156 2391 2256 2446 .lob
2287 2394 2532 2461 contigit.
2562 2392 2832 2446 Amiserat
2859 2390 3251 2459 possessiones,
3288 2388 3446 2442 orba-

1887 2494 1969 2536 tus
1998 2484 2158 2554 126
2179 2493 2298 2538 erat
2336 2484 2480 2550 ﬁliis,
2514 2485 2634 2538 tabo
2663 2491 2716 2537 et
2745 2482 3023 2537 vermibus
3050 2481 3291 2536 scatebat
3327 2479 3444 2548 ejus

1882 2593 2042 2641 caro;
2082 2577 2305 2631 necdum
2342 2586 2517 2630 tamen
2561 2577 2611 2629 id
2641 2575 2822 2630 laetitia
2855 2574 3017 2628 allicit
3044 2575 3440 2630 adversarium.

1884 2668 1989 2723 Sed
2039 2668 2082 2722 si
2121 2669 2392 2724 laboribus
2435 2669 2677 2732 fractus,
2733 2666 3180 2721 contumeliosum
3226 2667 3443 2735 aliquod

1882 2762 2105 2815 verbum
2132 2776 2197 2814 ex
2234 2761 2418 2816 uxoris
2447 2761 2672 2816 consilio
2710 2760 3039 2829 protulisset,
3091 2769 3214 2814 tunc
3242 2761 3295 2813 in
3327 2760 3444 2828 ipso

1882 2850 2130 2906 oblectati
2158 2861 2341 2905 essent
2367 2851 2591 2905 inimici.
2624 2851 2760 2916 Quin
2790 2859 2844 2905 et
2876 2852 2925 2903 in
2954 2848 3118 2903 Paulo
3143 2849 3440 2911 esuriente,

1881 2941 2114 3006 sitiente,
2151 2942 2314 3005 nudo,
2343 2940 2582 3010 colaphis
2614 2955 2782 3000 caaso.
2814 2940 3110 3001 laborante,
3147 2937 3214 2992 de
3245 2938 3360 2992 loco
3388 2939 3440 2991 in

1883 3031 2060 3087 locum
2117 3033 2381 3103 migrante
2422 3049 2528 3087 non
2584 3031 2953 3086 delectabatur
2996 3031 3279 3094 inimicus;
3335 3029 3442 3083 imo

1881 3141 2008 3180 vero
2047 3126 2448 3191 conterebatur,
2475 3128 2598 3178 dum
2638 3140 2759 3179 eum
2799 3124 3004 3176 videret
3042 3123 3119 3175 sic
3145 3120 3441 3174 certamina

1882 3220 2259 3288 perferentem,
2289 3228 2346 3275 ut
2369 3221 2716 3288 contemptim
2742 3219 2942 3273 diceret
2969 3236 2981 3269 :
3016 3215 3145 3280 Quis
3169 3232 3260 3268 nos
3288 3230 3440 3281 sepa-

209 3310 306 3364 καὶ
343 3309 433 3361 ἐπὶ
472 3308 668 3375 Παύλῳ
715 3309 986 3370 πεινῶντι,
1022 3308 1115 3361 καὶ
1144 3307 1384 3377 διψῶντι,
1432 3310 1525 3362 καὶ
1563 3325 1774 3380 γυμνη-

1880 3312 2014 3364 rabit
2045 3330 2076 3364 a
2100 3311 2350 3366 charitate
2371 3309 2567 3365 Christi
2598 3310 2680 3363 ‘3?

207 3399 438 3459 τεύοντι.
473 3401 564 3452 καὶ
599 3398 1024 3469 κολαφιζομένῳ,
1089 3401 1183 3453 καὶ
1227 3401 1508 3464 κοπιῶντι,
1575 3402 1669 3455 καὶ
1732 3402 2083 3456 ἀστατοῦντι·
2125 3404 2226 3456 οὐκ
2271 3403 2592 3474 εὐφραίνετο
2641 3403 2669 3453 ὁ
2702 3400 2926 3472 ἐχθρός·
2960 3398 3022 3452 τὸ
3059 3397 3299 3451 ἐναντίον
3345 3397 3443 3468 μὲν

207 3490 323 3558 οὖν,
373 3493 715 3564 συνετρίϐετο
759 3491 969 3562 βλέπων
1014 3492 1156 3546 οὓτω
1225 3494 1291 3547 τὰ
1365 3495 1723 3565 ἀγωνίσματα
1798 3495 2054 3567 φέροντα,
2117 3495 2257 3549 ῶστε
2316 3496 2496 3549 λέγειν
2557 3495 2718 3548 αὐτὸν
2775 3490 3283 3566 καταφρονητικῶς·
3348 3489 3446 3555 Τίς

207 3587 366 3657 ἡμᾶς
395 3588 635 3656 χωρίσει
667 3587 784 3641 ἀπὸ
813 3587 923 3656 τῆς
954 3586 1188 3654 ἀγάπης
1217 3590 1324 3642 τοῦ
1349 3590 1638 3657 Χριστοῦ;

277 3679 331 3732 5.
366 3678 543 3744 Κύριε
561 3681 591 3730 ὁ
612 3678 755 3743 Θεός
778 3695 918 3746 μου,
935 3676 1227 3744 ἐκέκραξα
1242 3678 1390 3746 πρὸς
1405 3679 1499 3742 σὲ,
1518 3681 1613 3733 καὶ
1633 3678 1780 3734 ἰάσω

197 3789 295 3842 με.
348 3773 634 3841 Μακάριος
682 3773 709 3823 ὁ
753 3771 851 3840 τὴν
890 3773 947 3824 ἐν
999 3770 1075 3840 τῷ
1115 3771 1268 3840 βάθει
1319 3771 1532 3842 πληγὴν
1586 3771 1777 3825 ἑαυτοῦ

202 3864 518 3934 γνωρίζων,
561 3861 702 3915 ὥστε
732 3862 990 3916 δύνασθαι
1037 3863 1115 3933 τῷ
1152 3862 1318 3934 ἰατρῷ
1357 3864 1636 3934 προσιέναι
1685 3863 1779 3917 καὶ

201 3955 415 4024 λέγειν·
467 3955 666 4008 Ἰασαί
690 3969 787 4022 με,
819 3954 1017 4022 Κύριε,
1048 3953 1137 4007 ὅτι
1182 3954 1476 4024 ἐταράχθη
1519 3955 1591 4009 τὰ
1627 3953 1778 4010 ὀστᾶ

195 4062 352 4118 μου·
398 4047 518 4108 καὶ,
566 4043 712 4115 Ἐγὼ
752 4045 908 4109 εἶπα,
945 4046 1142 4113 Κύριε,
1191 4045 1448 4113 ἐλέησόν
1484 4063 1580 4115 με,
1611 4046 1776 4100 τασαι

201 4138 318 4207 τὴν
355 4135 566 4206 ψυχήν
592 4154 731 4208 μου,
767 4137 856 4190 ὅτι
891 4137 1154 4206 ἧμαρτόν
1185 4152 1302 4192 σοι.
1357 4139 1616 4193 Ἐνταῦθα
1651 4139 1776 4209 μέν-

199 4247 283 4283 τοι
337 4228 658 4300 εὐχαριστία
712 4227 858 4280 ἐστὶν
912 4228 1050 4299 ὑπὲρ
1095 4229 1194 4299 τῆς
1247 4229 1579 4301 ἐπαχθείσης
1627 4229 1774 4300 αὐτῷ

202 4318 472 4390 ἰατρείας·
509 4319 684 4385 Κύριε
733 4317 862 4386 γὰρ,
900 4319 1082 4387 φησὶν,
1115 4323 1146 4372 ὀ
1181 4321 1322 4386 Θεός
1346 4338 1482 4389 μου.
1519 4321 1591 4374 υύ
1634 4322 1772 4373 πάν-

198 4429 308 4463 των
337 4409 470 4472 Θεὸς
497 4412 526 4462 ὁ
558 4409 708 4472 Θεὸς,
751 4409 888 4463 ἀλλά
925 4410 1030 4463 τῶν
1074 4411 1458 4464 οίκειωθέντων
1497 4413 1644 4485 αὐτῷ
1684 4415 1773 4470 διὰ

197 4502 298 4570 τῆς
340 4501 579 4570 ἀγάπης.
627 4499 758 4563 Θεὸς
794 4499 902 4572 γὰρ
962 4501 1228 4572 Ἀϐρααμ,
1262 4502 1355 4555 καὶ
1392 4502 1522 4566 Θεὸς
1565 4505 1768 4570 Ἰσαὰκ,

199 4597 296 4648 καὶ
341 4593 472 4658 Θεὸς
534 4593 745 4648 Ἰακώϐ.
783 4595 846 4648 Εἰ
887 4594 944 4646 δὲ
984 4595 1198 4648 πάντων
1246 4591 1313 4668 ἦν
1364 4595 1515 4659 Θεὸς,
1563 4598 1664 4651 οὐκ
1705 4597 1770 4651 ἂν

198 4686 430 4750 ἐκείνοις
474 4687 550 4750 ὡς
581 4687 856 4757 ἐξαίρετον
889 4685 1045 4738 τοῦτο
1088 4692 1608 4760 προσεμαρτυρείτο.
1659 4692 1769 4744 Καὶ

198 4778 362 4832 πάλιν
394 4780 424 4831 ὁ
466 4776 678 4830 Ἱακώὸο
717 4774 1040 4843 Ἐϐοήθησέ
1063 4794 1159 4830 σοι
1189 4777 1298 4846 (44)
1328 4781 1360 4832 ό
1389 4778 1532 4844 Θεὸς
1552 4783 1584 4832 ὁ
1605 4780 1762 4850 ἐμός.

198 4871 310 4926 Καὶ
343 4870 543 4939 Θωμᾶς
574 4870 712 4940 μετά
743 4871 842 4940 τὴν
872 4870 1238 4940 πληροφορίαν
1269 4872 1749 4942 κατασπαζόμενος

195 4966 288 5019 τὸν
331 4965 627 5035 Δεσπότην,
683 4965 744 5017 '0
793 4965 1008 5032 Κύριός
1038 4981 1178 5034 μου,
1211 4966 1364 5036 φησὶ,
1413 4966 1510 5019 καὶ
1540 4969 1572 5019 o'
1623 4970 1767 5032 Θεός

1880 4967 2120 5021 Dominus
2164 4985 2328 5034 meus,
2372 4968 2564 5036 inquit,
2605 4976 2656 5022 et
2696 4967 2835 5022 Deus
2887 4980 3030 5018 meus
3066 4964 3132 5015 ³².

188 5077 332 5127 μου.
377 5056 705 5121 Ἐνδιάθετος
731 5053 822 5112 οῦν
849 5060 881 5127 ή
914 5059 1063 5129 φωνὴ
1093 5060 1149 5128 ἡ,
1178 5058 1353 5126 Κύριε
1386 5060 1418 5112 ό
1457 5059 1599 5124 Θεός
1620 5077 1760 5128 μου,

1952 3684 2007 3739 5.
2053 3680 2214 3735 Vsus.
2245 3681 2296 3734 5.
2339 3680 2560 3734 Domine
2589 3678 2727 3732 Deus
2755 3693 2918 3743 nteus,
2951 3674 3171 3729 clamavi
3198 3673 3266 3726 ad
3293 3681 3362 3736 te,
3391 3681 3439 3726 et

1880 3775 2077 3827 sanasti
2129 3789 2230 3826 me.
2284 3771 2477 3826 Beatus
2529 3771 2619 3840 qui
2665 3770 2970 3824 intestinam
3027 3780 3177 3821 suam
3231 3763 3437 3834 plagam

1879 3865 2178 3934 Cognoscit,
2223 3865 2356 3918 adeo
2383 3873 2441 3917 ut
2473 3863 2537 3917 ad
2585 3862 2849 3917 medicum
2879 3868 3040 3929 queat
3067 3856 3343 3922 accedere,
3375 3868 3440 3906 ac

1879 3957 2055 4010 dicere
2084 3974 2096 4010 :
2125 3955 2270 4010 Sana
2296 3973 2392 4017 me,
2427 3954 2673 4015 Domine,
2699 3951 2944 4023 quoniam
2979 3948 3288 4003 conturbata
3315 3955 3435 4000 sunt

1876 4066 1995 4104 ossa
2017 4065 2132 4103 mea
2157 4049 2219 4115 ¹⁹;
2244 4058 2324 4103 et:
2350 4046 2462 4117 Ego
2487 4048 2617 4110 dixi,
2642 4045 2878 4110 Domine,
2900 4044 3140 4098 miserere
3160 4040 3284 4103 mei,
3306 4054 3436 4093 sana

1876 4143 2107 4195 animam
2143 4157 2332 4206 nteant,
2363 4140 2484 4210 quia
2512 4139 2717 4206 peccavi
2755 4138 2849 4191 tibi
2879 4137 2946 4190 '°.
2991 4135 3090 4189 Hic
3123 4133 3336 4204 quidem
3368 4132 3435 4182 ob

1875 4229 2166 4282 adhibitam
2216 4228 2316 4283 sibi
2371 4229 2703 4281 curationem
2755 4227 2956 4296 gratias
3012 4221 3430 4294 agitzDomine,

1872 4320 2028 4383 enim,
2079 4320 2272 4387 inquit,
2311 4317 2450 4372 Deus
2483 4335 2644 4373 meus.
2694 4318 2834 4373 Deus
2871 4332 2975 4371 non
3015 4315 3252 4370 omnium
3295 4312 3440 4374 Deus,

1873 4422 1976 4474 est,
2007 4411 2097 4466 sed
2125 4425 2310 4465 eorum
2335 4412 2427 4480 qui
2455 4412 2504 4464 ei
2528 4421 2653 4465 sunt
2675 4411 2940 4466 charitate
2960 4405 3255 4477 conjuncti.
3286 4404 3428 4459 Deus

1873 4505 2014 4558 enim
2047 4503 2317 4558 Abraham
2362 4513 2467 4570 est,
2506 4513 2562 4558 et
2609 4503 2750 4559 Deus
2787 4503 2951 4567 Isaac,
2989 4512 3044 4554 et
3075 4498 3214 4553 Deus
3241 4493 3428 4550 Jacob.

1872 4597 2081 4651 Etenim
2125 4598 2170 4651 si
2203 4597 2442 4651 onmium
2484 4607 2629 4652 esset
2676 4599 2836 4660 Deus,
2878 4611 2981 4649 non
3030 4592 3211 4660 utique
3261 4588 3312 4642 id
3351 4585 3440 4652 eis

1873 4697 2124 4757 tanquam
2156 4688 2428 4758 quidpiam
2460 4687 2731 4758 singulare
2760 4703 2822 4740 ac
2847 4684 3102 4740 eximium
3130 4680 3426 4737 tribuisset.

1869 4779 1934 4833 Et
1965 4781 2156 4834 iterum
2188 4778 2354 4835 Jacob
2385 4798 2400 4836 ;
2431 4781 2649 4850 Adjuvit
2678 4789 2726 4834 te
2756 4779 2897 4832 Deus
2924 4793 3066 4831 meus
3089 4776 3156 4829 ⁸³.
3189 4773 3255 4828 Ει
3281 4769 3424 4825 Tho-

1869 4889 2007 4940 mas,
2029 4886 2232 4928 semota
2257 4875 2593 4928 dubitatione
2623 4874 2792 4938 onmi,
2822 4871 3101 4926 Dominum
3126 4865 3424 4935 amplexus,

3193 4959 3429 5015 Aﬂ‘ectus

1875 5059 2034 5128 igitur
2060 5074 2160 5113 vox
2197 5067 2299 5123 est,
2345 5059 2566 5113 Domine
2595 5058 2736 5112 Deus
2775 5073 2938 5121 meus,
2971 5065 3027 5110 et
3047 5071 3164 5126 qua:
3197 5052 3428 5124 prophe-

267 5242 312 5274 ⁸³
355 5241 510 5297 Rom.
536 5259 654 5310 vin,
686 5243 777 5298 '55.
851 5243 894 5276 ⁸⁸
932 5243 1073 5300 Psal.
1105 5261 1178 5313 v1,
1213 5246 1265 5300 5.
1343 5247 1386 5278 ³ο
1427 5245 1567 5302 Psal.
1602 5263 1687 5310 st,
1718 5245 1768 5300 5.

1880 5247 1886 5275 ι
1924 5244 2056 5298 Gen.
2091 5259 2235 5308 χιιι,
2268 5241 2356 5296 9.5.
2433 5243 2476 5274 ²²
2510 5241 2663 5297 Joan.
2694 5257 2783 5305 xx,
2812 5239 2902 5294 28.

265 5379 381 5451 (Η)
413 5379 546 5450 Reg.
572 5383 836 5455 secundus
869 5383 1202 5455 ὲμφατικῶς.
1236 5384 1355 5439 Mox
1383 5386 1548 5442 editio
1585 5387 1759 5442 Paris.

191 5453 752 5523 κατεπανισταμένων
777 5453 912 5523 μου(
933 5455 1106 5510 lidilio
1135 5471 1261 5509 vero
1302 5455 1465 5512 Basil.
1488 5467 1542 5512 et
1570 5474 1759 5512 novem

189 5538 327 5596 nt_~8.
364 5525 912 5596 κατεπανισταμενων
977 5543 1064 5596 με.
1120 5526 1320 5582 Ibidem
1379 5527 1542 5583 editio
1584 5528 1758 5584 Paris.

188 5586 341 5644 Οἷον.
377 5592 446 5644 At
469 5611 597 5648 mss.
626 5586 819 5647 Οἱονεί.

265 5661 550 5737 (ῼλΕιΙίιί
592 5674 644 5718 et
667 5665 901 5737 nonnulli
933 5680 1059 5719 mss.
1098 5664 1331 5734 ὑψώσειν
1365 5668 1758 5737 ἐπαγγέλλεται

182 5731 280 5809 ¹ιιὸν
309 5732 571 5809 Θεόνη-ᾼμι
601 5735 915 5809 major-pars
943 5751 1073 5789 mss.
1100 5731 1226 5809 eum
1265 5737 1401 5793 Oliv.
1436 5731 1498 5793 et'
1523 5731 1744 5809 'Anglic.

185 5805 287 5874 ita.
320 5812 378 5874 ut
417 5804 702 5874 edidimus.
745 5803 852 5859 Nec
898 5806 968 5858 ita
1007 5805 1171 5858 multo
1219 5818 1338 5874 post
1389 5809 1518 5874 Reg.
1555 5803 1747 5866 tertius

182 5872 284 5928 καὶ
327 5871 620 5946 ἀνώτερον.
664 5874 898 5932 Subinde
951 5877 1114 5932 editio
1140 5871 1315 5934 Paris.
1365 5891 1417 5934 et
1461 5871 1569 5936 tres
1615 5897 1742 5938 mss.

1866 5385 1958 5440 τοῦ
1983 5385 2038 5438 δὲ
2065 5387 2185 5456 τήν.
2214 5385 2316 5439 Alii
2347 5399 2475 5437 mss.
2510 5397 2730 5456 numero
2761 5379 2942 5448 plures
2974 5378 3050 5450 τῷ
3083 5376 3138 5430 δὲ
3169 5376 3286 5443 τήν.
3327 5372 3428 5425 11ιί-

1867 5459 1985 5526 dent
2012 5453 2161 5511 Coll).
2201 5466 2425 5526 quartus
2447 5453 2721 5523 ἀφείλατο.

1937 5525 2048 5597 (45)
2076 5511 2510 5597 Reg-secundus.
2564 5539 2687 5597 cum
2732 5521 2883 5597 Coll}:
2921 5519 3113 5597 quinto
3141 5511 3297 5597 capi
3320 5514 3420 5595 ὲπ-

1864 5580 2072 5662 ἑζεσεν.
2112 5580 2226 5649 Μ’ὁιι
2260 5597 2423 5650 editio
2454 5593 2629 5648 Paris.
2665 5580 3054 5662 ἀντιπάλῳῖἧν.
3082 5580 3240 5641 Deest
3271 5580 3336 5656 ἦν
3367 5583 3424 5655 in

1861 5659 1990 5721 mss.
2033 5668 2272 5722 Subinde
2301 5666 2430 5734 Reg.
2469 5665 2738 5720 secundus
2772 5659 2960 5734 εἴρηκέ
2991 5659 3063 5712 τι.

1929 5737 2040 5807 (4i)
2067 5737 2217 5792 Colb.
2275 5725 2545 5790 secundus
2591 5748 2710 5807 cum
2764 5725 2937 5807 altero
2983 5743 3103 5807 _m_s.
3149 5725 3417 5807 ἐϐοήθησρ

1857 5797 1966 5878 μοι.
2002 5797 2166 5878 Paulo
2197 5817 2314 5874 post
2347 5823 2478 5864 mss.
2515 5804 2680 5875 tresf}
2713 5801 2862 5876 φωνὴ
2895 5801 2950 5873 ἣν
2983 5798 3174 5878 Κύριεο
3209 5797 3348 5857 Eum
3377 5798 3411 5877 ἡ

1855 5877 2026 5952 φωνὴ,
2066 5877 2256 5950 Κύριε.
