4008 6402
533 446 638 503 3H

1884 445 1942 503 S.
1983 444 2226 500 BASlLIl
2268 445 2483 502 MAGNI

3670 440 3783 497 312

539 564 645 618 tico
679 564 841 619 statui
873 562 1144 618 convenit.
1187 559 1424 614 Clamnvi
1452 559 1521 611 ad
1559 569 1642 624 te,
1677 570 1724 612 et
1771 563 1976 614 sanasti
2003 578 2098 617 me.

2229 562 2302 614 ιαὶ
2329 563 2613 634 πρέπουσα
2632 563 2698 632 τῇ
2725 561 3035 630 προφητικῇ
3071 556 3414 610 καταστάσει.
3451 555 3784 623 Ἐκέκροξα

539 653 686 708 Nihil
718 653 1024 708 intercessit
1063 651 1222 706 medii
1254 651 1395 704 inter
1423 664 1606 704 vocem
1642 663 1817 703 meam
1861 659 1916 704 et
1959 660 2105 705 tuam

540 745 792 814 gratiam,
844 744 937 798 sed
986 742 1145 798 simul
1186 751 1347 810 atque
1391 741 1638 804 clamavi,
1690 738 1895 793 medela
1922 755 2106 794 acces-

541 838 632 890 sit.
668 836 854 888 Adhuc
883 835 1026 890 enim
1072 834 1308 902 loquente
1355 843 1403 885 te
1425 873 1440 896 ,
1472 833 1684 900 inquit,
1717 833 1933 897 dicant,
1972 831 2109 886 Ecce

543 931 728 983 adsum
757 930 821 981 ”.
864 926 1091 982 Proinde
1115 941 1302 994 magna
1340 939 1469 977 voce
1501 924 1644 992 loqui
1682 932 1896 993 oportet
1939 938 2061 978 eum
2090 964 2104 988 ,

543 1020 634 1089 qui
665 1021 827 1073 Deum
858 1026 1128 1086 precatur,
1160 1027 1220 1069 ut
1249 1015 1356 1069 cita
1383 1025 1743 1084 promptaque
1771 1015 1982 1068 sanatio
2015 1031 2112 1069 no-

545 1113 629 1165 bis
656 1111 948 1165 exoriatur.
986 1108 1149 1162 Vens.
1187 1107 1242 1161 4.
1273 1106 1527 1172 Domine,
1551 1106 1778 1159 eduxisti
1809 1106 1873 1159 ab
1903 1105 2110 1174 inferno

529 1202 778 1255 animum
807 1217 994 1254 meam.
1031 1199 1105 1252 De
1151 1199 1250 1252 hac
1291 1198 1574 1252 sanatione
1618 1199 1816 1268 gratias
1858 1199 1966 1253 Deo
2004 1198 2114 1265 agit

547 1291 614 1352 is,
641 1293 729 1360 qui
756 1290 1032 1344 descendit
1053 1289 1270 1358 quidem
1300 1303 1365 1342 ex
1395 1288 1711 1342 infirmitate
1739 1289 1788 1342 in
1819 1289 2110 1353 infernum,

547 1383 640 1437 sed
676 1393 961 1438 revocatur
999 1397 1064 1437 ex
1105 1380 1317 1434 inferno
1365 1396 1458 1450 per
1497 1381 1789 1450 potentiam
1833 1381 1972 1449 ejus,
2021 1384 2113 1450 qui

548 1490 644 1543 pro
674 1473 828 1528 nobis
860 1473 1052 1528 mortis
1083 1473 1380 1541 principem
1411 1487 1474 1526 ac
1508 1473 1903 1526 dominatorem
1945 1487 2114 1540 expu-

549 1565 749 1636 gnavit.
780 1565 1008 1619 Salvasti
1033 1582 1110 1618 me
1152 1583 1182 1618 a
1225 1565 1656 1620 descendentibus
1685 1565 1737 1617 in
1771 1569 1964 1618 lacum.
1999 1567 2114 1620 Sa:-

551 1639 844 1727 penumern
887 1656 1034 1711 lacus
1060 1656 1406 1710 nominantur
1434 1655 1808 1711 subterranea:
1837 1657 2016 1723 fosszn,
2050 1662 2114 1711 ad

551 1750 854 1804 vinctorum
881 1749 1185 1804 custodiam
1209 1748 1494 1817 adaptatae.
1524 1749 1616 1804 Sic
1638 1749 1781 1804 enim
1807 1751 2009 1804 dictum
2036 1762 2117 1805 est

553 1843 609 1897 in
637 1841 823 1896 Exodo
849 1860 861 1897 :
888 1842 932 1895 Α
960 1841 1301 1910 primogenita
1328 1837 1630 1906 Pharaonis
1656 1881 1672 1908 ,
1708 1857 1871 1911 usque
1913 1844 1982 1894 ad
2017 1843 2120 1911 pri-

555 1935 869 2004 mogenitum
900 1934 1141 2002 captivae,
1182 1949 1297 2002 qua
1333 1942 1445 1986 erat
1476 1933 1530 1984 in
1561 1933 1680 1986 lacu
1706 1933 1770 1988 “.
1813 1933 1917 1988 Sed
1948 1942 2002 1987 et
2026 1934 2108 1989 Je-
2155 1913 2192 1966 Β

556 2024 780 2079 remiam
808 2024 858 2077 in
889 2023 1065 2078 lacum
1105 2023 1442 2078 demiserunt
1473 2023 1552 2088 ²⁵;
1595 2033 1650 2078 et
1677 2022 1875 2094 Joseph
1912 2025 1964 2078 in
1998 2024 2119 2078 lacu

558 2130 753 2185 aquam
796 2130 900 2170 non
944 2114 1175 2169 habente
1219 2115 1415 2169 fratres
1473 2130 1584 2184 pra:
1631 2115 1829 2169 invidia
1885 2115 2120 2172 incluse-

558 2217 688 2261 runt
714 2207 779 2259 ³⁸.
809 2206 995 2275 Itaque
1025 2207 1168 2260 actio
1199 2205 1452 2274 qualibet
1493 2215 1588 2260 aut
1620 2221 1716 2260 nos
1744 2217 1966 2275 peccato
1999 2223 2121 2277 gra-

558 2308 712 2353 vatos
741 2298 807 2353 ad
831 2297 1086 2352 inferiora
1116 2298 1388 2366 deprimit,
1413 2307 1505 2350 aut
1533 2311 1631 2351 nos
1655 2297 1808 2365 quasi
1838 2298 2029 2366 pennis
2059 2300 2124 2352 ad

563 2389 728 2443 Deum
774 2387 943 2442 elatos
981 2389 1047 2442 ad
1087 2386 1368 2456 superiora
1415 2387 1615 2441 evehit.
1652 2386 1735 2441 Me
1781 2387 1943 2456 igitur
1978 2387 2127 2457 prius

559 2479 723 2533 vitam
760 2477 999 2546 iniquam
1033 2487 1278 2547 agentem
1318 2479 1571 2541 servasti,
1607 2486 1773 2546 atque
1818 2493 1848 2530 a
1897 2479 2124 2533 descen-

561 2569 812 2624 dentibus
847 2569 900 2623 in
941 2570 1286 2624 tenebrosum
1320 2584 1382 2624 ac
1430 2567 1683 2639 frigidum
1727 2569 1902 2625 locum
1947 2571 2128 2640 sejun-

562 2663 708 2718 xisti.
739 2662 971 2732 ldipsum
1008 2663 1170 2732 igitur
1202 2661 1539 2730 significatur
1569 2661 1748 2717 verbis
1774 2662 1903 2727 illis,
1941 2662 2129 2718 Susce-

560 2759 685 2828 pisti
720 2775 832 2824 me;
864 2760 965 2813 hoc
988 2768 1092 2823 est,
1123 2759 1404 2813 Reduxisti
1437 2773 1520 2814 me
1552 2775 1579 2813 a
1617 2758 1823 2814 ferente
1847 2775 1933 2815 me
1969 2761 2128 2816 deor-

565 2866 684 2905 sum
719 2851 941 2919 impetu,
961 2861 1020 2904 ut
1046 2865 1112 2905 ne
1137 2850 1438 2906 delectandi
1457 2851 1524 2906 de
1549 2868 1633 2908 me
1651 2853 1869 2908 occasio
1898 2853 2133 2910 inimicis

565 2941 802 2997 daretur.
821 2939 974 3008 Quod
1000 2943 1163 3012 igitur
1177 2943 1305 2998 alibi
1325 2943 1403 2998 ait
1427 2962 1439 2998 :
1467 2945 1570 3009 Qui
1583 2946 1800 3014 perfecit
1823 2949 1978 3014 pedes
1994 2962 2133 3000 meos

566 3044 816 3105 tanquam
837 3035 994 3099 cervi,
1028 3046 1074 3089 et
1097 3052 1252 3104 super
1273 3038 1475 3090 excelsa
1493 3047 1729 3092 statuens
1755 3056 1835 3092 me
1861 3039 1904 3070 "
1927 3057 1942 3104 ;
1966 3039 2016 3092 id
2045 3041 2134 3096 hic

566 3127 796 3182 reditum
814 3128 880 3181 ad
898 3126 1130 3192 excelsa,
1151 3127 1516 3184 liberationem
1537 3145 1564 3182 a
1589 3129 1704 3184 lacu
1716 3132 2138 3200 susceptionem-

567 3234 674 3286 que
699 3219 949 3289 appellat.
983 3219 1145 3276 Vens.
1177 3219 1229 3274 5.
1261 3218 1482 3275 Psallite
1526 3221 1769 3288 Domino,
1798 3224 1968 3277 sancti
1993 3225 2130 3294 ejus.

569 3309 685 3366 Non
711 3314 962 3368 continuo
983 3313 1025 3366 si
1061 3313 1329 3382 quispiam
1362 3313 1550 3384 psalmi
1581 3315 1740 3369 verba
1780 3329 1874 3370 ore
1909 3319 2131 3386 profert,

569 3402 658 3457 hic
683 3403 906 3458 Domino
925 3404 1105 3474 psallit
1136 3424 1148 3460 :
1175 3406 1268 3460 sed
1293 3407 1601 3475 quicunque
1623 3421 1688 3460 ex
1712 3421 1845 3475 puro
1867 3409 2029 3462 corde
2051 3407 2139 3462 de-

573 3504 824 3564 promunt
845 3496 1219 3566 psalmodiam,
1249 3498 1405 3568 127
1425 3507 1480 3552 et
1500 3507 1762 3568 quotquot
1791 3507 1916 3553 sunt
1939 3499 2134 3564 sancti,

571 3584 664 3652 qui
686 3599 810 3656 erga
845 3587 1008 3641 Deum
1031 3599 1249 3643 servant
1271 3589 1560 3657 justitiam,
1585 3590 1620 3644 ii
1645 3591 1699 3644 in
1730 3590 1996 3659 rhythmis
2024 3592 2136 3660 spi-

575 3669 860 3726 ritualibus
909 3675 1176 3730 concinno
1234 3675 1426 3730 ordine
1472 3677 1704 3746 psallere
1747 3677 1856 3731 Deo
1893 3686 2135 3746 possunt.

575 3762 714 3827 Quot
743 3762 1119 3832 fornicatores,
1145 3777 1278 3836 quot
1313 3766 1461 3822 fures
1484 3768 1574 3822 hic
1615 3768 1802 3822 stant?
1844 3768 1985 3834 Quot
2013 3779 2140 3823 sunt

575 3853 666 3922 qui
693 3853 871 3908 dolum
897 3871 959 3911 ac
980 3859 1318 3914 mendacium
1341 3863 1394 3914 in
1417 3859 1580 3914 corde
1603 3859 2140 3914 abscondunt?Psal-

577 3943 688 3999 lere
721 3948 935 4014 quidem
976 3960 1250 4020 putantur,
1281 3965 1470 4005 revera
1512 3960 1693 4005 autem
1727 3966 1830 4005 non
1881 3949 2140 4020 psallunt.

583 4036 841 4090 Sanctum
863 4039 1005 4092 enim
1039 4043 1106 4094 ad
1130 4039 1366 4109 psalmos
1392 4041 1754 4095 concinendos
1787 4055 1967 4094 sermo
2001 4040 2140 4093 invi-

585 4135 680 4180 tat.
715 4125 835 4182 Non
869 4140 1033 4198 potest
1065 4134 1224 4186 arbor
1254 4131 1396 4187 mala
1441 4133 1600 4187 bonos
1642 4133 1846 4202 [ructus
1876 4131 2050 4200 facere
2079 4131 2147 4197 ’⁸,

585 4234 758 4289 υθίιυθ
790 4239 883 4276 cor
917 4225 1116 4279 malum
1160 4227 1281 4280 vitae
1322 4227 1486 4282 verba
1531 4226 1790 4296 proferre.
1822 4223 2010 4278 Facite
2041 4225 2147 4278 ita-

583 4327 681 4378 que
714 4321 954 4368 arborem
993 4317 1201 4381 bonam,
1240 4329 1287 4371 et
1320 4318 1527 4386 [ructus
1560 4318 1675 4386 ejus
1714 4318 1875 4370 bonos
1906 4315 1971 4374 ”.
2011 4315 2148 4370 Pur-

2205 652 2356 718 πρὸς
2389 650 2484 717 σὲ,
2538 652 2635 705 καὶ
2682 649 2828 704 ἰάσω
2871 666 2966 719 με.
3017 648 3181 701 Οὐδὲν
3227 647 3441 716 ἐγένετο
3475 647 3637 716 μέσον
3680 648 3782 715 τῆς

2207 743 2345 812 ἐμῆς
2388 743 2569 812 φωνῆς
2603 741 2821 811 καὶτῆς
2851 741 2950 810 σῆς
2987 741 3234 810 χάριτος,
3263 738 3377 791 ἀλλ’
3405 738 3539 808 ὁμοῦ
3571 756 3632 790 τε
3659 739 3784 791 τεκέ-

2210 833 2406 906 κραξα,
2439 834 2532 886 καὶ
2564 831 2866 904 προσῆλθεν
2894 834 2926 902 ἠ
2961 833 3122 894 ἴασις.
3157 832 3276 882 Ἔτι
3303 829 3411 900 γάρ
3438 829 3785 892 λαλοῦντός

2208 943 2342 990 σου,
2391 927 2572 998 φησὶν,
2604 926 2733 994 ἐρῶ·
2789 925 2931 980 Ἰδοὺ
2985 924 3237 993 πάρειμι.
3280 922 3504 991 Μεγάλα
3561 918 3656 975 οὖν
3706 921 3787 973 δεῖ

2164 1084 2179 1096 _
2210 1019 2536 1089 φθέγγεσθαι
2585 1019 2873 1090 εὐχόμενον
2899 1016 2976 1087 τῷ
3001 1016 3139 1087 Θεῷ,
3173 1018 3259 1070 ἵνα
3286 1020 3476 1085 ταχεῖα
3509 1017 3643 1085 ἡμῖν
3687 1015 3788 1066 ἑπ-

2210 1112 2462 1184 ανατείλῃ
2488 1113 2598 1182 (45)
2624 1114 2656 1182 ἡ
2682 1112 2841 1174 ἴασις.
2863 1112 3058 1179 Κύριε,
3083 1109 3376 1179 ἀνήγαγες
3393 1109 3461 1172 ἐξ
3489 1107 3638 1173 ᾅδου
3667 1104 3786 1170 τὴν

2211 1201 2420 1271 ψυχήν
2445 1220 2583 1271 μου.
2613 1202 2746 1274 Περὶ
2767 1200 2972 1272 ταύτης
3001 1200 3099 1270 τῆς
3137 1201 3328 1263 ἰάσεως
3367 1200 3684 1268 εὐχαριστεί
3707 1194 3788 1265 τῷ

2211 1295 2330 1366 Θεῷ
2353 1299 2381 1349 ό
2413 1294 2686 1349 κατελθὼν
2717 1295 2814 1366 μὲν
2846 1295 2904 1362 ἐξ
2930 1295 3208 1358 ἀσθενείας
3235 1296 3312 1357 εἰς
3339 1293 3491 1364 ᾅδην,
3526 1290 3786 1360 ἁναχθεξ

2213 1387 2269 1440 δὲ
2302 1386 2407 1441 ἀπὸ
2439 1386 2533 1440 τοῦ
2577 1387 2703 1458 ᾇδου
2729 1386 2818 1440 διὰ
2853 1389 2950 1457 τῆς
2988 1385 3266 1457 δυνάμεως
3310 1383 3403 1438 τοῦ
3447 1384 3588 1454 ὑπὲρ
3629 1382 3788 1453 ἡμῶν

2215 1478 2716 1540 καταπαλαίσαντος
2751 1477 2840 1530 τὸν
2873 1476 2934 1530 τὸ
2962 1477 3162 1548 κράτος
3186 1476 3375 1547 ἔχοντα
3407 1475 3498 1528 τοῦ
3528 1475 3787 1528 θανάτου.

2220 1567 2498 1633 Ἔσωσὰς
2516 1586 2592 1638 με
2629 1568 2747 1622 ἀπὸ
2774 1567 2892 1622 τῶν
2913 1569 3387 1621 καταϐαινόντων
3417 1569 3505 1632 εἰς
3531 1565 3787 1619 λάκκον.

2217 1661 2490 1731 Πολλαχοῦ
2548 1661 2646 1730 μὲν
2701 1662 2750 1713 οἱ
2801 1661 2992 1715 λάκκοι
3038 1659 3389 1731 ὀνομάζονται
3437 1658 3508 1710 τά
3557 1657 3792 1724 ὑπόγεια

2217 1751 2523 1823 ὀρύγματα,
2575 1753 2653 1814 εἰς
2715 1750 2961 1822 φυλακὴν
3017 1751 3251 1821 δεσμίων
3302 1749 3789 1820 ὲπιτετηδευμένα.

2221 1844 2376 1897 Οὕτω
2402 1844 2511 1915 γάρ
2542 1845 2754 1915 εἴρηται
2785 1846 2842 1898 ὲν
2873 1847 2938 1916 τῇ
2985 1843 3198 1914 Ἐξόδῳ·
3241 1842 3381 1896 Ἀπὸ
3414 1842 3795 1910 πρωτοτόκου

2223 1937 2430 2006 Φαραὼ
2450 1937 2561 2003 ἕως
2580 1939 2958 2006 πρωτοτόκου
2986 1936 3096 2005 τῆς
3121 1933 3553 2006 αὶχμαλωτίδος
3581 1932 3696 2001 τῆς
3727 1934 3797 1986 ἐν

2222 2028 2302 2094 τῷ
2331 2029 2551 2095 λάκκῳ.
2593 2027 2752 2081 Ἀλλὰ
2786 2027 2998 2082 καὶτὸν
3037 2027 3302 2098 Ἰερεμίαν
3347 2027 3426 2089 εἰς
3469 2025 3672 2078 λάκκον
3707 2027 3796 2077 ἐν·

2224 2122 2446 2176 ἑϐαλον·
2490 2123 2584 2175 καὶ
2611 2122 2702 2175 τὸν
2745 2120 2939 2191 Ἰωσὴφ
2972 2119 3077 2173 ὑπὸ
3106 2119 3199 2172 τοῦ
3248 2119 3440 2189 φθόνου
3483 2120 3532 2170 οἱ
3577 2115 3799 2183 ἀδελφοὶ

2224 2215 2410 2285 λάκκῳ
2441 2213 2826 2268 ὲναπέκλεισαν
2869 2213 3011 2285 ὕδωρ
3053 2212 3126 2284 μὴ
3171 2211 3364 2282 ἔχοντι.
3421 2210 3663 2280 Ἐκάστη
3700 2205 3797 2261 οὖν

2228 2307 2424 2380 πρᾶξις
2471 2307 2504 2378 ῆ
2553 2308 2644 2360 ἐπὶ
2691 2306 2760 2360 τὰ
2806 2306 2955 2359 κάτω
3003 2306 3150 2376 ἡμᾶς
3189 2303 3438 2372 κατάγει,
3487 2300 3800 2373 βαρύνοδσα

2229 2401 2372 2470 ἡμᾶς
2397 2397 2504 2467 (46)
2527 2396 2614 2449 διὰ
2647 2397 2744 2466 τῆς
2772 2395 3063 2466 ἁμαρτίας,
3090 2393 3122 2464 ἢ
3170 2395 3261 2446 ἐπὶ
3291 2393 3356 2446 τὰ
3383 2393 3494 2447 ἄνω
3526 2391 3798 2459 κουφίζει,

2229 2488 2504 2559 πτεροῦσα
2527 2489 2672 2558 ἡμᾶς
2699 2488 2831 2557 πρὸς
2854 2487 2943 2539 τὸν
2971 2486 3124 2539 Θεόν.
3157 2486 3403 2547 Ἔσωσας
3427 2479 3520 2537 οὗν
3542 2484 3565 2535 ὲ
3575 2483 3645 2553 μὲ
3668 2481 3802 2550 πρός

2229 2599 2385 2653 τερον
2412 2582 2538 2635 ὄντα
2567 2582 2623 2634 ὲν
2672 2580 2771 2651 βίῳ
2805 2579 3048 2650 πονηρῷ,
3081 2579 3319 2650 χωρίσας
3357 2577 3464 2630 ἀπὸ
3493 2577 3603 2629 τῶν
3636 2593 3802 2628 κατα-

2234 2673 2524 2727 ϐαινόντων
2572 2674 2649 2734 εἰς
2693 2673 2783 2723 τὸν
2821 2672 3201 2740 ὲσκοτισμὲνον
3249 2670 3342 2722 καὶ
3389 2668 3803 2738 κατεψυγμένον

2231 2766 2410 2819 τόπον.
2452 2764 2620 2816 Τοῦτο
2641 2757 2732 2816 οὖν
2761 2764 2876 2815 ἐστι
2906 2762 2985 2827 τὸ,
3029 2761 3341 2828 ’Υπέλαόές
3363 2779 3438 2830 με
3459 2777 3472 2790 ·
3502 2761 3804 2823 τουτέστιν,

2247 2856 2618 2929 Ἐπανήγαγές
2651 2873 2717 2926 με
2741 2854 2849 2908 άπὸ
2874 2857 2970 2925 τῆς
3001 2856 3079 2918 εἰς
3109 2854 3169 2907 τὸ
3211 2854 3358 2907 κάτω
3391 2854 3583 2924 φορᾶς,
3624 2852 3700 2914 ὡς
3731 2851 3806 2922 μὴ

2234 2951 2414 3005 δοῦναι
2454 2950 2642 3020 καιρὸν
2681 2947 3120 3019 ὲπευφρανθῆναί
3163 2964 3250 3017 μοι
3283 2947 3406 3010 τοὺς
3447 2945 3695 3017 ἐχθρούς.
3741 2948 3805 2997 Ὂ

2235 3040 2326 3098 οὖν
2355 3041 2586 3113 ἀλλαχοῦ
2616 3043 2834 3114 εἴρηκεν
2852 3082 2866 3106 ,
2893 3041 2974 3093 ὅτι
3010 3037 3497 3108 Καταρτιζόμενος
3527 3039 3669 3103 τοὺς
3700 3040 3807 3090 πό-

2236 3134 2346 3198 δας
2387 3150 2505 3202 ,μου
2540 3131 2682 3184 ὡσεὶ
2713 3131 2964 3200 ἐλάφου,
3000 3129 3098 3183 καὶ
3131 3129 3228 3182 ἐπὶ
3261 3129 3334 3182 τὰ
3373 3127 3580 3196 ὑψηλὰ
3622 3125 3809 3180 ἱστῶν

2161 3269 2206 3328 C
2232 3244 2308 3297 με
2354 3227 2486 3296 (47),
2521 3225 2618 3295 τὴν
2665 3227 2745 3289 εἰς
2783 3224 2848 3278 τὰ
2882 3223 3061 3294 ὑψηλὰ
3095 3222 3352 3277 ἐπάνοδον
3392 3221 3594 3274 λάκκου
3632 3220 3807 3274 ἀπαλ-

2236 3319 2404 3390 λαγὴν
2429 3319 2522 3370 καὶ
2550 3316 2820 3386 ὑπόληψιν
2843 3314 3118 3386 ὀνομάζει.
3158 3313 3394 3367 Ψὰλατε
3419 3311 3496 3376 τῷ
3517 3312 3731 3380 Κυρίῳ,
3758 3314 3810 3361 cl

2237 3412 2390 3465 ὅσιοι
2412 3410 2617 3464 αὑτοῦ.
2649 3409 2763 3463 Οὐκ
2786 3409 2941 3472 εἴτις
2973 3407 3050 3478 τῷ
3081 3407 3308 3477 στόματι
3339 3406 3595 3475 προφέρει
3625 3405 3692 3456 τὰ
3715 3402 3811 3456 τοῦ

2235 3503 2446 3575 ψαλμοῦ
2484 3504 2721 3573 ῥήματα,
2761 3497 2916 3564 οὗτος
2947 3499 3138 3570 ψάλλει
3171 3498 3249 3568 τῷ
3292 3497 3510 3569 Κυρίῳ·
3545 3496 3662 3549 ἀλλ’
3693 3497 3812 3548 ὅσοι

2239 3595 2346 3650 ἀπὸ
2378 3594 2600 3665 καρδίας
2641 3594 2886 3665 καθαρᾶς
2927 3593 3312 3664 ἁναπὲμπουσι
3343 3589 3440 3653 τὰς
3467 3588 3811 3658 ψαλμῳδίας,

2245 3688 2339 3741 καὶ
2367 3687 2479 3739 ὅσοι
2506 3686 2643 3740 εἰσὶν
2673 3688 2830 3751 ὅσιοι,
2868 3683 3130 3749 σώζοντες
3160 3672 3258 3755 τὴν
3289 3683 3423 3755 πρὸς
3450 3681 3578 3734 Θεὸν
3609 3681 3816 3734 δικαιο-

2249 3779 2434 3850 σύνην,
2465 3773 2610 3833 οὗτοι
2640 3777 2750 3848 (48)
2779 3777 3031 3831 δύνανται
3073 3776 3294 3846 ψάλλειν
3341 3774 3419 3846 τῷ
3445 3772 3563 3844 Θεῷ
3585 3777 3701 3835 τοῖς
3731 3775 3817 3842 ρ)-

2247 3870 2402 3940 θμοῖς
2434 3871 2544 3932 τοῖς
2574 3871 2962 3939 πνευματικοῖς
2993 3866 3341 3938 ἁρμοζόντως
3373 3861 3812 3922 ἀκολουθοῦντες.

2248 3963 2409 4014 Πόσοι
2439 3961 2546 4013 ἀπὸ
2575 3961 2685 4029 (49)
2717 3959 2972 4029 πορνείας
3001 3960 3218 4012 ἑστᾶσιν
3248 3955 3498 4019 ἐνταῦθα,
3524 3955 3682 4008 πόσοι
3710 3952 3820 4004 ἀπὸ

2253 4049 2484 4120 κλοπῆςῑ
2510 4053 2662 4103 πόσοι
2695 4049 2864 4112 δόλον,
2898 4049 3050 4101 πόσοι
3075 4047 3424 4117 ψευδολογίαν
3453 4047 3510 4098 ἐν
3540 4046 3662 4106 ταῖς
3690 4059 3821 4110 καρο

2253 4142 2390 4205 δίαις
2419 4141 2781 4212 κρύπτοντεςε
2818 4140 3052 4195 Ψάλλειν
3085 4141 3314 4206 οἴονται,
3356 4141 3422 4210 τῇ
3467 4134 3693 4206 ἀληθεία
3745 4133 3822 4202 μὴ

2253 4235 2564 4305 ψάλλοντες.
2603 4235 2787 4287 Ὅσιον
2825 4235 2933 4306 γὰρ
2961 4234 3116 4288 καλεῖ
3144 4233 3279 4305 πρὸς
3315 4228 3684 4301 ψαλμολογίαν
3703 4227 3822 4296 (50)

2257 4327 2286 4377 ὁ
2315 4324 2486 4394 λόγος.
2524 4327 2605 4379 Οὐ
2651 4324 2893 4378 δύναται
2940 4323 3189 4393 δένδρον
3238 4323 3502 4391 πονηρὸν
3553 4318 3823 4387 καρποὺς

587 4417 711 4473 gate
743 4409 904 4464 corda
937 4419 994 4464 ut
1025 4411 1076 4465 in
1108 4413 1302 4482 Spiritu
1345 4412 1578 4468 fructum
1614 4413 1820 4480 feratis,
1853 4420 1906 4468 et
1931 4412 2128 4481 possiti

2261 4417 2520 4486 ἀγαθοὺς
2548 4417 2757 4483 ποιεῖν,
2788 4419 2907 4472 οὐδὲ
2951 4417 3148 4490 καρδία
3189 4415 3396 4486 πονηρὰ
3435 4415 3652 4486 ῥήματα
3679 4409 3827 4479 ζωῆς

588 4501 760 4557 sancti
796 4504 1000 4570 ell'ecti,
1037 4506 1332 4575 prudenter
1361 4507 1588 4562 Domino
1618 4507 1871 4576 psallere.

2262 4509 2562 4562 ἐκϐάλλειν.
2594 4510 2895 4576 Ποιήσατε
2925 4505 3039 4564 οὖν
3067 4507 3134 4562 τὸ
3182 4507 3432 4576 δένδρον
3474 4504 3684 4562 καλὸν,
3725 4502 3824 4553 καὶ

586 4597 730 4663 τοὺς
761 4601 1026 4668 καρποὺς
1055 4603 1240 4657 αὐτοῦ
1274 4605 1518 4669 καλούς.
1551 4601 1844 4673 Καθάρατε
1889 4599 1986 4664 τὰς
2026 4600 2267 4673 καρδίας,
2336 4605 2423 4659 ἵνα
2489 4607 2870 4677 καρποφορῆτε
2935 4603 3013 4674 τῷ
3056 4602 3344 4673 πνεύματι,
3411 4601 3503 4653 καὶ
3539 4595 3825 4666 δυνηθῆτε,

586 4695 722 4749 ὅσιοι
755 4697 1056 4767 γενόμενοι,
1082 4697 1302 4766 ψάλλειν
1338 4698 1574 4762 συνετῶς
1599 4697 1674 4769 τῷ
1703 4697 1910 4767 Κυρίῳ.
2009 4723 2014 4730 ι

661 4786 715 4843 4.
757 4785 826 4840 Et
869 4790 1190 4856 conﬁtemini
1226 4792 1488 4846 memoria:
1531 4791 1830 4844 sanctitatis
1867 4790 2002 4857 ejus.
2038 4787 2150 4843 Non

2329 4786 2381 4842 4.
2421 4785 2531 4840 Καὶ
2574 4783 3028 4854 ἐξομολογεῖσθε
3059 4779 3132 4850 τῇ
3171 4778 3378 4850 μνήμῃ
3424 4775 3532 4843 τῆς
3575 4773 3830 4844 ἁγιωσύ-

668 4970 714 5002 ²³
742 4969 845 5024 lsa.
876 4984 1024 5033 LVIII,
1052 4971 1105 5024 9.
1180 4971 1228 5002 "
1254 4970 1426 5036 Exod,
1451 4986 1548 5036 xu,
1573 4970 1664 5025 29.
1741 4970 1786 5002 “
1807 4967 2007 5025 Jerem.
2030 4981 2256 5033 nxvttt,
2279 4965 2333 5020 6.
2407 4967 2452 4997 "
2475 4964 2610 5020 Gen.
2641 4961 2952 5030 xxxvn,24.
3029 4957 3486 5023 "Psal.xvtt,34.
3561 4956 3608 4987 ³⁸
3636 4953 3824 5008 Matth.

596 5057 692 5110 vn,
725 5041 814 5097 18.
888 5042 932 5073 ²⁹
965 5041 1155 5099 Matth.
1188 5059 1286 5111 xu,
1311 5043 1400 5100 33.

691 5219 781 5289 45)
805 5217 1024 5289 Legitur
1049 5217 1102 5272 in
1125 5218 1335 5274 duobus
1367 5233 1498 5273 mss.
1524 5215 1880 5287 ἐπανατέλλῃ.

669 5222 782 5366 ίιθ)
816 5291 1038 5366 Editi‘et
1092 5289 1332 5366 nonnulli
1369 5305 1498 5343 tnss.
1527 5287 1840 5366 papa-voveat
1871 5303 1880 5337 ι

2271 5209 2578 5280 ἐγγίζοντες
2611 5209 2675 5279 τῇ
2701 5206 2836 5279 πρὸς
2861 5203 2993 5280 Θεὸν
3019 5201 3350 5280 δικαιοσύνῃ,
3379 5194 3545 5280 aliaat,
3575 5210 3682 5280 etc.
3725 5199 3830 5254 Sed

816 5272 954 5344 Eiliti
983 5272 1038 5344 et
1092 5272 1332 5344 nonnulli
1369 5272 1498 5343 tnss.
1527 5272 2037 5360 βαριξνουσῷὴμᾶς·
2070 5299 2126 5338 se

2271 5272 2364 5352 qui
2396 5272 2460 5334 ex
2489 5272 3154 5360 corde'pu'roaepro‘munt
3185 5272 3553 5355 psalmodiam.
3593 5279 3645 5350 et
3679 5281 3834 5335 quot-

599 5357 941 5446 deestjuac'
964 5361 1016 5415 in
1054 5360 1244 5446 majpri
1277 5368 1428 5442 parte
1462 5357 1914 5446 iszlllox‘liegn.
1961 5369 2163 5446 secuti:

597 5437 699 5490 dus
730 5428 980 5494 Ἐ’σωσάς
1030 5447 1096 5502 με
1129 5428 1222 5483 οὖν
1267 5428 1529 5501 πρότερον

601 5522 734 5574 πονη
745 5522 840 5576 Ρῳέ

675 5566 804 5645 (Η)
833 5573 1010 5627 Editio
1049 5571 1219 5626 Paris.
1251 5571 1441 5645 ἐπὶ-τά
1481 5569 1588 5645 ἴξψη
1625 5585 1691 5640 με
1721 5566 1902 5645 ίστῶν.
1941 5567 2010 5630 At
2041 5581 2170 5645 mss.

2272 5341 2394 5420 quot
2429 5361 2546 5406 sunt
2572 5341 2707 5419 justi
2738 5349 2824 5416 qui
2855 5349 2924 5398 ad
2965 5345 3085 5420 Qei__
3090 5343 3354 5420 justitiam
3387 5341 3833 5420 appropinquant,

1581 5427 1710 5482 ὅντα
1752 5429 1810 5479 ὲν
1961 5425 2060 5496 βίῳ
2091 5441 2128 5476 τι

2276 5409 2352 5483 hi.
2385 5409 2800 5496 cjtc.Alit1uanto
2832 5425 2952 5486 post
2976 5409 3125 5470 Colb.
3157 5409 3427 5469 secundus
3471 5409 3701 5480 ῥυθμοῖς
3738 5410 3835 5463 τοῦ

2277 5491 2606 5562 πνεύματος.

2351 5549 2463 5633 (49)
2503 5549 2691 5633 ξΕίιίιῑο
2722 5556 2909 5633 _Paris.
2975 5553 3130 5607 πόσοι
3183 5553 3239 5605 δὲ
3450 5549 3584 5633 “sed
3645 5550 3837 5633 v'ocul-a

610 5620 815 5712 sep-tein
833 5620 1006 5696 Eii}?
1036 5620 1456 5712 c’oiii'éim'j'né'c
1489 5620 1588 5696 ita.
1625 5620 1793 5695 inulto
1841 5648 1961 5709 post
1985 5628 2174 5706 aliqui
2278 5632 2335 5685 δέ
2355 5620 2469 5712 non
2492 5630 2697 5712 legitur
2721 5627 2885 5712 inser
2929 5640 3085 5712 mss,
3114 5638 3285 5712 ireque
3400 5621 3638 5712 editione
3654 5620 3835 5712 East-li

607 5731 737 5769 mss.
777 5713 1073 5784 προσφέρει
1098 5711 1186 5784 τά.

681 5784 790 5848 (48)
815 5777 966 5836 Colb.
993 5777 1260 5836 secundus
1285 5782 1399 5836 ἀλλ’
1435 5785 1484 5838 οἳ
1524 5783 1631 5837 ἀπὸ
1662 5779 1885 5851 καρδίας
1927 5777 2172 5851 καθαρᾶς

2347 5700 2458 5771 (50)
2492 5687 2636 5771 nég,
2677 5698 2867 5771 tertius
2915 5687 3436 5771 πρὸςψαλμῷδίαν.
3482 5690 3590 5771 l\_'ec
3621 5687 3840 5771 _pro_cul

2276 5760 2409 5837 Reg.
2440 5760 2710 5824 secundus
2759 5760 3126 5838 καθαρίσατε,’
3160 5760 3383 5838 εοὶίῖιε,
3411 5773 3468 5819 ιιι
3507 5761 3673 5818 lectio
3707 5760 3836 5824 alia.

611 5835 1116 5923 ἀναπέμπουσιτὰς
1147 5835 1494 5925 ψαλμῳδίαςνο
1530 5835 1632 5907 καὶ
1686 5835 1799 5907 δέοι
1847 5835 1949 5906 eici.
1978 5835 2128 5904 δικάυ

2276 5835 2573 5916 καθάρατε,
2606 5839 2661 5898 in
2680 5835 2922 5910 margine
2951 5837 3183 5907 ascripta
3209 5835 3300 5892 sit.
