4008 6402
225 374 331 429 315

1352 374 1633 431 HOMILIA
1672 372 1738 426 IN
1779 373 2103 432 PSALMUM
2145 376 2337 431 XXIX.

3355 375 3464 434 3M-

224 513 341 562 γης
383 496 583 549 αὑτοῦ.
619 497 731 550 Ούκ
763 493 933 563 εἶπεν,
968 498 1397 569 Ἐξομολογεῖσθε
1429 503 1493 570 τῇ
1524 498 1797 569 ἁγιωσύνῃ

1904 499 2057 564 dixit,
2095 498 2437 553 Confitemini
2493 499 2765 553 sanctitati
2819 498 2967 567 ejus,
3010 498 3140 563 sed,
3192 498 3461 553 Memoria

227 588 416 651 αὑτοῦ,
458 587 621 653 ἀλλὰ,
670 588 745 657 Τῇ
789 592 994 661 μνήμῃ
1039 590 1147 659 τῆς
1194 590 1532 660 ἁγιωσύνης
1576 589 1791 643 αὐτοῦ’

226 680 523 746 τουτέστιν,
572 681 969 753 Εύχαριστεῖτε.
1022 684 1085 735 'H
1128 680 1235 750 γάρ
1282 680 1659 751 ἐξομολόγησις
1709 682 1793 732 ἐν-

227 772 401 825 ταῦθα
446 773 566 826 ἀντὶ
615 773 961 843 εὐχαριστίας
1010 772 1364 844 λαμϐάνεται.
1412 773 1795 842 Εὐχαριστεῖτε

225 863 347 925 οὖν,
383 865 465 919 ὅτι
508 866 565 917 ἐν
602 866 788 935 μνήμη
824 865 921 934 τῆς
952 864 1259 936 ἁγιωσύνης
1306 865 1470 917 αὐτοῦ
1516 863 1792 931 ἐγένεσθε·

229 956 282 1008 οἳ
313 955 593 1027 πρότερον,
632 956 719 1009 διά
762 956 820 1010 τὸ
865 955 1187 1027 ἐμϐαθύνειν
1222 958 1288 1026 τῇ
1323 957 1509 1026 κακίᾳ,
1554 957 1645 1009 καὶ
1678 958 1797 1017 ταῖς

230 1048 590 1119 ἁκαθαρσίαις
637 1049 735 1118 τῆς
790 1048 988 1118 σαρκὸς
1054 1047 1447 1118 ἐμμολύνεσθαι
1516 1046 1663 1117 (5i),
1718 1049 1795 1108 είς

231 1138 403 1209 λήθην
435 1137 623 1207 ήλθετε
668 1137 766 1207 τῆς
798 1135 1106 1205 ἁγιωσύνης
1147 1135 1239 1188 τοῦ
1283 1136 1602 1204 ποιήσαντος
1631 1135 1793 1203 ὑμᾶς.

243 1229 414 1298 ’Υπὲρ
448 1225 539 1280 οὖν
565 1227 657 1280 τοῦ
700 1226 988 1297 ὲξιλασμοῦ
1018 1226 1124 1279 τῶν
1167 1226 1586 1297 ἡμαρτημένων,
1621 1225 1799 1295 ἐξομο-

231 1320 473 1389 λογεῖσθε
510 1322 636 1389 περὶ
661 1319 767 1372 τῶν
789 1320 887 1389 ούχ
916 1318 1081 1387 ὑγιῶς
1115 1320 1241 1389 ὑμῖν
1266 1317 1795 1389 προπεπραγμένων.

233 1414 357 1465 Ὅτι
385 1411 527 1480 ὀργὴ
557 1412 626 1463 ἐν
651 1410 731 1475 τῷ
763 1411 925 1479 θυμῷ
972 1410 1179 1472 αὑτοῦ,
1217 1410 1312 1463 καὶ
1352 1408 1459 1477 ζωὴ
1494 1410 1561 1461 ἐν
1598 1407 1675 1472 τῷ
1703 1410 1797 1460 θε-

230 1500 453 1568 λήματι
481 1497 686 1551 αὐτοῦ.
713 1499 982 1569 Πρότερον
1017 1494 1136 1551 εἶπε
1167 1498 1228 1551 τὸ
1260 1498 1600 1567 σκυθρωπὸν,
1629 1497 1797 1569 ὀργὴν

233 1592 295 1641 ὲν
340 1590 418 1660 τῷ
469 1588 624 1660 θυμῷ
660 1589 753 1641 τοῦ
806 1589 974 1641 Θεοῦο
1026 1586 1147 1643 εἶτα
1190 1589 1249 1642 τὸ
1297 1589 1663 1661 φαιδρότερον,
1703 1588 1801 1659 τὴν

235 1683 379 1754 ζωὴν
410 1686 466 1736 ἐν
508 1682 585 1753 τῷ
618 1683 876 1752 θελήματι
910 1682 1093 1736 αὐτοῦ.
1129 1684 1283 1745 Δοκεῖ
1312 1682 1628 1751 ταυτολογία
1661 1676 1799 1734 εἷναι

232 1778 347 1837 τοῖς
393 1774 467 1845 μὴ
513 1774 825 1844 δυναμένοις
855 1774 952 1844 τῆς
996 1772 1276 1844 ἀκριϐείας
1320 1774 1424 1827 τῶν
1471 1772 1801 1845 σημαινομέ-

1898 590 2193 643 sanctitatis
2230 586 2343 659 ejus
2372 603 2391 641 :
2428 590 2531 644 hoc
2573 599 2678 655 est,
2719 589 2936 643 Gratias
2981 592 3140 660 agile.
3183 591 3461 645 Confessio

1896 695 2130 751 namque
2176 681 2263 736 hic
2296 696 2394 751 pro
2426 682 2719 750 gratiarum
2759 681 2971 735 actione
3004 681 3283 748 accipitur.
3326 680 3460 734 Gra-

1904 775 2009 829 tias
2040 775 2203 844 igitur
2239 774 2399 844 agite,
2434 773 2572 843 quod
2614 772 2666 825 in
2704 772 2963 827 memoria
2998 772 3299 826 sanctitatis
3340 770 3454 840 ejus

1898 867 2018 921 sitis
2048 884 2061 920 :
2094 867 2185 937 qui
2227 866 2401 937 prius,
2436 875 2619 936 utpote
2658 865 2917 934 profunda
2961 865 3193 917 immersi
3228 864 3451 928 malitia,

1898 970 1953 1014 et
1997 959 2177 1014 carnis
2235 960 2508 1028 spurcitiis
2559 956 2928 1019 contaminati,
2971 957 3023 1009 in
3077 955 3192 1023 ejus
3235 957 3323 1024 qui
3364 970 3457 1009 vos

1905 1050 2147 1105 condidit
2193 1049 2517 1105 oblivionem
2561 1050 2851 1103 vcneratis.
2887 1047 3068 1116 Itaque
3111 1048 3176 1100 ad
3215 1048 3462 1101 obtinen—

1901 1143 2024 1195 dam
2065 1149 2407 1209 peccatorum
2461 1139 2698 1203 veniam,
2743 1139 2808 1192 de
2854 1138 2935 1192 his
2968 1153 3085 1206 quae
3118 1147 3271 1191 antea
3303 1152 3332 1189 a
3362 1151 3459 1190 vo-

1901 1233 1986 1288 bis
2012 1247 2117 1287 non
2142 1242 2289 1286 recte
2314 1240 2460 1301 gesta
2491 1240 2617 1285 sunt
2642 1230 3028 1285 conﬁteamini.
3052 1228 3213 1283 Vens.
3237 1229 3289 1281 6.
3319 1228 3463 1294 Quo-

1899 1328 2040 1380 niam
2086 1327 2167 1379 ira
2205 1327 2259 1378 in
2289 1325 2647 1393 indignatione
2676 1324 2809 1392 ejus,
2843 1333 2889 1375 et
2940 1324 3045 1375 vita
3093 1322 3149 1374 in
3196 1321 3463 1373 voluntate

1900 1419 2037 1486 ejus.
2072 1417 2230 1471 Prius
2282 1416 2434 1470 triste
2480 1415 2732 1485 quiddam
2778 1416 2933 1479 dixit,
2971 1415 3103 1467 iram
3139 1414 3189 1467 in
3223 1414 3464 1482 indigna-

1903 1506 2047 1560 tione
2078 1506 2167 1560 Dei
2206 1526 2218 1560 :
2255 1506 2448 1559 deinde
2490 1505 2689 1573 aliquid
2732 1505 2922 1569 lectius,
2960 1506 3122 1558 vitam
3170 1504 3222 1557 in
3269 1505 3460 1558 volun-

1902 1607 2013 1651 tate
2047 1598 2181 1665 ejus.
2212 1597 2433 1651 Videtur
2462 1595 2711 1665 repetitio
2737 1610 2877 1659 esse,
2908 1596 2973 1649 iis
3005 1598 3094 1665 qui
3130 1596 3460 1665 signiﬁcato-

1902 1706 2020 1743 rnm
2054 1688 2456 1758 intelligentiam
2489 1695 2798 1740 accuratam
2828 1687 3036 1755 assequi
3065 1702 3166 1740 non
3198 1696 3457 1755 possunt:

1903 1778 2331 1847 quandoquidem
2365 1776 2621 1845 propheta
2657 1776 2788 1829 dicit
2835 1777 2967 1828 iram
3008 1790 3126 1830 esse
3158 1777 3209 1828 in
3248 1777 3337 1830 Dei
3376 1778 3461 1828 in—

237 1884 345 1918 νων
378 1836 730 1933 ἐφάπτεσθίαι,
762 1864 854 1918 τοῦ
904 1836 1176 1935 προφητου
1206 1836 1469 1933 -λέγοντος
1512 1836 1678 1935 δργὴν
1707 1836 1801 1917 Vsi-

1904 1870 2233 1940 dignatione,
2265 1868 2420 1938 quasi
2469 1868 2545 1921 ira
2576 1875 2629 1919 et
2663 1867 2954 1935 indignatio
3000 1867 3137 1920 idem
3182 1867 3311 1926 sint.
3340 1882 3459 1921 cum

234 1977 327 2011 ναι
362 1958 470 2028 (52)
497 1959 553 2010 ἐν
582 1957 661 2027 τῷ
689 1956 842 2027 θυμῷ
878 1956 971 2009 τοῦ
1014 1956 1170 2019 Θεοῦ,
1199 1956 1274 2019 ὡς
1316 1956 1409 2009 τοῦ
1447 1956 1608 2009 αὑτοῦ
1651 1957 1801 2019 ὄντος

1904 1970 2079 2016 tamen
2140 1960 2428 2029 plurimum
2486 1958 2756 2013 diﬁ‘erant.
2818 1956 3114 2026 Indignatio
3173 1958 3314 2011 enim
3380 1967 3464 2010 est

235 2053 407 2121 ὀργῆς
451 2049 540 2103 καὶ
583 2049 787 2120 θυμοῦ’
834 2050 1077 2102 πλεῖστον
1120 2048 1177 2102 δέ
1210 2047 1270 2100 τὸ
1314 2048 1584 2119 διάφορον.
1623 2048 1801 2119 Θυμὸς

1904 2052 2153 2121 iudicium
2204 2052 2268 2107 de
2312 2050 2609 2120 inﬁigendis
2657 2049 2881 2103 merenti
2934 2048 3097 2102 certis
3138 2050 3460 2117 quibusdam

240 2142 341 2209 μὲν
382 2139 489 2211 γάρ
519 2141 663 2192 ἐστιν
692 2140 725 2209 ἡ
759 2139 936 2210 κρίσις
970 2137 1062 2191 τοῦ
1098 2138 1391 2209 ἐπαχθῆναι
1422 2138 1545 2191 τάδε
1578 2138 1697 2191 τινὰ
1736 2139 1803 2192 τὰ

239 2232 537 2303 σκυθρωπά
573 2232 651 2303 τῷ
693 2230 859 2300 ἀξίῳ·
900 2231 1037 2303 ὀργὴ
1080 2232 1135 2284 δὲ
1184 2232 1212 2283 ὁ
1260 2232 1417 2293 πόνος
1462 2231 1582 2301 ἥδη,
1632 2230 1725 2282 καὶ
1767 2230 1801 2299 ἡ

240 2325 458 2388 κόλασις
491 2326 524 2395 ἠ
560 2323 666 2377 ἀπὸ
708 2322 799 2375 τοῦ
834 2323 1041 2376 δικαίου
1087 2320 1273 2392 κριτοῦ
1323 2322 1461 2375 κατὰ
1506 2322 1567 2374 τὸ
1607 2321 1800 2392 μέτρον

237 2417 338 2486 τῆς
391 2415 601 2478 ἀδικίας
659 2412 992 2483 ἐπαγομένη.
1056 2411 1186 2463 Ἀπὸ
1250 2410 1689 2481 παραδείγματος
1745 2406 1801 2459 δὲ

240 2504 572 2575 σαφέστερον
600 2503 627 2556 6
663 2502 806 2572 λέγω
852 2503 1139 2573 γενήσεται
1173 2499 1307 2570 (5'5).
1350 2498 1801 2569 Σημειωσάμενος

237 2596 271 2648 ὁ
299 2597 491 2668 έγτρὸς
518 2596 576 2648 τὸ
603 2595 929 2665 φλεγμαῖνον
961 2594 1123 2664 μέρος
1158 2592 1249 2644 καὶ
1284 2590 1534 2655 ὓπουλον,
1566 2588 1803 2661 ἐγκρίνει

238 2690 343 2761 τὴν
371 2690 541 2759 τιέμὴν
572 2686 871 2755 ἀναγκαίαν
900 2682 1035 2738 εἶναι
1064 2684 1142 2754 τῷ
1172 2683 1449 2754 κάμνοντι.
1492 2681 1659 2733 Τοῦτο
1707 2680 1802 2732 θυ-

244 2781 347 2851 μὸν
376 2777 625 2849 ὀνομάζει
662 2779 694 2847 ἠ
730 2777 941 2848 Γραφή.
972 2774 1127 2829 Μετὰ
1151 2774 1207 2825 δέ
1243 2773 1341 2843 τὴν
1371 2774 1462 2825 ἐπὶ
1488 2771 1563 2842 τῷ
1606 2772 1802 2841 βοηθή-

246 2888 375 2940 ματι
409 2869 588 2941 κρίσιν
628 2868 717 2921 τοῦ
761 2866 942 2939 ίατροῦ
971 2864 1322 2918 ἐπακολουθεῖ
1360 2864 1542 2917 λοιπὸν
1578 2866 1609 2935 ἡ
1655 2863 1804 2934 ἐνέρ-

243 2980 366 3031 γεια
399 2964 478 3025 εἰς
522 2961 677 3031 ἔργον
722 2960 831 3031 (54)
871 2960 1076 3027 ἄγουσα
1119 2958 1188 3011 τὰ
1229 2957 1511 3029 κριθέντα,
1541 2957 1635 3010 κα)⁸
1662 2958 1690 3009 ὁ
1727 2957 1805 3009 σί-

241 3057 403 3126 δηρος
456 3056 668 3125 τέμνων
714 3054 807 3106 καὶ¹
858 3053 1048 3124 ὀδύνην
1099 3052 1339 3122 ἐμποιῶν
1391 3052 1468 3121 τῷ
1517 3051 1802 3103 διακοπτο-

244 3143 411 3213 μένῳ.
458 3143 625 3195 Τοῦτο
674 3141 807 3212 ὀργὴ
860 3141 992 3193 Θεοῦ
1041 3141 1369 3212 ὠνόμασται.
1428 3140 1578 3193 Ἐλθὲ
1624 3140 1802 3193 τοίνυν

242 3234 336 3286 ἐπὶ
359 3234 420 3287 τὸ
464 3232 840 3303 προκείμενον,
874 3232 966 3284 καὶ
1011 3234 1259 3303 εὑρήσεις
1288 3232 1347 3284 τὸ
1388 3230 1672 3284 ἀκόλουθον
1702 3230 1802 3300 τῆς

242 3325 471 3388 ἐννοίας.
498 3325 618 3377 Ὅτι
665 3323 807 3393 ὀργὴ
842 3323 910 3375 ἐν
956 3323 1033 3389 τῷ
1081 3324 1241 3393 θυμῷ
1288 3323 1493 3378 αὑτοῦ.
1534 3324 1799 3393 Τιμωρία,

245 3419 385 3473 κατὰ
432 3418 491 3471 τὸ
522 3417 725 3470 δίκαιον
772 3419 942 3487 κρῖμα
995 3415 1089 3470 τοῦ
1142 3416 1295 3469 Θεοῦ⁸
1336 3415 1464 3483 Ζωὴ
1510 3414 1577 3467 δὲ
1618 3416 1688 3467 ἐν
1723 3413 1803 3479 τῷ

242 3511 529 3579 θελήματι
556 3509 759 3562 αὑτοῦ.
788 3509 850 3561 Τί
891 3504 981 3562 οὖν
1016 3525 1210 3579 φησιν;
1246 3510 1363 3562 Ὅτι
1392 3508 1420 3560 6
1454 3509 1550 3578 μὲν
1597 3507 1737 3560 θέλει
1774 3509 1802 3560 ὁ

243 3602 397 3666 Θεὸς,
424 3600 581 3654 τοῦτό
610 3603 743 3665 ἐστι,
777 3601 983 3664 πάντας
1017 3600 1260 3671 μετέχειν
1290 3600 1452 3654 αὑτοῦ
1490 3601 1586 3670 τῆς
1625 3600 1799 3669 ζωῆς’

242 3696 311 3748 τὰ
337 3696 393 3748 δὲ
428 3693 798 3766 περιστατικά,
837 3694 956 3763 οὐχὶ
1002 3692 1077 3763 τῷ
1119 3692 1380 3763 θελήματι
1430 3692 1593 3745 αὐτοῦ
1649 3693 1801 3762 ἐνερ-

243 3788 443 3854 γεῖται,
485 3784 620 3837 ἀλλά
660 3787 725 3854 τῇ
776 3783 901 3853 ἀξίᾳ
935 3782 1042 3835 τῶν
1092 3782 1486 3853 ἡμαρτηκότων
1519 3783 1801 3847 ἐπάγεται.

244 3878 355 3949 Τὴν
391 3878 487 3947 μὲν
519 3872 611 3930 οῦν
646 3874 787 3946 ζωὴν
818 3876 846 3927 ὁ
874 3875 1003 3937 Θεὸς
1031 3874 1110 3943 τῷ
1146 3874 1259 3943 ἰδίῳ
1298 3873 1559 3944 θελήματι
1593 3874 1805 3946 ἑκάστῳ

244 3971 551 4041 χαρίζεται,
578 3969 677 4040 τὴν
708 3968 765 4021 δὲ
795 3967 963 4039 ὀργὴν
1005 3967 1163 4029 αὐτὸς
1207 3966 1435 4028 ἕκαστος
1482 3966 1658 4037 ἐαυτῷ
1706 3967 1800 4037 θη-

246 4061 489 4133 σαυρίζει
518 4060 629 4132 (55)
665 4062 760 4114 Ἐν
802 4060 991 4130 ἡμέρᾳ
1027 4058 1207 4129 ὀργῆς
1246 4058 1343 4112 καὶ
1370 4060 1806 4127 ἀποκαλύψεως

244 4153 344 4207 καὶ
371 4153 797 4220 δικαιοκρισίας
835 4152 940 4205 τοῦ
983 4152 1149 4205 Θεοῦ.
1176 4150 1409 4221 Σύνηθες
1437 4150 1494 4203 δὲ
1521 4154 1586 4223 τῇ
1618 4152 1802 4222 Γραφῇ

246 4244 572 4315 πρστάσσειν
615 4243 686 4297 τά
729 4244 1025 4315 σκυθρωπά
1067 4244 1173 4296 τῶν
1225 4242 1633 4315 χρηστοτέρων’
1673 4244 1805 4297 διότι

245 4332 410 4402 ἡδίων
437 4334 582 4385 ἐστὶν
620 4334 653 4404 ἡ
685 4333 1000 4396 ἀπόλαυσις,
1042 4328 1806 4403 προκαθηγησαμένωνάύτῆς

244 4423 356 4480 τῶν
389 4425 720 4479 λυπούντων.
777 4423 923 4493 Ἐγὼ
971 4425 1081 4493 γὰρ
1124 4420 1461 4483 ἀποκτενῶ,
1512 4424 1672 4493 φησὶ,
1708 4425 1806 4478 καὶ

1904 2145 2146 2199 tristibus
2180 2162 2193 2198 :
2224 2143 2303 2197 ira
2353 2157 2479 2197 vero
2532 2142 2682 2195 labor
2734 2150 2788 2195 et
2843 2140 3183 2209 supplicium,
3232 2140 3372 2209 quod
3432 2157 3461 2192 a

1897 2234 2042 2305 justo
2082 2234 2262 2303 judice
2302 2250 2399 2303 pro
2445 2232 2717 2302 injustitiaa
2764 2246 3014 2286 mensura
3059 2230 3170 2298 jam
3213 2230 3459 2285 infertur.

1902 2325 2051 2391 Quod
2105 2336 2284 2379 autem
2341 2324 2497 2386 dico,
2553 2322 2607 2376 id
2661 2323 2906 2391 exemplo
2966 2323 3299 2376 manifestius
3348 2324 3459 2375 ﬁet.

1903 2414 2138 2468 Medicus
2187 2413 2234 2467 si
2278 2428 2436 2483 quam
2472 2422 2677 2483 partem
2727 2412 3147 2467 inﬂammatione
3190 2412 3461 2477 affectam,

1902 2515 1957 2560 et
2000 2505 2152 2560 sanie
2197 2506 2404 2559 occulta
2442 2503 2694 2559 refertam
2728 2506 3113 2569 observaverit,
3146 2505 3461 2561 incisionem

1897 2596 2106 2665 jndicat
2129 2610 2249 2651 esse
2277 2595 2557 2666 :rgrotanti
2591 2596 2969 2651 necessariam.
3015 2595 3146 2651 Illud
3188 2596 3461 2666 Scriptura

1904 2687 2323 2755 indignationem
2366 2694 2541 2741 vocat.
2578 2685 2681 2741 Sed
2719 2696 2840 2755 post
2890 2686 3151 2754 prolatam
3188 2702 3215 2739 a
3252 2689 3463 2742 medico

1903 2778 1967 2832 de
2000 2776 2272 2832 afferendo
2314 2776 2551 2830 remedio
2596 2777 2935 2843 sententiam,
2967 2776 3108 2831 actio
3141 2777 3353 2829 tandem
3384 2790 3467 2831 se-

1904 2872 2105 2940 quitur,
2140 2884 2243 2938 qua
2280 2868 2422 2938 quod
2462 2867 2737 2921 decretum
2772 2877 2856 2922 est
2889 2868 3183 2936 perficitur,
3233 2867 3465 2922 ferrum-

1903 2979 2028 3032 que,
2056 2964 2197 3032 quod
2238 2961 2448 3026 incidit,
2478 2969 2532 3015 et
2560 2961 2795 3017 dolorem
2844 2962 2982 3030 parit
3022 2962 3334 3017 incisionem
3370 2978 3466 3032 pa-

1906 3055 2077 3119 tienti,
2118 3053 2423 3109 adhibetur.
2473 3052 2602 3106 Illud
2641 3054 2717 3106 ira
2758 3053 2846 3106 Dei
2878 3052 3196 3122 appellatum
3231 3066 3331 3108 est.
3365 3054 3466 3107 Ve-

1830 3171 1871 3229 α
1905 3146 2023 3200 nias
2052 3160 2177 3215 ergo
2206 3145 2273 3198 ad
2300 3144 2649 3213 propositum,
2685 3152 2738 3198 et
2776 3144 2933 3213 hujus
2961 3145 3240 3199 sententiae
3274 3160 3467 3200 cense--

1907 3235 2179 3305 quentiam
2233 3234 2491 3288 invenies.
2548 3232 2808 3298 Quoniam
2863 3235 2943 3287 ira
2992 3235 3044 3286 in
3109 3236 3468 3305 indignatione

1906 3326 2040 3395 ejus.
2080 3326 2267 3389 Poena,
2298 3325 2588 3379 secundum
2638 3324 2839 3389 justum
2874 3324 2965 3379 Dei
3010 3325 3309 3394 judicium:
3348 3324 3468 3379 Vita

1908 3426 2035 3464 vero
2064 3412 2119 3463 in
2149 3408 2412 3463 voluntate
2444 3409 2576 3478 ejus.
2618 3410 2754 3476 Quid
2789 3425 2916 3480 ergo
2941 3411 3105 3465 dicit?
3137 3411 3288 3479 Quod
3323 3413 3468 3468 Deus

1908 3501 2039 3566 vult,
2069 3505 2169 3555 hoc
2208 3515 2347 3565 esse,
2378 3512 2436 3554 ut
2468 3504 2590 3556 vitae
2626 3503 2741 3572 ejus
2784 3502 2892 3556 sint
2936 3505 3226 3573 participes
3256 3521 3465 3560 omnes.

1910 3590 2043 3643 Mala
2095 3599 2267 3644 autem
2317 3606 2421 3644 non
2471 3591 2588 3660 ejus
2637 3593 2911 3646 voluntate
2961 3594 3115 3657 ﬁunt,
3151 3597 3245 3650 sed
3275 3599 3470 3651 merito

1910 3682 2205 3752 eorutnqui
2267 3694 2622 3750 peccaverunt
2682 3684 3003 3740 inferuntur.
3066 3687 3243 3741 Vitam
3308 3689 3471 3757 igitur

1910 3772 2103 3840 cuique
2144 3772 2279 3825 Deus
2328 3774 2544 3841 propria
2590 3773 2865 3828 voluntate
2912 3776 3096 3829 tribuit
3129 3794 3142 3829 :
3177 3775 3308 3829 iram
3343 3791 3471 3830 vero

1910 3866 2009 3919 sibi
2046 3867 2272 3935 quisque
2313 3867 2554 3936 congerit
2578 3865 2646 3919 In
2679 3867 2762 3920 die
2800 3868 2918 3932 ine,
2950 3879 2996 3921 et
3034 3868 3387 3933 reuelationis,
3418 3878 3469 3924 et

1902 3955 2035 4026 justi
2076 3955 2267 4027 judicii
2300 3956 2397 4011 Dei
2429 3957 2494 4012 ³ο.
2544 3957 2740 4012 Tristia
2776 3967 2957 4013 autem
3011 3969 3135 4013 ante
3182 3975 3271 4015 res
3323 3960 3472 4015 laetas

1911 4050 2169 4106 collocare
2197 4050 2333 4106 solet
2363 4048 2664 4120 Scriptura,
2698 4060 2981 4121 propterea
3014 4052 3154 4121 quod
3188 4053 3470 4109 delectatio

1906 4141 2189 4209 jucundior
2225 4151 2340 4206 est,
2385 4151 2529 4206 tum,
2572 4156 2691 4196 cum
2733 4158 2853 4212 quae
2892 4156 3176 4198 maerorem
3220 4144 3470 4210 aderunt,

1914 4232 2081 4301 ipsam
2134 4242 2545 4299 praecesserunt.
2593 4232 2705 4302 Ego
2760 4233 2929 4298 enim,
2970 4235 3158 4302 inquit,
3215 4237 3467 4301 occidam,

1911 4332 1958 4377 et
1992 4324 2156 4377 vivere
2187 4323 2379 4391 faciam
2414 4324 2480 4377 ³⁸.
2516 4322 2841 4378 Beneﬁcium
2877 4339 3035 4393 pmna
3071 4334 3154 4381 est
3185 4326 3469 4394 posterius.

1912 4414 2235 4478 Percutiam,
2266 4423 2316 4468 et
2356 4430 2448 4485 ego
2480 4414 2675 4470 sanabo
2704 4415 2767 4468 ".
2801 4415 2915 4485 Ipse
2948 4416 3091 4470 enim
3131 4414 3285 4471 affert
3324 4417 3473 4472 dolo-

244 4515 354 4585 ζῖιν
406 4515 654 4581 ποιήσω.
707 4514 943 4585 Δευτὲρα
989 4516 1021 4583 ὴ
1075 4513 1358 4583 εὐεργεσία
1417 4512 1552 4583 μετὰ
1598 4515 1693 4585 τὴν
1727 4518 1801 4571 κό.

1918 4521 2053 4570 rem,
2085 4514 2137 4559 et
2188 4521 2375 4561 rursus
2421 4516 2630 4561 recreat
2670 4526 2682 4562 :
2718 4508 3001 4577 percussit,
3032 4515 3085 4562 ct
3126 4523 3318 4563 manus
3358 4508 3472 4576 ejus

244 4606 420 4659 λασιν.
445 4604 711 4669 Πατάξω,
752 4603 913 4673 κάγὼ
969 4603 1228 4672 ἰάσομαι.
1270 4603 1440 4666 Αὐτὸς
1486 4604 1594 4674 γὰρ
1625 4606 1810 4675 ἀλγεῖν

243 4700 425 4758 ποιεῖ,
472 4696 566 4749 καὶ
616 4696 777 4749 πάλιν
826 4696 1281 4766 ἀποκαθίστησιν
1332 4695 1551 4761 ἔπαισε,
1604 4698 1699 4749 καὶ
1753 4702 1809 4753 al

246 4791 426 4859 χεῖρες
467 4784 631 4840 αὐτοῦ
677 4788 912 4842 ίᾶσαντο.
966 4787 1341 4857 Προλαμϐάνει
1386 4787 1453 4840 τὰ
1506 4789 1806 4852 κακοῦντα,

246 4881 335 4932 ἴνα
370 4878 731 4950 μονιμώτεραι
767 4881 896 4949 ἡμῖν
928 4880 983 4931 αἱ
1018 4880 1234 4949 χάριτες
1260 4879 1538 4945 γένωνται,
1570 4881 1811 4951 σφοδρῶς

244 4970 695 5041 ἁντιποιηθέντων
746 4971 901 5042 ἡμῶν
936 4971 1035 5041 τῆς
1086 4970 1330 5039 φυλακῆς
1378 4969 1483 5023 τῶν
1528 4970 1807 5026 δοθέντων.

248 5061 321 5116 Τὸ
349 5062 612 5129 ἑσπέρας
649 5062 1085 5129 αὐλισθήσεται
1119 5060 1448 5129 κλαυθμὸς,
1495 5061 1591 5115 καὶ
1626 5064 1710 5127 εἰς
1745 5062 1809 5115 τὸ

1918 4610 2263 4656 sanaverunt.
2296 4602 2627 4657 Antecedunt
2662 4602 2821 4667 mala,
2855 4618 2959 4672 quo
2996 4602 3155 4673 128
3194 4602 3344 4657 nobis
3378 4604 3471 4657 be-

1916 4694 2107 4749 neﬁcia
2156 4696 2428 4749 stabiliora
2475 4696 2607 4750 fiant
2658 4706 2816 4765 atque
2867 4698 3123 4762 ﬁrmiora,
3159 4697 3351 4766 quippe
3382 4698 3472 4766 qui

1917 4792 2045 4838 tunc
2102 4798 2424 4854 magnopere
2472 4788 2593 4841 data
2643 4788 3024 4842 custodiamus.
3077 4788 3157 4839 Ad
3213 4804 3474 4854 vesperum

1916 4874 2275 4926 demorabitur
2311 4876 2484 4941 fletus,
2515 4886 2562 4928 et
2594 4876 2662 4929 ad
2703 4878 3016 4929 matutinum
3060 4877 3264 4933 la'titia.
3296 4878 3475 4933 Remi-

1918 4967 2125 5020 niscere
2177 4966 2429 5034 temporis
2480 4968 2749 5037 passionis
2798 4968 3033 5035 Domini,
3086 4978 3141 5023 et
3190 4971 3473 5025 verborum

1918 5062 2157 5117 invenies
2188 5063 2614 5134 intelligentiam.
2642 5065 2722 5119 Ad
2753 5081 3030 5136 vesperam
3064 5068 3205 5123 enim
3233 5069 3477 5122 demora-

240 5154 390 5221 πρωὶ
424 5154 802 5225 ἀγαλλίασις.
821 5154 1101 5225 Μνήσθητι
1129 5152 1222 5206 τοῦ
1250 5152 1438 5223 καιροῦ
1469 5151 1560 5205 τοῦ
1592 5153 1731 5204 κατά
1758 5153 1801 5205 τί

1927 5162 2009 5207 tus
2040 5166 2120 5210 est
2152 5154 2309 5211 fletus
2354 5159 2405 5211 in
2452 5158 2659 5213 Domini
2693 5159 2991 5230 discipulis,
3022 5176 3141 5215 cum
3182 5176 3301 5216 eum
3332 5161 3479 5213 vide-

313 5244 359 5276 ³ο
383 5243 538 5301 Rom.
565 5262 623 5311 ιι,
656 5246 709 5301 5.
784 5247 998 5300 “Deut.
1029 5261 1200 5311 xxx",
1234 5244 1322 5299 39.
1396 5245 1440 5275 ³³
1471 5246 1598 5299 ibid.

338 5338 427 5407 51)
465 5339 636 5393 Editio
666 5339 837 5395 Paris.
878 5339 1216 5409 μολύνεσθαι.
1246 5342 1309 5392 At
1334 5354 1465 5394 mss.
1497 5339 1798 5410 ἐμμολύνε-

239 5407 389 5462 σθαι.
431 5410 559 5482 ΜοχΔ
591 5418 699 5464 tres
728 5426 856 5465 mss.
881 5407 1366 5482 ἐξομολογήσασθε.
1402 5407 1603 5464 Ibidem
1643 5411 1795 5466 Colb.

238 5480 510 5550 secundus
539 5479 1118 5550 buivjtsrrpavpévwv.

316 5548 428 5618 (52)
454 5546 608 5618 Deest
640 5546 778 5603 εἶναι
801 5546 851 5602 in
884 5546 1146 5618 aliquibus
1177 5565 1286 5604 mss

315 5617 429 5689 (53)
455 5617 553 5672 Ubi
576 5632 825 5689 corrupte
855 5617 1046 5687 legitur
1080 5622 1130 5673 in
1150 5621 1385 5676 editione
1409 5629 1591 5674 nostra
1629 5620 1800 5675 Paris.

251 5687 387 5741 Ἀπὸ
432 5687 865 5763 παραδείγματος
910 5689 966 5743 δέ
1010 5692 1038 5743 ὁ
1062 5690 1405 5763 ,σαφέστερον
1434 5691 1461 5743 6
1482 5691 1623 5759 λέγω
1643 5694 1803 5763 γενή-

240 5774 418 5830 σεται,
452 5761 706 5828 scriptum
744 5763 1011 5817 invenitur
1058 5762 1109 5814 in
1166 5762 1438 5830 aliquibus
1477 5777 1606 5815 mss.
1668 5761 1799 5825 Ἀπὸ

238 5829 685 5901 παραδείγματος
726 5833 780 5886 δὲ
815 5832 1138 5903 σαφέστερον
1164 5831 1212 5895 ὅ,
1250 5829 1373 5896 etc.,
1414 5832 1465 5886 in
1518 5831 1650 5903 Reg.
1678 5850 1803 5891 vero

1907 5341 2065 5415 tertio
2109 5340 2239 5393 Ἀπὸ
2259 5343 2698 5415 παραδείγματος
2722 5345 2778 5398 δὲ
2811 5346 2838 5399 6
2864 5345 3005 5415 λεγω
3034 5346 3360 5415 σαφέστερον
3386 5361 3477 5413 γε-

1907 5412 2169 5481 νήσεταιο
2221 5427 2286 5465 ex
2315 5412 2421 5481 quo
2462 5412 2611 5469 vario
2661 5412 2945 5469 verborum
2992 5412 3180 5470 ordine
3233 5412 3472 5469 errorem

1911 5482 2259 5554 typogra‘pltis
2286 5484 2553 5553 objectnm
2580 5502 2700 5539 esse
2728 5486 3087 5554 suspicamur.

1981 5551 2090 5626 (54)
2120 5551 2254 5626 Reg.
2283 5551 2551 5609 secundus
2582 5558 2659 5620 είς
2686 5555 2742 5608 ἓν
2760 5551 2938 5626 ἔργον.
2970 5557 3094 5609 Mox
3112 5555 3274 5610 editio
3299 5554 3471 5611 Paris.

1909 5622 1937 5673 ὁ
1958 5622 2014 5674 τέ
2065 5640 2187 5678 νων.
2218 5622 2377 5679 Deest
2407 5626 2665 5680 articulus
2700 5628 2751 5680 in
2784 5622 2911 5679 iuss.

1984 5640 2094 5745 ig?”
2131 5694 2321 5745 Nostra
2354 5697 2516 5745 editio
2549 5695 2722 5745 Paris.
2756 5695 2911 5745 θησαι

1984 5694 2098 5830 (5ξέ
2131 5694 2321 5749 Nostra
2354 5697 2516 5753 editio
2548 5695 2722 5752 Paris.
2756 5695 3128 5767 θησαυρίζειν.
3149 5698 3215 5752 At
3240 5715 3366 5755 mss.
3388 5699 3479 5772 θη-

1984 5783 2062 5830 υρι
2102 5783 2170 5820 ει.

1908 5781 2170 5833 σαυριςει.
