  <div class='ocr_page' id='page_1' title='image "/cluster/home/n/w/nwhite01/storage/ocr_20150623/29/hvd.32044011320256/591.png"; bbox 0 0 4008 6402; ppageno 0'>
   <div class='ocr_carea' id='block_1_1' title="bbox 550 385 658 442">
    <p class='ocr_par' dir='ltr' id='par_1_1' title="bbox 550 385 658 442">
     <span class='ocr_line' id='line_1_1' title="bbox 550 385 658 442; baseline 0.037 -4"><span class='ocrx_word' id='word_1_1' title='bbox 550 385 658 442; x_wconf 77' lang='grc'><strong>515</strong></span> 
     </span>
    </p>
   </div>
   <div class='ocr_carea' id='block_1_2' title="bbox 1883 376 2484 436">
    <p class='ocr_par' dir='ltr' id='par_1_2' title="bbox 1883 376 2484 436">
     <span class='ocr_line' id='line_1_2' title="bbox 1883 376 2484 436; baseline -0.005 0"><span class='ocrx_word' id='word_1_2' title='bbox 1883 382 1941 436; x_wconf 90' lang='lat' dir='ltr'><strong>S.</strong></span> <span class='ocrx_word' id='word_1_3' title='bbox 1986 377 2230 436; x_wconf 79' lang='lat' dir='ltr'><strong>BASlLll</strong></span> <span class='ocrx_word' id='word_1_4' title='bbox 2268 376 2484 434; x_wconf 79' lang='lat' dir='ltr'><strong>MAGNI</strong></span> 
     </span>
    </p>
   </div>
   <div class='ocr_carea' id='block_1_3' title="bbox 3673 370 3796 430">
    <p class='ocr_par' dir='ltr' id='par_1_3' title="bbox 3673 370 3796 430">
     <span class='ocr_line' id='line_1_3' title="bbox 3673 370 3796 430; baseline 0 -1"><span class='ocrx_word' id='word_1_5' title='bbox 3673 370 3796 430; x_wconf 71' lang='lat' dir='ltr'><strong>5H3</strong></span> 
     </span>
    </p>
   </div>
   <div class='ocr_carea' id='block_1_4' title="bbox 552 486 2102 570">
    <p class='ocr_par' dir='ltr' id='par_1_4' title="bbox 552 499 2102 570">
     <span class='ocr_line' id='line_1_4' title="bbox 552 499 2102 570; baseline -0.001 -14"><span class='ocrx_word' id='word_1_6' title='bbox 552 511 670 556; x_wconf 88' lang='lat' dir='ltr'><strong>rent</strong></span> <span class='ocrx_word' id='word_1_7' title='bbox 696 502 748 556; x_wconf 90' lang='lat' dir='ltr'><strong>in</strong></span> <span class='ocrx_word' id='word_1_8' title='bbox 775 514 936 557; x_wconf 86' lang='lat' dir='ltr'><strong>cruce</strong></span> <span class='ocrx_word' id='word_1_9' title='bbox 963 499 1282 570; x_wconf 71' lang='lat' dir='ltr'><strong>pendentem</strong></span> <span class='ocrx_word' id='word_1_10' title='bbox 1321 519 1334 555; x_wconf 90' lang='lat'><strong>:</strong></span> <span class='ocrx_word' id='word_1_11' title='bbox 1370 500 1436 555; x_wconf 88' lang='lat' dir='ltr'><strong>ad</strong></span> <span class='ocrx_word' id='word_1_12' title='bbox 1477 499 1794 554; x_wconf 88' lang='lat' dir='ltr'><strong>matutinum</strong></span> <span class='ocrx_word' id='word_1_13' title='bbox 1824 515 1952 554; x_wconf 87' lang='lat' dir='ltr'><strong>vero</strong></span> <span class='ocrx_word' id='word_1_14' title='bbox 1973 500 2102 554; x_wconf 68' lang='lat' dir='ltr'><strong>lani-</strong></span> 
     </span>
    </p>
   </div>
   <div class='ocr_carea' id='block_1_5' title="bbox 2203 486 3790 570">
    <p class='ocr_par' dir='ltr' id='par_1_5' title="bbox 2218 486 3790 568">
     <span class='ocr_line' id='line_1_5' title="bbox 2218 486 3790 568; baseline -0.004 -17"><span class='ocrx_word' id='word_1_15' title='bbox 2218 499 2386 562; x_wconf 82' lang='grc' dir='ltr'>πάθος</span> <span class='ocrx_word' id='word_1_16' title='bbox 2411 497 2506 552; x_wconf 84' lang='grc' dir='ltr'>τοῦ</span> <span class='ocrx_word' id='word_1_17' title='bbox 2555 496 2782 568; x_wconf 84' lang='grc' dir='ltr'><strong>Κυρίου,</strong></span> <span class='ocrx_word' id='word_1_18' title='bbox 2814 496 2908 550; x_wconf 76' lang='grc' dir='ltr'><strong>καὶ</strong></span> <span class='ocrx_word' id='word_1_19' title='bbox 2951 493 3060 567; x_wconf 83' lang='grc'><strong>(56)</strong></span> <span class='ocrx_word' id='word_1_20' title='bbox 3115 496 3366 565; x_wconf 80' lang='grc' dir='ltr'><strong>εὑρήσεις</strong></span> <span class='ocrx_word' id='word_1_21' title='bbox 3396 493 3466 547; x_wconf 77' lang='grc' dir='ltr'>τὰ</span> <span class='ocrx_word' id='word_1_22' title='bbox 3516 486 3790 564; x_wconf 83' lang='grc' dir='ltr'>σημαινό-</span> 
     </span>
    </p>
   </div>
   <div class='ocr_carea' id='block_1_6' title="bbox 553 588 2107 660">
    <p class='ocr_par' dir='ltr' id='par_1_6' title="bbox 553 588 2107 660">
     <span class='ocr_line' id='line_1_6' title="bbox 553 588 2107 660; baseline 0.001 -17"><span class='ocrx_word' id='word_1_23' title='bbox 553 591 648 656; x_wconf 89' lang='lat' dir='ltr'><strong>tia,</strong></span> <span class='ocrx_word' id='word_1_24' title='bbox 681 607 802 646; x_wconf 91' lang='lat' dir='ltr'><strong>cum</strong></span> <span class='ocrx_word' id='word_1_25' title='bbox 832 599 950 660; x_wconf 87' lang='lat' dir='ltr'><strong>post</strong></span> <span class='ocrx_word' id='word_1_26' title='bbox 978 593 1421 646; x_wconf 84' lang='lat' dir='ltr'><strong>resurrectionem</strong></span> <span class='ocrx_word' id='word_1_27' title='bbox 1450 599 1748 651; x_wconf 76' lang='lat' dir='ltr'><strong>currerent,</strong></span> <span class='ocrx_word' id='word_1_28' title='bbox 1783 605 1845 644; x_wconf 87' lang='lat' dir='ltr'><strong>ac</strong></span> <span class='ocrx_word' id='word_1_29' title='bbox 1872 588 2107 644; x_wconf 78' lang='lat' dir='ltr'><strong>faustum</strong></span> 
     </span>
    </p>
   </div>
   <div class='ocr_carea' id='block_1_7' title="bbox 551 678 2110 747">
    <p class='ocr_par' dir='ltr' id='par_1_7' title="bbox 551 678 2110 747">
     <span class='ocr_line' id='line_1_7' title="bbox 551 678 2110 747; baseline -0.001 -11"><span class='ocrx_word' id='word_1_30' title='bbox 551 683 700 736; x_wconf 88' lang='lat' dir='ltr'><strong>illum</strong></span> <span class='ocrx_word' id='word_1_31' title='bbox 744 678 990 738; x_wconf 87' lang='lat' dir='ltr'><strong>nuntium</strong></span> <span class='ocrx_word' id='word_1_32' title='bbox 1021 699 1127 747; x_wconf 86' lang='lat' dir='ltr'><strong>quo</strong></span> <span class='ocrx_word' id='word_1_33' title='bbox 1160 683 1416 738; x_wconf 86' lang='lat' dir='ltr'><strong>Dominus</strong></span> <span class='ocrx_word' id='word_1_34' title='bbox 1451 682 1597 736; x_wconf 87' lang='lat' dir='ltr'><strong>visus</strong></span> <span class='ocrx_word' id='word_1_35' title='bbox 1624 683 1792 736; x_wconf 79' lang='lat' dir='ltr'><strong>fuisse</strong></span> <span class='ocrx_word' id='word_1_36' title='bbox 1827 682 2110 735; x_wconf 84' lang='lat' dir='ltr'><strong>nuntiaba-</strong></span> 
     </span>
    </p>
   </div>
   <div class='ocr_carea' id='block_1_8' title="bbox 552 771 2109 843">
    <p class='ocr_par' dir='ltr' id='par_1_8' title="bbox 552 771 2109 843">
     <span class='ocr_line' id='line_1_8' title="bbox 552 771 2109 843; baseline 0.001 -17"><span class='ocrx_word' id='word_1_37' title='bbox 552 783 662 838; x_wconf 87' lang='lat' dir='ltr'><strong>tur,</strong></span> <span class='ocrx_word' id='word_1_38' title='bbox 695 774 797 828; x_wconf 85' lang='lat' dir='ltr'><strong>sibi</strong></span> <span class='ocrx_word' id='word_1_39' title='bbox 837 775 1063 842; x_wconf 77' lang='lat' dir='ltr'><strong>invicem</strong></span> <span class='ocrx_word' id='word_1_40' title='bbox 1107 789 1226 827; x_wconf 87' lang='lat' dir='ltr'><strong>cmn</strong></span> <span class='ocrx_word' id='word_1_41' title='bbox 1275 773 1468 843; x_wconf 78' lang='lat' dir='ltr'><strong>gaudio</strong></span> <span class='ocrx_word' id='word_1_42' title='bbox 1511 771 1800 828; x_wconf 82' lang='lat' dir='ltr'><strong>deferrent.</strong></span> <span class='ocrx_word' id='word_1_43' title='bbox 1834 772 1939 826; x_wconf 84' lang='lat' dir='ltr'><strong>Aut</strong></span> <span class='ocrx_word' id='word_1_44' title='bbox 1975 771 2109 828; x_wconf 80' lang='lat' dir='ltr'><strong>forte</strong></span> 
     </span>
    </p>
   </div>
   <div class='ocr_carea' id='block_1_9' title="bbox 550 864 2105 932">
    <p class='ocr_par' dir='ltr' id='par_1_9' title="bbox 550 864 2105 932">
     <span class='ocr_line' id='line_1_9' title="bbox 550 864 2105 932; baseline 0.001 -14"><span class='ocrx_word' id='word_1_45' title='bbox 550 864 711 919; x_wconf 86' lang='lat' dir='ltr'><strong>etiam</strong></span> <span class='ocrx_word' id='word_1_46' title='bbox 743 866 794 918; x_wconf 91' lang='lat' dir='ltr'><strong>in</strong></span> <span class='ocrx_word' id='word_1_47' title='bbox 828 866 1158 927; x_wconf 88' lang='lat' dir='ltr'><strong>universum,</strong></span> <span class='ocrx_word' id='word_1_48' title='bbox 1187 879 1407 932; x_wconf 88' lang='lat' dir='ltr'><strong>vespera</strong></span> <span class='ocrx_word' id='word_1_49' title='bbox 1456 864 1709 919; x_wconf 69' lang='lat' dir='ltr'><strong>saacnlnm</strong></span> <span class='ocrx_word' id='word_1_50' title='bbox 1745 865 1844 919; x_wconf 87' lang='lat' dir='ltr'><strong>hoc</strong></span> <span class='ocrx_word' id='word_1_51' title='bbox 1887 864 2105 928; x_wconf 90' lang='lat' dir='ltr'><strong>dicitur,</strong></span> 
     </span>
    </p>
   </div>
   <div class='ocr_carea' id='block_1_10' title="bbox 551 953 2104 1023">
    <p class='ocr_par' dir='ltr' id='par_1_10' title="bbox 551 953 2104 1023">
     <span class='ocr_line' id='line_1_10' title="bbox 551 953 2104 1023; baseline 0.001 -17"><span class='ocrx_word' id='word_1_52' title='bbox 551 953 604 1007; x_wconf 89' lang='lat' dir='ltr'><strong>in</strong></span> <span class='ocrx_word' id='word_1_53' title='bbox 641 970 746 1023; x_wconf 91' lang='lat' dir='ltr'><strong>quo</strong></span> <span class='ocrx_word' id='word_1_54' title='bbox 787 956 876 1023; x_wconf 90' lang='lat' dir='ltr'><strong>qui</strong></span> <span class='ocrx_word' id='word_1_55' title='bbox 929 956 1082 1008; x_wconf 83' lang='lat' dir='ltr'><strong>beate</strong></span> <span class='ocrx_word' id='word_1_56' title='bbox 1113 953 1375 1015; x_wconf 84' lang='lat' dir='ltr'><strong>ﬂeverint,</strong></span> <span class='ocrx_word' id='word_1_57' title='bbox 1406 953 1722 1007; x_wconf 85' lang='lat' dir='ltr'><strong>adveniente</strong></span> <span class='ocrx_word' id='word_1_58' title='bbox 1766 955 2104 1020; x_wconf 85' lang='lat' dir='ltr'><strong>postmodum</strong></span> 
     </span>
    </p>
   </div>
   <div class='ocr_carea' id='block_1_11' title="bbox 550 1043 2108 1116">
    <p class='ocr_par' dir='ltr' id='par_1_11' title="bbox 550 1043 2108 1116">
     <span class='ocr_line' id='line_1_11' title="bbox 550 1043 2108 1116; baseline 0 -18"><span class='ocrx_word' id='word_1_59' title='bbox 550 1045 838 1111; x_wconf 86' lang='lat' dir='ltr'><strong>matutino,</strong></span> <span class='ocrx_word' id='word_1_60' title='bbox 869 1045 1289 1100; x_wconf 76' lang='lat' dir='ltr'><strong>consolationem</strong></span> <span class='ocrx_word' id='word_1_61' title='bbox 1338 1045 1623 1113; x_wconf 85' lang='lat' dir='ltr'><strong>accipient.</strong></span> <span class='ocrx_word' id='word_1_62' title='bbox 1651 1043 1804 1098; x_wconf 81' lang='lat' dir='ltr'><strong>Beati</strong></span> <span class='ocrx_word' id='word_1_63' title='bbox 1846 1048 1981 1098; x_wconf 84' lang='lat' dir='ltr'><strong>enim</strong></span> <span class='ocrx_word' id='word_1_64' title='bbox 2019 1049 2108 1116; x_wconf 86' lang='lat' dir='ltr'><strong>qui</strong></span> 
     </span>
    </p>
   </div>
   <div class='ocr_carea' id='block_1_12' title="bbox 549 1137 2110 1209">
    <p class='ocr_par' dir='ltr' id='par_1_12' title="bbox 549 1137 2110 1209">
     <span class='ocr_line' id='line_1_12' title="bbox 549 1137 2110 1209; baseline 0.003 -20"><span class='ocrx_word' id='word_1_65' title='bbox 549 1137 768 1205; x_wconf 81' lang='lat' dir='ltr'><strong>lugent;</strong></span> <span class='ocrx_word' id='word_1_66' title='bbox 817 1140 1063 1206; x_wconf 83' lang='lat' dir='ltr'><strong>quoniam</strong></span> <span class='ocrx_word' id='word_1_67' title='bbox 1113 1138 1212 1205; x_wconf 86' lang='lat' dir='ltr'><strong>ipsi</strong></span> <span class='ocrx_word' id='word_1_68' title='bbox 1273 1137 1680 1193; x_wconf 77' lang='lat' dir='ltr'><strong>consolabuntur</strong></span> <span class='ocrx_word' id='word_1_69' title='bbox 1713 1139 1777 1192; x_wconf 84' lang='grc'><strong>³³.</strong></span> <span class='ocrx_word' id='word_1_70' title='bbox 1823 1139 1973 1192; x_wconf 80' lang='lat' dir='ltr'><strong>Beati</strong></span> <span class='ocrx_word' id='word_1_71' title='bbox 2021 1142 2110 1209; x_wconf 85' lang='lat' dir='ltr'><strong>qui</strong></span> 
     </span>
    </p>
   </div>
   <div class='ocr_carea' id='block_1_13' title="bbox 549 1228 2109 1298">
    <p class='ocr_par' dir='ltr' id='par_1_13' title="bbox 549 1228 2109 1298">
     <span class='ocr_line' id='line_1_13' title="bbox 549 1228 2109 1298; baseline 0.002 -17"><span class='ocrx_word' id='word_1_72' title='bbox 549 1229 692 1298; x_wconf 81' lang='lat' dir='ltr'><strong>ﬂent,</strong></span> <span class='ocrx_word' id='word_1_73' title='bbox 725 1229 971 1297; x_wconf 83' lang='lat' dir='ltr'><strong>quoniam</strong></span> <span class='ocrx_word' id='word_1_74' title='bbox 1001 1230 1100 1296; x_wconf 76' lang='lat' dir='ltr'><strong>ipsi</strong></span> <span class='ocrx_word' id='word_1_75' title='bbox 1128 1229 1366 1284; x_wconf 84' lang='lat' dir='ltr'><strong>ridebunt</strong></span> <span class='ocrx_word' id='word_1_76' title='bbox 1397 1231 1464 1285; x_wconf 76' lang='lat'><strong>“.</strong></span> <span class='ocrx_word' id='word_1_77' title='bbox 1494 1228 1594 1296; x_wconf 86' lang='lat' dir='ltr'><strong>Qui</strong></span> <span class='ocrx_word' id='word_1_78' title='bbox 1620 1230 1780 1298; x_wconf 82' lang='lat' dir='ltr'><strong>igitur</strong></span> <span class='ocrx_word' id='word_1_79' title='bbox 1806 1230 1922 1285; x_wconf 88' lang='lat' dir='ltr'><strong>dies</strong></span> <span class='ocrx_word' id='word_1_80' title='bbox 1953 1229 2109 1298; x_wconf 86' lang='lat' dir='ltr'><strong>hujus</strong></span> 
     </span>
    </p>
   </div>
   <div class='ocr_carea' id='block_1_14' title="bbox 547 1316 2106 1389">
    <p class='ocr_par' dir='ltr' id='par_1_14' title="bbox 547 1316 2106 1389">
     <span class='ocr_line' id='line_1_14' title="bbox 547 1316 2106 1389; baseline 0.002 -19"><span class='ocrx_word' id='word_1_81' title='bbox 547 1318 728 1372; x_wconf 68' lang='lat' dir='ltr'><strong>saeculi</strong></span> <span class='ocrx_word' id='word_1_82' title='bbox 783 1316 894 1384; x_wconf 88' lang='lat' dir='ltr'><strong>jam</strong></span> <span class='ocrx_word' id='word_1_83' title='bbox 947 1321 1460 1374; x_wconf 85' lang='lat' dir='ltr'><strong>consummationem</strong></span> <span class='ocrx_word' id='word_1_84' title='bbox 1524 1320 1869 1389; x_wconf 82' lang='lat' dir='ltr'><strong>attingontis,</strong></span> <span class='ocrx_word' id='word_1_85' title='bbox 1931 1331 1985 1374; x_wconf 89' lang='lat' dir='ltr'><strong>et</strong></span> <span class='ocrx_word' id='word_1_86' title='bbox 2042 1323 2106 1373; x_wconf 86' lang='lat' dir='ltr'><strong>ad</strong></span> 
     </span>
    </p>
   </div>
   <div class='ocr_carea' id='block_1_15' title="bbox 549 1410 2109 1481">
    <p class='ocr_par' dir='ltr' id='par_1_15' title="bbox 549 1410 2109 1481">
     <span class='ocr_line' id='line_1_15' title="bbox 549 1410 2109 1481; baseline 0.003 -19"><span class='ocrx_word' id='word_1_87' title='bbox 549 1423 705 1463; x_wconf 90' lang='lat' dir='ltr'><strong>suum</strong></span> <span class='ocrx_word' id='word_1_88' title='bbox 737 1425 986 1465; x_wconf 88' lang='lat' dir='ltr'><strong>occasum</strong></span> <span class='ocrx_word' id='word_1_89' title='bbox 1018 1413 1304 1479; x_wconf 81' lang='lat' dir='ltr'><strong>vergentis,</strong></span> <span class='ocrx_word' id='word_1_90' title='bbox 1336 1411 1389 1466; x_wconf 90' lang='lat' dir='ltr'><strong>in</strong></span> <span class='ocrx_word' id='word_1_91' title='bbox 1433 1410 1703 1481; x_wconf 92' lang='lat' dir='ltr'><strong>plorandis</strong></span> <span class='ocrx_word' id='word_1_92' title='bbox 1732 1413 1968 1481; x_wconf 83' lang='lat' dir='ltr'><strong>peccatis</strong></span> <span class='ocrx_word' id='word_1_93' title='bbox 1997 1412 2109 1466; x_wconf 86' lang='lat' dir='ltr'><strong>suis</strong></span> 
     </span>
    </p>
   </div>
   <div class='ocr_carea' id='block_1_16' title="bbox 554 1501 2111 1573">
    <p class='ocr_par' dir='ltr' id='par_1_16' title="bbox 554 1501 2111 1573">
     <span class='ocr_line' id='line_1_16' title="bbox 554 1501 2111 1573; baseline 0 -19"><span class='ocrx_word' id='word_1_94' title='bbox 554 1501 993 1570; x_wconf 87' lang='lat' dir='ltr'><strong>absumpserunt,</strong></span> <span class='ocrx_word' id='word_1_95' title='bbox 1013 1503 1063 1557; x_wconf 79' lang='lat' dir='ltr'><strong>lii</strong></span> <span class='ocrx_word' id='word_1_96' title='bbox 1090 1518 1218 1558; x_wconf 88' lang='lat' dir='ltr'><strong>vero</strong></span> <span class='ocrx_word' id='word_1_97' title='bbox 1247 1504 1336 1557; x_wconf 89' lang='lat' dir='ltr'><strong>illo</strong></span> <span class='ocrx_word' id='word_1_98' title='bbox 1359 1503 1621 1557; x_wconf 88' lang='lat' dir='ltr'><strong>matutino</strong></span> <span class='ocrx_word' id='word_1_99' title='bbox 1642 1502 2111 1573; x_wconf 52' lang='lat' dir='ltr'><strong>advenientqgau-</strong></span> 
     </span>
    </p>
   </div>
   <div class='ocr_carea' id='block_1_17' title="bbox 547 1590 2107 1663">
    <p class='ocr_par' dir='ltr' id='par_1_17' title="bbox 547 1590 2107 1663">
     <span class='ocr_line' id='line_1_17' title="bbox 547 1590 2107 1663; baseline 0.003 -19"><span class='ocrx_word' id='word_1_100' title='bbox 547 1590 771 1648; x_wconf 89' lang='lat' dir='ltr'><strong>debunt.</strong></span> <span class='ocrx_word' id='word_1_101' title='bbox 827 1591 932 1658; x_wconf 82' lang='lat' dir='ltr'><strong>Qui</strong></span> <span class='ocrx_word' id='word_1_102' title='bbox 973 1596 1109 1648; x_wconf 86' lang='lat' dir='ltr'><strong>enim</strong></span> <span class='ocrx_word' id='word_1_103' title='bbox 1155 1596 1409 1649; x_wconf 70' lang='lat' dir='ltr'><strong>seminam</strong></span> <span class='ocrx_word' id='word_1_104' title='bbox 1460 1610 1597 1647; x_wconf 83' lang='lat' dir='ltr'><strong>nunc</strong></span> <span class='ocrx_word' id='word_1_105' title='bbox 1646 1595 1700 1646; x_wconf 87' lang='lat' dir='ltr'><strong>in</strong></span> <span class='ocrx_word' id='word_1_106' title='bbox 1749 1594 2014 1663; x_wconf 78' lang='lat' dir='ltr'><strong>lacrymis,</strong></span> <span class='ocrx_word' id='word_1_107' title='bbox 2054 1596 2107 1648; x_wconf 87' lang='lat' dir='ltr'><strong>in</strong></span> 
     </span>
    </p>
   </div>
   <div class='ocr_carea' id='block_1_18' title="bbox 547 1673 2034 1750">
    <p class='ocr_par' dir='ltr' id='par_1_18' title="bbox 547 1673 2034 1750">
     <span class='ocr_line' id='line_1_18' title="bbox 547 1673 2034 1750; baseline 0.002 -16"><span class='ocrx_word' id='word_1_108' title='bbox 547 1673 1102 1737; x_wconf 71' lang='grc' dir='ltr'>εαδιιίιαιῖοηέηιειεηι</span> <span class='ocrx_word' id='word_1_109' title='bbox 1131 1684 1195 1750; x_wconf 85' lang='grc'><strong>³⁸,</strong></span> <span class='ocrx_word' id='word_1_110' title='bbox 1237 1686 1487 1738; x_wconf 88' lang='lat' dir='ltr'><strong>nimirum</strong></span> <span class='ocrx_word' id='word_1_111' title='bbox 1519 1685 1568 1736; x_wconf 91' lang='lat' dir='ltr'><strong>in</strong></span> <span class='ocrx_word' id='word_1_112' title='bbox 1603 1682 1782 1737; x_wconf 78' lang='lat' dir='ltr'><strong>futuro</strong></span> <span class='ocrx_word' id='word_1_113' title='bbox 1817 1684 2034 1738; x_wconf 67' lang='lat' dir='ltr'><strong>sacculo.</strong></span> 
     </span>
    </p>
   </div>
   <div class='ocr_carea' id='block_1_19' title="bbox 2216 583 3790 660">
    <p class='ocr_par' dir='ltr' id='par_1_19' title="bbox 2216 583 3790 660">
     <span class='ocr_line' id='line_1_19' title="bbox 2216 583 3790 660; baseline -0.003 -20"><span class='ocrx_word' id='word_1_114' title='bbox 2216 605 2370 660; x_wconf 87' lang='grc' dir='ltr'>μενα.</span> <span class='ocrx_word' id='word_1_115' title='bbox 2408 587 2678 658; x_wconf 82' lang='grc' dir='ltr'>Ἐσπέρας</span> <span class='ocrx_word' id='word_1_116' title='bbox 2720 585 2829 656; x_wconf 84' lang='grc' dir='ltr'>γὰρ</span> <span class='ocrx_word' id='word_1_117' title='bbox 2870 585 3094 657; x_wconf 81' lang='grc' dir='ltr'>ηὐλίσθη</span> <span class='ocrx_word' id='word_1_118' title='bbox 3129 584 3401 655; x_wconf 78' lang='grc' dir='ltr'>κλαυθμὸς</span> <span class='ocrx_word' id='word_1_119' title='bbox 3440 587 3552 646; x_wconf 84' lang='grc' dir='ltr'>τοῖς</span> <span class='ocrx_word' id='word_1_120' title='bbox 3605 583 3790 653; x_wconf 80' lang='grc' dir='ltr'>μαθη-</span> 
     </span>
    </p>
   </div>
   <div class='ocr_carea' id='block_1_20' title="bbox 2211 672 3789 750">
    <p class='ocr_par' dir='ltr' id='par_1_20' title="bbox 2211 672 3789 750">
     <span class='ocr_line' id='line_1_20' title="bbox 2211 672 3789 750; baseline -0.004 -19"><span class='ocrx_word' id='word_1_121' title='bbox 2211 683 2328 741; x_wconf 85' lang='grc' dir='ltr'>ταῖς</span> <span class='ocrx_word' id='word_1_122' title='bbox 2359 678 2452 732; x_wconf 83' lang='grc' dir='ltr'>τοῦ</span> <span class='ocrx_word' id='word_1_123' title='bbox 2479 678 2704 750; x_wconf 80' lang='grc' dir='ltr'><strong>Κυρίου,</strong></span> <span class='ocrx_word' id='word_1_124' title='bbox 2731 678 2816 730; x_wconf 85' lang='grc' dir='ltr'>ὅτε</span> <span class='ocrx_word' id='word_1_125' title='bbox 2847 676 3070 729; x_wconf 71' lang='grc' dir='ltr'>ἔϐλεπον</span> <span class='ocrx_word' id='word_1_126' title='bbox 3105 676 3265 728; x_wconf 75' lang='grc' dir='ltr'>αὐτὸν</span> <span class='ocrx_word' id='word_1_127' title='bbox 3298 675 3386 727; x_wconf 72' lang='grc' dir='ltr'>ἐπὶ</span> <span class='ocrx_word' id='word_1_128' title='bbox 3411 672 3505 726; x_wconf 77' lang='grc' dir='ltr'>τοῦ</span> <span class='ocrx_word' id='word_1_129' title='bbox 3545 673 3789 744; x_wconf 76' lang='grc' dir='ltr'>σταυροῦ</span> 
     </span>
    </p>
   </div>
   <div class='ocr_carea' id='block_1_21' title="bbox 2212 764 3790 842">
    <p class='ocr_par' dir='ltr' id='par_1_21' title="bbox 2212 764 3790 842">
     <span class='ocr_line' id='line_1_21' title="bbox 2212 764 3790 842; baseline -0.005 -20"><span class='ocrx_word' id='word_1_130' title='bbox 2212 771 2588 842; x_wconf 72' lang='grc' dir='ltr'>κρεμάμενον*</span> <span class='ocrx_word' id='word_1_131' title='bbox 2621 768 2680 821; x_wconf 80' lang='grc' dir='ltr'><strong>τὸ</strong></span> <span class='ocrx_word' id='word_1_132' title='bbox 2709 768 2766 820; x_wconf 80' lang='grc' dir='ltr'>δὲ</span> <span class='ocrx_word' id='word_1_133' title='bbox 2799 767 2945 838; x_wconf 71' lang='grc' dir='ltr'>πρωὶ</span> <span class='ocrx_word' id='word_1_134' title='bbox 2981 766 3313 834; x_wconf 74' lang='grc' dir='ltr'>ἀγαλλίασις,</span> <span class='ocrx_word' id='word_1_135' title='bbox 3356 767 3444 818; x_wconf 80' lang='grc' dir='ltr'><strong>ὅτε</strong></span> <span class='ocrx_word' id='word_1_136' title='bbox 3499 764 3639 834; x_wconf 83' lang='grc' dir='ltr'><strong>μετά</strong></span> <span class='ocrx_word' id='word_1_137' title='bbox 3681 766 3790 833; x_wconf 72' lang='grc' dir='ltr'><strong>τὴν</strong></span> 
     </span>
    </p>
   </div>
   <div class='ocr_carea' id='block_1_22' title="bbox 2209 855 3789 930">
    <p class='ocr_par' dir='ltr' id='par_1_22' title="bbox 2209 855 3789 930">
     <span class='ocr_line' id='line_1_22' title="bbox 2209 855 3789 930; baseline -0.006 -15"><span class='ocrx_word' id='word_1_138' title='bbox 2209 861 2500 915; x_wconf 76' lang='grc' dir='ltr'><strong>ἀνάστασιν</strong></span> <span class='ocrx_word' id='word_1_139' title='bbox 2543 861 2813 930; x_wconf 79' lang='grc' dir='ltr'>διέτρεχον</span> <span class='ocrx_word' id='word_1_140' title='bbox 2863 858 2999 929; x_wconf 85' lang='grc' dir='ltr'>μετὰ</span> <span class='ocrx_word' id='word_1_141' title='bbox 3043 860 3214 929; x_wconf 83' lang='grc' dir='ltr'>χαρᾶς</span> <span class='ocrx_word' id='word_1_142' title='bbox 3262 856 3508 927; x_wconf 84' lang='grc' dir='ltr'>ἀλλήλοις</span> <span class='ocrx_word' id='word_1_143' title='bbox 3548 855 3789 916; x_wconf 77' lang='grc' dir='ltr'>διδόντες</span> 
     </span>
    </p>
   </div>
   <div class='ocr_carea' id='block_1_23' title="bbox 2208 947 3789 1021">
    <p class='ocr_par' dir='ltr' id='par_1_23' title="bbox 2208 947 3789 1021">
     <span class='ocr_line' id='line_1_23' title="bbox 2208 947 3789 1021; baseline -0.005 -15"><span class='ocrx_word' id='word_1_144' title='bbox 2208 953 2277 1006; x_wconf 73' lang='grc' dir='ltr'>τὰ</span> <span class='ocrx_word' id='word_1_145' title='bbox 2328 953 2612 1020; x_wconf 82' lang='grc' dir='ltr'>εὐαγγέλια</span> <span class='ocrx_word' id='word_1_146' title='bbox 2659 952 2758 1021; x_wconf 80' lang='grc' dir='ltr'>τῆς</span> <span class='ocrx_word' id='word_1_147' title='bbox 2810 949 3072 1012; x_wconf 82' lang='grc' dir='ltr'>ὀπτασίας</span> <span class='ocrx_word' id='word_1_148' title='bbox 3116 947 3208 1002; x_wconf 79' lang='grc' dir='ltr'>τοῦ</span> <span class='ocrx_word' id='word_1_149' title='bbox 3257 948 3482 1019; x_wconf 84' lang='grc' dir='ltr'>Κυρίου.</span> <span class='ocrx_word' id='word_1_150' title='bbox 3527 949 3596 1000; x_wconf 83' lang='grc' dir='ltr'>Ἣ</span> <span class='ocrx_word' id='word_1_151' title='bbox 3642 947 3789 1016; x_wconf 76' lang='grc' dir='ltr'>τάχα</span> 
     </span>
    </p>
   </div>
   <div class='ocr_carea' id='block_1_24' title="bbox 2217 1032 3789 1115">
    <p class='ocr_par' dir='ltr' id='par_1_24' title="bbox 2217 1032 3789 1115">
     <span class='ocr_line' id='line_1_24' title="bbox 2217 1032 3789 1115; baseline -0.006 -17"><span class='ocrx_word' id='word_1_152' title='bbox 2217 1047 2310 1098; x_wconf 71' lang='grc' dir='ltr'><strong>καὶ</strong></span> <span class='ocrx_word' id='word_1_153' title='bbox 2348 1045 2645 1106; x_wconf 80' lang='grc' dir='ltr'>καθολικῶς</span> <span class='ocrx_word' id='word_1_154' title='bbox 2685 1042 2886 1115; x_wconf 78' lang='grc' dir='ltr'>ἑσπέρα</span> <span class='ocrx_word' id='word_1_155' title='bbox 2911 1045 2939 1095; x_wconf 84' lang='grc' dir='ltr'><strong>ό</strong></span> <span class='ocrx_word' id='word_1_156' title='bbox 2971 1041 3103 1095; x_wconf 84' lang='grc' dir='ltr'>αἰὼν</span> <span class='ocrx_word' id='word_1_157' title='bbox 3130 1032 3281 1104; x_wconf 73' lang='grc' dir='ltr'>οὗτος</span> <span class='ocrx_word' id='word_1_158' title='bbox 3314 1039 3545 1108; x_wconf 80' lang='grc' dir='ltr'>λέγεται,</span> <span class='ocrx_word' id='word_1_159' title='bbox 3578 1041 3638 1091; x_wconf 79' lang='grc' dir='ltr'>ἑν</span> <span class='ocrx_word' id='word_1_160' title='bbox 3663 1032 3707 1104; x_wconf 79' lang='grc' dir='ltr'>ᾧ</span> <span class='ocrx_word' id='word_1_161' title='bbox 3736 1037 3789 1089; x_wconf 80' lang='grc' dir='ltr'><strong>σί</strong></span> 
     </span>
    </p>
   </div>
   <div class='ocr_carea' id='block_1_25' title="bbox 2217 1131 3783 1207">
    <p class='ocr_par' dir='ltr' id='par_1_25' title="bbox 2217 1131 3783 1207">
     <span class='ocr_line' id='line_1_25' title="bbox 2217 1131 3783 1207; baseline -0.005 -18"><span class='ocrx_word' id='word_1_162' title='bbox 2217 1137 2497 1207; x_wconf 79' lang='grc' dir='ltr'>μακαρίως</span> <span class='ocrx_word' id='word_1_163' title='bbox 2527 1135 2874 1197; x_wconf 76' lang='grc' dir='ltr'>κλαύσαντες,</span> <span class='ocrx_word' id='word_1_164' title='bbox 2911 1134 3008 1204; x_wconf 80' lang='grc' dir='ltr'>τῆς</span> <span class='ocrx_word' id='word_1_165' title='bbox 3049 1134 3259 1204; x_wconf 80' lang='grc' dir='ltr'>πρωίας</span> <span class='ocrx_word' id='word_1_166' title='bbox 3288 1131 3643 1200; x_wconf 76' lang='grc' dir='ltr'>ἐπελθούσης,</span> <span class='ocrx_word' id='word_1_167' title='bbox 3674 1147 3783 1182; x_wconf 78' lang='grc' dir='ltr'>πα·</span> 
     </span>
    </p>
   </div>
   <div class='ocr_carea' id='block_1_26' title="bbox 2217 1222 3786 1298">
    <p class='ocr_par' dir='ltr' id='par_1_26' title="bbox 2217 1222 3786 1298">
     <span class='ocr_line' id='line_1_26' title="bbox 2217 1222 3786 1298; baseline -0.004 -19"><span class='ocrx_word' id='word_1_168' title='bbox 2217 1228 2662 1298; x_wconf 82' lang='grc' dir='ltr'>ρακληθήσονται.</span> <span class='ocrx_word' id='word_1_169' title='bbox 2698 1224 2984 1292; x_wconf 79' lang='grc' dir='ltr'>Μακάριοι</span> <span class='ocrx_word' id='word_1_170' title='bbox 3011 1224 3119 1294; x_wconf 78' lang='grc' dir='ltr'>γὰρ</span> <span class='ocrx_word' id='word_1_171' title='bbox 3161 1226 3216 1277; x_wconf 81' lang='grc' dir='ltr'>οἱ</span> <span class='ocrx_word' id='word_1_172' title='bbox 3261 1222 3644 1286; x_wconf 74' lang='grc' dir='ltr'>πενθοῦντες,</span> <span class='ocrx_word' id='word_1_173' title='bbox 3689 1222 3786 1272; x_wconf 78' lang='grc' dir='ltr'>ὅτι</span> 
     </span>
    </p>
   </div>
   <div class='ocr_carea' id='block_1_27' title="bbox 2213 1315 3782 1385">
    <p class='ocr_par' dir='ltr' id='par_1_27' title="bbox 2213 1315 3782 1385">
     <span class='ocr_line' id='line_1_27' title="bbox 2213 1315 3782 1385; baseline -0.003 -14"><span class='ocrx_word' id='word_1_174' title='bbox 2213 1319 2380 1372; x_wconf 80' lang='grc' dir='ltr'>αὐτοὶ</span> <span class='ocrx_word' id='word_1_175' title='bbox 2421 1315 3004 1385; x_wconf 73' lang='grc' dir='ltr'>παρακληθήσονται.</span> <span class='ocrx_word' id='word_1_176' title='bbox 3037 1316 3318 1381; x_wconf 78' lang='grc' dir='ltr'>Μακάριοι</span> <span class='ocrx_word' id='word_1_177' title='bbox 3346 1318 3398 1368; x_wconf 74' lang='grc' dir='ltr'>οἱ</span> <span class='ocrx_word' id='word_1_178' title='bbox 3440 1315 3782 1379; x_wconf 74' lang='grc' dir='ltr'>κλαίοντες,</span> 
     </span>
    </p>
   </div>
   <div class='ocr_carea' id='block_1_28' title="bbox 2211 1404 3782 1478">
    <p class='ocr_par' dir='ltr' id='par_1_28' title="bbox 2211 1404 3782 1478">
     <span class='ocr_line' id='line_1_28' title="bbox 2211 1404 3782 1478; baseline -0.004 -16"><span class='ocrx_word' id='word_1_179' title='bbox 2211 1409 2490 1463; x_wconf 79' lang='grc' dir='ltr'>ὅτιάὺτοὶ</span> <span class='ocrx_word' id='word_1_180' title='bbox 2529 1409 2902 1477; x_wconf 77' lang='grc' dir='ltr'>γελάσσυσιν</span> <span class='ocrx_word' id='word_1_181' title='bbox 3093 1410 3154 1459; x_wconf 85' lang='lat' dir='ltr'><strong>Ui</strong></span> <span class='ocrx_word' id='word_1_182' title='bbox 3185 1404 3277 1461; x_wconf 84' lang='grc' dir='ltr'><strong>οὖν</strong></span> <span class='ocrx_word' id='word_1_183' title='bbox 3305 1406 3402 1468; x_wconf 84' lang='grc' dir='ltr'>τὰς</span> <span class='ocrx_word' id='word_1_184' title='bbox 3436 1406 3650 1476; x_wconf 78' lang='grc' dir='ltr'>ἡμέρας</span> <span class='ocrx_word' id='word_1_185' title='bbox 3680 1404 3782 1457; x_wconf 80' lang='grc' dir='ltr'>τοῦ</span> 
     </span>
    </p>
   </div>
   <div class='ocr_carea' id='block_1_29' title="bbox 2209 1497 3786 1570">
    <p class='ocr_par' dir='ltr' id='par_1_29' title="bbox 2209 1497 3786 1570">
     <span class='ocr_line' id='line_1_29' title="bbox 2209 1497 3786 1570; baseline -0.003 -16"><span class='ocrx_word' id='word_1_186' title='bbox 2209 1502 2402 1564; x_wconf 81' lang='grc' dir='ltr'>αἰῶνος</span> <span class='ocrx_word' id='word_1_187' title='bbox 2446 1501 2635 1554; x_wconf 85' lang='grc' dir='ltr'>τούτου</span> <span class='ocrx_word' id='word_1_188' title='bbox 2679 1500 2770 1552; x_wconf 74' lang='grc' dir='ltr'><strong>ἐπὶ</strong></span> <span class='ocrx_word' id='word_1_189' title='bbox 2804 1500 3081 1570; x_wconf 70' lang='grc' dir='ltr'>συντελείᾳ</span> <span class='ocrx_word' id='word_1_190' title='bbox 3129 1499 3228 1570; x_wconf 75' lang='grc' dir='ltr'>ήδη</span> <span class='ocrx_word' id='word_1_191' title='bbox 3275 1499 3459 1562; x_wconf 78' lang='grc' dir='ltr'>δντος,</span> <span class='ocrx_word' id='word_1_192' title='bbox 3509 1498 3602 1551; x_wconf 79' lang='grc' dir='ltr'>καὶ</span> <span class='ocrx_word' id='word_1_193' title='bbox 3641 1497 3786 1568; x_wconf 56' lang='lat' dir='ltr'><strong>ergo;</strong></span> 
     </span>
    </p>
   </div>
   <div class='ocr_carea' id='block_1_30' title="bbox 2205 1590 3785 1664">
    <p class='ocr_par' dir='ltr' id='par_1_30' title="bbox 2205 1590 3785 1664">
     <span class='ocr_line' id='line_1_30' title="bbox 2205 1590 3785 1664; baseline -0.004 -17"><span class='ocrx_word' id='word_1_194' title='bbox 2205 1594 2303 1658; x_wconf 78' lang='grc' dir='ltr'>τὰς</span> <span class='ocrx_word' id='word_1_195' title='bbox 2348 1593 2541 1646; x_wconf 72' lang='grc' dir='ltr'>ἑαυτοῦ</span> <span class='ocrx_word' id='word_1_196' title='bbox 2582 1592 2788 1664; x_wconf 85' lang='grc' dir='ltr'>δυσμὰς</span> <span class='ocrx_word' id='word_1_197' title='bbox 2835 1592 3215 1655; x_wconf 83' lang='grc' dir='ltr'>ἀποκλίνοντος</span> <span class='ocrx_word' id='word_1_198' title='bbox 3256 1591 3388 1661; x_wconf 82' lang='grc'><strong>(58),</strong></span> <span class='ocrx_word' id='word_1_199' title='bbox 3432 1592 3488 1643; x_wconf 82' lang='grc' dir='ltr'>ὲν</span> <span class='ocrx_word' id='word_1_200' title='bbox 3531 1590 3606 1661; x_wconf 78' lang='grc' dir='ltr'><strong>τῷ</strong></span> <span class='ocrx_word' id='word_1_201' title='bbox 3643 1592 3785 1642; x_wconf 83' lang='grc' dir='ltr'>ἀπο-</span> 
     </span>
    </p>
   </div>
   <div class='ocr_carea' id='block_1_31' title="bbox 2208 1679 3785 1755">
    <p class='ocr_par' dir='ltr' id='par_1_31' title="bbox 2208 1679 3785 1755">
     <span class='ocr_line' id='line_1_31' title="bbox 2208 1679 3785 1755; baseline -0.002 -17"><span class='ocrx_word' id='word_1_202' title='bbox 2208 1686 2428 1739; x_wconf 77' lang='grc' dir='ltr'>κλαίεινι</span> <span class='ocrx_word' id='word_1_203' title='bbox 2462 1686 2560 1748; x_wconf 81' lang='grc' dir='ltr'><strong>τὰς</strong></span> <span class='ocrx_word' id='word_1_204' title='bbox 2612 1687 2826 1738; x_wconf 82' lang='grc' dir='ltr'>ἑαυτῶν</span> <span class='ocrx_word' id='word_1_205' title='bbox 2879 1686 3149 1755; x_wconf 85' lang='grc' dir='ltr'>ἁμαρτίας</span> <span class='ocrx_word' id='word_1_206' title='bbox 3196 1684 3576 1752; x_wconf 77' lang='grc' dir='ltr'>διαγαγόντες,</span> <span class='ocrx_word' id='word_1_207' title='bbox 3631 1679 3785 1736; x_wconf 65' lang='grc' dir='ltr'>οἱτοι</span> 
     </span>
    </p>
   </div>
   <div class='ocr_carea' id='block_1_32' title="bbox 545 1772 3780 1847">
    <p class='ocr_par' dir='ltr' id='par_1_32' title="bbox 545 1772 3780 1847">
     <span class='ocr_line' id='line_1_32' title="bbox 545 1772 3780 1847; baseline 0 -21"><span class='ocrx_word' id='word_1_208' title='bbox 545 1774 646 1842; x_wconf 84' lang='grc' dir='ltr'><strong>τῆς</strong></span> <span class='ocrx_word' id='word_1_209' title='bbox 681 1772 936 1843; x_wconf 81' lang='grc' dir='ltr'>ἀληθινῆς</span> <span class='ocrx_word' id='word_1_210' title='bbox 963 1776 1177 1846; x_wconf 80' lang='grc' dir='ltr'>ἐκείνης</span> <span class='ocrx_word' id='word_1_211' title='bbox 1211 1777 1421 1846; x_wconf 87' lang='grc' dir='ltr'>πρωίας</span> <span class='ocrx_word' id='word_1_212' title='bbox 1452 1775 1780 1847; x_wconf 77' lang='grc' dir='ltr'>ἐπελθούσης</span> <span class='ocrx_word' id='word_1_213' title='bbox 1821 1777 2254 1844; x_wconf 85' lang='grc' dir='ltr'>ἀγαλλιάσονται.</span> <span class='ocrx_word' id='word_1_214' title='bbox 2304 1782 2367 1832; x_wconf 77' lang='lat' dir='ltr'><strong>Ol</strong></span> <span class='ocrx_word' id='word_1_215' title='bbox 2402 1779 2752 1846; x_wconf 72' lang='grc' dir='ltr'>σπείροντες</span> <span class='ocrx_word' id='word_1_216' title='bbox 2792 1777 2898 1847; x_wconf 69' lang='grc' dir='ltr'>γὰρ</span> <span class='ocrx_word' id='word_1_217' title='bbox 2931 1779 3000 1832; x_wconf 81' lang='grc' dir='ltr'><strong>ἐν</strong></span> <span class='ocrx_word' id='word_1_218' title='bbox 3032 1774 3284 1846; x_wconf 61' lang='grc' dir='ltr'>δάκρυσι</span> <span class='ocrx_word' id='word_1_219' title='bbox 3315 1775 3451 1841; x_wconf 73' lang='grc' dir='ltr'><strong>νῦν,</strong></span> <span class='ocrx_word' id='word_1_220' title='bbox 3483 1774 3553 1826; x_wconf 82' lang='grc' dir='ltr'><strong>ἐν</strong></span> <span class='ocrx_word' id='word_1_221' title='bbox 3585 1774 3780 1843; x_wconf 67' lang='grc' dir='ltr'>ἀγαλ-</span> 
     </span>
    </p>
   </div>
   <div class='ocr_carea' id='block_1_33' title="bbox 544 1869 1888 1940">
    <p class='ocr_par' dir='ltr' id='par_1_33' title="bbox 544 1869 1888 1940">
     <span class='ocr_line' id='line_1_33' title="bbox 544 1869 1888 1940; baseline 0 -16"><span class='ocrx_word' id='word_1_222' title='bbox 544 1869 742 1925; x_wconf 70' lang='grc' dir='ltr'>λιάσει</span> <span class='ocrx_word' id='word_1_223' title='bbox 791 1870 1084 1938; x_wconf 77' lang='grc' dir='ltr'>θεριοῦσι·</span> <span class='ocrx_word' id='word_1_224' title='bbox 1135 1869 1333 1940; x_wconf 73' lang='grc' dir='ltr'>δηλαδὴ</span> <span class='ocrx_word' id='word_1_225' title='bbox 1386 1870 1521 1940; x_wconf 87' lang='grc' dir='ltr'>πρὸς</span> <span class='ocrx_word' id='word_1_226' title='bbox 1553 1870 1614 1922; x_wconf 76' lang='grc' dir='ltr'>τὸ</span> <span class='ocrx_word' id='word_1_227' title='bbox 1679 1869 1888 1939; x_wconf 77' lang='grc' dir='ltr'>μέλλον.</span> 
     </span>
    </p>
   </div>
   <div class='ocr_carea' id='block_1_34' title="bbox 617 1959 2102 2033">
    <p class='ocr_par' dir='ltr' id='par_1_34' title="bbox 617 1959 2102 2031">
     <span class='ocr_line' id='line_1_34' title="bbox 617 1959 2102 2031; baseline 0 -17"><span class='ocrx_word' id='word_1_228' title='bbox 617 1961 671 2016; x_wconf 83' lang='grc'>5.</span> <span class='ocrx_word' id='word_1_229' title='bbox 716 1960 877 2015; x_wconf 71' lang='lat' dir='ltr'><strong>Vens.</strong></span> <span class='ocrx_word' id='word_1_230' title='bbox 915 1961 966 2014; x_wconf 85' lang='lat'><strong>7.</strong></span> <span class='ocrx_word' id='word_1_231' title='bbox 1008 1959 1121 2031; x_wconf 88' lang='lat' dir='ltr'><strong>Ego</strong></span> <span class='ocrx_word' id='word_1_232' title='bbox 1152 1971 1324 2014; x_wconf 87' lang='lat' dir='ltr'><strong>autem</strong></span> <span class='ocrx_word' id='word_1_233' title='bbox 1360 1963 1471 2015; x_wconf 75' lang='lat' dir='ltr'><strong>dixi</strong></span> <span class='ocrx_word' id='word_1_234' title='bbox 1506 1963 1559 2015; x_wconf 77' lang='lat' dir='ltr'><strong>in</strong></span> <span class='ocrx_word' id='word_1_235' title='bbox 1594 1963 1921 2015; x_wconf 78' lang='lat' dir='ltr'><strong>abundantia</strong></span> <span class='ocrx_word' id='word_1_236' title='bbox 1971 1979 2102 2028; x_wconf 86' lang='lat' dir='ltr'><strong>mea,</strong></span> 
     </span>
    </p>
   </div>
   <div class='ocr_carea' id='block_1_35' title="bbox 2203 1959 3782 2033">
    <p class='ocr_par' dir='ltr' id='par_1_35' title="bbox 2278 1961 3782 2033">
     <span class='ocr_line' id='line_1_35' title="bbox 2278 1961 3782 2033; baseline -0.001 -16"><span class='ocrx_word' id='word_1_237' title='bbox 2278 1963 2331 2018; x_wconf 83' lang='lat'><strong>5.</strong></span> <span class='ocrx_word' id='word_1_238' title='bbox 2386 1963 2532 2033; x_wconf 80' lang='grc' dir='ltr'><strong>Ἐγὼ</strong></span> <span class='ocrx_word' id='word_1_239' title='bbox 2564 1962 2633 2016; x_wconf 74' lang='grc' dir='ltr'>δὲ</span> <span class='ocrx_word' id='word_1_240' title='bbox 2684 1961 2823 2018; x_wconf 73' lang='grc' dir='ltr'>εἶπα</span> <span class='ocrx_word' id='word_1_241' title='bbox 2875 1965 2942 2016; x_wconf 73' lang='grc' dir='ltr'><strong>ἐν</strong></span> <span class='ocrx_word' id='word_1_242' title='bbox 2974 1962 3049 2030; x_wconf 78' lang='grc' dir='ltr'>τῇ</span> <span class='ocrx_word' id='word_1_243' title='bbox 3079 1963 3322 2031; x_wconf 77' lang='grc' dir='ltr'>εὐθηνίςι</span> <span class='ocrx_word' id='word_1_244' title='bbox 3365 1976 3506 2032; x_wconf 81' lang='grc' dir='ltr'>μου⁶</span> <span class='ocrx_word' id='word_1_245' title='bbox 3559 1965 3642 2016; x_wconf 86' lang='grc' dir='ltr'><strong>Οὺ</strong></span> <span class='ocrx_word' id='word_1_246' title='bbox 3687 1962 3782 2031; x_wconf 78' lang='grc' dir='ltr'><strong>μὴ</strong></span> 
     </span>
    </p>
   </div>
   <div class='ocr_carea' id='block_1_36' title="bbox 549 2050 2100 2119">
    <p class='ocr_par' dir='ltr' id='par_1_36' title="bbox 549 2050 2100 2119">
     <span class='ocr_line' id='line_1_36' title="bbox 549 2050 2100 2119; baseline 0.003 -13"><span class='ocrx_word' id='word_1_247' title='bbox 549 2050 673 2106; x_wconf 86' lang='lat' dir='ltr'><strong>Non</strong></span> <span class='ocrx_word' id='word_1_248' title='bbox 723 2052 959 2107; x_wconf 79' lang='lat' dir='ltr'><strong>merebor</strong></span> <span class='ocrx_word' id='word_1_249' title='bbox 1002 2053 1056 2105; x_wconf 86' lang='lat' dir='ltr'><strong>in</strong></span> <span class='ocrx_word' id='word_1_250' title='bbox 1105 2061 1377 2106; x_wconf 65' lang='lat' dir='ltr'><strong>(sternam.</strong></span> <span class='ocrx_word' id='word_1_251' title='bbox 1413 2053 1872 2119; x_wconf 84' lang='lat' dir='ltr'><strong>Quemadmodum</strong></span> <span class='ocrx_word' id='word_1_252' title='bbox 1915 2069 2100 2110; x_wconf 87' lang='lat' dir='ltr'><strong>earum</strong></span> 
     </span>
    </p>
   </div>
   <div class='ocr_carea' id='block_1_37' title="bbox 547 2144 2106 2216">
    <p class='ocr_par' dir='ltr' id='par_1_37' title="bbox 547 2144 2106 2216">
     <span class='ocr_line' id='line_1_37' title="bbox 547 2144 2106 2216; baseline 0.002 -17"><span class='ocrx_word' id='word_1_253' title='bbox 547 2160 728 2200; x_wconf 89' lang='lat' dir='ltr'><strong>rerum</strong></span> <span class='ocrx_word' id='word_1_254' title='bbox 777 2161 898 2214; x_wconf 77' lang='lat' dir='ltr'><strong>quae</strong></span> <span class='ocrx_word' id='word_1_255' title='bbox 942 2146 993 2198; x_wconf 91' lang='lat' dir='ltr'><strong>in</strong></span> <span class='ocrx_word' id='word_1_256' title='bbox 1041 2144 1158 2199; x_wconf 83' lang='lat' dir='ltr'><strong>foro</strong></span> <span class='ocrx_word' id='word_1_257' title='bbox 1202 2146 1501 2201; x_wconf 85' lang='lat' dir='ltr'><strong>venduntur</strong></span> <span class='ocrx_word' id='word_1_258' title='bbox 1544 2146 1720 2216; x_wconf 89' lang='lat' dir='ltr'><strong>c0pia,</strong></span> <span class='ocrx_word' id='word_1_259' title='bbox 1751 2146 1984 2201; x_wconf 86' lang='lat' dir='ltr'><strong>civitatis</strong></span> <span class='ocrx_word' id='word_1_260' title='bbox 2022 2157 2106 2202; x_wconf 88' lang='lat' dir='ltr'><strong>est</strong></span> 
     </span>
    </p>
   </div>
   <div class='ocr_carea' id='block_1_38' title="bbox 549 2235 2104 2307">
    <p class='ocr_par' dir='ltr' id='par_1_38' title="bbox 549 2235 2104 2307">
     <span class='ocr_line' id='line_1_38' title="bbox 549 2235 2104 2307; baseline 0.001 -16"><span class='ocrx_word' id='word_1_261' title='bbox 549 2238 902 2301; x_wconf 83' lang='lat' dir='ltr'><strong>abundantia,</strong></span> <span class='ocrx_word' id='word_1_262' title='bbox 922 2247 970 2291; x_wconf 92' lang='lat' dir='ltr'><strong>el</strong></span> <span class='ocrx_word' id='word_1_263' title='bbox 997 2235 1444 2306; x_wconf 85' lang='lat' dir='ltr'><strong>quemadmodum</strong></span> <span class='ocrx_word' id='word_1_264' title='bbox 1472 2239 1747 2306; x_wconf 82' lang='lat' dir='ltr'><strong>regionem</strong></span> <span class='ocrx_word' id='word_1_265' title='bbox 1775 2253 1894 2307; x_wconf 76' lang='lat' dir='ltr'><strong>quae</strong></span> <span class='ocrx_word' id='word_1_266' title='bbox 1917 2238 2104 2293; x_wconf 82' lang='lat' dir='ltr'><strong>fructi-</strong></span> 
     </span>
    </p>
   </div>
   <div class='ocr_carea' id='block_1_39' title="bbox 545 2327 2104 2394">
    <p class='ocr_par' dir='ltr' id='par_1_39' title="bbox 545 2327 2104 2394">
     <span class='ocr_line' id='line_1_39' title="bbox 545 2327 2104 2394; baseline 0.001 -12"><span class='ocrx_word' id='word_1_267' title='bbox 545 2327 645 2382; x_wconf 89' lang='lat' dir='ltr'><strong>bus</strong></span> <span class='ocrx_word' id='word_1_268' title='bbox 683 2329 863 2383; x_wconf 89' lang='lat' dir='ltr'><strong>multis</strong></span> <span class='ocrx_word' id='word_1_269' title='bbox 905 2329 1100 2383; x_wconf 78' lang='lat' dir='ltr'><strong>referta</strong></span> <span class='ocrx_word' id='word_1_270' title='bbox 1149 2337 1253 2394; x_wconf 89' lang='lat' dir='ltr'><strong>est,</strong></span> <span class='ocrx_word' id='word_1_271' title='bbox 1286 2329 1560 2383; x_wconf 88' lang='lat' dir='ltr'><strong>abundare</strong></span> <span class='ocrx_word' id='word_1_272' title='bbox 1609 2330 1839 2385; x_wconf 90' lang='lat' dir='ltr'><strong>dicimus</strong></span> <span class='ocrx_word' id='word_1_273' title='bbox 1873 2349 1887 2385; x_wconf 93' lang='lat'><strong>:</strong></span> <span class='ocrx_word' id='word_1_274' title='bbox 1919 2332 1999 2386; x_wconf 88' lang='lat' dir='ltr'><strong>sic</strong></span> <span class='ocrx_word' id='word_1_275' title='bbox 2051 2339 2104 2385; x_wconf 91' lang='lat' dir='ltr'><strong>et</strong></span> 
     </span>
    </p>
   </div>
   <div class='ocr_carea' id='block_1_40' title="bbox 545 2419 2104 2493">
    <p class='ocr_par' dir='ltr' id='par_1_40' title="bbox 545 2419 2104 2493">
     <span class='ocr_line' id='line_1_40' title="bbox 545 2419 2104 2493; baseline 0.002 -20"><span class='ocrx_word' id='word_1_276' title='bbox 545 2421 740 2474; x_wconf 72' lang='lat' dir='ltr'><strong>anima:</strong></span> <span class='ocrx_word' id='word_1_277' title='bbox 789 2421 1029 2490; x_wconf 61' lang='lat' dir='ltr'><strong>quaedam</strong></span> <span class='ocrx_word' id='word_1_278' title='bbox 1083 2429 1168 2474; x_wconf 92' lang='lat' dir='ltr'><strong>est</strong></span> <span class='ocrx_word' id='word_1_279' title='bbox 1221 2419 1578 2485; x_wconf 86' lang='lat' dir='ltr'><strong>abundantia,</strong></span> <span class='ocrx_word' id='word_1_280' title='bbox 1629 2421 1751 2475; x_wconf 90' lang='lat' dir='ltr'><strong>dum</strong></span> <span class='ocrx_word' id='word_1_281' title='bbox 1801 2423 2104 2493; x_wconf 78' lang='lat' dir='ltr'><strong>omnigenis</strong></span> 
     </span>
    </p>
   </div>
   <div class='ocr_carea' id='block_1_41' title="bbox 545 2510 2104 2583">
    <p class='ocr_par' dir='ltr' id='par_1_41' title="bbox 545 2510 2104 2583">
     <span class='ocr_line' id='line_1_41' title="bbox 545 2510 2104 2583; baseline 0.003 -19"><span class='ocrx_word' id='word_1_282' title='bbox 545 2510 797 2580; x_wconf 83' lang='lat' dir='ltr'><strong>operibus</strong></span> <span class='ocrx_word' id='word_1_283' title='bbox 839 2511 1039 2581; x_wconf 87' lang='lat' dir='ltr'><strong>repleta</strong></span> <span class='ocrx_word' id='word_1_284' title='bbox 1079 2521 1160 2566; x_wconf 89' lang='lat' dir='ltr'><strong>est</strong></span> <span class='ocrx_word' id='word_1_285' title='bbox 1189 2529 1202 2565; x_wconf 89' lang='lat'>:</span> <span class='ocrx_word' id='word_1_286' title='bbox 1233 2527 1393 2581; x_wconf 88' lang='lat' dir='ltr'><strong>quam</strong></span> <span class='ocrx_word' id='word_1_287' title='bbox 1428 2514 1656 2582; x_wconf 86' lang='lat' dir='ltr'><strong>primum</strong></span> <span class='ocrx_word' id='word_1_288' title='bbox 1689 2514 1906 2583; x_wconf 87' lang='lat' dir='ltr'><strong>quidem</strong></span> <span class='ocrx_word' id='word_1_289' title='bbox 1938 2515 2104 2568; x_wconf 89' lang='lat' dir='ltr'><strong>multo</strong></span> 
     </span>
    </p>
   </div>
   <div class='ocr_carea' id='block_1_42' title="bbox 544 2602 2100 2676">
    <p class='ocr_par' dir='ltr' id='par_1_42' title="bbox 544 2602 2100 2676">
     <span class='ocr_line' id='line_1_42' title="bbox 544 2602 2100 2676; baseline 0.003 -16"><span class='ocrx_word' id='word_1_290' title='bbox 544 2617 669 2660; x_wconf 79' lang='lat' dir='ltr'><strong>eum</strong></span> <span class='ocrx_word' id='word_1_291' title='bbox 697 2602 882 2659; x_wconf 88' lang='lat' dir='ltr'><strong>labore</strong></span> <span class='ocrx_word' id='word_1_292' title='bbox 907 2605 1079 2659; x_wconf 78' lang='lat' dir='ltr'><strong>excoli</strong></span> <span class='ocrx_word' id='word_1_293' title='bbox 1109 2616 1340 2676; x_wconf 81' lang='lat' dir='ltr'><strong>oportet,</strong></span> <span class='ocrx_word' id='word_1_294' title='bbox 1372 2615 1591 2676; x_wconf 90' lang='lat' dir='ltr'><strong>tumque</strong></span> <span class='ocrx_word' id='word_1_295' title='bbox 1621 2609 1771 2662; x_wconf 88' lang='lat' dir='ltr'><strong>uberi</strong></span> <span class='ocrx_word' id='word_1_296' title='bbox 1801 2609 2100 2665; x_wconf 72' lang='lat' dir='ltr'><strong>cmlestium</strong></span> 
     </span>
    </p>
   </div>
   <div class='ocr_carea' id='block_1_43' title="bbox 545 2697 2105 2770">
    <p class='ocr_par' dir='ltr' id='par_1_43' title="bbox 545 2697 2105 2770">
     <span class='ocr_line' id='line_1_43' title="bbox 545 2697 2105 2770; baseline 0.004 -22"><span class='ocrx_word' id='word_1_297' title='bbox 545 2710 803 2764; x_wconf 89' lang='lat' dir='ltr'><strong>aquarum</strong></span> <span class='ocrx_word' id='word_1_298' title='bbox 847 2697 1159 2766; x_wconf 84' lang='lat' dir='ltr'><strong>irrigatione</strong></span> <span class='ocrx_word' id='word_1_299' title='bbox 1201 2700 1458 2770; x_wconf 81' lang='lat' dir='ltr'><strong>saginari,</strong></span> <span class='ocrx_word' id='word_1_300' title='bbox 1493 2700 1627 2754; x_wconf 86' lang='lat' dir='ltr'><strong>adeo</strong></span> <span class='ocrx_word' id='word_1_301' title='bbox 1655 2710 1708 2754; x_wconf 91' lang='lat' dir='ltr'><strong>ut</strong></span> <span class='ocrx_word' id='word_1_302' title='bbox 1740 2700 1973 2754; x_wconf 77' lang='lat' dir='ltr'><strong>fructum</strong></span> <span class='ocrx_word' id='word_1_303' title='bbox 2008 2703 2105 2755; x_wconf 88' lang='lat' dir='ltr'><strong>tri-</strong></span> 
     </span>
    </p>
   </div>
   <div class='ocr_carea' id='block_1_44' title="bbox 543 2786 2104 2858">
    <p class='ocr_par' dir='ltr' id='par_1_44' title="bbox 543 2786 2104 2858">
     <span class='ocr_line' id='line_1_44' title="bbox 543 2786 2104 2858; baseline 0.003 -17"><span class='ocrx_word' id='word_1_304' title='bbox 543 2786 825 2853; x_wconf 81' lang='lat' dir='ltr'><strong>cesimum,</strong></span> <span class='ocrx_word' id='word_1_305' title='bbox 857 2796 949 2840; x_wconf 90' lang='lat' dir='ltr'><strong>aut</strong></span> <span class='ocrx_word' id='word_1_306' title='bbox 997 2790 1411 2858; x_wconf 82' lang='lat' dir='ltr'><strong>sexagesimum,</strong></span> <span class='ocrx_word' id='word_1_307' title='bbox 1442 2799 1533 2845; x_wconf 88' lang='lat' dir='ltr'><strong>aut</strong></span> <span class='ocrx_word' id='word_1_308' title='bbox 1573 2791 1926 2845; x_wconf 88' lang='lat' dir='ltr'><strong>centesimum</strong></span> <span class='ocrx_word' id='word_1_309' title='bbox 1976 2790 2104 2846; x_wconf 65' lang='lat' dir='ltr'><strong>alre-</strong></span> 
     </span>
    </p>
   </div>
   <div class='ocr_carea' id='block_1_45' title="bbox 544 2879 2104 2943">
    <p class='ocr_par' dir='ltr' id='par_1_45' title="bbox 544 2879 2104 2943">
     <span class='ocr_line' id='line_1_45' title="bbox 544 2879 2104 2943; baseline 0.004 -12"><span class='ocrx_word' id='word_1_310' title='bbox 544 2889 627 2932; x_wconf 89' lang='lat' dir='ltr'><strong>rat</strong></span> <span class='ocrx_word' id='word_1_311' title='bbox 660 2879 728 2943; x_wconf 79' lang='lat'><strong>&quot;,</strong></span> <span class='ocrx_word' id='word_1_312' title='bbox 764 2893 826 2932; x_wconf 90' lang='lat' dir='ltr'><strong>ac</strong></span> <span class='ocrx_word' id='word_1_313' title='bbox 856 2880 1279 2934; x_wconf 64' lang='lat' dir='ltr'><strong>benedictionem</strong></span> <span class='ocrx_word' id='word_1_314' title='bbox 1326 2882 1564 2936; x_wconf 83' lang='lat' dir='ltr'><strong>obtineat</strong></span> <span class='ocrx_word' id='word_1_315' title='bbox 1595 2884 1858 2937; x_wconf 88' lang='lat' dir='ltr'><strong>dicentem</strong></span> <span class='ocrx_word' id='word_1_316' title='bbox 1892 2903 1904 2938; x_wconf 93' lang='lat'><strong>:</strong></span> <span class='ocrx_word' id='word_1_317' title='bbox 1939 2883 2104 2937; x_wconf 86' lang='lat' dir='ltr'><strong>Bene-</strong></span> 
     </span>
    </p>
   </div>
   <div class='ocr_carea' id='block_1_46' title="bbox 544 2971 2097 3042">
    <p class='ocr_par' dir='ltr' id='par_1_46' title="bbox 544 2971 2097 3042">
     <span class='ocr_line' id='line_1_46' title="bbox 544 2971 2097 3042; baseline 0.003 -20"><span class='ocrx_word' id='word_1_318' title='bbox 544 2972 700 3023; x_wconf 69' lang='grc' dir='ltr'>αἰτίαι</span> <span class='ocrx_word' id='word_1_319' title='bbox 753 2971 1016 3038; x_wconf 61' lang='lat' dir='ltr'><strong>apotheca</strong></span> <span class='ocrx_word' id='word_1_320' title='bbox 1063 2980 1186 3038; x_wconf 76' lang='lat' dir='ltr'><strong>tute,</strong></span> <span class='ocrx_word' id='word_1_321' title='bbox 1219 2981 1266 3024; x_wconf 85' lang='lat' dir='ltr'><strong>et</strong></span> <span class='ocrx_word' id='word_1_322' title='bbox 1303 2972 1535 3042; x_wconf 67' lang='lat' dir='ltr'><strong>reliquiae</strong></span> <span class='ocrx_word' id='word_1_323' title='bbox 1567 2983 1670 3027; x_wconf 77' lang='lat' dir='ltr'><strong>tute</strong></span> <span class='ocrx_word' id='word_1_324' title='bbox 1698 2973 1762 3028; x_wconf 88' lang='grc'><strong>³⁷.</strong></span> <span class='ocrx_word' id='word_1_325' title='bbox 1801 2972 1933 3028; x_wconf 81' lang='lat' dir='ltr'><strong>Nam</strong></span> <span class='ocrx_word' id='word_1_326' title='bbox 1980 2989 2097 3028; x_wconf 89' lang='lat' dir='ltr'><strong>con-</strong></span> 
     </span>
    </p>
   </div>
   <div class='ocr_carea' id='block_1_47' title="bbox 543 3060 2100 3128">
    <p class='ocr_par' dir='ltr' id='par_1_47' title="bbox 543 3060 2100 3128">
     <span class='ocr_line' id='line_1_47' title="bbox 543 3060 2100 3128; baseline 0.003 -14"><span class='ocrx_word' id='word_1_327' title='bbox 543 3061 752 3114; x_wconf 75' lang='lat' dir='ltr'><strong>stantiae</strong></span> <span class='ocrx_word' id='word_1_328' title='bbox 801 3075 911 3115; x_wconf 73' lang='lat' dir='ltr'><strong>suae</strong></span> <span class='ocrx_word' id='word_1_329' title='bbox 963 3060 1051 3128; x_wconf 90' lang='lat' dir='ltr'><strong>qui</strong></span> <span class='ocrx_word' id='word_1_330' title='bbox 1105 3063 1352 3118; x_wconf 82' lang='lat' dir='ltr'><strong>conscius</strong></span> <span class='ocrx_word' id='word_1_331' title='bbox 1405 3073 1508 3128; x_wconf 93' lang='lat' dir='ltr'><strong>est,</strong></span> <span class='ocrx_word' id='word_1_332' title='bbox 1559 3064 1703 3118; x_wconf 87' lang='lat' dir='ltr'><strong>dicet</strong></span> <span class='ocrx_word' id='word_1_333' title='bbox 1746 3065 2100 3127; x_wconf 81' lang='lat' dir='ltr'><strong>conﬁdenter,</strong></span> 
     </span>
    </p>
   </div>
   <div class='ocr_carea' id='block_1_48' title="bbox 544 3152 2099 3224">
    <p class='ocr_par' dir='ltr' id='par_1_48' title="bbox 544 3152 2099 3224">
     <span class='ocr_line' id='line_1_48' title="bbox 544 3152 2099 3224; baseline 0.003 -18"><span class='ocrx_word' id='word_1_334' title='bbox 544 3152 931 3222; x_wconf 72' lang='lat' dir='ltr'><strong>aﬂirmabitque</strong></span> <span class='ocrx_word' id='word_1_335' title='bbox 961 3153 1094 3217; x_wconf 79' lang='lat' dir='ltr'><strong>fore,</strong></span> <span class='ocrx_word' id='word_1_336' title='bbox 1128 3165 1184 3208; x_wconf 91' lang='lat' dir='ltr'><strong>ut</strong></span> <span class='ocrx_word' id='word_1_337' title='bbox 1219 3156 1286 3208; x_wconf 91' lang='lat' dir='ltr'><strong>ab</strong></span> <span class='ocrx_word' id='word_1_338' title='bbox 1331 3156 1640 3211; x_wconf 88' lang='lat' dir='ltr'><strong>adversario</strong></span> <span class='ocrx_word' id='word_1_339' title='bbox 1671 3171 1772 3211; x_wconf 94' lang='lat' dir='ltr'><strong>non</strong></span> <span class='ocrx_word' id='word_1_340' title='bbox 1806 3167 2099 3224; x_wconf 89' lang='lat' dir='ltr'><strong>evertatur,</strong></span> 
     </span>
    </p>
   </div>
   <div class='ocr_carea' id='block_1_49' title="bbox 545 3243 2097 3313">
    <p class='ocr_par' dir='ltr' id='par_1_49' title="bbox 545 3243 2097 3313">
     <span class='ocr_line' id='line_1_49' title="bbox 545 3243 2097 3313; baseline 0.005 -19"><span class='ocrx_word' id='word_1_341' title='bbox 545 3244 688 3298; x_wconf 83' lang='lat' dir='ltr'><strong>velut</strong></span> <span class='ocrx_word' id='word_1_342' title='bbox 719 3259 846 3312; x_wconf 76' lang='lat' dir='ltr'><strong>ager</strong></span> <span class='ocrx_word' id='word_1_343' title='bbox 872 3243 1078 3313; x_wconf 87' lang='lat' dir='ltr'><strong>plenus,</strong></span> <span class='ocrx_word' id='word_1_344' title='bbox 1107 3245 1191 3299; x_wconf 89' lang='lat' dir='ltr'><strong>cui</strong></span> <span class='ocrx_word' id='word_1_345' title='bbox 1221 3245 1493 3300; x_wconf 81' lang='lat' dir='ltr'><strong>benedixit</strong></span> <span class='ocrx_word' id='word_1_346' title='bbox 1523 3245 1794 3300; x_wconf 88' lang='lat' dir='ltr'><strong>Dominus.</strong></span> <span class='ocrx_word' id='word_1_347' title='bbox 1843 3245 2004 3302; x_wconf 74' lang='lat' dir='ltr'><strong>VBRS.</strong></span> <span class='ocrx_word' id='word_1_348' title='bbox 2043 3248 2097 3302; x_wconf 91' lang='lat'><strong>8.</strong></span> 
     </span>
    </p>
   </div>
   <div class='ocr_carea' id='block_1_50' title="bbox 2210 2054 3782 2126">
    <p class='ocr_par' dir='ltr' id='par_1_50' title="bbox 2210 2054 3782 2126">
     <span class='ocr_line' id='line_1_50' title="bbox 2210 2054 3782 2126; baseline -0.001 -17"><span class='ocrx_word' id='word_1_349' title='bbox 2210 2055 2484 2109; x_wconf 77' lang='grc' dir='ltr'>σαλευθῶ</span> <span class='ocrx_word' id='word_1_350' title='bbox 2529 2059 2614 2122; x_wconf 81' lang='grc' dir='ltr'>εὶς</span> <span class='ocrx_word' id='word_1_351' title='bbox 2648 2056 2755 2110; x_wconf 81' lang='grc' dir='ltr'><strong>τὸν</strong></span> <span class='ocrx_word' id='word_1_352' title='bbox 2786 2054 2989 2110; x_wconf 73' lang='grc' dir='ltr'>αἰῶνα.</span> <span class='ocrx_word' id='word_1_353' title='bbox 3021 2055 3226 2126; x_wconf 84' lang='grc' dir='ltr'>Ὥσπερ</span> <span class='ocrx_word' id='word_1_354' title='bbox 3271 2055 3476 2119; x_wconf 75' lang='grc' dir='ltr'>πόλεως</span> <span class='ocrx_word' id='word_1_355' title='bbox 3502 2057 3649 2108; x_wconf 79' lang='grc' dir='ltr'>ἐστιν</span> <span class='ocrx_word' id='word_1_356' title='bbox 3684 2058 3782 2108; x_wconf 84' lang='grc' dir='ltr'>εὐ-</span> 
     </span>
    </p>
   </div>
   <div class='ocr_carea' id='block_1_51' title="bbox 2210 2146 3782 2220">
    <p class='ocr_par' dir='ltr' id='par_1_51' title="bbox 2210 2146 3782 2220">
     <span class='ocr_line' id='line_1_51' title="bbox 2210 2146 3782 2220; baseline -0.001 -20"><span class='ocrx_word' id='word_1_357' title='bbox 2210 2147 2427 2220; x_wconf 81' lang='grc' dir='ltr'>θηνίαή</span> <span class='ocrx_word' id='word_1_358' title='bbox 2479 2149 2584 2200; x_wconf 91' lang='grc' dir='ltr'><strong>τῶν</strong></span> <span class='ocrx_word' id='word_1_359' title='bbox 2621 2148 2794 2201; x_wconf 86' lang='grc' dir='ltr'>ὠνίων</span> <span class='ocrx_word' id='word_1_360' title='bbox 2845 2151 2962 2200; x_wconf 85' lang='grc' dir='ltr'>κατ’</span> <span class='ocrx_word' id='word_1_361' title='bbox 2989 2148 3190 2219; x_wconf 80' lang='grc' dir='ltr'>ἀγορὰν</span> <span class='ocrx_word' id='word_1_362' title='bbox 3223 2146 3452 2216; x_wconf 72' lang='grc' dir='ltr'>ἀφθονία</span> <span class='ocrx_word' id='word_1_363' title='bbox 3490 2147 3598 2217; x_wconf 75' lang='grc'><strong>(59)</strong></span> <span class='ocrx_word' id='word_1_364' title='bbox 3621 2187 3635 2210; x_wconf 92' lang='grc'><strong>,</strong></span> <span class='ocrx_word' id='word_1_365' title='bbox 3683 2149 3782 2199; x_wconf 81' lang='grc' dir='ltr'>καὶ</span> 
     </span>
    </p>
   </div>
   <div class='ocr_carea' id='block_1_52' title="bbox 2209 2241 3780 2315">
    <p class='ocr_par' dir='ltr' id='par_1_52' title="bbox 2209 2241 3780 2315">
     <span class='ocr_line' id='line_1_52' title="bbox 2209 2241 3780 2315; baseline -0.001 -22"><span class='ocrx_word' id='word_1_366' title='bbox 2209 2243 2389 2315; x_wconf 82' lang='grc' dir='ltr'>χώραν</span> <span class='ocrx_word' id='word_1_367' title='bbox 2409 2242 2745 2314; x_wconf 83' lang='grc' dir='ltr'>εὐθηνεῖσθαι</span> <span class='ocrx_word' id='word_1_368' title='bbox 2769 2243 3000 2312; x_wconf 83' lang='grc' dir='ltr'>λέγομεν</span> <span class='ocrx_word' id='word_1_369' title='bbox 3023 2243 3121 2311; x_wconf 80' lang='grc' dir='ltr'>τὴν</span> <span class='ocrx_word' id='word_1_370' title='bbox 3148 2241 3372 2303; x_wconf 79' lang='grc' dir='ltr'>πολλοὺς</span> <span class='ocrx_word' id='word_1_371' title='bbox 3392 2242 3780 2312; x_wconf 73' lang='grc' dir='ltr'>εὐφορήσασαν</span> 
     </span>
    </p>
   </div>
   <div class='ocr_carea' id='block_1_53' title="bbox 2207 2329 3780 2404">
    <p class='ocr_par' dir='ltr' id='par_1_53' title="bbox 2207 2329 3780 2404">
     <span class='ocr_line' id='line_1_53' title="bbox 2207 2329 3780 2404; baseline -0.002 -19"><span class='ocrx_word' id='word_1_372' title='bbox 2207 2334 2332 2395; x_wconf 81' lang='grc' dir='ltr'>τοὺς</span> <span class='ocrx_word' id='word_1_373' title='bbox 2373 2331 2643 2404; x_wconf 86' lang='grc' dir='ltr'>καρπούς·</span> <span class='ocrx_word' id='word_1_374' title='bbox 2680 2331 2820 2385; x_wconf 72' lang='grc' dir='ltr'>οὓτω</span> <span class='ocrx_word' id='word_1_375' title='bbox 2858 2333 2950 2385; x_wconf 74' lang='grc' dir='ltr'><strong>καὶ</strong></span> <span class='ocrx_word' id='word_1_376' title='bbox 2993 2332 3091 2403; x_wconf 83' lang='grc' dir='ltr'><strong>τῆς</strong></span> <span class='ocrx_word' id='word_1_377' title='bbox 3124 2329 3234 2401; x_wconf 86' lang='grc'>(60)</span> <span class='ocrx_word' id='word_1_378' title='bbox 3279 2330 3455 2401; x_wconf 73' lang='grc' dir='ltr'>ψυχῆς</span> <span class='ocrx_word' id='word_1_379' title='bbox 3498 2330 3580 2392; x_wconf 88' lang='grc' dir='ltr'><strong>τίς</strong></span> <span class='ocrx_word' id='word_1_380' title='bbox 3625 2331 3780 2383; x_wconf 72' lang='grc' dir='ltr'>ἐστιν</span> 
     </span>
    </p>
   </div>
   <div class='ocr_carea' id='block_1_54' title="bbox 2208 2417 3778 2493">
    <p class='ocr_par' dir='ltr' id='par_1_54' title="bbox 2208 2417 3778 2493">
     <span class='ocr_line' id='line_1_54' title="bbox 2208 2417 3778 2493; baseline -0.004 -18"><span class='ocrx_word' id='word_1_381' title='bbox 2208 2423 2428 2491; x_wconf 85' lang='grc' dir='ltr'>εὐθηνία</span> <span class='ocrx_word' id='word_1_382' title='bbox 2462 2423 2558 2492; x_wconf 81' lang='grc' dir='ltr'>τῆς</span> <span class='ocrx_word' id='word_1_383' title='bbox 2592 2420 3023 2493; x_wconf 82' lang='grc' dir='ltr'>πεπληρωμένης</span> <span class='ocrx_word' id='word_1_384' title='bbox 3064 2419 3420 2473; x_wconf 78' lang='grc' dir='ltr'>παντοδαπῶν</span> <span class='ocrx_word' id='word_1_385' title='bbox 3459 2417 3634 2487; x_wconf 79' lang='grc' dir='ltr'>ἔργων</span> <span class='ocrx_word' id='word_1_386' title='bbox 3656 2435 3670 2447; x_wconf 89' lang='grc'><strong>·</strong></span> <span class='ocrx_word' id='word_1_387' title='bbox 3709 2419 3778 2486; x_wconf 71' lang='grc' dir='ltr'>ἦν</span> 
     </span>
    </p>
   </div>
   <div class='ocr_carea' id='block_1_55' title="bbox 2210 2493 3786 2583">
    <p class='ocr_par' dir='ltr' id='par_1_55' title="bbox 2210 2493 3786 2583">
     <span class='ocr_line' id='line_1_55' title="bbox 2210 2493 3786 2583; baseline 0 -20"><span class='ocrx_word' id='word_1_388' title='bbox 2210 2512 2422 2583; x_wconf 85' lang='grc' dir='ltr'>πρῶτον</span> <span class='ocrx_word' id='word_1_389' title='bbox 2473 2512 2569 2582; x_wconf 85' lang='grc' dir='ltr'>μὲν</span> <span class='ocrx_word' id='word_1_390' title='bbox 2602 2493 2978 2583; x_wconf 77' lang='grc' dir='ltr'>γεωργηθῆναι</span> <span class='ocrx_word' id='word_1_391' title='bbox 3024 2511 3104 2565; x_wconf 86' lang='grc' dir='ltr'>δεῖ</span> <span class='ocrx_word' id='word_1_392' title='bbox 3136 2511 3462 2580; x_wconf 76' lang='grc' dir='ltr'>φιλοπόνως,</span> <span class='ocrx_word' id='word_1_393' title='bbox 3509 2510 3602 2561; x_wconf 81' lang='grc' dir='ltr'><strong>καὶ</strong></span> <span class='ocrx_word' id='word_1_394' title='bbox 3650 2508 3786 2563; x_wconf 68' lang='grc' dir='ltr'>τότε</span> 
     </span>
    </p>
   </div>
   <div class='ocr_carea' id='block_1_56' title="bbox 2207 2591 3784 2676">
    <p class='ocr_par' dir='ltr' id='par_1_56' title="bbox 2207 2591 3784 2676">
     <span class='ocr_line' id='line_1_56' title="bbox 2207 2591 3784 2676; baseline -0.002 -18"><span class='ocrx_word' id='word_1_395' title='bbox 2207 2608 2326 2669; x_wconf 85' lang='grc' dir='ltr'>ταῖς</span> <span class='ocrx_word' id='word_1_396' title='bbox 2358 2605 2605 2674; x_wconf 78' lang='grc' dir='ltr'>ἀφθόνοις</span> <span class='ocrx_word' id='word_1_397' title='bbox 2626 2605 2732 2657; x_wconf 90' lang='grc' dir='ltr'><strong>τῶν</strong></span> <span class='ocrx_word' id='word_1_398' title='bbox 2758 2605 3020 2676; x_wconf 79' lang='grc' dir='ltr'>οὐρανίων</span> <span class='ocrx_word' id='word_1_399' title='bbox 3055 2605 3259 2658; x_wconf 80' lang='grc' dir='ltr'>ὑδάτων</span> <span class='ocrx_word' id='word_1_400' title='bbox 3285 2603 3587 2676; x_wconf 71' lang='grc' dir='ltr'>ἐπιρροίαις</span> <span class='ocrx_word' id='word_1_401' title='bbox 3618 2591 3784 2655; x_wconf 46' lang='lat'><strong>1“»—</strong></span> 
     </span>
    </p>
   </div>
   <div class='ocr_carea' id='block_1_57' title="bbox 2209 2685 3776 2770">
    <p class='ocr_par' dir='ltr' id='par_1_57' title="bbox 2209 2685 3776 2770">
     <span class='ocr_line' id='line_1_57' title="bbox 2209 2685 3776 2770; baseline -0.003 -19"><span class='ocrx_word' id='word_1_402' title='bbox 2209 2698 2386 2770; x_wconf 84' lang='grc' dir='ltr'>θῆναι,</span> <span class='ocrx_word' id='word_1_403' title='bbox 2417 2696 2554 2752; x_wconf 80' lang='grc' dir='ltr'>ὥστε</span> <span class='ocrx_word' id='word_1_404' title='bbox 2586 2697 3000 2770; x_wconf 69' lang='grc' dir='ltr'>καρποφορῆσαι</span> <span class='ocrx_word' id='word_1_405' title='bbox 3031 2698 3088 2749; x_wconf 82' lang='grc' dir='ltr'>ὲν</span> <span class='ocrx_word' id='word_1_406' title='bbox 3109 2695 3417 2768; x_wconf 86' lang='grc' dir='ltr'>τριάκοντα,</span> <span class='ocrx_word' id='word_1_407' title='bbox 3448 2695 3541 2748; x_wconf 79' lang='grc' dir='ltr'><strong>καὶ</strong></span> <span class='ocrx_word' id='word_1_408' title='bbox 3568 2685 3776 2762; x_wconf 58' lang='grc' dir='ltr'><strong>ἓΤὲξὴο</strong></span> 
     </span>
    </p>
   </div>
   <div class='ocr_carea' id='block_1_58' title="bbox 2209 2788 3772 2860">
    <p class='ocr_par' dir='ltr' id='par_1_58' title="bbox 2209 2788 3772 2860">
     <span class='ocr_line' id='line_1_58' title="bbox 2209 2788 3772 2860; baseline -0.003 -16"><span class='ocrx_word' id='word_1_409' title='bbox 2209 2809 2392 2854; x_wconf 80' lang='grc' dir='ltr'>κοντα,</span> <span class='ocrx_word' id='word_1_410' title='bbox 2423 2792 2514 2845; x_wconf 79' lang='grc' dir='ltr'><strong>καὶ</strong></span> <span class='ocrx_word' id='word_1_411' title='bbox 2554 2793 2610 2844; x_wconf 80' lang='grc' dir='ltr'>ἐν</span> <span class='ocrx_word' id='word_1_412' title='bbox 2641 2793 2849 2855; x_wconf 79' lang='grc' dir='ltr'>ἑκατὸν,</span> <span class='ocrx_word' id='word_1_413' title='bbox 2898 2792 2991 2843; x_wconf 74' lang='grc' dir='ltr'>καὶ</span> <span class='ocrx_word' id='word_1_414' title='bbox 3035 2793 3219 2860; x_wconf 83' lang='grc' dir='ltr'>τυχεῖν</span> <span class='ocrx_word' id='word_1_415' title='bbox 3257 2790 3355 2860; x_wconf 83' lang='grc' dir='ltr'>τῆς</span> <span class='ocrx_word' id='word_1_416' title='bbox 3389 2788 3640 2856; x_wconf 75' lang='grc' dir='ltr'>εὐλογίας</span> <span class='ocrx_word' id='word_1_417' title='bbox 3673 2788 3772 2857; x_wconf 76' lang='grc' dir='ltr'>τῆς</span> 
     </span>
    </p>
   </div>
   <div class='ocr_carea' id='block_1_59' title="bbox 2207 2880 3772 2954">
    <p class='ocr_par' dir='ltr' id='par_1_59' title="bbox 2207 2880 3772 2954">
     <span class='ocr_line' id='line_1_59' title="bbox 2207 2880 3772 2954; baseline -0.003 -18"><span class='ocrx_word' id='word_1_418' title='bbox 2207 2884 2468 2954; x_wconf 73' lang='grc' dir='ltr'>λεγούσης</span> <span class='ocrx_word' id='word_1_419' title='bbox 2489 2901 2502 2914; x_wconf 90' lang='grc'><strong>·</strong></span> <span class='ocrx_word' id='word_1_420' title='bbox 2535 2885 2940 2954; x_wconf 78' lang='grc' dir='ltr'>Εὐλογημέναι</span> <span class='ocrx_word' id='word_1_421' title='bbox 2965 2886 3022 2937; x_wconf 82' lang='lat' dir='ltr'><strong>al</strong></span> <span class='ocrx_word' id='word_1_422' title='bbox 3062 2881 3359 2949; x_wconf 77' lang='grc' dir='ltr'>ἀποθῆκαί</span> <span class='ocrx_word' id='word_1_423' title='bbox 3399 2897 3537 2947; x_wconf 83' lang='grc' dir='ltr'>σου,</span> <span class='ocrx_word' id='word_1_424' title='bbox 3572 2882 3670 2934; x_wconf 79' lang='grc' dir='ltr'>καὶ</span> <span class='ocrx_word' id='word_1_425' title='bbox 3702 2880 3772 2932; x_wconf 74' lang='grc' dir='ltr'>τὰ</span> 
     </span>
    </p>
   </div>
   <div class='ocr_carea' id='block_1_60' title="bbox 2205 2967 3768 3044">
    <p class='ocr_par' dir='ltr' id='par_1_60' title="bbox 2205 2967 3768 3044">
     <span class='ocr_line' id='line_1_60' title="bbox 2205 2967 3768 3044; baseline -0.005 -17"><span class='ocrx_word' id='word_1_426' title='bbox 2205 2973 2714 3044; x_wconf 79' lang='grc' dir='ltr'>ἐγκαταλείμματά</span> <span class='ocrx_word' id='word_1_427' title='bbox 2771 2989 2904 3027; x_wconf 88' lang='grc' dir='ltr'>σου.</span> <span class='ocrx_word' id='word_1_428' title='bbox 2947 2974 3004 3025; x_wconf 86' lang='lat'><strong>&#39;0</strong></span> <span class='ocrx_word' id='word_1_429' title='bbox 3072 2968 3163 3025; x_wconf 72' lang='grc' dir='ltr'><strong>οὖν</strong></span> <span class='ocrx_word' id='word_1_430' title='bbox 3222 2969 3606 3039; x_wconf 86' lang='grc' dir='ltr'>αίσθανόμενος</span> <span class='ocrx_word' id='word_1_431' title='bbox 3659 2967 3768 3038; x_wconf 85' lang='lat'><strong>(6|)</strong></span> 
     </span>
    </p>
   </div>
   <div class='ocr_carea' id='block_1_61' title="bbox 2209 3061 3770 3138">
    <p class='ocr_par' dir='ltr' id='par_1_61' title="bbox 2209 3061 3770 3138">
     <span class='ocr_line' id='line_1_61' title="bbox 2209 3061 3770 3138; baseline -0.005 -18"><span class='ocrx_word' id='word_1_432' title='bbox 2209 3067 2306 3138; x_wconf 78' lang='grc' dir='ltr'>τῆς</span> <span class='ocrx_word' id='word_1_433' title='bbox 2339 3067 2532 3120; x_wconf 79' lang='grc' dir='ltr'>ἑαυτοῦ</span> <span class='ocrx_word' id='word_1_434' title='bbox 2569 3066 2933 3138; x_wconf 77' lang='grc' dir='ltr'>βεϐαιότητος,</span> <span class='ocrx_word' id='word_1_435' title='bbox 2961 3063 3293 3126; x_wconf 84' lang='grc' dir='ltr'>πεποιθότως</span> <span class='ocrx_word' id='word_1_436' title='bbox 3310 3064 3441 3133; x_wconf 87' lang='grc' dir='ltr'>ὲρεῖ,</span> <span class='ocrx_word' id='word_1_437' title='bbox 3472 3062 3566 3114; x_wconf 77' lang='grc' dir='ltr'><strong>καὶ</strong></span> <span class='ocrx_word' id='word_1_438' title='bbox 3595 3061 3770 3114; x_wconf 62' lang='grc' dir='ltr'>διαὸεά</span> 
     </span>
    </p>
   </div>
   <div class='ocr_carea' id='block_1_62' title="bbox 2209 3153 3771 3227">
    <p class='ocr_par' dir='ltr' id='par_1_62' title="bbox 2209 3153 3771 3227">
     <span class='ocr_line' id='line_1_62' title="bbox 2209 3153 3771 3227; baseline -0.003 -18"><span class='ocrx_word' id='word_1_439' title='bbox 2209 3156 2500 3210; x_wconf 74' lang='grc' dir='ltr'>δαιώσεται</span> <span class='ocrx_word' id='word_1_440' title='bbox 2533 3158 2605 3227; x_wconf 83' lang='grc' dir='ltr'>μὴ</span> <span class='ocrx_word' id='word_1_441' title='bbox 2633 3157 3032 3227; x_wconf 81' lang='grc' dir='ltr'>περιτραπῆναι</span> <span class='ocrx_word' id='word_1_442' title='bbox 3065 3155 3172 3222; x_wconf 70' lang='lat'><strong>(62)</strong></span> <span class='ocrx_word' id='word_1_443' title='bbox 3212 3153 3317 3206; x_wconf 81' lang='grc' dir='ltr'><strong>ὐπὸ</strong></span> <span class='ocrx_word' id='word_1_444' title='bbox 3348 3153 3442 3205; x_wconf 75' lang='grc' dir='ltr'>τοῦ</span> <span class='ocrx_word' id='word_1_445' title='bbox 3471 3154 3771 3219; x_wconf 81' lang='grc' dir='ltr'>ἀνταγωνι-</span> 
     </span>
    </p>
   </div>
   <div class='ocr_carea' id='block_1_63' title="bbox 2209 3244 3764 3322">
    <p class='ocr_par' dir='ltr' id='par_1_63' title="bbox 2209 3244 3764 3322">
     <span class='ocr_line' id='line_1_63' title="bbox 2209 3244 3764 3322; baseline -0.006 -17"><span class='ocrx_word' id='word_1_446' title='bbox 2209 3252 2458 3320; x_wconf 76' lang='grc' dir='ltr'>ζομένου,</span> <span class='ocrx_word' id='word_1_447' title='bbox 2483 3251 2555 3314; x_wconf 76' lang='grc' dir='ltr'>ὡς</span> <span class='ocrx_word' id='word_1_448' title='bbox 2587 3250 2754 3322; x_wconf 81' lang='grc' dir='ltr'>ἀγρὸς</span> <span class='ocrx_word' id='word_1_449' title='bbox 2789 3248 3023 3319; x_wconf 83' lang='grc' dir='ltr'>πλήρης,</span> <span class='ocrx_word' id='word_1_450' title='bbox 3067 3247 3124 3300; x_wconf 85' lang='grc' dir='ltr'>ὃν</span> <span class='ocrx_word' id='word_1_451' title='bbox 3149 3244 3438 3315; x_wconf 78' lang='grc' dir='ltr'>εὐλόγησεν</span> <span class='ocrx_word' id='word_1_452' title='bbox 3475 3247 3503 3297; x_wconf 84' lang='grc' dir='ltr'>ὁ</span> <span class='ocrx_word' id='word_1_453' title='bbox 3534 3244 3764 3314; x_wconf 78' lang='grc' dir='ltr'>Κύριος·</span> 
     </span>
    </p>
   </div>
   <div class='ocr_carea' id='block_1_64' title="bbox 545 3331 2102 3408">
    <p class='ocr_par' dir='ltr' id='par_1_64' title="bbox 545 3333 2100 3404">
     <span class='ocr_line' id='line_1_64' title="bbox 545 3333 2100 3404; baseline 0.003 -18"><span class='ocrx_word' id='word_1_454' title='bbox 545 3333 788 3398; x_wconf 85' lang='lat' dir='ltr'><strong>Domine,</strong></span> <span class='ocrx_word' id='word_1_455' title='bbox 812 3338 866 3387; x_wconf 87' lang='lat' dir='ltr'><strong>in</strong></span> <span class='ocrx_word' id='word_1_456' title='bbox 905 3335 1168 3388; x_wconf 82' lang='lat' dir='ltr'><strong>voluntate</strong></span> <span class='ocrx_word' id='word_1_457' title='bbox 1195 3345 1287 3389; x_wconf 82' lang='lat' dir='ltr'><strong>tua</strong></span> <span class='ocrx_word' id='word_1_458' title='bbox 1316 3337 1605 3404; x_wconf 76' lang='lat' dir='ltr'><strong>prwstitisti</strong></span> <span class='ocrx_word' id='word_1_459' title='bbox 1635 3338 1810 3390; x_wconf 82' lang='lat' dir='ltr'><strong>decori</strong></span> <span class='ocrx_word' id='word_1_460' title='bbox 1840 3355 1950 3392; x_wconf 87' lang='lat' dir='ltr'><strong>meo</strong></span> <span class='ocrx_word' id='word_1_461' title='bbox 1988 3339 2100 3391; x_wconf 82' lang='lat' dir='ltr'><strong>vir-</strong></span> 
     </span>
    </p>
   </div>
   <div class='ocr_carea' id='block_1_65' title="bbox 2203 3331 3768 3408">
    <p class='ocr_par' dir='ltr' id='par_1_65' title="bbox 2206 3331 3768 3408">
     <span class='ocr_line' id='line_1_65' title="bbox 2206 3331 3768 3408; baseline -0.007 -13"><span class='ocrx_word' id='word_1_462' title='bbox 2206 3343 2402 3408; x_wconf 81' lang='grc' dir='ltr'>Κύριε,</span> <span class='ocrx_word' id='word_1_463' title='bbox 2439 3341 2506 3393; x_wconf 79' lang='grc' dir='ltr'><strong>ἐν</strong></span> <span class='ocrx_word' id='word_1_464' title='bbox 2549 3339 2628 3405; x_wconf 83' lang='grc' dir='ltr'>τῷ</span> <span class='ocrx_word' id='word_1_465' title='bbox 2676 3337 2962 3406; x_wconf 74' lang='grc' dir='ltr'>θελήματι</span> <span class='ocrx_word' id='word_1_466' title='bbox 3011 3353 3126 3389; x_wconf 88' lang='grc' dir='ltr'><strong>σου</strong></span> <span class='ocrx_word' id='word_1_467' title='bbox 3178 3333 3481 3402; x_wconf 81' lang='grc' dir='ltr'>παρέσχου</span> <span class='ocrx_word' id='word_1_468' title='bbox 3533 3333 3643 3403; x_wconf 82' lang='grc'><strong>(65)</strong></span> <span class='ocrx_word' id='word_1_469' title='bbox 3690 3331 3768 3397; x_wconf 82' lang='grc' dir='ltr'>τῷ</span> 
     </span>
    </p>
   </div>
   <div class='ocr_carea' id='block_1_66' title="bbox 545 3425 2102 3498">
    <p class='ocr_par' dir='ltr' id='par_1_66' title="bbox 545 3425 2102 3498">
     <span class='ocr_line' id='line_1_66' title="bbox 545 3425 2102 3498; baseline 0.005 -21"><span class='ocrx_word' id='word_1_470' title='bbox 545 3435 724 3479; x_wconf 74' lang='lat' dir='ltr'><strong>ratem.</strong></span> <span class='ocrx_word' id='word_1_471' title='bbox 752 3425 806 3479; x_wconf 90' lang='lat' dir='ltr'><strong>In</strong></span> <span class='ocrx_word' id='word_1_472' title='bbox 836 3427 1205 3495; x_wconf 78' lang='lat' dir='ltr'><strong>investiganda</strong></span> <span class='ocrx_word' id='word_1_473' title='bbox 1237 3428 1490 3481; x_wconf 85' lang='lat' dir='ltr'><strong>virtutum</strong></span> <span class='ocrx_word' id='word_1_474' title='bbox 1523 3429 1727 3483; x_wconf 90' lang='lat' dir='ltr'><strong>ratione</strong></span> <span class='ocrx_word' id='word_1_475' title='bbox 1750 3430 1837 3498; x_wconf 90' lang='lat' dir='ltr'><strong>qui</strong></span> <span class='ocrx_word' id='word_1_476' title='bbox 1865 3445 1922 3485; x_wconf 90' lang='lat' dir='ltr'><strong>se</strong></span> <span class='ocrx_word' id='word_1_477' title='bbox 1947 3445 2102 3484; x_wconf 83' lang='lat' dir='ltr'><strong>exer-</strong></span> 
     </span>
    </p>
   </div>
   <div class='ocr_carea' id='block_1_67' title="bbox 545 3516 2106 3592">
    <p class='ocr_par' dir='ltr' id='par_1_67' title="bbox 545 3516 2106 3592">
     <span class='ocr_line' id='line_1_67' title="bbox 545 3516 2106 3592; baseline 0.003 -22"><span class='ocrx_word' id='word_1_478' title='bbox 545 3529 726 3581; x_wconf 87' lang='lat' dir='ltr'><strong>cuere,</strong></span> <span class='ocrx_word' id='word_1_479' title='bbox 755 3516 887 3571; x_wconf 83' lang='lat' dir='ltr'><strong>alias</strong></span> <span class='ocrx_word' id='word_1_480' title='bbox 906 3517 1122 3585; x_wconf 89' lang='lat' dir='ltr'><strong>quidem</strong></span> <span class='ocrx_word' id='word_1_481' title='bbox 1150 3519 1371 3573; x_wconf 88' lang='lat' dir='ltr'><strong>v&#39;rtutes</strong></span> <span class='ocrx_word' id='word_1_482' title='bbox 1398 3519 1652 3574; x_wconf 78' lang='lat' dir='ltr'><strong>dixerunt</strong></span> <span class='ocrx_word' id='word_1_483' title='bbox 1681 3534 1747 3574; x_wconf 79' lang='lat' dir='ltr'><strong>ex</strong></span> <span class='ocrx_word' id='word_1_484' title='bbox 1779 3523 2106 3592; x_wconf 83' lang='lat' dir='ltr'><strong>contempla-</strong></span> 
     </span>
    </p>
   </div>
   <div class='ocr_carea' id='block_1_68' title="bbox 547 3611 2104 3678">
    <p class='ocr_par' dir='ltr' id='par_1_68' title="bbox 547 3611 2104 3678">
     <span class='ocr_line' id='line_1_68' title="bbox 547 3611 2104 3678; baseline 0.004 -15"><span class='ocrx_word' id='word_1_485' title='bbox 547 3611 783 3664; x_wconf 89' lang='lat' dir='ltr'><strong>tionibus</strong></span> <span class='ocrx_word' id='word_1_486' title='bbox 809 3621 1082 3678; x_wconf 90' lang='lat' dir='ltr'><strong>constare,</strong></span> <span class='ocrx_word' id='word_1_487' title='bbox 1112 3611 1246 3665; x_wconf 88' lang='lat' dir='ltr'><strong>alias</strong></span> <span class='ocrx_word' id='word_1_488' title='bbox 1273 3626 1400 3666; x_wconf 89' lang='lat' dir='ltr'><strong>vero</strong></span> <span class='ocrx_word' id='word_1_489' title='bbox 1432 3613 1564 3666; x_wconf 83' lang='lat' dir='ltr'><strong>sitas</strong></span> <span class='ocrx_word' id='word_1_490' title='bbox 1590 3628 1694 3668; x_wconf 92' lang='lat' dir='ltr'><strong>non</strong></span> <span class='ocrx_word' id='word_1_491' title='bbox 1723 3627 1844 3668; x_wconf 85' lang='lat' dir='ltr'><strong>esse</strong></span> <span class='ocrx_word' id='word_1_492' title='bbox 1888 3615 1940 3668; x_wconf 94' lang='lat' dir='ltr'><strong>in</strong></span> <span class='ocrx_word' id='word_1_493' title='bbox 1973 3630 2104 3669; x_wconf 86' lang='lat' dir='ltr'><strong>con-</strong></span> 
     </span>
    </p>
   </div>
   <div class='ocr_carea' id='block_1_69' title="bbox 546 3703 2101 3776">
    <p class='ocr_par' dir='ltr' id='par_1_69' title="bbox 546 3703 2101 3776">
     <span class='ocr_line' id='line_1_69' title="bbox 546 3703 2101 3776; baseline 0.004 -20"><span class='ocrx_word' id='word_1_494' title='bbox 546 3703 892 3772; x_wconf 88' lang='lat' dir='ltr'><strong>templatione</strong></span> <span class='ocrx_word' id='word_1_495' title='bbox 921 3721 936 3757; x_wconf 87' lang='lat'><strong>:</strong></span> <span class='ocrx_word' id='word_1_496' title='bbox 963 3703 1110 3758; x_wconf 83' lang='lat' dir='ltr'><strong>verbi</strong></span> <span class='ocrx_word' id='word_1_497' title='bbox 1152 3706 1345 3774; x_wconf 76' lang='lat' dir='ltr'><strong>gratia,</strong></span> <span class='ocrx_word' id='word_1_498' title='bbox 1393 3707 1730 3775; x_wconf 88' lang='lat' dir='ltr'><strong>prudentiam</strong></span> <span class='ocrx_word' id='word_1_499' title='bbox 1779 3707 1992 3776; x_wconf 89' lang='lat' dir='ltr'><strong>quidem</strong></span> <span class='ocrx_word' id='word_1_500' title='bbox 2034 3723 2101 3762; x_wconf 80' lang='lat' dir='ltr'><strong>ex</strong></span> 
     </span>
    </p>
   </div>
   <div class='ocr_carea' id='block_1_70' title="bbox 543 3795 2104 3864">
    <p class='ocr_par' dir='ltr' id='par_1_70' title="bbox 543 3795 2104 3864">
     <span class='ocr_line' id='line_1_70' title="bbox 543 3795 2104 3864; baseline 0.003 -15"><span class='ocrx_word' id='word_1_501' title='bbox 543 3795 1084 3864; x_wconf 88' lang='lat' dir='ltr'><strong>contemplationibus</strong></span> <span class='ocrx_word' id='word_1_502' title='bbox 1113 3804 1382 3860; x_wconf 86' lang='lat' dir='ltr'><strong>constare,</strong></span> <span class='ocrx_word' id='word_1_503' title='bbox 1414 3811 1536 3850; x_wconf 87' lang='lat' dir='ltr'><strong>cum</strong></span> <span class='ocrx_word' id='word_1_504' title='bbox 1570 3797 1634 3851; x_wconf 91' lang='lat' dir='ltr'><strong>de</strong></span> <span class='ocrx_word' id='word_1_505' title='bbox 1669 3799 1822 3852; x_wconf 89' lang='lat' dir='ltr'><strong>bonis</strong></span> <span class='ocrx_word' id='word_1_506' title='bbox 1857 3813 1919 3853; x_wconf 89' lang='lat' dir='ltr'><strong>ac</strong></span> <span class='ocrx_word' id='word_1_507' title='bbox 1952 3799 2104 3854; x_wconf 85' lang='lat' dir='ltr'><strong>malis</strong></span> 
     </span>
    </p>
   </div>
   <div class='ocr_carea' id='block_1_71' title="bbox 545 3885 2101 3957">
    <p class='ocr_par' dir='ltr' id='par_1_71' title="bbox 545 3885 2101 3957">
     <span class='ocr_line' id='line_1_71' title="bbox 545 3885 2101 3957; baseline 0.002 -19"><span class='ocrx_word' id='word_1_508' title='bbox 545 3885 722 3954; x_wconf 76' lang='lat' dir='ltr'><strong>agitur</strong></span> <span class='ocrx_word' id='word_1_509' title='bbox 751 3903 764 3938; x_wconf 90' lang='lat'><strong>:</strong></span> <span class='ocrx_word' id='word_1_510' title='bbox 793 3885 918 3939; x_wconf 85' lang='lat' dir='ltr'><strong>hinc</strong></span> <span class='ocrx_word' id='word_1_511' title='bbox 941 3899 1069 3939; x_wconf 85' lang='lat' dir='ltr'><strong>vero</strong></span> <span class='ocrx_word' id='word_1_512' title='bbox 1099 3887 1508 3954; x_wconf 82' lang='lat' dir='ltr'><strong>temperantiam</strong></span> <span class='ocrx_word' id='word_1_513' title='bbox 1543 3886 1698 3950; x_wconf 85' lang='lat' dir='ltr'><strong>oriri,</strong></span> <span class='ocrx_word' id='word_1_514' title='bbox 1728 3891 1868 3957; x_wconf 90' lang='lat' dir='ltr'><strong>quod</strong></span> <span class='ocrx_word' id='word_1_515' title='bbox 1907 3904 2101 3956; x_wconf 90' lang='lat' dir='ltr'><strong>specu-</strong></span> 
     </span>
    </p>
   </div>
   <div class='ocr_carea' id='block_1_72' title="bbox 546 3977 2109 4049">
    <p class='ocr_par' dir='ltr' id='par_1_72' title="bbox 546 3977 2109 4049">
     <span class='ocr_line' id='line_1_72' title="bbox 546 3977 2109 4049; baseline 0.002 -19"><span class='ocrx_word' id='word_1_516' title='bbox 546 3977 720 4031; x_wconf 76' lang='lat' dir='ltr'><strong>lamur</strong></span> <span class='ocrx_word' id='word_1_517' title='bbox 749 3993 865 4044; x_wconf 75' lang='lat' dir='ltr'><strong>qua:</strong></span> <span class='ocrx_word' id='word_1_518' title='bbox 907 3978 1014 4031; x_wconf 90' lang='lat' dir='ltr'><strong>sint</strong></span> <span class='ocrx_word' id='word_1_519' title='bbox 1057 3977 1297 4048; x_wconf 79' lang='lat' dir='ltr'><strong>eligenda</strong></span> <span class='ocrx_word' id='word_1_520' title='bbox 1344 3987 1435 4031; x_wconf 89' lang='lat' dir='ltr'><strong>aut</strong></span> <span class='ocrx_word' id='word_1_521' title='bbox 1474 3977 1723 4048; x_wconf 78' lang='lat' dir='ltr'><strong>fugienda</strong></span> <span class='ocrx_word' id='word_1_522' title='bbox 1757 3996 1770 4032; x_wconf 91' lang='lat'><strong>:</strong></span> <span class='ocrx_word' id='word_1_523' title='bbox 1804 3979 1926 4033; x_wconf 87' lang='lat' dir='ltr'><strong>hinc</strong></span> <span class='ocrx_word' id='word_1_524' title='bbox 1951 3981 2109 4049; x_wconf 79' lang='lat' dir='ltr'><strong>juSti-</strong></span> 
     </span>
    </p>
   </div>
   <div class='ocr_carea' id='block_1_73' title="bbox 548 4070 2106 4140">
    <p class='ocr_par' dir='ltr' id='par_1_73' title="bbox 548 4070 2106 4140">
     <span class='ocr_line' id='line_1_73' title="bbox 548 4070 2106 4140; baseline 0.001 -15"><span class='ocrx_word' id='word_1_525' title='bbox 548 4072 696 4133; x_wconf 91' lang='lat' dir='ltr'><strong>tiam,</strong></span> <span class='ocrx_word' id='word_1_526' title='bbox 727 4072 869 4139; x_wconf 87' lang='lat' dir='ltr'><strong>quod</strong></span> <span class='ocrx_word' id='word_1_527' title='bbox 902 4070 1263 4139; x_wconf 86' lang='lat' dir='ltr'><strong>speculamur,</strong></span> <span class='ocrx_word' id='word_1_528' title='bbox 1288 4086 1408 4140; x_wconf 78' lang='lat' dir='ltr'><strong>quae</strong></span> <span class='ocrx_word' id='word_1_529' title='bbox 1453 4070 1818 4126; x_wconf 90' lang='lat' dir='ltr'><strong>distribuenda</strong></span> <span class='ocrx_word' id='word_1_530' title='bbox 1854 4072 1980 4134; x_wconf 88' lang='lat' dir='ltr'><strong>sint,</strong></span> <span class='ocrx_word' id='word_1_531' title='bbox 2013 4082 2106 4128; x_wconf 88' lang='lat' dir='ltr'><strong>aut</strong></span> 
     </span>
    </p>
   </div>
   <div class='ocr_carea' id='block_1_74' title="bbox 545 4161 2104 4234">
    <p class='ocr_par' dir='ltr' id='par_1_74' title="bbox 545 4161 2104 4234">
     <span class='ocr_line' id='line_1_74' title="bbox 545 4161 2104 4234; baseline 0.003 -18"><span class='ocrx_word' id='word_1_532' title='bbox 545 4177 651 4217; x_wconf 84' lang='lat' dir='ltr'><strong>non</strong></span> <span class='ocrx_word' id='word_1_533' title='bbox 680 4161 1044 4218; x_wconf 87' lang='lat' dir='ltr'><strong>distribuenda</strong></span> <span class='ocrx_word' id='word_1_534' title='bbox 1079 4183 1091 4217; x_wconf 90' lang='lat'><strong>;</strong></span> <span class='ocrx_word' id='word_1_535' title='bbox 1122 4164 1246 4218; x_wconf 91' lang='lat' dir='ltr'><strong>hinc</strong></span> <span class='ocrx_word' id='word_1_536' title='bbox 1281 4163 1667 4232; x_wconf 72' lang='lat' dir='ltr'><strong>fortitudinem,</strong></span> <span class='ocrx_word' id='word_1_537' title='bbox 1699 4166 1841 4234; x_wconf 89' lang='lat' dir='ltr'><strong>quod</strong></span> <span class='ocrx_word' id='word_1_538' title='bbox 1869 4166 2104 4234; x_wconf 84' lang='lat' dir='ltr'><strong>specula-</strong></span> 
     </span>
    </p>
   </div>
   <div class='ocr_carea' id='block_1_75' title="bbox 614 4345 1562 4410">
    <p class='ocr_par' dir='ltr' id='par_1_75' title="bbox 614 4345 1562 4410">
     <span class='ocr_line' id='line_1_75' title="bbox 614 4345 1562 4410; baseline 0 -8"><span class='ocrx_word' id='word_1_539' title='bbox 614 4345 659 4378; x_wconf 88' lang='grc'>³³</span> <span class='ocrx_word' id='word_1_540' title='bbox 686 4345 875 4402; x_wconf 81' lang='lat' dir='ltr'><strong>Matth.</strong></span> <span class='ocrx_word' id='word_1_541' title='bbox 909 4359 962 4407; x_wconf 94' lang='lat' dir='ltr'><strong>v,</strong></span> <span class='ocrx_word' id='word_1_542' title='bbox 1001 4345 1053 4400; x_wconf 85' lang='lat'><strong>5.</strong></span> <span class='ocrx_word' id='word_1_543' title='bbox 1131 4345 1176 4377; x_wconf 75' lang='lat'>“</span> <span class='ocrx_word' id='word_1_544' title='bbox 1203 4346 1333 4402; x_wconf 84' lang='lat' dir='ltr'><strong>Luc.</strong></span> <span class='ocrx_word' id='word_1_545' title='bbox 1368 4362 1444 4410; x_wconf 85' lang='lat' dir='ltr'><strong>vt,</strong></span> <span class='ocrx_word' id='word_1_546' title='bbox 1469 4345 1562 4403; x_wconf 73' lang='grc' dir='ltr'><strong>ει.</strong></span> 
     </span>
    </p>
   </div>
   <div class='ocr_carea' id='block_1_76' title="bbox 614 4521 1924 4601">
    <p class='ocr_par' dir='ltr' id='par_1_76' title="bbox 614 4521 1924 4601">
     <span class='ocr_line' id='line_1_76' title="bbox 614 4521 1924 4601; baseline 0.004 -23"><span class='ocrx_word' id='word_1_547' title='bbox 753 4523 903 4601; x_wconf 68' lang='grc' dir='ltr'>ροιι).</span> <span class='ocrx_word' id='word_1_548' title='bbox 938 4527 1203 4601; x_wconf 77' lang='lat' dir='ltr'><strong>secundus</strong></span> <span class='ocrx_word' id='word_1_549' title='bbox 1238 4530 1408 4595; x_wconf 83' lang='grc' dir='ltr'>πάθος</span> <span class='ocrx_word' id='word_1_550' title='bbox 1431 4530 1523 4584; x_wconf 85' lang='grc' dir='ltr'>τοῦ</span> <span class='ocrx_word' id='word_1_551' title='bbox 1542 4529 1781 4601; x_wconf 5' lang='grc' dir='ltr'>,Χριστοῦ</span> <span class='ocrx_word' id='word_1_552' title='bbox 1812 4529 1924 4583; x_wconf 86' lang='grc' dir='ltr'>καί.</span> 
     </span>
    </p>
   </div>
   <div class='ocr_carea' id='block_1_77' title="bbox 613 4593 1808 4669">
    <p class='ocr_par' dir='ltr' id='par_1_77' title="bbox 613 4593 1808 4669">
     <span class='ocr_line' id='line_1_77' title="bbox 613 4593 1808 4669; baseline 0.005 -22"><span class='ocrx_word' id='word_1_553' title='bbox 613 4593 723 4669; x_wconf 50' lang='lat' dir='ltr'><strong>(ﬁ?)</strong></span> <span class='ocrx_word' id='word_1_554' title='bbox 751 4593 967 4669; x_wconf 53' lang='lat' dir='ltr'><strong>[:egitur</strong></span> <span class='ocrx_word' id='word_1_555' title='bbox 1002 4596 1054 4649; x_wconf 91' lang='lat' dir='ltr'><strong>in</strong></span> <span class='ocrx_word' id='word_1_556' title='bbox 1088 4599 1295 4656; x_wconf 87' lang='lat' dir='ltr'><strong>duobus</strong></span> <span class='ocrx_word' id='word_1_557' title='bbox 1320 4593 1451 4658; x_wconf 79' lang='lat' dir='ltr'><strong>mss.</strong></span> <span class='ocrx_word' id='word_1_558' title='bbox 1473 4593 1808 4669; x_wconf 66' lang='grc' dir='ltr'>γελάσονται.</span> 
     </span>
    </p>
   </div>
   <div class='ocr_carea' id='block_1_78' title="bbox 615 4664 2093 4740">
    <p class='ocr_par' dir='ltr' id='par_1_78' title="bbox 615 4664 2093 4740">
     <span class='ocr_line' id='line_1_78' title="bbox 615 4664 2093 4740; baseline 0.004 -25"><span class='ocrx_word' id='word_1_559' title='bbox 615 4664 739 4740; x_wconf 78' lang='lat'><strong>(58_)_</strong></span> <span class='ocrx_word' id='word_1_560' title='bbox 760 4665 898 4719; x_wconf 85' lang='lat' dir='ltr'><strong>Edili</strong></span> <span class='ocrx_word' id='word_1_561' title='bbox 922 4680 1042 4719; x_wconf 87' lang='lat' dir='ltr'><strong>cum</strong></span> <span class='ocrx_word' id='word_1_562' title='bbox 1081 4669 1358 4740; x_wconf 78' lang='lat' dir='ltr'><strong>aliquibus</strong></span> <span class='ocrx_word' id='word_1_563' title='bbox 1389 4664 1521 4725; x_wconf 74' lang='lat' dir='ltr'><strong>mss.</strong></span> <span class='ocrx_word' id='word_1_564' title='bbox 1559 4668 1962 4732; x_wconf 86' lang='grc' dir='ltr'>ἀποκλίναντος.</span> <span class='ocrx_word' id='word_1_565' title='bbox 1989 4668 2093 4740; x_wconf 82' lang='lat' dir='ltr'><strong>Alii</strong></span> 
     </span>
    </p>
   </div>
   <div class='ocr_carea' id='block_1_79' title="bbox 543 4734 2092 4810">
    <p class='ocr_par' dir='ltr' id='par_1_79' title="bbox 543 4734 2092 4810">
     <span class='ocr_line' id='line_1_79' title="bbox 543 4734 2092 4810; baseline 0.003 -25"><span class='ocrx_word' id='word_1_566' title='bbox 543 4734 941 4810; x_wconf 66' lang='grc' dir='ltr'>ἀποκλίνοντος,</span> <span class='ocrx_word' id='word_1_567' title='bbox 971 4734 1196 4810; x_wconf 39' lang='lat' dir='ltr'><strong>melius;</strong></span> <span class='ocrx_word' id='word_1_568' title='bbox 1213 4740 1376 4794; x_wconf 85' lang='lat' dir='ltr'><strong>Paulo</strong></span> <span class='ocrx_word' id='word_1_569' title='bbox 1399 4751 1513 4810; x_wconf 92' lang='lat' dir='ltr'><strong>post</strong></span> <span class='ocrx_word' id='word_1_570' title='bbox 1539 4741 1670 4809; x_wconf 74' lang='lat' dir='ltr'><strong>Reg.</strong></span> <span class='ocrx_word' id='word_1_571' title='bbox 1706 4740 1974 4793; x_wconf 89' lang='lat' dir='ltr'><strong>secundus</strong></span> <span class='ocrx_word' id='word_1_572' title='bbox 1997 4739 2092 4790; x_wconf 73' lang='grc' dir='ltr'>ἐπὶ</span> 
     </span>
    </p>
   </div>
   <div class='ocr_carea' id='block_1_80' title="bbox 543 4803 2094 4882">
    <p class='ocr_par' dir='ltr' id='par_1_80' title="bbox 543 4803 2094 4882">
     <span class='ocr_line' id='line_1_80' title="bbox 543 4803 2094 4882; baseline 0.005 -28"><span class='ocrx_word' id='word_1_573' title='bbox 543 4803 790 4882; x_wconf 65' lang='grc' dir='ltr'>δάκρυσι.</span> <span class='ocrx_word' id='word_1_574' title='bbox 828 4805 944 4882; x_wconf 49' lang='lat' dir='ltr'><strong>lion</strong></span> <span class='ocrx_word' id='word_1_575' title='bbox 1003 4806 1110 4870; x_wconf 92' lang='lat' dir='ltr'><strong>illa,</strong></span> <span class='ocrx_word' id='word_1_576' title='bbox 1136 4809 1243 4882; x_wconf 78' lang='grc' dir='ltr'>γὰρ</span> <span class='ocrx_word' id='word_1_577' title='bbox 1287 4803 1412 4873; x_wconf 53' lang='grc' dir='ltr'>νῦν,</span> <span class='ocrx_word' id='word_1_578' title='bbox 1437 4803 1707 4882; x_wconf 60' lang='grc' dir='ltr'>«Ιοειιιιζίη</span> <span class='ocrx_word' id='word_1_579' title='bbox 1733 4810 1864 4878; x_wconf 74' lang='lat' dir='ltr'><strong>Reg.</strong></span> <span class='ocrx_word' id='word_1_580' title='bbox 1901 4810 2094 4882; x_wconf 76' lang='lat' dir='ltr'><strong>tertio.</strong></span> 
     </span>
    </p>
   </div>
   <div class='ocr_carea' id='block_1_81' title="bbox 547 4872 2095 4956">
    <p class='ocr_par' dir='ltr' id='par_1_81' title="bbox 547 4872 2095 4956">
     <span class='ocr_line' id='line_1_81' title="bbox 547 4872 2095 4956; baseline 0.003 -30"><span class='ocrx_word' id='word_1_581' title='bbox 547 4872 783 4956; x_wconf 75' lang='lat' dir='ltr'><strong>S_ubinde</strong></span> <span class='ocrx_word' id='word_1_582' title='bbox 831 4875 980 4956; x_wconf 68' lang='grc' dir='ltr'><strong>09η».</strong></span> <span class='ocrx_word' id='word_1_583' title='bbox 1033 4872 1256 4948; x_wconf 78' lang='lat' dir='ltr'><strong>quarnis</strong></span> <span class='ocrx_word' id='word_1_584' title='bbox 1300 4879 1519 4956; x_wconf 87' lang='grc' dir='ltr'>πρὸςτά</span> <span class='ocrx_word' id='word_1_585' title='bbox 1559 4872 1840 4952; x_wconf 81' lang='grc' dir='ltr'>μέλλονταῖ</span> <span class='ocrx_word' id='word_1_586' title='bbox 1896 4879 2095 4934; x_wconf 90' lang='lat' dir='ltr'><strong>Ibidem</strong></span> 
     </span>
    </p>
   </div>
   <div class='ocr_carea' id='block_1_82' title="bbox 544 4938 1011 4999">
    <p class='ocr_par' dir='ltr' id='par_1_82' title="bbox 544 4938 1011 4999">
     <span class='ocr_line' id='line_1_82' title="bbox 544 4938 1011 4999; baseline 0.009 -4"><span class='ocrx_word' id='word_1_587' title='bbox 544 4947 648 4996; x_wconf 89' lang='lat' dir='ltr'><strong>duo</strong></span> <span class='ocrx_word' id='word_1_588' title='bbox 681 4958 803 4997; x_wconf 91' lang='lat' dir='ltr'><strong>mss.</strong></span> <span class='ocrx_word' id='word_1_589' title='bbox 840 4938 1011 4999; x_wconf 76' lang='grc' dir='ltr'>εἶπον.</span> 
     </span>
    </p>
   </div>
   <div class='ocr_carea' id='block_1_83' title="bbox 610 5012 2098 5092">
    <p class='ocr_par' dir='ltr' id='par_1_83' title="bbox 610 5012 2098 5092">
     <span class='ocr_line' id='line_1_83' title="bbox 610 5012 2098 5092; baseline -0.002 -20"><span class='ocrx_word' id='word_1_590' title='bbox 750 5012 901 5092; x_wconf 57' lang='grc' dir='ltr'>ξομ),</span> <span class='ocrx_word' id='word_1_591' title='bbox 947 5017 1410 5092; x_wconf 53' lang='lat' dir='ltr'><strong>secundusdwiwv</strong></span> <span class='ocrx_word' id='word_1_592' title='bbox 1457 5023 1574 5077; x_wconf 85' lang='grc' dir='ltr'>κατ’</span> <span class='ocrx_word' id='word_1_593' title='bbox 1616 5019 1821 5092; x_wconf 85' lang='grc' dir='ltr'>ἀγοράν</span> <span class='ocrx_word' id='word_1_594' title='bbox 1854 5017 2098 5092; x_wconf 38' lang='grc' dir='ltr'>εὐθηνία..</span> 
     </span>
    </p>
   </div>
   <div class='ocr_carea' id='block_1_84' title="bbox 576 5080 2101 5165">
    <p class='ocr_par' dir='ltr' id='par_1_84' title="bbox 576 5080 2101 5165">
     <span class='ocr_line' id='line_1_84' title="bbox 576 5080 2101 5165; baseline 0.003 -29"><span class='ocrx_word' id='word_1_595' title='bbox 576 5080 725 5165; x_wconf 72' lang='lat'><strong>~(60)</strong></span> <span class='ocrx_word' id='word_1_596' title='bbox 749 5080 927 5136; x_wconf 87' lang='lat' dir='ltr'><strong>Editio</strong></span> <span class='ocrx_word' id='word_1_597' title='bbox 958 5084 1126 5142; x_wconf 87' lang='lat' dir='ltr'><strong>Paris.</strong></span> <span class='ocrx_word' id='word_1_598' title='bbox 1160 5091 1252 5143; x_wconf 73' lang='grc' dir='ltr'><strong>καὶ</strong></span> <span class='ocrx_word' id='word_1_599' title='bbox 1295 5094 1328 5162; x_wconf 79' lang='grc' dir='ltr'><strong>ἡ</strong></span> <span class='ocrx_word' id='word_1_600' title='bbox 1353 5093 1472 5160; x_wconf 85' lang='grc' dir='ltr'>τῆς.</span> <span class='ocrx_word' id='word_1_601' title='bbox 1519 5093 1589 5146; x_wconf 86' lang='lat' dir='ltr'><strong>At</strong></span> <span class='ocrx_word' id='word_1_602' title='bbox 1627 5080 1780 5146; x_wconf 76' lang='lat' dir='ltr'><strong>niuiti</strong></span> <span class='ocrx_word' id='word_1_603' title='bbox 1825 5080 2101 5144; x_wconf 43' lang='lat' dir='ltr'><strong>mssfxai</strong></span> 
     </span>
    </p>
   </div>
   <div class='ocr_carea' id='block_1_85' title="bbox 543 5170 1551 5308">
    <p class='ocr_par' dir='ltr' id='par_1_85' title="bbox 543 5170 1551 5308">
     <span class='ocr_line' id='line_1_85' title="bbox 543 5170 639 5224; baseline 0.01 -9"><span class='ocrx_word' id='word_1_604' title='bbox 543 5170 639 5224; x_wconf 84' lang='grc' dir='ltr'>της</span> 
     </span>
     <span class='ocr_line' id='line_1_86' title="bbox 612 5220 1551 5308; baseline 0.01 -32"><span class='ocrx_word' id='word_1_605' title='bbox 907 5226 1192 5288; x_wconf 89' lang='lat' dir='ltr'><strong>secundus,</strong></span> <span class='ocrx_word' id='word_1_606' title='bbox 1216 5228 1551 5308; x_wconf 69' lang='grc' dir='ltr'>αἰσθόμενος.</span> 
     </span>
    </p>
   </div>
   <div class='ocr_carea' id='block_1_86' title="bbox 633 5293 2100 5376">
    <p class='ocr_par' dir='ltr' id='par_1_86' title="bbox 633 5293 2100 5376">
     <span class='ocr_line' id='line_1_87' title="bbox 633 5293 2100 5376; baseline 0.006 -30"><span class='ocrx_word' id='word_1_607' title='bbox 633 5294 723 5376; x_wconf 50' lang='grc' dir='ltr'><strong>ϐξ)</strong></span> <span class='ocrx_word' id='word_1_608' title='bbox 745 5293 890 5376; x_wconf 55' lang='lat' dir='ltr'><strong>pditi</strong></span> <span class='ocrx_word' id='word_1_609' title='bbox 919 5293 1470 5376; x_wconf 79' lang='grc' dir='ltr'>παρατραπῆναι.Ἀι</span> <span class='ocrx_word' id='word_1_610' title='bbox 1500 5293 1702 5376; x_wconf 79' lang='lat' dir='ltr'><strong>septem</strong></span> <span class='ocrx_word' id='word_1_611' title='bbox 1732 5317 1861 5376; x_wconf 72' lang='lat' dir='ltr'><strong>mss.</strong></span> <span class='ocrx_word' id='word_1_612' title='bbox 1901 5311 2100 5376; x_wconf 45' lang='lat' dir='ltr'><strong>praeter</strong></span> 
     </span>
    </p>
   </div>
   <div class='ocr_carea' id='block_1_87' title="bbox 541 5363 2090 5440">
    <p class='ocr_par' dir='ltr' id='par_1_87' title="bbox 541 5363 2090 5440">
     <span class='ocr_line' id='line_1_88' title="bbox 541 5363 2090 5440; baseline 0.005 -22"><span class='ocrx_word' id='word_1_613' title='bbox 541 5363 1252 5440; x_wconf 60' lang='lat' dir='ltr'><strong>Cotnbef:__rrepttp_arrﬁvat,</strong></span> <span class='ocrx_word' id='word_1_614' title='bbox 1281 5371 1451 5440; x_wconf 80' lang='lat' dir='ltr'><strong>longe</strong></span> <span class='ocrx_word' id='word_1_615' title='bbox 1500 5363 1710 5426; x_wconf 78' lang='lat' dir='ltr'><strong>melius.</strong></span> <span class='ocrx_word' id='word_1_616' title='bbox 1763 5363 2090 5426; x_wconf 45' lang='lat' dir='ltr'><strong>Mox-multi</strong></span> 
     </span>
    </p>
   </div>
   <div class='ocr_carea' id='block_1_88' title="bbox 542 5432 1732 5505">
    <p class='ocr_par' dir='ltr' id='par_1_88' title="bbox 542 5432 1732 5505">
     <span class='ocr_line' id='line_1_89' title="bbox 542 5432 1732 5505; baseline 0.005 -16"><span class='ocrx_word' id='word_1_617' title='bbox 542 5450 671 5490; x_wconf 85' lang='lat' dir='ltr'><strong>mss.</strong></span> <span class='ocrx_word' id='word_1_618' title='bbox 696 5436 724 5487; x_wconf 88' lang='grc' dir='ltr'>ὁ</span> <span class='ocrx_word' id='word_1_619' title='bbox 758 5432 978 5505; x_wconf 83' lang='grc' dir='ltr'>Κύριος.</span> <span class='ocrx_word' id='word_1_620' title='bbox 995 5432 1164 5491; x_wconf 75' lang='lat' dir='ltr'><strong>Deest</strong></span> <span class='ocrx_word' id='word_1_621' title='bbox 1192 5432 1448 5494; x_wconf 83' lang='lat' dir='ltr'><strong>articule</strong></span> <span class='ocrx_word' id='word_1_622' title='bbox 1477 5441 1528 5493; x_wconf 93' lang='lat' dir='ltr'><strong>in</strong></span> <span class='ocrx_word' id='word_1_623' title='bbox 1553 5441 1732 5495; x_wconf 89' lang='lat' dir='ltr'><strong>editis.</strong></span> 
     </span>
    </p>
   </div>
   <div class='ocr_carea' id='block_1_89' title="bbox 613 5505 2093 5577">
    <p class='ocr_par' dir='ltr' id='par_1_89' title="bbox 613 5505 2093 5577">
     <span class='ocr_line' id='line_1_90' title="bbox 613 5505 2093 5577; baseline 0.006 -19"><span class='ocrx_word' id='word_1_624' title='bbox 613 5505 958 5577; x_wconf 71' lang='lat' dir='ltr'><strong>(63)_|ta_sex</strong></span> <span class='ocrx_word' id='word_1_625' title='bbox 995 5521 1122 5560; x_wconf 86' lang='lat' dir='ltr'><strong>mss.</strong></span> <span class='ocrx_word' id='word_1_626' title='bbox 1167 5522 1286 5562; x_wconf 89' lang='lat' dir='ltr'><strong>cum</strong></span> <span class='ocrx_word' id='word_1_627' title='bbox 1314 5511 1546 5565; x_wconf 90' lang='lat' dir='ltr'><strong>editione</strong></span> <span class='ocrx_word' id='word_1_628' title='bbox 1583 5511 1742 5564; x_wconf 85' lang='lat' dir='ltr'><strong>Basil.</strong></span> <span class='ocrx_word' id='word_1_629' title='bbox 1779 5512 1846 5566; x_wconf 83' lang='lat' dir='ltr'><strong>At</strong></span> <span class='ocrx_word' id='word_1_630' title='bbox 1906 5522 2093 5568; x_wconf 87' lang='lat' dir='ltr'><strong>nostra</strong></span> 
     </span>
    </p>
   </div>
   <div class='ocr_carea' id='block_1_90' title="bbox 541 5575 2094 5652">
    <p class='ocr_par' dir='ltr' id='par_1_90' title="bbox 541 5575 2094 5652">
     <span class='ocr_line' id='line_1_91' title="bbox 541 5575 2094 5652; baseline 0.005 -24"><span class='ocrx_word' id='word_1_631' title='bbox 541 5575 710 5652; x_wconf 70' lang='lat' dir='ltr'><strong>editio</strong></span> <span class='ocrx_word' id='word_1_632' title='bbox 740 5575 907 5652; x_wconf 76' lang='lat' dir='ltr'><strong>Paris.</strong></span> <span class='ocrx_word' id='word_1_633' title='bbox 927 5586 991 5652; x_wconf 85' lang='lat' dir='ltr'><strong>_et</strong></span> <span class='ocrx_word' id='word_1_634' title='bbox 1032 5577 1121 5630; x_wconf 88' lang='lat' dir='ltr'><strong>alii</strong></span> <span class='ocrx_word' id='word_1_635' title='bbox 1154 5587 1260 5633; x_wconf 85' lang='lat' dir='ltr'><strong>tres</strong></span> <span class='ocrx_word' id='word_1_636' title='bbox 1294 5595 1422 5652; x_wconf 75' lang='lat' dir='ltr'><strong>mss.</strong></span> <span class='ocrx_word' id='word_1_637' title='bbox 1458 5581 1760 5652; x_wconf 84' lang='grc' dir='ltr'>παράσχου.</span> <span class='ocrx_word' id='word_1_638' title='bbox 1803 5581 1906 5637; x_wconf 92' lang='lat' dir='ltr'><strong>Ubi</strong></span> <span class='ocrx_word' id='word_1_639' title='bbox 1943 5593 2094 5638; x_wconf 88' lang='lat' dir='ltr'><strong>notat</strong></span> 
     </span>
    </p>
   </div>
   <div class='ocr_carea' id='block_1_91' title="bbox 540 5643 2096 5722">
    <p class='ocr_par' dir='ltr' id='par_1_91' title="bbox 540 5643 2096 5722">
     <span class='ocr_line' id='line_1_92' title="bbox 540 5643 2096 5722; baseline 0.005 -23"><span class='ocrx_word' id='word_1_640' title='bbox 540 5643 800 5722; x_wconf 60' lang='lat' dir='ltr'><strong>Nobilius,</strong></span> <span class='ocrx_word' id='word_1_641' title='bbox 826 5645 1179 5722; x_wconf 83' lang='lat' dir='ltr'><strong>_leg_i_quoque</strong></span> <span class='ocrx_word' id='word_1_642' title='bbox 1209 5650 1490 5721; x_wconf 85' lang='grc' dir='ltr'>παράσχου</span> <span class='ocrx_word' id='word_1_643' title='bbox 1523 5643 1592 5706; x_wconf 78' lang='lat' dir='ltr'><strong>ab</strong></span> <span class='ocrx_word' id='word_1_644' title='bbox 1632 5643 1984 5722; x_wconf 70' lang='lat' dir='ltr'><strong>Kpollinario,</strong></span> <span class='ocrx_word' id='word_1_645' title='bbox 2042 5665 2096 5708; x_wconf 90' lang='lat' dir='ltr'><strong>et</strong></span> 
     </span>
    </p>
   </div>
   <div class='ocr_carea' id='block_1_92' title="bbox 541 5716 2093 5837">
    <p class='ocr_par' dir='ltr' id='par_1_92' title="bbox 541 5716 2093 5837">
     <span class='ocr_line' id='line_1_93' title="bbox 541 5716 2093 5837; baseline 0.009 -70"><span class='ocrx_word' id='word_1_646' title='bbox 541 5717 874 5837; x_wconf 54' lang='grc' dir='ltr'><strong>ἱξειιιιεξιίο</strong></span> <span class='ocrx_word' id='word_1_647' title='bbox 894 5716 1218 5788; x_wconf 66' lang='lat' dir='ltr'><strong>:Ettiiopico,</strong></span> <span class='ocrx_word' id='word_1_648' title='bbox 1253 5716 1489 5790; x_wconf 58' lang='lat' dir='ltr'><strong>aique&#39;in</strong></span> <span class='ocrx_word' id='word_1_649' title='bbox 1521 5722 1639 5778; x_wconf 87' lang='lat' dir='ltr'><strong>aliis</strong></span> <span class='ocrx_word' id='word_1_650' title='bbox 1669 5716 1985 5794; x_wconf 71' lang='lat' dir='ltr'><strong>quibusdam</strong></span> <span class='ocrx_word' id='word_1_651' title='bbox 2030 5725 2093 5780; x_wconf 91' lang='lat' dir='ltr'><strong>li-</strong></span> 
     </span>
    </p>
   </div>
   <div class='ocr_carea' id='block_1_93' title="bbox 583 5799 674 5837">
    <p class='ocr_par' dir='ltr' id='par_1_93' title="bbox 583 5799 674 5837">
     <span class='ocr_line' id='line_1_94' title="bbox 583 5799 674 5837; baseline 0 0"><span class='ocrx_word' id='word_1_652' title='bbox 583 5799 674 5837; x_wconf 77' lang='lat' dir='ltr'><strong>I&#39;IS.</strong></span> 
     </span>
    </p>
   </div>
   <div class='ocr_carea' id='block_1_94' title="bbox 1634 4346 2112 4412">
    <p class='ocr_par' dir='ltr' id='par_1_94' title="bbox 1634 4346 2112 4412">
     <span class='ocr_line' id='line_1_95' title="bbox 1634 4346 2112 4412; baseline 0 -11"><span class='ocrx_word' id='word_1_653' title='bbox 1634 4347 1678 4379; x_wconf 84' lang='grc'><strong>³⁸</strong></span> <span class='ocrx_word' id='word_1_654' title='bbox 1702 4346 1841 4405; x_wconf 86' lang='lat' dir='ltr'><strong>Psal.</strong></span> <span class='ocrx_word' id='word_1_655' title='bbox 1869 4363 2028 4412; x_wconf 68' lang='lat' dir='ltr'><strong>cxxv,</strong></span> <span class='ocrx_word' id='word_1_656' title='bbox 2059 4349 2112 4402; x_wconf 78' lang='lat'><strong>5.</strong></span> 
     </span>
    </p>
   </div>
   <div class='ocr_carea' id='block_1_95' title="bbox 2204 3425 3766 3500">
    <p class='ocr_par' dir='ltr' id='par_1_95' title="bbox 2204 3425 3766 3500">
     <span class='ocr_line' id='line_1_96' title="bbox 2204 3425 3766 3500; baseline -0.006 -14"><span class='ocrx_word' id='word_1_657' title='bbox 2204 3435 2416 3486; x_wconf 76' lang='grc' dir='ltr'>κάλλει</span> <span class='ocrx_word' id='word_1_658' title='bbox 2442 3449 2560 3500; x_wconf 86' lang='grc' dir='ltr'>μου</span> <span class='ocrx_word' id='word_1_659' title='bbox 2592 3431 2866 3498; x_wconf 73' lang='grc' dir='ltr'>δύναμιν.</span> <span class='ocrx_word' id='word_1_660' title='bbox 2892 3430 2954 3482; x_wconf 77' lang='lat' dir='ltr'><strong>Oi</strong></span> <span class='ocrx_word' id='word_1_661' title='bbox 2984 3429 3109 3499; x_wconf 88' lang='grc' dir='ltr'><strong>περί</strong></span> <span class='ocrx_word' id='word_1_662' title='bbox 3131 3429 3228 3499; x_wconf 84' lang='grc' dir='ltr'>τὴν</span> <span class='ocrx_word' id='word_1_663' title='bbox 3252 3428 3494 3494; x_wconf 76' lang='grc' dir='ltr'>ἐξέτασιν</span> <span class='ocrx_word' id='word_1_664' title='bbox 3517 3425 3611 3477; x_wconf 82' lang='grc' dir='ltr'>τοῦ</span> <span class='ocrx_word' id='word_1_665' title='bbox 3639 3425 3766 3495; x_wconf 77' lang='grc' dir='ltr'>περὶ</span> 
     </span>
    </p>
   </div>
   <div class='ocr_carea' id='block_1_96' title="bbox 2204 3520 3764 3596">
    <p class='ocr_par' dir='ltr' id='par_1_96' title="bbox 2204 3520 3764 3596">
     <span class='ocr_line' id='line_1_97' title="bbox 2204 3520 3764 3596; baseline -0.004 -18"><span class='ocrx_word' id='word_1_666' title='bbox 2204 3526 2410 3596; x_wconf 87' lang='grc' dir='ltr'>ἀρετῶν</span> <span class='ocrx_word' id='word_1_667' title='bbox 2434 3524 2590 3592; x_wconf 84' lang='grc' dir='ltr'>λόγου</span> <span class='ocrx_word' id='word_1_668' title='bbox 2621 3522 3034 3594; x_wconf 77' lang='grc' dir='ltr'>κατατριϐέντες</span> <span class='ocrx_word' id='word_1_669' title='bbox 3064 3522 3160 3585; x_wconf 77' lang='grc' dir='ltr'>τὰς</span> <span class='ocrx_word' id='word_1_670' title='bbox 3194 3523 3291 3592; x_wconf 80' lang='grc' dir='ltr'><strong>μὲν</strong></span> <span class='ocrx_word' id='word_1_671' title='bbox 3324 3521 3431 3573; x_wconf 87' lang='grc' dir='ltr'><strong>τῶν</strong></span> <span class='ocrx_word' id='word_1_672' title='bbox 3459 3520 3669 3591; x_wconf 85' lang='grc' dir='ltr'>ἀρετῶν</span> <span class='ocrx_word' id='word_1_673' title='bbox 3701 3520 3764 3571; x_wconf 77' lang='grc' dir='ltr'>ἐκ</span> 
     </span>
    </p>
   </div>
   <div class='ocr_carea' id='block_1_97' title="bbox 2205 3612 3760 3688">
    <p class='ocr_par' dir='ltr' id='par_1_97' title="bbox 2205 3612 3760 3688">
     <span class='ocr_line' id='line_1_98' title="bbox 2205 3612 3760 3688; baseline -0.019 -19"><span class='ocrx_word' id='word_1_674' title='bbox 2205 3616 2572 3688; x_wconf 80' lang='grc' dir='ltr'>θεωρημάτων</span> <span class='ocrx_word' id='word_1_675' title='bbox 2597 3615 2801 3685; x_wconf 66' lang='grc' dir='ltr'>ἔφασαν</span> <span class='ocrx_word' id='word_1_676' title='bbox 2833 3615 3169 3678; x_wconf 81' lang='grc' dir='ltr'>συνεστάναι,</span> <span class='ocrx_word' id='word_1_677' title='bbox 3193 3614 3288 3677; x_wconf 79' lang='grc' dir='ltr'>τὰς</span> <span class='ocrx_word' id='word_1_678' title='bbox 3311 3613 3368 3666; x_wconf 71' lang='grc' dir='ltr'><strong>δὲ</strong></span> <span class='ocrx_word' id='word_1_679' title='bbox 3393 3612 3760 3683; x_wconf 62' lang='grc' dir='ltr'><strong>ἀθεωρήτους.</strong></span> 
     </span>
    </p>
   </div>
   <div class='ocr_carea' id='block_1_98' title="bbox 2203 3705 3762 3779">
    <p class='ocr_par' dir='ltr' id='par_1_98' title="bbox 2203 3705 3762 3779">
     <span class='ocr_line' id='line_1_99' title="bbox 2203 3705 3762 3779; baseline -0.005 -16"><span class='ocrx_word' id='word_1_680' title='bbox 2203 3705 2333 3771; x_wconf 74' lang='grc' dir='ltr'>οἷον,</span> <span class='ocrx_word' id='word_1_681' title='bbox 2380 3709 2636 3779; x_wconf 84' lang='grc' dir='ltr'>φρόνησιν</span> <span class='ocrx_word' id='word_1_682' title='bbox 2680 3708 2776 3778; x_wconf 81' lang='grc' dir='ltr'><strong>μὲν</strong></span> <span class='ocrx_word' id='word_1_683' title='bbox 2810 3709 2874 3760; x_wconf 85' lang='grc' dir='ltr'>ὲκ</span> <span class='ocrx_word' id='word_1_684' title='bbox 2921 3706 3285 3777; x_wconf 78' lang='grc' dir='ltr'>θεωρημάτων</span> <span class='ocrx_word' id='word_1_685' title='bbox 3320 3705 3660 3769; x_wconf 86' lang='grc' dir='ltr'>συνεστάναι,</span> <span class='ocrx_word' id='word_1_686' title='bbox 3707 3705 3762 3755; x_wconf 82' lang='grc' dir='ltr'>ὲν</span> 
     </span>
    </p>
   </div>
   <div class='ocr_carea' id='block_1_99' title="bbox 2207 3795 3762 3873">
    <p class='ocr_par' dir='ltr' id='par_1_99' title="bbox 2207 3795 3762 3873">
     <span class='ocr_line' id='line_1_100' title="bbox 2207 3795 3762 3873; baseline -0.005 -18"><span class='ocrx_word' id='word_1_687' title='bbox 2207 3802 2285 3872; x_wconf 81' lang='grc' dir='ltr'>τῷ</span> <span class='ocrx_word' id='word_1_688' title='bbox 2316 3804 2441 3873; x_wconf 77' lang='grc' dir='ltr'>περὶ</span> <span class='ocrx_word' id='word_1_689' title='bbox 2474 3799 2691 3870; x_wconf 85' lang='grc' dir='ltr'>ἀγαθῶν</span> <span class='ocrx_word' id='word_1_690' title='bbox 2722 3800 2821 3853; x_wconf 70' lang='grc' dir='ltr'>’καὶ</span> <span class='ocrx_word' id='word_1_691' title='bbox 2851 3799 3032 3852; x_wconf 83' lang='grc' dir='ltr'>κακῶν</span> <span class='ocrx_word' id='word_1_692' title='bbox 3063 3800 3211 3868; x_wconf 84' lang='grc' dir='ltr'>τόπῳ</span> <span class='ocrx_word' id='word_1_693' title='bbox 3239 3797 3346 3868; x_wconf 69' lang='grc'><strong>(64)</strong></span> <span class='ocrx_word' id='word_1_694' title='bbox 3367 3814 3380 3827; x_wconf 91' lang='grc'><strong>·</strong></span> <span class='ocrx_word' id='word_1_695' title='bbox 3415 3795 3762 3867; x_wconf 70' lang='grc' dir='ltr'>σωφροσύνην</span> 
     </span>
    </p>
   </div>
   <div class='ocr_carea' id='block_1_100' title="bbox 2206 3888 3762 3964">
    <p class='ocr_par' dir='ltr' id='par_1_100' title="bbox 2206 3888 3762 3964">
     <span class='ocr_line' id='line_1_101' title="bbox 2206 3888 3762 3964; baseline -0.004 -16"><span class='ocrx_word' id='word_1_696' title='bbox 2206 3895 2262 3948; x_wconf 81' lang='grc' dir='ltr'>δὲ</span> <span class='ocrx_word' id='word_1_697' title='bbox 2297 3897 2360 3948; x_wconf 84' lang='grc' dir='ltr'>ὲκ</span> <span class='ocrx_word' id='word_1_698' title='bbox 2391 3893 2484 3946; x_wconf 81' lang='grc' dir='ltr'>τοῦ</span> <span class='ocrx_word' id='word_1_699' title='bbox 2525 3892 2788 3964; x_wconf 74' lang='grc' dir='ltr'>περὶτῶν</span> <span class='ocrx_word' id='word_1_700' title='bbox 2831 3890 3060 3962; x_wconf 81' lang='grc' dir='ltr'>αἱρετῶν</span> <span class='ocrx_word' id='word_1_701' title='bbox 3107 3890 3198 3944; x_wconf 76' lang='grc' dir='ltr'><strong>καὶ</strong></span> <span class='ocrx_word' id='word_1_702' title='bbox 3239 3889 3516 3960; x_wconf 84' lang='grc' dir='ltr'>φευκτῶν·</span> <span class='ocrx_word' id='word_1_703' title='bbox 3563 3888 3762 3942; x_wconf 85' lang='grc' dir='ltr'>δικαιο-</span> 
     </span>
    </p>
   </div>
   <div class='ocr_carea' id='block_1_101' title="bbox 2210 3980 3761 4056">
    <p class='ocr_par' dir='ltr' id='par_1_101' title="bbox 2210 3980 3761 4056">
     <span class='ocr_line' id='line_1_102' title="bbox 2210 3980 3761 4056; baseline -0.003 -19"><span class='ocrx_word' id='word_1_704' title='bbox 2210 3985 2374 4056; x_wconf 88' lang='grc' dir='ltr'>σύνην</span> <span class='ocrx_word' id='word_1_705' title='bbox 2417 3985 2472 4036; x_wconf 82' lang='grc' dir='ltr'><strong>δὲ</strong></span> <span class='ocrx_word' id='word_1_706' title='bbox 2519 3985 2582 4036; x_wconf 82' lang='grc' dir='ltr'>ἐκ</span> <span class='ocrx_word' id='word_1_707' title='bbox 2624 3982 2718 4035; x_wconf 79' lang='grc' dir='ltr'>τοῦ</span> <span class='ocrx_word' id='word_1_708' title='bbox 2764 3985 2889 4053; x_wconf 75' lang='grc' dir='ltr'>περὶ</span> <span class='ocrx_word' id='word_1_709' title='bbox 2929 3981 3037 4035; x_wconf 87' lang='grc' dir='ltr'><strong>τῶν</strong></span> <span class='ocrx_word' id='word_1_710' title='bbox 3087 3981 3468 4052; x_wconf 84' lang='grc' dir='ltr'>ἀπονεμητέων</span> <span class='ocrx_word' id='word_1_711' title='bbox 3515 3980 3605 4033; x_wconf 82' lang='grc' dir='ltr'>καὶ</span> <span class='ocrx_word' id='word_1_712' title='bbox 3663 3982 3761 4032; x_wconf 81' lang='grc' dir='ltr'><strong>οὐκ</strong></span> 
     </span>
    </p>
   </div>
   <div class='ocr_carea' id='block_1_102' title="bbox 2207 4069 3758 4145">
    <p class='ocr_par' dir='ltr' id='par_1_102' title="bbox 2207 4069 3758 4145">
     <span class='ocr_line' id='line_1_103' title="bbox 2207 4069 3758 4145; baseline -0.005 -16"><span class='ocrx_word' id='word_1_713' title='bbox 2207 4074 2617 4145; x_wconf 62' lang='grc' dir='ltr'>ἀπνεμητέων·</span> <span class='ocrx_word' id='word_1_714' title='bbox 2655 4074 2748 4127; x_wconf 69' lang='lat' dir='ltr'><strong>atati.</strong></span> <span class='ocrx_word' id='word_1_715' title='bbox 2776 4073 3025 4143; x_wconf 88' lang='grc' dir='ltr'>ἀνδρείαν</span> <span class='ocrx_word' id='word_1_716' title='bbox 3065 4073 3128 4124; x_wconf 85' lang='grc' dir='ltr'>ὲκ</span> <span class='ocrx_word' id='word_1_717' title='bbox 3161 4071 3252 4124; x_wconf 75' lang='grc' dir='ltr'><strong>τοῦ</strong></span> <span class='ocrx_word' id='word_1_718' title='bbox 3283 4071 3410 4142; x_wconf 61' lang='grc' dir='ltr'><strong>περί⁵</strong></span> <span class='ocrx_word' id='word_1_719' title='bbox 3449 4069 3635 4123; x_wconf 88' lang='grc' dir='ltr'>δεινῶν</span> <span class='ocrx_word' id='word_1_720' title='bbox 3667 4070 3758 4123; x_wconf 80' lang='grc' dir='ltr'><strong>καὶ</strong></span> 
     </span>
    </p>
   </div>
   <div class='ocr_carea' id='block_1_103' title="bbox 2207 4157 3756 4236">
    <p class='ocr_par' dir='ltr' id='par_1_103' title="bbox 2207 4157 3756 4236">
     <span class='ocr_line' id='line_1_104' title="bbox 2207 4157 3756 4236; baseline -0.004 -16"><span class='ocrx_word' id='word_1_721' title='bbox 2207 4169 2267 4220; x_wconf 89' lang='grc' dir='ltr'><strong>οὐ</strong></span> <span class='ocrx_word' id='word_1_722' title='bbox 2312 4167 2530 4220; x_wconf 88' lang='grc' dir='ltr'>δεινῶν·</span> <span class='ocrx_word' id='word_1_723' title='bbox 2585 4166 2777 4230; x_wconf 85' lang='grc' dir='ltr'>κάλλος</span> <span class='ocrx_word' id='word_1_724' title='bbox 2818 4166 2874 4219; x_wconf 78' lang='grc' dir='ltr'>δὲ</span> <span class='ocrx_word' id='word_1_725' title='bbox 2908 4167 3002 4221; x_wconf 76' lang='grc' dir='ltr'><strong>καὶ</strong></span> <span class='ocrx_word' id='word_1_726' title='bbox 3036 4165 3186 4236; x_wconf 81' lang='grc' dir='ltr'>ίσχύν</span> <span class='ocrx_word' id='word_1_727' title='bbox 3235 4163 3573 4233; x_wconf 84' lang='grc' dir='ltr'>ἀθεωρήτους</span> <span class='ocrx_word' id='word_1_728' title='bbox 3621 4157 3756 4215; x_wconf 81' lang='grc' dir='ltr'>εἶναι</span> 
     </span>
    </p>
   </div>
   <div class='ocr_carea' id='block_1_104' title="bbox 2188 4346 3270 4413">
    <p class='ocr_par' dir='ltr' id='par_1_104' title="bbox 2188 4346 3270 4413">
     <span class='ocr_line' id='line_1_105' title="bbox 2188 4346 3270 4413; baseline -0.002 -10"><span class='ocrx_word' id='word_1_729' title='bbox 2188 4349 2232 4380; x_wconf 76' lang='grc'><strong>³⁸</strong></span> <span class='ocrx_word' id='word_1_730' title='bbox 2256 4349 2442 4403; x_wconf 82' lang='lat' dir='ltr'><strong>Matth.</strong></span> <span class='ocrx_word' id='word_1_731' title='bbox 2471 4363 2587 4411; x_wconf 78' lang='lat' dir='ltr'><strong>xm,</strong></span> <span class='ocrx_word' id='word_1_732' title='bbox 2621 4347 2672 4401; x_wconf 89' lang='lat'><strong>8.</strong></span> <span class='ocrx_word' id='word_1_733' title='bbox 2752 4346 2794 4379; x_wconf 84' lang='grc'><strong>³⁷</strong></span> <span class='ocrx_word' id='word_1_734' title='bbox 2823 4347 2974 4404; x_wconf 90' lang='lat' dir='ltr'><strong>Deut.</strong></span> <span class='ocrx_word' id='word_1_735' title='bbox 2998 4363 3188 4413; x_wconf 79' lang='lat' dir='ltr'><strong>xxvttt,</strong></span> <span class='ocrx_word' id='word_1_736' title='bbox 3217 4348 3270 4402; x_wconf 82' lang='lat'><strong>5.</strong></span> 
     </span>
    </p>
   </div>
   <div class='ocr_carea' id='block_1_105' title="bbox 2133 4526 3756 4617">
    <p class='ocr_par' dir='ltr' id='par_1_105' title="bbox 2133 4526 3756 4617">
     <span class='ocr_line' id='line_1_106' title="bbox 2133 4526 3756 4617; baseline 0.001 -34"><span class='ocrx_word' id='word_1_737' title='bbox 2133 4526 2178 4583; x_wconf 88' lang='lat' dir='ltr'><strong>D</strong></span> <span class='ocrx_word' id='word_1_738' title='bbox 2243 4531 2384 4617; x_wconf 39' lang='grc'><strong>’(64)</strong></span> <span class='ocrx_word' id='word_1_739' title='bbox 2411 4531 2554 4617; x_wconf 48' lang='grc' dir='ltr'><strong>βειίιῑ</strong></span> <span class='ocrx_word' id='word_1_740' title='bbox 2570 4542 2635 4617; x_wconf 54' lang='grc' dir='ltr'><strong>εξ</strong></span> <span class='ocrx_word' id='word_1_741' title='bbox 2669 4535 2835 4617; x_wconf 77' lang='lat' dir='ltr'><strong>nostri</strong></span> <span class='ocrx_word' id='word_1_742' title='bbox 2881 4532 3182 4617; x_wconf 65' lang='lat' dir='ltr'><strong>duodecim!</strong></span> <span class='ocrx_word' id='word_1_743' title='bbox 3207 4547 3337 4617; x_wconf 77' lang='lat' dir='ltr'><strong>mss.</strong></span> <span class='ocrx_word' id='word_1_744' title='bbox 3363 4536 3756 4617; x_wconf 53' lang='lat' dir='ltr'><strong>constanter‘év</strong></span> 
     </span>
    </p>
   </div>
   <div class='ocr_carea' id='block_1_106' title="bbox 2202 4603 3757 4674">
    <p class='ocr_par' dir='ltr' id='par_1_106' title="bbox 2202 4603 3757 4674">
     <span class='ocr_line' id='line_1_107' title="bbox 2202 4603 3757 4674; baseline 0 -18"><span class='ocrx_word' id='word_1_745' title='bbox 2202 4603 2279 4674; x_wconf 86' lang='grc' dir='ltr'>τῷ</span> <span class='ocrx_word' id='word_1_746' title='bbox 2309 4603 2434 4674; x_wconf 71' lang='grc' dir='ltr'>περὶ</span> <span class='ocrx_word' id='word_1_747' title='bbox 2457 4604 2674 4673; x_wconf 87' lang='grc' dir='ltr'>ἀγαθῶν</span> <span class='ocrx_word' id='word_1_748' title='bbox 2703 4605 2796 4658; x_wconf 74' lang='grc' dir='ltr'><strong>καὶ</strong></span> <span class='ocrx_word' id='word_1_749' title='bbox 2825 4604 3010 4658; x_wconf 85' lang='grc' dir='ltr'>κακῶν</span> <span class='ocrx_word' id='word_1_750' title='bbox 3031 4603 3198 4673; x_wconf 82' lang='grc' dir='ltr'>τόπῳ,</span> <span class='ocrx_word' id='word_1_751' title='bbox 3227 4603 3622 4674; x_wconf 77' lang='lat' dir='ltr'><strong>subobscurins.</strong></span> <span class='ocrx_word' id='word_1_752' title='bbox 3655 4607 3757 4658; x_wconf 85' lang='lat' dir='ltr'><strong>Ca-</strong></span> 
     </span>
    </p>
   </div>
   <div class='ocr_carea' id='block_1_107' title="bbox 2201 4672 3754 4746">
    <p class='ocr_par' dir='ltr' id='par_1_107' title="bbox 2201 4672 3754 4746">
     <span class='ocr_line' id='line_1_108' title="bbox 2201 4672 3754 4746; baseline 0.002 -19"><span class='ocrx_word' id='word_1_753' title='bbox 2201 4672 2322 4746; x_wconf 76' lang='lat' dir='ltr'><strong>tena</strong></span> <span class='ocrx_word' id='word_1_754' title='bbox 2347 4672 2816 4746; x_wconf 79' lang='lat' dir='ltr'><strong>veroCorderiaua</strong></span> <span class='ocrx_word' id='word_1_755' title='bbox 2841 4678 2896 4728; x_wconf 86' lang='grc' dir='ltr'>ὲν</span> <span class='ocrx_word' id='word_1_756' title='bbox 2921 4678 2986 4746; x_wconf 82' lang='grc' dir='ltr'>τῇ</span> <span class='ocrx_word' id='word_1_757' title='bbox 3019 4672 3390 4744; x_wconf 67' lang='grc' dir='ltr'>περϊάγαθῶν</span> <span class='ocrx_word' id='word_1_758' title='bbox 3419 4673 3513 4726; x_wconf 78' lang='grc' dir='ltr'>καὶ</span> <span class='ocrx_word' id='word_1_759' title='bbox 3567 4677 3754 4730; x_wconf 81' lang='grc' dir='ltr'>κακῶν</span> 
     </span>
    </p>
   </div>
   <div class='ocr_carea' id='block_1_108' title="bbox 2198 4743 3754 4814">
    <p class='ocr_par' dir='ltr' id='par_1_108' title="bbox 2198 4743 3754 4814">
     <span class='ocr_line' id='line_1_109' title="bbox 2198 4743 3754 4814; baseline 0.002 -18"><span class='ocrx_word' id='word_1_760' title='bbox 2198 4743 2414 4812; x_wconf 84' lang='grc' dir='ltr'>γνώσει,</span> <span class='ocrx_word' id='word_1_761' title='bbox 2447 4745 2590 4814; x_wconf 90' lang='lat' dir='ltr'><strong>clare</strong></span> <span class='ocrx_word' id='word_1_762' title='bbox 2615 4745 2828 4814; x_wconf 87' lang='lat' dir='ltr'><strong>quidem</strong></span> <span class='ocrx_word' id='word_1_763' title='bbox 2865 4763 2879 4799; x_wconf 88' lang='lat'><strong>:</strong></span> <span class='ocrx_word' id='word_1_764' title='bbox 2919 4743 3012 4799; x_wconf 80' lang='lat' dir='ltr'><strong>sed</strong></span> <span class='ocrx_word' id='word_1_765' title='bbox 3042 4743 3100 4798; x_wconf 82' lang='lat' dir='ltr'><strong>ni</strong></span> <span class='ocrx_word' id='word_1_766' title='bbox 3127 4745 3294 4807; x_wconf 79' lang='lat' dir='ltr'><strong>fallor,</strong></span> <span class='ocrx_word' id='word_1_767' title='bbox 3319 4759 3420 4795; x_wconf 76' lang='lat' dir='ltr'><strong>non</strong></span> <span class='ocrx_word' id='word_1_768' title='bbox 3450 4759 3591 4797; x_wconf 87' lang='lat' dir='ltr'><strong>vere.</strong></span> <span class='ocrx_word' id='word_1_769' title='bbox 3623 4746 3754 4800; x_wconf 81' lang='lat' dir='ltr'><strong>Nam</strong></span> 
     </span>
    </p>
   </div>
   <div class='ocr_carea' id='block_1_109' title="bbox 2202 4813 3755 4882">
    <p class='ocr_par' dir='ltr' id='par_1_109' title="bbox 2202 4813 3755 4882">
     <span class='ocr_line' id='line_1_110' title="bbox 2202 4813 3755 4882; baseline 0 -15"><span class='ocrx_word' id='word_1_770' title='bbox 2202 4829 2427 4882; x_wconf 80' lang='lat' dir='ltr'><strong>magnus</strong></span> <span class='ocrx_word' id='word_1_771' title='bbox 2455 4813 2540 4868; x_wconf 89' lang='lat' dir='ltr'><strong>ille</strong></span> <span class='ocrx_word' id='word_1_772' title='bbox 2572 4813 2649 4868; x_wconf 83' lang='lat' dir='ltr'><strong>tot</strong></span> <span class='ocrx_word' id='word_1_773' title='bbox 2680 4814 2922 4868; x_wconf 86' lang='lat' dir='ltr'><strong>codicum</strong></span> <span class='ocrx_word' id='word_1_774' title='bbox 2948 4829 3242 4869; x_wconf 85' lang='lat' dir='ltr'><strong>consensus</strong></span> <span class='ocrx_word' id='word_1_775' title='bbox 3270 4815 3415 4877; x_wconf 80' lang='lat' dir='ltr'><strong>facit,</strong></span> <span class='ocrx_word' id='word_1_776' title='bbox 3443 4823 3498 4864; x_wconf 92' lang='lat' dir='ltr'><strong>ut</strong></span> <span class='ocrx_word' id='word_1_777' title='bbox 3533 4815 3602 4866; x_wconf 86' lang='lat' dir='ltr'><strong>ita</strong></span> <span class='ocrx_word' id='word_1_778' title='bbox 3641 4832 3755 4868; x_wconf 85' lang='lat' dir='ltr'><strong>Illu-</strong></span> 
     </span>
    </p>
   </div>
   <div class='ocr_carea' id='block_1_110' title="bbox 2204 4883 3757 4954">
    <p class='ocr_par' dir='ltr' id='par_1_110' title="bbox 2204 4883 3757 4954">
     <span class='ocr_line' id='line_1_111' title="bbox 2204 4883 3757 4954; baseline 0.001 -18"><span class='ocrx_word' id='word_1_779' title='bbox 2204 4893 2369 4938; x_wconf 90' lang='lat' dir='ltr'><strong>tatum</strong></span> <span class='ocrx_word' id='word_1_780' title='bbox 2401 4893 2578 4954; x_wconf 82' lang='lat' dir='ltr'><strong>putem</strong></span> <span class='ocrx_word' id='word_1_781' title='bbox 2616 4884 2683 4937; x_wconf 87' lang='lat' dir='ltr'><strong>ab</strong></span> <span class='ocrx_word' id='word_1_782' title='bbox 2713 4885 2911 4952; x_wconf 88' lang='lat' dir='ltr'><strong>aliquo,</strong></span> <span class='ocrx_word' id='word_1_783' title='bbox 2939 4886 3025 4952; x_wconf 92' lang='lat' dir='ltr'><strong>qui</strong></span> <span class='ocrx_word' id='word_1_784' title='bbox 3063 4886 3161 4936; x_wconf 86' lang='lat' dir='ltr'><strong>sibi</strong></span> <span class='ocrx_word' id='word_1_785' title='bbox 3189 4883 3471 4954; x_wconf 78' lang='lat' dir='ltr'><strong>plnsjusto</strong></span> <span class='ocrx_word' id='word_1_786' title='bbox 3506 4884 3757 4954; x_wconf 72' lang='lat' dir='ltr'><strong>indulsis-</strong></span> 
     </span>
    </p>
   </div>
   <div class='ocr_carea' id='block_1_111' title="bbox 2203 4952 3752 5022">
    <p class='ocr_par' dir='ltr' id='par_1_111' title="bbox 2203 4952 3752 5022">
     <span class='ocr_line' id='line_1_112' title="bbox 2203 4952 3752 5022; baseline -0.003 -14"><span class='ocrx_word' id='word_1_787' title='bbox 2203 4968 2262 5008; x_wconf 90' lang='lat' dir='ltr'><strong>se</strong></span> <span class='ocrx_word' id='word_1_788' title='bbox 2291 4952 2435 5010; x_wconf 87' lang='lat' dir='ltr'><strong>credi</strong></span> <span class='ocrx_word' id='word_1_789' title='bbox 2461 4955 2648 5022; x_wconf 88' lang='lat' dir='ltr'><strong>possit.</strong></span> <span class='ocrx_word' id='word_1_790' title='bbox 2683 4955 2842 5022; x_wconf 84' lang='lat' dir='ltr'><strong>quue</strong></span> <span class='ocrx_word' id='word_1_791' title='bbox 2869 4970 2934 5008; x_wconf 91' lang='lat' dir='ltr'><strong>eo</strong></span> <span class='ocrx_word' id='word_1_792' title='bbox 2962 4953 3172 5008; x_wconf 81' lang='lat' dir='ltr'><strong>facilius</strong></span> <span class='ocrx_word' id='word_1_793' title='bbox 3205 4952 3464 5006; x_wconf 76' lang='lat' dir='ltr'><strong>accidisse</strong></span> <span class='ocrx_word' id='word_1_794' title='bbox 3502 4952 3752 5015; x_wconf 83' lang='lat' dir='ltr'><strong>arbitror,</strong></span> 
     </span>
    </p>
   </div>
   <div class='ocr_carea' id='block_1_112' title="bbox 2199 5022 3754 5092">
    <p class='ocr_par' dir='ltr' id='par_1_112' title="bbox 2199 5022 3754 5092">
     <span class='ocr_line' id='line_1_113' title="bbox 2199 5022 3754 5092; baseline 0.001 -16"><span class='ocrx_word' id='word_1_795' title='bbox 2199 5025 2337 5092; x_wconf 90' lang='lat' dir='ltr'><strong>quod</strong></span> <span class='ocrx_word' id='word_1_796' title='bbox 2367 5039 2462 5076; x_wconf 75' lang='lat' dir='ltr'><strong>vox</strong></span> <span class='ocrx_word' id='word_1_797' title='bbox 2511 5024 2676 5087; x_wconf 87' lang='grc' dir='ltr'>τόπος</span> <span class='ocrx_word' id='word_1_798' title='bbox 2727 5026 2812 5079; x_wconf 84' lang='lat' dir='ltr'><strong>hic</strong></span> <span class='ocrx_word' id='word_1_799' title='bbox 2848 5039 2951 5078; x_wconf 90' lang='lat' dir='ltr'><strong>non</strong></span> <span class='ocrx_word' id='word_1_800' title='bbox 2985 5029 3054 5076; x_wconf 85' lang='lat' dir='ltr'><strong>ita</strong></span> <span class='ocrx_word' id='word_1_801' title='bbox 3099 5022 3320 5075; x_wconf 87' lang='lat' dir='ltr'><strong>multum</strong></span> <span class='ocrx_word' id='word_1_802' title='bbox 3361 5025 3643 5077; x_wconf 74' lang='lat' dir='ltr'><strong>convenire</strong></span> <span class='ocrx_word' id='word_1_803' title='bbox 3679 5025 3754 5076; x_wconf 82' lang='lat' dir='ltr'><strong>vi-</strong></span> 
     </span>
    </p>
   </div>
   <div class='ocr_carea' id='block_1_113' title="bbox 2198 5092 3754 5150">
    <p class='ocr_par' dir='ltr' id='par_1_113' title="bbox 2198 5092 3754 5150">
     <span class='ocr_line' id='line_1_114' title="bbox 2198 5092 3754 5150; baseline 0 -2"><span class='ocrx_word' id='word_1_804' title='bbox 2198 5095 2408 5150; x_wconf 86' lang='lat' dir='ltr'><strong>dentur.</strong></span> <span class='ocrx_word' id='word_1_805' title='bbox 2440 5094 2520 5147; x_wconf 83' lang='lat' dir='ltr'><strong>Ad</strong></span> <span class='ocrx_word' id='word_1_806' title='bbox 2555 5097 2774 5148; x_wconf 87' lang='lat' dir='ltr'><strong>verbum</strong></span> <span class='ocrx_word' id='word_1_807' title='bbox 2803 5111 2815 5147; x_wconf 94' lang='lat'>:</span> <span class='ocrx_word' id='word_1_808' title='bbox 2848 5093 2912 5146; x_wconf 88' lang='lat' dir='ltr'><strong>In</strong></span> <span class='ocrx_word' id='word_1_809' title='bbox 2935 5093 3046 5146; x_wconf 81' lang='lat' dir='ltr'><strong>loco</strong></span> <span class='ocrx_word' id='word_1_810' title='bbox 3071 5093 3134 5145; x_wconf 83' lang='lat' dir='ltr'><strong>de</strong></span> <span class='ocrx_word' id='word_1_811' title='bbox 3165 5092 3309 5145; x_wconf 75' lang='lat' dir='ltr'><strong>bonis</strong></span> <span class='ocrx_word' id='word_1_812' title='bbox 3332 5108 3391 5142; x_wconf 87' lang='lat' dir='ltr'><strong>ac</strong></span> <span class='ocrx_word' id='word_1_813' title='bbox 3426 5094 3595 5144; x_wconf 79' lang='lat' dir='ltr'><strong>malis.</strong></span> <span class='ocrx_word' id='word_1_814' title='bbox 3643 5093 3754 5148; x_wconf 85' lang='lat' dir='ltr'><strong>lluc</strong></span> 
     </span>
    </p>
   </div>
   <div class='ocr_carea' id='block_1_114' title="bbox 2198 5160 3752 5232">
    <p class='ocr_par' dir='ltr' id='par_1_114' title="bbox 2198 5160 3752 5232">
     <span class='ocr_line' id='line_1_115' title="bbox 2198 5160 3752 5232; baseline -0.001 -14"><span class='ocrx_word' id='word_1_815' title='bbox 2198 5174 2297 5228; x_wconf 88' lang='lat' dir='ltr'><strong>est,</strong></span> <span class='ocrx_word' id='word_1_816' title='bbox 2329 5162 2427 5218; x_wconf 83' lang='lat' dir='ltr'><strong>Ubi</strong></span> <span class='ocrx_word' id='word_1_817' title='bbox 2456 5167 2632 5232; x_wconf 87' lang='lat' dir='ltr'><strong>agitur</strong></span> <span class='ocrx_word' id='word_1_818' title='bbox 2655 5165 2717 5216; x_wconf 84' lang='lat' dir='ltr'><strong>de</strong></span> <span class='ocrx_word' id='word_1_819' title='bbox 2749 5164 2898 5217; x_wconf 80' lang='lat' dir='ltr'><strong>bonis</strong></span> <span class='ocrx_word' id='word_1_820' title='bbox 2922 5180 2982 5216; x_wconf 88' lang='lat' dir='ltr'><strong>ac</strong></span> <span class='ocrx_word' id='word_1_821' title='bbox 3020 5164 3197 5226; x_wconf 80' lang='lat' dir='ltr'><strong>malis,</strong></span> <span class='ocrx_word' id='word_1_822' title='bbox 3227 5160 3324 5214; x_wconf 85' lang='lat' dir='ltr'><strong>Ubi</strong></span> <span class='ocrx_word' id='word_1_823' title='bbox 3351 5163 3480 5232; x_wconf 85' lang='lat' dir='ltr'><strong>bona</strong></span> <span class='ocrx_word' id='word_1_824' title='bbox 3508 5178 3541 5213; x_wconf 88' lang='lat' dir='ltr'><strong>a</strong></span> <span class='ocrx_word' id='word_1_825' title='bbox 3600 5165 3752 5216; x_wconf 76' lang='lat' dir='ltr'><strong>malis</strong></span> 
     </span>
    </p>
   </div>
   <div class='ocr_carea' id='block_1_115' title="bbox 2197 5231 3751 5303">
    <p class='ocr_par' dir='ltr' id='par_1_115' title="bbox 2197 5231 3751 5303">
     <span class='ocr_line' id='line_1_116' title="bbox 2197 5231 3751 5303; baseline -0.001 -16"><span class='ocrx_word' id='word_1_826' title='bbox 2197 5235 2423 5288; x_wconf 79' lang='lat' dir='ltr'><strong>discerni</strong></span> <span class='ocrx_word' id='word_1_827' title='bbox 2461 5231 2678 5303; x_wconf 85' lang='lat' dir='ltr'><strong>oportet.</strong></span> <span class='ocrx_word' id='word_1_828' title='bbox 2719 5232 2837 5288; x_wconf 87' lang='lat' dir='ltr'><strong>Jam</strong></span> <span class='ocrx_word' id='word_1_829' title='bbox 2872 5234 2914 5303; x_wconf 89' lang='lat' dir='ltr'><strong>si</strong></span> <span class='ocrx_word' id='word_1_830' title='bbox 2943 5233 3246 5303; x_wconf 78' lang='lat' dir='ltr'><strong>conjectare</strong></span> <span class='ocrx_word' id='word_1_831' title='bbox 3277 5231 3633 5303; x_wconf 53' lang='lat' dir='ltr'><strong>nobisne-eat,</strong></span> <span class='ocrx_word' id='word_1_832' title='bbox 3658 5250 3751 5287; x_wconf 89' lang='lat' dir='ltr'><strong>su-</strong></span> 
     </span>
    </p>
   </div>
   <div class='ocr_carea' id='block_1_116' title="bbox 2197 5299 3748 5372">
    <p class='ocr_par' dir='ltr' id='par_1_116' title="bbox 2197 5299 3748 5372">
     <span class='ocr_line' id='line_1_117' title="bbox 2197 5299 3748 5372; baseline -0.002 -13"><span class='ocrx_word' id='word_1_833' title='bbox 2197 5307 2374 5371; x_wconf 90' lang='lat' dir='ltr'><strong>spicor</strong></span> <span class='ocrx_word' id='word_1_834' title='bbox 2399 5299 2634 5359; x_wconf 82' lang='lat' dir='ltr'><strong>veterem</strong></span> <span class='ocrx_word' id='word_1_835' title='bbox 2689 5304 2855 5372; x_wconf 88' lang='lat' dir='ltr'><strong>ipsam</strong></span> <span class='ocrx_word' id='word_1_836' title='bbox 2891 5299 3380 5372; x_wconf 82' lang='lat' dir='ltr'><strong>interpretationem</strong></span> <span class='ocrx_word' id='word_1_837' title='bbox 3427 5299 3673 5356; x_wconf 78' lang='lat' dir='ltr'><strong>Latinam</strong></span> <span class='ocrx_word' id='word_1_838' title='bbox 3699 5305 3748 5358; x_wconf 90' lang='lat' dir='ltr'><strong>in</strong></span> 
     </span>
    </p>
   </div>
   <div class='ocr_carea' id='block_1_117' title="bbox 2190 5371 3749 5441">
    <p class='ocr_par' dir='ltr' id='par_1_117' title="bbox 2190 5371 3749 5441">
     <span class='ocr_line' id='line_1_118' title="bbox 2190 5371 3749 5441; baseline -0.004 -9"><span class='ocrx_word' id='word_1_839' title='bbox 2190 5391 2348 5432; x_wconf 89' lang='lat' dir='ltr'><strong>causa</strong></span> <span class='ocrx_word' id='word_1_840' title='bbox 2387 5375 2578 5433; x_wconf 78' lang='lat' dir='ltr'><strong>fuisse.</strong></span> <span class='ocrx_word' id='word_1_841' title='bbox 2617 5371 2719 5428; x_wconf 90' lang='lat' dir='ltr'><strong>cur</strong></span> <span class='ocrx_word' id='word_1_842' title='bbox 2744 5389 2845 5428; x_wconf 84' lang='lat' dir='ltr'><strong>vox</strong></span> <span class='ocrx_word' id='word_1_843' title='bbox 2885 5372 3085 5441; x_wconf 85' lang='grc' dir='ltr'>γνώσει</span> <span class='ocrx_word' id='word_1_844' title='bbox 3122 5374 3173 5426; x_wconf 91' lang='lat' dir='ltr'><strong>in</strong></span> <span class='ocrx_word' id='word_1_845' title='bbox 3197 5371 3394 5424; x_wconf 87' lang='lat' dir='ltr'><strong>Catena</strong></span> <span class='ocrx_word' id='word_1_846' title='bbox 3425 5372 3749 5426; x_wconf 75' lang='lat' dir='ltr'><strong>Corderiana</strong></span> 
     </span>
    </p>
   </div>
   <div class='ocr_carea' id='block_1_118' title="bbox 2190 5441 3751 5512">
    <p class='ocr_par' dir='ltr' id='par_1_118' title="bbox 2190 5441 3751 5512">
     <span class='ocr_line' id='line_1_119' title="bbox 2190 5441 3751 5512; baseline -0.003 -12"><span class='ocrx_word' id='word_1_847' title='bbox 2190 5445 2510 5512; x_wconf 78' lang='lat' dir='ltr'><strong>reperiatur.</strong></span> <span class='ocrx_word' id='word_1_848' title='bbox 2544 5446 2676 5497; x_wconf 82' lang='lat' dir='ltr'><strong>Cum</strong></span> <span class='ocrx_word' id='word_1_849' title='bbox 2712 5448 2852 5498; x_wconf 90' lang='lat' dir='ltr'><strong>enim</strong></span> <span class='ocrx_word' id='word_1_850' title='bbox 2889 5444 3181 5499; x_wconf 77' lang='lat' dir='ltr'><strong>Corderius</strong></span> <span class='ocrx_word' id='word_1_851' title='bbox 3207 5441 3260 5494; x_wconf 91' lang='lat' dir='ltr'><strong>in</strong></span> <span class='ocrx_word' id='word_1_852' title='bbox 3294 5444 3461 5512; x_wconf 84' lang='lat' dir='ltr'><strong>veteri</strong></span> <span class='ocrx_word' id='word_1_853' title='bbox 3489 5442 3751 5512; x_wconf 87' lang='lat' dir='ltr'><strong>interpre—</strong></span> 
     </span>
    </p>
   </div>
   <div class='ocr_carea' id='block_1_119' title="bbox 2193 5511 3752 5582">
    <p class='ocr_par' dir='ltr' id='par_1_119' title="bbox 2193 5511 3752 5582">
     <span class='ocr_line' id='line_1_120' title="bbox 2193 5511 3752 5582; baseline -0.004 -10"><span class='ocrx_word' id='word_1_854' title='bbox 2193 5511 2392 5572; x_wconf 84' lang='lat' dir='ltr'><strong>latione</strong></span> <span class='ocrx_word' id='word_1_855' title='bbox 2443 5514 2642 5568; x_wconf 88' lang='lat' dir='ltr'><strong>editum</strong></span> <span class='ocrx_word' id='word_1_856' title='bbox 2698 5515 2962 5568; x_wconf 81' lang='lat' dir='ltr'><strong>inveniret</strong></span> <span class='ocrx_word' id='word_1_857' title='bbox 2993 5515 3045 5566; x_wconf 87' lang='lat' dir='ltr'><strong>in</strong></span> <span class='ocrx_word' id='word_1_858' title='bbox 3075 5512 3366 5582; x_wconf 82' lang='lat' dir='ltr'><strong>cognitione</strong></span> <span class='ocrx_word' id='word_1_859' title='bbox 3410 5511 3664 5582; x_wconf 70' lang='lat' dir='ltr'><strong>bonorum</strong></span> <span class='ocrx_word' id='word_1_860' title='bbox 3692 5531 3752 5565; x_wconf 84' lang='lat' dir='ltr'><strong>ac</strong></span> 
     </span>
    </p>
   </div>
   <div class='ocr_carea' id='block_1_120' title="bbox 2190 5581 3748 5654">
    <p class='ocr_par' dir='ltr' id='par_1_120' title="bbox 2190 5581 3748 5654">
     <span class='ocr_line' id='line_1_121' title="bbox 2190 5581 3748 5654; baseline -0.003 -15"><span class='ocrx_word' id='word_1_861' title='bbox 2190 5588 2466 5648; x_wconf 87' lang='lat' dir='ltr'><strong>malorum,</strong></span> <span class='ocrx_word' id='word_1_862' title='bbox 2522 5583 2678 5654; x_wconf 79' lang='lat' dir='ltr'><strong>facile</strong></span> <span class='ocrx_word' id='word_1_863' title='bbox 2711 5586 2812 5640; x_wconf 85' lang='lat' dir='ltr'><strong>sibi</strong></span> <span class='ocrx_word' id='word_1_864' title='bbox 2847 5581 3168 5654; x_wconf 85' lang='lat' dir='ltr'><strong>persuadere</strong></span> <span class='ocrx_word' id='word_1_865' title='bbox 3198 5581 3365 5651; x_wconf 87' lang='lat' dir='ltr'><strong>potuit</strong></span> <span class='ocrx_word' id='word_1_866' title='bbox 3407 5581 3748 5651; x_wconf 81' lang='lat' dir='ltr'><strong>interpretem</strong></span> 
     </span>
    </p>
   </div>
   <div class='ocr_carea' id='block_1_121' title="bbox 2189 5653 3754 5725">
    <p class='ocr_par' dir='ltr' id='par_1_121' title="bbox 2189 5653 3754 5725">
     <span class='ocr_line' id='line_1_122' title="bbox 2189 5653 3754 5725; baseline -0.001 -17"><span class='ocrx_word' id='word_1_867' title='bbox 2189 5665 2425 5710; x_wconf 88' lang='lat' dir='ltr'><strong>veterem</strong></span> <span class='ocrx_word' id='word_1_868' title='bbox 2456 5653 2673 5723; x_wconf 82' lang='grc' dir='ltr'>γνώσει,</span> <span class='ocrx_word' id='word_1_869' title='bbox 2699 5670 2802 5709; x_wconf 91' lang='lat' dir='ltr'><strong>non</strong></span> <span class='ocrx_word' id='word_1_870' title='bbox 2833 5653 3005 5724; x_wconf 81' lang='grc' dir='ltr'>τόπῳ,</span> <span class='ocrx_word' id='word_1_871' title='bbox 3028 5653 3241 5725; x_wconf 82' lang='lat' dir='ltr'><strong>legisse,</strong></span> <span class='ocrx_word' id='word_1_872' title='bbox 3267 5660 3425 5725; x_wconf 84' lang='lat' dir='ltr'><strong>atque</strong></span> <span class='ocrx_word' id='word_1_873' title='bbox 3442 5667 3618 5725; x_wconf 78' lang='lat' dir='ltr'><strong>opera:</strong></span> <span class='ocrx_word' id='word_1_874' title='bbox 3642 5670 3754 5725; x_wconf 47' lang='lat' dir='ltr'><strong>pref</strong></span> 
     </span>
    </p>
   </div>
   <div class='ocr_carea' id='block_1_122' title="bbox 2195 5723 3752 5793">
    <p class='ocr_par' dir='ltr' id='par_1_122' title="bbox 2195 5723 3752 5793">
     <span class='ocr_line' id='line_1_123' title="bbox 2195 5723 3752 5793; baseline -0.001 -15"><span class='ocrx_word' id='word_1_875' title='bbox 2195 5726 2324 5778; x_wconf 91' lang='lat' dir='ltr'><strong>tium</strong></span> <span class='ocrx_word' id='word_1_876' title='bbox 2369 5739 2487 5779; x_wconf 88' lang='lat' dir='ltr'><strong>esse</strong></span> <span class='ocrx_word' id='word_1_877' title='bbox 2537 5727 2675 5779; x_wconf 89' lang='lat' dir='ltr'><strong>lnmc</strong></span> <span class='ocrx_word' id='word_1_878' title='bbox 2711 5726 2882 5779; x_wconf 87' lang='lat' dir='ltr'><strong>locum</strong></span> <span class='ocrx_word' id='word_1_879' title='bbox 2914 5723 3216 5788; x_wconf 86' lang='lat' dir='ltr'><strong>restituere,</strong></span> <span class='ocrx_word' id='word_1_880' title='bbox 3258 5723 3639 5793; x_wconf 27' lang='lat' dir='ltr'><strong>eti‘tauedere,</strong></span> <span class='ocrx_word' id='word_1_881' title='bbox 3677 5724 3752 5777; x_wconf 89' lang='lat' dir='ltr'><strong>uti</strong></span> 
     </span>
    </p>
   </div>
   <div class='ocr_carea' id='block_1_123' title="bbox 2193 5794 3285 5866">
    <p class='ocr_par' dir='ltr' id='par_1_123' title="bbox 2193 5794 3285 5866">
     <span class='ocr_line' id='line_1_124' title="bbox 2193 5794 3285 5866; baseline -0.004 -18"><span class='ocrx_word' id='word_1_882' title='bbox 2193 5794 2389 5866; x_wconf 80' lang='lat' dir='ltr'><strong>legisse</strong></span> <span class='ocrx_word' id='word_1_883' title='bbox 2415 5804 2645 5851; x_wconf 88' lang='lat' dir='ltr'><strong>veterem</strong></span> <span class='ocrx_word' id='word_1_884' title='bbox 2677 5796 3023 5866; x_wconf 88' lang='lat' dir='ltr'><strong>interpretem</strong></span> <span class='ocrx_word' id='word_1_885' title='bbox 3050 5794 3285 5852; x_wconf 83' lang='lat' dir='ltr'><strong>putabat.</strong></span> 
     </span>
    </p>
   </div>
  </div>
