4008 6402
263 366 372 422 317

1379 370 1658 427 llOMlLIA
1700 370 1763 425 ΙΝ
1808 370 2136 427 PSALMUM
2177 371 2369 427 XXIX.

3375 373 3481 436 SlS

259 487 482 559 ἀρετάς,
521 489 982 554 ὲπακολουθούσας
1011 493 1130 553 ταῖς
1162 491 1222 543 ὲκ
1255 491 1639 562 θεωρημάτων.
1670 490 1809 544 Κατὲ

1929 506 2066 554 mur,
2102 507 2221 560 quae
2281 491 2612 546 formidanda
2657 501 2800 557 sunt,
2839 503 2931 547 aut
2975 510 3078 550 non
3121 497 3473 550 formidanda.

261 579 372 649 γὰρ
421 580 517 649 τὴν
548 581 888 652 συμμετρίαν
939 585 1030 635 καὶ
1063 582 1324 653 ἁρμονίαν
1369 582 1474 635 τῶν
1506 583 1602 652 τῆς
1645 583 1820 652 ψυχῆς

261 670 653 742 θεωρημάτων,
684 672 811 726 ἔνιοι
846 674 950 726 τῶν
983 675 1158 744 σοφῶν
1199 677 1478 745 νενοήκασι
1505 676 1566 728 τὺ
1594 676 1813 738 κάλλος*

260 763 404 814 κατά
451 763 507 814 δὲ
561 763 620 816 τὸ
672 764 1081 818 ἀποτελεστικὸν
1112 765 1220 819 τῶν
1270 765 1713 837 ὐποϐαλλομένων
1758 768 1820 819 ὲκ

258 851 373 905 τῶν
401 852 746 925 θεωρητικῶν
778 855 1006 925 ἀρετῶν,
1035 857 1130 928 τὴν
1167 858 1317 926 ἰσχὺν
1348 859 1649 928 νενοήκασι.
1674 857 1818 927 Πλὴν

262 942 350 995 ἵνα
397 945 487 998 καὶ
520 945 712 1009 κάλλος
761 947 1076 1016 ἐπιγένηται
1108 951 1172 1018 τῇ
1223 948 1402 1020 ψυχῇ,
1450 950 1541 1002 καὶ⁸
1595 947 1818 1018 δύναμις

256 1035 370 1088 τῶν
402 1035 627 1090 δεόντων
659 1023 1060 1110 ἐπιτελεστικὴ,
1107 1038 1254 1102 θείας
1286 1042 1364 1103 είς
1403 1039 1559 1092 τοῦτο
1601 1042 1818 1112 χάριτος

257 1128 557 1202 χρῄζομεν.
591 1131 676 1194 Ὠς
706 1131 884 1184 τοίνυν
915 1132 1024 1186 ἀνω
1053 1132 1292 1204 εἴρηκεν,
1324 1136 1450 1186 Ὅτι
1485 1132 1595 1202 (wh
1641 1135 1720 1186 ἐν·
1740 1132 1818 1198 τῷ

257 1219 544 1288 θελήματι
581 1221 791 1275 αὐτοῦ·
823 1220 964 1275 οὕτω
1004 1222 1096 1276 νῦν
1145 1222 1268 1292 bal/oi
1297 1224 1386 1275 τὸν
1433 1225 1561 1277 Θεὸν
1602 1224 1690 1277 διὰ
1720 1225 1818 1294 τῆς

256 1313 605 1382 εὐχαριστίας
642 1312 810 1381 λέγων
848 1313 977 1384 (65),
1015 1315 1096 1368 ὅτι
1139 1317 1232 1368 Ἑν
1262 1315 1341 1381 τῷ
1380 1316 1667 1386 θελήματί
1696 1333 1812 1370 σου

255 1402 565 1471 παρέσχου
592 1401 671 1468 τῷ
698 1401 908 1456 κάλλει
931 1422 1049 1473 μου
1075 1404 1344 1474 δύναμιν.
1374 1406 1548 1468 Καλὸς
1577 1406 1674 1476 μὲν
1707 1405 1814 1474 γὰρ

256 1496 407 1566 ἢμην
457 1495 597 1548 κατά
635 1495 734 1562 τὴν
787 1493 964 1563 φύσιν,
1010 1496 1238 1568 ἀσθενὴς
1287 1498 1340 1550 δὲ
1372 1497 1460 1550 διὰ
1508 1498 1567 1550 τὸ
1600 1497 1655 1562 ἐξ
1691 1499 1812 1550 ἐπι-

256 1585 458 1656 ϐουλῆς
512 1585 603 1637 τοῦ
656 1585 828 1654 ὄφεως
879 1586 1214 1657 νεκρωθῆναι
1264 1586 1340 1656 τῷ
1390 1586 1808 1658 παραπτώματι.

255 1677 348 1747 Τῷ
377 1674 468 1730 οὖν
496 1677 678 1730 κάλλει
719 1695 838 1747 μου,
867 1678 894 1730 ὂ
921 1678 1067 1749 παρὰ
1096 1679 1187 1731 σοῦ
1227 1678 1412 1731 ἔλαϐον
1447 1681 1510 1731 ὲκ
1547 1679 1645 1747 τῆς
1671 1677 1814 1750 πρώ-

253 1785 356 1838 της
391 1768 748 1839 κατασκευῆς,
791 1767 1126 1838 προσέθηκας
1161 1768 1383 1837 δύναμιν
1419 1768 1516 1836 τὴν
1541 1770 1646 1820 τῶν
1674 1768 1812 1821 δεόν-

1930 582 2125 636 Verum
2156 583 2302 637 aiunt
2333 583 2781 652 pulchritudinem
2816 600 2880 640 ac
2912 587 3074 639 robur
3104 589 3328 642 virtutes
3359 602 3477 655 spe-

1926 673 2209 729 culatrices
2228 690 2330 728 non
2343 689 2480 736 csse,
2495 691 2614 728 cum
2629 675 2736 729 sint
2756 678 3196 746 speculatricibus
3215 689 3363 746 poste
3373 681 3476 732 rio-

1929 781 2028 819 rcs.
2047 765 2177 820 Nam
2195 783 2258 822 ex
2281 769 2650 823 convenientia
2669 769 3055 838 harmoniaque
3072 771 3228 840 129
3239 780 3476 826 contem-

1925 858 2217 925 plationum
2251 859 2463 921 animae,
2489 861 2754 928 sapientes
2780 862 2994 927 quidem
3024 863 3469 930 pulchritudinem

1926 948 2305 1003 intellexerunt
2339 970 2350 1003 :
2385 959 2442 1003 at
2472 965 2598 1006 vero
2622 967 2685 1005 ex
2713 953 2763 1005 vi
2795 952 3056 1008 eﬂiciente
3087 969 3272 1008 eormn
3301 969 3416 1024 qua!
3443 971 3471 1005 a

1925 1039 2210 1094 virtutibus
2241 1039 2682 1109 speculatricibus
2712 1052 3102 1110 proponuntur,
3135 1043 3296 1097 robur
3327 1059 3444 1097 com

1925 1131 2086 1183 menti
2121 1139 2264 1182 sunt.
2305 1127 2681 1185 Verumtamen
2721 1143 2778 1185 ut
2810 1143 2860 1186 ct
2899 1133 3060 1190 decor
3099 1137 3287 1190 anima:
3322 1149 3475 1189 acce-

1921 1222 2032 1285 dat,
2066 1230 2119 1274 et
2157 1221 2295 1275 adsit
2341 1224 2422 1277 vis
2462 1239 2646 1277 eorum
2692 1239 2810 1292 qua:
2855 1224 3008 1280 ollicii
3053 1237 3174 1280 sunt
3212 1226 3470 1288 effectrix,

1923 1315 2074 1367 nobis
2103 1315 2168 1366 ad
2199 1315 2303 1368 hoc
2331 1330 2466 1383 opus
2492 1327 2574 1370 est
2601 1317 2776 1370 divina
2807 1319 2999 1385 gratia.
3031 1317 3098 1373 Ut
3129 1318 3291 1387 igitur
3318 1330 3470 1370 antea

1921 1405 2074 1467 dixit,
2123 1404 2385 1469 Quoniam
2431 1408 2537 1459 vita
2580 1409 2638 1461 in
2693 1408 2954 1462 voluntate
3006 1410 3117 1479 ejus
3165 1427 3182 1464 :
3220 1411 3298 1464 sic
3333 1425 3474 1465 nunc

1923 1495 2085 1549 Deum
2123 1496 2418 1564 gratiarum
2451 1499 2660 1552 actione
2688 1499 2892 1553 exaltat
2927 1500 3109 1554 dicens
3138 1516 3151 1554 :
3186 1499 3250 1552 In
3290 1503 3470 1554 volun-

1920 1591 2026 1635 tate
2078 1592 2168 1636 tua
2216 1585 2506 1651 prwstilisti
2543 1587 2718 1640 decori
2771 1603 2880 1640 meo
2934 1591 3192 1642 virtutem.
3249 1588 3472 1642 Pulcher

1917 1675 2130 1742 quidem
2179 1689 2325 1728 erant
2371 1677 2658 1730 secundum
2707 1687 2989 1741 naturain;
3026 1683 3117 1732 sed
3171 1680 3467 1747 languidus,

1919 1775 2199 1835 propterea
2235 1768 2375 1835 quod
2421 1783 2484 1821 ex
2528 1771 2790 1836 serpentis
2833 1771 3039 1823 insidiis
3078 1782 3294 1837 peccato
3329 1787 3470 1823 tuor-

252 1878 367 1914 των
398 1862 702 1930 πρακτικήν
754 1861 882 1930 (66).
931 1860 1082 1931 Καλὴ
1135 1863 1231 1931 μὲν
1272 1857 1362 1914 οὖν
1406 1863 1551 1913 πᾶσα
1593 1861 1735 1932 ψυχὴ
1782 1863 1809 1933 ή

1921 1867 2238 1921 tuus,cram.
2271 1858 2656 1915 Pttlchritudini
2704 1878 2830 1932 ergo
2864 1878 3014 1924 meae,
3044 1877 3202 1931 quam
3235 1878 3300 1918 ex
3335 1874 3384 1916 te
3416 1866 3466 1916 in

253 1951 316 2002 ὲν
362 1947 667 2020 συμμετρίᾳ
714 1949 818 2001 τῶν
854 1950 1065 2002 οἰκείων
1122 1949 1397 2019 δυνάμεων
1433 1949 1809 2021 θεωρουμένη·

253 2039 451 2102 κάλλος
500 2039 555 2091 δὲ
599 2037 868 2107 ἀληθινὸν,
916 2039 1007 2092 καὶ
1059 2037 1484 2110 ἐρασμιώτατον,
1535 2040 1680 2110 μόνῳ
1737 2040 1815 2112 τῷ

250 2134 344 2185 τὸν
383 2133 506 2186 νοῦν
541 2132 930 2203 κεκαθαρμένῳ
963 2131 1252 2204 Οεωρητὸν,
1284 2133 1344 2186 τὸ
1370 2134 1498 2204 περ)⁸
1533 2132 1629 2203 τὴν
1665 2133 1815 2187 θείαν

250 2226 346 2277 καὶ
391 2224 662 2293 μακαρίαν
701 2222 878 2292 φύσιν.
917 2218 990 2277 υῦ
1022 2227 1049 2276 ὁ
1086 2224 1395 2286 ὲνατενίσας
1433 2228 1550 2288 ταῖς
1599 2243 1815 2296 μαρμα-

252 2315 447 2385 ρυγαῖς
479 2315 569 2366 καὶ
604 2314 722 2376 ταῖς
753 2311 955 2381 χάρισι,
992 2311 1389 2382 μεταλαμϐάνει
1415 2330 1465 2364 τι
1497 2313 1589 2365 ἀπ’
1626 2310 1810 2373 αὑτοῦ,

250 2403 440 2476 ὥσπερ
479 2403 586 2455 ἀπό
630 2419 772 2464 τινος
814 2401 1021 2472 βαφῆς,
1059 2401 1250 2472 αἴγλην
1293 2402 1414 2454 τινὰ
1458 2401 1696 2472 ἀνθηρὰν
1734 2403 1813 2464 εἰς

250 2496 348 2565 τὴν
392 2496 595 2548 οἰκείαν
635 2495 754 2565 ὅφιν
797 2494 1296 2566 ἀναχρωννύμενος.
1321 2493 1479 2547 Ὅθεν
1511 2495 1603 2546 καὶ
1651 2495 1814 2546 Μωῦ·

253 2588 382 2655 σῆς,
421 2585 500 2656 τῷ
551 2587 928 2656 μετειληφέναι
971 2587 1062 2638 τοῦ
1112 2585 1338 2648 κάλλους
1385 2585 1588 2638 ἐκείνου
1640 2587 1694 2637 ἐν
1735 2584 1812 2654 τῷ

250 2679 458 2750 ὁμιλεῖν
501 2679 636 2750 Θεῷ,
665 2679 919 2750 ἐδοξάσθη
965 2679 1023 2732 τὸ
1073 2681 1376 2751 πρόσωπον.
1417 2680 1473 2731 ’0
1505 2676 1595 2732 οὖν
1635 2678 1814 2731 αἰσθό-

253 2786 413 2838 μενος
453 2769 550 2838 τῆς
582 2768 772 2822 ἑαυτοῦ
805 2767 1023 2838 ἀρετῆς,
1065 2767 1162 2838 τὴν
1188 2767 1568 2837 εὐχαριστικὴν
1613 2766 1812 2834 ταύτην

249 2861 441 2930 ἀρίησι
475 2871 686 2932 φωνηνο
727 2862 917 2928 Κύριε,
944 2861 1013 2913 ἐν
1070 2857 1148 2924 τῷ
1177 2858 1462 2928 θελήματι
1501 2876 1616 2911 σου
1663 2873 1810 2924 παρ-

251 2952 443 3020 έσχου
485 2950 563 3017 τῷ
603 2951 814 3006 κάλλει
854 2969 971 3020 μου
1023 2951 1294 3020 δύναμιν.
1342 2953 1545 3021 ’Ὠσπερ
1593 2949 1647 3002 δὲ
1694 2951 1810 3010 ταῖς

249 3041 606 3113 θεωρητικαῖς
663 3044 880 3113 ἀρεταῖς
920 3041 1215 3113 ἀθεώρητοι
1271 3041 1637 3104 ἀκολουθοῦσι,
1667 3039 1726 3092 τό
1751 3055 1810 3092 τε

249 3137 445 3200 κάλλος
497 3138 589 3191 καὶ
641 3140 672 3209 ἡ
717 3137 972 3208 δύναμις,
1037 3137 1205 3199 οὕτως
1257 3135 1361 3188 εἰσί
1413 3153 1554 3199 τινες
1613 3134 1802 3187 κακίαι

247 3224 568 3296 ἀθεώρητοι,
599 3227 632 3296 ἦ
663 3243 720 3278 τε
766 3226 1053 3296 αἰσχρότης
1092 3227 1239 3296 καὶὴ
1273 3224 1539 3278 ἀσθένεια.
1589 3224 1652 3276 Τί
1699 3225 1806 3296 γάρ

247 3319 553 3388 ἀωρότερον
597 3319 689 3371 καὶ
716 3318 1110 3388 είδεχθέστερον
1149 3318 1322 3388 ψυχῆς
1354 3315 1667 3387 ὲμπαθοῧςς
1700 3317 1803 3368 Ἴδε

251 3426 340 3478 μοι
388 3409 479 3462 τὸν
528 3409 882 3479 θυμούμενον,
926 3410 1016 3462 καὶ
1045 3410 1141 3479 τὴν
1189 3410 1245 3463 ἐν
1291 3408 1438 3478 αὐτῷ
1489 3409 1802 3480 ἀγριότητα.

246 3501 450 3553 Θέασαι
485 3502 575 3553 τὸν
623 3500 973 3570 λυπούμενον,
1021 3501 1112 3553 καὶ
1152 3501 1210 3552 τὸ
1249 3493 1314 3553 ⁶ἐν
1360 3499 1506 3570 αὐτῷ
1554 3500 1804 3552 ταπεινὸν

247 3593 342 3645 καὶ
400 3592 792 3662 συμπεπτωκὸς
851 3593 946 3662 τῆς
993 3592 1188 3661 ψυχῆς.
1217 3591 1318 3644 Τὸν
1361 3592 1416 3644 δὲ
1459 3591 1729 3660 λαγνείαις
1773 3591 1804 3662 ἢ

246 3685 710 3755 γαστριμαργίαις
739 3684 1186 3747 ὑποπεπτωκότα,
1231 3682 1263 3753 ἢ
1308 3683 1489 3752 φόϐοις
1537 3681 1806 3751 ἐπτοημέ-

248 3791 356 3837 νον,
390 3775 472 3837 τίς
497 3775 561 3828 ἂν
587 3775 681 3828 καὶ
711 3773 1041 3845 προσϐλέψαι
1086 3773 1396 3842 ἀνάσχοιτο;
1426 3772 1803 3842 διαϐαινούσης

249 3865 411 3935 μέχρι
449 3864 552 3916 τῶν
602 3865 850 3936 περάτων
882 3864 972 3916 τοῦ
1022 3863 1265 3933 σώματος
1311 3864 1405 3932 τῆς
1449 3862 1588 3916 κατά
1630 3862 1804 3933 ψυχὴν

245 3956 562 4019 διαθέσεως·
594 3955 780 4026 ὥσπερ
813 3950 902 4007 οὗν
935 3955 1026 4007 καὶ
1061 3954 1127 4006 τά
1156 3953 1263 4022 (67)
1295 3954 1411 4024 ἴχνη
1453 3952 1544 4006 τοῦ
1579 3953 1806 4017 κάλλους

244 4047 345 4116 τῆς
375 4047 550 4116 φυχῆς
574 4048 630 4098 ὲν
670 4049 733 4116 τῇ
769 4045 1094 4098 καταστάσει
1129 4043 1220 4097 τοῦ
1257 4044 1408 4112 ἁγίου
1450 4044 1804 4113 διαφαίνεται.

245 4140 576 4210 Προνοητὲον
606 4140 782 4193 τοίνυν
811 4137 902 4191 τοῦ
939 4137 1164 4200 κάλλους
1193 4140 1341 4208 ἡμῖν,
1367 4137 1452 4190 ἵνα
1483 4137 1576 4190 καὶ
1613 4139 1640 4190 ό
1669 4155 1806 4206 νυμ-

246 4230 371 4298 φίος
399 4231 569 4299 Λόγος
597 4229 990 4301 ἀποδεξάμενος
1023 4231 1166 4300 ἡμᾶς
1196 4229 1323 4301 εῖπῃ
1339 4246 1352 4258 .
1380 4230 1527 4295 ηολη
1566 4228 1722 4296 καλῄ
1764 4227 1802 4294 ἡ

244 4324 514 4390 πλησίον
540 4341 680 4392 μου,
709 4323 808 4376 καὶ
838 4320 1038 4391 μῶμος
1059 4323 1168 4375 οὐκ
1195 4321 1364 4374 ἐστιν
1385 4321 1454 4374 ὲν
1478 4320 1598 4374 σοί.

1916 1949 2085 2018 prima
2134 1953 2408 2006 creatione
2447 1955 2648 2023 accepi,
2681 1955 2930 2008 addidisti
2964 1956 3234 2017 virtutem,
3281 1969 3466 2009 eorum

1915 2057 2034 2109 qua!
2064 2044 2129 2097 ad
2161 2043 2390 2100 cilicium
2411 2047 2676 2114 pertinent
2699 2045 3034 2102 elficientem.
3057 2046 3282 2102 Pulchra
3309 2049 3470 2117 igitur

1915 2143 1996 2185 est
2021 2133 2200 2187 anima
2227 2135 2424 2200 omnis,
2455 2153 2574 2206 quae
2601 2139 2651 2191 in
2679 2140 3011 2208 propriarum
3035 2141 3293 2194 virtutum
3322 2156 3470 2212 sym-

1917 2227 2107 2280 metria
2158 2229 2512 2297 conspicitur.
2549 2229 2899 2284 Pulcliritudo
2937 2241 3112 2286 autem
3145 2248 3290 2296 vera,
3321 2249 3470 2286 ama-

1915 2318 2314 2388 bilissimaque,
2365 2337 2525 2390 quam
2589 2323 2632 2376 is
2683 2324 2827 2378 solvis
2871 2325 2960 2393 qtti
3003 2341 3188 2394 puram
3235 2336 3466 2381 mentem

1915 2407 2073 2462 habet
2107 2412 2452 2480 contemplari
2484 2424 2678 2482 potest,
2706 2415 2844 2468 circa
2893 2417 3124 2469 divinam
3164 2433 3227 2471 ac
3258 2417 3465 2471 beatam

1915 2507 2164 2553 naturam
2211 2504 2478 2556 consistit.
2530 2503 2692 2572 Cujus
2744 2504 2974 2574 fulgores
3027 2517 3079 2559 et
3128 2508 3326 2575 gratias
3376 2509 3465 2576 qni

1915 2585 2119 2640 intente
2148 2593 2507 2658 conspexerit,
2546 2593 2612 2646 ab
2641 2608 2704 2647 ea
2743 2596 2883 2649 velut
2920 2595 2986 2648 ab
3025 2596 3200 2664 aliqua
3235 2598 3466 2653 tinctura

1914 2678 2155 2731 nonnihil
2191 2691 2485 2745 mutuatur,
2528 2681 2772 2737 ﬂoridum
2809 2686 3092 2752 quemdam
3133 2686 3464 2754 splendorem

1915 2767 1966 2820 in
2020 2771 2294 2839 propriam
2345 2773 2535 2828 l‘acicm
2590 2774 2922 2843 imprimens.
2976 2775 3127 2829 Unde
3173 2786 3227 2830 et
3272 2776 3467 2847 Moysis

1913 2857 2078 2913 facies
2106 2863 2265 2915 simul
2301 2871 2462 2932 atque
2505 2881 2568 2918 ex
2611 2865 2860 2919 familiari
2892 2882 3012 2920 cum
3047 2866 3156 2920 Deo
3181 2883 3467 2934 congressi

1911 2953 2325 3019 pulchritudinis
2371 2956 2512 3010 illius
2560 2959 2829 3026 particeps
2863 2956 2982 3018 fuit,
3025 2957 3316 3012 clarificata
3359 2971 3465 3014 est.

1912 3044 2144 3099 Proinde
2186 3046 2401 3099 virtutis
2435 3061 2545 3099 suae
2572 3047 2660 3116 qui
2692 3046 2940 3101 conscius
2972 3058 3073 3113 cst,
3114 3049 3250 3103 hanc
3283 3064 3466 3104 vocem

1909 3143 2086 3204 grates
2135 3135 2511 3204 rependentcm
2563 3135 2803 3189 emittit:
2838 3135 3074 3200 Domine,
3107 3138 3158 3189 in
3205 3138 3467 3191 uoluntate

1912 3234 2001 3279 tua
2028 3227 2318 3294 prwstititti
2357 3227 2530 3279 decori
2567 3242 2678 3278 meo
2705 3229 2962 3280 virtutem.
3006 3229 3463 3294 Queinailmodmn

1911 3327 2090 3370 autem
2131 3331 2206 3370 ea:
2244 3317 2473 3370 virtutes
2503 3331 2621 3384 qua:
2649 3317 2699 3369 in
2735 3316 3186 3384 contemplatione
3214 3318 3330 3371 sita:
3360 3335 3465 3372 non

1910 3421 2056 3474 sunt,
2089 3410 2318 3464 virtutes
2365 3409 2750 3478 speculatrices
2798 3419 3109 3477 seqmmtur,
3144 3419 3267 3476 puta
3307 3411 3468 3464 decor

1911 3513 1967 3560 et
2009 3504 2174 3557 robur
2218 3519 2231 3554 :
2284 3501 2362 3554 sic
2410 3509 2536 3553 sunt
2575 3501 2817 3568 qntcdam
2861 3500 2989 3552 vitia
3033 3501 3464 3569 centumplatiOui

1913 3609 2018 3647 non
2051 3590 2314 3656 subjecta,
2341 3604 2530 3656 nempe
2556 3578 2774 3642 foeditas
2792 3598 2844 3641 et
2871 3587 3134 3642 debilitas.
3161 3588 3296 3654 Quid
3323 3591 3462 3643 enim

1912 3682 2245 3737 inveitustius
2277 3696 2337 3734 ac
2377 3679 2672 3734 deformius
2700 3681 2876 3732 dedita
2928 3679 3207 3733 affectibus
3249 3681 3468 3734 anima?

1910 3771 2064 3835 Vide,
2096 3784 2298 3838 quzeso,
2327 3769 2539 3830 iratum,
2570 3777 2625 3821 et
2646 3783 2763 3820 eam
2791 3783 2948 3836 quam
2981 3784 3088 3836 pra:
3113 3785 3169 3822 se
3201 3768 3303 3824 fert
3336 3769 3463 3823 ieri-

1913 3872 2098 3916 tatetn.
2161 3861 2392 3916 Tristem
2457 3876 2520 3914 ac
2576 3869 2825 3914 maestum
2885 3863 3196 3924 considera,
3245 3862 3466 3931 ejusque

1911 3953 2288 4008 demissionem
2339 3961 2391 4006 ct
2444 3951 2610 4004 animi
2663 3952 3015 4016 abjectionetn
3061 3953 3292 4007 intuere.
3335 3951 3466 4019 Quis

1910 4060 2040 4100 vero
2075 4044 2280 4098 libidini
2310 4054 2404 4098 aut
2440 4043 2576 4112 gulae
2608 4045 3013 4109 inservientem,
3041 4055 3132 4097 aut
3171 4046 3466 4100 terroribus

1913 4148 2332 4200 consternatum,
2375 4137 2456 4190 vel
2491 4137 2732 4205 aspicere
2770 4136 2968 4204 queat?
3003 4151 3122 4191 cum
3156 4136 3270 4190 hate
3299 4138 3463 4190 animi

1912 4227 2121 4284 affectio
2149 4230 2214 4282 ad
2241 4237 2480 4282 extrema
2513 4243 2679 4297 usque
2705 4230 2944 4297 corporis
2973 4230 3249 4296 pervadat,
3278 4244 3466 4296 quem-

1912 4321 2196 4376 admodum
2231 4335 2261 4376 e
2299 4320 2570 4374 contrario
2603 4319 2822 4388 vestigia
2853 4321 3014 4373 etiam
3051 4320 3464 4388 pulchritudinis

243 4414 440 4467 animae
482 4413 535 4466 in
577 4413 676 4466 viri
723 4411 891 4466 sancti
936 4413 1122 4465 habitu
1174 4410 1530 4479 reSplendent.
1579 4409 1944 4478 Comparanda
2009 4411 2189 4479 itaque
2258 4409 2412 4465 nobis
2471 4420 2550 4466 est
2605 4411 2788 4465 isthzec
2822 4411 3175 4480 pulchritudo,
3211 4421 3266 4464 ut
3302 4426 3462 4480 spon-

243 4521 339 4561 sus
390 4505 624 4559 Verbum
682 4505 986 4574 approbans
1031 4519 1129 4558 nos
1177 4503 1318 4556 dicat
1358 4518 1372 4555 :
1403 4501 1528 4555 Tota
1567 4501 1802 4569 pulchra,
1841 4502 2076 4570 proxima
2100 4519 2237 4567 mea,
2259 4514 2305 4556 et
2330 4504 2536 4558 macula
2565 4521 2665 4558 non
2695 4513 2768 4557 est
2799 4504 2853 4557 in
2885 4515 2933 4557 te
2955 4503 3019 4556 ³⁸.

317 4597 372 4650 6.
424 4595 821 4667 Ἀπέστρεψας
851 4597 918 4651 δὲ
946 4597 1008 4651 τὸ
1050 4596 1370 4664 πρόσωπόν
1402 4610 1539 4657 σου,
1575 4594 1671 4646 καὶ
1697 4594 1809 4663 ἐγε-

1981 4593 2033 4648 6.
2073 4598 2318 4650 Avertisti
2373 4608 2544 4652 autem
2596 4597 2785 4666 faciem
2849 4607 3013 4660 tuam,
3051 4605 3096 4649 et
3133 4595 3304 4664 [actus
3347 4612 3463 4650 sum

242 4688 442 4758 νήθην
498 4690 946 4760 τεταραγμένος.
995 4689 1138 4750 Ἕως
1196 4687 1292 4758 μὲν
1345 4688 1468 4750 ὅτε,
1519 4687 1703 4758 φησιν,
1747 4688 1804 4740 αἱ

243 4781 462 4846 ἀκτῖνες
497 4783 594 4854 τῆς
641 4783 940 4852 ἐπισκοπῆς
977 4798 1068 4834 σου
1101 4779 1414 4866 ἐπέλαμπόν
1459 4796 1579 4848 μοι,
1619 4781 1675 4830 ἐν
1719 4779 1807 4831 εὑ-

318 4919 365 4951 ³⁸
385 4918 539 4974 Cant.
567 4934 641 5003 ιν,
666 4920 716 4974 7.

321 5081 435 5152 (65‘),
491 5081 622 5150 Reg.
661 5082 924 5152 secundus
968 5082 1025 5134 ἐν
1073 5080 1164 5152 τῷν
1204 5079 1464 5152 θελήματί
1510 5076 1809 5152 com-051w

243 5149 340 5208 νῦν
379 5151 502 5221 ὑψοῖ
530 5149 620 5205 τόν
667 5153 798 5207 Θεὸν
846 5151 932 5205 διά
971 5152 1070 5218 τῆς
1104 5149 1571 5223 χάριτοςίΑλὲγων.
1609 5149 1807 5202 Ibidem

242 5223 642 5348 gditionostra
688 5224 858 5278 Paris.
912 5220 1216 5292 παράσχου.
1268 5220 1413 5274 Multi
1479 5236 1605 5274 mss.
1667 5236 1808 5289 παρ-

276 5310 430 5348 non.

345 5310 430 5350 ου.

466 5361 616 5430 Regii
653 5364 878 5433 primus,
910 5362 1176 5434 secundus
1199 5360 1513 5434 et.qn_intus_
1531 5375 1664 5434 cum
1687 5358 1808 5411 Col-

246 5428 473 5488 bertinis
517 5428 705 5502 q'ttit‘ijo
737 5443 790 5488 et
842 5441 992 5488 sexto
1041 5432 1266 5501 δύναμιν
1310 5430 1406 5502 τὴν
1447 5428 1554 5482 τῶν
1579 5429 1806 5482 δεόντων

243 5495 602 5576 παρεκτικῆν,
637 5495 751 5576 Vim
778 5520 838 5576 ea
881 5518 996 5572 qua:
1035 5495 1334 5576 0fﬁcit_at_tnl
1365 5495 1807 5576 'lnrgt'entem._i§t

250 5570 362 5628 tres
393 5576 482 5628 alii
511 5570 642 5629 niss.
676 5570 1144 5644 ltegiire'tisept'em
1179 5571 1470 5644 Colbertini
1485 5585 1616 5644 cum
1643 5570 1804 5644 editis

247 5655 300 5696 et
337 5659 458 5698 cum
495 5645 690 5711 Catena
715 5639 1040 5698 Corderiana
1063 5641 1288 5710 δύναμιν
1313 5640 1410 5711 τὴν
1441 5640 1549 5693 τῶν
1579 5639 1803 5691 δεόντων

248 5715 577 5786 πρακτικήν,
624 5709 737 5768 Vim
770 5729 947 5786 eorum
991 5727 1107 5780 quia
1139 5709 1287 5780 ofﬁcii
1319 5709 1438 5786 sunt
1467 5711 1792 5779 e/fectricem.

246 5784 440 5854 Aptatn
493 5784 707 5854 quidem
756 5798 812 5839 et
873 5785 1114 5838 idoneam
1165 5784 1480 5836 sententiam
1537 5797 1601 5836 ex
1645 5792 1794 5834 utra-

1911 4689 2271 4742 conturbatus.
2298 4687 2541 4754 Quandiu
2566 4689 2732 4752 enim,
2764 4689 2956 4756 inquit,
2982 4687 3333 4755 inspectionis
3361 4696 3464 4740 tua:

1913 4778 2046 4832 radii
2081 4779 2209 4834 mihi
2243 4779 2512 4845 aﬂ‘ulsere,
2544 4780 2596 4832 in
2628 4789 2770 4834 statu
2808 4779 2961 4833 firmo
2990 4788 3150 4846 atque
3178 4777 3462 4845 tranquillo

1911 5091 2014 5144 que
2052 5074 2276 5130 lectione
2301 5073 2434 5129 efﬁci
2471 5087 2625 5142 posse
2657 5079 2865 5127 constat
2897 5092 2910 5128 :
2942 5074 3036 5128 sed
3067 5070 3463 5144 quint-rgum:-

1911 5141 2013 5217 κήν
2045 5147 2142 5215 legi
2179 5155 2454 5217 poporteat,
2476 5141 2716 5217 dubitari
2771 5159 2874 5198 non
2924 5157 3081 5217 posse
3110 5141 3456 5217 arbitramur.

1911 5210 2119 5269 Etenim
2145 5216 2188 5269 si
2228 5210 2356 5268 nihil
2387 5214 2552 5279 aliud,
2588 5212 2700 5281 ipsa
2724 5223 2870 5267 certe
2895 5210 3154 5267 orationis
3183 5210 3458 5281 seriesita

1909 5285 2189 5354 legendum
2218 5299 2337 5339 esse
2383 5278 2565 5354 aperte
2594 5278 2844 5354 ostendit.
2891 5283 3022 5354 Cum
3059 5281 3198 5354 enim
3234 5278 3460 5354 Basilius

1909 5349 2066 5424 paulo
2091 5367 2213 5408 ante
2244 5349 2540 5422 scripserit,
2571 5353 2664 5406 καὶ
2681 5351 2917 5424 δύναμις
2947 5352 3055 5406 τῶν
3081 5349 3305 5424 δεόντων
3341 5349 3454 5424 ἐπι.

1905 5417 2207 5494 τελεστική,
2238 5417 2418 5478 debuit
2453 5439 2601 5484 sane,
2647 5423 2688 5477 si
2730 5417 2838 5478 sibi
2877 5433 3121 5494 constare
3151 5418 3333 5494 voluit,
3375 5417 3460 5471 hic

1907 5488 2231 5566 πρακτικήν
2250 5494 2520 5566 Ascribere,
2563 5503 2616 5545 ut
2650 5507 2749 5566 vox
2783 5510 2884 5566 una
2919 5492 3098 5566 alteri_
3120 5488 3334 5542 omnino
3377 5501 3461 5566 re-

1905 5558 2181 5633 spondeat.
2217 5564 2347 5618 Nam
2399 5563 2460 5616 τὺ
2509 5564 2904 5616 ὲπιτελεστικόν
2952 5572 3004 5616 et
3053 5559 3112 5633 τό
3161 5558 3430 5628 πρακτικό

1905 5630 2059 5704 plane
2094 5637 2228 5690 idem
2261 5635 2438 5689 valere
2475 5650 2652 5696 nemo,
2687 5638 2896 5702 opinor,
2921 5630 3158 5704 negabit.

1950 5705 2084 5790 '(67)
2117 5705 2206 5760 Sic
2257 5718 2380 5762 octo
2409 5720 2538 5760 mss.
2595 5709 2662 5759 At
2709 5697 2891 5759 editio
2920 5697 3091 5757 Paris.
3139 5697 3328 5768 ὥσπερ
3367 5699 3461 5754 καὶ

1901 5791 1988 5829 τα.
