  <div class='ocr_page' id='page_1' title='image "/cluster/home/n/w/nwhite01/storage/ocr_20150623/29/hvd.32044011320256/593.png"; bbox 0 0 4008 6402; ppageno 0'>
   <div class='ocr_carea' id='block_1_1' title="bbox 548 349 653 406">
    <p class='ocr_par' dir='ltr' id='par_1_1' title="bbox 548 349 653 406">
     <span class='ocr_line' id='line_1_1' title="bbox 548 349 653 406; baseline -0.019 -1"><span class='ocrx_word' id='word_1_1' title='bbox 548 349 653 406; x_wconf 75' lang='lat'><strong>519</strong></span> 
     </span>
    </p>
   </div>
   <div class='ocr_carea' id='block_1_2' title="bbox 1872 337 2470 398">
    <p class='ocr_par' dir='ltr' id='par_1_2' title="bbox 1872 337 2470 398">
     <span class='ocr_line' id='line_1_2' title="bbox 1872 337 2470 398; baseline -0.005 -2"><span class='ocrx_word' id='word_1_2' title='bbox 1872 341 1931 396; x_wconf 87' lang='lat' dir='ltr'><strong>S.</strong></span> <span class='ocrx_word' id='word_1_3' title='bbox 1973 337 2216 396; x_wconf 85' lang='lat' dir='ltr'><strong>BASILII</strong></span> <span class='ocrx_word' id='word_1_4' title='bbox 2254 339 2470 398; x_wconf 81' lang='lat' dir='ltr'><strong>MAGNI</strong></span> 
     </span>
    </p>
   </div>
   <div class='ocr_carea' id='block_1_3' title="bbox 3659 332 3784 387">
    <p class='ocr_par' dir='ltr' id='par_1_3' title="bbox 3659 332 3784 387">
     <span class='ocr_line' id='line_1_3' title="bbox 3659 332 3784 387; baseline -0.008 0"><span class='ocrx_word' id='word_1_5' title='bbox 3659 332 3784 387; x_wconf 64' lang='lat'><strong>520</strong></span> 
     </span>
    </p>
   </div>
   <div class='ocr_carea' id='block_1_4' title="bbox 550 456 2114 536">
    <p class='ocr_par' dir='ltr' id='par_1_4' title="bbox 550 463 2112 536">
     <span class='ocr_line' id='line_1_4' title="bbox 550 463 2112 536; baseline -0.003 -17"><span class='ocrx_word' id='word_1_6' title='bbox 550 467 697 533; x_wconf 82' lang='lat' dir='ltr'><strong>vixi;</strong></span> <span class='ocrx_word' id='word_1_7' title='bbox 724 475 1006 536; x_wconf 77' lang='lat' dir='ltr'><strong>postquam</strong></span> <span class='ocrx_word' id='word_1_8' title='bbox 1038 480 1164 520; x_wconf 90' lang='lat' dir='ltr'><strong>vero</strong></span> <span class='ocrx_word' id='word_1_9' title='bbox 1201 464 1444 520; x_wconf 77' lang='lat' dir='ltr'><strong>avertisti</strong></span> <span class='ocrx_word' id='word_1_10' title='bbox 1484 463 1673 519; x_wconf 79' lang='lat' dir='ltr'><strong>faciem</strong></span> <span class='ocrx_word' id='word_1_11' title='bbox 1704 470 1868 527; x_wconf 88' lang='lat' dir='ltr'><strong>tuam,</strong></span> <span class='ocrx_word' id='word_1_12' title='bbox 1896 470 2112 532; x_wconf 88' lang='lat' dir='ltr'><strong>pertur-</strong></span> 
     </span>
    </p>
   </div>
   <div class='ocr_carea' id='block_1_5' title="bbox 2211 456 3781 536">
    <p class='ocr_par' dir='ltr' id='par_1_5' title="bbox 2212 456 3781 529">
     <span class='ocr_line' id='line_1_5' title="bbox 2212 456 3781 529; baseline -0.004 -15"><span class='ocrx_word' id='word_1_13' title='bbox 2212 461 2397 514; x_wconf 87' lang='grc' dir='ltr'>σταθεῖ</span> <span class='ocrx_word' id='word_1_14' title='bbox 2446 460 2772 514; x_wconf 81' lang='grc' dir='ltr'><strong>καταστάσει</strong></span> <span class='ocrx_word' id='word_1_15' title='bbox 2818 460 2909 513; x_wconf 77' lang='grc' dir='ltr'><strong>καὶ</strong></span> <span class='ocrx_word' id='word_1_16' title='bbox 2941 456 3197 529; x_wconf 84' lang='grc' dir='ltr'>ἀταράχῳ</span> <span class='ocrx_word' id='word_1_17' title='bbox 3242 457 3458 527; x_wconf 73' lang='grc' dir='ltr'><strong>διῆγον⁸</strong></span> <span class='ocrx_word' id='word_1_18' title='bbox 3491 456 3679 527; x_wconf 77' lang='grc' dir='ltr'>ἐπειδὴ</span> <span class='ocrx_word' id='word_1_19' title='bbox 3718 456 3781 509; x_wconf 80' lang='grc' dir='ltr'>δὲ</span> 
     </span>
    </p>
   </div>
   <div class='ocr_carea' id='block_1_6' title="bbox 552 552 2110 624">
    <p class='ocr_par' dir='ltr' id='par_1_6' title="bbox 552 552 2110 624">
     <span class='ocr_line' id='line_1_6' title="bbox 552 552 2110 624; baseline -0.003 -14"><span class='ocrx_word' id='word_1_20' title='bbox 552 557 698 610; x_wconf 87' lang='lat' dir='ltr'><strong>hatio</strong></span> <span class='ocrx_word' id='word_1_21' title='bbox 736 556 928 610; x_wconf 63' lang='lat' dir='ltr'><strong>animae</strong></span> <span class='ocrx_word' id='word_1_22' title='bbox 977 555 1341 623; x_wconf 72' lang='lat' dir='ltr'><strong>tumultusque</strong></span> <span class='ocrx_word' id='word_1_23' title='bbox 1385 553 1816 624; x_wconf 83' lang='lat' dir='ltr'><strong>deprehenditur.</strong></span> <span class='ocrx_word' id='word_1_24' title='bbox 1853 552 2110 607; x_wconf 79' lang='lat' dir='ltr'><strong>Avertere</strong></span> 
     </span>
    </p>
   </div>
   <div class='ocr_carea' id='block_1_7' title="bbox 554 643 2109 711">
    <p class='ocr_par' dir='ltr' id='par_1_7' title="bbox 554 643 2109 711">
     <span class='ocr_line' id='line_1_7' title="bbox 554 643 2109 711; baseline -0.001 -11"><span class='ocrx_word' id='word_1_25' title='bbox 554 658 731 703; x_wconf 91' lang='lat' dir='ltr'><strong>autem</strong></span> <span class='ocrx_word' id='word_1_26' title='bbox 754 647 944 702; x_wconf 78' lang='lat' dir='ltr'><strong>faciem</strong></span> <span class='ocrx_word' id='word_1_27' title='bbox 968 662 1118 701; x_wconf 90' lang='lat' dir='ltr'><strong>suam</strong></span> <span class='ocrx_word' id='word_1_28' title='bbox 1138 648 1333 701; x_wconf 90' lang='lat' dir='ltr'><strong>dicitur</strong></span> <span class='ocrx_word' id='word_1_29' title='bbox 1353 646 1493 702; x_wconf 90' lang='lat' dir='ltr'><strong>Deus</strong></span> <span class='ocrx_word' id='word_1_30' title='bbox 1515 655 1647 711; x_wconf 91' lang='lat' dir='ltr'><strong>tum,</strong></span> <span class='ocrx_word' id='word_1_31' title='bbox 1667 660 1786 700; x_wconf 91' lang='lat' dir='ltr'><strong>cum</strong></span> <span class='ocrx_word' id='word_1_32' title='bbox 1812 643 2109 699; x_wconf 84' lang='lat' dir='ltr'><strong>alllictionis</strong></span> 
     </span>
    </p>
   </div>
   <div class='ocr_carea' id='block_1_8' title="bbox 553 736 2110 808">
    <p class='ocr_par' dir='ltr' id='par_1_8' title="bbox 553 736 2110 808">
     <span class='ocr_line' id='line_1_8' title="bbox 553 736 2110 808; baseline -0.003 -15"><span class='ocrx_word' id='word_1_33' title='bbox 553 747 795 808; x_wconf 88' lang='lat' dir='ltr'><strong>tempore</strong></span> <span class='ocrx_word' id='word_1_34' title='bbox 829 739 1217 794; x_wconf 88' lang='lat' dir='ltr'><strong>tentatiouibus</strong></span> <span class='ocrx_word' id='word_1_35' title='bbox 1253 738 1529 807; x_wconf 78' lang='lat' dir='ltr'><strong>expositos</strong></span> <span class='ocrx_word' id='word_1_36' title='bbox 1561 736 1835 806; x_wconf 90' lang='lat' dir='ltr'><strong>relinquit,</strong></span> <span class='ocrx_word' id='word_1_37' title='bbox 1868 746 1927 791; x_wconf 93' lang='lat' dir='ltr'><strong>ut</strong></span> <span class='ocrx_word' id='word_1_38' title='bbox 1956 736 2110 791; x_wconf 82' lang='lat' dir='ltr'><strong>forti-</strong></span> 
     </span>
    </p>
   </div>
   <div class='ocr_carea' id='block_1_9' title="bbox 553 830 2109 903">
    <p class='ocr_par' dir='ltr' id='par_1_9' title="bbox 553 830 2109 903">
     <span class='ocr_line' id='line_1_9' title="bbox 553 830 2109 903; baseline 0.001 -20"><span class='ocrx_word' id='word_1_39' title='bbox 553 830 683 886; x_wconf 89' lang='lat' dir='ltr'><strong>tudo</strong></span> <span class='ocrx_word' id='word_1_40' title='bbox 734 832 990 887; x_wconf 86' lang='lat' dir='ltr'><strong>certantis</strong></span> <span class='ocrx_word' id='word_1_41' title='bbox 1042 839 1421 903; x_wconf 81' lang='lat' dir='ltr'><strong>cognoscatur.</strong></span> <span class='ocrx_word' id='word_1_42' title='bbox 1478 830 1706 885; x_wconf 86' lang='lat' dir='ltr'><strong>Proinde</strong></span> <span class='ocrx_word' id='word_1_43' title='bbox 1757 830 1800 884; x_wconf 89' lang='lat' dir='ltr'><strong>si</strong></span> <span class='ocrx_word' id='word_1_44' title='bbox 1851 843 1952 897; x_wconf 78' lang='lat' dir='ltr'><strong>pax</strong></span> <span class='ocrx_word' id='word_1_45' title='bbox 1992 844 2109 899; x_wconf 69' lang='lat' dir='ltr'><strong>qua:</strong></span> 
     </span>
    </p>
   </div>
   <div class='ocr_carea' id='block_1_10' title="bbox 554 920 2107 992">
    <p class='ocr_par' dir='ltr' id='par_1_10' title="bbox 554 920 2107 992">
     <span class='ocr_line' id='line_1_10' title="bbox 554 920 2107 992; baseline 0.001 -17"><span class='ocrx_word' id='word_1_46' title='bbox 554 920 889 977; x_wconf 88' lang='lat' dir='ltr'><strong>intellectum</strong></span> <span class='ocrx_word' id='word_1_47' title='bbox 946 937 1163 978; x_wconf 91' lang='lat' dir='ltr'><strong>omnem</strong></span> <span class='ocrx_word' id='word_1_48' title='bbox 1213 932 1430 992; x_wconf 90' lang='lat' dir='ltr'><strong>superat</strong></span> <span class='ocrx_word' id='word_1_49' title='bbox 1463 922 1506 954; x_wconf 79' lang='lat'><strong>”</strong></span> <span class='ocrx_word' id='word_1_50' title='bbox 1573 922 1884 977; x_wconf 85' lang='lat' dir='ltr'><strong>custodierit</strong></span> <span class='ocrx_word' id='word_1_51' title='bbox 1949 924 2107 978; x_wconf 89' lang='lat' dir='ltr'><strong>corda</strong></span> 
     </span>
    </p>
   </div>
   <div class='ocr_carea' id='block_1_11' title="bbox 559 1013 2110 1085">
    <p class='ocr_par' dir='ltr' id='par_1_11' title="bbox 559 1013 2110 1085">
     <span class='ocr_line' id='line_1_11' title="bbox 559 1013 2110 1085; baseline 0.003 -20"><span class='ocrx_word' id='word_1_52' title='bbox 559 1021 781 1078; x_wconf 89' lang='lat' dir='ltr'><strong>nostra,</strong></span> <span class='ocrx_word' id='word_1_53' title='bbox 867 1014 1215 1083; x_wconf 86' lang='lat' dir='ltr'><strong>cupiditatum</strong></span> <span class='ocrx_word' id='word_1_54' title='bbox 1285 1013 1567 1067; x_wconf 87' lang='lat' dir='ltr'><strong>tumultum</strong></span> <span class='ocrx_word' id='word_1_55' title='bbox 1637 1014 2110 1085; x_wconf 87' lang='lat' dir='ltr'><strong>confusionemque</strong></span> 
     </span>
    </p>
   </div>
   <div class='ocr_carea' id='block_1_12' title="bbox 555 1104 2109 1174">
    <p class='ocr_par' dir='ltr' id='par_1_12' title="bbox 555 1104 2109 1174">
     <span class='ocr_line' id='line_1_12' title="bbox 555 1104 2109 1174; baseline 0.003 -17"><span class='ocrx_word' id='word_1_56' title='bbox 555 1104 727 1160; x_wconf 87' lang='lat' dir='ltr'><strong>vitare</strong></span> <span class='ocrx_word' id='word_1_57' title='bbox 761 1119 1063 1174; x_wconf 85' lang='lat' dir='ltr'><strong>possumus.</strong></span> <span class='ocrx_word' id='word_1_58' title='bbox 1105 1105 1235 1160; x_wconf 87' lang='lat' dir='ltr'><strong>Cum</strong></span> <span class='ocrx_word' id='word_1_59' title='bbox 1280 1105 1441 1174; x_wconf 91' lang='lat' dir='ltr'><strong>igitur</strong></span> <span class='ocrx_word' id='word_1_60' title='bbox 1476 1105 1568 1161; x_wconf 90' lang='lat' dir='ltr'><strong>Dei</strong></span> <span class='ocrx_word' id='word_1_61' title='bbox 1605 1106 1859 1161; x_wconf 81' lang='lat' dir='ltr'><strong>voluntati</strong></span> <span class='ocrx_word' id='word_1_62' title='bbox 1898 1107 2109 1162; x_wconf 82' lang='lat' dir='ltr'><strong>aversio</strong></span> 
     </span>
    </p>
   </div>
   <div class='ocr_carea' id='block_1_13' title="bbox 558 1195 2108 1265">
    <p class='ocr_par' dir='ltr' id='par_1_13' title="bbox 558 1195 2108 1265">
     <span class='ocr_line' id='line_1_13' title="bbox 558 1195 2108 1265; baseline 0.003 -17"><span class='ocrx_word' id='word_1_63' title='bbox 558 1206 881 1265; x_wconf 76' lang='lat' dir='ltr'><strong>opponatur,</strong></span> <span class='ocrx_word' id='word_1_64' title='bbox 934 1195 1315 1265; x_wconf 88' lang='lat' dir='ltr'><strong>pulchritudini</strong></span> <span class='ocrx_word' id='word_1_65' title='bbox 1369 1212 1497 1253; x_wconf 90' lang='lat' dir='ltr'><strong>vero</strong></span> <span class='ocrx_word' id='word_1_66' title='bbox 1555 1206 1609 1253; x_wconf 91' lang='lat' dir='ltr'><strong>et</strong></span> <span class='ocrx_word' id='word_1_67' title='bbox 1651 1197 1833 1253; x_wconf 87' lang='lat' dir='ltr'><strong>decori</strong></span> <span class='ocrx_word' id='word_1_68' title='bbox 1893 1199 2108 1252; x_wconf 86' lang='lat' dir='ltr'><strong>virtuti-</strong></span> 
     </span>
    </p>
   </div>
   <div class='ocr_carea' id='block_1_14' title="bbox 554 1289 2108 1358">
    <p class='ocr_par' dir='ltr' id='par_1_14' title="bbox 554 1289 2108 1358">
     <span class='ocr_line' id='line_1_14' title="bbox 554 1289 2108 1358; baseline 0.002 -18"><span class='ocrx_word' id='word_1_69' title='bbox 554 1302 657 1357; x_wconf 85' lang='lat' dir='ltr'><strong>que</strong></span> <span class='ocrx_word' id='word_1_70' title='bbox 697 1289 1059 1355; x_wconf 82' lang='lat' dir='ltr'><strong>perturbatio;</strong></span> <span class='ocrx_word' id='word_1_71' title='bbox 1106 1289 1288 1358; x_wconf 88' lang='lat' dir='ltr'><strong>utique</strong></span> <span class='ocrx_word' id='word_1_72' title='bbox 1340 1289 1672 1358; x_wconf 85' lang='lat' dir='ltr'><strong>perturbatio</strong></span> <span class='ocrx_word' id='word_1_73' title='bbox 1718 1289 1880 1344; x_wconf 86' lang='lat' dir='ltr'><strong>fuerit</strong></span> <span class='ocrx_word' id='word_1_74' title='bbox 1924 1290 2108 1345; x_wconf 74' lang='lat' dir='ltr'><strong>defor-</strong></span> 
     </span>
    </p>
   </div>
   <div class='ocr_carea' id='block_1_15' title="bbox 556 1380 2110 1447">
    <p class='ocr_par' dir='ltr' id='par_1_15' title="bbox 556 1380 2110 1447">
     <span class='ocr_line' id='line_1_15' title="bbox 556 1380 2110 1447; baseline 0.004 -16"><span class='ocrx_word' id='word_1_75' title='bbox 556 1380 715 1433; x_wconf 87' lang='lat' dir='ltr'><strong>mitas</strong></span> <span class='ocrx_word' id='word_1_76' title='bbox 758 1389 813 1435; x_wconf 89' lang='lat' dir='ltr'><strong>et</strong></span> <span class='ocrx_word' id='word_1_77' title='bbox 866 1380 1153 1436; x_wconf 72' lang='lat' dir='ltr'><strong>infirmitas</strong></span> <span class='ocrx_word' id='word_1_78' title='bbox 1212 1383 1424 1447; x_wconf 62' lang='lat' dir='ltr'><strong>animas,</strong></span> <span class='ocrx_word' id='word_1_79' title='bbox 1475 1397 1542 1436; x_wconf 86' lang='lat' dir='ltr'><strong>ex</strong></span> <span class='ocrx_word' id='word_1_80' title='bbox 1586 1382 1905 1436; x_wconf 85' lang='lat' dir='ltr'><strong>alienatione</strong></span> <span class='ocrx_word' id='word_1_81' title='bbox 1944 1399 1972 1435; x_wconf 90' lang='lat' dir='ltr'><strong>a</strong></span> <span class='ocrx_word' id='word_1_82' title='bbox 2006 1383 2110 1437; x_wconf 88' lang='lat' dir='ltr'><strong>Deo</strong></span> 
     </span>
    </p>
   </div>
   <div class='ocr_carea' id='block_1_16' title="bbox 556 1471 2109 1544">
    <p class='ocr_par' dir='ltr' id='par_1_16' title="bbox 556 1471 2109 1544">
     <span class='ocr_line' id='line_1_16' title="bbox 556 1471 2109 1544; baseline 0.002 -20"><span class='ocrx_word' id='word_1_83' title='bbox 556 1472 897 1539; x_wconf 88' lang='lat' dir='ltr'><strong>proveniens.</strong></span> <span class='ocrx_word' id='word_1_84' title='bbox 931 1471 1223 1528; x_wconf 82' lang='lat' dir='ltr'><strong>Precemur</strong></span> <span class='ocrx_word' id='word_1_85' title='bbox 1270 1474 1450 1543; x_wconf 87' lang='lat' dir='ltr'><strong>itaque</strong></span> <span class='ocrx_word' id='word_1_86' title='bbox 1504 1489 1715 1544; x_wconf 88' lang='lat' dir='ltr'><strong>semper</strong></span> <span class='ocrx_word' id='word_1_87' title='bbox 1749 1475 1902 1528; x_wconf 86' lang='lat' dir='ltr'><strong>nobis</strong></span> <span class='ocrx_word' id='word_1_88' title='bbox 1942 1483 1999 1527; x_wconf 92' lang='lat' dir='ltr'><strong>ut</strong></span> <span class='ocrx_word' id='word_1_89' title='bbox 2029 1474 2109 1527; x_wconf 83' lang='lat' dir='ltr'><strong>af-</strong></span> 
     </span>
    </p>
   </div>
   <div class='ocr_carea' id='block_1_17' title="bbox 557 1563 2107 1635">
    <p class='ocr_par' dir='ltr' id='par_1_17' title="bbox 557 1563 2107 1635">
     <span class='ocr_line' id='line_1_17' title="bbox 557 1563 2107 1635; baseline 0.003 -21"><span class='ocrx_word' id='word_1_90' title='bbox 557 1563 756 1633; x_wconf 86' lang='lat' dir='ltr'><strong>fulgeat</strong></span> <span class='ocrx_word' id='word_1_91' title='bbox 788 1564 881 1619; x_wconf 87' lang='lat' dir='ltr'><strong>Dei</strong></span> <span class='ocrx_word' id='word_1_92' title='bbox 920 1564 1107 1629; x_wconf 78' lang='lat' dir='ltr'><strong>facies,</strong></span> <span class='ocrx_word' id='word_1_93' title='bbox 1135 1574 1193 1618; x_wconf 90' lang='lat' dir='ltr'><strong>ut</strong></span> <span class='ocrx_word' id='word_1_94' title='bbox 1223 1565 1274 1618; x_wconf 93' lang='lat' dir='ltr'><strong>in</strong></span> <span class='ocrx_word' id='word_1_95' title='bbox 1302 1574 1486 1619; x_wconf 90' lang='lat' dir='ltr'><strong>sancto</strong></span> <span class='ocrx_word' id='word_1_96' title='bbox 1545 1581 1607 1621; x_wconf 90' lang='lat' dir='ltr'><strong>ac</strong></span> <span class='ocrx_word' id='word_1_97' title='bbox 1668 1564 1920 1635; x_wconf 84' lang='lat' dir='ltr'><strong>religioso</strong></span> <span class='ocrx_word' id='word_1_98' title='bbox 1966 1575 2107 1620; x_wconf 93' lang='lat' dir='ltr'><strong>statu</strong></span> 
     </span>
    </p>
   </div>
   <div class='ocr_carea' id='block_1_18' title="bbox 557 1659 2108 1729">
    <p class='ocr_par' dir='ltr' id='par_1_18' title="bbox 557 1659 2108 1729">
     <span class='ocr_line' id='line_1_18' title="bbox 557 1659 2108 1729; baseline 0.003 -17"><span class='ocrx_word' id='word_1_99' title='bbox 557 1659 747 1723; x_wconf 91' lang='lat' dir='ltr'><strong>simus,</strong></span> <span class='ocrx_word' id='word_1_100' title='bbox 782 1668 837 1715; x_wconf 91' lang='lat' dir='ltr'><strong>et</strong></span> <span class='ocrx_word' id='word_1_101' title='bbox 872 1660 1052 1724; x_wconf 89' lang='lat' dir='ltr'><strong>mites,</strong></span> <span class='ocrx_word' id='word_1_102' title='bbox 1082 1669 1137 1714; x_wconf 90' lang='lat' dir='ltr'><strong>et</strong></span> <span class='ocrx_word' id='word_1_103' title='bbox 1165 1660 1338 1715; x_wconf 91' lang='lat' dir='ltr'><strong>modis</strong></span> <span class='ocrx_word' id='word_1_104' title='bbox 1369 1661 1618 1715; x_wconf 89' lang='lat' dir='ltr'><strong>omnibus</strong></span> <span class='ocrx_word' id='word_1_105' title='bbox 1671 1662 1981 1729; x_wconf 89' lang='lat' dir='ltr'><strong>tranquilli,</strong></span> <span class='ocrx_word' id='word_1_106' title='bbox 2042 1678 2108 1717; x_wconf 81' lang='lat' dir='ltr'><strong>ex</strong></span> 
     </span>
    </p>
   </div>
   <div class='ocr_carea' id='block_1_19' title="bbox 557 1752 2105 1823">
    <p class='ocr_par' dir='ltr' id='par_1_19' title="bbox 557 1752 2105 1823">
     <span class='ocr_line' id='line_1_19' title="bbox 557 1752 2105 1823; baseline 0.002 -19"><span class='ocrx_word' id='word_1_107' title='bbox 557 1753 721 1806; x_wconf 85' lang='lat' dir='ltr'><strong>animi</strong></span> <span class='ocrx_word' id='word_1_108' title='bbox 772 1752 837 1806; x_wconf 91' lang='lat' dir='ltr'><strong>ad</strong></span> <span class='ocrx_word' id='word_1_109' title='bbox 887 1752 1024 1807; x_wconf 86' lang='lat' dir='ltr'><strong>bona</strong></span> <span class='ocrx_word' id='word_1_110' title='bbox 1078 1755 1485 1822; x_wconf 57' lang='lat' dir='ltr'><strong>praparatione.</strong></span> <span class='ocrx_word' id='word_1_111' title='bbox 1541 1752 1771 1807; x_wconf 87' lang='lat' dir='ltr'><strong>Paratus</strong></span> <span class='ocrx_word' id='word_1_112' title='bbox 1806 1754 1962 1823; x_wconf 78' lang='lat'><strong>130</strong></span> <span class='ocrx_word' id='word_1_113' title='bbox 1990 1770 2105 1807; x_wconf 83' lang='lat' dir='ltr'><strong>sum</strong></span> 
     </span>
    </p>
   </div>
   <div class='ocr_carea' id='block_1_20' title="bbox 2209 550 3784 622">
    <p class='ocr_par' dir='ltr' id='par_1_20' title="bbox 2209 550 3784 622">
     <span class='ocr_line' id='line_1_20' title="bbox 2209 550 3784 622; baseline -0.001 -18"><span class='ocrx_word' id='word_1_114' title='bbox 2209 551 2553 622; x_wconf 75' lang='grc' dir='ltr'>άπὲστρεψάς</span> <span class='ocrx_word' id='word_1_115' title='bbox 2608 570 2698 604; x_wconf 92' lang='grc' dir='ltr'><strong>σου</strong></span> <span class='ocrx_word' id='word_1_116' title='bbox 2742 551 2803 603; x_wconf 84' lang='grc' dir='ltr'><strong>τὸ</strong></span> <span class='ocrx_word' id='word_1_117' title='bbox 2836 551 3144 621; x_wconf 86' lang='grc' dir='ltr'>πρόσωπον,</span> <span class='ocrx_word' id='word_1_118' title='bbox 3185 550 3246 603; x_wconf 87' lang='grc' dir='ltr'><strong>τὸ</strong></span> <span class='ocrx_word' id='word_1_119' title='bbox 3274 550 3520 620; x_wconf 83' lang='grc' dir='ltr'>ἐμπαθὲς</span> <span class='ocrx_word' id='word_1_120' title='bbox 3550 551 3645 603; x_wconf 78' lang='grc' dir='ltr'><strong>καὶ</strong></span> <span class='ocrx_word' id='word_1_121' title='bbox 3682 568 3784 604; x_wconf 84' lang='grc' dir='ltr'>τε-</span> 
     </span>
    </p>
   </div>
   <div class='ocr_carea' id='block_1_21' title="bbox 2210 642 3783 714">
    <p class='ocr_par' dir='ltr' id='par_1_21' title="bbox 2210 642 3783 714">
     <span class='ocr_line' id='line_1_21' title="bbox 2210 642 3783 714; baseline 0.003 -22"><span class='ocrx_word' id='word_1_122' title='bbox 2210 643 2572 713; x_wconf 76' lang='grc' dir='ltr'>θορυϐημένον</span> <span class='ocrx_word' id='word_1_123' title='bbox 2602 644 2697 713; x_wconf 79' lang='grc' dir='ltr'>τῆς</span> <span class='ocrx_word' id='word_1_124' title='bbox 2726 642 2901 713; x_wconf 81' lang='grc' dir='ltr'>ψυχῆς</span> <span class='ocrx_word' id='word_1_125' title='bbox 2929 643 3262 713; x_wconf 79' lang='grc' dir='ltr'><strong>ἀπηλέγχθη.</strong></span> <span class='ocrx_word' id='word_1_126' title='bbox 3304 642 3693 714; x_wconf 75' lang='grc' dir='ltr'>Ἀποστρέφειν</span> <span class='ocrx_word' id='word_1_127' title='bbox 3721 644 3783 697; x_wconf 75' lang='grc' dir='ltr'>δὲ</span> 
     </span>
    </p>
   </div>
   <div class='ocr_carea' id='block_1_22' title="bbox 2208 734 3784 808">
    <p class='ocr_par' dir='ltr' id='par_1_22' title="bbox 2208 734 3784 808">
     <span class='ocr_line' id='line_1_22' title="bbox 2208 734 3784 808; baseline 0.001 -22"><span class='ocrx_word' id='word_1_128' title='bbox 2208 734 2421 802; x_wconf 81' lang='grc' dir='ltr'>λέγεται</span> <span class='ocrx_word' id='word_1_129' title='bbox 2461 736 2521 789; x_wconf 85' lang='grc' dir='ltr'>τὸ</span> <span class='ocrx_word' id='word_1_130' title='bbox 2562 735 2751 789; x_wconf 82' lang='grc' dir='ltr'>ἑαυτοῦ</span> <span class='ocrx_word' id='word_1_131' title='bbox 2799 737 3083 808; x_wconf 90' lang='grc' dir='ltr'>πρόσωπον</span> <span class='ocrx_word' id='word_1_132' title='bbox 3128 739 3155 790; x_wconf 86' lang='grc' dir='ltr'>ὁ</span> <span class='ocrx_word' id='word_1_133' title='bbox 3195 736 3362 801; x_wconf 82' lang='grc' dir='ltr'>Θεὸς,</span> <span class='ocrx_word' id='word_1_134' title='bbox 3405 737 3534 791; x_wconf 84' lang='grc' dir='ltr'>ὅταν</span> <span class='ocrx_word' id='word_1_135' title='bbox 3570 740 3629 790; x_wconf 86' lang='grc' dir='ltr'><strong>ἐν</strong></span> <span class='ocrx_word' id='word_1_136' title='bbox 3658 740 3784 799; x_wconf 80' lang='grc' dir='ltr'>τοῖς</span> 
     </span>
    </p>
   </div>
   <div class='ocr_carea' id='block_1_23' title="bbox 2206 822 3780 899">
    <p class='ocr_par' dir='ltr' id='par_1_23' title="bbox 2206 822 3780 899">
     <span class='ocr_line' id='line_1_23' title="bbox 2206 822 3780 899; baseline 0.003 -24"><span class='ocrx_word' id='word_1_137' title='bbox 2206 822 2314 875; x_wconf 82' lang='grc' dir='ltr'><strong>τῶν</strong></span> <span class='ocrx_word' id='word_1_138' title='bbox 2365 826 2731 895; x_wconf 76' lang='grc' dir='ltr'><strong>περιστάσεων</strong></span> <span class='ocrx_word' id='word_1_139' title='bbox 2778 829 2985 897; x_wconf 80' lang='grc' dir='ltr'>καιροῖς</span> <span class='ocrx_word' id='word_1_140' title='bbox 3019 826 3263 889; x_wconf 81' lang='grc' dir='ltr'><strong>ἐκδότους</strong></span> <span class='ocrx_word' id='word_1_141' title='bbox 3311 827 3447 899; x_wconf 83' lang='grc' dir='ltr'>ἀφίῃ</span> <span class='ocrx_word' id='word_1_142' title='bbox 3495 829 3607 890; x_wconf 86' lang='grc' dir='ltr'>τοῖς</span> <span class='ocrx_word' id='word_1_143' title='bbox 3656 826 3780 895; x_wconf 86' lang='grc'><strong>(68)</strong></span> 
     </span>
    </p>
   </div>
   <div class='ocr_carea' id='block_1_24' title="bbox 2208 916 3780 988">
    <p class='ocr_par' dir='ltr' id='par_1_24' title="bbox 2208 916 3780 988">
     <span class='ocr_line' id='line_1_24' title="bbox 2208 916 3780 988; baseline 0.003 -23"><span class='ocrx_word' id='word_1_144' title='bbox 2208 918 2549 985; x_wconf 84' lang='grc' dir='ltr'>πειρασμοῖς,</span> <span class='ocrx_word' id='word_1_145' title='bbox 2597 917 2688 969; x_wconf 72' lang='grc' dir='ltr'><strong>ἐπὶ</strong></span> <span class='ocrx_word' id='word_1_146' title='bbox 2717 917 2778 969; x_wconf 85' lang='grc' dir='ltr'><strong>τὸ</strong></span> <span class='ocrx_word' id='word_1_147' title='bbox 2808 917 3112 988; x_wconf 80' lang='grc' dir='ltr'>γνωσθῆναι</span> <span class='ocrx_word' id='word_1_148' title='bbox 3140 918 3199 970; x_wconf 84' lang='grc' dir='ltr'><strong>τὸ</strong></span> <span class='ocrx_word' id='word_1_149' title='bbox 3238 916 3452 971; x_wconf 77' lang='grc' dir='ltr'>εὔτονον</span> <span class='ocrx_word' id='word_1_150' title='bbox 3493 918 3587 971; x_wconf 86' lang='grc' dir='ltr'><strong>τοῦ</strong></span> <span class='ocrx_word' id='word_1_151' title='bbox 3626 919 3780 985; x_wconf 86' lang='grc' dir='ltr'>ἀγω-</span> 
     </span>
    </p>
   </div>
   <div class='ocr_carea' id='block_1_25' title="bbox 2208 1004 3783 1081">
    <p class='ocr_par' dir='ltr' id='par_1_25' title="bbox 2208 1004 3783 1081">
     <span class='ocr_line' id='line_1_25' title="bbox 2208 1004 3783 1081; baseline 0.003 -22"><span class='ocrx_word' id='word_1_152' title='bbox 2208 1004 2505 1078; x_wconf 80' lang='grc' dir='ltr'>νιζομένου.</span> <span class='ocrx_word' id='word_1_153' title='bbox 2550 1009 2671 1062; x_wconf 83' lang='grc' dir='ltr'><strong>Ἐὰν</strong></span> <span class='ocrx_word' id='word_1_154' title='bbox 2716 1004 2871 1080; x_wconf 77' lang='grc' dir='ltr'>οὖνὴ</span> <span class='ocrx_word' id='word_1_155' title='bbox 2913 1010 3101 1081; x_wconf 77' lang='grc' dir='ltr'>εἰρήνη</span> <span class='ocrx_word' id='word_1_156' title='bbox 3140 1012 3173 1080; x_wconf 85' lang='grc' dir='ltr'>ἡ</span> <span class='ocrx_word' id='word_1_157' title='bbox 3220 1010 3556 1080; x_wconf 84' lang='grc' dir='ltr'>ὑπερέχουσα</span> <span class='ocrx_word' id='word_1_158' title='bbox 3594 1010 3783 1063; x_wconf 75' lang='grc' dir='ltr'>πάντα</span> 
     </span>
    </p>
   </div>
   <div class='ocr_carea' id='block_1_26' title="bbox 2208 1097 3779 1172">
    <p class='ocr_par' dir='ltr' id='par_1_26' title="bbox 2208 1097 3779 1172">
     <span class='ocr_line' id='line_1_26' title="bbox 2208 1097 3779 1172; baseline 0.001 -20"><span class='ocrx_word' id='word_1_159' title='bbox 2208 1097 2330 1152; x_wconf 82' lang='grc' dir='ltr'>νοῦν</span> <span class='ocrx_word' id='word_1_160' title='bbox 2372 1101 2647 1172; x_wconf 81' lang='grc' dir='ltr'>φρουρήσῃ</span> <span class='ocrx_word' id='word_1_161' title='bbox 2694 1100 2791 1163; x_wconf 86' lang='grc' dir='ltr'>τὰς</span> <span class='ocrx_word' id='word_1_162' title='bbox 2820 1101 3068 1171; x_wconf 81' lang='grc' dir='ltr'>-καρδίας</span> <span class='ocrx_word' id='word_1_163' title='bbox 3125 1101 3302 1171; x_wconf 84' lang='grc' dir='ltr'>ἡμῶν,</span> <span class='ocrx_word' id='word_1_164' title='bbox 3349 1100 3626 1171; x_wconf 80' lang='grc' dir='ltr'>δυνάμεθα</span> <span class='ocrx_word' id='word_1_165' title='bbox 3668 1102 3779 1171; x_wconf 66' lang='grc' dir='ltr'>τὴν</span> 
     </span>
    </p>
   </div>
   <div class='ocr_carea' id='block_1_27' title="bbox 2205 1188 3777 1261">
    <p class='ocr_par' dir='ltr' id='par_1_27' title="bbox 2205 1188 3777 1261">
     <span class='ocr_line' id='line_1_27' title="bbox 2205 1188 3777 1261; baseline 0 -20"><span class='ocrx_word' id='word_1_166' title='bbox 2205 1189 2447 1260; x_wconf 84' lang='grc' dir='ltr'>ταραχὴν</span> <span class='ocrx_word' id='word_1_167' title='bbox 2485 1190 2576 1243; x_wconf 59' lang='grc' dir='ltr'><strong>καὶ¹</strong></span> <span class='ocrx_word' id='word_1_168' title='bbox 2627 1190 2723 1261; x_wconf 84' lang='grc' dir='ltr'>τὴν</span> <span class='ocrx_word' id='word_1_169' title='bbox 2779 1188 3036 1260; x_wconf 82' lang='grc' dir='ltr'>σύγχυσιν</span> <span class='ocrx_word' id='word_1_170' title='bbox 3082 1189 3185 1241; x_wconf 79' lang='grc' dir='ltr'><strong>τῶν</strong></span> <span class='ocrx_word' id='word_1_171' title='bbox 3232 1189 3417 1242; x_wconf 86' lang='grc' dir='ltr'>παθῶν</span> <span class='ocrx_word' id='word_1_172' title='bbox 3466 1189 3777 1258; x_wconf 65' lang='grc' dir='ltr'>διαφυγεῖν.</span> 
     </span>
    </p>
   </div>
   <div class='ocr_carea' id='block_1_28' title="bbox 2221 1277 3776 1350">
    <p class='ocr_par' dir='ltr' id='par_1_28' title="bbox 2221 1277 3776 1350">
     <span class='ocr_line' id='line_1_28' title="bbox 2221 1277 3776 1350; baseline -0.001 -18"><span class='ocrx_word' id='word_1_173' title='bbox 2221 1280 2369 1333; x_wconf 74' lang='grc' dir='ltr'>Ἐπεὶ</span> <span class='ocrx_word' id='word_1_174' title='bbox 2415 1277 2506 1334; x_wconf 85' lang='grc' dir='ltr'><strong>οῦν</strong></span> <span class='ocrx_word' id='word_1_175' title='bbox 2550 1281 2845 1334; x_wconf 85' lang='grc' dir='ltr'>ἀντίκειται</span> <span class='ocrx_word' id='word_1_176' title='bbox 2876 1279 2953 1350; x_wconf 82' lang='grc' dir='ltr'>τῷ</span> <span class='ocrx_word' id='word_1_177' title='bbox 2994 1281 3088 1350; x_wconf 82' lang='grc' dir='ltr'><strong>μὲν</strong></span> <span class='ocrx_word' id='word_1_178' title='bbox 3122 1280 3380 1349; x_wconf 82' lang='grc' dir='ltr'><strong>θελήματι</strong></span> <span class='ocrx_word' id='word_1_179' title='bbox 3432 1278 3526 1331; x_wconf 87' lang='grc' dir='ltr'><strong>τοῦ</strong></span> <span class='ocrx_word' id='word_1_180' title='bbox 3566 1279 3703 1332; x_wconf 80' lang='grc' dir='ltr'>Θεοῦ</span> <span class='ocrx_word' id='word_1_181' title='bbox 3740 1282 3776 1348; x_wconf 87' lang='grc' dir='ltr'><strong>ἠ</strong></span> 
     </span>
    </p>
   </div>
   <div class='ocr_carea' id='block_1_29' title="bbox 2209 1370 3779 1444">
    <p class='ocr_par' dir='ltr' id='par_1_29' title="bbox 2209 1370 3779 1444">
     <span class='ocr_line' id='line_1_29' title="bbox 2209 1370 3779 1444; baseline 0 -21"><span class='ocrx_word' id='word_1_182' title='bbox 2209 1372 2553 1444; x_wconf 78' lang='grc' dir='ltr'>ἀποστροφὴ,</span> <span class='ocrx_word' id='word_1_183' title='bbox 2594 1373 2670 1443; x_wconf 84' lang='grc' dir='ltr'><strong>τῷ</strong></span> <span class='ocrx_word' id='word_1_184' title='bbox 2699 1373 2753 1425; x_wconf 86' lang='grc' dir='ltr'><strong>δὲ</strong></span> <span class='ocrx_word' id='word_1_185' title='bbox 2793 1371 2977 1425; x_wconf 86' lang='grc' dir='ltr'>κάλλει</span> <span class='ocrx_word' id='word_1_186' title='bbox 3012 1372 3105 1425; x_wconf 75' lang='grc' dir='ltr'><strong>καὶ</strong></span> <span class='ocrx_word' id='word_1_187' title='bbox 3133 1374 3198 1442; x_wconf 82' lang='grc' dir='ltr'>τῇ</span> <span class='ocrx_word' id='word_1_188' title='bbox 3241 1370 3532 1443; x_wconf 84' lang='grc' dir='ltr'>ὠραιότητι</span> <span class='ocrx_word' id='word_1_189' title='bbox 3569 1373 3665 1425; x_wconf 77' lang='grc' dir='ltr'><strong>καὶ</strong></span> <span class='ocrx_word' id='word_1_190' title='bbox 3710 1376 3779 1441; x_wconf 74' lang='grc' dir='ltr'>τῇ</span> 
     </span>
    </p>
   </div>
   <div class='ocr_carea' id='block_1_30' title="bbox 2206 1461 3781 1536">
    <p class='ocr_par' dir='ltr' id='par_1_30' title="bbox 2206 1461 3781 1536">
     <span class='ocr_line' id='line_1_30' title="bbox 2206 1461 3781 1536; baseline 0.001 -23"><span class='ocrx_word' id='word_1_191' title='bbox 2206 1461 2428 1533; x_wconf 82' lang='grc' dir='ltr'>δυνάμει</span> <span class='ocrx_word' id='word_1_192' title='bbox 2457 1465 2489 1533; x_wconf 82' lang='grc' dir='ltr'>ἡ</span> <span class='ocrx_word' id='word_1_193' title='bbox 2520 1465 2766 1536; x_wconf 88' lang='grc' dir='ltr'>ταραχή·</span> <span class='ocrx_word' id='word_1_194' title='bbox 2799 1465 2881 1535; x_wconf 81' lang='grc' dir='ltr'><strong>εἴη</strong></span> <span class='ocrx_word' id='word_1_195' title='bbox 2914 1464 2977 1518; x_wconf 86' lang='grc' dir='ltr'>ἂν</span> <span class='ocrx_word' id='word_1_196' title='bbox 3012 1466 3044 1533; x_wconf 85' lang='grc' dir='ltr'>ὴ</span> <span class='ocrx_word' id='word_1_197' title='bbox 3073 1464 3283 1535; x_wconf 85' lang='grc' dir='ltr'>ταραχὴ</span> <span class='ocrx_word' id='word_1_198' title='bbox 3317 1462 3426 1534; x_wconf 77' lang='grc'>(69)</span> <span class='ocrx_word' id='word_1_199' title='bbox 3448 1461 3637 1534; x_wconf 72' lang='grc' dir='ltr'>αἶσχος</span> <span class='ocrx_word' id='word_1_200' title='bbox 3678 1466 3781 1517; x_wconf 72' lang='grc' dir='ltr'>καὶ</span> 
     </span>
    </p>
   </div>
   <div class='ocr_carea' id='block_1_31' title="bbox 2208 1554 3781 1627">
    <p class='ocr_par' dir='ltr' id='par_1_31' title="bbox 2208 1554 3781 1627">
     <span class='ocr_line' id='line_1_31' title="bbox 2208 1554 3781 1627; baseline 0.002 -22"><span class='ocrx_word' id='word_1_201' title='bbox 2208 1554 2454 1607; x_wconf 79' lang='grc' dir='ltr'>ἀσθένεια</span> <span class='ocrx_word' id='word_1_202' title='bbox 2482 1555 2675 1625; x_wconf 73' lang='grc' dir='ltr'>ψυχῆς,</span> <span class='ocrx_word' id='word_1_203' title='bbox 2710 1559 2771 1609; x_wconf 84' lang='grc' dir='ltr'><strong>ἐκ</strong></span> <span class='ocrx_word' id='word_1_204' title='bbox 2802 1557 2899 1626; x_wconf 80' lang='grc' dir='ltr'><strong>τῆς</strong></span> <span class='ocrx_word' id='word_1_205' title='bbox 2925 1555 3033 1608; x_wconf 77' lang='grc' dir='ltr'><strong>ἀπὸ</strong></span> <span class='ocrx_word' id='word_1_206' title='bbox 3059 1556 3190 1608; x_wconf 83' lang='grc' dir='ltr'>Θεοῦ</span> <span class='ocrx_word' id='word_1_207' title='bbox 3235 1556 3640 1627; x_wconf 81' lang='grc' dir='ltr'>ἀλλοτριώσεως</span> <span class='ocrx_word' id='word_1_208' title='bbox 3673 1558 3781 1623; x_wconf 82' lang='grc' dir='ltr'>ἐγ-</span> 
     </span>
    </p>
   </div>
   <div class='ocr_carea' id='block_1_32' title="bbox 2208 1644 3781 1719">
    <p class='ocr_par' dir='ltr' id='par_1_32' title="bbox 2208 1644 3781 1719">
     <span class='ocr_line' id='line_1_32' title="bbox 2208 1644 3781 1719; baseline 0.001 -22"><span class='ocrx_word' id='word_1_209' title='bbox 2208 1646 2479 1716; x_wconf 77' lang='grc' dir='ltr'>γινομένη.</span> <span class='ocrx_word' id='word_1_210' title='bbox 2537 1647 2834 1717; x_wconf 77' lang='grc' dir='ltr'>Ευχώμεθα</span> <span class='ocrx_word' id='word_1_211' title='bbox 2888 1644 2979 1701; x_wconf 81' lang='grc' dir='ltr'><strong>οῦν</strong></span> <span class='ocrx_word' id='word_1_212' title='bbox 3033 1648 3119 1701; x_wconf 74' lang='grc' dir='ltr'><strong>ἀεὶ</strong></span> <span class='ocrx_word' id='word_1_213' title='bbox 3164 1648 3491 1719; x_wconf 84' lang='grc' dir='ltr'>ἐπιλάμπειν</span> <span class='ocrx_word' id='word_1_214' title='bbox 3541 1650 3671 1717; x_wconf 79' lang='grc' dir='ltr'>ἡμῖν</span> <span class='ocrx_word' id='word_1_215' title='bbox 3713 1648 3781 1699; x_wconf 75' lang='grc' dir='ltr'>τὸ</span> 
     </span>
    </p>
   </div>
   <div class='ocr_carea' id='block_1_33' title="bbox 2209 1734 3781 1811">
    <p class='ocr_par' dir='ltr' id='par_1_33' title="bbox 2209 1734 3781 1811">
     <span class='ocr_line' id='line_1_33' title="bbox 2209 1734 3781 1811; baseline 0.003 -26"><span class='ocrx_word' id='word_1_216' title='bbox 2209 1736 2494 1805; x_wconf 82' lang='grc' dir='ltr'>πρόσωπον</span> <span class='ocrx_word' id='word_1_217' title='bbox 2547 1738 2635 1790; x_wconf 83' lang='grc' dir='ltr'><strong>τοῦ</strong></span> <span class='ocrx_word' id='word_1_218' title='bbox 2691 1738 2862 1804; x_wconf 87' lang='grc' dir='ltr'>Θεοῦ,</span> <span class='ocrx_word' id='word_1_219' title='bbox 2923 1740 3007 1793; x_wconf 81' lang='grc' dir='ltr'>ἵνα</span> <span class='ocrx_word' id='word_1_220' title='bbox 3070 1743 3126 1793; x_wconf 87' lang='grc' dir='ltr'><strong>ἐν</strong></span> <span class='ocrx_word' id='word_1_221' title='bbox 3182 1743 3556 1810; x_wconf 82' lang='grc' dir='ltr'>καταστήματι</span> <span class='ocrx_word' id='word_1_222' title='bbox 3623 1734 3781 1811; x_wconf 78' lang='grc' dir='ltr'>ὦμεν</span> 
     </span>
    </p>
   </div>
   <div class='ocr_carea' id='block_1_34' title="bbox 557 1802 2114 1911">
    <p class='ocr_par' dir='ltr' id='par_1_34' title="bbox 557 1802 2107 1911">
     <span class='ocr_line' id='line_1_34' title="bbox 560 1802 2103 1823; baseline 0 -17"><span class='ocrx_word' id='word_1_223' title='bbox 775 1802 837 1806; x_wconf 31' lang='grc' dir='ltr'><strong>ᾖ-</strong></span> <span class='ocrx_word' id='word_1_224' title='bbox 887 1802 1024 1807; x_wconf 45' lang='grc' dir='ltr'><strong>---τ</strong></span> <span class='ocrx_word' id='word_1_225' title='bbox 1078 1802 1485 1822; x_wconf 41' lang='lat' dir='ltr'><strong>r.--rw-,-____-_</strong></span> <span class='ocrx_word' id='word_1_226' title='bbox 1541 1802 1563 1805; x_wconf 94' lang='lat'>_</span> <span class='ocrx_word' id='word_1_227' title='bbox 1807 1802 1961 1823; x_wconf 66' lang='grc' dir='ltr'><strong>,υν</strong></span> <span class='ocrx_word' id='word_1_228' title='bbox 1991 1802 2103 1807; x_wconf 62' lang='lat'>__,_-</span> 
     </span>
     <span class='ocr_line' id='line_1_35' title="bbox 557 1842 2107 1911; baseline 0.003 -17"><span class='ocrx_word' id='word_1_229' title='bbox 557 1843 717 1904; x_wconf 86' lang='lat' dir='ltr'><strong>enim,</strong></span> <span class='ocrx_word' id='word_1_230' title='bbox 764 1842 969 1911; x_wconf 87' lang='lat' dir='ltr'><strong>inquit,</strong></span> <span class='ocrx_word' id='word_1_231' title='bbox 1006 1852 1052 1897; x_wconf 88' lang='lat' dir='ltr'><strong>et</strong></span> <span class='ocrx_word' id='word_1_232' title='bbox 1085 1859 1189 1896; x_wconf 82' lang='lat' dir='ltr'><strong>non</strong></span> <span class='ocrx_word' id='word_1_233' title='bbox 1238 1859 1354 1896; x_wconf 87' lang='lat' dir='ltr'><strong>sum</strong></span> <span class='ocrx_word' id='word_1_234' title='bbox 1388 1844 1625 1896; x_wconf 85' lang='lat' dir='ltr'><strong>turbatus</strong></span> <span class='ocrx_word' id='word_1_235' title='bbox 1652 1844 1718 1900; x_wconf 71' lang='lat'><strong>‘°.</strong></span> <span class='ocrx_word' id='word_1_236' title='bbox 1746 1842 1911 1900; x_wconf 69' lang='lat' dir='ltr'><strong>Vens.</strong></span> <span class='ocrx_word' id='word_1_237' title='bbox 1938 1846 1990 1901; x_wconf 87' lang='lat'><strong>9.</strong></span> <span class='ocrx_word' id='word_1_238' title='bbox 2026 1846 2107 1899; x_wconf 82' lang='lat' dir='ltr'><strong>Ad</strong></span> 
     </span>
    </p>
   </div>
   <div class='ocr_carea' id='block_1_35' title="bbox 2211 1802 3781 1911">
    <p class='ocr_par' dir='ltr' id='par_1_35' title="bbox 2211 1830 3781 1904">
     <span class='ocr_line' id='line_1_36' title="bbox 2211 1830 3781 1904; baseline 0.003 -24"><span class='ocrx_word' id='word_1_239' title='bbox 2211 1830 2537 1900; x_wconf 82' lang='grc' dir='ltr'>ἱεροπρεπεῖ,</span> <span class='ocrx_word' id='word_1_240' title='bbox 2561 1831 2653 1884; x_wconf 72' lang='grc' dir='ltr'><strong>καὶ</strong></span> <span class='ocrx_word' id='word_1_241' title='bbox 2692 1833 2873 1901; x_wconf 78' lang='grc' dir='ltr'>πρᾶοι,</span> <span class='ocrx_word' id='word_1_242' title='bbox 2909 1833 3001 1885; x_wconf 72' lang='grc' dir='ltr'><strong>καὶ</strong></span> <span class='ocrx_word' id='word_1_243' title='bbox 3024 1833 3184 1885; x_wconf 72' lang='grc' dir='ltr'>παντὶ</span> <span class='ocrx_word' id='word_1_244' title='bbox 3211 1832 3393 1903; x_wconf 79' lang='grc' dir='ltr'>τρόπῳ</span> <span class='ocrx_word' id='word_1_245' title='bbox 3418 1833 3677 1904; x_wconf 83' lang='grc' dir='ltr'>ἀτάραχοι</span> <span class='ocrx_word' id='word_1_246' title='bbox 3710 1834 3781 1885; x_wconf 80' lang='grc' dir='ltr'><strong>ἐκ</strong></span> 
     </span>
    </p>
   </div>
   <div class='ocr_carea' id='block_1_36' title="bbox 557 1932 2105 2004">
    <p class='ocr_par' dir='ltr' id='par_1_36' title="bbox 557 1932 2105 2004">
     <span class='ocr_line' id='line_1_37' title="bbox 557 1932 2105 2004; baseline 0.005 -20"><span class='ocrx_word' id='word_1_247' title='bbox 557 1943 627 1997; x_wconf 87' lang='lat' dir='ltr'><strong>te,</strong></span> <span class='ocrx_word' id='word_1_248' title='bbox 671 1932 910 1996; x_wconf 89' lang='lat' dir='ltr'><strong>Domine,</strong></span> <span class='ocrx_word' id='word_1_249' title='bbox 941 1932 1203 1996; x_wconf 76' lang='lat' dir='ltr'><strong>clamabo,</strong></span> <span class='ocrx_word' id='word_1_250' title='bbox 1229 1943 1277 1986; x_wconf 88' lang='lat' dir='ltr'><strong>et</strong></span> <span class='ocrx_word' id='word_1_251' title='bbox 1307 1935 1373 1985; x_wconf 86' lang='lat' dir='ltr'><strong>ad</strong></span> <span class='ocrx_word' id='word_1_252' title='bbox 1400 1934 1562 1987; x_wconf 82' lang='lat' dir='ltr'><strong>Deum</strong></span> <span class='ocrx_word' id='word_1_253' title='bbox 1586 1951 1753 1989; x_wconf 87' lang='lat' dir='ltr'><strong>meum</strong></span> <span class='ocrx_word' id='word_1_254' title='bbox 1769 1937 2105 2004; x_wconf 77' lang='lat' dir='ltr'><strong>deprecabor.</strong></span> 
     </span>
    </p>
   </div>
   <div class='ocr_carea' id='block_1_37' title="bbox 559 2025 2110 2097">
    <p class='ocr_par' dir='ltr' id='par_1_37' title="bbox 559 2025 2110 2097">
     <span class='ocr_line' id='line_1_38' title="bbox 559 2025 2110 2097; baseline 0.003 -19"><span class='ocrx_word' id='word_1_255' title='bbox 559 2025 714 2093; x_wconf 74' lang='lat' dir='ltr'><strong>Saepe</strong></span> <span class='ocrx_word' id='word_1_256' title='bbox 736 2025 933 2079; x_wconf 90' lang='lat' dir='ltr'><strong>dictum</strong></span> <span class='ocrx_word' id='word_1_257' title='bbox 963 2036 1044 2081; x_wconf 87' lang='lat' dir='ltr'><strong>est</strong></span> <span class='ocrx_word' id='word_1_258' title='bbox 1078 2025 1143 2079; x_wconf 91' lang='lat' dir='ltr'><strong>de</strong></span> <span class='ocrx_word' id='word_1_259' title='bbox 1167 2026 1400 2080; x_wconf 86' lang='lat' dir='ltr'><strong>clamore</strong></span> <span class='ocrx_word' id='word_1_260' title='bbox 1426 2028 1490 2079; x_wconf 90' lang='lat' dir='ltr'><strong>ad</strong></span> <span class='ocrx_word' id='word_1_261' title='bbox 1522 2027 1823 2092; x_wconf 89' lang='lat' dir='ltr'><strong>Dominum,</strong></span> <span class='ocrx_word' id='word_1_262' title='bbox 1868 2030 2007 2097; x_wconf 92' lang='lat' dir='ltr'><strong>quod</strong></span> <span class='ocrx_word' id='word_1_263' title='bbox 2040 2029 2110 2084; x_wconf 93' lang='lat' dir='ltr'><strong>sit</strong></span> 
     </span>
    </p>
   </div>
   <div class='ocr_carea' id='block_1_38' title="bbox 557 2115 2107 2189">
    <p class='ocr_par' dir='ltr' id='par_1_38' title="bbox 557 2115 2107 2189">
     <span class='ocr_line' id='line_1_39' title="bbox 557 2115 2107 2189; baseline 0.003 -20"><span class='ocrx_word' id='word_1_264' title='bbox 557 2115 676 2183; x_wconf 83' lang='lat' dir='ltr'><strong>ejus</strong></span> <span class='ocrx_word' id='word_1_265' title='bbox 723 2116 887 2171; x_wconf 91' lang='lat' dir='ltr'><strong>solius</strong></span> <span class='ocrx_word' id='word_1_266' title='bbox 918 2116 1008 2186; x_wconf 91' lang='lat' dir='ltr'><strong>qui</strong></span> <span class='ocrx_word' id='word_1_267' title='bbox 1040 2132 1229 2188; x_wconf 84' lang='lat' dir='ltr'><strong>magna</strong></span> <span class='ocrx_word' id='word_1_268' title='bbox 1274 2125 1328 2171; x_wconf 90' lang='lat' dir='ltr'><strong>ct</strong></span> <span class='ocrx_word' id='word_1_269' title='bbox 1374 2118 1615 2173; x_wconf 64' lang='lat' dir='ltr'><strong>coelestia</strong></span> <span class='ocrx_word' id='word_1_270' title='bbox 1650 2120 1814 2189; x_wconf 86' lang='lat' dir='ltr'><strong>cupit,</strong></span> <span class='ocrx_word' id='word_1_271' title='bbox 1850 2121 2107 2175; x_wconf 89' lang='lat' dir='ltr'><strong>clamare.</strong></span> 
     </span>
    </p>
   </div>
   <div class='ocr_carea' id='block_1_39' title="bbox 561 2206 2107 2278">
    <p class='ocr_par' dir='ltr' id='par_1_39' title="bbox 561 2206 2107 2278">
     <span class='ocr_line' id='line_1_40' title="bbox 561 2206 2107 2278; baseline 0.004 -20"><span class='ocrx_word' id='word_1_272' title='bbox 561 2206 617 2259; x_wconf 82' lang='lat' dir='ltr'><strong>Si</strong></span> <span class='ocrx_word' id='word_1_273' title='bbox 654 2206 776 2275; x_wconf 88' lang='lat' dir='ltr'><strong>quis</strong></span> <span class='ocrx_word' id='word_1_274' title='bbox 805 2215 983 2260; x_wconf 90' lang='lat' dir='ltr'><strong>autem</strong></span> <span class='ocrx_word' id='word_1_275' title='bbox 1005 2222 1171 2276; x_wconf 86' lang='lat' dir='ltr'><strong>parva</strong></span> <span class='ocrx_word' id='word_1_276' title='bbox 1203 2217 1256 2261; x_wconf 89' lang='lat' dir='ltr'><strong>et</strong></span> <span class='ocrx_word' id='word_1_277' title='bbox 1282 2216 1492 2261; x_wconf 88' lang='lat' dir='ltr'><strong>terrena</strong></span> <span class='ocrx_word' id='word_1_278' title='bbox 1540 2222 1570 2261; x_wconf 90' lang='lat' dir='ltr'><strong>a</strong></span> <span class='ocrx_word' id='word_1_279' title='bbox 1603 2208 1710 2263; x_wconf 91' lang='lat' dir='ltr'><strong>Deo</strong></span> <span class='ocrx_word' id='word_1_280' title='bbox 1754 2210 2011 2278; x_wconf 88' lang='lat' dir='ltr'><strong>petierit,</strong></span> <span class='ocrx_word' id='word_1_281' title='bbox 2060 2211 2107 2265; x_wconf 89' lang='lat' dir='ltr'><strong>is</strong></span> 
     </span>
    </p>
   </div>
   <div class='ocr_carea' id='block_1_40' title="bbox 560 2295 2109 2368">
    <p class='ocr_par' dir='ltr' id='par_1_40' title="bbox 560 2295 2109 2368">
     <span class='ocr_line' id='line_1_41' title="bbox 560 2295 2109 2368; baseline 0.001 -19"><span class='ocrx_word' id='word_1_282' title='bbox 560 2310 724 2364; x_wconf 85' lang='lat' dir='ltr'><strong>parva</strong></span> <span class='ocrx_word' id='word_1_283' title='bbox 757 2305 811 2349; x_wconf 91' lang='lat' dir='ltr'><strong>et</strong></span> <span class='ocrx_word' id='word_1_284' title='bbox 832 2295 1065 2350; x_wconf 81' lang='lat' dir='ltr'><strong>demissa</strong></span> <span class='ocrx_word' id='word_1_285' title='bbox 1098 2310 1249 2361; x_wconf 87' lang='lat' dir='ltr'><strong>voce,</strong></span> <span class='ocrx_word' id='word_1_286' title='bbox 1286 2309 1456 2364; x_wconf 87' lang='lat' dir='ltr'><strong>eaque</strong></span> <span class='ocrx_word' id='word_1_287' title='bbox 1489 2311 1592 2350; x_wconf 91' lang='lat' dir='ltr'><strong>non</strong></span> <span class='ocrx_word' id='word_1_288' title='bbox 1639 2298 1704 2350; x_wconf 90' lang='lat' dir='ltr'><strong>ad</strong></span> <span class='ocrx_word' id='word_1_289' title='bbox 1734 2298 1962 2352; x_wconf 86' lang='lat' dir='ltr'><strong>sublime</strong></span> <span class='ocrx_word' id='word_1_290' title='bbox 1986 2314 2109 2368; x_wconf 85' lang='lat' dir='ltr'><strong>per-</strong></span> 
     </span>
    </p>
   </div>
   <div class='ocr_carea' id='block_1_41' title="bbox 562 2384 2106 2455">
    <p class='ocr_par' dir='ltr' id='par_1_41' title="bbox 562 2384 2106 2455">
     <span class='ocr_line' id='line_1_42' title="bbox 562 2384 2106 2455; baseline 0.004 -19"><span class='ocrx_word' id='word_1_291' title='bbox 562 2386 819 2454; x_wconf 85' lang='lat' dir='ltr'><strong>tingeute,</strong></span> <span class='ocrx_word' id='word_1_292' title='bbox 852 2399 951 2438; x_wconf 88' lang='lat' dir='ltr'><strong>nec</strong></span> <span class='ocrx_word' id='word_1_293' title='bbox 986 2385 1051 2438; x_wconf 93' lang='lat' dir='ltr'><strong>ad</strong></span> <span class='ocrx_word' id='word_1_294' title='bbox 1082 2384 1291 2440; x_wconf 89' lang='lat' dir='ltr'><strong>Domini</strong></span> <span class='ocrx_word' id='word_1_295' title='bbox 1338 2399 1496 2440; x_wconf 87' lang='lat' dir='ltr'><strong>aures</strong></span> <span class='ocrx_word' id='word_1_296' title='bbox 1531 2386 1876 2455; x_wconf 82' lang='lat' dir='ltr'><strong>perveniente</strong></span> <span class='ocrx_word' id='word_1_297' title='bbox 1920 2388 2106 2442; x_wconf 88' lang='lat' dir='ltr'><strong>utitur.</strong></span> 
     </span>
    </p>
   </div>
   <div class='ocr_carea' id='block_1_42' title="bbox 564 2475 2111 2547">
    <p class='ocr_par' dir='ltr' id='par_1_42' title="bbox 564 2475 2111 2547">
     <span class='ocr_line' id='line_1_43' title="bbox 564 2475 2111 2547; baseline 0.006 -22"><span class='ocrx_word' id='word_1_298' title='bbox 564 2475 724 2530; x_wconf 73' lang='lat' dir='ltr'><strong>Vens.</strong></span> <span class='ocrx_word' id='word_1_299' title='bbox 763 2475 845 2531; x_wconf 83' lang='lat' dir='ltr'><strong>ll).</strong></span> <span class='ocrx_word' id='word_1_300' title='bbox 883 2475 1013 2541; x_wconf 73' lang='lat' dir='ltr'><strong>Qua:</strong></span> <span class='ocrx_word' id='word_1_301' title='bbox 1045 2477 1245 2529; x_wconf 78' lang='lat' dir='ltr'><strong>utilitas</strong></span> <span class='ocrx_word' id='word_1_302' title='bbox 1295 2478 1346 2530; x_wconf 89' lang='lat' dir='ltr'><strong>in</strong></span> <span class='ocrx_word' id='word_1_303' title='bbox 1381 2478 1633 2547; x_wconf 82' lang='lat' dir='ltr'><strong>sanguine</strong></span> <span class='ocrx_word' id='word_1_304' title='bbox 1681 2495 1825 2542; x_wconf 88' lang='lat' dir='ltr'><strong>meo,</strong></span> <span class='ocrx_word' id='word_1_305' title='bbox 1860 2482 1981 2531; x_wconf 89' lang='lat' dir='ltr'><strong>dum</strong></span> <span class='ocrx_word' id='word_1_306' title='bbox 2021 2483 2111 2534; x_wconf 85' lang='lat' dir='ltr'><strong>de-</strong></span> 
     </span>
    </p>
   </div>
   <div class='ocr_carea' id='block_1_43' title="bbox 559 2568 2112 2637">
    <p class='ocr_par' dir='ltr' id='par_1_43' title="bbox 559 2568 2112 2637">
     <span class='ocr_line' id='line_1_44' title="bbox 559 2568 2112 2637; baseline 0.005 -18"><span class='ocrx_word' id='word_1_307' title='bbox 559 2569 747 2620; x_wconf 78' lang='lat' dir='ltr'><strong>scendo</strong></span> <span class='ocrx_word' id='word_1_308' title='bbox 777 2568 828 2621; x_wconf 86' lang='lat' dir='ltr'><strong>in</strong></span> <span class='ocrx_word' id='word_1_309' title='bbox 868 2569 1292 2637; x_wconf 80' lang='lat' dir='ltr'><strong>corruptionem?</strong></span> <span class='ocrx_word' id='word_1_310' title='bbox 1340 2568 1469 2633; x_wconf 84' lang='lat' dir='ltr'><strong>Cur,</strong></span> <span class='ocrx_word' id='word_1_311' title='bbox 1519 2570 1714 2637; x_wconf 86' lang='lat' dir='ltr'><strong>inquit,</strong></span> <span class='ocrx_word' id='word_1_312' title='bbox 1761 2571 2112 2626; x_wconf 83' lang='lat' dir='ltr'><strong>elamavi‘let</strong></span> 
     </span>
    </p>
   </div>
   <div class='ocr_carea' id='block_1_44' title="bbox 557 2660 2112 2733">
    <p class='ocr_par' dir='ltr' id='par_1_44' title="bbox 557 2660 2112 2733">
     <span class='ocr_line' id='line_1_45' title="bbox 557 2660 2112 2733; baseline 0.003 -20"><span class='ocrx_word' id='word_1_313' title='bbox 557 2675 677 2728; x_wconf 64' lang='lat' dir='ltr'><strong>qua:</strong></span> <span class='ocrx_word' id='word_1_314' title='bbox 728 2669 779 2714; x_wconf 90' lang='lat' dir='ltr'><strong>te</strong></span> <span class='ocrx_word' id='word_1_315' title='bbox 828 2660 1110 2715; x_wconf 89' lang='lat' dir='ltr'><strong>Dominum</strong></span> <span class='ocrx_word' id='word_1_316' title='bbox 1170 2674 1345 2714; x_wconf 91' lang='lat' dir='ltr'><strong>mcum</strong></span> <span class='ocrx_word' id='word_1_317' title='bbox 1375 2674 1441 2715; x_wconf 90' lang='lat' dir='ltr'><strong>ac</strong></span> <span class='ocrx_word' id='word_1_318' title='bbox 1484 2661 1648 2715; x_wconf 89' lang='lat' dir='ltr'><strong>Deum</strong></span> <span class='ocrx_word' id='word_1_319' title='bbox 1680 2678 1851 2715; x_wconf 87' lang='lat' dir='ltr'><strong>meum</strong></span> <span class='ocrx_word' id='word_1_320' title='bbox 1887 2664 2112 2733; x_wconf 82' lang='lat' dir='ltr'><strong>rogavi?</strong></span> 
     </span>
    </p>
   </div>
   <div class='ocr_carea' id='block_1_45' title="bbox 558 2752 2112 2822">
    <p class='ocr_par' dir='ltr' id='par_1_45' title="bbox 558 2752 2112 2822">
     <span class='ocr_line' id='line_1_46' title="bbox 558 2752 2112 2822; baseline 0.002 -16"><span class='ocrx_word' id='word_1_321' title='bbox 558 2752 717 2819; x_wconf 74' lang='lat' dir='ltr'><strong>Quid,</strong></span> <span class='ocrx_word' id='word_1_322' title='bbox 744 2753 935 2822; x_wconf 88' lang='lat' dir='ltr'><strong>inquit,</strong></span> <span class='ocrx_word' id='word_1_323' title='bbox 959 2752 1095 2807; x_wconf 88' lang='lat' dir='ltr'><strong>bona</strong></span> <span class='ocrx_word' id='word_1_324' title='bbox 1120 2754 1299 2808; x_wconf 87' lang='lat' dir='ltr'><strong>carnis</strong></span> <span class='ocrx_word' id='word_1_325' title='bbox 1328 2753 1657 2817; x_wconf 79' lang='lat' dir='ltr'><strong>habitudine,</strong></span> <span class='ocrx_word' id='word_1_326' title='bbox 1685 2764 1775 2807; x_wconf 90' lang='lat' dir='ltr'><strong>aut</strong></span> <span class='ocrx_word' id='word_1_327' title='bbox 1794 2755 1958 2808; x_wconf 86' lang='lat' dir='ltr'><strong>multo</strong></span> <span class='ocrx_word' id='word_1_328' title='bbox 1988 2771 2112 2809; x_wconf 90' lang='lat' dir='ltr'><strong>san-</strong></span> 
     </span>
    </p>
   </div>
   <div class='ocr_carea' id='block_1_46' title="bbox 559 2844 2113 2915">
    <p class='ocr_par' dir='ltr' id='par_1_46' title="bbox 559 2844 2113 2915">
     <span class='ocr_line' id='line_1_47' title="bbox 559 2844 2113 2915; baseline 0.003 -17"><span class='ocrx_word' id='word_1_329' title='bbox 559 2844 719 2912; x_wconf 82' lang='lat' dir='ltr'><strong>guine</strong></span> <span class='ocrx_word' id='word_1_330' title='bbox 757 2845 887 2899; x_wconf 91' lang='lat' dir='ltr'><strong>mihi</strong></span> <span class='ocrx_word' id='word_1_331' title='bbox 913 2860 1045 2913; x_wconf 88' lang='lat' dir='ltr'><strong>opus</strong></span> <span class='ocrx_word' id='word_1_332' title='bbox 1074 2854 1156 2900; x_wconf 92' lang='lat' dir='ltr'><strong>est</strong></span> <span class='ocrx_word' id='word_1_333' title='bbox 1190 2865 1203 2899; x_wconf 95' lang='lat'>:</span> <span class='ocrx_word' id='word_1_334' title='bbox 1231 2860 1355 2901; x_wconf 86' lang='lat' dir='ltr'><strong>cum</strong></span> <span class='ocrx_word' id='word_1_335' title='bbox 1380 2860 1575 2915; x_wconf 89' lang='lat' dir='ltr'><strong>corpus</strong></span> <span class='ocrx_word' id='word_1_336' title='bbox 1598 2846 1932 2902; x_wconf 87' lang='lat' dir='ltr'><strong>dissolutioni</strong></span> <span class='ocrx_word' id='word_1_337' title='bbox 1971 2863 2113 2903; x_wconf 87' lang='lat' dir='ltr'><strong>com-</strong></span> 
     </span>
    </p>
   </div>
   <div class='ocr_carea' id='block_1_47' title="bbox 562 2935 2109 3006">
    <p class='ocr_par' dir='ltr' id='par_1_47' title="bbox 562 2935 2109 3006">
     <span class='ocr_line' id='line_1_48' title="bbox 562 2935 2109 3006; baseline 0.003 -17"><span class='ocrx_word' id='word_1_338' title='bbox 562 2936 705 2990; x_wconf 88' lang='lat' dir='ltr'><strong>muni</strong></span> <span class='ocrx_word' id='word_1_339' title='bbox 730 2935 909 2990; x_wconf 83' lang='lat' dir='ltr'><strong>statim</strong></span> <span class='ocrx_word' id='word_1_340' title='bbox 932 2936 1246 2989; x_wconf 89' lang='lat' dir='ltr'><strong>tradendum</strong></span> <span class='ocrx_word' id='word_1_341' title='bbox 1269 2935 1455 2989; x_wconf 80' lang='lat' dir='ltr'><strong>sit?At</strong></span> <span class='ocrx_word' id='word_1_342' title='bbox 1472 2937 1672 3005; x_wconf 83' lang='lat' dir='ltr'><strong>castigo</strong></span> <span class='ocrx_word' id='word_1_343' title='bbox 1697 2953 1884 3006; x_wconf 86' lang='lat' dir='ltr'><strong>corpus</strong></span> <span class='ocrx_word' id='word_1_344' title='bbox 1918 2955 2109 3005; x_wconf 88' lang='lat' dir='ltr'><strong>meum,</strong></span> 
     </span>
    </p>
   </div>
   <div class='ocr_carea' id='block_1_48' title="bbox 559 3025 2111 3101">
    <p class='ocr_par' dir='ltr' id='par_1_48' title="bbox 559 3025 2111 3101">
     <span class='ocr_line' id='line_1_49' title="bbox 559 3025 2111 3101; baseline 0.005 -22"><span class='ocrx_word' id='word_1_345' title='bbox 559 3037 605 3080; x_wconf 87' lang='lat' dir='ltr'><strong>et</strong></span> <span class='ocrx_word' id='word_1_346' title='bbox 636 3028 695 3081; x_wconf 89' lang='lat' dir='ltr'><strong>in</strong></span> <span class='ocrx_word' id='word_1_347' title='bbox 722 3027 1018 3081; x_wconf 75' lang='lat' dir='ltr'><strong>servitutem</strong></span> <span class='ocrx_word' id='word_1_348' title='bbox 1044 3026 1223 3095; x_wconf 81' lang='lat' dir='ltr'><strong>redigo</strong></span> <span class='ocrx_word' id='word_1_349' title='bbox 1255 3025 1321 3092; x_wconf 65' lang='grc' dir='ltr'><strong>δι,</strong></span> <span class='ocrx_word' id='word_1_350' title='bbox 1370 3034 1428 3079; x_wconf 92' lang='lat' dir='ltr'><strong>ut</strong></span> <span class='ocrx_word' id='word_1_351' title='bbox 1460 3042 1528 3080; x_wconf 90' lang='lat' dir='ltr'><strong>ne</strong></span> <span class='ocrx_word' id='word_1_352' title='bbox 1575 3028 1806 3097; x_wconf 82' lang='lat' dir='ltr'><strong>vigente,</strong></span> <span class='ocrx_word' id='word_1_353' title='bbox 1844 3030 2111 3101; x_wconf 89' lang='lat' dir='ltr'><strong>nimisque</strong></span> 
     </span>
    </p>
   </div>
   <div class='ocr_carea' id='block_1_49' title="bbox 561 3117 2180 3197">
    <p class='ocr_par' dir='ltr' id='par_1_49' title="bbox 561 3117 2180 3197">
     <span class='ocr_line' id='line_1_50' title="bbox 561 3117 2180 3197; baseline 0.002 -25"><span class='ocrx_word' id='word_1_354' title='bbox 561 3126 887 3172; x_wconf 59' lang='lat' dir='ltr'><strong>exaestuante</strong></span> <span class='ocrx_word' id='word_1_355' title='bbox 915 3131 1033 3170; x_wconf 92' lang='lat' dir='ltr'><strong>meo</strong></span> <span class='ocrx_word' id='word_1_356' title='bbox 1056 3117 1352 3186; x_wconf 87' lang='lat' dir='ltr'><strong>sanguine,</strong></span> <span class='ocrx_word' id='word_1_357' title='bbox 1389 3117 1721 3188; x_wconf 85' lang='lat' dir='ltr'><strong>corpulentia</strong></span> <span class='ocrx_word' id='word_1_358' title='bbox 1762 3121 1973 3175; x_wconf 88' lang='lat' dir='ltr'><strong>occasio</strong></span> <span class='ocrx_word' id='word_1_359' title='bbox 2016 3122 2109 3176; x_wconf 86' lang='lat' dir='ltr'><strong>iiat</strong></span> <span class='ocrx_word' id='word_1_360' title='bbox 2136 3140 2180 3197; x_wconf 69' lang='grc' dir='ltr'><strong>ο</strong></span> 
     </span>
    </p>
   </div>
   <div class='ocr_carea' id='block_1_50' title="bbox 563 3206 2109 3278">
    <p class='ocr_par' dir='ltr' id='par_1_50' title="bbox 563 3206 2109 3278">
     <span class='ocr_line' id='line_1_51' title="bbox 563 3206 2109 3278; baseline 0.004 -18"><span class='ocrx_word' id='word_1_361' title='bbox 563 3209 786 3276; x_wconf 81' lang='lat' dir='ltr'><strong>peccati.</strong></span> <span class='ocrx_word' id='word_1_362' title='bbox 823 3206 982 3261; x_wconf 88' lang='lat' dir='ltr'><strong>Carni</strong></span> <span class='ocrx_word' id='word_1_363' title='bbox 1036 3217 1138 3260; x_wconf 78' lang='lat' dir='ltr'><strong>tua:</strong></span> <span class='ocrx_word' id='word_1_364' title='bbox 1188 3222 1257 3262; x_wconf 91' lang='lat' dir='ltr'><strong>ne</strong></span> <span class='ocrx_word' id='word_1_365' title='bbox 1282 3209 1603 3278; x_wconf 89' lang='lat' dir='ltr'><strong>obsequare,</strong></span> <span class='ocrx_word' id='word_1_366' title='bbox 1647 3223 1855 3276; x_wconf 90' lang='lat' dir='ltr'><strong>somno,</strong></span> <span class='ocrx_word' id='word_1_367' title='bbox 1897 3210 2109 3278; x_wconf 89' lang='lat' dir='ltr'><strong>balneo,</strong></span> 
     </span>
    </p>
   </div>
   <div class='ocr_carea' id='block_1_51' title="bbox 562 3298 2115 3370">
    <p class='ocr_par' dir='ltr' id='par_1_51' title="bbox 562 3298 2115 3370">
     <span class='ocr_line' id='line_1_52' title="bbox 562 3298 2115 3370; baseline 0.001 -16"><span class='ocrx_word' id='word_1_368' title='bbox 562 3316 626 3356; x_wconf 86' lang='lat' dir='ltr'><strong>ac</strong></span> <span class='ocrx_word' id='word_1_369' title='bbox 651 3300 897 3355; x_wconf 88' lang='lat' dir='ltr'><strong>mollibus</strong></span> <span class='ocrx_word' id='word_1_370' title='bbox 929 3298 1189 3363; x_wconf 90' lang='lat' dir='ltr'><strong>culcitris,</strong></span> <span class='ocrx_word' id='word_1_371' title='bbox 1229 3314 1439 3370; x_wconf 86' lang='lat' dir='ltr'><strong>semper</strong></span> <span class='ocrx_word' id='word_1_372' title='bbox 1461 3300 1598 3353; x_wconf 90' lang='lat' dir='ltr'><strong>hanc</strong></span> <span class='ocrx_word' id='word_1_373' title='bbox 1623 3311 1871 3369; x_wconf 88' lang='lat' dir='ltr'><strong>repetens</strong></span> <span class='ocrx_word' id='word_1_374' title='bbox 1896 3313 2115 3358; x_wconf 86' lang='lat' dir='ltr'><strong>senten-</strong></span> 
     </span>
    </p>
   </div>
   <div class='ocr_carea' id='block_1_52' title="bbox 564 3389 2113 3458">
    <p class='ocr_par' dir='ltr' id='par_1_52' title="bbox 564 3389 2113 3458">
     <span class='ocr_line' id='line_1_53' title="bbox 564 3389 2113 3458; baseline 0.005 -15"><span class='ocrx_word' id='word_1_375' title='bbox 564 3392 690 3445; x_wconf 90' lang='lat' dir='ltr'><strong>tiam</strong></span> <span class='ocrx_word' id='word_1_376' title='bbox 724 3407 738 3443; x_wconf 89' lang='lat'><strong>:</strong></span> <span class='ocrx_word' id='word_1_377' title='bbox 774 3389 902 3454; x_wconf 78' lang='lat' dir='ltr'><strong>Qua:</strong></span> <span class='ocrx_word' id='word_1_378' title='bbox 927 3389 1129 3443; x_wconf 81' lang='lat' dir='ltr'><strong>utilitas</strong></span> <span class='ocrx_word' id='word_1_379' title='bbox 1156 3390 1207 3443; x_wconf 88' lang='lat' dir='ltr'><strong>in</strong></span> <span class='ocrx_word' id='word_1_380' title='bbox 1244 3392 1496 3458; x_wconf 85' lang='lat' dir='ltr'><strong>sanguine</strong></span> <span class='ocrx_word' id='word_1_381' title='bbox 1527 3406 1660 3454; x_wconf 90' lang='lat' dir='ltr'><strong>meo,</strong></span> <span class='ocrx_word' id='word_1_382' title='bbox 1706 3392 1830 3445; x_wconf 88' lang='lat' dir='ltr'><strong>dum</strong></span> <span class='ocrx_word' id='word_1_383' title='bbox 1858 3395 2113 3450; x_wconf 81' lang='lat' dir='ltr'><strong>descendo</strong></span> 
     </span>
    </p>
   </div>
   <div class='ocr_carea' id='block_1_53' title="bbox 560 3480 2114 3555">
    <p class='ocr_par' dir='ltr' id='par_1_53' title="bbox 560 3480 2114 3555">
     <span class='ocr_line' id='line_1_54' title="bbox 560 3480 2114 3555; baseline 0.005 -20"><span class='ocrx_word' id='word_1_384' title='bbox 560 3482 617 3536; x_wconf 85' lang='lat' dir='ltr'><strong>in</strong></span> <span class='ocrx_word' id='word_1_385' title='bbox 645 3482 1073 3551; x_wconf 84' lang='lat' dir='ltr'><strong>corruptionem?</strong></span> <span class='ocrx_word' id='word_1_386' title='bbox 1098 3482 1233 3548; x_wconf 86' lang='lat' dir='ltr'><strong>Quid</strong></span> <span class='ocrx_word' id='word_1_387' title='bbox 1271 3480 1421 3536; x_wconf 88' lang='lat' dir='ltr'><strong>foves</strong></span> <span class='ocrx_word' id='word_1_388' title='bbox 1448 3482 1587 3551; x_wconf 89' lang='lat' dir='ltr'><strong>quod</strong></span> <span class='ocrx_word' id='word_1_389' title='bbox 1617 3484 1777 3551; x_wconf 88' lang='lat' dir='ltr'><strong>paulo</strong></span> <span class='ocrx_word' id='word_1_390' title='bbox 1810 3497 1924 3555; x_wconf 92' lang='lat' dir='ltr'><strong>post</strong></span> <span class='ocrx_word' id='word_1_391' title='bbox 1946 3488 2114 3543; x_wconf 87' lang='lat' dir='ltr'><strong>inter-</strong></span> 
     </span>
    </p>
   </div>
   <div class='ocr_carea' id='block_1_54' title="bbox 564 3576 2117 3649">
    <p class='ocr_par' dir='ltr' id='par_1_54' title="bbox 564 3576 2117 3649">
     <span class='ocr_line' id='line_1_55' title="bbox 564 3576 2117 3649; baseline 0.005 -21"><span class='ocrx_word' id='word_1_392' title='bbox 564 3578 760 3629; x_wconf 63' lang='lat' dir='ltr'><strong>iturum</strong></span> <span class='ocrx_word' id='word_1_393' title='bbox 810 3576 937 3629; x_wconf 81' lang='lat' dir='ltr'><strong>est?</strong></span> <span class='ocrx_word' id='word_1_394' title='bbox 977 3576 1102 3644; x_wconf 87' lang='lat' dir='ltr'><strong>quid</strong></span> <span class='ocrx_word' id='word_1_395' title='bbox 1135 3579 1349 3645; x_wconf 82' lang='lat' dir='ltr'><strong>saginas</strong></span> <span class='ocrx_word' id='word_1_396' title='bbox 1380 3585 1431 3629; x_wconf 89' lang='lat' dir='ltr'><strong>te</strong></span> <span class='ocrx_word' id='word_1_397' title='bbox 1462 3577 1631 3645; x_wconf 90' lang='lat' dir='ltr'><strong>ipsum</strong></span> <span class='ocrx_word' id='word_1_398' title='bbox 1660 3586 1714 3631; x_wconf 90' lang='lat' dir='ltr'><strong>et</strong></span> <span class='ocrx_word' id='word_1_399' title='bbox 1736 3578 2117 3649; x_wconf 84' lang='lat' dir='ltr'><strong>pinguefacis?</strong></span> 
     </span>
    </p>
   </div>
   <div class='ocr_carea' id='block_1_55' title="bbox 562 3663 2116 3736">
    <p class='ocr_par' dir='ltr' id='par_1_55' title="bbox 562 3663 2116 3736">
     <span class='ocr_line' id='line_1_56' title="bbox 562 3663 2116 3736; baseline 0.005 -19"><span class='ocrx_word' id='word_1_400' title='bbox 562 3665 641 3717; x_wconf 85' lang='lat' dir='ltr'><strong>An</strong></span> <span class='ocrx_word' id='word_1_401' title='bbox 666 3663 880 3734; x_wconf 87' lang='lat' dir='ltr'><strong>ignoras</strong></span> <span class='ocrx_word' id='word_1_402' title='bbox 909 3664 1046 3734; x_wconf 85' lang='lat' dir='ltr'><strong>quod</strong></span> <span class='ocrx_word' id='word_1_403' title='bbox 1075 3674 1276 3732; x_wconf 92' lang='lat' dir='ltr'><strong>quanto</strong></span> <span class='ocrx_word' id='word_1_404' title='bbox 1300 3665 1549 3735; x_wconf 85' lang='lat' dir='ltr'><strong>pinguius</strong></span> <span class='ocrx_word' id='word_1_405' title='bbox 1597 3667 1692 3720; x_wconf 89' lang='lat' dir='ltr'><strong>tibi</strong></span> <span class='ocrx_word' id='word_1_406' title='bbox 1723 3682 1917 3736; x_wconf 90' lang='lat' dir='ltr'><strong>corpus</strong></span> <span class='ocrx_word' id='word_1_407' title='bbox 1948 3671 2116 3724; x_wconf 85' lang='lat' dir='ltr'><strong>conﬁ-</strong></span> 
     </span>
    </p>
   </div>
   <div class='ocr_carea' id='block_1_56' title="bbox 564 3756 2113 3825">
    <p class='ocr_par' dir='ltr' id='par_1_56' title="bbox 564 3756 2113 3825">
     <span class='ocr_line' id='line_1_57' title="bbox 564 3756 2113 3825; baseline 0.003 -15"><span class='ocrx_word' id='word_1_408' title='bbox 564 3758 662 3823; x_wconf 81' lang='lat' dir='ltr'><strong>cis,</strong></span> <span class='ocrx_word' id='word_1_409' title='bbox 691 3766 839 3811; x_wconf 91' lang='lat' dir='ltr'><strong>tanto</strong></span> <span class='ocrx_word' id='word_1_410' title='bbox 862 3756 1163 3825; x_wconf 86' lang='lat' dir='ltr'><strong>graviorem</strong></span> <span class='ocrx_word' id='word_1_411' title='bbox 1197 3768 1471 3809; x_wconf 88' lang='lat' dir='ltr'><strong>carcerem</strong></span> <span class='ocrx_word' id='word_1_412' title='bbox 1501 3757 1694 3811; x_wconf 70' lang='lat' dir='ltr'><strong>anima:</strong></span> <span class='ocrx_word' id='word_1_413' title='bbox 1722 3760 1924 3814; x_wconf 89' lang='lat' dir='ltr'><strong>struis?</strong></span> <span class='ocrx_word' id='word_1_414' title='bbox 1957 3760 2113 3815; x_wconf 85' lang='lat' dir='ltr'><strong>Nun-</strong></span> 
     </span>
    </p>
   </div>
   <div class='ocr_carea' id='block_1_57' title="bbox 564 3845 2117 3920">
    <p class='ocr_par' dir='ltr' id='par_1_57' title="bbox 564 3845 2117 3920">
     <span class='ocr_line' id='line_1_58' title="bbox 564 3845 2117 3920; baseline 0.003 -19"><span class='ocrx_word' id='word_1_415' title='bbox 564 3847 691 3920; x_wconf 84' lang='lat' dir='ltr'><strong>quid</strong></span> <span class='ocrx_word' id='word_1_416' title='bbox 718 3847 1048 3917; x_wconf 81' lang='lat' dir='ltr'><strong>conﬁtebitur</strong></span> <span class='ocrx_word' id='word_1_417' title='bbox 1076 3846 1169 3899; x_wconf 85' lang='lat' dir='ltr'><strong>tibi</strong></span> <span class='ocrx_word' id='word_1_418' title='bbox 1193 3845 1385 3912; x_wconf 80' lang='lat' dir='ltr'><strong>pulvis,</strong></span> <span class='ocrx_word' id='word_1_419' title='bbox 1429 3856 1519 3899; x_wconf 88' lang='lat' dir='ltr'><strong>aut</strong></span> <span class='ocrx_word' id='word_1_420' title='bbox 1550 3849 1884 3902; x_wconf 84' lang='lat' dir='ltr'><strong>annuntiabit</strong></span> <span class='ocrx_word' id='word_1_421' title='bbox 1923 3850 2117 3905; x_wconf 75' lang='lat' dir='ltr'><strong>verita-</strong></span> 
     </span>
    </p>
   </div>
   <div class='ocr_carea' id='block_1_58' title="bbox 563 3938 2113 4005">
    <p class='ocr_par' dir='ltr' id='par_1_58' title="bbox 563 3938 2113 4005">
     <span class='ocr_line' id='line_1_59' title="bbox 563 3938 2113 4005; baseline 0.004 -13"><span class='ocrx_word' id='word_1_422' title='bbox 563 3952 666 3995; x_wconf 87' lang='lat' dir='ltr'><strong>tem</strong></span> <span class='ocrx_word' id='word_1_423' title='bbox 713 3940 899 3994; x_wconf 86' lang='lat' dir='ltr'><strong>tuam?</strong></span> <span class='ocrx_word' id='word_1_424' title='bbox 949 3939 1228 4005; x_wconf 83' lang='lat' dir='ltr'><strong>Quomodo</strong></span> <span class='ocrx_word' id='word_1_425' title='bbox 1279 3939 1420 3992; x_wconf 88' lang='lat' dir='ltr'><strong>enim</strong></span> <span class='ocrx_word' id='word_1_426' title='bbox 1467 3938 1745 3994; x_wconf 89' lang='lat' dir='ltr'><strong>terrestris</strong></span> <span class='ocrx_word' id='word_1_427' title='bbox 1775 3954 1839 3995; x_wconf 85' lang='lat' dir='ltr'><strong>ac</strong></span> <span class='ocrx_word' id='word_1_428' title='bbox 1880 3956 2113 3999; x_wconf 86' lang='lat' dir='ltr'><strong>carneus</strong></span> 
     </span>
    </p>
   </div>
   <div class='ocr_carea' id='block_1_59' title="bbox 566 4030 2113 4099">
    <p class='ocr_par' dir='ltr' id='par_1_59' title="bbox 566 4030 2113 4099">
     <span class='ocr_line' id='line_1_60' title="bbox 566 4030 2113 4099; baseline 0.001 -11"><span class='ocrx_word' id='word_1_429' title='bbox 566 4033 727 4089; x_wconf 92' lang='lat' dir='ltr'><strong>homo</strong></span> <span class='ocrx_word' id='word_1_430' title='bbox 757 4032 851 4087; x_wconf 90' lang='lat' dir='ltr'><strong>tibi</strong></span> <span class='ocrx_word' id='word_1_431' title='bbox 894 4032 1003 4087; x_wconf 92' lang='lat' dir='ltr'><strong>Deo</strong></span> <span class='ocrx_word' id='word_1_432' title='bbox 1044 4030 1425 4086; x_wconf 86' lang='lat' dir='ltr'><strong>confitebitur?</strong></span> <span class='ocrx_word' id='word_1_433' title='bbox 1484 4030 1752 4099; x_wconf 91' lang='lat' dir='ltr'><strong>quomodo</strong></span> <span class='ocrx_word' id='word_1_434' title='bbox 1794 4044 1923 4087; x_wconf 85' lang='lat' dir='ltr'><strong>vero</strong></span> <span class='ocrx_word' id='word_1_435' title='bbox 1949 4034 2113 4090; x_wconf 86' lang='lat' dir='ltr'><strong>etiam</strong></span> 
     </span>
    </p>
   </div>
   <div class='ocr_carea' id='block_1_60' title="bbox 567 4121 2116 4193">
    <p class='ocr_par' dir='ltr' id='par_1_60' title="bbox 567 4121 2116 4193">
     <span class='ocr_line' id='line_1_61' title="bbox 567 4121 2116 4193; baseline 0.001 -15"><span class='ocrx_word' id='word_1_436' title='bbox 567 4123 906 4178; x_wconf 89' lang='lat' dir='ltr'><strong>anuuntiabit</strong></span> <span class='ocrx_word' id='word_1_437' title='bbox 932 4122 1231 4183; x_wconf 82' lang='lat' dir='ltr'><strong>veritatem,</strong></span> <span class='ocrx_word' id='word_1_438' title='bbox 1272 4121 1363 4193; x_wconf 89' lang='lat' dir='ltr'><strong>qui</strong></span> <span class='ocrx_word' id='word_1_439' title='bbox 1406 4135 1579 4188; x_wconf 89' lang='lat' dir='ltr'><strong>neque</strong></span> <span class='ocrx_word' id='word_1_440' title='bbox 1626 4122 1921 4193; x_wconf 88' lang='lat' dir='ltr'><strong>disciplinis</strong></span> <span class='ocrx_word' id='word_1_441' title='bbox 1970 4125 2116 4180; x_wconf 88' lang='lat' dir='ltr'><strong>dedit</strong></span> 
     </span>
    </p>
   </div>
   <div class='ocr_carea' id='block_1_61' title="bbox 569 4214 2115 4288">
    <p class='ocr_par' dir='ltr' id='par_1_61' title="bbox 569 4214 2115 4288">
     <span class='ocr_line' id='line_1_62' title="bbox 569 4214 2115 4288; baseline 0.001 -17"><span class='ocrx_word' id='word_1_442' title='bbox 569 4230 775 4288; x_wconf 87' lang='lat' dir='ltr'><strong>tempus</strong></span> <span class='ocrx_word' id='word_1_443' title='bbox 800 4216 989 4281; x_wconf 93' lang='lat' dir='ltr'><strong>ullum,</strong></span> <span class='ocrx_word' id='word_1_444' title='bbox 1021 4226 1075 4271; x_wconf 93' lang='lat' dir='ltr'><strong>et</strong></span> <span class='ocrx_word' id='word_1_445' title='bbox 1097 4215 1251 4284; x_wconf 86' lang='lat' dir='ltr'><strong>cujus</strong></span> <span class='ocrx_word' id='word_1_446' title='bbox 1277 4230 1430 4270; x_wconf 91' lang='lat' dir='ltr'><strong>mens</strong></span> <span class='ocrx_word' id='word_1_447' title='bbox 1477 4214 1529 4269; x_wconf 91' lang='lat' dir='ltr'><strong>in</strong></span> <span class='ocrx_word' id='word_1_448' title='bbox 1560 4224 1707 4270; x_wconf 90' lang='lat' dir='ltr'><strong>tanta</strong></span> <span class='ocrx_word' id='word_1_449' title='bbox 1761 4217 1941 4272; x_wconf 90' lang='lat' dir='ltr'><strong>carnis</strong></span> <span class='ocrx_word' id='word_1_450' title='bbox 1977 4220 2115 4273; x_wconf 90' lang='lat' dir='ltr'><strong>mole</strong></span> 
     </span>
    </p>
   </div>
   <div class='ocr_carea' id='block_1_62' title="bbox 567 4305 2110 4376">
    <p class='ocr_par' dir='ltr' id='par_1_62' title="bbox 567 4305 2110 4376">
     <span class='ocr_line' id='line_1_63' title="bbox 567 4305 2110 4376; baseline 0.003 -13"><span class='ocrx_word' id='word_1_451' title='bbox 567 4310 776 4365; x_wconf 83' lang='lat' dir='ltr'><strong>defossa</strong></span> <span class='ocrx_word' id='word_1_452' title='bbox 806 4316 888 4362; x_wconf 90' lang='lat' dir='ltr'><strong>est</strong></span> <span class='ocrx_word' id='word_1_453' title='bbox 921 4322 985 4362; x_wconf 89' lang='lat' dir='ltr'><strong>ac</strong></span> <span class='ocrx_word' id='word_1_454' title='bbox 1007 4306 1236 4361; x_wconf 81' lang='lat' dir='ltr'><strong>obruta?</strong></span> <span class='ocrx_word' id='word_1_455' title='bbox 1259 4305 1338 4362; x_wconf 90' lang='lat' dir='ltr'><strong>Ob</strong></span> <span class='ocrx_word' id='word_1_456' title='bbox 1372 4308 1426 4360; x_wconf 89' lang='lat' dir='ltr'><strong>id</strong></span> <span class='ocrx_word' id='word_1_457' title='bbox 1472 4307 1638 4376; x_wconf 87' lang='lat' dir='ltr'><strong>igitur</strong></span> <span class='ocrx_word' id='word_1_458' title='bbox 1682 4323 1898 4365; x_wconf 91' lang='lat' dir='ltr'><strong>carnem</strong></span> <span class='ocrx_word' id='word_1_459' title='bbox 1940 4327 2110 4367; x_wconf 89' lang='lat' dir='ltr'><strong>meam</strong></span> 
     </span>
    </p>
   </div>
   <div class='ocr_carea' id='block_1_63' title="bbox 569 4400 2111 4471">
    <p class='ocr_par' dir='ltr' id='par_1_63' title="bbox 569 4400 2111 4471">
     <span class='ocr_line' id='line_1_64' title="bbox 569 4400 2111 4471; baseline 0.001 -14"><span class='ocrx_word' id='word_1_460' title='bbox 569 4418 801 4467; x_wconf 88' lang='lat' dir='ltr'><strong>macero,</strong></span> <span class='ocrx_word' id='word_1_461' title='bbox 849 4416 947 4456; x_wconf 88' lang='lat' dir='ltr'><strong>nec</strong></span> <span class='ocrx_word' id='word_1_462' title='bbox 1003 4416 1164 4471; x_wconf 89' lang='lat' dir='ltr'><strong>parco</strong></span> <span class='ocrx_word' id='word_1_463' title='bbox 1213 4414 1331 4454; x_wconf 90' lang='lat' dir='ltr'><strong>meo</strong></span> <span class='ocrx_word' id='word_1_464' title='bbox 1373 4400 1640 4470; x_wconf 87' lang='lat' dir='ltr'><strong>sanguini,</strong></span> <span class='ocrx_word' id='word_1_465' title='bbox 1691 4403 1781 4470; x_wconf 90' lang='lat' dir='ltr'><strong>qui</strong></span> <span class='ocrx_word' id='word_1_466' title='bbox 1813 4402 1864 4456; x_wconf 93' lang='lat' dir='ltr'><strong>in</strong></span> <span class='ocrx_word' id='word_1_467' title='bbox 1898 4418 2111 4459; x_wconf 88' lang='lat' dir='ltr'><strong>carnem</strong></span> 
     </span>
    </p>
   </div>
   <div class='ocr_carea' id='block_1_64' title="bbox 2206 1920 3779 1993">
    <p class='ocr_par' dir='ltr' id='par_1_64' title="bbox 2206 1920 3779 1993">
     <span class='ocr_line' id='line_1_65' title="bbox 2206 1920 3779 1993; baseline 0.003 -21"><span class='ocrx_word' id='word_1_468' title='bbox 2206 1920 2304 1991; x_wconf 84' lang='grc' dir='ltr'>τῆς</span> <span class='ocrx_word' id='word_1_469' title='bbox 2346 1921 2479 1991; x_wconf 84' lang='grc' dir='ltr'>πρὸς</span> <span class='ocrx_word' id='word_1_470' title='bbox 2525 1922 2591 1974; x_wconf 79' lang='grc' dir='ltr'>τὰ</span> <span class='ocrx_word' id='word_1_471' title='bbox 2637 1922 2774 1975; x_wconf 85' lang='grc' dir='ltr'>καλὰ</span> <span class='ocrx_word' id='word_1_472' title='bbox 2810 1924 3168 1993; x_wconf 75' lang='grc' dir='ltr'>ἑτοιμότητος.</span> <span class='ocrx_word' id='word_1_473' title='bbox 3212 1922 3611 1991; x_wconf 81' lang='grc' dir='ltr'>’Πτοψάσθην</span> <span class='ocrx_word' id='word_1_474' title='bbox 3642 1924 3779 1993; x_wconf 79' lang='grc' dir='ltr'>γὰρ,</span> 
     </span>
    </p>
   </div>
   <div class='ocr_carea' id='block_1_65' title="bbox 2208 2013 3783 2084">
    <p class='ocr_par' dir='ltr' id='par_1_65' title="bbox 2208 2013 3783 2084">
     <span class='ocr_line' id='line_1_66' title="bbox 2208 2013 3783 2084; baseline 0.003 -20"><span class='ocrx_word' id='word_1_475' title='bbox 2208 2013 2359 2082; x_wconf 76' lang='grc' dir='ltr'>φησὶ,</span> <span class='ocrx_word' id='word_1_476' title='bbox 2391 2013 2486 2065; x_wconf 77' lang='grc' dir='ltr'>καὶ</span> <span class='ocrx_word' id='word_1_477' title='bbox 2517 2014 2625 2067; x_wconf 81' lang='grc' dir='ltr'>οὐκ</span> <span class='ocrx_word' id='word_1_478' title='bbox 2654 2013 3007 2083; x_wconf 80' lang='grc' dir='ltr'>ἐταράχθην.</span> <span class='ocrx_word' id='word_1_479' title='bbox 3034 2015 3189 2081; x_wconf 84' lang='grc' dir='ltr'>Πρὸς</span> <span class='ocrx_word' id='word_1_480' title='bbox 3214 2013 3305 2078; x_wconf 82' lang='grc' dir='ltr'>σὲ,</span> <span class='ocrx_word' id='word_1_481' title='bbox 3335 2016 3533 2083; x_wconf 80' lang='grc' dir='ltr'>Κύριε,</span> <span class='ocrx_word' id='word_1_482' title='bbox 3570 2015 3783 2084; x_wconf 59' lang='lat' dir='ltr'><strong>scalpri-</strong></span> 
     </span>
    </p>
   </div>
   <div class='ocr_carea' id='block_1_66' title="bbox 2208 2104 3781 2175">
    <p class='ocr_par' dir='ltr' id='par_1_66' title="bbox 2208 2104 3781 2175">
     <span class='ocr_line' id='line_1_67' title="bbox 2208 2104 3781 2175; baseline 0.003 -19"><span class='ocrx_word' id='word_1_483' title='bbox 2208 2104 2400 2174; x_wconf 78' lang='grc' dir='ltr'>ξομαι,</span> <span class='ocrx_word' id='word_1_484' title='bbox 2431 2106 2526 2159; x_wconf 79' lang='grc' dir='ltr'>καὶ</span> <span class='ocrx_word' id='word_1_485' title='bbox 2557 2105 2705 2174; x_wconf 82' lang='grc' dir='ltr'>πρὸς</span> <span class='ocrx_word' id='word_1_486' title='bbox 2739 2105 2846 2159; x_wconf 83' lang='grc' dir='ltr'><strong>τὸν</strong></span> <span class='ocrx_word' id='word_1_487' title='bbox 2873 2108 3017 2160; x_wconf 80' lang='grc' dir='ltr'><strong>Θεόν</strong></span> <span class='ocrx_word' id='word_1_488' title='bbox 3047 2123 3166 2174; x_wconf 80' lang='grc' dir='ltr'><strong>μου</strong></span> <span class='ocrx_word' id='word_1_489' title='bbox 3203 2106 3589 2175; x_wconf 82' lang='grc' dir='ltr'>δεηθήσομαι.</span> <span class='ocrx_word' id='word_1_490' title='bbox 3638 2107 3781 2160; x_wconf 66' lang='grc' dir='ltr'>Πολι</span> 
     </span>
    </p>
   </div>
   <div class='ocr_carea' id='block_1_67' title="bbox 2207 2194 3779 2270">
    <p class='ocr_par' dir='ltr' id='par_1_67' title="bbox 2207 2194 3779 2270">
     <span class='ocr_line' id='line_1_68' title="bbox 2207 2194 3779 2270; baseline 0.004 -24"><span class='ocrx_word' id='word_1_491' title='bbox 2207 2194 2363 2260; x_wconf 83' lang='grc' dir='ltr'>λάκις</span> <span class='ocrx_word' id='word_1_492' title='bbox 2388 2196 2595 2270; x_wconf 74' lang='grc' dir='ltr'>εἴρηται</span> <span class='ocrx_word' id='word_1_493' title='bbox 2625 2197 2752 2269; x_wconf 72' lang='grc' dir='ltr'>περὶ</span> <span class='ocrx_word' id='word_1_494' title='bbox 2782 2196 2874 2250; x_wconf 91' lang='grc' dir='ltr'><strong>τοῦ</strong></span> <span class='ocrx_word' id='word_1_495' title='bbox 2904 2197 3231 2268; x_wconf 82' lang='grc' dir='ltr'>κεκραγέναι</span> <span class='ocrx_word' id='word_1_496' title='bbox 3273 2199 3407 2270; x_wconf 84' lang='grc' dir='ltr'>πρὸς</span> <span class='ocrx_word' id='word_1_497' title='bbox 3432 2199 3657 2269; x_wconf 81' lang='grc' dir='ltr'>Κύριον,</span> <span class='ocrx_word' id='word_1_498' title='bbox 3692 2201 3779 2252; x_wconf 78' lang='grc' dir='ltr'>ὅτι</span> 
     </span>
    </p>
   </div>
   <div class='ocr_carea' id='block_1_68' title="bbox 2212 2285 3779 2359">
    <p class='ocr_par' dir='ltr' id='par_1_68' title="bbox 2212 2285 3779 2359">
     <span class='ocr_line' id='line_1_69' title="bbox 2212 2285 3779 2359; baseline 0.003 -20"><span class='ocrx_word' id='word_1_499' title='bbox 2212 2286 2368 2358; x_wconf 83' lang='grc' dir='ltr'>μόνου</span> <span class='ocrx_word' id='word_1_500' title='bbox 2400 2285 2492 2340; x_wconf 90' lang='grc' dir='ltr'><strong>τοῦ</strong></span> <span class='ocrx_word' id='word_1_501' title='bbox 2529 2286 2736 2358; x_wconf 87' lang='grc' dir='ltr'>μεγάλα</span> <span class='ocrx_word' id='word_1_502' title='bbox 2767 2287 2861 2340; x_wconf 78' lang='grc' dir='ltr'><strong>καὶ</strong></span> <span class='ocrx_word' id='word_1_503' title='bbox 2887 2288 3180 2358; x_wconf 77' lang='grc' dir='ltr'>ἐπουράνια</span> <span class='ocrx_word' id='word_1_504' title='bbox 3223 2288 3616 2359; x_wconf 84' lang='grc' dir='ltr'>ἐπιθυμοῦντός</span> <span class='ocrx_word' id='word_1_505' title='bbox 3660 2291 3779 2343; x_wconf 85' lang='grc' dir='ltr'>ἐστι</span> 
     </span>
    </p>
   </div>
   <div class='ocr_carea' id='block_1_69' title="bbox 2208 2377 3779 2450">
    <p class='ocr_par' dir='ltr' id='par_1_69' title="bbox 2208 2377 3779 2450">
     <span class='ocr_line' id='line_1_70' title="bbox 2208 2377 3779 2450; baseline 0 -19"><span class='ocrx_word' id='word_1_506' title='bbox 2208 2379 2268 2431; x_wconf 84' lang='grc' dir='ltr'><strong>τὸ</strong></span> <span class='ocrx_word' id='word_1_507' title='bbox 2308 2378 2548 2450; x_wconf 78' lang='grc' dir='ltr'>κράζειν.</span> <span class='ocrx_word' id='word_1_508' title='bbox 2595 2380 2657 2431; x_wconf 81' lang='lat' dir='ltr'><strong>Ei</strong></span> <span class='ocrx_word' id='word_1_509' title='bbox 2684 2379 2739 2431; x_wconf 83' lang='grc' dir='ltr'>δέ</span> <span class='ocrx_word' id='word_1_510' title='bbox 2789 2396 2871 2442; x_wconf 90' lang='grc' dir='ltr'><strong>τις</strong></span> <span class='ocrx_word' id='word_1_511' title='bbox 2915 2377 3085 2450; x_wconf 89' lang='grc' dir='ltr'>μικρά</span> <span class='ocrx_word' id='word_1_512' title='bbox 3112 2380 3203 2432; x_wconf 76' lang='grc' dir='ltr'><strong>καὶ</strong></span> <span class='ocrx_word' id='word_1_513' title='bbox 3235 2380 3448 2448; x_wconf 80' lang='grc' dir='ltr'>ἐπίγεια</span> <span class='ocrx_word' id='word_1_514' title='bbox 3477 2380 3655 2450; x_wconf 77' lang='grc' dir='ltr'>αἰτοίη</span> <span class='ocrx_word' id='word_1_515' title='bbox 3684 2380 3779 2432; x_wconf 77' lang='grc' dir='ltr'>τὸν</span> 
     </span>
    </p>
   </div>
   <div class='ocr_carea' id='block_1_70' title="bbox 2209 2469 3776 2543">
    <p class='ocr_par' dir='ltr' id='par_1_70' title="bbox 2209 2469 3776 2543">
     <span class='ocr_line' id='line_1_71' title="bbox 2209 2469 3776 2543; baseline 0.002 -22"><span class='ocrx_word' id='word_1_516' title='bbox 2209 2469 2361 2535; x_wconf 82' lang='grc' dir='ltr'>Θεὸν,</span> <span class='ocrx_word' id='word_1_517' title='bbox 2401 2472 2568 2540; x_wconf 79' lang='grc' dir='ltr'>μικρᾷ</span> <span class='ocrx_word' id='word_1_518' title='bbox 2614 2470 2706 2522; x_wconf 71' lang='grc' dir='ltr'>καὶ</span> <span class='ocrx_word' id='word_1_519' title='bbox 2755 2474 2980 2543; x_wconf 81' lang='grc' dir='ltr'>ταπεινῇ</span> <span class='ocrx_word' id='word_1_520' title='bbox 3033 2472 3291 2543; x_wconf 79' lang='grc' dir='ltr'>κέχρηται</span> <span class='ocrx_word' id='word_1_521' title='bbox 3347 2474 3413 2543; x_wconf 80' lang='grc' dir='ltr'>τῇ</span> <span class='ocrx_word' id='word_1_522' title='bbox 3467 2475 3641 2542; x_wconf 79' lang='grc' dir='ltr'>φωνῇ,</span> <span class='ocrx_word' id='word_1_523' title='bbox 3699 2472 3776 2543; x_wconf 79' lang='grc' dir='ltr'>μὴ</span> 
     </span>
    </p>
   </div>
   <div class='ocr_carea' id='block_1_71' title="bbox 2210 2562 3777 2636">
    <p class='ocr_par' dir='ltr' id='par_1_71' title="bbox 2210 2562 3777 2636">
     <span class='ocr_line' id='line_1_72' title="bbox 2210 2562 3777 2636; baseline 0.002 -21"><span class='ocrx_word' id='word_1_524' title='bbox 2210 2562 2481 2636; x_wconf 78' lang='grc' dir='ltr'>φθανούσῃ</span> <span class='ocrx_word' id='word_1_525' title='bbox 2528 2563 2605 2626; x_wconf 77' lang='grc' dir='ltr'><strong>είς</strong></span> <span class='ocrx_word' id='word_1_526' title='bbox 2659 2562 2809 2632; x_wconf 73' lang='grc' dir='ltr'>ὕψος,</span> <span class='ocrx_word' id='word_1_527' title='bbox 2860 2564 2992 2634; x_wconf 83' lang='grc' dir='ltr'>μηδὲ</span> <span class='ocrx_word' id='word_1_528' title='bbox 3030 2566 3290 2636; x_wconf 76' lang='grc' dir='ltr'>ἐρχομένῃ</span> <span class='ocrx_word' id='word_1_529' title='bbox 3330 2567 3407 2629; x_wconf 89' lang='grc' dir='ltr'>εἰς</span> <span class='ocrx_word' id='word_1_530' title='bbox 3459 2566 3559 2628; x_wconf 83' lang='grc' dir='ltr'><strong>τὰς</strong></span> <span class='ocrx_word' id='word_1_531' title='bbox 3604 2566 3777 2630; x_wconf 75' lang='grc' dir='ltr'>ἀκοὰς</span> 
     </span>
    </p>
   </div>
   <div class='ocr_carea' id='block_1_72' title="bbox 2208 2652 3777 2726">
    <p class='ocr_par' dir='ltr' id='par_1_72' title="bbox 2208 2652 3777 2726">
     <span class='ocr_line' id='line_1_73' title="bbox 2208 2652 3777 2726; baseline 0.003 -20"><span class='ocrx_word' id='word_1_532' title='bbox 2208 2652 2301 2707; x_wconf 87' lang='grc' dir='ltr'><strong>τοῦ</strong></span> <span class='ocrx_word' id='word_1_533' title='bbox 2335 2654 2556 2725; x_wconf 88' lang='grc' dir='ltr'>Κυρίου.</span> <span class='ocrx_word' id='word_1_534' title='bbox 2594 2655 2689 2721; x_wconf 84' lang='grc' dir='ltr'>Τίς</span> <span class='ocrx_word' id='word_1_535' title='bbox 2710 2654 2961 2723; x_wconf 66' lang='grc' dir='ltr'>ὠφέλεια</span> <span class='ocrx_word' id='word_1_536' title='bbox 2986 2657 3054 2709; x_wconf 85' lang='grc' dir='ltr'><strong>ἐν</strong></span> <span class='ocrx_word' id='word_1_537' title='bbox 3083 2656 3159 2721; x_wconf 82' lang='grc' dir='ltr'>τῷ</span> <span class='ocrx_word' id='word_1_538' title='bbox 3195 2657 3395 2726; x_wconf 79' lang='grc' dir='ltr'>αἵματί</span> <span class='ocrx_word' id='word_1_539' title='bbox 3419 2675 3558 2725; x_wconf 84' lang='grc' dir='ltr'>μου,</span> <span class='ocrx_word' id='word_1_540' title='bbox 3591 2656 3663 2710; x_wconf 71' lang='grc' dir='ltr'>ἐν</span> <span class='ocrx_word' id='word_1_541' title='bbox 3695 2657 3777 2721; x_wconf 77' lang='grc' dir='ltr'>τῷ</span> 
     </span>
    </p>
   </div>
   <div class='ocr_carea' id='block_1_73' title="bbox 2209 2748 3773 2819">
    <p class='ocr_par' dir='ltr' id='par_1_73' title="bbox 2209 2748 3773 2819">
     <span class='ocr_line' id='line_1_74' title="bbox 2209 2748 3773 2819; baseline 0.001 -19"><span class='ocrx_word' id='word_1_542' title='bbox 2209 2748 2585 2802; x_wconf 77' lang='grc' dir='ltr'>καταϐαίνειν</span> <span class='ocrx_word' id='word_1_543' title='bbox 2627 2749 2740 2818; x_wconf 87' lang='grc'><strong>(70)</strong></span> <span class='ocrx_word' id='word_1_544' title='bbox 2795 2766 2870 2817; x_wconf 83' lang='grc' dir='ltr'><strong>με</strong></span> <span class='ocrx_word' id='word_1_545' title='bbox 2920 2751 3005 2814; x_wconf 73' lang='grc' dir='ltr'>εἰς</span> <span class='ocrx_word' id='word_1_546' title='bbox 3050 2748 3410 2818; x_wconf 67' lang='grc' dir='ltr'>διαφθοράν;</span> <span class='ocrx_word' id='word_1_547' title='bbox 3451 2750 3550 2814; x_wconf 86' lang='grc' dir='ltr'><strong>Τί,</strong></span> <span class='ocrx_word' id='word_1_548' title='bbox 3586 2750 3773 2819; x_wconf 77' lang='grc' dir='ltr'>φησὶν,</span> 
     </span>
    </p>
   </div>
   <div class='ocr_carea' id='block_1_74' title="bbox 2211 2838 3773 2911">
    <p class='ocr_par' dir='ltr' id='par_1_74' title="bbox 2211 2838 3773 2911">
     <span class='ocr_line' id='line_1_75' title="bbox 2211 2838 3773 2911; baseline 0.001 -21"><span class='ocrx_word' id='word_1_549' title='bbox 2211 2839 2506 2911; x_wconf 78' lang='grc' dir='ltr'>ἐκέκραξα;</span> <span class='ocrx_word' id='word_1_550' title='bbox 2553 2840 2642 2892; x_wconf 73' lang='grc' dir='ltr'><strong>καὶ</strong></span> <span class='ocrx_word' id='word_1_551' title='bbox 2687 2841 2813 2910; x_wconf 75' lang='grc' dir='ltr'>περὶ</span> <span class='ocrx_word' id='word_1_552' title='bbox 2847 2839 2988 2903; x_wconf 90' lang='grc' dir='ltr'>τίνος</span> <span class='ocrx_word' id='word_1_553' title='bbox 3017 2838 3236 2910; x_wconf 79' lang='grc' dir='ltr'>ἐδεήθην</span> <span class='ocrx_word' id='word_1_554' title='bbox 3265 2841 3400 2911; x_wconf 84' lang='grc' dir='ltr'>πρὸς</span> <span class='ocrx_word' id='word_1_555' title='bbox 3434 2839 3493 2893; x_wconf 76' lang='grc' dir='ltr'>σὲ</span> <span class='ocrx_word' id='word_1_556' title='bbox 3533 2840 3627 2893; x_wconf 75' lang='grc' dir='ltr'><strong>τὸν</strong></span> <span class='ocrx_word' id='word_1_557' title='bbox 3659 2840 3773 2895; x_wconf 83' lang='grc' dir='ltr'><strong>Κύ-</strong></span> 
     </span>
    </p>
   </div>
   <div class='ocr_carea' id='block_1_75' title="bbox 2213 2931 3772 3004">
    <p class='ocr_par' dir='ltr' id='par_1_75' title="bbox 2213 2931 3772 3004">
     <span class='ocr_line' id='line_1_76' title="bbox 2213 2931 3772 3004; baseline -0.001 -21"><span class='ocrx_word' id='word_1_558' title='bbox 2213 2934 2323 3001; x_wconf 84' lang='grc' dir='ltr'>ριόν</span> <span class='ocrx_word' id='word_1_559' title='bbox 2369 2949 2467 3002; x_wconf 83' lang='grc' dir='ltr'><strong>μου</strong></span> <span class='ocrx_word' id='word_1_560' title='bbox 2512 2933 2603 2985; x_wconf 71' lang='grc' dir='ltr'><strong>καὶ</strong></span> <span class='ocrx_word' id='word_1_561' title='bbox 2647 2932 2735 2984; x_wconf 80' lang='grc' dir='ltr'><strong>τὸν</strong></span> <span class='ocrx_word' id='word_1_562' title='bbox 2776 2931 2906 2984; x_wconf 78' lang='grc' dir='ltr'>Θεὸν</span> <span class='ocrx_word' id='word_1_563' title='bbox 2955 2947 3095 3002; x_wconf 83' lang='grc' dir='ltr'>μου;</span> <span class='ocrx_word' id='word_1_564' title='bbox 3139 2932 3230 2996; x_wconf 89' lang='grc' dir='ltr'>Τίς</span> <span class='ocrx_word' id='word_1_565' title='bbox 3260 2949 3347 3003; x_wconf 88' lang='grc' dir='ltr'><strong>μοι</strong></span> <span class='ocrx_word' id='word_1_566' title='bbox 3392 2934 3570 3004; x_wconf 85' lang='grc' dir='ltr'>χρεία,</span> <span class='ocrx_word' id='word_1_567' title='bbox 3618 2933 3772 3002; x_wconf 73' lang='grc' dir='ltr'>φησὶ,</span> 
     </span>
    </p>
   </div>
   <div class='ocr_carea' id='block_1_76' title="bbox 2213 3024 3775 3096">
    <p class='ocr_par' dir='ltr' id='par_1_76' title="bbox 2213 3024 3775 3096">
     <span class='ocr_line' id='line_1_77' title="bbox 2213 3024 3775 3096; baseline 0.003 -21"><span class='ocrx_word' id='word_1_568' title='bbox 2213 3025 2411 3095; x_wconf 85' lang='grc' dir='ltr'>σαρκὸς</span> <span class='ocrx_word' id='word_1_569' title='bbox 2442 3024 2731 3086; x_wconf 82' lang='grc' dir='ltr'>εὐπαθείας</span> <span class='ocrx_word' id='word_1_570' title='bbox 2780 3024 2871 3077; x_wconf 74' lang='grc' dir='ltr'><strong>καὶ</strong></span> <span class='ocrx_word' id='word_1_571' title='bbox 2917 3025 3143 3094; x_wconf 80' lang='grc' dir='ltr'>αἵματος</span> <span class='ocrx_word' id='word_1_572' title='bbox 3183 3024 3449 3095; x_wconf 81' lang='grc' dir='ltr'>πλήθους,</span> <span class='ocrx_word' id='word_1_573' title='bbox 3494 3026 3775 3096; x_wconf 79' lang='grc' dir='ltr'>μέλλοντος</span> 
     </span>
    </p>
   </div>
   <div class='ocr_carea' id='block_1_77' title="bbox 2212 3115 3773 3187">
    <p class='ocr_par' dir='ltr' id='par_1_77' title="bbox 2212 3115 3773 3187">
     <span class='ocr_line' id='line_1_78' title="bbox 2212 3115 3773 3187; baseline 0.001 -20"><span class='ocrx_word' id='word_1_574' title='bbox 2212 3116 2332 3168; x_wconf 84' lang='grc' dir='ltr'>ὅσον</span> <span class='ocrx_word' id='word_1_575' title='bbox 2354 3115 2559 3168; x_wconf 71' lang='grc' dir='ltr'>οὐδέπω</span> <span class='ocrx_word' id='word_1_576' title='bbox 2591 3116 2969 3186; x_wconf 86' lang='grc' dir='ltr'>παραδίδοσθαι</span> <span class='ocrx_word' id='word_1_577' title='bbox 3004 3118 3066 3186; x_wconf 84' lang='grc' dir='ltr'>τῇ</span> <span class='ocrx_word' id='word_1_578' title='bbox 3100 3120 3248 3187; x_wconf 83' lang='grc' dir='ltr'>κοινῇ</span> <span class='ocrx_word' id='word_1_579' title='bbox 3283 3116 3518 3170; x_wconf 79' lang='grc' dir='ltr'>διαλύσει</span> <span class='ocrx_word' id='word_1_580' title='bbox 3546 3118 3640 3170; x_wconf 89' lang='grc' dir='ltr'><strong>τοῦ</strong></span> <span class='ocrx_word' id='word_1_581' title='bbox 3672 3118 3773 3171; x_wconf 78' lang='grc' dir='ltr'><strong>σὼο</strong></span> 
     </span>
    </p>
   </div>
   <div class='ocr_carea' id='block_1_78' title="bbox 2220 3206 3771 3280">
    <p class='ocr_par' dir='ltr' id='par_1_78' title="bbox 2220 3206 3771 3280">
     <span class='ocr_line' id='line_1_79' title="bbox 2220 3206 3771 3280; baseline 0.002 -19"><span class='ocrx_word' id='word_1_582' title='bbox 2220 3225 2416 3279; x_wconf 87' lang='grc' dir='ltr'>ματος;</span> <span class='ocrx_word' id='word_1_583' title='bbox 2465 3209 2613 3261; x_wconf 80' lang='grc' dir='ltr'><strong>Ἀλλ’</strong></span> <span class='ocrx_word' id='word_1_584' title='bbox 2660 3207 2967 3267; x_wconf 76' lang='grc' dir='ltr'>ὑπωπιάζω</span> <span class='ocrx_word' id='word_1_585' title='bbox 3006 3206 3114 3278; x_wconf 82' lang='lat' dir='ltr'><strong>(7i)</strong></span> <span class='ocrx_word' id='word_1_586' title='bbox 3155 3227 3273 3277; x_wconf 85' lang='grc' dir='ltr'><strong>μου</strong></span> <span class='ocrx_word' id='word_1_587' title='bbox 3322 3209 3387 3262; x_wconf 83' lang='grc' dir='ltr'>τὸ</span> <span class='ocrx_word' id='word_1_588' title='bbox 3424 3210 3625 3280; x_wconf 84' lang='grc' dir='ltr'>σῶμα,</span> <span class='ocrx_word' id='word_1_589' title='bbox 3675 3212 3771 3264; x_wconf 75' lang='grc' dir='ltr'>καὶ</span> 
     </span>
    </p>
   </div>
   <div class='ocr_carea' id='block_1_79' title="bbox 2215 3300 3776 3372">
    <p class='ocr_par' dir='ltr' id='par_1_79' title="bbox 2215 3300 3776 3372">
     <span class='ocr_line' id='line_1_80' title="bbox 2215 3300 3776 3372; baseline 0 -18"><span class='ocrx_word' id='word_1_590' title='bbox 2215 3300 2585 3369; x_wconf 73' lang='grc' dir='ltr'>δουλαγωγῶ,</span> <span class='ocrx_word' id='word_1_591' title='bbox 2636 3302 2827 3371; x_wconf 82' lang='grc' dir='ltr'>μήπως</span> <span class='ocrx_word' id='word_1_592' title='bbox 2886 3300 3228 3365; x_wconf 84' lang='grc' dir='ltr'>εὐεκτοῦντος</span> <span class='ocrx_word' id='word_1_593' title='bbox 3280 3302 3374 3355; x_wconf 76' lang='grc' dir='ltr'><strong>καὶ</strong></span> <span class='ocrx_word' id='word_1_594' title='bbox 3422 3302 3776 3372; x_wconf 76' lang='grc' dir='ltr'>ὑπερζέοντὸς</span> 
     </span>
    </p>
   </div>
   <div class='ocr_carea' id='block_1_80' title="bbox 2220 3393 3775 3466">
    <p class='ocr_par' dir='ltr' id='par_1_80' title="bbox 2220 3393 3775 3466">
     <span class='ocr_line' id='line_1_81' title="bbox 2220 3393 3775 3466; baseline -0.001 -19"><span class='ocrx_word' id='word_1_595' title='bbox 2220 3413 2307 3466; x_wconf 86' lang='grc' dir='ltr'><strong>μοι</strong></span> <span class='ocrx_word' id='word_1_596' title='bbox 2338 3393 2431 3447; x_wconf 91' lang='grc' dir='ltr'><strong>τοῦ</strong></span> <span class='ocrx_word' id='word_1_597' title='bbox 2462 3394 2709 3464; x_wconf 82' lang='grc' dir='ltr'>αἵματος,</span> <span class='ocrx_word' id='word_1_598' title='bbox 2748 3394 2964 3464; x_wconf 68' lang='grc' dir='ltr'>ἀφορμὴ</span> <span class='ocrx_word' id='word_1_599' title='bbox 2994 3394 3125 3465; x_wconf 85' lang='grc' dir='ltr'>πρὸς</span> <span class='ocrx_word' id='word_1_600' title='bbox 3149 3394 3420 3465; x_wconf 80' lang='grc' dir='ltr'>ἁμαρτίαν</span> <span class='ocrx_word' id='word_1_601' title='bbox 3447 3398 3479 3465; x_wconf 81' lang='grc' dir='ltr'><strong>η</strong></span> <span class='ocrx_word' id='word_1_602' title='bbox 3508 3394 3775 3464; x_wconf 83' lang='grc' dir='ltr'>πολυσαρ-</span> 
     </span>
    </p>
   </div>
   <div class='ocr_carea' id='block_1_81' title="bbox 2216 3485 3776 3558">
    <p class='ocr_par' dir='ltr' id='par_1_81' title="bbox 2216 3485 3776 3558">
     <span class='ocr_line' id='line_1_82' title="bbox 2216 3485 3776 3558; baseline -0.002 -18"><span class='ocrx_word' id='word_1_603' title='bbox 2216 3488 2308 3540; x_wconf 86' lang='grc' dir='ltr'><strong>κία</strong></span> <span class='ocrx_word' id='word_1_604' title='bbox 2347 3488 2585 3557; x_wconf 85' lang='grc' dir='ltr'>γένηται.</span> <span class='ocrx_word' id='word_1_605' title='bbox 2617 3486 2706 3555; x_wconf 80' lang='grc' dir='ltr'><strong>Μὴ</strong></span> <span class='ocrx_word' id='word_1_606' title='bbox 2731 3485 2988 3538; x_wconf 79' lang='grc' dir='ltr'>κολάκευέ</span> <span class='ocrx_word' id='word_1_607' title='bbox 3014 3503 3104 3538; x_wconf 87' lang='grc' dir='ltr'><strong>σου</strong></span> <span class='ocrx_word' id='word_1_608' title='bbox 3137 3486 3234 3556; x_wconf 80' lang='grc' dir='ltr'>τὴν</span> <span class='ocrx_word' id='word_1_609' title='bbox 3271 3487 3445 3558; x_wconf 84' lang='grc' dir='ltr'>σάρκα</span> <span class='ocrx_word' id='word_1_610' title='bbox 3470 3486 3654 3549; x_wconf 80' lang='grc' dir='ltr'>ῦπνοις</span> <span class='ocrx_word' id='word_1_611' title='bbox 3682 3486 3776 3538; x_wconf 66' lang='grc' dir='ltr'><strong>καί¹</strong></span> 
     </span>
    </p>
   </div>
   <div class='ocr_carea' id='block_1_82' title="bbox 2214 3579 3777 3652">
    <p class='ocr_par' dir='ltr' id='par_1_82' title="bbox 2214 3579 3777 3652">
     <span class='ocr_line' id='line_1_83' title="bbox 2214 3579 3777 3652; baseline -0.001 -20"><span class='ocrx_word' id='word_1_612' title='bbox 2214 3580 2455 3652; x_wconf 84' lang='grc' dir='ltr'>λουτροῖς</span> <span class='ocrx_word' id='word_1_613' title='bbox 2497 3580 2590 3631; x_wconf 69' lang='grc' dir='ltr'>καὶ</span> <span class='ocrx_word' id='word_1_614' title='bbox 2630 3579 2888 3649; x_wconf 84' lang='grc' dir='ltr'>μαλακοῖς</span> <span class='ocrx_word' id='word_1_615' title='bbox 2913 3579 3223 3649; x_wconf 83' lang='grc' dir='ltr'>στρώμασιν</span> <span class='ocrx_word' id='word_1_616' title='bbox 3247 3620 3260 3645; x_wconf 96' lang='grc'><strong>,</strong></span> <span class='ocrx_word' id='word_1_617' title='bbox 3302 3580 3389 3631; x_wconf 76' lang='grc' dir='ltr'><strong>ἀεὶ</strong></span> <span class='ocrx_word' id='word_1_618' title='bbox 3422 3579 3684 3645; x_wconf 78' lang='grc' dir='ltr'>ἐπιλέγων</span> <span class='ocrx_word' id='word_1_619' title='bbox 3714 3579 3777 3631; x_wconf 80' lang='grc' dir='ltr'>τὸ</span> 
     </span>
    </p>
   </div>
   <div class='ocr_carea' id='block_1_83' title="bbox 2217 3668 3776 3742">
    <p class='ocr_par' dir='ltr' id='par_1_83' title="bbox 2217 3668 3776 3742">
     <span class='ocr_line' id='line_1_84' title="bbox 2217 3668 3776 3742; baseline -0.001 -18"><span class='ocrx_word' id='word_1_620' title='bbox 2217 3673 2365 3742; x_wconf 73' lang='grc' dir='ltr'>ῥῆμα</span> <span class='ocrx_word' id='word_1_621' title='bbox 2394 3671 2553 3723; x_wconf 88' lang='grc' dir='ltr'>τοῦτο</span> <span class='ocrx_word' id='word_1_622' title='bbox 2574 3689 2586 3702; x_wconf 73' lang='grc' dir='ltr'><strong><em>ο</em></strong></span> <span class='ocrx_word' id='word_1_623' title='bbox 2624 3671 2715 3736; x_wconf 76' lang='grc' dir='ltr'>Τίς</span> <span class='ocrx_word' id='word_1_624' title='bbox 2742 3671 2991 3738; x_wconf 65' lang='grc' dir='ltr'>ὠφέλεια</span> <span class='ocrx_word' id='word_1_625' title='bbox 3017 3670 3085 3722; x_wconf 81' lang='grc' dir='ltr'><strong>ἐν</strong></span> <span class='ocrx_word' id='word_1_626' title='bbox 3115 3668 3194 3734; x_wconf 82' lang='grc' dir='ltr'><strong>τῷ</strong></span> <span class='ocrx_word' id='word_1_627' title='bbox 3221 3671 3419 3737; x_wconf 78' lang='grc' dir='ltr'>αἵματί</span> <span class='ocrx_word' id='word_1_628' title='bbox 3431 3688 3568 3739; x_wconf 83' lang='grc' dir='ltr'>μου,</span> <span class='ocrx_word' id='word_1_629' title='bbox 3601 3672 3671 3723; x_wconf 79' lang='grc' dir='ltr'><strong>ἐν</strong></span> <span class='ocrx_word' id='word_1_630' title='bbox 3702 3671 3776 3735; x_wconf 79' lang='grc' dir='ltr'>τῷ</span> 
     </span>
    </p>
   </div>
   <div class='ocr_carea' id='block_1_84' title="bbox 2214 3760 3777 3831">
    <p class='ocr_par' dir='ltr' id='par_1_84' title="bbox 2214 3760 3777 3831">
     <span class='ocr_line' id='line_1_85' title="bbox 2214 3760 3777 3831; baseline -0.001 -16"><span class='ocrx_word' id='word_1_631' title='bbox 2214 3763 2587 3815; x_wconf 75' lang='grc' dir='ltr'>καταϐαίνειν</span> <span class='ocrx_word' id='word_1_632' title='bbox 2633 3779 2708 3829; x_wconf 80' lang='grc' dir='ltr'><strong>με</strong></span> <span class='ocrx_word' id='word_1_633' title='bbox 2748 3764 2832 3826; x_wconf 84' lang='grc' dir='ltr'>εὶς</span> <span class='ocrx_word' id='word_1_634' title='bbox 2878 3760 3239 3829; x_wconf 67' lang='grc' dir='ltr'>διαφθοράν;</span> <span class='ocrx_word' id='word_1_635' title='bbox 3290 3762 3352 3812; x_wconf 92' lang='grc' dir='ltr'>Τί</span> <span class='ocrx_word' id='word_1_636' title='bbox 3393 3762 3672 3831; x_wconf 83' lang='grc' dir='ltr'>περιέπεις</span> <span class='ocrx_word' id='word_1_637' title='bbox 3717 3762 3777 3813; x_wconf 85' lang='grc' dir='ltr'><strong>τὸ</strong></span> 
     </span>
    </p>
   </div>
   <div class='ocr_carea' id='block_1_85' title="bbox 2217 3850 3778 3923">
    <p class='ocr_par' dir='ltr' id='par_1_85' title="bbox 2217 3850 3778 3923">
     <span class='ocr_line' id='line_1_86' title="bbox 2217 3850 3778 3923; baseline -0.001 -18"><span class='ocrx_word' id='word_1_638' title='bbox 2217 3853 2409 3923; x_wconf 77' lang='grc' dir='ltr'>μικρὸν</span> <span class='ocrx_word' id='word_1_639' title='bbox 2440 3852 2659 3923; x_wconf 78' lang='grc' dir='ltr'>ὕστερον</span> <span class='ocrx_word' id='word_1_640' title='bbox 2685 3850 3125 3922; x_wconf 80' lang='grc' dir='ltr'>φθαρησόμενον;</span> <span class='ocrx_word' id='word_1_641' title='bbox 3152 3850 3202 3903; x_wconf 91' lang='grc' dir='ltr'><strong>τί</strong></span> <span class='ocrx_word' id='word_1_642' title='bbox 3228 3852 3601 3914; x_wconf 78' lang='grc' dir='ltr'>καταπιαίνεις</span> <span class='ocrx_word' id='word_1_643' title='bbox 3627 3869 3778 3903; x_wconf 87' lang='grc' dir='ltr'>σεαυ-</span> 
     </span>
    </p>
   </div>
   <div class='ocr_carea' id='block_1_86' title="bbox 2212 3942 3775 4014">
    <p class='ocr_par' dir='ltr' id='par_1_86' title="bbox 2212 3942 3775 4014">
     <span class='ocr_line' id='line_1_87' title="bbox 2212 3942 3775 4014; baseline -0.003 -16"><span class='ocrx_word' id='word_1_644' title='bbox 2212 3945 2301 3998; x_wconf 86' lang='grc' dir='ltr'><strong>τὸν</strong></span> <span class='ocrx_word' id='word_1_645' title='bbox 2333 3944 2426 3998; x_wconf 71' lang='grc' dir='ltr'><strong>καὶ</strong></span> <span class='ocrx_word' id='word_1_646' title='bbox 2453 3946 2835 4014; x_wconf 88' lang='grc' dir='ltr'>περισαρκοῖς;</span> <span class='ocrx_word' id='word_1_647' title='bbox 2873 3944 2943 3994; x_wconf 88' lang='grc' dir='ltr'>Ἣ</span> <span class='ocrx_word' id='word_1_648' title='bbox 2971 3942 3207 4011; x_wconf 69' lang='grc' dir='ltr'>ἀγνοεῖς,</span> <span class='ocrx_word' id='word_1_649' title='bbox 3234 3942 3313 3995; x_wconf 82' lang='grc' dir='ltr'><strong>ὅτι</strong></span> <span class='ocrx_word' id='word_1_650' title='bbox 3341 3942 3448 4012; x_wconf 83' lang='grc' dir='ltr'>ὅσῳ</span> <span class='ocrx_word' id='word_1_651' title='bbox 3469 3942 3775 4013; x_wconf 78' lang='grc' dir='ltr'>παχυτέραν</span> 
     </span>
    </p>
   </div>
   <div class='ocr_carea' id='block_1_87' title="bbox 2212 4033 3774 4108">
    <p class='ocr_par' dir='ltr' id='par_1_87' title="bbox 2212 4033 3774 4108">
     <span class='ocr_line' id='line_1_88' title="bbox 2212 4033 3774 4108; baseline -0.003 -19"><span class='ocrx_word' id='word_1_652' title='bbox 2212 4037 2310 4108; x_wconf 79' lang='grc' dir='ltr'>τὴν</span> <span class='ocrx_word' id='word_1_653' title='bbox 2350 4037 2524 4107; x_wconf 85' lang='grc' dir='ltr'>σάρκα</span> <span class='ocrx_word' id='word_1_654' title='bbox 2577 4035 2784 4105; x_wconf 83' lang='grc' dir='ltr'>σεαυτῷ</span> <span class='ocrx_word' id='word_1_655' title='bbox 2839 4036 3028 4097; x_wconf 86' lang='grc' dir='ltr'>ποιεῖς,</span> <span class='ocrx_word' id='word_1_656' title='bbox 3083 4033 3317 4104; x_wconf 79' lang='grc' dir='ltr'>τοσούτῳ</span> <span class='ocrx_word' id='word_1_657' title='bbox 3363 4033 3657 4103; x_wconf 74' lang='grc' dir='ltr'>βαρύτερον</span> <span class='ocrx_word' id='word_1_658' title='bbox 3708 4036 3774 4104; x_wconf 80' lang='grc' dir='ltr'>τῇ</span> 
     </span>
    </p>
   </div>
   <div class='ocr_carea' id='block_1_88' title="bbox 2212 4124 3776 4197">
    <p class='ocr_par' dir='ltr' id='par_1_88' title="bbox 2212 4124 3776 4197">
     <span class='ocr_line' id='line_1_89' title="bbox 2212 4124 3776 4197; baseline -0.001 -18"><span class='ocrx_word' id='word_1_659' title='bbox 2212 4126 2353 4197; x_wconf 73' lang='grc' dir='ltr'>ψυχῇ</span> <span class='ocrx_word' id='word_1_660' title='bbox 2389 4125 2810 4190; x_wconf 78' lang='grc' dir='ltr'>κατασκευάζεις</span> <span class='ocrx_word' id='word_1_661' title='bbox 2848 4126 2908 4178; x_wconf 88' lang='grc' dir='ltr'><strong>τὸ</strong></span> <span class='ocrx_word' id='word_1_662' title='bbox 2945 4125 3343 4196; x_wconf 83' lang='grc' dir='ltr'>δεσμωτήριον;</span> <span class='ocrx_word' id='word_1_663' title='bbox 3376 4124 3470 4193; x_wconf 79' lang='grc' dir='ltr'><strong>Μὴ</strong></span> <span class='ocrx_word' id='word_1_664' title='bbox 3498 4125 3776 4194; x_wconf 74' lang='grc' dir='ltr'>ἐξομολρο</span> 
     </span>
    </p>
   </div>
   <div class='ocr_carea' id='block_1_89' title="bbox 2214 4218 3776 4290">
    <p class='ocr_par' dir='ltr' id='par_1_89' title="bbox 2214 4218 3776 4290">
     <span class='ocr_line' id='line_1_90' title="bbox 2214 4218 3776 4290; baseline 0 -18"><span class='ocrx_word' id='word_1_665' title='bbox 2214 4220 2459 4290; x_wconf 78' lang='grc' dir='ltr'>γήσεταί</span> <span class='ocrx_word' id='word_1_666' title='bbox 2479 4237 2575 4274; x_wconf 86' lang='grc' dir='ltr'><strong>σοι</strong></span> <span class='ocrx_word' id='word_1_667' title='bbox 2597 4218 2762 4290; x_wconf 80' lang='grc' dir='ltr'>χοῦς,</span> <span class='ocrx_word' id='word_1_668' title='bbox 2794 4221 2832 4287; x_wconf 77' lang='grc' dir='ltr'><strong><em>ἢ</em></strong></span> <span class='ocrx_word' id='word_1_669' title='bbox 2858 4218 3175 4288; x_wconf 81' lang='grc' dir='ltr'>ἀναγγελεῖ</span> <span class='ocrx_word' id='word_1_670' title='bbox 3188 4218 3300 4286; x_wconf 83' lang='grc' dir='ltr'><strong>τὴν</strong></span> <span class='ocrx_word' id='word_1_671' title='bbox 3319 4218 3604 4284; x_wconf 72' lang='grc' dir='ltr'>ἀλήθειάν</span> <span class='ocrx_word' id='word_1_672' title='bbox 3622 4234 3737 4271; x_wconf 82' lang='grc' dir='ltr'><strong>σου</strong></span> <span class='ocrx_word' id='word_1_673' title='bbox 3754 4236 3776 4281; x_wconf 86' lang='grc'><strong><em>;</em></strong></span> 
     </span>
    </p>
   </div>
   <div class='ocr_carea' id='block_1_90' title="bbox 2213 4308 3773 4384">
    <p class='ocr_par' dir='ltr' id='par_1_90' title="bbox 2213 4308 3773 4384">
     <span class='ocr_line' id='line_1_91' title="bbox 2213 4308 3773 4384; baseline -0.001 -19"><span class='ocrx_word' id='word_1_674' title='bbox 2213 4314 2337 4376; x_wconf 83' lang='grc' dir='ltr'>Πῶς</span> <span class='ocrx_word' id='word_1_675' title='bbox 2381 4313 2486 4384; x_wconf 83' lang='grc' dir='ltr'>γὰρ</span> <span class='ocrx_word' id='word_1_676' title='bbox 2538 4314 2565 4365; x_wconf 86' lang='grc' dir='ltr'>ὁ</span> <span class='ocrx_word' id='word_1_677' title='bbox 2620 4311 2798 4382; x_wconf 78' lang='grc' dir='ltr'>χοῖκδς</span> <span class='ocrx_word' id='word_1_678' title='bbox 2851 4310 3134 4382; x_wconf 84' lang='grc' dir='ltr'>ἄνθρωπος</span> <span class='ocrx_word' id='word_1_679' title='bbox 3164 4311 3256 4363; x_wconf 76' lang='grc' dir='ltr'><strong>καὶ</strong></span> <span class='ocrx_word' id='word_1_680' title='bbox 3292 4311 3541 4381; x_wconf 85' lang='grc' dir='ltr'>σάρκινος</span> <span class='ocrx_word' id='word_1_681' title='bbox 3584 4308 3773 4380; x_wconf 82' lang='grc' dir='ltr'>ἐξομο-</span> 
     </span>
    </p>
   </div>
   <div class='ocr_carea' id='block_1_91' title="bbox 2213 4401 3776 4476">
    <p class='ocr_par' dir='ltr' id='par_1_91' title="bbox 2213 4401 3776 4476">
     <span class='ocr_line' id='line_1_92' title="bbox 2213 4401 3776 4476; baseline -0.003 -17"><span class='ocrx_word' id='word_1_682' title='bbox 2213 4404 2497 4476; x_wconf 86' lang='grc' dir='ltr'>λογήσεταί</span> <span class='ocrx_word' id='word_1_683' title='bbox 2539 4419 2619 4457; x_wconf 93' lang='grc' dir='ltr'><strong>σοι</strong></span> <span class='ocrx_word' id='word_1_684' title='bbox 2668 4403 2744 4473; x_wconf 82' lang='grc' dir='ltr'><strong>τῷ</strong></span> <span class='ocrx_word' id='word_1_685' title='bbox 2773 4401 2925 4473; x_wconf 84' lang='grc' dir='ltr'><strong>Θεῷ;</strong></span> <span class='ocrx_word' id='word_1_686' title='bbox 2980 4401 3096 4465; x_wconf 83' lang='grc' dir='ltr'><strong>πῶς</strong></span> <span class='ocrx_word' id='word_1_687' title='bbox 3145 4402 3201 4454; x_wconf 82' lang='grc' dir='ltr'>δὲ</span> <span class='ocrx_word' id='word_1_688' title='bbox 3242 4401 3334 4454; x_wconf 77' lang='grc' dir='ltr'><strong>καὶ</strong></span> <span class='ocrx_word' id='word_1_689' title='bbox 3367 4401 3655 4469; x_wconf 82' lang='grc' dir='ltr'>ἀναγγελεῖ</span> <span class='ocrx_word' id='word_1_690' title='bbox 3679 4402 3776 4470; x_wconf 82' lang='grc' dir='ltr'>τὴν</span> 
     </span>
    </p>
   </div>
   <div class='ocr_carea' id='block_1_92' title="bbox 567 4490 2114 4569">
    <p class='ocr_par' dir='ltr' id='par_1_92' title="bbox 567 4490 2114 4559">
     <span class='ocr_line' id='line_1_93' title="bbox 567 4490 2114 4559; baseline 0.003 -12"><span class='ocrx_word' id='word_1_691' title='bbox 567 4493 867 4548; x_wconf 86' lang='lat' dir='ltr'><strong>coalescere</strong></span> <span class='ocrx_word' id='word_1_692' title='bbox 892 4491 1048 4555; x_wconf 89' lang='lat' dir='ltr'><strong>solet,</strong></span> <span class='ocrx_word' id='word_1_693' title='bbox 1090 4499 1148 4544; x_wconf 91' lang='lat' dir='ltr'><strong>ut</strong></span> <span class='ocrx_word' id='word_1_694' title='bbox 1179 4490 1620 4559; x_wconf 87' lang='lat' dir='ltr'><strong>impedimentum</strong></span> <span class='ocrx_word' id='word_1_695' title='bbox 1651 4491 1854 4545; x_wconf 90' lang='lat' dir='ltr'><strong>nullum</strong></span> <span class='ocrx_word' id='word_1_696' title='bbox 1888 4495 2019 4549; x_wconf 91' lang='lat' dir='ltr'><strong>mihi</strong></span> <span class='ocrx_word' id='word_1_697' title='bbox 2048 4497 2114 4551; x_wconf 92' lang='lat' dir='ltr'><strong>sit</strong></span> 
     </span>
    </p>
   </div>
   <div class='ocr_carea' id='block_1_93' title="bbox 2211 4490 3775 4569">
    <p class='ocr_par' dir='ltr' id='par_1_93' title="bbox 2217 4492 3775 4569">
     <span class='ocr_line' id='line_1_94' title="bbox 2217 4492 3775 4569; baseline -0.005 -18"><span class='ocrx_word' id='word_1_698' title='bbox 2217 4498 2468 4569; x_wconf 86' lang='grc' dir='ltr'>ἀλήθειαν</span> <span class='ocrx_word' id='word_1_699' title='bbox 2509 4496 2622 4565; x_wconf 77' lang='grc'>(72)</span> <span class='ocrx_word' id='word_1_700' title='bbox 2672 4498 2700 4548; x_wconf 87' lang='grc' dir='ltr'>ὁ</span> <span class='ocrx_word' id='word_1_701' title='bbox 2752 4496 2886 4566; x_wconf 87' lang='grc' dir='ltr'>μήτε</span> <span class='ocrx_word' id='word_1_702' title='bbox 2938 4492 3217 4564; x_wconf 83' lang='grc' dir='ltr'>μαθήμασι</span> <span class='ocrx_word' id='word_1_703' title='bbox 3251 4493 3437 4565; x_wconf 80' lang='grc' dir='ltr'>καιρὸν</span> <span class='ocrx_word' id='word_1_704' title='bbox 3477 4493 3632 4557; x_wconf 78' lang='grc' dir='ltr'>δοὺς,</span> <span class='ocrx_word' id='word_1_705' title='bbox 3684 4494 3775 4546; x_wconf 70' lang='grc' dir='ltr'><strong>καὶ</strong></span> 
     </span>
    </p>
   </div>
   <div class='ocr_carea' id='block_1_94' title="bbox 570 4582 2116 4655">
    <p class='ocr_par' dir='ltr' id='par_1_94' title="bbox 570 4582 2116 4655">
     <span class='ocr_line' id='line_1_95' title="bbox 570 4582 2116 4655; baseline 0.003 -15"><span class='ocrx_word' id='word_1_706' title='bbox 570 4587 639 4641; x_wconf 91' lang='lat' dir='ltr'><strong>ad</strong></span> <span class='ocrx_word' id='word_1_707' title='bbox 667 4585 1084 4647; x_wconf 86' lang='lat' dir='ltr'><strong>confessionem,</strong></span> <span class='ocrx_word' id='word_1_708' title='bbox 1113 4596 1285 4651; x_wconf 90' lang='lat' dir='ltr'><strong>neque</strong></span> <span class='ocrx_word' id='word_1_709' title='bbox 1312 4582 1380 4635; x_wconf 88' lang='lat' dir='ltr'><strong>ad</strong></span> <span class='ocrx_word' id='word_1_710' title='bbox 1412 4582 1655 4637; x_wconf 88' lang='lat' dir='ltr'><strong>veritatis</strong></span> <span class='ocrx_word' id='word_1_711' title='bbox 1688 4583 2116 4655; x_wconf 87' lang='lat' dir='ltr'><strong>intelligentiam.</strong></span> 
     </span>
    </p>
   </div>
   <div class='ocr_carea' id='block_1_95' title="bbox 2222 4584 3773 4660">
    <p class='ocr_par' dir='ltr' id='par_1_95' title="bbox 2222 4584 3773 4660">
     <span class='ocr_line' id='line_1_96' title="bbox 2222 4584 3773 4660; baseline -0.007 -15"><span class='ocrx_word' id='word_1_712' title='bbox 2222 4594 2279 4645; x_wconf 89' lang='grc' dir='ltr'><strong>ἐν</strong></span> <span class='ocrx_word' id='word_1_713' title='bbox 2307 4590 2539 4659; x_wconf 80' lang='grc' dir='ltr'>τοσούτῳ</span> <span class='ocrx_word' id='word_1_714' title='bbox 2575 4588 2727 4660; x_wconf 84' lang='grc' dir='ltr'>βάρει</span> <span class='ocrx_word' id='word_1_715' title='bbox 2770 4587 2868 4657; x_wconf 78' lang='grc' dir='ltr'>τῆς</span> <span class='ocrx_word' id='word_1_716' title='bbox 2909 4586 3106 4655; x_wconf 74' lang='grc' dir='ltr'>σαρκὸς</span> <span class='ocrx_word' id='word_1_717' title='bbox 3133 4584 3222 4638; x_wconf 79' lang='grc' dir='ltr'><strong>τὸν</strong></span> <span class='ocrx_word' id='word_1_718' title='bbox 3261 4584 3386 4637; x_wconf 81' lang='grc' dir='ltr'>νοῦν</span> <span class='ocrx_word' id='word_1_719' title='bbox 3421 4584 3611 4637; x_wconf 79' lang='grc' dir='ltr'>ἑαυτοῦ</span> <span class='ocrx_word' id='word_1_720' title='bbox 3648 4602 3773 4652; x_wconf 87' lang='grc' dir='ltr'>συγ-</span> 
     </span>
    </p>
   </div>
   <div class='ocr_carea' id='block_1_96' title="bbox 564 4676 3775 4759">
    <p class='ocr_par' dir='ltr' id='par_1_96' title="bbox 564 4676 3775 4759">
     <span class='ocr_line' id='line_1_97' title="bbox 564 4676 3775 4759; baseline -0.005 -15"><span class='ocrx_word' id='word_1_721' title='bbox 564 4682 905 4753; x_wconf 75' lang='grc' dir='ltr'>κεχωσμένον</span> <span class='ocrx_word' id='word_1_722' title='bbox 932 4681 1101 4751; x_wconf 75' lang='grc' dir='ltr'>ἔχωνς</span> <span class='ocrx_word' id='word_1_723' title='bbox 1141 4678 1238 4731; x_wconf 77' lang='grc' dir='ltr'><strong>Αιά</strong></span> <span class='ocrx_word' id='word_1_724' title='bbox 1265 4676 1419 4730; x_wconf 63' lang='grc' dir='ltr'>τοῦτο</span> <span class='ocrx_word' id='word_1_725' title='bbox 1443 4677 1620 4731; x_wconf 80' lang='grc' dir='ltr'>τοίνυν</span> <span class='ocrx_word' id='word_1_726' title='bbox 1650 4680 1864 4750; x_wconf 76' lang='grc' dir='ltr'>ἐκτήκω</span> <span class='ocrx_word' id='word_1_727' title='bbox 1896 4700 1996 4751; x_wconf 85' lang='grc' dir='ltr'><strong>μου</strong></span> <span class='ocrx_word' id='word_1_728' title='bbox 2031 4688 2132 4757; x_wconf 76' lang='grc' dir='ltr'><strong>τήν</strong></span> <span class='ocrx_word' id='word_1_729' title='bbox 2184 4688 2379 4759; x_wconf 82' lang='grc' dir='ltr'>σάρκα,</span> <span class='ocrx_word' id='word_1_730' title='bbox 2442 4685 2531 4737; x_wconf 68' lang='grc' dir='ltr'><strong>καὶ</strong></span> <span class='ocrx_word' id='word_1_731' title='bbox 2563 4682 2765 4752; x_wconf 76' lang='grc' dir='ltr'>ἀφειδῶ</span> <span class='ocrx_word' id='word_1_732' title='bbox 2807 4680 2899 4733; x_wconf 85' lang='grc' dir='ltr'><strong>τοῦ</strong></span> <span class='ocrx_word' id='word_1_733' title='bbox 2928 4681 3156 4750; x_wconf 78' lang='grc' dir='ltr'>αἵματος</span> <span class='ocrx_word' id='word_1_734' title='bbox 3192 4680 3329 4749; x_wconf 84' lang='grc' dir='ltr'>ὅπερ</span> <span class='ocrx_word' id='word_1_735' title='bbox 3353 4680 3431 4740; x_wconf 82' lang='grc' dir='ltr'><strong>είς</strong></span> <span class='ocrx_word' id='word_1_736' title='bbox 3463 4679 3640 4748; x_wconf 85' lang='grc' dir='ltr'>σάρκα</span> <span class='ocrx_word' id='word_1_737' title='bbox 3680 4677 3775 4729; x_wconf 71' lang='grc' dir='ltr'>πέο</span> 
     </span>
    </p>
   </div>
   <div class='ocr_carea' id='block_1_97' title="bbox 565 4765 3777 4848">
    <p class='ocr_par' dir='ltr' id='par_1_97' title="bbox 565 4765 3777 4848">
     <span class='ocr_line' id='line_1_98' title="bbox 565 4765 3777 4848; baseline -0.002 -23"><span class='ocrx_word' id='word_1_738' title='bbox 565 4790 702 4841; x_wconf 80' lang='grc' dir='ltr'>φυκε</span> <span class='ocrx_word' id='word_1_739' title='bbox 744 4770 1214 4842; x_wconf 84' lang='grc' dir='ltr'>μεταπήγνυσθαι,</span> <span class='ocrx_word' id='word_1_740' title='bbox 1265 4770 1350 4822; x_wconf 82' lang='grc' dir='ltr'>ἵνα</span> <span class='ocrx_word' id='word_1_741' title='bbox 1399 4768 1559 4839; x_wconf 73' lang='grc' dir='ltr'>μηδὲν</span> <span class='ocrx_word' id='word_1_742' title='bbox 1616 4786 1702 4838; x_wconf 88' lang='grc' dir='ltr'><strong>μοι</strong></span> <span class='ocrx_word' id='word_1_743' title='bbox 1834 4772 1946 4842; x_wconf 81' lang='grc'>(75)</span> <span class='ocrx_word' id='word_1_744' title='bbox 1994 4778 2131 4847; x_wconf 82' lang='grc' dir='ltr'>πρὸς</span> <span class='ocrx_word' id='word_1_745' title='bbox 2173 4775 2607 4848; x_wconf 77' lang='grc' dir='ltr'>ἐξομολόγησινῆ</span> <span class='ocrx_word' id='word_1_746' title='bbox 2643 4774 2778 4845; x_wconf 78' lang='grc' dir='ltr'>πρὸς</span> <span class='ocrx_word' id='word_1_747' title='bbox 2797 4772 2893 4843; x_wconf 83' lang='grc' dir='ltr'>τὴν</span> <span class='ocrx_word' id='word_1_748' title='bbox 2920 4772 3017 4842; x_wconf 81' lang='grc' dir='ltr'>τῆς</span> <span class='ocrx_word' id='word_1_749' title='bbox 3054 4771 3308 4841; x_wconf 80' lang='grc' dir='ltr'>ἀληθείας</span> <span class='ocrx_word' id='word_1_750' title='bbox 3344 4770 3664 4839; x_wconf 83' lang='grc' dir='ltr'>κατανόησιν</span> <span class='ocrx_word' id='word_1_751' title='bbox 3688 4771 3777 4839; x_wconf 85' lang='grc' dir='ltr'>ἐμ-</span> 
     </span>
    </p>
   </div>
   <div class='ocr_carea' id='block_1_98' title="bbox 567 4866 798 4930">
    <p class='ocr_par' dir='ltr' id='par_1_98' title="bbox 567 4866 798 4930">
     <span class='ocr_line' id='line_1_99' title="bbox 567 4866 798 4930; baseline -0.009 -11"><span class='ocrx_word' id='word_1_752' title='bbox 567 4866 798 4930; x_wconf 80' lang='grc' dir='ltr'>ποδίζον.</span> 
     </span>
    </p>
   </div>
   <div class='ocr_carea' id='block_1_99' title="bbox 634 4959 2112 5019">
    <p class='ocr_par' dir='ltr' id='par_1_99' title="bbox 634 4959 2112 5019">
     <span class='ocr_line' id='line_1_100' title="bbox 634 4959 2112 5019; baseline 0.003 -5"><span class='ocrx_word' id='word_1_753' title='bbox 634 4961 685 5015; x_wconf 91' lang='grc'>7.</span> <span class='ocrx_word' id='word_1_754' title='bbox 715 4961 877 5016; x_wconf 64' lang='lat' dir='ltr'><strong>Vens.</strong></span> <span class='ocrx_word' id='word_1_755' title='bbox 907 4961 994 5015; x_wconf 80' lang='grc'><strong>11.</strong></span> <span class='ocrx_word' id='word_1_756' title='bbox 1018 4960 1233 5014; x_wconf 74' lang='lat' dir='ltr'><strong>Audiuit</strong></span> <span class='ocrx_word' id='word_1_757' title='bbox 1267 4959 1535 5019; x_wconf 87' lang='lat' dir='ltr'><strong>Dominus.</strong></span> <span class='ocrx_word' id='word_1_758' title='bbox 1555 4964 1859 5014; x_wconf 81' lang='lat' dir='ltr'><strong>etmisertus</strong></span> <span class='ocrx_word' id='word_1_759' title='bbox 1881 4972 1953 5016; x_wconf 86' lang='lat' dir='ltr'><strong>est</strong></span> <span class='ocrx_word' id='word_1_760' title='bbox 1979 4965 2112 5019; x_wconf 88' lang='lat' dir='ltr'><strong>mei:</strong></span> 
     </span>
    </p>
   </div>
   <div class='ocr_carea' id='block_1_100' title="bbox 2292 4948 3777 5023">
    <p class='ocr_par' dir='ltr' id='par_1_100' title="bbox 2292 4948 3777 5023">
     <span class='ocr_line' id='line_1_101' title="bbox 2292 4948 3777 5023; baseline -0.012 -7"><span class='ocrx_word' id='word_1_761' title='bbox 2292 4964 2339 5015; x_wconf 85' lang='lat'><strong>7.</strong></span> <span class='ocrx_word' id='word_1_762' title='bbox 2372 4963 2631 5015; x_wconf 83' lang='grc' dir='ltr'>Ἤκουσε</span> <span class='ocrx_word' id='word_1_763' title='bbox 2652 4958 2881 5023; x_wconf 79' lang='grc' dir='ltr'>Κύριος,</span> <span class='ocrx_word' id='word_1_764' title='bbox 2914 4953 3008 5007; x_wconf 76' lang='grc' dir='ltr'>καὶ</span> <span class='ocrx_word' id='word_1_765' title='bbox 3027 4951 3254 5020; x_wconf 78' lang='grc' dir='ltr'>ἠλέησέ</span> <span class='ocrx_word' id='word_1_766' title='bbox 3276 4969 3351 5020; x_wconf 85' lang='grc' dir='ltr'><strong>με</strong></span> <span class='ocrx_word' id='word_1_767' title='bbox 3371 4967 3384 4981; x_wconf 88' lang='grc'><strong>·</strong></span> <span class='ocrx_word' id='word_1_768' title='bbox 3408 4951 3622 5017; x_wconf 83' lang='grc' dir='ltr'>Κύριος</span> <span class='ocrx_word' id='word_1_769' title='bbox 3656 4948 3777 5019; x_wconf 60' lang='grc' dir='ltr'><strong>ὲγέη</strong></span> 
     </span>
    </p>
   </div>
   <div class='ocr_carea' id='block_1_101' title="bbox 632 5050 2216 5121">
    <p class='ocr_par' dir='ltr' id='par_1_101' title="bbox 632 5050 2216 5121">
     <span class='ocr_line' id='line_1_102' title="bbox 632 5050 2216 5121; baseline 0.001 -14"><span class='ocrx_word' id='word_1_770' title='bbox 632 5052 675 5085; x_wconf 88' lang='grc'><strong>³⁹</strong></span> <span class='ocrx_word' id='word_1_771' title='bbox 700 5052 928 5121; x_wconf 86' lang='lat' dir='ltr'><strong>Philipp.</strong></span> <span class='ocrx_word' id='word_1_772' title='bbox 955 5066 1029 5114; x_wconf 89' lang='lat' dir='ltr'><strong>Iv,</strong></span> <span class='ocrx_word' id='word_1_773' title='bbox 1049 5053 1100 5106; x_wconf 89' lang='lat'><strong>7.</strong></span> <span class='ocrx_word' id='word_1_774' title='bbox 1174 5051 1217 5082; x_wconf 68' lang='grc' dir='ltr'><strong>⁸ο</strong></span> <span class='ocrx_word' id='word_1_775' title='bbox 1234 5050 1374 5105; x_wconf 89' lang='lat' dir='ltr'><strong>Psal.</strong></span> <span class='ocrx_word' id='word_1_776' title='bbox 1400 5066 1586 5117; x_wconf 77' lang='lat' dir='ltr'><strong>cxvut,</strong></span> <span class='ocrx_word' id='word_1_777' title='bbox 1614 5052 1705 5106; x_wconf 86' lang='lat'><strong>60.</strong></span> <span class='ocrx_word' id='word_1_778' title='bbox 1780 5054 1821 5083; x_wconf 78' lang='lat'>“</span> <span class='ocrx_word' id='word_1_779' title='bbox 1844 5053 1861 5105; x_wconf 93' lang='grc' dir='ltr'><strong>Ι</strong></span> <span class='ocrx_word' id='word_1_780' title='bbox 1883 5053 2009 5108; x_wconf 90' lang='lat' dir='ltr'><strong>Cor.</strong></span> <span class='ocrx_word' id='word_1_781' title='bbox 2032 5056 2216 5119; x_wconf 71' lang='lat' dir='ltr'><strong>tx,27.</strong></span> 
     </span>
    </p>
   </div>
   <div class='ocr_carea' id='block_1_102' title="bbox 632 5145 2108 5221">
    <p class='ocr_par' dir='ltr' id='par_1_102' title="bbox 632 5145 2108 5221">
     <span class='ocr_line' id='line_1_103' title="bbox 632 5145 2108 5221; baseline -0.001 -17"><span class='ocrx_word' id='word_1_782' title='bbox 632 5148 745 5221; x_wconf 87' lang='lat'><strong>(68)</strong></span> <span class='ocrx_word' id='word_1_783' title='bbox 788 5147 962 5221; x_wconf 84' lang='lat' dir='ltr'><strong>Editio</strong></span> <span class='ocrx_word' id='word_1_784' title='bbox 984 5145 1350 5221; x_wconf 40' lang='grc' dir='ltr'>ιξίπίεηάφείη</span> <span class='ocrx_word' id='word_1_785' title='bbox 1383 5150 1514 5221; x_wconf 77' lang='grc' dir='ltr'>τοῖς.</span> <span class='ocrx_word' id='word_1_786' title='bbox 1544 5148 1621 5221; x_wconf 76' lang='lat' dir='ltr'><strong>_At</strong></span> <span class='ocrx_word' id='word_1_787' title='bbox 1662 5164 1789 5201; x_wconf 90' lang='lat' dir='ltr'><strong>mss.</strong></span> <span class='ocrx_word' id='word_1_788' title='bbox 1816 5164 1923 5221; x_wconf 61' lang='lat' dir='ltr'><strong>seu</strong></span> <span class='ocrx_word' id='word_1_789' title='bbox 1952 5149 2108 5220; x_wconf 72' lang='grc' dir='ltr'>ἀφίῃ.</span> 
     </span>
    </p>
   </div>
   <div class='ocr_carea' id='block_1_103' title="bbox 565 5216 1935 5289">
    <p class='ocr_par' dir='ltr' id='par_1_103' title="bbox 565 5216 1935 5289">
     <span class='ocr_line' id='line_1_104' title="bbox 565 5216 1935 5289; baseline -0.001 -14"><span class='ocrx_word' id='word_1_790' title='bbox 565 5216 697 5289; x_wconf 77' lang='lat' dir='ltr'><strong>lleg.</strong></span> <span class='ocrx_word' id='word_1_791' title='bbox 733 5228 914 5289; x_wconf 80' lang='lat' dir='ltr'><strong>sextus</strong></span> <span class='ocrx_word' id='word_1_792' title='bbox 934 5216 1141 5289; x_wconf 78' lang='grc' dir='ltr'>ἀφίησι.</span> <span class='ocrx_word' id='word_1_793' title='bbox 1167 5216 1361 5271; x_wconf 86' lang='lat' dir='ltr'><strong>Ibidem</strong></span> <span class='ocrx_word' id='word_1_794' title='bbox 1394 5218 1553 5285; x_wconf 89' lang='lat' dir='ltr'><strong>aliqui</strong></span> <span class='ocrx_word' id='word_1_795' title='bbox 1589 5233 1716 5272; x_wconf 87' lang='lat' dir='ltr'><strong>mss.</strong></span> <span class='ocrx_word' id='word_1_796' title='bbox 1747 5218 1837 5271; x_wconf 72' lang='grc' dir='ltr'><strong>ἐπὶ</strong></span> <span class='ocrx_word' id='word_1_797' title='bbox 1857 5218 1935 5273; x_wconf 80' lang='grc' dir='ltr'>τό.</span> 
     </span>
    </p>
   </div>
   <div class='ocr_carea' id='block_1_104' title="bbox 632 5288 2095 5361">
    <p class='ocr_par' dir='ltr' id='par_1_104' title="bbox 632 5288 2095 5361">
     <span class='ocr_line' id='line_1_105' title="bbox 632 5288 2095 5361; baseline -0.003 -16"><span class='ocrx_word' id='word_1_798' title='bbox 632 5288 743 5361; x_wconf 82' lang='lat'><strong>(69)</strong></span> <span class='ocrx_word' id='word_1_799' title='bbox 782 5288 892 5355; x_wconf 91' lang='lat' dir='ltr'><strong>Illa,</strong></span> <span class='ocrx_word' id='word_1_800' title='bbox 916 5288 1002 5358; x_wconf 85' lang='grc' dir='ltr'><strong>εἴη</strong></span> <span class='ocrx_word' id='word_1_801' title='bbox 1033 5288 1099 5341; x_wconf 88' lang='grc' dir='ltr'><strong>ἂν</strong></span> <span class='ocrx_word' id='word_1_802' title='bbox 1122 5290 1156 5359; x_wconf 79' lang='grc' dir='ltr'>ἡ</span> <span class='ocrx_word' id='word_1_803' title='bbox 1177 5289 1409 5361; x_wconf 82' lang='grc' dir='ltr'>ταραχή,</span> <span class='ocrx_word' id='word_1_804' title='bbox 1441 5289 1631 5361; x_wconf 77' lang='lat' dir='ltr'><strong>desunt</strong></span> <span class='ocrx_word' id='word_1_805' title='bbox 1658 5289 1706 5361; x_wconf 79' lang='lat' dir='ltr'><strong>in</strong></span> <span class='ocrx_word' id='word_1_806' title='bbox 1739 5289 1941 5361; x_wconf 75' lang='lat' dir='ltr'><strong>duobus</strong></span> <span class='ocrx_word' id='word_1_807' title='bbox 1968 5302 2095 5361; x_wconf 81' lang='lat' dir='ltr'><strong>mss.</strong></span> 
     </span>
    </p>
   </div>
   <div class='ocr_carea' id='block_1_105' title="bbox 560 5340 2110 5428">
    <p class='ocr_par' dir='ltr' id='par_1_105' title="bbox 560 5340 2110 5428">
     <span class='ocr_line' id='line_1_106' title="bbox 560 5340 2110 5428; baseline -0.005 -12"><span class='ocrx_word' id='word_1_808' title='bbox 560 5340 855 5425; x_wconf 73' lang='lat' dir='ltr'><strong>Aliquanto</strong></span> <span class='ocrx_word' id='word_1_809' title='bbox 878 5340 1004 5428; x_wconf 64' lang='lat' dir='ltr'><strong>&#39;pbsi</strong></span> <span class='ocrx_word' id='word_1_810' title='bbox 1053 5340 1289 5411; x_wconf 68' lang='lat' dir='ltr'><strong>nonnulli</strong></span> <span class='ocrx_word' id='word_1_811' title='bbox 1321 5340 1457 5412; x_wconf 66' lang='lat' dir='ltr'><strong>iii&#39;s&#39;s.</strong></span> <span class='ocrx_word' id='word_1_812' title='bbox 1478 5340 1899 5428; x_wconf 63' lang='grc' dir='ltr'>εὐχόμεθαῖλιίί</span> <span class='ocrx_word' id='word_1_813' title='bbox 1939 5340 2110 5427; x_wconf 58' lang='lat' dir='ltr'><strong>sexta;</strong></span> 
     </span>
    </p>
   </div>
   <div class='ocr_carea' id='block_1_106' title="bbox 565 5427 2107 5502">
    <p class='ocr_par' dir='ltr' id='par_1_106' title="bbox 565 5427 2107 5502">
     <span class='ocr_line' id='line_1_107' title="bbox 565 5427 2107 5502; baseline -0.004 -18"><span class='ocrx_word' id='word_1_814' title='bbox 565 5434 721 5502; x_wconf 85' lang='grc' dir='ltr'>μεθα.</span> <span class='ocrx_word' id='word_1_815' title='bbox 754 5427 1038 5502; x_wconf 33' lang='lat' dir='ltr'><strong>Mor’editi</strong></span> <span class='ocrx_word' id='word_1_816' title='bbox 1086 5430 1276 5502; x_wconf 65' lang='grc' dir='ltr'>ἥσυχοι</span> <span class='ocrx_word' id='word_1_817' title='bbox 1325 5428 1418 5502; x_wconf 71' lang='grc' dir='ltr'><strong>καὶ</strong></span> <span class='ocrx_word' id='word_1_818' title='bbox 1462 5430 1643 5499; x_wconf 79' lang='grc' dir='ltr'>πρᾶοι.</span> <span class='ocrx_word' id='word_1_819' title='bbox 1681 5427 1786 5482; x_wconf 86' lang='lat' dir='ltr'><strong>Sed</strong></span> <span class='ocrx_word' id='word_1_820' title='bbox 1824 5444 1926 5483; x_wconf 81' lang='lat' dir='ltr'><strong>vox</strong></span> <span class='ocrx_word' id='word_1_821' title='bbox 1970 5429 2107 5497; x_wconf 81' lang='grc' dir='ltr'>ἥσυ-</span> 
     </span>
    </p>
   </div>
   <div class='ocr_carea' id='block_1_107' title="bbox 562 5498 1560 5572">
    <p class='ocr_par' dir='ltr' id='par_1_107' title="bbox 562 5498 1560 5572">
     <span class='ocr_line' id='line_1_108' title="bbox 562 5498 1560 5572; baseline -0.004 -17"><span class='ocrx_word' id='word_1_822' title='bbox 562 5498 820 5572; x_wconf 51' lang='lat' dir='ltr'><strong>1otdees_t</strong></span> <span class='ocrx_word' id='word_1_823' title='bbox 849 5499 900 5572; x_wconf 76' lang='lat' dir='ltr'><strong>in</strong></span> <span class='ocrx_word' id='word_1_824' title='bbox 931 5498 1128 5554; x_wconf 88' lang='lat' dir='ltr'><strong>nostris</strong></span> <span class='ocrx_word' id='word_1_825' title='bbox 1156 5498 1399 5572; x_wconf 85' lang='lat' dir='ltr'><strong>undecim</strong></span> <span class='ocrx_word' id='word_1_826' title='bbox 1431 5513 1560 5572; x_wconf 84' lang='lat' dir='ltr'><strong>mss.</strong></span> 
     </span>
    </p>
   </div>
   <div class='ocr_carea' id='block_1_108' title="bbox 632 5565 2104 5640">
    <p class='ocr_par' dir='ltr' id='par_1_108' title="bbox 632 5565 2104 5640">
     <span class='ocr_line' id='line_1_109' title="bbox 632 5565 2104 5640; baseline -0.003 -17"><span class='ocrx_word' id='word_1_827' title='bbox 632 5570 743 5640; x_wconf 87' lang='lat'><strong>(70)</strong></span> <span class='ocrx_word' id='word_1_828' title='bbox 782 5568 948 5640; x_wconf 89' lang='lat' dir='ltr'><strong>Colb._</strong></span> <span class='ocrx_word' id='word_1_829' title='bbox 975 5578 1199 5637; x_wconf 89' lang='lat' dir='ltr'><strong>quartus</strong></span> <span class='ocrx_word' id='word_1_830' title='bbox 1260 5568 1479 5636; x_wconf 90' lang='lat' dir='ltr'><strong>perinde</strong></span> <span class='ocrx_word' id='word_1_831' title='bbox 1524 5577 1683 5636; x_wconf 91' lang='lat' dir='ltr'><strong>atque</strong></span> <span class='ocrx_word' id='word_1_832' title='bbox 1738 5565 1879 5640; x_wconf 75' lang='lat' dir='ltr'><strong>LXX</strong></span> <span class='ocrx_word' id='word_1_833' title='bbox 1922 5568 1979 5640; x_wconf 68' lang='grc' dir='ltr'><strong>ἐν</strong></span> <span class='ocrx_word' id='word_1_834' title='bbox 2024 5566 2104 5638; x_wconf 81' lang='grc' dir='ltr'>τῷ</span> 
     </span>
    </p>
   </div>
   <div class='ocr_carea' id='block_1_109' title="bbox 562 5637 2108 5709">
    <p class='ocr_par' dir='ltr' id='par_1_109' title="bbox 562 5637 2108 5709">
     <span class='ocr_line' id='line_1_110' title="bbox 562 5637 2108 5709; baseline -0.002 -16"><span class='ocrx_word' id='word_1_835' title='bbox 562 5637 879 5709; x_wconf 76' lang='grc' dir='ltr'>καταϐῆναι.</span> <span class='ocrx_word' id='word_1_836' title='bbox 909 5637 1045 5694; x_wconf 87' lang='lat' dir='ltr'><strong>Editi</strong></span> <span class='ocrx_word' id='word_1_837' title='bbox 1080 5652 1205 5693; x_wconf 91' lang='lat' dir='ltr'><strong>vero</strong></span> <span class='ocrx_word' id='word_1_838' title='bbox 1234 5649 1289 5692; x_wconf 88' lang='lat' dir='ltr'><strong>et</strong></span> <span class='ocrx_word' id='word_1_839' title='bbox 1320 5654 1447 5693; x_wconf 89' lang='lat' dir='ltr'><strong>mss.</strong></span> <span class='ocrx_word' id='word_1_840' title='bbox 1478 5652 1580 5693; x_wconf 91' lang='lat' dir='ltr'><strong>non</strong></span> <span class='ocrx_word' id='word_1_841' title='bbox 1619 5638 1770 5707; x_wconf 89' lang='lat' dir='ltr'><strong>pauci</strong></span> <span class='ocrx_word' id='word_1_842' title='bbox 1801 5639 1857 5689; x_wconf 84' lang='grc' dir='ltr'><strong>ἐν</strong></span> <span class='ocrx_word' id='word_1_843' title='bbox 1901 5637 1976 5707; x_wconf 81' lang='grc' dir='ltr'>τῷ</span> <span class='ocrx_word' id='word_1_844' title='bbox 2010 5637 2108 5690; x_wconf 88' lang='grc' dir='ltr'>κα-</span> 
     </span>
    </p>
   </div>
   <div class='ocr_carea' id='block_1_110' title="bbox 563 5709 851 5761">
    <p class='ocr_par' dir='ltr' id='par_1_110' title="bbox 563 5709 851 5761">
     <span class='ocr_line' id='line_1_111' title="bbox 563 5709 851 5761; baseline -0.01 0"><span class='ocrx_word' id='word_1_845' title='bbox 563 5709 851 5761; x_wconf 76' lang='grc' dir='ltr'>ταϐαίνειν.</span> 
     </span>
    </p>
   </div>
   <div class='ocr_carea' id='block_1_111' title="bbox 635 5776 2109 5848">
    <p class='ocr_par' dir='ltr' id='par_1_111' title="bbox 635 5776 2109 5848">
     <span class='ocr_line' id='line_1_112' title="bbox 635 5776 2109 5848; baseline 0.001 -18"><span class='ocrx_word' id='word_1_846' title='bbox 635 5780 746 5848; x_wconf 85' lang='lat' dir='ltr'><strong>(7t)</strong></span> <span class='ocrx_word' id='word_1_847' title='bbox 783 5776 894 5833; x_wconf 92' lang='lat' dir='ltr'><strong>Duo</strong></span> <span class='ocrx_word' id='word_1_848' title='bbox 926 5793 1054 5836; x_wconf 88' lang='lat' dir='ltr'><strong>mss.</strong></span> <span class='ocrx_word' id='word_1_849' title='bbox 1097 5794 1217 5835; x_wconf 89' lang='lat' dir='ltr'><strong>cum</strong></span> <span class='ocrx_word' id='word_1_850' title='bbox 1268 5788 1412 5837; x_wconf 84' lang='lat' dir='ltr'><strong>textu</strong></span> <span class='ocrx_word' id='word_1_851' title='bbox 1459 5791 1615 5836; x_wconf 85' lang='lat' dir='ltr'><strong>sacro</strong></span> <span class='ocrx_word' id='word_1_852' title='bbox 1648 5776 1965 5841; x_wconf 72' lang='grc' dir='ltr'>ὑπωπιάζω.</span> <span class='ocrx_word' id='word_1_853' title='bbox 2001 5776 2109 5833; x_wconf 80' lang='lat' dir='ltr'><strong>Alii</strong></span> 
     </span>
    </p>
   </div>
   <div class='ocr_carea' id='block_1_112' title="bbox 2218 5126 3773 5204">
    <p class='ocr_par' dir='ltr' id='par_1_112' title="bbox 2218 5126 3773 5204">
     <span class='ocr_line' id='line_1_113' title="bbox 2218 5126 3773 5204; baseline -0.012 -4"><span class='ocrx_word' id='word_1_854' title='bbox 2218 5149 2321 5202; x_wconf 89' lang='lat' dir='ltr'><strong>duo</strong></span> <span class='ocrx_word' id='word_1_855' title='bbox 2354 5139 2639 5203; x_wconf 74' lang='grc' dir='ltr'>ὑποπιάζω</span> <span class='ocrx_word' id='word_1_856' title='bbox 2659 5177 2674 5201; x_wconf 87' lang='grc'><strong>,</strong></span> <span class='ocrx_word' id='word_1_857' title='bbox 2716 5144 2987 5204; x_wconf 88' lang='lat' dir='ltr'><strong>corrupte,</strong></span> <span class='ocrx_word' id='word_1_858' title='bbox 3033 5148 3130 5202; x_wconf 90' lang='lat' dir='ltr'><strong>pro</strong></span> <span class='ocrx_word' id='word_1_859' title='bbox 3162 5126 3773 5204; x_wconf 56' lang='lat' dir='ltr'><strong>uﬁwméiw._Nonnulli</strong></span> 
     </span>
    </p>
   </div>
   <div class='ocr_carea' id='block_1_113' title="bbox 2218 5198 3777 5273">
    <p class='ocr_par' dir='ltr' id='par_1_113' title="bbox 2218 5198 3777 5273">
     <span class='ocr_line' id='line_1_114' title="bbox 2218 5198 3777 5273; baseline -0.013 -3"><span class='ocrx_word' id='word_1_860' title='bbox 2218 5198 2309 5270; x_wconf 73' lang='lat' dir='ltr'><strong>alii</strong></span> <span class='ocrx_word' id='word_1_861' title='bbox 2337 5198 2633 5273; x_wconf 60' lang='grc' dir='ltr'>ὑππιέζω.</span> <span class='ocrx_word' id='word_1_862' title='bbox 2663 5198 2787 5262; x_wconf 80' lang='lat' dir='ltr'><strong>Mox</strong></span> <span class='ocrx_word' id='word_1_863' title='bbox 2821 5198 2967 5273; x_wconf 79' lang='lat' dir='ltr'><strong>Regii</strong></span> <span class='ocrx_word' id='word_1_864' title='bbox 3008 5198 3274 5257; x_wconf 81' lang='lat' dir='ltr'><strong>secundus</strong></span> <span class='ocrx_word' id='word_1_865' title='bbox 3302 5211 3355 5255; x_wconf 93' lang='lat' dir='ltr'><strong>et</strong></span> <span class='ocrx_word' id='word_1_866' title='bbox 3390 5198 3777 5273; x_wconf 57' lang='grc' dir='ltr'>ιετιίιιξρπερ-</span> 
     </span>
    </p>
   </div>
   <div class='ocr_carea' id='block_1_114' title="bbox 2214 5268 3772 5352">
    <p class='ocr_par' dir='ltr' id='par_1_114' title="bbox 2214 5268 3772 5352">
     <span class='ocr_line' id='line_1_115' title="bbox 2214 5268 3772 5352; baseline -0.014 -12"><span class='ocrx_word' id='word_1_867' title='bbox 2214 5268 2425 5351; x_wconf 53' lang='lat' dir='ltr'><strong>ita-.6;</strong></span> <span class='ocrx_word' id='word_1_868' title='bbox 2457 5268 2578 5352; x_wconf 67' lang='grc' dir='ltr'>μου.</span> <span class='ocrx_word' id='word_1_869' title='bbox 2622 5278 2762 5352; x_wconf 78' lang='lat' dir='ltr'><strong>Editi</strong></span> <span class='ocrx_word' id='word_1_870' title='bbox 2797 5284 2851 5328; x_wconf 91' lang='lat' dir='ltr'><strong>et</strong></span> <span class='ocrx_word' id='word_1_871' title='bbox 2884 5268 2974 5328; x_wconf 79' lang='lat' dir='ltr'><strong>a‘ui</strong></span> <span class='ocrx_word' id='word_1_872' title='bbox 2991 5273 3221 5352; x_wconf 50' lang='lat' dir='ltr'><strong>ﬂuidam</strong></span> <span class='ocrx_word' id='word_1_873' title='bbox 3257 5268 3772 5352; x_wconf 45' lang='grc' dir='ltr'>πιθα-ὑπερζέοντᾲ</span> 
     </span>
    </p>
   </div>
   <div class='ocr_carea' id='block_1_115' title="bbox 2217 5338 3772 5427">
    <p class='ocr_par' dir='ltr' id='par_1_115' title="bbox 2217 5338 3772 5427">
     <span class='ocr_line' id='line_1_116' title="bbox 2217 5338 3772 5427; baseline -0.014 -17"><span class='ocrx_word' id='word_1_874' title='bbox 2362 5338 2471 5406; x_wconf 67' lang='lat' dir='ltr'><strong>Nec</strong></span> <span class='ocrx_word' id='word_1_875' title='bbox 2517 5351 2586 5427; x_wconf 69' lang='lat' dir='ltr'><strong>ita</strong></span> <span class='ocrx_word' id='word_1_876' title='bbox 2616 5347 2787 5427; x_wconf 68' lang='lat' dir='ltr'><strong>multo</strong></span> <span class='ocrx_word' id='word_1_877' title='bbox 2822 5353 2943 5413; x_wconf 87' lang='lat' dir='ltr'><strong>post</strong></span> <span class='ocrx_word' id='word_1_878' title='bbox 2991 5341 3123 5411; x_wconf 78' lang='lat' dir='ltr'><strong>Reg.</strong></span> <span class='ocrx_word' id='word_1_879' title='bbox 3169 5340 3373 5427; x_wconf 41' lang='lat' dir='ltr'><strong>tertius.</strong></span> <span class='ocrx_word' id='word_1_880' title='bbox 3404 5338 3583 5427; x_wconf 47' lang='lat' dir='ltr'><strong>habete</strong></span> <span class='ocrx_word' id='word_1_881' title='bbox 3614 5338 3772 5421; x_wconf 61' lang='grc' dir='ltr'>ῥητόν</span> 
     </span>
    </p>
   </div>
   <div class='ocr_carea' id='block_1_116' title="bbox 2212 5406 3771 5495">
    <p class='ocr_par' dir='ltr' id='par_1_116' title="bbox 2212 5406 3771 5495">
     <span class='ocr_line' id='line_1_117' title="bbox 2212 5406 3771 5495; baseline -0.013 -16"><span class='ocrx_word' id='word_1_882' title='bbox 2342 5424 2511 5495; x_wconf 78' lang='grc' dir='ltr'>ῥῆμα.</span> <span class='ocrx_word' id='word_1_883' title='bbox 2539 5406 3030 5495; x_wconf 61' lang='lat' dir='ltr'><strong>subindequatuor</strong></span> <span class='ocrx_word' id='word_1_884' title='bbox 3063 5406 3192 5495; x_wconf 60' lang='lat' dir='ltr'><strong>mss.</strong></span> <span class='ocrx_word' id='word_1_885' title='bbox 3217 5406 3278 5464; x_wconf 79' lang='grc' dir='ltr'><strong>ἐν</strong></span> <span class='ocrx_word' id='word_1_886' title='bbox 3306 5409 3383 5479; x_wconf 84' lang='grc' dir='ltr'>τῷ</span> <span class='ocrx_word' id='word_1_887' title='bbox 3409 5406 3771 5461; x_wconf 77' lang='grc' dir='ltr'>καταϐαίνειν.</span> 
     </span>
    </p>
   </div>
   <div class='ocr_carea' id='block_1_117' title="bbox 2211 5479 3721 5559">
    <p class='ocr_par' dir='ltr' id='par_1_117' title="bbox 2211 5479 3721 5559">
     <span class='ocr_line' id='line_1_118' title="bbox 2211 5479 3721 5559; baseline -0.007 -11"><span class='ocrx_word' id='word_1_888' title='bbox 2211 5479 2545 5550; x_wconf 62' lang='lat' dir='ltr'><strong>Editio&#39;vero</strong></span> <span class='ocrx_word' id='word_1_889' title='bbox 2574 5479 2838 5559; x_wconf 85' lang='lat' dir='ltr'><strong>Paris.</strong></span> <span class='ocrx_word' id='word_1_890' title='bbox 2859 5479 3290 5559; x_wconf 58' lang='lat' dir='ltr'><strong>;Q_xara6ﬁvo_t._</strong></span> <span class='ocrx_word' id='word_1_891' title='bbox 3459 5548 3491 5559; x_wconf 47' lang='grc' dir='ltr'><strong><em>η</em></strong></span> <span class='ocrx_word' id='word_1_892' title='bbox 3525 5548 3537 5559; x_wconf 46' lang='grc'><strong><em>.</em></strong></span> <span class='ocrx_word' id='word_1_893' title='bbox 3601 5546 3642 5559; x_wconf 40' lang='grc' dir='ltr'>ἢ</span> <span class='ocrx_word' id='word_1_894' title='bbox 3710 5547 3721 5557; x_wconf 42' lang='grc'>,</span> 
     </span>
    </p>
   </div>
   <div class='ocr_carea' id='block_1_118' title="bbox 2282 5546 3770 5632">
    <p class='ocr_par' dir='ltr' id='par_1_118' title="bbox 2282 5546 3770 5632">
     <span class='ocr_line' id='line_1_119' title="bbox 2282 5546 3770 5632; baseline -0.011 -17"><span class='ocrx_word' id='word_1_895' title='bbox 2282 5546 2395 5632; x_wconf 62' lang='grc' dir='ltr'>(τι)</span> <span class='ocrx_word' id='word_1_896' title='bbox 2436 5559 2585 5614; x_wconf 84' lang='lat' dir='ltr'><strong>Unus</strong></span> <span class='ocrx_word' id='word_1_897' title='bbox 2619 5546 3005 5632; x_wconf 33' lang='lat' dir='ltr'><strong>ms.f_d)._ﬁ0etdtv</strong></span> <span class='ocrx_word' id='word_1_898' title='bbox 3036 5546 3382 5632; x_wconf 56' lang='grc' dir='ltr'>σουίιυῳριη</span> <span class='ocrx_word' id='word_1_899' title='bbox 3408 5548 3574 5602; x_wconf 89' lang='lat' dir='ltr'><strong>editio</strong></span> <span class='ocrx_word' id='word_1_900' title='bbox 3601 5546 3770 5601; x_wconf 87' lang='lat' dir='ltr'><strong>Paris.</strong></span> 
     </span>
    </p>
   </div>
   <div class='ocr_carea' id='block_1_119' title="bbox 2215 5619 3473 5706">
    <p class='ocr_par' dir='ltr' id='par_1_119' title="bbox 2215 5619 3473 5706">
     <span class='ocr_line' id='line_1_120' title="bbox 2215 5619 3473 5706; baseline -0.014 -18"><span class='ocrx_word' id='word_1_901' title='bbox 2215 5619 2687 5706; x_wconf 38' lang='lat' dir='ltr'><strong>pa‘BjjatLuatpo‘i.</strong></span> <span class='ocrx_word' id='word_1_902' title='bbox 2719 5623 2824 5706; x_wconf 74' lang='lat' dir='ltr'><strong>sed</strong></span> <span class='ocrx_word' id='word_1_903' title='bbox 2840 5619 2987 5706; x_wconf 52' lang='lat' dir='ltr'><strong>&#39;tnss.</strong></span> <span class='ocrx_word' id='word_1_904' title='bbox 3012 5631 3146 5706; x_wconf 46' lang='lat' dir='ltr'><strong>ulc-to.</strong></span> <span class='ocrx_word' id='word_1_905' title='bbox 3170 5619 3473 5706; x_wconf 81' lang='grc' dir='ltr'>μαθήμασ..</span> 
     </span>
    </p>
   </div>
   <div class='ocr_carea' id='block_1_120' title="bbox 2286 5685 3772 5772">
    <p class='ocr_par' dir='ltr' id='par_1_120' title="bbox 2286 5685 3772 5772">
     <span class='ocr_line' id='line_1_121' title="bbox 2286 5685 3772 5772; baseline -0.011 -17"><span class='ocrx_word' id='word_1_906' title='bbox 2286 5685 2396 5772; x_wconf 69' lang='lat'><strong>(7‘3)</strong></span> <span class='ocrx_word' id='word_1_907' title='bbox 2446 5685 2594 5759; x_wconf 63' lang='lat' dir='ltr'><strong>lltud&#39;,</strong></span> <span class='ocrx_word' id='word_1_908' title='bbox 2646 5693 2714 5772; x_wconf 50' lang='lat' dir='ltr'><strong>ﬁ,</strong></span> <span class='ocrx_word' id='word_1_909' title='bbox 2749 5696 2991 5772; x_wconf 75' lang='lat' dir='ltr'><strong>deest_in</strong></span> <span class='ocrx_word' id='word_1_910' title='bbox 3035 5685 3450 5772; x_wconf 39' lang='lat' dir='ltr'><strong>Qolblﬂua‘rtq.‘</strong></span> <span class='ocrx_word' id='word_1_911' title='bbox 3489 5689 3557 5772; x_wconf 47' lang='lat' dir='ltr'><strong>In.</strong></span> <span class='ocrx_word' id='word_1_912' title='bbox 3588 5685 3772 5772; x_wconf 65' lang='lat' dir='ltr'><strong>eodem</strong></span> 
     </span>
    </p>
   </div>
   <div class='ocr_carea' id='block_1_121' title="bbox 2214 5755 3768 5834">
    <p class='ocr_par' dir='ltr' id='par_1_121' title="bbox 2214 5755 3768 5834">
     <span class='ocr_line' id='line_1_122' title="bbox 2214 5755 3768 5834; baseline -0.015 -4"><span class='ocrx_word' id='word_1_913' title='bbox 2214 5755 2303 5830; x_wconf 68' lang='lat' dir='ltr'><strong>ma</strong></span> <span class='ocrx_word' id='word_1_914' title='bbox 2355 5755 2543 5829; x_wconf 78' lang='lat' dir='ltr'><strong>codice</strong></span> <span class='ocrx_word' id='word_1_915' title='bbox 2583 5755 2773 5824; x_wconf 66' lang='lat' dir='ltr'><strong>&#39;sii&#39;iim</strong></span> <span class='ocrx_word' id='word_1_916' title='bbox 2822 5764 3015 5834; x_wconf 81' lang='lat' dir='ltr'><strong>legitur</strong></span> <span class='ocrx_word' id='word_1_917' title='bbox 3057 5755 3358 5830; x_wconf 75' lang='grc' dir='ltr'>ἐμποδίζοι.</span> <span class='ocrx_word' id='word_1_918' title='bbox 3407 5758 3557 5812; x_wconf 83' lang='lat' dir='ltr'><strong>Haud</strong></span> <span class='ocrx_word' id='word_1_919' title='bbox 3615 5755 3768 5824; x_wconf 84' lang='lat' dir='ltr'><strong>longe</strong></span> 
     </span>
    </p>
   </div>
  </div>
