4008 6402
300 395 399 451 321

1444 383 1824 457 nonut—tm
1869 405 2193 463 asumma
2233 409 2422 463 xxxx.

3448 417 3553 473 322

293 509 452 577 νήθη
481 510 710 575 ,ϐοηθός
756 526 894 578 μου.
942 508 1094 562 Μετά
1140 509 1200 562 τὸ
1241 500 1597 583 διηγήσασθαι
1641 515 1757 567 τίνα

1983 517 2240 575 Dominus
2272 521 2447 590 factus
2475 528 2550 573 est
2584 519 2802 588 adjutor
2829 538 2994 576 meus.
3039 523 3329 595 Postquam
3369 541 3554 582 narra'

292 603 332 658 ἃ
364 603 498 675 πρὺς
517 603 608 655 τὸν
631 602 761 654 Θεὸν
785 601 1097 674 ὲκέκραξεν,
1135 603 1294 667 εὐθὺς
1321 605 1638 677 αἰσθόμενος
1667 609 1763 680 τῆς
1784 610 1877 662 ἁν-

293 698 566 767 τιλήᾷεως
605 694 698 748 τοῦ
732 694 887 758 Θεοῦ,
936 696 1234 767 παρορμῶν
1281 700 1428 770 ἡμᾶς
1465 701 1600 773 πρός
1626 703 1726 773 τὴν
1769 703 1876 757 τῶν

289 789 491 860 ὁμοίων
518 789 749 857 αἴτησιν,
789 788 1062 851 Ἤκουσε,
1090 791 1244 861 φησὶ,
1269 793 1502 860 Κύριος,
1529 794 1626 848 καὶ
1646 794 1877 863 ἠλέησέ

288 899 366 949 με
393 898 405 910 ·
452 883 666 948 Κύριος
703 880 954 948 ἐγενήθη
990 883 1219 950 ,βοηθός
1241 902 1381 953 μου.
1433 885 1736 958 Εύχώμεθα
1783 884 1876 943 οὖν

290 975 385 1027 καὶ
431 976 626 1044 ἡμεῖς,
681 973 772 1026 καὶ
813 971 1104 1043 κράζωμεν
1153 974 1250 1046 τὴν
1298 980 1669 1049 πνευματικὴν
1724 979 1872 1051 βοὴν,

289 1065 599 1135 αἰτούμενοι
626 1065 691 1117 τὰ
729 1054 957 1136 μεγάλα,
993 1065 1066 1137 μὴ
1090 1068 1521 1142 ἀντιποιούμενοι
1547 1073 1645 1141 τῆς
1674 1073 1876 1144 σαρκὸς

289 1157 374 1227 (οί
402 1156 508 1225 γὰρ
532 1157 602 1208 ἐν
632 1159 808 1224 σαρκὶ
841 1157 1032 1224 ὄντες,
1061 1159 1182 1225 Θεῷ
1201 1153 1421 1229 ’ἀρέσαι
1452 1166 1523 1216 οὐ
1543 1163 1870 1232 δύνανται),

287 1247 378 1302 ἵνα
412 1249 504 1301 καὶ
536 1248 691 1318 ἡμῶν
725 1249 1004 1324 ἐπακούσῃ
1044 1253 1072 1304 6
1105 1251 1328 1324 Κύριος,
1365 1255 1594 1326 ἐλεήσας
1627 1257 1782 1328 ἡμῶν
1813 1258 1873 1310 τὸ

286 1339 531 1401 ἀσθενὲς,
579 1339 670 1391 καὶ
706 1343 806 1408 της
855 1339 1003 1403 θείας
1053 1340 1302 1411 βοηθείας
1332 1343 1738 1410 ἀπολαύσαντες
1779 1347 1872 1400 καὶ

286 1432 449 1501 ἡμεῖς
488 1431 762 1501 εἴποιμεν·
812 1433 1155 1500 "Harpe-phase
1195 1435 1302 1488 τὸν
1343 1437 1600 1489 κοπετόν
1633 1455 1752 1505 μου
1785 1440 1872 1503 εἰς

285 1522 483 1590 χαρὰν
504 1522 655 1591 ἐμοί.
705 1524 778 1576 Ού
809 1527 876 1594 τῇ
907 1525 1142 1597 τυχούσῃ
1173 1526 1316 1598 ψυχῇ
1347 1529 1378 1599 ἡ
1410 1528 1519 1581 ἀπὸ
1547 1529 1681 1583 Θεοῦ
1727 1532 1870 1603 χαρᾶ

284 1615 584 1684 ἐγγίνεται,
626 1613 738 1668 ἀλλ’
766 1614 820 1668 εἴ
855 1633 940 1680 τις
985 1617 1155 1671 πολλά
1188 1619 1284 1688 τὴν
1315 1619 1588 1692 ἁμαρτίαν
1613 1621 1709 1691 τὴν
1743 1624 1869 1676 ἑαυ-

283 1707 379 1761 τοῦ
434 1707 849 1772 ἀπεκλαύσατο,
908 1709 1148 1781 ἰσχυροῖς
1207 1709 1460 1782 ὀδυρμοῖς
1509 1713 1602 1766 καὶ
1652 1713 1870 1786 θρήνοις

281 1798 605 1868 διηνεκέσιν,
639 1798 715 1862 ὡς
755 1800 846 1852 ἐπὶ
877 1799 1133 1854 τεθνεῶτι
1178 1801 1356 1874 ἐαυτῷ
1403 1803 1630 1858 κοπετὸν
1676 1807 1865 1877 ἐποιή-

1981 610 2056 662 vit
2087 627 2332 680 quamam
2389 612 2591 666 l'neriut
2651 628 2770 682 qua:
2799 614 2918 682 ipse
2977 616 3040 670 ad
3096 617 3376 676 Dominum
3435 623 3550 676 cla-

1981 702 2166 764 mavit,
2222 701 2402 755 statim
2447 701 2538 755 Dei
2599 702 2852 763 sentiens.
2897 705 3179 772 auxilium,
3225 724 3320 763 nos
3370 711 3433 763 ad
3466 727 3554 780 pe-

1981 793 2136 846 tenda
2172 795 2364 848 similia
2390 805 2668 864 provocat.
2713 799 2965 862 Audiuit,
3016 801 3226 869 inquit,
3266 801 3544 870 Dominus,

1977 893 2023 934 et
2056 884 2297 937 misertus
2313 893 2388 937 est
2405 886 2539 938 mei:
2569 885 2821 941 Dominus
2841 889 3014 956 [actus
3037 903 3112 944 est
3140 893 3358 960 adjutor
3378 913 3543 951 meus.

1977 971 2208 1028 Oremus
2232 976 2395 1046 igitur
2421 987 2476 1030 et
2509 993 2628 1039 nos,
2663 994 2724 1032 ac
2762 979 3095 1047 spiritualem
3123 983 3415 1038 clamorem
3441 988 3548 1039 cla-

1979 1080 2207 1131 memus,
2243 1083 2347 1119 non
2398 1082 2560 1137 parva
2611 1080 2870 1135 petentes,
2914 1089 3011 1126 nec
3062 1077 3210 1129 carni
3270 1078 3546 1132 studentes

1977 1151 2104 1223 (Qui
2138 1157 2274 1207 enim
2299 1157 2354 1208 in
2372 1172 2527 1209 carne
2557 1168 2698 1223 sunt,
2720 1158 2825 1212 Deo
2843 1161 3048 1225 placere
3078 1179 3181 1216 non
3204 1182 3420 1232 possunt
3452 1167 3542 1236 “),

1975 1253 2034 1297 ut
2063 1256 2116 1297 et
2147 1261 2246 1300 nos
2276 1248 2534 1302 exaudiat
2566 1247 2725 1313 Deus,
2756 1251 3082 1308 debilitatem
3120 1269 3357 1310 nostram
3388 1259 3546 1312 mise-

1977 1346 2146 1397 ratus,
2182 1344 2345 1402 atque
2390 1339 2593 1392 auxilio
2634 1340 2818 1394 divino
2864 1341 3013 1397 fruiti
3052 1348 3214 1399 etiam
3263 1365 3360 1404 nos
3391 1351 3543 1404 dica-

1974 1439 2091 1478 mus
2123 1441 2136 1477 :
2177 1425 2336 1479 Vens.
2373 1426 2458 1479 12.
2499 1426 2812 1483 Canum-(isti
2837 1432 3106 1500 planctum
3134 1453 3300 1490 meum
3329 1439 3381 1492 in
3408 1456 3543 1508 gau-

1971 1516 2116 1568 dium
2166 1517 2314 1571 mi/ii.
2370 1517 2484 1573 Non
2524 1521 2574 1572 in
2608 1523 2846 1589 qualibet
2873 1526 3050 1578 anima
3105 1528 3243 1580 inest
3291 1532 3543 1598 gaudium

1974 1607 2065 1662 Dei
2094 1625 2108 1660 :
2143 1609 2234 1660 sed
2261 1609 2306 1661 si
2338 1610 2460 1679 quis
2495 1611 2719 1664 multum
2750 1625 3033 1683 peccatum
3061 1634 3216 1670 suum
3252 1620 3538 1689 planxerit,

1971 1701 2276 1754 vehementi
2332 1700 2583 1755 videlicet
2623 1705 2790 1770 luctu,
2842 1716 2896 1760 et
2948 1709 3179 1762 assiduis
3213 1713 3538 1780 gemitibus,

1969 1793 2196 1860 perimle
2219 1795 2372 1862 quasi
2405 1810 2463 1851 se
2500 1796 2613 1864 ipse
2643 1809 2912 1852 mortuum
2947 1801 3265 1869 plauxisset,
3305 1807 3428 1861 huic
3454 1809 3541 1863 isti

283 1907 448 1954 σατο,
476 1892 569 1944 τοῦ
601 1892 843 1944 τοιούτου
879 1892 907 1944 ὁ
942 1894 1169 1957 κοπετδς
1216 1897 1294 1958 είς
1336 1895 1509 1966 χαρὰν
1559 1897 1857 1969 στρέφεται.

1972 1886 2223 1951 planctus
2260 1886 2310 1939 iu
2353 1888 2603 1956 gaudium
2633 1892 2878 1946 vertitur.
2913 1894 3063 1959 Quod
3090 1906 3270 1950 autem
3303 1898 3542 1954 laudabi-

284 1987 412 2050 ζὐτι
450 1987 508 2040 δέ
544 1989 691 2040 ἐστιν
728 1988 1027 2053 ὲπαινετῶς
1076 1989 1378 2058 κόψασθαι,
1425 1991 1675 2062 δηλοῦσιν
1716 1997 1764 2047 οἱ
1810 1997 1868 2049 ἐν

280 2082 404 2142 ταῖς
428 2081 652 2149 ἀγοραῖς
682 2079 979 2150 καθήμενοι
1034 2081 1240 2146 παῖδες,
1275 2085 1323 2134 oi
1358 2083 1635 2151 λέγοντες·
1674 2085 1869 2155 Ἐθρη-

280 2167 558 2238 νήσαμει·
585 2169 744 2238 ὑμῖν,
791 2170 886 2224 καὶ
929 2173 1039 2224 οὐκ
1075 2171 1384 2239 ἐκόψασθε
1413 2173 1558 2243 (74)·
1593 2176 1869 2244 ηὐλήσα-

280 2276 395 2329 μεν
414 2259 576 2329 ὑμῖν,
607 2260 707 2313 καὶ
732 2263 841 2314 οὐκ
867 2260 1245 2330 ὠρχήσασθε.
1277 2264 1431 2316 Ἔστι
1458 2264 1514 2317 δὲ
1541 2267 1570 2318 6
1597 2265 1758 2330 αύλὺς
1778 2267 1868 2340 ὅρ-

280 2367 446 2418 γανον
478 2352 733 2422 μουσικὴν
776 2351 1045 2422 πνεύματι
1096 2353 1341 2425 συνεργῷ
1386 2356 1524 2426 πρὸς
1583 2356 1680 2428 τὴν
1741 2358 1868 2428 μελ-

279 2443 444 2512 ῳδίαν
461 2442 761 2514 χρώμενον.
782 2443 981 2514 Διόπερ
1015 2439 1166 2513 οἶμαι
1197 2445 1374 2498 πάντα
1401 2445 1553 2514 ἅγιον
1580 2449 1866 2519 προφήτην

280 2535 441 2587 αύλὸν
475 2534 748 2606 τροπικῶς
787 2535 1146 2606 ὀνομάζεσθαι
1191 2535 1278 2589 διὰ
1321 2537 1417 2608 τὴν
1459 2541 1521 2592 ἐκ
1568 2539 1663 2592 τοῦ
1707 2541 1862 2608 ἁγίου

278 2623 596 2694 Πνεύματος
649 2624 881 2693 κίνησιν.
935 2625 1164 2697 Διόπερ.
1233 2627 1430 2697 φησὶν,
1493 2628 1865 2699 Ηύλήσαμεν

276 2716 440 2785 ὑμῖν,
474 2717 571 2769 καὶ
591 2719 701 2770 οὐκ
723 2717 1102 2786 ὠρχήσασθε.
1140 2721 1202 2771 Ui
1228 2719 1336 2790 γὰρ
1365 2722 1689 2792 προφητικοὶ
1715 2722 1863 2792 λόγοι

275 2807 682 2878 προτρέπονται
740 2809 890 2878 ἡμᾶς
937 2807 1030 2860 ἐπὶ
1089 2806 1188 2879 τὴν
1233 2807 1502 2879 εύρυθμον
1553 2808 1654 2878 τῆς
1700 2809 1863 2878 ἁγίας

275 2901 611 2972 προφητείας
647 2901 948 2972 ἐνέργειαν,
1008 2900 1128 2970 ἥτις
1168 2901 1380 2972 εἴρηται
1410 2901 1654 2972 ὄρχησις.
1703 2901 1861 2954 Ἀλλὰ

276 2992 369 3044 καὶ
405 2991 690 3063 θρηνοῦσιν
721 2993 852 3062 ἡμῖν
893 2992 940 3043 οἱ
987 2992 1260 3062 προφῆται
1287 3032 1300 3054 ,
1351 2992 1430 3053 εἰς
1458 2991 1687 3044 κοπετὸν
1714 2993 1862 3062 ἡμᾶς

276 3085 729 3156 προκαλούμενοι,
763 3086 868 3148 ἵνα,
903 3087 981 3148 είς
1007 3083 1358 3154 συναίσθησιν
1392 3083 1634 3148 ἐλθόντες
1667 3085 1730 3137 ὲκ
1754 3085 1860 3139 τῶν

277 3178 631 3248 προφητικῶν
653 3177 827 3245 λόγων
855 3176 947 3229 ἐπὶ
974 3179 1087 3240 τοῖς
1116 3174 1324 3228 ἑαυτῶν
1359 3176 1736 3247 ἁμαρτήμασι,
1764 3193 1861 3228 κα·-

271 3269 704 3339 ταπενθήσωμεν
739 3267 894 3339 ἡμῶν
941 3268 1040 3339 τὴν
1086 3265 1359 3320 ἀπώλειαν
1382 3309 1397 3334 ,
1435 3269 1491 3319 ὲν
1538 3269 1730 3332 κόποις
1769 3269 1861 3321 καὶ

277 3360 492 3430 μόχθοις
533 3361 632 3431 τὴι
681 3361 859 3432 σάρκα
911 3358 1069 3431 ήμῶν
1121 3358 1554 3422 καταπιέσαντες
1591 3358 1721 3429 (75).
1770 3357 1861 3430 Τῷ

272 3453 499 3525 τοιούτῳ
544 3452 724 3505 τοίνυν
765 3453 1195 3524 περιρρήγνυται
1251 3451 1347 3521 μὲν
1384 3451 1444 3504 τὸ
1474 3449 1726 3505 πενθικδν
1773 3451 1858 3505 ἔν-

269 3543 439 3615 δυμα,
485 3543 514 3597 ὃ
544 3543 901 3597 καταπενθῶν
948 3543 1140 3596 ἑαυτοῦ
1169 3543 1268 3614 τὴν
1297 3543 1569 3613 ἁμαρτίαν
1603 3544 1859 3614 περιεϐά-

268 3640 412 3693 λετο.
465 3638 806 3711 Περιτίθεται
835 3638 890 3690 δὲ
922 3637 1070 3708 αὐτῷ
1107 3639 1134 3690 6
1167 3635 1332 3707 χιτὼν
1365 3637 1464 3706 τῆς
1496 3636 1854 3708 εὐφροσύνης,

267 3733 365 3785 καὶ
393 3732 455 3784 τὸ
502 3731 715 3802 ἱμάτιον
759 3730 852 3783 τοῦ
887 3729 1175 3799 σωτηρίου,
1215 3727 1283 3781 τὰ
1315 3727 1515 3800 φαιδρά
1547 3728 1717 3781 ταῦτα
1763 3730 1857 3783 καὶ

266 3826 482 3896 γαμικά
505 3824 798 3893 ἐνδύματα,
827 3817 908 3886 οἷς
939 3823 966 3874 6
992 3821 1404 3892 κεκοσμημένος
1433 3823 1497 3873 ἐκ
1523 3819 1616 3873 τοῦ
1639 3821 1858 3892 νυμφῶ-

266 3935 358 3980 νος
388 3918 487 3969 ούκ
518 3914 934 3986 ἐκϐληθήσεται.
965 3911 1287 3981 Διέῤῥηξας
1317 3911 1424 3965 τὸν
1458 3911 1690 3965 σάκκον
1711 3929 1852 3981 μου,

267 4009 367 4061 καὶ
393 4006 749 4076 περιέζὶυσάς
770 4023 845 4075 με
863 4006 1273 4074 εὐφροσύνην.
1301 4004 1566 4075 Συνεργὸς
1589 4005 1669 4066 είς
1692 4003 1856 4074 μετά-

265 4116 415 4153 νοιαν
436 4100 464 4151 6
489 4099 709 4162 σάκκος,
733 4096 1113 4160 ταπεινώσεως
1140 4097 1403 4168 ὑπάρχων
1430 4097 1696 4168 σύμϐολον
1719 4097 1850 4168 (76).

267 4193 461 4246 Πάλαι
485 4195 594 4262 γὰρ
627 4191 704 4245 ἂν·
735 4192 806 4245 ἐν
838 4191 1065 4257 σάκκῳ,
1117 4191 1271 4262 φησὶ,
1323 4191 1422 4244 καὶ
1466 4191 1675 4258 σποδῷ
1711 4196 1853 4246 καθ-

265 4284 472 4356 ήμενοι
488 4285 886 4356 μετενόησαν.
904 4284 1057 4337 Ἐπεὶ
1086 4283 1142 4337 δὲ
1165 4287 1194 4337 6
1228 4283 1546 4346 Ἀπόστολος
1578 4284 1688 4353 (77)
1718 4287 1856 4339 ἀνα-

263 4379 695 4448 κεκαλυμμένῳ
731 4376 1028 4445 προσώπῳ
1065 4374 1180 4443 τὴν
1217 4374 1411 4444 αὐτὴν
1443 4376 1646 4429 εἰκόνα
1690 4393 1854 4446 μετα-

265 4470 570 4542 μορφοῦται
600 4469 718 4524 ἀπὸ
748 4456 937 4537 δόξης
965 4471 1054 4535 εἰς
1079 4467 1285 4532 δόξαν,
1311 4469 1409 4540 τὴν
1429 4468 1674 4522 δοθεῖσαν
1702 4468 1851 4540 αὐτῷ

1970 1975 2034 2030 lis
2061 1976 2131 2031 sit
2162 1977 2332 2033 luctus
2359 1982 2596 2050 quidam,
2629 1987 2919 2039 ostendunt
2941 1989 3087 2054 pueri
3121 1990 3170 2042 iu
3197 1989 3314 2046 foro
3347 1993 3542 2048 seden-

1971 2078 2052 2122 tes
2084 2085 2146 2124 ac
2173 2071 2417 2128 dicentes
2443 2090 2456 2128 :
2488 2073 2791 2129 Lamentati
2829 2095 3011 2133 “unus
3042 2081 3205 2145 vobis,
3226 2093 3272 2135 et
3292 2099 3394 2136 non
3424 2084 3542 2150 plo-

1968 2163 2129 2216 rastis
2153 2179 2174 2218 :
2221 2168 2548 2220 cantavimus
2583 2168 2726 2221 vobis
2758 2170 2921 2234 tibiis,
2958 2181 3008 2224 et
3059 2189 3161 2227 non
3193 2175 3429 2229 saltastit
3468 2176 3538 2232 “.

1967 2253 2121 2307 Tibia
2154 2265 2332 2310 autem
2361 2259 2775 2314 instrumentum
2826 2264 3088 2318 musicum
3117 2275 3220 2330 est,
3255 2269 3400 2335 quod
3443 2268 3541 2322 lla-

1971 2351 2057 2396 tus
2092 2359 2191 2414 ape
2222 2345 2463 2402 tuelodize
2496 2349 2743 2406 inservit.
2790 2349 2999 2407 Idcirco
3035 2367 3282 2410 sanctqu
3310 2359 3540 2427 queruli-

1967 2436 2059 2489 bet
2084 2437 2400 2506 prophetam
2442 2441 2626 2495 tibiam
2657 2459 2752 2512 per
2805 2445 3215 2501 translationem
3268 2451 3537 2506 nominari

1965 2528 2221 2596 arbitror,
2262 2533 2331 2586 ob
2390 2535 2562 2588 sancti
2607 2536 2840 2604 Spiritus
2865 2547 3085 2592 motum.
3126 2540 3488 2607 Quamobrem
3519 2585 3536 2611 ,

1967 2620 2160 2691 inquit,
2192 2620 2528 2680 Cautavimus
2552 2627 2691 2680 vobis
2723 2630 2889 2693 tibiis,
2915 2641 2964 2684 et
2989 2648 3090 2685 non
3117 2633 3372 2688 saltastis.
3403 2637 3534 2690 Nam

1965 2714 2264 2782 prophetici
2289 2731 2570 2771 sermones
2595 2718 2952 2774 adhortantur
2970 2737 3066 2775 nos
3096 2725 3162 2775 ad
3184 2735 3385 2779 sancta:
3412 2742 3537 2795 pro-

1963 2805 2158 2874 phetizc
2175 2807 2493 2860 concinnam
2517 2810 2805 2876 actionem,
2832 2813 3356 2884 qumdicta131est
3377 2817 3539 2871 salta-

1964 2896 2206 2962 tio.Quin
2223 2897 2385 2951 etiam
2402 2909 2584 2953 nostra
2605 2917 2762 2956 causa
2781 2903 3142 2958 lamentantur
3157 2911 3449 2978 prophetae,
3468 2913 3536 2965 ad

1963 2987 2165 3041 luctutn
2197 3005 2296 3044 uos
2328 2992 2702 3062 cohortantes,
2731 3006 2783 3047 ul
2813 3011 2908 3064 per
2949 3001 3292 3067 propheticos
3322 3017 3532 3057 sermo-

1965 3095 2060 3133 nes
2091 3091 2438 3147 peccatorum
2475 3094 2784 3140 nostrorum
2817 3090 3018 3151 conscii
3055 3091 3264 3157 effecti,
3305 3095 3530 3149 exitium

1965 3181 2208 3225 nostrum
2235 3172 2536 3241 lugeamus,
2578 3175 2853 3234 laboribus
2896 3195 2958 3234 ac
2998 3186 3254 3239 aarunmis
3309 3203 3530 3242 carnem

1963 3273 2200 3318 nostram
2232 3267 2577 3336 castigantes.
2607 3266 2723 3323 Tali
2751 3271 3134 3338 igiturbomini
3162 3276 3405 3332 luctuosa
3437 3295 3530 3334 ve-

1961 3356 2060 3410 stis
2083 3358 2476 3424 conscinditur,
2505 3375 2662 3428 quam
2690 3378 2812 3416 cum
2861 3375 3142 3434 peccatum
3193 3383 3351 3423 suum
3387 3370 3532 3439 plan-

1961 3454 2132 3513 geret,
2172 3445 2443 3500 induerat.
2499 3447 2741 3518 Denique
2773 3450 2820 3504 ei
2870 3453 3298 3522 circumpouitur
3347 3457 3530 3511 tunica

1960 3535 2176 3598 laetitiae,
2202 3545 2257 3591 et
2284 3537 2504 3606 pallium
2541 3539 2755 3604 salutis,
2781 3541 3061 3612 splendida
3105 3544 3313 3600 scilicet
3357 3547 3445 3601 illa
3476 3557 3532 3603 et

1961 3628 2224 3697 nuptialia
2254 3629 2596 3694 indumenta,
2629 3633 2827 3702 quibus
2862 3635 2907 3687 si
2943 3636 3064 3704 quis
3093 3635 3252 3690 fuerit
3279 3647 3528 3700 ornatus,

1959 3735 1989 3776 e
2015 3722 2241 3789 nuptiali
2269 3722 2505 3777 thalamo
2542 3739 2648 3777 non
2680 3726 2944 3794 ejicietur.
2972 3727 3290 3784 Conscidisti
3319 3746 3528 3785 saccum

1957 3829 2150 3878 meum,
2169 3825 2216 3869 et
2232 3815 2626 3871 circumdedisti
2641 3833 2722 3871 me
2748 3813 2958 3874 lw’titia.
2980 3819 3182 3876 Saccus
3213 3821 3528 3892 adjumento

1956 3915 2039 3960 est
2089 3905 2154 3960 ad
2201 3907 2593 3976 paenitentiam,
2644 3923 2766 3963 cum
2817 3910 3029 3979 signum
3077 3915 3148 3966 sit
3185 3911 3524 3969 humilitatis.

1958 3994 2100 4052 Olim
2130 3998 2296 4060 enim,
2331 3998 2524 4066 inquit,
2559 4001 2614 4053 in
2639 4015 2790 4052 sacco
2813 4010 2861 4053 et
2902 4002 3074 4053 cinere
3107 4005 3340 4057 sedentes
3367 4006 3529 4072 paeni-

1957 4089 2172 4142 tentiam
2204 4100 2419 4160 egerunt
2449 4089 2515 4142 “.
2541 4091 2802 4156 Quoniam
2844 4106 2972 4145 vero
3004 4091 3326 4161 Apostolus,
3385 4111 3528 4150 reuc-

1954 4182 2063 4236 lata
2099 4183 2254 4251 facie,
2301 4183 2370 4236 ad
2425 4185 2658 4237 eamdem
2708 4182 2990 4252 imaginem
3045 4185 3464 4240 transformatur
3492 4205 3528 4244 ιτ

1952 4274 2124 4345 gloria
2142 4275 2196 4328 in
2217 4275 2440 4344 gloriam
2456 4276 2522 4340 ";
2553 4275 2750 4329 idcirco
2776 4275 2953 4328 datam
2978 4275 3079 4330 sibi
3105 4293 3132 4330 a
3159 4277 3387 4331 Domino
3404 4294 3526 4348 gra-

1956 4368 2104 4432 tiam,
2136 4368 2410 4437 propriam
2445 4368 2669 4436 gloriam
2697 4379 2873 4422 vocat.
2913 4367 3074 4424 Vens.
3111 4369 3197 4424 13.
3243 4367 3315 4423 Ut
3348 4381 3525 4424 cantet

1954 4458 2049 4511 tibi
2064 4457 2235 4527 gloria
2263 4474 2398 4512 mea.
2417 4457 2598 4514 Gloria
2626 4458 2780 4526 justi,
2801 4460 3024 4528 spiritus
3049 4460 3138 4529 qui
3182 4460 3232 4514 in
3271 4460 3390 4530 ipso
3419 4472 3522 4517 est.

261 4565 422 4634 χάριν
455 4563 563 4616 ἀπὸ
589 4562 682 4615 τοῦ
717 4561 920 4632 Κυρίου
971 4561 1108 4614 ἰδίαν
1145 4560 1294 4628 λέγει
1321 4560 1500 4626 δόξαν.
1554 4560 1746 4626 Ὅπως
1772 4559 1849 4612 ἂν

1960 4550 2208 4619 Quisquis
2237 4552 2398 4621 igitur
2435 4552 2626 4623 Spiritu
2663 4553 2863 4622 psallit,
2897 4555 3042 4608 dicat
3074 4572 3087 4608 :
3140 4552 3208 4606 Ut
3232 4562 3406 4608 cantet
3432 4555 3524 4608 tibi

258 4655 434 4725 prun
461 4670 558 4708 σοι
581 4655 617 4721 ἡ
643 4653 792 4716 δόξα
805 4670 943 4722 μου.
963 4652 1098 4718 Δόξα
1129 4652 1337 4706 δικαίου
1368 4653 1430 4706 τὸ
1453 4651 1667 4723 πνεῦμα
1694 4651 1754 4704 τὸ
1786 4653 1844 4704 ὲν

259 4747 428 4817 αύτῷ.
485 4747 543 4799 '0
574 4741 667 4798 οὖν
695 4744 911 4815 ψάλλων
935 4743 1012 4814 τῷ
1050 4744 1343 4816 πνεύματι,
1375 4744 1579 4814 λεγέτω
1599 4761 1612 4776 ο
1645 4745 1844 4811 ’Ὅπως

330 4909 374 4943 δ’
407 4910 558 4966 Rom.
590 4927 705 4972 VIII,
756 4913 808 4967 8.
885 4910 930 4942 “
958 4909 1086 4964 Luc.
1119 4925 1218 4972 VII,
1251 4909 1344 4963 32.
1417 4909 1463 4941 ⁸³
1491 4907 1623 4964 Lttc.
1661 4925 1715 4976 χ,
1747 4909 1838 4965 15.

252 5071 424 5128 editio
463 5069 634 5124 Paris.
677 5068 1013 5140 ἀντιλήψεως
1058 5069 1158 5141 τῆς
1199 5066 1319 5122 τοῦ.
1371 5067 1477 5124 Sed
1514 5067 1664 5134 illud,
1707 5068 1829 5141 τῆς,

256 5142 386 5196 deﬁt
419 5143 468 5193 in
490 5144 725 5208 quinque
748 5157 875 5194 mss.

327 5211 440 5284 (Ἡ)
481 5209 684 5284 Tenus
715 5225 869 5264 sacer
905 5207 1229 5284 ἐκλαύσατε.

324 5277 438 5353 (75)
476 5280 920 5353 (ἒοιικηιιιιιιιιρεΔ
953 5279 1278 5353 πιέσαντες.
1335 5278 1542 5353 Statim
1599 5277 1816 5353 plurimi

253 5347 385 5405 mss.
418 5347 788 5422 περιεϐάλετο.
828 5349 1002 5404 Editio
1051 5347 1221 5422 Paris.
1271 5349 1675 5422 περιεϐάλλετο.
1713 5348 1823 5403 lbi-

249 5423 371 5478 dem
405 5419 574 5486 maior
608 5437 732 5489 pars
762 5435 887 5473 mss.
916 5419 1248 5490 περιτίθεται
1279 5419 1549 5490 sanatos.

325 5491 437 5561 (76)
476 5487 651 5546 Ειιίιῖο
686 5500 866 5545 nostra
903 5487 1080 5561 Paris.
1100 5506 1222 5561 cum
1258 5487 1551 5561 uuoColb.
1581 5488 1819 5560 σύμϐου-

245 5558 359 5616 λον.
409 5558 479 5616 At
541 5562 690 5614 ttmlti
750 5575 878 5612 mss.
939 5558 1226 5628 σύμϐολον.
1277 5560 1479 5614 Ibidem
1535 5558 1702 5614 editio
1757 5561 1816 5612 ἐν

247 5634 460 5703 σάκκῳ,
511 5632 697 5702 φησὶν,
733 5631 783 5684 οἱ
827 5629 1094 5703 πατέρες,
1129 5641 1234 5685 etc.
1284 5631 1357 5703 At
1388 5631 1555 5703 illud,
1605 5631 1654 5683 οἱ
1707 5646 1815 5703 πα-

244 5693 424 5775 τέρες,
445 5693 612 5756 deest
646 5693 696 5775 in
717 5717 861 5775 mss.
893 5693 1123 5775 perinde
1149 5700 1666 5775 atquenin-edit-ione
1707 5699 1811 5753 Ba-

245 5768 331 5826 sil'.
362 5775 559 5828 Ibidem
580 5772 728 5824 multi
751 5786 876 5843 mss.
900 5785 1021 5843 cum
1044 5768 1278 5843 editione
1300 5768 1461 5843 Basil.
1486 5769 1820 5843 καθήμεναι.

243 5845 347 5899 Alii
395 5859 522 5898 mss.
551 5857 671 5896 cum
710 5841 945 5894 editione
980 5839 1147 5893 Paris.
1179 5839 1501 5910 καθήμενοι.

568 5935 839 5997 ΡΑτιιοι..
888 5937 1006 5995 Gn.
1053 5934 1262 5996 XXIX

1951 4646 2121 4716 gloria
2149 4662 2286 4709 mea,
2325 4655 2371 4699 et
2402 4662 2502 4699 non
2528 4662 2869 4714 compungar.
2906 4645 3020 4700 Non
3049 4644 3295 4716 amplius,
3327 4646 3534 4715 inquit,

1951 4738 2234 4794 admittam
2263 4737 2390 4802 ulla,
2436 4739 2504 4793 ob
2540 4753 2660 4807 quae
2703 4723 2832 4807 jure
2869 4752 2934 4790 ac
2982 4739 3176 4792 merito
3217 4753 3313 4792 cor
3344 4753 3521 4792 meum

1910 4905 1955 4938 ⁸⁵
1986 4903 2027 4958 ll
2062 4903 2186 4958 Cor.
2218 4918 2298 4968 ιιι,
2331 4902 2397 4956 18

2014 5068 2126 5138 (77)
2166 5067 2271 5121 Alii
2319 5081 2450 5124 mss.
2495 5081 2622 5138 cum,
2674 5067 2905 5138 editis_6
2961 5066 3300 5132 Ἀπόστολος.
3338 5067 3440 5121 Alii
3488 5067 3519 5119 6

1940 5136 2127 5205 ἅγιος,
2175 5138 2374 5192 omissa
2425 5152 2554 5208 voce
2613 5136 2956 5200 Ἀπόστολος.
3006 5139 3203 5208 llegius
3251 5138 3519 5208 secundus

1940 5209 2158 5262 exhibet
2184 5211 2470 5276 utramque
2495 5207 2801 5272 lectionem,
2827 5225 2986 5262 unam
3015 5210 3066 5262 in
3092 5206 3367 5271 contextu,
3391 5206 3519 5258 alte-

1928 5293 2044 5330 ram
2059 5278 2118 5348 iu
2142 5278 2403 5348 margine.
2422 5279 2550 5347 Reg.
2566 5279 2786 5348 quintus
2805 5289 3088 5348 utramque
3104 5279 3302 5348 junxit.
3317 5279 3343 5331 6
3363 5277 3518 5344 ἅγιος

1937 5347 2282 5410 Ἀπόστολος.
2320 5348 2558 5418 Respicit
2581 5347 2833 5419 _Basilius
2869 5351 2935 5402 ad
2968 5347 3129 5419 caput
3171 5347 3385 5419 tertium
3433 5363 3516 5397 se-

1924 5419 2115 5498 cunda:
2165 5415 2442 5498 .Epistolfe'
2463 5419 2530 5473 ad
2566 5417 2881 5498 geritithios
2925 5415 3067 5498 vers.
3117 5419 3200 5498 l_8,
3241 5418 3327 5468 ubi
3361 5415 3515 5498 [ipo-

1924 5487 2095 5569 stolus
2133 5490 2211 5542 sic
2241 5489 2519 5569 loquitur:
2564 5488 2762 5569 ςΗμεζς
2787 5490 2855 5569 ¹δὲ
2890 5489 3090 5569 παντες
3130 5487 3516 5569 ἀνακεκαλυμο

1925 5557 2070 5630 μένῳ
2104 5557 2495 5630 appetitum..."
2523 5557 2652 5630 τῆν’
2676 5559 2847 5627 αὐτὴν
2901 5560 3087 5612 εἰκόνα
3135 5557 3516 5630 μεταμορφού-

1925 5558 2070 5628 μένῳ
2104 5558 2495 5630 προσώπῳ.....
2523 5558 2651 5685 «652v
2676 5559 2847 5627 αὐτὴν
2901 5560 3087 5612 εἰκόνα
3135 5558 3512 5628 μεταμορφού-

1924 5629 2066 5700 μεθα
2102 5629 2211 5682 ἀπὸ
2241 5629 2398 5700 δόξης
2431 5631 2511 5693 είς
2601 5630 2718 5694 ξαν,
2760 5630 2874 5683 Nos
2909 5645 3029 5689 vero
3059 5644 3238 5700 omnes
3279 5625 3512 5680 revelata

1924 5698 2226 5768 μείου...
2274 5702 2328 5752 in
2357 5698 2603 5754 eamdem
2655 5701 2940 5767 imaginem
2983 5698 3430 5768 transformamur
3475 5711 3513 5751 α

1926 5769 2169 5840 claritate
2207 5772 2264 5825 in
2312 5771 2627 5827 claritatem.
2673 5771 2872 5825 Ibidem
2923 5769 3140 5840 plurimi
3189 5783 3319 5823 mss.
3357 5769 3511 5822 ἐπει.-

1928 5838 2066 5911 aut.

3115 5931 3178 5995 ιι
