4008 6402
481 409 588 466 325

1819 411 1875 469 S.
1919 409 2162 467 BASILII
2203 407 2420 462 MAGNI

3636 406 3744 462 39-4

481 539 894 600 compungatur,
938 529 1386 600 conlodiaturque
1420 531 1487 586 ob
1524 532 1728 600 peccati
1777 532 1878 586 mei
1932 548 2034 587 me-

2162 525 2423 594 argi-(3.11,
2453 539 2548 577 σοι
2592 524 2630 591 ἡ
2675 523 2824 587 δόξα
2857 541 3000 591 μου,
3035 523 3134 576 καὶ
3174 523 3246 576 οὺ
3284 524 3368 594 μὴ
3404 521 3742 591 κατανυγῶ.

485 625 730 677 tuoriam.
766 620 981 675 Domine
1011 620 1149 675 Deus
1176 637 1344 684 meus,
1376 623 1430 674 in
1464 632 1718 676 wternum
1761 623 2048 690 conﬁtebor

484 716 579 767 tibi
609 730 626 768 :
665 716 766 769 hoc
787 721 891 777 est,
923 712 1091 783 Agam
1124 714 1347 783 gratias.
1373 713 1504 767 Cum
1530 715 1672 766 enim
1698 723 1913 783 propter
1941 730 2051 784 pte-

487 808 765 863 nilentiam
795 807 922 860 mihi
955 808 1162 860 veniam
1189 807 1419 870 dederis,
1449 821 1660 873 meque,
1684 807 1893 860 sublato
1920 823 2047 875 pec-

484 911 728 953 catorum
770 899 1054 961 dedecore,
1102 898 1167 950 ad
1225 897 1449 967 gloriam
1488 898 1788 959 reduxeris,
1820 899 1940 952 ideo
1995 899 2046 951 in

485 1006 646 1044 omne
675 1006 846 1044 aevum
873 988 1170 1043 conﬁtebor
1199 990 1314 1042 tibi.
1357 988 1505 1053 Quod
1529 990 1669 1042 enim
1699 1000 1904 1043 tantum
1929 1005 2048 1045 esse

486 1083 661 1146 possit
698 1082 955 1150 temporis
985 1080 1346 1140 intervallum,
1389 1083 1530 1149 quod
1581 1090 1852 1134 tantorum
1887 1082 2049 1136 bene-

485 1169 728 1225 ﬁciorum
753 1169 1076 1224 oblivionem
1103 1174 1294 1221 anima:
1325 1184 1456 1220 mem
1489 1167 1738 1220 inducere
1769 1169 1975 1236 queat?

2161 619 2354 672 Οὐκέτι
2401 618 2494 688 μὴ,
2548 619 2699 687 φησι,
2741 619 2948 687 ποιήσω
2994 615 3117 680 ἄξια
3162 616 3257 669 τοῦ
3304 617 3746 670 κατανύτσεσθαι

2161 712 2256 764 καὶ
2284 708 2727 764 κατακεντεῐσθαι
2774 709 2872 780 τὴν
2925 708 3151 778 καρδίαν
3193 709 3287 762 ἐπὶ
3435 708 3749 778 ὑπομνήσει

2160 800 2260 868 τῆς
2307 799 2578 870 ἁμαρτίας
2630 815 2750 870 μου.
2806 799 2980 866 Κύριε
3028 800 3061 850 ό
3119 800 3263 863 Θεός
3302 815 3442 866 μου,
3495 799 3582 862 εις
3637 795 3750 848 τὸν

2160 893 2344 945 αἰῶνα
2363 891 2878 960 ἐξομολογησομαί
2896 906 3017 943 σοι·
3044 890 3162 942 ἀντὶ
3183 889 3298 951 τοῦ,
3322 889 3742 961 Εὐχάριστὴσω.

2170 987 2390 1056 Ἐπειδὴ
2421 985 2530 1056 γὰρ
2579 983 2786 1047 ἔδωκάς
2819 1002 2906 1054 μοι
2939 983 3033 1054 τὴν
3070 985 3134 1036 ἐκ
3166 983 3267 1051 τῆς
3295 983 3582 1054 μετανοίας
3613 997 3747 1046 συγ-

2156 1076 2419 1148 χώρησιν,
2455 1077 2550 1130 καὶ
2583 1075 2927 1146 ὲπανήγαγὲς
2974 1092 3040 1145 με
3075 1077 3153 1137 είς
3181 1074 3356 1140 δόξαν,
3383 1075 3483 1144 τὴν
3524 1075 3590 1126 ἐκ
3633 1073 3748 1125 τῶν

2155 1169 2570 1240 ἁμαρτημάτων
2627 1168 2886 1239 αἰσχύνην
2945 1166 3246 1238 περιελὼν,
3307 1167 3394 1220 διὰ
3450 1167 3611 1219 τοῦτο
3662 1168 3746 1228 εἰς

484 1264 658 1316 πάντα
702 1262 794 1314 τὸν
841 1260 1012 1315 αίῶνα
1061 1259 1522 1332 ἐξομολογησομαί
1575 1276 1676 1312 σοι.
1724 1261 1788 1312 Τί
1835 1261 1942 1331 γὰρ
1997 1261 2060 1315 ἂν
2098 1261 2312 1330 γένοιτο
2340 1264 2591 1316 τοσοῦτον
2630 1263 2821 1335 χρόνον
2890 1262 3199 1333 διάστημα,
3248 1262 3276 1314 ὃ
3332 1263 3396 1331 τῇ
3445 1263 3550 1332 ἐμῇ
3592 1261 3746 1331 ψυχῇ

483 1355 651 1426 λήθην
689 1355 796 1407 τῶν
837 1352 1168 1424 τηλικούτων
1215 1352 1544 1422 εὐεργεσιῶν
1585 1354 1877 1423 ἐμποιῆσαι
1912 1354 2234 1424 δυνήσεται;

932 1546 995 1600 IN
1032 1543 1357 1599 PSALMUM
1387 1543 1598 1598 XXXII.

485 1663 957 1732 Exsultale,justi,
977 1661 1029 1713 in
1049 1659 1314 1713 Domino:
1349 1669 1513 1711 rectos
1545 1658 1686 1712 decet
1707 1658 2055 1716 collaudatio.

2358 1545 2496 1598 ΤΟΥ
2520 1545 2752 1597 ΑΥΤΟΥ
2778 1546 2884 1597 ΕΙΣ
2914 1545 3050 1597 ΤΟΝ
3073 1545 3174 1598 ΛΒ¹
3204 1546 3522 1598 ΨΑΛΜΟΝ.

2234 1633 2640 1700 Ἄτα-ιιιιῖσθε,
2676 1637 2912 1700 δίκαιοι,
2941 1638 3010 1690 ἐν
3037 1638 3260 1704 Κυρίῳο
3304 1637 3427 1703 τοῖς
3463 1639 3671 1694 εὐθέσι

2687 1707 2898 1775 πρέπει
2950 1709 3209 1773 αἴνεσις.

2083 1835 2126 1890 Β
2223 1799 2273 1853 1.
2313 1797 2558 1870 Συνήθης
2598 1801 2664 1871 τῇ
2707 1800 2897 1870 Γραφῇ
2946 1799 3044 1870 τῆς
3076 1798 3445 1868 ἀγαλλιάσεως
3479 1801 3513 1872 ἡ
3563 1801 3744 1872 φωνὴ,

2155 1890 2520 1962 φαιδροτάτην
2545 1891 2665 1944 τινὰ
2694 1892 2788 1944 καὶ
2825 1890 3100 1963 περιχαρῆ
3142 1892 3478 1945 κατάστασιν
3510 1891 3611 1963 τῆς
3637 1893 3744 1963 ψυο

2155 1983 2254 2053 χῆς
2297 1982 2391 2034 ἐπὶ
2433 1985 2546 2046 τοῖς
2592 1982 2764 2048 ἀξίοις
2806 1982 3069 2053 εὐθυμίας
3121 1983 3476 2054 ἐμφαίνουσα.
3539 1988 3744 2054 Ἀγαλ-

2153 2072 2365 2126 λιᾶσθε
2413 2067 2526 2136 οῦν,
2573 2071 2810 2134 δίκαιοι,
2855 2072 2926 2125 ἑν
2953 2073 3146 2139 Κυρίῳ
3170 2089 3184 2104 ·
3230 2072 3305 2144 μὴ
3340 2073 3465 2126 ὅταν
3493 2075 3622 2144 ὑμῖν
3649 2076 3745 2127 εὐ-

2155 2165 2382 2236 θηνῆται
2411 2165 2476 2218 τά
2520 2165 2663 2218 κατά
2707 2165 2798 2218 τὸν
2843 2159 2989 2218 οἶκον
3024 2165 3160 2235 (78),
3202 2164 3276 2236 μὴ
3322 2167 3450 2218 ὅταν
3477 2167 3745 2235 εὐεκτῆτε

2153 2255 2230 2328 τῷ
2269 2256 2501 2327 σώματι,
2539 2257 2615 2330 μὴ
2652 2258 2778 2310 ὅταν
2816 2259 2870 2310 αἱ
2909 2258 3140 2329 ἄρουραι
3167 2256 3478 2328 πληθύνωσι
3511 2261 3746 2329 καρπῶν

2155 2345 2508 2400 παντοδαπῶν
2530 2362 2542 2374 ·
2581 2345 2698 2400 ἀλλ’
2725 2347 2806 2399 ὅτι
2843 2345 3047 2416 Κύριον
3073 2345 3247 2414 ἔχετε,
3281 2344 3520 2398 τοιοῦτον
3555 2347 3654 2415 μὲν
3683 2346 3748 2398 τὸ

2155 2439 2368 2504 κάλλος,
2399 2438 2641 2493 τοιοῦτον
2676 2439 2732 2492 δέ
2763 2440 2861 2510 τὴν
2895 2438 3226 2510 ἀγαθότητα,
3264 2439 3361 2510 τὴν
3411 2438 3603 2506 σοφίαν
3631 2455 3746 2490 τοι·

2155 2530 2328 2584 οῦτον.
2376 2531 2640 2603 Ἀρκείτω
2691 2531 2820 2601 ὑμῖν
2866 2534 2899 2602 ἡ
2946 2532 3034 2584 ἐπ’
3067 2531 3216 2602 αὐτῷ
3251 2517 3748 2602 εὐφροσύνη.’Καὶ

2156 2622 2330 2676 ἔοικεν
2371 2625 2398 2675 ὁ
2441 2624 2556 2694 μετ’
2585 2623 2924 2694 εὐφροσύνης
2964 2623 3060 2676 καὶ
3091 2625 3266 2694 χαρᾶς
3305 2623 3746 2694 ἐπαγαλλόμενος

2155 2731 2260 2767 τινι
2284 2713 2391 2768 τῶν
2423 2714 2936 2784 περισπουδάστων,
2972 2713 3148 2776 οῦτως
3192 2713 3455 2784 ἀγαλλιᾷν
3497 2714 3614 2782 (79)
3650 2715 3741 2764 ἐπ’

2155 2807 2322 2879 αὐτῷ.
2374 2808 2464 2860 Διὸ
2506 2809 2633 2872 τοὺς
2677 2807 2918 2870 δικαίους
2949 2809 3206 2878 παρορμᾷ
3233 2809 3259 2860 ὁ
3302 2807 3459 2874 λόγος
3493 2806 3746 2860 αἰσθάνε-

2158 2898 2278 2951 σθαι
2328 2900 2465 2969 μετὰ
2513 2898 2608 2952 τοῦ
2655 2898 2987 2970 ἀξιώματος,
3040 2899 3123 2952 ὅτι
3174 2899 3416 2952 τοιούτου
3469 2900 3742 2952 Δεσπὸτου

555 1801 607 1856 1.
642 1799 933 1866 Scriptura;
963 1793 1247 1848 familiaris
1277 1801 1357 1845 est
1378 1791 1754 1847 exsultationis
1782 1807 1906 1854 vox,
1926 1808 2051 1862 per-

481 1907 644 1962 quam
668 1889 894 1944 hilarem
922 1901 984 1940 ac
1014 1885 1194 1938 laetum
1229 1884 1423 1938 animze
1469 1894 1668 1938 statum
1725 1884 1778 1938 in
1826 1884 1911 1939 bis
1956 1887 2049 1955 qui

485 1983 666 2037 laetitia
687 1979 828 2050 digni
857 1988 983 2033 sunt
1005 1975 1317 2031 ostendens.
1349 1973 1633 2030 Exsultate
1668 1975 1870 2046 itaque,
1891 1976 2049 2046 justi,

483 2076 538 2128 in
575 2074 832 2136 Domino;
861 2087 963 2125 non
989 2085 1111 2124 cum
1152 2083 1238 2122 res
1281 2069 1424 2122 domi
1457 2069 1608 2122 vobis
1633 2083 1891 2138 prospere
1931 2086 2054 2126 suc-

484 2167 706 2228 cedunt,
753 2179 856 2220 non
888 2178 1010 2218 cum
1042 2162 1182 2216 bona
1237 2159 1403 2215 fuerit
1445 2162 1693 2230 corporis
1746 2162 2007 2217 habitudo
2033 2203 2050 2222 ,

487 2275 592 2313 non
620 2274 742 2312 cum
777 2257 890 2327 agri
929 2255 1192 2309 fructibus
1219 2253 1518 2323 omnigenis
1544 2251 1725 2307 referti
1764 2263 1888 2307 sunt
1919 2257 2053 2309 :sed

485 2349 626 2418 quod
663 2347 946 2401 Dominum
976 2343 1204 2401 habetis.
1237 2342 1328 2396 tali
1357 2341 1781 2410 pulchritudine,
1829 2343 1918 2396 tali
1955 2343 2053 2398 b0-

486 2440 672 2502 nitate,
707 2436 794 2490 tali
842 2435 1105 2503 sapientia
1163 2432 1466 2500 praditum.
1520 2430 1760 2487 Sulliciat
1808 2431 1958 2488 vobis
1990 2449 2053 2488 ea

483 2531 665 2586 laetitia
690 2545 807 2598 quae
829 2530 880 2582 in
913 2528 1025 2598 ipso
1054 2536 1154 2581 est.
1179 2525 1242 2578 Et
1264 2525 1509 2594 quisquis
1534 2524 1583 2578 in
1615 2540 1670 2579 re
1698 2524 1875 2595 aliqua
1893 2540 2051 2592 quam

485 2624 697 2692 plurimi
733 2621 879 2682 facit,
914 2633 1034 2673 cum
1067 2617 1249 2672 laetitia
1306 2631 1372 2671 ac
1430 2618 1625 2686 gaudio
1669 2619 1927 2682 exsultat,
1988 2618 2055 2672 ad

485 2730 604 2768 eum
659 2713 871 2767 modum
924 2712 976 2762 in
1033 2723 1096 2762 ea
1137 2707 1410 2761 exsultare
1449 2707 1684 2760 videtur.
1718 2707 2057 2775 Quapropter

484 2807 654 2875 iustos
689 2818 868 2858 sermo
922 2802 1263 2865 adhortatur,
1305 2807 1363 2852 ut
1391 2812 1542 2852 suam
1583 2798 1900 2867 dignitatem
1933 2814 2056 2867 per-

486 2898 753 2960 sentiant;
811 2894 1048 2961 itemque
1087 2901 1145 2945 ut
1182 2889 1454 2945 exsultent
1478 2887 1620 2956 quod
1675 2887 1794 2942 talis
1837 2890 2046 2943 Domini

485 2990 768 3046 serviesse
797 2985 1002 3056 dignati
1032 2985 1163 3046 sint,
1195 2985 1246 3037 in
1277 2982 1417 3035 illius
1445 2982 1671 3034 servitio
1701 2995 1824 3035 cum
1857 2980 2055 3051 gaudio

2162 2989 2333 3044 δοῦλοι
2370 2987 2508 3044 εἶναι
2547 2990 2986 3064 κατηξιώθησαν,
3022 2992 3118 3044 καὶ
3147 2991 3542 3060 ἐπαγάλλεσθαι
3573 2991 3742 3044 αὐτοῦ

487 3079 834 3138 inenarrabili
855 3090 905 3133 et
931 3091 1054 3132 cum
1087 3075 1354 3145 tripudiis,
1398 3075 1560 3130 corde
1593 3089 1662 3130 ex
1690 3071 1870 3126 alIlatu
1918 3072 2055 3127 dile-

2162 3084 2222 3152 τῇ
2249 3081 2459 3152 δουλείᾳ
2496 3083 2634 3152 μετά
2668 3084 2842 3153 χαρᾶς
2873 3083 3160 3154 ἀμυθήτου
3205 3083 3296 3136 καὶ
3331 3083 3743 3154 σκιρτημάτων,

488 3172 685 3229 ctionis
715 3171 838 3226 [mni
870 3169 1026 3240 quasi
1053 3167 1394 3223 subsiliente.
1420 3167 1474 3222 Si
1506 3167 1721 3237 quando
1754 3177 1857 3233 tuo
1905 3168 2051 3221 cordi

2162 3172 2256 3242 τῆς
2298 3172 2523 3242 καρδίας
2578 3172 2739 3224 οίονεὶ
2791 3171 3045 3242 πηδώσης
3097 3172 3175 3242 τῷ
3223 3171 3598 3242 ἐνθουσιασμῷ
3646 3173 3745 3243 τῆς

489 3269 579 3322 lux
613 3267 855 3335 quaedam
885 3262 1040 3334 quasi
1079 3261 1287 3329 illapsa,
1315 3261 1646 3330 repentinam
1683 3258 1774 3312 Dei
1803 3258 2055 3328 cognitio«

2162 3265 2376 3336 ἀγάπης
2411 3264 2503 3317 τοῦ
2553 3263 2778 3332 ἀγαθοῦ.
2828 3265 2895 3317 Εἴ
2925 3265 3054 3317 ποτέ
3100 3282 3193 3317 σου
3225 3267 3290 3335 τῇ
3341 3264 3538 3335 καρδίᾳ
3582 3267 3746 3317 οἱονεὶ

489 3376 612 3415 nem
658 3357 932 3418 indiderit,
967 3365 1129 3424 atque
1181 3354 1414 3407 animam
1464 3363 1607 3406 tuam
1659 3351 2009 3407 illustraverit
2039 3393 2054 3416 ,

489 3456 622 3508 adeo
661 3463 719 3507 ut
765 3451 930 3505 Deum
974 3449 1184 3517 diligas,
1222 3447 1476 3500 mundum
1517 3445 1672 3516 132
1706 3461 1831 3501 vero
1875 3460 1938 3499 ae
1970 3460 2055 3501 res

489 3561 678 3602 omnes
708 3557 998 3612 corporeus
1015 3529 1346 3601 contemnas,
1376 3553 1439 3590 ex
1463 3538 1692 3592 obscura
1718 3536 1806 3590 illa
1832 3547 1884 3589 et
1907 3537 2056 3590 brevi

493 3637 850 3692 similitudine
884 3648 1098 3688 omnem
1133 3630 1406 3700 justorum
1438 3638 1635 3684 statum
1669 3629 1904 3699 intellige
1965 3627 2057 3697 qui

489 3728 826 3798 aequabiliter
889 3725 1366 3791 indesinenterque
1428 3722 1480 3774 in
1529 3720 1641 3776 Deo
1693 3721 2057 3776 delectantur.

491 3821 608 3874 Tibi
649 3821 864 3889 quidem
904 3817 994 3870 Dei
1028 3814 1432 3883 dispensatione
1465 3811 1776 3881 aliquando,
1810 3813 1903 3867 sed
1932 3826 2060 3867 raro

449 3949 456 3954 -
492 3914 682 3968 incidit
703 3911 962 3980 ejusmodi
987 3907 1304 3969 exsultatio,
1336 3915 1395 3960 ut
1416 3917 1466 3959 te
1489 3921 1584 3975 per
1611 3905 1882 3959 modicum
1913 3905 2058 3959 hunc

491 4014 728 4072 gustum,
767 4015 952 4055 eorum
993 3997 1190 4069 quibus
1225 3996 1465 4064 privatus
1497 4007 1586 4060 es,
1637 3993 1946 4050 admoneat.
1991 3993 2061 4046 At

492 4091 790 4160 verojusto
807 4100 1062 4161 perpetua
1092 4098 1175 4143 est
1213 4086 1394 4139 divina
1441 4100 1505 4140 ac
1548 4083 1784 4140 caelestis
1825 4083 2012 4138 laetitia
2041 4124 2056 4149 ,

491 4187 632 4255 quod
668 4183 834 4240 semel
863 4185 913 4235 in
950 4181 1066 4250 ipso
1098 4179 1368 4234 inhabitat
1411 4177 1684 4246 Spiritus;
1717 4176 1924 4245 primus
1961 4190 2060 4229 au-

495 4287 600 4333 t‘em
643 4275 872 4329 Fructus
900 4274 1115 4343 spiritus
1146 4280 1219 4324 est
1255 4271 1510 4331 charitas,
1545 4269 1824 4338 gaudium,
1857 4283 1964 4337 pax
1992 4268 2057 4321 ⁸⁸.

492 4371 772 4425 Εαειιιιιιιε
818 4366 1000 4435 igitur,
1043 4363 1201 4433 justi,
1241 4363 1294 4416 in
1325 4361 1566 4414 Domino.
1604 4361 1766 4415 Velut
1795 4360 1945 4414 locus
1975 4359 2061 4428 ju-

493 4473 697 4518 storum
736 4472 819 4515 est
841 4458 1096 4512 Dominus
1119 4469 1310 4524 capax,
1339 4454 1391 4506 in
1431 4468 1538 4522 quo
1566 4453 1656 4522 qui
1683 4466 1785 4518 est,
1816 4470 1938 4508 eum
1966 4454 2060 4508 la:-

2157 3357 2273 3428 φῶς
2316 3356 2554 3426 ἐμπεσὸν
2603 3354 2805 3426 ἁθρόαν
2846 3355 2981 3408 Θεοῦ
3027 3355 3233 3409 ἔννοιαν
3280 3357 3599 3425 ἐνεποίησε,
3652 3356 3747 3408 καὶ

2157 3447 2497 3520 περιέλαμψέ
2526 3463 2617 3500 σου
2655 3447 2753 3511 τὴν
2789 3445 2998 3517 ψυχὴν,
3044 3445 3184 3499 ὥστε
3216 3445 3499 3515 ἀγαπῆσαι
3528 3447 3626 3516 μὲν
3655 3445 3745 3498 τὸν

2157 3541 2308 3607 Θεὸν,
2357 3541 2767 3611 καταφρονῆσαι
2815 3539 2872 3592 δὲ
2921 3539 3124 3609 κόσμου
3158 3537 3389 3591 καὶτῶν
3421 3537 3746 3607 σωματικῶν

2158 3635 2410 3697 πάντων,
2477 3635 2542 3687 ἐκ
2605 3633 2704 3704 τῆς
2769 3632 3014 3702 ἀμνδρᾶς
3072 3630 3289 3700 ἐκείνης
3347 3630 3440 3683 καὶ
3489 3629 3747 3700 βραχείας

2159 3725 2367 3788 εἰκόνος
2413 3723 2678 3796 γνώρισον
2724 3723 2823 3794 τὴν
2872 3723 2999 3794 ὃλην
3051 3721 3160 3775 τῶν
3211 3721 3432 3774 δικαίων
3477 3723 3751 3775 κατάστα-

2161 3834 2269 3880 σιν,
2329 3816 2547 3888 ὁμαλῶς
2603 3816 2700 3870 καὶ.
2755 3814 3063 3878 ἀδιακόπως
3104 3814 3202 3884 τὴν
3242 3814 3333 3866 ἐπὶ
3376 3813 3451 3883 τῷ
3493 3813 3613 3883 Θεῷ
3667 3813 3750 3866 εὐ-

2163 3907 2440 3979 φροσύνην
2509 3905 2941 3978 κατορθούντων.
2999 3905 3090 3957 Σοὶ
3163 3905 3262 3974 μὲν
3316 3902 3424 3974 γὰρ
3484 3905 3750 3972 ἐμπίπτει

2161 3999 2292 4052 ποτὲ
2344 3997 2586 4061 σπανίως
2645 3999 2820 4051 ἐκεῖνο
2876 3996 2939 4049 τὸ
2991 3995 3303 4066 ἀγαλλίαμα
3365 3997 3483 4048 κατ’
3544 3998 3748 4048 οἰκονο-

2164 4090 2293 4162 μίαν
2336 4089 2491 4153 Θεοῦ,
2545 4090 2629 4142 ἶνα
2683 4106 2742 4141 σε
2799 4089 2886 4141 διὰ
2939 4087 3139 4160 μικροῦ
3187 4087 3458 4157 γεύματος
3485 4087 3564 4150 είς
3616 4088 3750 4140 61:6-

2165 4199 2358 4253 μνησιν
2409 4182 2592 4255 ἀγάγῃ
2645 4182 2770 4234 οἴων
2821 4183 3115 4252 ἐστέρησαι
3151 4180 3293 4252 (80)’
3339 4180 3416 4251 τῷ
3452 4180 3509 4232 δὲ
3557 4180 3747 4251 δικαίῳ

2161 4275 2388 4346 διαρκής
2453 4275 2669 4345 ἐστινὴ
2721 4273 2841 4326 θεία
2901 4275 2995 4326 καὶ
3055 4273 3375 4344 ἐπουράνιος
3419 4273 3745 4344 εὐφροσύνη,

2161 4366 2293 4420 διότι
2359 4363 2505 4430 ἅπαξ
2557 4364 2703 4435 αὐτῷ
2749 4367 2948 4418 ἐνοικεῖ
3013 4364 3074 4418 τὸ
3123 4364 3379 4434 Πνεῦμα’
3427 4365 3638 4436 πρῶτος
3688 4367 3747 4419 δὲ

2163 4457 2402 4527 Καρπὸς
2463 4457 2568 4512 τοῦ
2621 4458 2968 4526 Πνεὺματός
3037 4456 3208 4509 ἐστιν
3259 4457 3497 4526 ἀγάπη,
3571 4460 3746 4526 χαρὰ,

493 4555 595 4608 tari
620 4561 675 4608 et
698 4551 967 4606 exsultare
995 4547 1216 4603 omnino
1249 4559 1468 4600 necesse
1497 4554 1600 4598 est.
1648 4543 1735 4598 Fit
1773 4548 1935 4600 etiam
1973 4546 2055 4611 ju-

2166 4549 2392 4620 εἰρήνη.
2466 4551 2856 4619 Ἀγαλλιᾶσθε
2914 4545 3038 4612 οὖν,
3090 4548 3343 4612 δίκαιοι,
3401 4550 3471 4602 ἐν
3529 4552 3744 4618 Κυρίῳ.

492 4655 628 4711 suis,
649 4644 796 4697 locus
824 4641 1068 4705 Domino,
1090 4655 1213 4694 cum
1240 4637 1386 4691 illum
1416 4637 1466 4690 in
1495 4651 1554 4691 se
1578 4638 1785 4707 recipit.
1813 4639 1913 4706 Qui
1936 4654 2062 4694 vero

493 4745 698 4806 peccat,
727 4736 899 4788 locmn
933 4734 1021 4786 dat
1043 4730 1282 4794 diabo‘lo,
1312 4744 1420 4783 non
1450 4731 1835 4798 obtemperans
1871 4731 1918 4786 ei
1968 4733 2058 4802 qui

494 4825 625 4881 dicit
653 4844 666 4880 :
725 4824 905 4878 Nolite
950 4823 1123 4876 locum
1163 4824 1289 4875 dare
1311 4819 1521 4874 diabolo
1555 4819 1599 4850 ⁸⁷
1629 4837 1642 4872 :
1673 4835 1847 4889 neque
1877 4821 2064 4878 Eccle-

494 4918 692 4981 siastae,
749 4914 805 4969 Si
841 4915 1068 4982 Spiritus
1121 4921 1432 4981 potestatem
1470 4911 1713 4964 habentis
1759 4913 2054 4966 ascenderit

493 5029 648 5082 super
676 5022 745 5074 te,
776 5009 944 5062 locum
972 5019 1118 5060 tuum
1147 5023 1210 5061 ne
1247 5005 1508 5058 dimiseris
1537 5001 1606 5056 ⁸⁸.
1653 5002 1710 5056 in
1738 5002 1855 5073 ipso
1879 5004 2060 5074 itaque

498 5105 723 5159 Domino
751 5102 1093 5162 exsistentes,
1143 5109 1195 5154 et
1240 5105 1501 5165 quantum
1539 5093 1694 5147 nobis
1723 5094 1894 5159 licet,
1941 5096 2060 5164 ejus

498 5196 760 5252 mirabilia
790 5192 1073 5262 speculati,
1103 5191 1173 5242 ita
1203 5203 1267 5243 ex
1305 5189 1406 5242 hac
1444 5185 1903 5255 contemplatione
1937 5202 2064 5240 cor-

496 5290 653 5344 dibus
685 5286 888 5344 nostris
933 5283 1173 5338 laztitiam
1231 5292 1626 5348 comparemus.
1679 5277 1868 5333 Recto:
1911 5280 2056 5334 decet

567 5431 611 5461 ιο
641 5429 757 5484 σαι,
787 5443 836 5492 ν,
875 5439 966 5482 zz,
1040 5423 1083 5454 "
1114 5420 1310 5491 Ephes.
1361 5435 1431 5482 iv,
1478 5417 1568 5471 27.
1647 5421 1692 5450 δ’
1731 5421 1903 5476 Eccle.
1933 5437 1985 5484 κ,
2017 5421 2069 5475 4.

519 5592 521 5594 -
568 5565 677 5635 (78)
718 5563 884 5631 Major
916 5576 1040 5632 pars
1073 5573 1200 5612 mss.
1227 5555 1368 5635 κατά
1414 5553 1698 5635 τὸνηοῖκον.
1747 5555 1886 5635 ΕσΙίιί
1936 5571 2060 5635 cum

499 5625 704 5691 duobus
731 5625 824 5687 aui
853 5625 1024 5686 tribus
1056 5645 1182 5682 mss.
1213 5625 1355 5679 κατά
1377 5628 1468 5679 τὸν
1508 5625 1642 5694 βίον,
1675 5643 1752 5678 res
1793 5627 1861 5676 ad
1897 5629 2057 5679 vitam

495 5715 803 5772 spectantes.
839 5704 1089 5756 Diversus
1119 5716 1229 5772 non
1259 5708 1340 5751 est
1379 5713 1587 5750 sensus.
1615 5696 1750 5772 _.\l(_)x
1788 5697 1892 5750 duo
1922 5711 2060 5772 tuss.

496 5765 726 5846 ἄρουραι
786 5773 1049 5846 πλήθωσι.
1092 5770 1546 5846 C9}b_._qnartus_‘
1573 5765 2055 5846 πλήθουσιτηῐὶςεε.

497 5835 714 5913 ιιῖιίιιίυε
747 5835 1094 5912 πληθύνουσι.
1142 5835 1323 5894 15ύὶιίοί
1351 5853 1474 5894 vero
1508 5835 1680 5892 Paris.
1708 5849 1760 5892 et
1811 5837 1901 5890 alii
1952 5837 2060 5894 duo

497 5930 628 5971 tnss.
655 5913 984 5984 πληθύνωσι.

2169 4644 2342 4697 Οἰονεὶ
2365 4643 2528 4705 τόπος
2557 4642 2860 4713 χωρητικός
2886 4643 3000 4694 ἐστι
3031 4639 3139 4694 τῶν
3167 4641 3390 4694 δικαίων
3435 4643 3464 4695 ὁ
3505 4641 3708 4713 Κύριος
3731 4661 3744 4673 ·

2169 4736 2226 4788 ἐν
2264 4727 2308 4802 ᾧ
2338 4735 2427 4788 τὸν
2471 4735 2760 4805 γενόμενον
2806 4735 2953 4786 πᾶσα
3001 4733 3214 4802 ἀνάγκη
3263 4733 3613 4804 εὐθυμεῖσθαι
3654 4735 3751 4788 καὶ

2174 4825 2642 4898 ἐνευφραίνεσθαι.
2686 4825 2896 4878 Γίνεται
2924 4827 3017 4878 καὶ
3041 4826 3068 4877 ὁ
3097 4826 3301 4889 δίκαιος
3327 4827 3486 4890 τόπος
3527 4827 3604 4898 τῷ
3635 4829 3751 4881 Κυ⁹

2174 4919 2290 4992 ρίῳ,
2333 4919 2625 4989 λαμϐάνων
2656 4919 2819 4971 αὐτὸν
2851 4919 2908 4970 ἐν
2947 4916 3145 4987 ἐαυτῷ.
3197 4917 3254 4970 Ὁ
3296 4918 3395 4987 μὲν
3421 4919 3752 4987 ἁμαρτάνων

2171 5013 2280 5084 (81)
2309 5013 2492 5066 δίδωσι
2522 5012 2683 5064 τόπον
2711 5010 2788 5081 τῷ
2816 5010 3064 5078 διαὸόλῳ,
3098 5009 3422 5081 παρακούων
3452 5011 3543 5063 τοῦ
3574 5012 3755 5078 λέγον-

2173 5121 2295 5167 τος·
2341 5104 2505 5172 Μηδὲ
2549 5104 2746 5158 δίδοτε
2800 5106 2986 5156 τόπον
3044 5101 3123 5168 τῷ
3171 5102 3427 5166 διαϐόλῳ
3458 5119 3472 5133 ο
3520 5103 3614 5156 καλ⁵
3655 5103 3757 5156 τοῦ

2187 5194 2638 5266 Ἐκκλησιαστοῦο
2692 5194 2833 5249 Ἐὰν
2863 5193 3099 5263 πνεῦμα
3146 5193 3252 5247 τοῦ
3291 5192 3752 5259 ἐξοινσιάζοντος

2171 5287 2364 5356 ἀναϐῇ
2399 5287 2497 5341 ἐπὶ
2535 5285 2629 5352 σὲ,
2680 5288 2864 5340 τόπον
2889 5301 3004 5338 σου
3029 5283 3114 5353 μὴ
3144 5283 3324 5352 ἀφῇς.
3370 5284 3459 5336 Ἐν
3484 5283 3632 5355 αὐτῷ
3658 5280 3754 5337 οὖν

2235 5553 2346 5626 (79)
2388 5551 2536 5638 Multi
2572 5542 2888 5638 mss..?i’nog
2918 5549 3202 5638 ἀγαλλιςξὶν.
3237 5549 3754 5638 Editiq‘Pariswum

2161 5621 2298 5693 Reg.
2328 5621 2520 5692 quarto
2545 5631 2598 5676 et
2629 5621 2781 5674 Colb.
2815 5625 3050 5689 septimo
3075 5621 3251 5684 οὕτως
3285 5621 3571 5692 ἀγαλλιᾷν.

2233 5694 2345 5766 (80)
2387 5693 2540 5766 Colb.
2585 5691 3060 5766 quartusﬁyﬁym
3105 5686 3180 5744 ὧν
3227 5691 3542 5763 ἐστέρησαι.
3585 5690 3757 5747 Paulo

2160 5760 2283 5834 post
2313 5760 2464 5834 multi
2502 5777 2632 5816 mss.
2655 5760 2763 5834 διό.
2785 5762 2887 5814 Alii
2917 5761 3074 5834 διότι.

2233 5834 2344 5906 (8|)
2387 5831 2534 5906 Reg._
2568 5833 2836 5906 secundus
2868 5834 2917 5906 ὁΔ
2939 5831 2995 5884 δὲ
3017 5833 3221 5906 ᾗὰμαρ.
3276 5830 3425 5906 Regii
3448 5831 3668 5906 _lertitts
3701 5840 3762 5886 et

2163 5901 2390 5978 quartus
2421 5904 2448 5955 ὁ
2482 5902 2579 5974 μὲν
2614 5903 2742 5975 γάρ.
2780 5903 2977 5958 Statim
3014 5901 3147 5973 Reg.
3173 5901 3376 5958 tertius
3403 5901 3546 5959 δότε.
