4008 6402
494 391 599 446 527

1847 385 1901 440 S.
1947 384 2187 440 BASILII
2226 384 2442 441 MAGNI

3649 389 3762 444 5Ξὸ

495 523 621 565 tunc
657 521 779 580 post
829 506 1256 572 confessionem,
1301 507 1491 575 dignus
1537 519 1596 558 es
1642 505 1732 575 qui
1798 505 1851 558 in
1906 507 2057 558 deca-

2177 505 2478 576 μαρτυρίῳ,
2510 505 2596 556 διά
2624 503 2722 574 τῆς
2759 503 3200 574 ὲξομολογήσεως
3234 503 3463 558 σεαυτοῦ
3503 505 3562 558 τὸ
3594 504 3759 575 σῶμα

493 605 698 660 cbordo
743 602 1000 671 psalterio
1052 600 1160 654 Deo
1208 597 1405 668 psallas
1427 599 1496 650 ⁸⁸.
1547 594 1708 651 Prius
1757 595 1900 651 enim
1947 611 2072 650 cor-

498 697 644 766 poris
697 697 938 749 actiones
987 703 1203 761 Oportet
1244 691 1560 755 emendari,
1604 697 1661 742 ut
1711 699 2072 758 congruenter

496 790 680 844 divino
726 787 892 841 verbo
939 785 1424 852 convenienterque
1477 782 1846 853 perficiantur,
1881 783 2070 851 sicque

497 897 664 952 queas
717 881 785 934 ad
843 895 1022 932 rerum
1077 875 1491 946 intelligibilinm
1555 875 2067 944 contemplationem

498 973 811 1028 ascendere.
866 969 1134 1024 FortaSsis
1195 968 1337 1020 enim
1398 981 1580 1031 mens,
1651 981 1772 1034 qua:
1840 980 2068 1034 superna

499 1068 724 1138 quaerit,
774 1064 1086 1134 psalterium
1143 1061 1284 1114 dicta
1330 1069 1446 1122 est,
1484 1061 1624 1126 quod
1683 1057 1841 1124 hujus
1880 1058 2069 1128 organi

500 1169 767 1214 structura
823 1173 852 1210 a
903 1155 1165 1224 superiori
1209 1162 1360 1223 parte
1401 1151 1508 1204 vim
1575 1160 1916 1204 resonantem
1974 1165 2068 1204 ac-

500 1253 650 1318 cipit.
681 1249 935 1319 Corporis
967 1248 1146 1315 itaqne
1175 1260 1335 1314 opera
1379 1243 1522 1298 velut
1561 1257 1626 1296 ex
1675 1243 1898 1296 infernis
1942 1257 2070 1296 con-

499 1344 716 1396 ﬁtentur
755 1341 904 1394 Deo:
936 1355 1054 1408 qnte
1083 1353 1212 1391 vero
1262 1351 1356 1405 per
1410 1344 1642 1388 mentem
1679 1335 2070 1387 annuntiantur

498 1434 790 1504 mysteria,
837 1449 868 1488 e
902 1432 1148 1500 supernis
1209 1428 1548 1484 occasionem
1603 1427 1835 1488 habent,
1891 1437 2070 1480 mente

497 1528 640 1580 velut
689 1541 879 1579 sonum
919 1540 1014 1592 per
1062 1522 1305 1592 spiritum
1355 1519 1707 1589 adipiscente.
1749 1515 1847 1583 Qui
1903 1518 2067 1586 igitur

496 1621 562 1671 ad
596 1619 773 1673 omnia
823 1626 1083 1685 prmcepta
1125 1613 1373 1683 respicit,
1417 1627 1482 1666 ex
1531 1612 1716 1679 eisque
1761 1613 1905 1665 velut
1939 1626 2072 1666 con-

496 1725 711 1767 centum
763 1727 825 1765 ac
881 1710 1250 1782 syn'tphoniam
1321 1704 1483 1771 facit,
1527 1707 1572 1760 is
1620 1706 1672 1758 in
1733 1705 2068 1761 decacbordo

495 1807 752 1876 psalterio
795 1806 900 1859 Deo
941 1803 1154 1872 psallit,
1204 1800 1342 1868 quod
1393 1797 1664 1867 generalia
1700 1797 1884 1852 decem
1933 1813 2068 1867 pra:-

2175 596 2447 650 κάκωσον.
2491 597 2600 648 Καὶ
2641 595 2761 648 τότε
2805 595 2942 665 μετὰ
2970 595 3069 664 τὴν
3113 595 3498 666 ἐξομολόγησιν
3527 597 3675 661 ἄξιος
3706 591 3765 648 εἷ

2171 690 2230 742 ἐν
2261 687 2546 758 ψαλτηρίῳ
2582 687 2891 759 δεκαχόρδῳ
2937 687 3161 757 ψάλλειν
3203 687 3442 758 capssat;
3483 687 3618 757 (88).
3663 689 3764 742 Δεῖ

2171 781 2282 852 γὰρ
2299 780 2565 850 πρότερον
2600 779 2940 851 κατορθῶσαι
2973 780 3070 844 τὰς
3094 780 3180 833 διὰ
3210 781 3304 833 τοῦ
3330 777 3578 850 σώματος
3601 782 3760 851 ὲνερ-

2171 873 2346 942 γείας,
2383 871 2522 925 ὥστε
2552 872 2827 943 ἁρμονίως
2857 871 2936 942 τῷ
2982 871 3112 943 θείῳ
3138 873 3281 942 λόγῳ
3319 873 3625 932 ἀποτελεῖν.
3659 873 3762 927 καὶ

2171 965 2348 1029 οὕτως
2377 967 2470 1018 ἐπὶ
2507 963 2610 1035 τὴν
2645 963 2876 1034 θεωρίαν
2913 964 3024 1018 τῶν
3055 963 3262 1034 νοητῶν
3285 964 3568 1034 ἀναϐῆναι.
3601 965 3762 1017 Ψαλ-

2170 1059 2358 1128 τήριον
2387 1058 2496 1128 γάρ
2530 1058 2670 1128 τάχα
2708 1059 2736 1109 ὁ
2761 1056 2885 1120 νοῦς
2914 1057 3126 1128 εἴρηται
3149 1059 3177 1109 ό
3204 1057 3270 1110 τά
3296 1057 3408 1110 ἄνω
3436 1057 3634 1126 ζητῶν.
3665 1058 3761 1110 διὰ

2170 1148 2230 1200 τὸ
2252 1148 2349 1219 τὴν
2383 1146 2728 1218 κατασκευὴν
2758 1147 2851 1200 τοῦ
2889 1149 3122 1219 ὀργάνου
3164 1147 3355 1202 τούτου
3385 1148 3486 1218 τὴν
3513 1148 3761 1218 ὴχοῦσαν

2169 1239 2400 1310 δύναμιν
2431 1243 2495 1292 ὲκ
2533 1240 2641 1292 τῶν
2676 1239 2882 1294 ἄνωθεν
2920 1241 3084 1310 ἔχειν.
3117 1240 3196 1292 Τὰ
3244 1240 3343 1312 μὲν
3393 1236 3486 1293 οὖν
3520 1239 3615 1292 τοῦ
3653 1240 3762 1294 σώ-

2174 1355 2340 1407 ματος
2391 1336 2528 1406 ἔργα
2567 1337 2728 1389 οἱονεὶ
2762 1333 3006 1388 κάτωθεν
3047 1335 3452 1408 ἐξομολογεὴαι
3482 1335 3560 1405 τῷ
3597 1335 3758 1404 Θεῷ·

2169 1427 2238 1479 τὰ
2263 1427 2320 1480 δὲ
2347 1427 2434 1481 διὰ
2469 1426 2562 1480 τοῦ
2592 1427 2684 1480 νοῦ
2724 1426 3167 1496 ἐπαγγελλόμενα
3195 1427 3306 1496 (89)
3345 1430 3621 1498 μυστήρια
3652 1429 3760 1491 τάς

2171 1520 2427 1591 ἀφορμὰς
2483 1519 2687 1574 ἄνωθεν
2744 1519 2878 1590 ἔχει,
2928 1521 3093 1572 οἱονεὶ
3128 1519 3492 1590 ὲνηχουμένου
3524 1521 3616 1573 διὰ
3657 1520 3756 1574 τοῦ

2169 1612 2498 1682 πνεύματος.
2544 1611 2602 1664 Ὀ
2634 1612 2811 1664 τοίνυν
2839 1611 2931 1665 ἐπὶ
2962 1611 3141 1674 πάσας
3172 1611 3272 1670 τὰς
3303 1612 3521 1674 ἐντολὰς
3544 1612 3757 1666 ὲπιὸλέ-

2171 1723 2308 1768 πων,
2369 1707 2464 1759 καὶ
2516 1705 2679 1758 οἱονεὶ
2738 1704 2998 1776 συνῳδίαν
3049 1705 3226 1757 αὐτῶν
3277 1705 3370 1757 καὶ
3427 1708 3754 1776 συμφωνίαν

2171 1798 2359 1861 ποιῶν,
2376 1792 2530 1862 οὗτος
2559 1799 2616 1852 ἐν
2649 1797 2959 1868 δεκαχόρδῳ
2972 1796 3256 1869 ψαλτηρίῳ
3283 1797 3474 1867 ψάλλει
3501 1799 3578 1869 τῷ
3607 1799 3754 1870 Θεῷ,

495 1911 653 1969 cepta
715 1897 1009 1950 secundum
1068 1895 1292 1963 primam
1352 1891 1481 1962 legis
1535 1894 1878 1947 traditionem
1937 1908 2057 1947 eon-

2171 1887 2259 1940 διὰ
2299 1889 2361 1942 τὸ
2414 1889 2546 1943 δέκα
2591 1885 2730 1941 εἶναι
2781 1889 2879 1953 τὰς
2925 1889 3148 1958 γενικὰς
3199 1890 3417 1954 ἐντολὰς
3464 1891 3606 1944 κατά
3650 1895 3752 1965 τὴν

495 1989 690 2056 scripta
720 1995 859 2039 sunt.
905 1984 1064 2038 Vens.
1092 1984 1144 2038 '5.
1179 1982 1399 2036 Cuntate
1433 1981 1654 2036 Domino
1684 1985 1946 2036 canticum
1979 1999 2057 2036 no«

2171 1980 2394 2052 πρώτην
2425 1981 2518 2034 τοῦ
2552 1981 2713 2054 νόμου
2744 1981 3041 2052 παράδοσιν
3079 1983 3491 2054 γεγραμμένας.
3528 1984 3753 2053 ’ᾼσατε

493 2097 634 2135 eum.
671 2079 781 2134 Hoc
815 2088 930 2140 est,
973 2076 1092 2130 Non
1130 2077 1183 2129 in
1225 2086 1473 2130 vetustate
1513 2076 1720 2143 litterte,
1765 2078 1854 2130 sed
1890 2081 1942 2130 in
1975 2091 2057 2128 no-

2166 2072 2248 2137 τῷ
2275 2077 2326 2126 Κ
2330 2073 2468 2142 ινιρίῳ
2497 2067 2661 2142 ᾆσμα
2694 2073 2803 2142 (90)
2841 2075 3069 2127 καινόν.
3095 2075 3408 2135 Τουτέστιν,
3445 2075 3543 2144 Μὴ
3575 2077 3648 2129 ἐν
3674 2077 3753 2146 τῇ

493 2175 650 2226 vitate
684 2170 900 2238 spiritus
936 2170 1096 2221 Deum
1131 2167 1289 2220 colite
1317 2167 1385 2219 ".
1415 2165 1514 2232 Qui
1555 2182 1659 2220 non
1706 2166 2057 2237 corporaliter

2166 2165 2516 2231 παλαιότητι
2545 2164 2650 2217 τοῦ
2681 2163 3038 2234 γράμματος,
3066 2166 3202 2219 ἀλλ’
3233 2166 3303 2218 ὲν
3330 2165 3402 2234 τῇ
3443 2170 3752 2232 καινότητι

495 2265 662 2333 legent
698 2263 915 2331 accipit,
961 2261 1056 2316 sed
1120 2260 1262 2313 illius
1298 2261 1442 2314 novit
1483 2259 1777 2329 spiritalem
1815 2267 2054 2323 sensum,

2166 2255 2269 2308 τοῦ
2287 2257 2626 2326 πνεύματος
2653 2253 2940 2328 λατρεύετε
2962 2256 3039 2327 τῷ
3065 2256 3204 2328 Θεῷ.
3236 2257 3294 2310 '0
3322 2259 3395 2329 μὴ
3420 2260 3753 2329 σωματικῶς·

494 2359 582 2414 hic
624 2358 893 2412 canticum
941 2369 1140 2408 novum
1197 2361 1397 2407 cantat.
1430 2350 1564 2405 Nam
1607 2362 1759 2407 vetus
1805 2361 1859 2407 et
1910 2368 2057 2406 sene-

2166 2346 2522 2417 ἐκλαμϐάνων
2553 2347 2643 2400 τὸν
2692 2347 2877 2417 νόμον,
2909 2347 3047 2401 ἀλλὰ
3079 2348 3141 2401 τὸ
3173 2351 3542 2419 πνευματικὸν
3578 2354 3749 2408 αὐτοῦ

494 2465 652 2505 εει-ηε
717 2448 1117 2502 Testamentum
1189 2445 1534 2515 pertransiit,
1589 2459 1784 2497 novum
1835 2459 1963 2499 vero
2011 2452 2057 2498 et

2166 2439 2465 2509 γνωρίζων,
2506 2431 2661 2502 οὗτος
2694 2439 2807 2510 ᾄδει
2841 2439 2900 2491 τὸ
2943 2440 3127 2492 καινὸν
3169 2436 3339 2511 ᾆσμα.
3370 2443 3512 2495 Διότι
3550 2443 3610 2496 τὸ
3649 2445 3751 2514 μὲν

495 2543 849 2594 instauratqu
899 2537 1166 2592 canticum
1211 2535 1470 2590 doctrinm
1514 2536 1720 2588 Domini
1760 2550 1864 2589 non
1902 2551 2057 2589 exce-

2166 2529 2565 2599 παλαιούμενον
2601 2531 2696 2583 καὶ
2732 2531 3010 2602 γηράσκον
3044 2531 3143 2602 τῆς
3170 2530 3443 2602 Διαθήκης
3471 2533 3655 2604 διέϐη·
3686 2537 3750 2588 τὸ

495 2633 593 2697 pit,
636 2627 1119 2700 qnaejuventutcm
1162 2635 1424 2689 nostram,
1455 2626 1599 2680 velut
1643 2626 1856 2694 aquilae,
1901 2641 2057 2680 reno-

2166 2622 2215 2675 at
2251 2623 2436 2676 καινὸν
2459 2623 2551 2676 καὶ
2579 2623 2971 2694 ἀνανεούμενον
3011 2620 3161 2696 ᾆσμα
3193 2627 3343 2696 ἡμᾶς
3372 2626 3472 2696 τῆς
3500 2626 3591 2680 τοῦ
3629 2630 3746 2681 Κυ-

495 2735 584 2776 vat
611 2723 680 2786 ⁵⁷,
714 2721 802 2773 υι.ῑ
859 2717 1266 2787 corruperimus
1316 2729 1596 2770 externum
1653 2716 1958 2780 hominem,
2009 2724 2057 2770 et

2166 2715 2278 2786 ρίου
2332 2715 2677 2780 διδασκαλίας
2723 2716 2992 2784 διεδέξατο
3047 2717 3192 2787 (9i),
3242 2719 3744 2790 ἥτιςάνακαινίζει

494 2812 731 2867 renovati
784 2809 1042 2863 fuerimus
1081 2807 1145 2861 de
1184 2807 1268 2859 die
1300 2807 1350 2859 in
1384 2807 1521 2860 diem
1551 2807 1619 2862 ³⁸.
1669 2806 1772 2860 Sed
1801 2816 1853 2860 et
1882 2806 1973 2874 qni
2005 2820 2057 2859 se

2166 2807 2734 2880 ἡμῶν,ὠςάετοῦ,τὴν
2767 2810 3014 2880 νεότητα,
3036 2810 3160 2862 ὅταν
3193 2811 3504 2882 φθείρωμεν
3531 2815 3627 2884 μὲν
3654 2815 3744 2867 τὸν

495 2906 561 2961 ad
601 2904 870 2958 anteriora
900 2901 1166 2957 extendit.
1195 2913 1406 2970 semper
1437 2914 1496 2953 se
1532 2899 1645 2969 ipso
1678 2900 1950 2954 recentior
1972 2899 2057 2952 lit.

2166 2899 2264 2965 ἔξω
2296 2899 2602 2968 ἄνθρωπον,
2633 2900 3054 2972 ἀνακαινώμεθα
3097 2903 3153 2955 δὲ
3181 2903 3364 2975 ἡμέρᾳ
3408 2905 3503 2956 καὶ
3537 2905 3740 2977 ἡμέρα.

491 2999 668 3067 Quare
713 2995 801 3065 qni
847 3009 906 3049 se
938 2993 1052 3058 ipso
1093 2992 1151 3046 lit
1191 3005 1406 3062 semper
1449 2992 1738 3054 recentior,
1793 2991 2057 3045 recentius

2172 2989 2333 3044 Ἀλλά
2360 2991 2454 3043 καὶ
2479 2993 2506 3044 ό
2533 2994 2645 3055 τοῖς
2673 2991 2981 3064 ἔμπροσθεν
3008 2995 3452 3065 ἐπεκτεινόμενος
3485 2998 3574 3050 ἀεὶ
3626 3000 3746 3051 ἑαυ-

492 3092 759 3144 canticum
797 3087 905 3142 Deo
938 3086 1104 3140 canit.
1153 3084 1444 3141 Recentius
1482 3093 1662 3137 autem
1692 3097 1760 3137 ex
1794 3097 1944 3137 more
1975 3083 2056 3137 di-

2166 3080 2252 3134 τοῦ
2282 3083 2594 3154 καινότερος
2631 3083 2861 3152 γίνεται.
2895 3085 3055 3137 Ὥστε
3089 3087 3118 3138 ὁ
3149 3087 3237 3138 ἀεὶ
3278 3087 3588 3161 καινότερος
3619 3091 3744 3143 ἐαυ-

495 3183 639 3236 citnr
666 3180 746 3232 vel
780 3179 833 3231 id
859 3177 999 3245 quod
1028 3185 1111 3230 est
1137 3174 1475 3240 admirabile,
1501 3172 1584 3227 vel
1615 3171 1663 3226 id
1694 3173 1834 3242 quod
1870 3187 2057 3227 recens

2166 3173 2254 3226 τοῦ
2281 3174 2563 3245 γινόμενος
2595 3175 2906 3246 καινότερον
2931 3172 3082 3249 ᾆσμα
3123 3178 3340 3250 ᾄδειτῷ
3369 3178 3505 3250 Θεῷ.
3545 3183 3743 3236 Καινόο

491 3285 668 3325 ortum
697 3271 898 3324 habuit.
929 3270 1056 3323 Sive
1088 3269 1248 3338 igitur
1279 3265 1666 3322 incarnationis
1699 3264 1912 3319 Domini
1945 3278 2057 3317 mo-

2166 3282 2315 3334 τερον
2334 3265 2390 3318 δὲ
2425 3267 2457 3336 ἢ
2498 3265 2558 3318 τὸ
2593 3267 2891 3337 παράδοξον
2924 3249 3152 3338 ὑπὸτῆς
3183 3249 3470 3340 συνηθείας
3497 3268 3738 3339 λέγεται,

494 3368 618 3419 dum
661 3364 1029 3418 admirabilem
1063 3371 1118 3415 et
1157 3371 1344 3415 natura
1371 3359 1514 3414 onmi
1549 3357 1883 3427 superiorem
1934 3372 2057 3410 nar-

2166 3358 2196 3430 ἢ
2219 3359 2280 3411 τὸ
2309 3359 2634 3430 προσφάτως
2661 3360 2927 3430 παρελθὸν
2964 3363 3043 3424 είς
3069 3361 3166 3433 τὴν
3192 3363 3406 3431 γένεσιν
3437 3363 3572 3434 (9‘2).
3611 3367 3738 3421 Ἐάν

498 3483 606 3530 res,
657 3462 926 3518 recentius
976 3475 1041 3515 ac
1078 3459 1354 3515 insolitum
1396 3455 1665 3510 canticum
1724 3453 2055 3508 concinnis:

2166 3465 2219 3501 τε
2255 3445 2346 3503 οὖν
2396 3448 2487 3502 τὸν
2521 3449 2820 3521 Θαυμάσιον
2854 3452 3052 3522 τρόπον
3096 3453 3187 3506 καὶ
3214 3456 3394 3508 πᾶσαν
3424 3454 3521 3526 τὴν
3572 3457 3738 3526 φύσιν

496 3563 610 3616 sive
658 3561 821 3615 totius
855 3559 1032 3612 mundi
1065 3572 1162 3627 per
1192 3565 1472 3627 peccatum
1507 3552 1790 3609 inveterati
1837 3565 2057 3620 regene-

2166 3540 2555 3612 ὑπερϐαίνοντα
2585 3544 2684 3614 τῆς
2710 3543 2863 3596 ένανο
2875 3546 3168 3616 ρωπήσεως
3189 3545 3351 3617 διηγῇ
3375 3547 3470 3601 τοῦ
3503 3550 3737 3621 Κυρίου,

494 3653 757 3707 rationem
813 3650 1323 3718 renovationemqne
1359 3661 1668 3710 recenseas,
1714 3661 1778 3698 ac
1817 3659 2057 3698 resurre-

2166 3634 2469 3706 καινότερον
2497 3630 2646 3706 ᾆσμα
2670 3636 2762 3688 καὶ
2795 3635 2942 3699 ξένον
2975 3636 3121 3708 ᾄδεις
3142 3654 3155 3666 ·
3190 3637 3284 3690 ὲάν
3309 3655 3365 3691 τε
3394 3640 3491 3710 τὴν
3511 3642 3738 3710 ἁναγέν-

491 3745 685 3800 ctionis
723 3742 1124 3799 annuntiaveris
1158 3741 1436 3811 mysteria,
1477 3739 1557 3794 sic
1589 3750 1803 3809 quoque
1856 3749 2054 3790 novum

2166 3743 2314 3798 νησιν
2341 3727 2436 3779 καὶ
2464 3728 2761 3781 ἀνανέωσιν
2785 3727 2877 3782 τοῦ
2905 3729 3106 3792 παντὸς
3143 3730 3349 3799 κόσμου
3383 3730 3476 3783 τοῦ
3506 3732 3614 3786 ὑπὸ
3640 3735 3738 3805 τῆς

494 3851 556 3888 ac
589 3850 777 3889 recens
804 3834 1075 3888 canticum
1105 3831 1274 3886 canis.

2166 3820 2430 3891 ἁμαρτίας
2460 3821 2860 3886 παλαιωθέντος
2889 3820 3114 3894 διεξίῃς,
3155 3825 3250 3875 καὶ
3279 3823 3348 3875 τὰ
3373 3823 3472 3893 τῆς
3499 3825 3736 3878 ἀναστά-

2160 3926 2298 3974 σεως
2343 3911 2692 3983 ἀπαγγέλλῃς
2741 3913 3035 3982 μυστήρια,
3078 3915 3173 3965 καὶ
3227 3912 3372 3965 οὕτω
3406 3914 3596 3967 καινὸν
3640 3918 3736 3969 κα)⁸

2159 4002 2468 4072 πρόσφατον
2496 4003 2641 4074 ᾄδεις
2670 4003 2728 4056 τὸ
2752 3999 2919 4075 ᾆσμα.

2226 4095 2278 4148 5.
2304 4095 2513 4161 Καλῶς
2535 4097 2766 4164 ψάλατε
2795 4094 2954 4161 αὐτῷ
2987 4097 3057 4149 ἐν
3088 4096 3435 4167 ἀλαλαγμῷ.
3479 4100 3734 4154 Ἀκούετε

2155 4187 2250 4241 τοῦ
2276 4189 2753 4262 παραγγέλματος.
2782 4189 2989 4254 Καλῶς
3024 4189 3261 4257 ψάλατε
3282 4207 3294 4218 ·
3341 4192 3734 4263 άμετεωρίστῳ

2155 4284 2220 4353 τῇ
2263 4281 2489 4354 διανοίᾳ,
2541 4282 2823 4354 εἰλικρινεῖ
2869 4285 2936 4353 τῇ
2969 4282 3230 4336 διαθέσει.
3281 4283 3382 4337 Ἐν
3401 4283 3734 4353 ἀλαλαγμῷ

486 4388 683 4441 milites
715 4395 834 4454 post
882 4391 1088 4452 partam
1120 4377 1462 4434 de-hostibus
1509 4377 1814 4442 victoriam,
1852 4374 2054 4430 referte

2166 4374 2409 4442 ψὰλατε.
2447 4374 2656 4445 Ὠσπερ
2701 4373 2846 4436 τινὲς
2894 4374 3050 4427 καλοὶ
3108 4374 3438 4446 στρατιῶται
3479 4375 3616 4444 μετὰ
3664 4374 3732 4428 τὰ

485 4481 712 4550 hymnos
749 4464 1246 4530 auctori'victorite.
1279 4469 1560 4536 Con/ﬁdite,
1599 4469 1794 4540 inquit,
1830 4483 1922 4538 ego
1954 4466 2053 4521 vici

2166 4466 2445 4537 νικητήρια
2470 4466 2537 4519 τὰ
2572 4467 2714 4520 κατὰ
2744 4466 2852 4518 τῶν
2881 4465 3124 4538 ἐχθρῶν,
3167 4467 3496 4534 ἀνενέγκατε
3527 4465 3730 4537 ὕμνους

481 4570 742 4622 mundum
759 4568 825 4621 ".
860 4567 989 4632 Quis
1016 4564 1294 4620 hominum
1325 4563 1584 4616 adversus
1623 4558 1895 4614 diabolum
1938 4557 2050 4613 bel-

2166 4559 2233 4629 τῷ
2259 4560 2414 4626 αἰτίῳ
2442 4560 2541 4630 τῆς
2561 4560 2737 4630 νίκης.
2761 4563 3060 4628 Θαρσειτε,
3091 4561 3275 4632 φησιν,
3298 4560 3412 4630 ἐγὼ
3440 4560 3731 4626 νενίκηκα

483 4659 589 4711 lum
621 4674 806 4728 gerere
837 4658 1036 4727 possit,
1083 4655 1182 4709 nisi
1211 4655 1274 4708 ad
1311 4653 1616 4722 praesidium
1666 4650 1919 4719 potentia":
1951 4651 2050 4704 itu-

2166 4648 2260 4701 rdr
2292 4650 2541 4718 κόσμον.
2579 4650 2673 4713 Τίς
2704 4648 3005 4722 ἀνθρώπων
3043 4650 3224 4713 ἱκανὸς
3267 4648 3728 4721 άντιστρατεύσα-

481 4753 745 4818 peratoris
796 4749 1199 4819 confugientes,
1248 4747 1395 4802 illinc
1449 4760 1546 4816 per
1600 4743 1758 4797 fidem
1813 4757 1932 4812 quae
1994 4741 2048 4796 in

2166 4739 2276 4793 τθαι
2299 4741 2376 4811 τῷ
2409 4741 2651 4812 πονηρῷ,
2683 4741 2778 4794 ἐὰν
2816 4741 2890 4812 μὴ
2919 4745 2984 4813 τῇ
3017 4743 3192 4815 σκέπῃ
3221 4741 3314 4796 τοῦ
3360 4744 3729 4815 ἀρχιστρατή-

481 4843 596 4911 ipso
641 4852 756 4903 est,
810 4842 1082 4894 inimicum
1141 4847 1380 4894 nostrum
1417 4836 1673 4891 feriamus
1725 4847 1790 4887 ac
1833 4831 2046 4902 sagittis

2166 4847 2248 4898 του
2296 4831 2405 4901 (93)
2451 4833 2548 4902 τῆς
2576 4832 2857 4901 δυνάμεως
2891 4835 3321 4905 προσφυγόντες,
3365 4835 3576 4889 ἐκεῖθεν
3620 4836 3730 4889 ἀπὸ

555 4108 608 4163 3.
651 4108 789 4161 Bene
822 4105 1032 4176 psallite
1068 4105 1116 4158 ei
1146 4106 1202 4158 in
1245 4103 1640 4171 vociferatione.
1678 4100 1872 4155 Audite
1913 4115 2053 4170 prte-

489 4211 727 4272 ceptum.
755 4198 892 4252 Bene
920 4197 1160 4267 psallite;
1191 4207 1369 4250 mente
1410 4205 1638 4260 attenta,
1679 4195 1891 4248 sincero
1922 4191 2055 4247 alle-

485 4305 595 4350 ctu.
643 4291 708 4345 ln
759 4289 1132 4360 vociferatione
1183 4287 1411 4356 psallite.
1449 4284 1610 4342 Velut
1661 4283 1787 4340 boni
1837 4282 2054 4353 quidem

550 5045 595 5076 "
633 5044 772 5099 Psal.
802 5058 912 5105 xm,
939 5043 992 5097 4.
1068 5043 1114 5074 ³⁸
1154 5041 1309 5096 Rom.
1353 5057 1446 5106 vn,
1479 5039 1533 5095 6.
1610 5039 1652 5071 "
1694 5038 1837 5093 Psal.
1863 5053 1956 5100 cn,
1985 5039 2039 5091 5.

2203 5038 2243 5091 ll
2271 5038 2400 5096 Cor.
2429 5053 2502 5103 tv,
2538 5039 2624 5094 lli.
2725 5055 2744 5072 σ
2773 5053 2929 5095 δοοιι.
2963 5055 3073 5103 xw,
3103 5040 3187 5094 1'5.

2139 5222 2355 5301 venitur
2400 5222 2452 5277 in
2508 5221 2691 5293 Regiis
2739 5221 2899 5277 tertio
2947 5231 3003 5277 et
3051 5231 3244 5292 quarto
3272 5231 3326 5278 et
3363 5221 3414 5276 in
3447 5219 3600 5276 Colb.
3631 5236 3720 5278 se-

2179 5303 2327 5346 lilliO.

2141 5307 2327 5434 “1:335
2366 5362 2498 5434 Reg.
2525 5361 2798 5417 secundus
2827 5377 2947 5417 cum
2973 5361 3136 5434 Coisl.
3162 5361 3329 5433 ᾄσατε
3362 5361 3524 5434 αὐτῷ
3544 5356 3716 5434 ᾇ-σμα,

2214 5417 2324 5504 ζθι)
2371 5417 2503 5502 Βρξ.
2547 5434 2814 5504 secundus
2863 5449 2984 5504 cum
3041 5417 3408 5504 (ﬁlolliiprimo
3475 5417 3696 5496 ἐδέξατο

2143 5502 2264 5556 Mox
2298 5501 2509 5557 codices
2531 5518 2632 5572 sex
2677 5501 3140 5572 ἀνακαινούμεθα.
3174 5501 3349 5556 Editio
3381 5501 3553 5558 Paris.
3586 5504 3717 5556 ἁνα-

2146 5572 2481 5642 καινώμεθα.
2521 5571 2654 5642 Reg.
2684 5584 2906 5641 quartus
2932 5571 3412 5643 ἀνακαινιζόμεθα.

2218 5647 2330 5714 (9‘2)
2370 5644 2445 5714 ita
2472 5646 2710 5714 quinque
2738 5657 2866 5714 ntss.
2895 5643 3068 5697 Editio
3103 5644 3272 5696 Paris.
3301 5643 3576 5714 γέννησιν.

2217 5711 2327 5785 (93)
2369 5712 2530 5786 Natat
2558 5711 2915 5768 Coinbelisius
2951 5729 3137 5768 vocem
3172 5713 3610 5786 ἀρχιστράτηγος
3648 5725 3712 5766 ex

2143 5782 2314 5840 togae
2351 5799 2402 5845 v,
2434 5782 2518 5847 M,
2564 5793 2832 5853 sumptam
2884 5798 3005 5839 esse
3043 5804 3056 5840 :
3104 5782 3222 5853 qua'
3248 5782 3401 5839 iuale
3437 5785 3709 5838 intellecta

2146 5855 2505 5912 abutebantur
2532 5849 2738 5909 Aria'ni.

457 5279 468 5298 ,
551 5228 662 5296 (88)
701 5229 832 5297 Reg.
871 5225 1152 5298 secundus
1176 5223 1510 5298 eum__altero
1557 5237 1658 5298 ms.
1697 5219 2040 5298 delitiscunt}:

476 5292 823 5370 KupitpaAlii
857 5313 986 5351 mss.
1012 5294 1267 5370 caeso.
1292 5293 1498 5370 Necita
1528 5293 1693 5346 multo
1729 5305 1848 5370 pQSt
1877 5292 2043 5370 editio

475 5362 648 5425 l’ar'is:
677 5368 816 5423 ὥστε
852 5362 1222 5438 ἐναρμονίως.’
1242 5366 1309 5418 At
1336 5364 1585 5438 quinque
1602 5362 1900 5438 mss._c'bore
1941 5363 2043 5438 άρο

478 5441 697 5509 μονίως.
733 5439 926 5496 Statim
954 5434 1110 5492 Colb.
1152 5446 1374 5504 quartus
1421 5434 1652 5502 θεωρίαν
1682 5435 1791 5486 τῶν
1835 5437 2041 5503 νοημά-

475 5527 661 5652 τωἴέ9)
701 5579 895 5637 Nostra
939 5577 1105 5634 editio
1139 5574 1311 5628 Paris.
1329 5584 1391 5652 _et
1424 5573 1661 5652 nonnulli
1708 5588 1836 5628 mss.
1858 5575 2040 5652 ἐπαγ-

473 5643 792 5721 γελλόμενα.
843 5651 945 5706 Alii
997 5663 1092 5721 sex
1146 5661 1275 5700 mss.
1318 5643 1788 5721 ἀπαγγελλόμενα.
1853 5643 2042 5721 Obiter

473 5714 831 5787 moue'bimus,
887 5719 1132 5774 mutilum
1181 5731 1300 5770 esse
1351 5717 1492 5769 hunc
1528 5717 1702 5787 locum
1753 5717 1823 5787 in
1858 5714 2040 5767 multis

471 5807 628 5853 mss.,
661 5794 750 5855 qni
794 5783 870 5845 sic
923 5790 1168 5842 habent:
1218 5787 1504 5856 Μυστήρια
1553 5783 1760 5838 ἄνωθεν
1811 5785 2037 5852 ἐνηχου-

471 5859 635 5930 μένου
671 5861 757 5915 διὰ
791 5860 882 5913 τοῦ
918 5859 1254 5929 πνεύματος·
1285 5861 1312 5910 ὁ
1339 5861 1535 5911 τοίνυν.
1571 5859 1676 5913 Sed
1714 5857 1920 5927 integer
1955 5856 2040 5910 iu-
