4008 6402
277 407 389 469 829

1416 411 1696 467 HOMILIA
1735 410 1801 463 ΙΝ
1844 411 2170 467 PSALMUM
2209 408 2422 464 XXXII.

3408 414 3513 467 530

276 530 382 596 πῆς
407 528 464 579 ὲν
494 526 644 595 αὑτῷ
682 528 916 591 πίστεως
950 528 1194 598 βάλωμεν
1213 529 1320 598 (94)
1345 530 1501 599 ήμῶν
1526 531 1613 583 τὸν
1637 530 1848 601 ἐχθρὸν,

1959 530 2315 595 impetantus?
2371 529 2509 583 Bene
2554 530 2715 599 igitur
2756 531 2964 597 psallite
3010 533 3061 583 in
3110 532 3510 600 'rori/eratione.

277 617 379 675 τάπὶ
401 614 773 685 τοξεύσωμενς
807 617 1015 684 Καλῶς
1042 617 1133 670 οὖν
1160 612 1479 686 emoriar
1504 620 1848 690 ἀλαλαγμῷ.

284 706 444 760 Ἐστι
475 708 531 759 δὲ
558 710 586 760 6
614 708 925 778 ἀλαλαγμὸς
950 714 1097 780 φωνή
1123 728 1207 773 τις
1235 712 1524 783 ἄναρθρος,
1549 714 1851 784 συμφώνως

282 797 536 869 ἀλλήλοις
590 799 698 852 τῶν
740 802 1176 864 συνασπιζόντων
1226 804 1285 855 ὲν
1343 802 1420 873 τῷ
1464 804 1684 875 πολέμῳ
1731 822 1853 858 συν-

282 892 652 961 ιπηχοὼτων.
672 894 759 945 Ἑν
782 895 1069 963 συμφωνίᾳ
1097 890 1188 947 οὖν
1223 894 1314 948 καὶ
1348 898 1405 948 ὲν
1437 898 1726 969 συμπνοίᾳ.
1758 899 1853 951 καὶ

281 986 352 1054 τῇ
379 984 464 1036 διά
491 984 588 1053 τῆς
614 985 831 1055 ἀγάπης
859 984 1045 1038 ἑνὼσει
1068 986 1293 1055 ψάλατε.
1319 987 1383 1039 Τί
1405 986 1496 1043 οὖν
1524 990 1602 1042 δεῖ
1627 989 1853 1060 ψάλλον-

282 1092 387 1138 τας
418 1075 627 1143 λέγειν;
661 1076 790 1129 Ὀτι
823 1076 1005 1143 εὐθὺς
1039 1080 1071 1131 ὀ
1109 1078 1290 1147 λόγος
1326 1080 1433 1133 τοῦ
1469 1082 1711 1147 Κυρίου.
1754 1079 1854 1133 Διά

282 1168 443 1221 τοῦτο
477 1168 742 1239 πρότερον
798 1171 924 1231 τοὺς
976 1169 1150 1233 εὑθεῖς
1202 1172 1359 1223 καλεί
1414 1172 1523 1240 (95)
1576 1172 1713 1242 πρὸς
1754 1172 1853 1239 τὴν

284 1262 508 1323 αἴνεσιν,
551 1260 735 1331 ἐπειδὴ
770 1261 930 1331 εὑθής
962 1261 1075 1313 ὲστι
1116 1262 1208 1314 καὶ
1246 1264 1273 1313 6
1309 1261 1512 1331 μέλλων
1539 1261 1852 1325 δοξάζεσθαι

284 1350 478 1416 Λόγος,
514 1352 542 1403 6
575 1349 667 1402 τοῦ
698 1350 925 1421 Κυρίου,
955 1352 982 1403 6
1022 1353 1078 1404 ὲν
1109 1352 1249 1422 ἀρχῇ
1294 1351 1368 1404 ὣν
1405 1352 1539 1422 πρὸς
1564 1353 1653 1404 τὸν
1684 1352 1850 1414 Θεὸν,

286 1442 382 1494 καὶ
409 1442 538 1504 Θεὸς
560 1441 653 1495 ὢν.
693 1443 868 1513 Εὑθὴς
898 1439 988 1495 οὖν
1014 1446 1041 1495 6
1059 1446 1267 1515 Πατήρ⁸
1289 1444 1451 1514 εὑθὴς
1473 1446 1500 1497 6
1530 1444 1673 1506 Υἱός
1700 1444 1854 1507 εὑθὲς

284 1532 347 1583 τὸ
397 1532 547 1597 ἅγιον
598 1532 841 1601 Πνεῦμα.
897 1533 1005 1584 Καὶ
1061 1534 1237 1587 πάντα
1280 1534 1350 1586 τὰ
1407 1536 1542 1604 ἔργα
1581 1532 1741 1585 αὑτοῦ
1795 1534 1853 1586 ὲν

288 1622 490 1676 πίστει.
522 1624 586 1675 Τί
608 1625 752 1676 ἐστιν
791 1624 819 1675 ὃ
851 1624 1026 1692 λέγεις
1065 1624 1265 1695 Ἔργον
1298 1627 1325 1677 6
1348 1624 1592 1694 οὐρανὸς,
1622 1624 1781 1695 ἔργον
1819 1626 1851 1694 ἡ

288 1716 385 1784 γῆ,
427 1716 585 1787 ἔργον
623 1718 654 1786 ἡ
696 1716 967 1777 θάλασσα,
1004 1719 1031 1770 6
1064 1717 1192 1787 ἀὴρ,
1240 1716 1305 1770 τὰ
1344 1716 1525 1787 ἄψυχα
1560 1717 1755 1779 πάντα,
1786 1716 1854 1769 τά

288 1808 529 1877 ιμψυχα,
574 1808 642 1861 τὰ
669 1809 881 1876 λογικὰ,
923 1808 990 1861 τὰ
1021 1809 1210 1875 ἄλογα.
1257 1808 1380 1871 Πῶς
1433 1805 1525 1861 οὖν
1576 1810 1631 1860 ὲν
1672 1808 1851 1859 πίστει

1956 623 2051 676 Est
2094 633 2271 676 autem
2305 622 2615 677 vociferatio
2642 637 2739 674 vox
2771 624 3009 689 quaedam
3049 622 3292 686 confusa.
3322 640 3443 678 cum
3475 628 3510 680 ii

1955 714 2043 781 qui
2078 714 2129 766 in
2162 714 2300 767 bello
2334 728 2390 767 se
2416 712 2641 767 invicem
2667 711 2879 780 agmine
2910 711 3149 765 conferto
3177 715 3509 775 adoriuntur.

1954 822 2246 861 cousomtm
2288 820 2471 860 vocem
2501 804 2685 858 edunt.
2730 803 2912 872 Itaque
2952 802 3002 855 in
3054 814 3312 857 concentu
3358 816 3412 858 et
3459 808 3511 859 in

1954 898 2266 960 concordia,
2307 905 2363 952 et
2400 898 2450 950 in
2503 896 2783 950 charitatis
2844 894 3218 961 conjunctione
3278 894 3509 962 psallite.

1958 990 2093 1057 Quid
2152 990 2315 1060 igitur
2371 988 2660 1057 psallentes
2709 987 2886 1039 dicere
2958 987 3204 1053 oportet?
3253 986 3513 1040 Nimirum

1962 1080 2122 1153 134
2151 1083 2313 1137 Vsus.
2344 1080 2413 1133 4:
2441 1078 2592 1144 Quod
2624 1087 2817 1132 rectum
2852 1090 2922 1131 est
2948 1079 3150 1132 verbum
3179 1077 3405 1133 Domini.
3432 1078 3514 1131 ldo

1954 1177 2102 1230 circo
2132 1185 2310 1229 rectos
2354 1174 2504 1241 prius
2534 1172 2597 1225 ad
2630 1170 2987 1225 laudationem
3021 1180 3194 1229 vocat.
3243 1171 3385 1239 quod
3435 1185 3517 1223 re-

1954 1276 2098 1320 ctum
2147 1274 2228 1318 est
2262 1264 2424 1316 etiam
2475 1261 2602 1315 illttd
2654 1259 2861 1313 Domini
2910 1260 3180 1320 Verbum,
3231 1259 3369 1328 quod
3403 1270 3519 1312 crat

1953 1357 2120 1425 gloria
2181 1354 2553 1416 adiciendum,
2603 1353 2744 1419 quod
2796 1353 2847 1405 iu
2900 1352 3159 1420 principio
3212 1362 3327 1405 crat
3377 1354 3515 1419 apud

1958 1451 2146 1510 Deum,
2177 1457 2231 1501 et
2268 1446 2407 1499 Deus
2436 1454 2555 1499 erat
2579 1444 2646 1497 ⁸ο.
2680 1442 2881 1496 Rectus
2920 1444 3097 1510 itaque
3126 1442 3305 1503 Pater.
3341 1455 3516 1496 rectus

1954 1541 2141 1603 Filius,
2172 1549 2351 1592 rectus
2381 1538 2614 1605 Spiritus
2639 1548 2875 1590 sanctus.
2905 1535 2972 1589 Et
3012 1538 3185 1589 omnia
3217 1552 3371 1603 apem
3405 1536 3518 1604 ejus

1950 1634 2006 1685 in
2049 1632 2174 1700 ﬁde.
2223 1631 2359 1697 Quid
2411 1641 2494 1684 est
2538 1630 2682 1699 quod
2746 1630 2917 1683 dicit?
2959 1630 3104 1697 Opus
3156 1639 3237 1681 cst
3285 1627 3514 1688 caelum,

1950 1739 2084 1792 Opus
2121 1736 2291 1785 terra,
2323 1737 2457 1790 opus
2498 1738 2662 1782 mare,
2700 1737 2814 1782 aer.
2850 1722 3140 1775 inani-tata
3168 1722 3371 1783 oumia,
3402 1722 3519 1773 ani-

1956 1826 2119 1877 mata,
2168 1815 2486 1877 rationalia,
2536 1813 2889 1867 irrationalia.
2934 1813 3210 1879 Quomodo
3255 1813 3417 1881 igitur
3464 1813 3517 1865 in

290 1900 503 1960 πάντας
542 1899 669 1951 ποία
706 1900 885 1961 πίστις
919 1901 977 1951 ἐν
1015 1903 1125 1961 τοῖς
1152 1898 1401 1968 ἀψύχοις-ς
1448 1898 1574 1951 ποία
1604 1899 1784 1961 πίστις
1818 1900 1850 1967 ἡ

1959 1905 2058 1958 fide
2092 1903 2319 1957 omnia?
2366 1902 2622 1968 Quanam
2672 1902 2723 1955 in
2774 1899 3084 1953 inanimatis
3134 1898 3300 1951 fides?
3347 1896 3519 1963 qualis

286 1990 399 2042 τῶν
448 1989 696 2057 ἀλόγωνς
744 1990 881 2042 Ποία
919 1990 975 2043 δὲ
1014 1993 1195 2054 πίστις
1239 1993 1295 2042 ἐν
1328 1990 1402 2059 τῷ
1438 1990 1596 2059 λίθῳ;
1629 1990 1758 2043 ποία
1797 1989 1852 2042 δὲ

288 2079 471 2143 πίστις
525 2082 582 2132 ὲν
625 2080 703 2150 τῷ
750 2082 897 2145 κυνί;
938 2080 1071 2134 Οὔτε
1129 2083 1352 2151 ἄψυχον,
1402 2081 1525 2133 οὔτε
1575 2081 1767 2148 ἄλογον
1797 2082 1852 2133 ὲν

289 2170 491 2224 πίστει.
520 2174 582 2223 Ἡ
630 2173 811 2243 μέντοι
857 2173 1127 2241 ἀπόρασις
1167 2174 1318 2226 οὑδὲν
1360 2173 1671 2239 ὑπεξείλετο
1718 2173 1852 2242 (96),

289 2264 425 2316 ἀλλὰ
469 2264 645 2316 πάντα
690 2265 1038 2333 περιείληφεν
1071 2264 1329 2317 εἰποῦσαο
1366 2264 1567 2318 Πάντα
1604 2264 1675 2317 τὰ
1713 2264 1855 2334 ἔργα

290 2355 476 2408 αὐτοῦ
500 2356 569 2408 ἐν
600 2358 818 2409 πίστει.
860 2357 923 2408 Τί
948 2353 1040 2409 οὖν
1071 2359 1216 2409 ἐστιν
1247 2358 1274 2410 ὃ
1300 2357 1481 2425 λέγει;
1531 2357 1652 2410 Ἐάν
1681 2375 1740 2409 τε
1762 2359 1853 2410 οὑ·-

293 2446 474 2514 ρανὸν,
511 2446 694 2515 φησὶν,
727 2446 860 2516 ἴδῃς,
893 2447 986 2499 καὶ
1018 2446 1114 2516 τὴν
1148 2450 1205 2500 ὲν
1234 2446 1380 2517 αὑτῷ
1408 2446 1593 2510 τάξιν,
1624 2445 1857 2510 πίστεώς

291 2539 439 2590 ἐστιν
461 2538 650 2607 ὁδηγός
672 2556 685 2569 ο
720 2540 955 2592 δείκνυσι
982 2540 1088 2611 γὰρ
1122 2541 1211 2594 τὸν
1247 2542 1497 2611 τεχνίτην
1527 2542 1592 2594 δι’
1623 2542 1817 2595 ἑαυτοῦ
1838 2560 1851 2572 °

291 2634 387 2685 ὲάν
414 2649 473 2684 τε
494 2634 589 2695 τὰς
611 2634 736 2703 περὶ
760 2633 855 2703 τὴν
884 2636 987 2703 γῆν
1014 2634 1418 2705 διακοσμήσεις,
1454 2634 1611 2687 πάλιν
1644 2636 1737 2689 καὶ
1772 2636 1858 2689 διὰ

290 2723 496 2777 τούτων
530 2724 749 2789 αὔξεταί
789 2742 871 2778 σοι
900 2728 930 2795 ὴ
968 2726 1094 2797 περὶ
1130 2726 1219 2779 τὸν
1250 2728 1381 2780 Θεὸν
1420 2727 1618 2789 πίστις.
1645 2728 1718 2779 Οὐ
1750 2728 1857 2800 γὰρ

293 2816 573 2884 σαρκίνοις
604 2816 901 2886 ὀφθαλμοῖς
934 2818 1339 2887 καταμαθόντες
1385 2819 1477 2871 τὸν
1514 2819 1665 2881 Θεὸν,
1695 2837 1857 2871 πεπισ-

293 2907 597 2977 στεύκαμεν
622 2911 701 2971 εἰς
732 2910 911 2969 αὑτὸν,
943 2909 1077 2961 ἀλλά
1124 2913 1186 2979 τῇ
1221 2909 1314 2961 τοῦ
1365 2910 1455 2963 νοῦ
1504 2912 1725 2978 δυνάμει
1774 2910 1860 2963 διὰ

290 2999 402 3050 τῶν
423 3000 717 3069 ὁρωμένων
741 3002 829 3053 τὸν
853 3003 1081 3072 ἀόρατον
1103 3002 1440 3074 καθορῶμεν.
1462 3004 1660 3056 Πάντα
1678 2997 1769 3054 οὖν
1790 3000 1861 3053 τὰ

291 3086 436 3155 ἔργα
451 3088 636 3141 αὑτοῦ
659 3090 729 3141 ἐν
755 3091 974 3144 πίστει.
998 3091 1111 3143 Κᾶν
1124 3092 1213 3145 τὸν
1226 3091 1371 3144 λίθον
1388 3091 1729 3163 καταμάθῃς,
1750 3091 1860 3159 ἔχει

292 3182 387 3233 καὶ
415 3181 579 3243 αὑτός
613 3199 731 3235 τινα
763 3184 861 3252 τῆς
894 3184 1171 3254 δυνάμεως
1200 3184 1293 3237 τοῦ
1330 3185 1687 3253 πεποιηκότος
1720 3184 1857 3236 ἀπό-

292 3268 491 3333 δειξιν·
536 3271 634 3324 κᾶν
678 3272 979 3343 μύρμηκα,
1027 3275 1130 3327 κᾶν
1167 3276 1389 3344 ἐμπίδα,
1426 3274 1527 3328 κᾶν
1574 3273 1854 3344 μέλισσαν.

294 3362 561 3425 Πολλάκις
604 3366 696 3417 καὶ
726 3367 782 3418 ὲν
809 3368 919 3427 τοῖς
952 3368 1297 3436 μικροτάτοις
1335 3369 1367 3436 ἡ
1418 3367 1578 3436 σοφία
1625 3366 1717 3419 τοῦ
1766 3365 1859 3432 δη-

297 3450 555 3521 μιουργοῦ
591 3453 947 3522 διαφαίνεται.
995 3456 1049 3507 ὐ
1098 3456 1205 3526 γὰρ
1258 3457 1482 3526 οὑρανὸν
1530 3454 1857 3520 διαπλώσας,

293 3543 387 3594 καὶ
428 3543 494 3594 τά
526 3542 732 3596 ἄπλετοι
759 3545 959 3615 μεγέοη
1002 3545 1108 3597 τῶν
1144 3546 1395 3613 πελαγῶν
1420 3546 1673 3614 ἀναχέας,
1708 3541 1861 3608 οὗτός

293 3634 443 3684 ἐστιν
471 3633 499 3683 6
533 3634 703 3685 καὶτὸ
728 3634 1050 3687 λεπτότατον
1082 3635 1304 3707 κέντρον
1334 3636 1433 3705 τῆς
1466 3637 1724 3706 μελίσσης
1751 3654 1863 3689 κοι-

293 3722 459 3785 λάνας
486 3724 674 3796 ὥσπερ
708 3726 888 3785 αὑλὸν,
929 3726 1067 3779 ὥστε
1099 3728 1165 3779 δι’
1208 3727 1372 3780 αὑτοῦ
1404 3728 1492 3780 τὸν
1535 3728 1610 3781 ἰὸν
1645 3730 1864 3797 ἀποχεί-

296 3815 441 3866 σθαι.
466 3813 665 3867 Πάντα
685 3812 777 3868 οὖν
802 3818 871 3868 τὰ
891 3818 1030 3886 ἔργα
1047 3818 1232 3871 αὐτοῦ
1258 3819 1327 3870 ἐν
1340 3820 1558 3871 πίστει.
1578 3818 1758 3887 Μηδέν
1783 3836 1863 3871 σοι

293 3902 550 3967 ἀπιστίας
577 3905 782 3972 ἐφόδιον
806 3906 960 3958 ἔστω.
998 3907 1087 3977 Μὴ
1118 3906 1276 3979 εἴπῃς
1295 3922 1309 3935 '
1356 3908 1441 3970 Ὠς
1462 3907 1638 3978 ἔτυχε,
1679 3910 1865 3977 γέγονε

294 3994 473 4057 τοῦτο,
490 3998 583 4049 καὶ
609 3998 927 4067 αὐτομάτως
952 4000 1231 4069 ἀπήντησε
1249 4000 1387 4054 τόδε.
1417 4001 1583 4053 aestv
1610 4002 1862 4063 ἄτακτον,

294 4088 448 4143 οὐδὲν
473 4090 742 4160 ἀόριστον,
782 4090 933 4142 οὐδὲν
956 4093 1073 4160 εἱκῆ
1107 4092 1417 4160 γενόμενον,
1455 4092 1575 4145 οὑδὲ
1612 4092 1685 4156 ὼς
1708 4092 1863 4161 ἔτυχε

296 4179 595 4249 φερόμενον
625 4180 680 4231 ἐν
704 4183 815 4242 τοῖς
847 4176 1013 4235 οὖσιν.
1055 4182 1146 4245 Ἢ,
1183 4182 1341 4253 Κακὴ
1370 4183 1647 4251 συντυχία,
1678 4182 1733 4253 ἢ,
1759 4183 1864 4233 Πο-

294 4272 439 4343 νηρά
472 4272 606 4342 ὥρα.
654 4272 1013 4327 Ἀπαιδεύτων
1044 4269 1202 4328 αὗται
1232 4276 1288 4327 ai
1323 4275 1517 4344 φωναί.
1571 4275 1717 4343 Οὐχὶ
1756 4274 1864 4328 δύο

296 4364 582 4430 στρουθία
614 4364 911 4431 ἀσσαρίου
936 4365 1211 4417 πωλεῖται
1226 4383 1244 4428 ;
1263 4367 1357 4418 καὶ
1383 4366 1451 4418 ἒι·
1480 4365 1547 4429 ἐξ
1566 4366 1763 4419 αὐτῶν
1794 4368 1865 4420 οὺ

296 4455 567 4509 πεσεῖται
606 4456 735 4509 ἄνευ
767 4455 860 4509 τοῦ
891 4456 1033 4509 θείου
1065 4457 1366 4527 θελήματος
1401 4459 1533 4528 (97).
1588 4459 1758 4511 Πόσαι
1808 4459 1863 4509 αἱ

1953 2009 2035 2051 est
2063 1997 2192 2050 fides
2220 1994 2533 2050 brutorutn?
2556 1994 2808 2058 Quaenam
2839 1992 2968 2044 fides
2999 1992 3049 2043 in
3090 1988 3301 2057 lapide?
3332 2002 3519 2039 rursus

1954 2106 2071 2157 qua:
2102 2088 2231 2141 fides
2266 2088 2317 2141 in
2353 2088 2523 2140 cane?
2554 2086 2735 2154 Neque
2767 2083 3137 2143 inauimatum,
3181 2095 3352 2146 neque
3392 2079 3518 2131 bru-

1957 2192 2066 2234 tum
2106 2182 2155 2233 in
2188 2181 2290 2235 [ide
2326 2190 2424 2234 est.
2457 2179 2579 2233 Haec
2609 2188 2785 2232 tamen
2812 2175 3079 2231 sententia
3118 2172 3251 2225 nihil
3284 2169 3512 2236 excepit.

1956 2272 2046 2325 εισι]
2073 2273 2249 2323 omnia
2277 2269 2704 2338 comprehendit,
2730 2270 2913 2323 dicens
2944 2286 2954 2319 :
2996 2267 3184 2320 Omnia
3216 2281 3371 2328 opera
3405 2262 3518 2330 ejus

1955 2363 2007 2415 in
2051 2362 2176 2431 ﬁde.
2208 2360 2345 2427 Quid
2396 2360 2555 2429 igitur
2592 2368 2675 2413 est
2707 2360 2846 2428 quod
2895 2358 3060 2412 dicit?
3111 2357 3255 2417 Sive,
3310 2353 3516 2421 inquit,

1957 2453 2316 2519 contemplere
2373 2451 2568 2507 malum
2630 2451 2849 2520 ejusque
2905 2451 3186 2510 ordinem,
3243 2447 3360 2501 fidei
3412 2447 3519 2499 dux

1957 2552 2079 2606 est;
2130 2541 2390 2596 artificem
2437 2542 2579 2595 enim
2628 2557 2723 2610 per
2763 2556 2821 2595 se
2861 2540 3032 2607 ipsum
3083 2538 3317 2592 ostendit
3356 2556 3369 2590 ε
3407 2537 3521 2590 sive

1960 2643 2117 2688 terra:
2148 2642 2417 2698 ornatum,
2468 2648 2656 2687 rursus
2700 2621 2911 2702 quoque
2954 2632 3053 2686 hoc
3108 2640 3261 2699 pacto
3295 2639 3520 2697 augetur

1961 2736 2046 2779 tua
2095 2726 2145 2778 in
2182 2725 2344 2778 Deum
2377 2724 2526 2778 fides.
2558 2723 2670 2776 Non
2707 2725 2849 2777 enim
2897 2724 3106 2777 carneis
3151 2722 3318 2775 oculis
3356 2723 3520 2774 Deum

1959 2818 2154 2880 edocti,
2192 2817 2242 2869 in
2276 2817 2445 2884 ipsum
2479 2816 2826 2879 credidimus,
2866 2816 2957 2870 sed
2994 2816 3040 2867 vi
3092 2813 3285 2867 mentis
3315 2829 3409 2882 per
3440 2812 3522 2864 vi-

1959 2908 2133 2961 sibilia
2179 2907 2498 2961 invisibilem
2551 2907 2929 2977 conspicimus.
2967 2904 3153 2958 Omnia
3188 2919 3315 2973 ergo
3368 2919 3521 2972 opera

1958 2999 2071 3067 ejus
2122 3001 2175 3051 iu
2221 2999 2345 3066 ﬁde.
2397 2999 2522 3053 Sive
2567 2999 2795 3069 lapidem
2858 2999 3311 3060 consideraveris,
3363 2997 3524 3050 [taliet

1960 3088 2120 3141 etiam
2156 3088 2269 3156 ipse
2305 3087 2537 3156 aliquam
2578 3088 2827 3158 potentiae
2860 3088 3152 3141 conditoris
3185 3089 3520 3139 demonstra-

1911 3219 1929 3239 .
1964 3180 2195 3245 tionem;
2238 3180 2350 3235 sive
2395 3179 2697 3241 formicam,
2742 3181 2854 3233 sive
2892 3181 3148 3243 culicem,
3191 3179 3304 3233 sive
3346 3193 3521 3247 apem.

1964 3272 2116 3342 Saepe
2161 3276 2239 3328 vel
2273 3275 2325 3327 in
2372 3274 2604 3328 minimis
2634 3274 2807 3328 elucet
2850 3275 3059 3340 opiticis
3104 3273 3386 3342 sapientia.
3420 3271 3522 3338 Qui

1959 3368 2099 3421 enim
2150 3367 2345 3419 cadum
2397 3367 2673 3434 expandit,
2705 3376 2757 3420 et
2793 3369 3106 3419 immensam
3146 3365 3313 3433 pelagi
3363 3364 3526 3416 vasti-

1963 3465 2125 3511 tatem
2174 3455 2378 3516 effudit.
2412 3456 2498 3510 ille
2533 3458 2646 3524 ipse
2674 3466 2780 3520 est,
2818 3458 2905 3525 qui
2946 3457 3316 3510 tenuissimum
3361 3456 3521 3509 etiam

1962 3550 2077 3617 apis
2127 3549 2368 3603 aculeum
2409 3548 2571 3603 veluti
2614 3549 2843 3603 fistulam
2870 3550 3178 3613 exeavavit,
3231 3558 3287 3600 ut
3332 3563 3428 3617 per
3473 3548 3523 3600 id

1964 3640 2110 3691 virus
2159 3636 2481 3690 eﬂundatur.
2527 3636 2715 3689 Omnia
2764 3638 2924 3707 igitur
2953 3654 3107 3707 opera
3141 3636 3251 3704 ejus
3302 3640 3352 3688 in
3399 3637 3523 3703 ﬁde.

1964 3729 2116 3783 Nulla
2162 3730 2254 3782 tibi
2308 3730 2378 3782 sit
2424 3728 2811 3782 incredulitatis
2847 3731 3084 3784 occasio.
3137 3728 3215 3783 Ne
3266 3730 3466 3782 dixeris
3511 3750 3523 3785 :

1967 3820 2076 3874 Hoc
2111 3831 2307 3873 temere
2341 3818 2566 3881 factum,
2599 3830 2650 3874 et
2688 3821 2811 3874 illud
2841 3836 2967 3875 casn
3017 3822 3211 3875 evenit.
3254 3819 3395 3873 Nihil
3446 3820 3527 3872 in-

1965 3914 2265 3966 ordinatum
2297 3922 2411 3972 est.
2466 3912 2871 3965 intertninatntn
2921 3911 3081 3973 nihil,
3140 3912 3272 3963 nihil
3323 3910 3523 3964 frustra

1967 4003 2200 4065 factum,
2258 4016 2430 4068 neque
2485 4000 2772 4067 quidquam
2827 4013 3003 4052 rermn
3058 3996 3280 4051 fortuito
3335 3999 3524 4050 fertur.

1966 4090 2147 4159 Neque
2179 4091 2365 4145 dicas:
2408 4090 2575 4143 Malus
2617 4105 2795 4148 casus,
2840 4099 2929 4142 aut
2966 4088 3132 4142 Prava
3178 4089 3327 4143 hora.
3357 4086 3527 4142 Voces

1967 4182 2095 4251 ipsa:
2138 4194 2265 4237 sunt
2298 4182 2709 4237 ineruditorum.
2761 4182 2949 4235 Nonne
2992 4182 3094 4233 duo
3134 4196 3369 4248 passeres
3412 4195 3528 4232 asse

1966 4288 2205 4343 veneunt,
2240 4289 2286 4331 et
2328 4295 2459 4330 unus
2492 4293 2555 4331 ea:
2584 4278 2687 4331 illis
2721 4294 2821 4329 non
2862 4280 3006 4329 cadet
3051 4276 3164 4328 sine
3210 4276 3388 4329 divina
3436 4288 3529 4326 vo-

1968 4370 2172 4424 luntate
2194 4369 2271 4423 "?
2313 4368 2454 4435 Quot
2496 4369 2672 4437 capilli
2720 4368 2944 4434 capitisl
3006 4366 3150 4422 Unus
3181 4382 3244 4421 ex
3294 4367 3376 4419 his
3421 4376 3529 4417 tra-

1968 4463 2113 4517 ditus
2146 4477 2250 4516 non
2293 4472 2374 4515 est
2408 4460 2663 4517 oblivioni
2691 4462 2755 4514 ⁶¹.
2785 4460 2946 4514 Vides
2989 4459 3225 4512 divinum
3274 4457 3527 4519 oculum,

293 4549 481 4619 τρίχες
503 4549 601 4620 τῆς
628 4550 901 4619 κεφαλῆςί
940 4552 1053 4604 Μία
1081 4551 1258 4603 αὑτῶν
1299 4552 1396 4603 οὑκ
1438 4552 1582 4604 ἔστιν
1617 4551 1858 4623 ἐπιλελη·

1968 4554 2235 4621 quomodo
2262 4552 2393 4605 nihil
2426 4552 2901 4606 minutissimarum
2933 4565 3110 4604 rerum
3142 4549 3528 4619 inspectionem

299 4640 492 4710 σμένη.
531 4641 691 4711 Ὁρᾷς
723 4642 813 4694 τὸν
854 4642 991 4695 θεῖον
1014 4643 1307 4713 ὀφθαλμὸν,
1332 4644 1407 4706 ὡς
1431 4644 1581 4696 οὐδὲν
1614 4646 1720 4697 τῶν
1774 4662 1861 4714 μι-

299 4732 577 4801 κροτάτων
630 4734 728 4803 τὴν
784 4735 1086 4803 ἐπισκοπὴν
1152 4734 1315 4787 αὑτοῦ
1372 4734 1648 4803 διαφεύγει
1710 4735 1859 4805 (98);

312 4823 539 4893 Ἀγαπᾷ
569 4828 990 4894 ἐλεημοσύνην
1023 4827 1117 4879 καὶ
1166 4828 1369 4893 κρίσιν
1407 4830 1439 4880 ό
1467 4829 1706 4895 Κύριος-ο
1758 4828 1863 4879 τοῦ

297 4914 512 4982 ἐλέους
561 4918 782 4983 Κυρίου
834 4916 1071 4987 πλήρης
1124 4920 1161 4986 ἡ
1374 4920 1435 4971 Εἰ
1492 4918 1612 4972 καθ’
1667 4920 1865 4991 ἑαυτὴν

301 5007 544 5077 ὑπῆρχεν
574 5007 719 5079 ήτοῦ
746 5008 879 5061 Θεοῦ
901 5010 1099 5080 κρίσις,
1135 5010 1421 5079 ἀποτόμως
1449 5012 1579 5080 ἡμῖν
1604 5011 1742 5064 κατά
1768 5010 1863 5080 τὴν

301 5099 460 5166 ἀξίαν
490 5102 644 5172 ἡμῶν
666 5101 1005 5165 ἀποδιδόντος
1029 5103 1164 5173 πρὸς
1198 5103 1232 5156 ἃ.
1256 5104 1609 5173 ἐποιήσαμεν,
1642 5104 1767 5156 ποία
1797 5100 1863 5174 ἦν

301 5191 486 5257 ὲλπίς;
540 5192 622 5257 τίς
651 5192 716 5247 ἂν
758 5195 933 5265 ἐσώθη
971 5196 1077 5248 τῶν
1112 5196 1360 5256 πάντων;
1393 5194 1503 5246 Νῦν
1544 5195 1601 5247 δὲ
1646 5195 1863 5263 Ἀγαπᾷ

379 5332 424 5363 ⁸⁸
461 5330 620 5387 Joan.
655 5348 694 5396 ι,
728 5332 778 5385 1.
856 5333 897 5363 ⁶¹
942 5333 1124 5386 Matth.
1171 5349 1223 5393 x,
1255 5332 1345 5386 ‘29.
1422 5333 1465 5363 ⁶²
1508 5332 1634 5385 ibid.
1662 5331 1750 5387 50.

384 5489 495 5561 (94)
537 5491 625 5547 Sic
656 5493 805 5558 Regii
841 5503 1062 5559 quartus
1090 5505 1144 5550 et
1168 5505 1353 5549 sextus
1376 5510 1498 5549 cum
1529 5492 1680 5547 Colb.
1709 5508 1867 5561 quar-

306 5563 584 5634 I._0._7Edi|i0
616 5563 783 5618 Paris.
814 5564 1110 5634 βάλλωμεν.
1137 5564 1256 5618 Mox
1291 5565 1418 5629 Reg.
1452 5567 1718 5618 secundus
1746 5580 1864 5634 cum

301 5630 470 5756 ﬁt;le
494 5635 663 5703 primo
691 5630 1017 5704 τοξεὺωμεν.
1057 5636 1248 5690 Statim
1293 5634 1444 5689 Colb.
1489 5644 1713 5705 quartus
1752 5633 1867 5686 ἐστι

383 5718 413 5756 ο
476 5741 488 5755 .

302 5715 490 5843 ταῗῡὲί
529 5774 680 5828 (ἒοΙΙ).
733 5784 955 5836 quartus
1003 5773 1205 5829 ἐκάλει.
1234 5772 1445 5843 τΙίιίἀοηι
1494 5790 1685 5828 novem
1735 5789 1863 5827 mss.

304 5851 429 5896 cum
473 5841 707 5901 editiOne
743 5844 904 5900 Dasil.
950 5846 1168 5918 Ἐπειδὴ
1198 5841 1351 5908 οὗτός
1391 5847 1522 5897 ἐστι.
1560 5845 1731 5899 Editio
1773 5844 1869 5899 ινδ-

1967 4642 2083 4711 ejus
2109 4642 2371 4711 effugiat?
2408 4644 2565 4697 Vens.
2596 4642 2649 4695 5.
2686 4641 2862 4710 Diligit
2910 4642 3317 4695 misericordiam
3358 4652 3407 4694 et
3440 4640 3532 4710 ju-

1967 4736 2163 4789 dicium
2192 4735 2471 4788 Dominus
2516 4748 2535 4785 :
2582 4737 2942 4788 misericordia
2996 4736 3207 4789 Domini
3255 4736 3408 4803 plena
3451 4744 3527 4788 est

1970 4837 2130 4882 terra.
2178 4826 2234 4881 Si
2271 4826 2557 4895 separatim
2604 4835 2655 4879 et
2690 4828 2979 4878 secundum
3028 4840 3085 4878 se
3134 4826 3225 4878 Dei
3270 4826 3529 4892 judicium

1974 4920 2110 4970 foret
2140 4935 2153 4970 :
2190 4918 2261 4971 ita
2298 4927 2356 4970 ut
2404 4917 2557 4971 nobis
2588 4932 2773 4970 severe
2816 4932 2910 4983 pro
2943 4918 3148 4971 meritis
3185 4932 3368 4971 eorum
3414 4933 3532 4985 qum

1972 5011 2199 5081 egimus,
2232 5012 2569 5078 rependeret,
2612 5026 2729 5077 qua:
2766 5025 2888 5079 spes
2934 5012 3272 5079 superesset?
3314 5011 3435 5077 quis
3466 5025 3532 5061 ex

1969 5102 2218 5157 oumihus
2252 5103 2431 5157 salvus
2468 5104 2652 5155 fieret?
2693 5103 2843 5157 Nunc
2884 5115 3060 5156 autem
3103 5101 3285 5171 Diligit
3326 5102 3534 5153 miseri-

1973 5194 2210 5249 cordiam
2254 5206 2303 5249 et
2353 5195 2637 5264 judicium.
2685 5194 3040 5266 Posteaquam
3107 5194 3530 5250 misericordiam

1969 5493 2063 5547 ris.
2107 5490 2322 5559 Ἐπειδὴ
2355 5488 2515 5559 εὑθής
2544 5489 2676 5541 ἐστι.

2041 5564 2157 5686 Ἤ96)
2198 5553 2348 5615 Coll}.
2378 5553 2601 5626 quartus
2646 5557 2977 5626 ὑφεξείλατο.
3013 5557 3141 5620 Reg.
3177 5553 3366 5608 tertius
3411 5568 3532 5605 cum

2041 5635 2122 5685 ιι).
2168 5632 2340 5686 primo
2388 5628 2715 5686 ὑφεεείλετο.
2773 5629 2921 5686 Regii
2978 5638 3203 5686 quartus
3252 5633 3305 5681 et
3355 5638 3532 5678 senus

1970 5628 2122 5738 Calig.
2168 5632 2340 5697 primo
2388 5628 2715 5696 ὑφεξείλετο.
2773 5629 2921 5695 Regii
2978 5638 3203 5696 quartus
3252 5633 3305 5681 et
3355 5638 3537 5678 senus

1972 5704 2070 5738 am
2113 5702 2280 5738 eius...

1972 5701 2299 5766 ὑπεξείλετο.

2045 5772 2155 5840 (97)
2194 5772 2344 5825 Colb.
2372 5780 2596 5837 quartus
2630 5768 2772 5840 θείου
2807 5765 3164 5838 βουλήματος.

2043 5838 2153 5915 (98)
2198 5843 2328 5912 Reg.
2365 5842 2552 5897 tertius
2594 5838 2802 5908 φεύγει.
