4008 6402
494 404 592 458 551

1835 405 1890 460 8.
1935 407 2173 463 BASlLll
2215 407 2427 462 MACNI

3665 403 3770 458 δῖε

491 517 637 573 velut
669 518 770 572 sibi
811 517 1137 572 assidentem
1186 527 1240 574 et
1281 527 1405 572 ante
1453 519 1656 590 regium
1685 519 1872 589 judicii
1921 525 2068 576 thro-

2175 523 2592 592 ἐλεημοσύνην
2625 524 2721 576 καί
2761 507 2964 591 κρίσιῖν·
2989 564 3003 577 .
3042 522 3218 575 Οίονεὶ
3257 522 3531 602 πάρεδρον
3579 523 3770 592 ἐαυτῷ

492 627 619 672 num
654 621 885 666 stantem
923 611 1224 672 constituit,
1273 613 1342 664 ita
1378 611 1617 680 singulos
1652 613 1869 667 adducit
1901 615 1951 668 iu
1984 615 2067 682 ju-

493 702 712 760 dicium.
763 701 821 755 Si
868 703 1168 771 iniquitates
1222 703 1606 766 observaveris,
1658 703 1901 771 Domine,
1959 706 2069 760 Do-

493 790 656 848 mine,
701 789 816 855 quis
867 790 1136 844 sustinebit
1165 790 1246 845 εει
1298 789 1481 860 Neque
1534 793 1905 848 misericordia
1953 797 2070 849 sine

488 879 720 947 judicio,
773 897 942 950 neque
987 883 1246 950 judicium
1299 883 1417 937 sine
1483 885 1879 943 misericordia.
1931 890 2072 943 Aule

489 972 748 1040 judicium
797 974 954 1043 igitur
1002 974 1174 1044 diligit
1223 976 1675 1040 misericordiam,
1707 990 1760 1032 et
1803 989 1920 1048 post
1971 983 2070 1034 mi-

495 1067 860 1129 sericordiam,
894 1070 1041 1122 venit
1081 1071 1144 1122 ad
1185 1069 1472 1138 judicium.
1523 1071 1648 1127 Haec
1699 1083 1877 1127 autem
1929 1073 2071 1128 inter

495 1172 557 1212 se
599 1158 879 1227 conjuncta
911 1170 1040 1215 sunt
1081 1184 1093 1216 :
1137 1163 1510 1217 misericordia
1556 1180 1679 1218 cum
1724 1165 1971 1234 judicio:
2005 1183 2070 1221 ne

495 1259 588 1304 aut
621 1251 987 1306 misericordia
1039 1253 1149 1307 sola
1208 1254 1483 1309 mollitiem
1531 1256 1738 1325 pariat,
1789 1269 1881 1311 aut
1920 1257 2068 1322 judi-

494 1340 636 1396 cium
673 1341 844 1397 solum
883 1342 1070 1398 aderat
1121 1346 1571 1414 desperationem.
1605 1347 1731 1402 Vult
1782 1351 1852 1403 tui
1904 1353 2066 1406 mise-

499 1433 604 1487 reri
636 1432 824 1502 judex,
857 1445 1013 1503 teque
1045 1437 1454 1493 miserationum
1485 1455 1705 1494 suarum
1740 1441 1917 1497 facere
1947 1459 2070 1512 par-

498 1521 754 1591 ticipem:
789 1525 832 1577 si
887 1526 1044 1578 modo
1085 1538 1204 1596 post
1238 1539 1520 1596 peccatum
1572 1532 1776 1599 reperit
1811 1541 1861 1585 te
1892 1533 2069 1587 Immi-

496 1617 623 1679 lem,
651 1619 962 1683 contritum,
1008 1636 1170 1689 prava
1205 1637 1366 1690 opera
1410 1624 1637 1676 multum
1668 1624 2057 1695 deplorantem,

495 1723 561 1766 ac
587 1725 648 1763 ea
679 1726 798 1780 qua:
828 1711 963 1765 clam
1002 1713 1140 1767 facta
1172 1723 1299 1767 sunt
1338 1714 1680 1784 evulgantem
1731 1719 1863 1772 citra
1895 1720 2077 1787 pudo-_

497 1816 632 1866 rem,
683 1814 956 1871 rogantem
1005 1805 1201 1860 fratres
1242 1807 1336 1859 tibi
1381 1816 1440 1860 ut
1488 1807 1596 1861 siut
1641 1809 1954 1878 adjumento
1998 1812 2064 1865 ad

2173 614 2392 684 (99)τὴν
2409 613 2776 684 ἐλεημοσύνην
2807 613 3192 684 ποιησάμενος,
3220 614 3312 667 καὶ¹
3345 613 3767 684 προϐληθεῖσαν

2171 706 2248 776 τῷ
2263 706 2522 777 βασιλικῷ
2541 707 2639 777 τῆς
2658 707 2887 776 κρίσεως
2903 705 3096 777 θρόνῳ,
3115 705 3257 759 οὕτω
3280 705 3525 776 παράγει
3539 708 3628 769 εἰς
3646 707 3768 776 κρί-

2173 818 2257 852 σιν
2309 801 2558 855 ἕκαστον.
2607 799 2750 853 Ἐὰν
2782 800 3035 867 ἀνομίας
3065 798 3521 868 παρατηρήσῃς,
3551 800 3762 868 Κύριε,

2170 894 2368 960 Κύριε,
2400 892 2489 958 τίς
2508 890 2950 957 ὑποστήσεται;
2980 891 3118 944 Uine
3147 895 3180 962 ἡ
3221 891 3560 962 ἐλεημοσύνη
3599 891 3770 961 ἀκρισ-

2174 1004 2286 1051 τος,
2328 985 2452 1038 οὔτε
2483 987 2515 1056 ἡ
2544 985 2725 1056 κρίσις
2751 984 3085 1055 ἀνελεήμων.
3126 985 3240 1055 Πρὸ
3268 989 3366 1054 τῆς
3404 984 3648 1056 κρίσεως
3673 980 3768 1036 οὖν

2171 1079 2361 1148 ἀγαπᾷ
2418 1076 2833 1147 ἐλεημοσύνην,
2886 1076 2980 1128 καὶ
3041 1075 3178 1145 μετά
3226 1076 3323 1147 τὴν
3377 1075 3768 1145 ἐλεημοσύνην

2171 1169 2389 1241 ἔρχεται
2439 1169 2532 1221 ἐπὶ
2584 1169 2684 1236 τὴν
2725 1167 2927 1238 κρίσιν.
2981 1167 3166 1220 Ταῦτα
3209 1166 3267 1220 δὲ
3314 1166 3568 1235 ἀλλήλοις
3628 1185 3762 1218 συν.

2171 1260 2450 1324 ἑζευκται,
2469 1261 2497 1312 6
2523 1259 2672 1323 ἔλεος
2696 1260 2833 1330 μετὰ
2854 1260 2951 1330 τῆς
2975 1259 3203 1329 κρίσεως
3221 1276 3232 1290 ’
3265 1259 3350 1310 ἵνα
3377 1260 3512 1329 μήτε
3549 1260 3578 1310 6
3604 1257 3766 1320 ἔλεος

2173 1350 2333 1420 μόνος
2384 1350 2685 1420 χαυνότητα
2744 1350 3041 1420 ἐμποιήσῃ,
3102 1349 3238 1418 μήτε
3295 1348 3427 1418 μόνη
3475 1349 3508 1417 ἡ
3569 1348 3766 1418 κρέσκ

2169 1442 2479 1509 ἀπόγνωσιν
2528 1440 2910 1512 ἐνεργάσηται.
2957 1439 3216 1493 Βούλεταί
3259 1457 3316 1492 σε
3368 1439 3610 1510 ἐλεῆσαι,
3665 1441 3766 1492 καὶ

2167 1530 2276 1583 τῶν
2306 1529 2496 1583 ἐαυτοῦ
2518 1529 2817 1600 οἰκτιρμῶν
2847 1530 3164 1600 μεταδοῦναι
3193 1531 3221 1582 6
3251 1529 3445 1600 κριτής
3465 1546 3476 1557 ·
3514 1529 3638 1582 ἀλλ’
3665 1532 3765 1581 ἐὰν

2170 1621 2305 1695 εὕρῃ
2331 1639 2390 1676 σε
2429 1622 2567 1692 μετά
2612 1622 2713 1694 τὴν
2763 1623 3042 1694 ἁμαρτίαν
3082 1622 3364 1687 ταπεινὸν,
3420 1639 3762 1692 συντετριμ-

2173 1714 2352 1784 μένον,
2374 1715 2542 1770 πολλὰ
2565 1716 3014 1787 μετακλαύσαντα
3031 1716 3123 1769 ἐπὶ
3134 1719 3244 1778 τοῖς
3263 1718 3516 1786 πονηροῖς
3542 1714 3760 1785 ἔργοις,

2170 1807 2240 1860 τὰ
2267 1808 2533 1878 γενόμενα
2568 1808 2752 1879 κρυφῆ
2789 1807 3235 1877 ἀνεπαισχύντως
3272 1807 3722 1877 δημοσιεύσαντα
3743 1848 3759 1870 ,

496 1895 862 1963 accipiendam
903 1899 1186 1951 medelam.
1246 1897 1361 1953 Uno
1411 1915 1576 1954 verno
1622 1902 1665 1956 si
1715 1904 2069 1958 commisera-

2175 1899 2428 1969 δεηθέντα
2467 1878 2708 1968 ἀδελῲῶν
2743 1900 2818 1970 (l)
2855 1901 3154 1970 συγκαμεῖν
3183 1916 3264 1951 σοι
3298 1899 3430 1969 πρὸς
3455 1898 3554 1967 τὴν
3585 1899 3759 1960 ἴασιν,

499 1985 644 2039 tione
670 1987 825 2056 135
856 1989 1074 2058 dignum
1118 1989 1334 2058 viderit,
1383 1991 1598 2048 abunde
1646 1994 1739 2048 tibi
1773 2010 1924 2048 suam
1974 1996 2074 2049 im-

498 2066 777 2144 pertietur'
829 2079 1298 2147 misericordiam;
1355 2082 1400 2135 si
1463 2097 1593 2137 vero
1649 2100 1746 2138 cor
1805 2088 2072 2154 pmnitere

499 2167 761 2231 nescium,
808 2181 1038 2224 tuentem
1088 2173 1413 2241 superbam,
1463 2176 1704 2229 aniumm
1752 2176 1934 2231 futuro
1970 2194 2073 2232 5:78-

499 2257 620 2310 culo
666 2275 770 2312 non
823 2263 1167 2327 credentem,
1215 2280 1277 2318 ac
1331 2265 1534 2320 nullum
1582 2268 1770 2337 judicii
1825 2270 2070 2322 timorem

497 2352 871 2418 conspexerit,
917 2361 1042 2407 tunc
1085 2355 1136 2408 in
1178 2364 1228 2408 te
1261 2355 1526 2426 judicium
1563 2359 1759 2428 diligit.
1809 2359 1884 2412 Ita
1925 2363 2067 2415 enim

498 2441 668 2497 bonus
712 2457 775 2498 ac
825 2445 1093 2499 humanus
1127 2448 1363 2503 medicus
1397 2449 1650 2505 fomentis
1683 2453 1834 2521 prius
1866 2467 1930 2505 ac
1979 2467 2065 2504 re-

499 2532 689 2587 mediis
732 2535 980 2590 mollihus
1032 2547 1294 2593 tumorem
1351 2542 1544 2597 sedare
1591 2554 1819 2598 conatur
1858 2560 1872 2596 :
1921 2553 2067 2614 post-

499 2641 657 2695 quam
694 2640 822 2681 vero
852 2629 1047 2683 viderit
1079 2631 1271 2686 molem
1307 2633 1439 2688 nihil
1475 2637 1772 2702 remittere,
1806 2646 1967 2707 atque
1997 2637 2074 2690 iu-

499 2718 744 2773 duralam
781 2723 978 2788 reniti;
1027 2732 1135 2776 tum
1171 2726 1389 2779 demum
1440 2727 1654 2797 rejectis
1695 2728 1814 2782 oleo
1845 2744 1907 2782 ac
1944 2729 2075 2782 mol-

497 2809 633 2867 Liore
663 2814 881 2867 curandi
935 2817 1166 2878 ratione.
1201 2817 1330 2872 ferri
1393 2835 1547 2873 usum
1615 2821 1849 2877 adhibet.
1893 2822 2072 2892 Diligit

500 2900 663 2970 igitur
692 2904 1121 2961 misericordiam
1167 2909 1219 2963 in
1255 2912 1643 2979 pmnilentibus
1689 2930 1703 2966 :
1742 2913 1915 2981 diligit
1945 2929 2072 2968 vero

502 2993 555 3044 in
592 2992 878 3049 obstinatis
911 2994 1197 3063 judicium.
1231 3000 1360 3055 'l‘ale
1387 3004 1514 3072 quid
1547 3002 1716 3058 Isaias
1749 3005 1912 3058 etiam
1945 3006 2073 3059 dicit

501 3081 611 3135 Deo
650 3097 664 3134 :
699 3082 1070 3140 Misericordia
1117 3098 1207 3141 tua
1255 3091 1307 3143 in
1358 3095 1561 3160 pondus
1585 3092 1651 3146 “.
1699 3092 1834 3146 Nam
1874 3102 1926 3147 et
1987 3095 2073 3147 ille

2173 1989 2311 2053 ὅλως
2337 1991 2570 2043 ἐλεεινόν
2599 2008 2656 2043 σε
2677 1990 2970 2061 γενόμενον
2998 1991 3092 2043 ἐὰν
3136 1989 3241 2060 ἴδῃ,
3267 1987 3496 2056 ἄφθονόν
3532 2004 3619 2040 σοι
3654 1988 3762 2056 τὴν

2173 2082 2366 2136 ἑαυτοῦ
2416 2083 2787 2154 ἐλεημοσύνην
2842 2085 3198 2154 ἐπιχορηγεῖ·
3257 2083 3351 2135 ἐὰν
3399 2081 3455 2134 δὲ
3519 2081 3763 2153 καρδίαν

2173 2177 2574 2247 ἀμετανόητον,
2621 2178 2875 2247 φρόνημα
2923 2177 3291 2246 ὑπερήφανον,
3348 2175 3609 2227 ἀπιστίαν
3659 2174 3760 2226 τοῦ

2173 2267 2369 2330 αἰῶνος
2410 2267 2504 2320 τοῦ
2553 2267 2859 2338 μέλλοντος,
2914 2267 3142 2335 ἀφοϐίαν
3189 2267 3286 2336 τῆς
3336 2266 3596 2336 κρίσεως,
3628 2266 3761 2317 τότε

2173 2361 2365 2430 ἀγαπᾷ
2397 2360 2489 2412 ἐπὶ
2540 2359 2622 2412 σο)⁸
2653 2359 2753 2428 τὴν
2781 2358 2980 2427 κρίσιν.
3027 2359 3109 2421 Ὠς
3148 2357 3257 2427 γὰρ
3291 2358 3472 2428 ἰατρὸς
3503 2356 3761 2427 ἐμμελὴς

2175 2451 2268 2503 καὶ
2314 2449 2693 2520 φιλάνθρωπος
2739 2449 3156 2519 καταντλήμασι
3207 2449 3473 2520 πρότερον
3522 2448 3620 2500 καὶ
3655 2465 3763 2500 πε-

2177 2541 2547 2611 ριπλάσμασιν
2570 2539 2798 2602 ἁπαλοῖς
2829 2542 3088 2611 πειρᾶται
3124 2540 3471 2592 καταστεῖλαι
3501 2538 3562 2590 τὸ
3605 2537 3763 2606 οἵδηο

2177 2649 2284 2703 μα·
2314 2633 2450 2685 ἐπὰν
2477 2632 2532 2684 δέ
2582 2631 2655 2700 (2)
2693 2632 2774 2702 ἴδῃ
2810 2632 3103 2694 ἀνενδότως
3134 2633 3227 2684 καὶ
3259 2630 3509 2701 σκληρῶς
3537 2631 3762 2682 ἀντιτυ-

2174 2721 2377 2775 ποῦντα
2407 2721 2498 2774 τὸν
2527 2721 2708 2789 ὄγκον,
2750 2720 2912 2792 ῥίψας
2948 2720 3009 2774 τὸ
3039 2720 3213 2774 ἔλαιον
3246 2721 3339 2773 καὶ
3367 2721 3465 2790 τὴν
3501 2719 3760 2789 μαλακὴν

2174 2813 2419 2884 ἀγωγὴν,
2470 2815 2703 2886 αἱρεῖται
2738 2813 2919 2865 λοιπὸν
2967 2812 3065 2883 τὴν
3113 2812 3206 2866 τοῦ
3251 2813 3470 2882 σιδήρου
3526 2813 3752 2883 χρῆσιν.

2188 2905 2400 2974 Ἀγαπᾷ
2447 2900 2540 2956 οὖν
2589 2903 2959 2975 ἐλεημοσύνην
2997 2904 3091 2957 ἐπὶ
3139 2903 3245 2956 τῶν
3297 2904 3706 2971 μετανοούντων
3734 2920 3752 2934 ·

2171 2997 2360 3068 ἀγαπᾷ
2385 2997 2442 3050 δὲ
2475 2997 2569 3049 καὶ
2599 2997 2780 3066 κρίσιν
2797 2997 2890 3049 ἐπὶ
2916 2996 3024 3049 τῶν
3055 2995 3367 3049 ἁνενδότων.
3404 2994 3656 3048 Τοιοῦτόν
3698 3012 3757 3047 τι

2173 3088 2264 3140 καὶ
2297 3089 2325 3139 6
2370 3088 2596 3151 Ἡσαΐας
2635 3087 2781 3156 λέγει
2833 3088 2908 3158 τῷ
2959 3087 3111 3157 Θεῷ,
3141 3088 3222 3140 ὅτι
3279 3087 3340 3140 Ἠ
3365 3088 3753 3156 ἐλεημοσύνη

502 3174 930 3230 misericordiam
976 3195 1095 3232 cum
1125 3180 1329 3246 judicio
1362 3184 1580 3237 exhibet
1607 3184 1746 3252 ejus,
1783 3189 1872 3253 qui
1912 3185 2066 3251 libra,

2175 3198 2289 3236 σου
2317 3184 2405 3247 εις
2435 3183 2705 3250 σταθμόν
2741 3181 2837 3251 (ὗ).
2887 3182 2997 3233 Καὶ
3043 3180 3152 3251 γὰρ
3202 3181 3452 3241 κάκεῖνος
3479 3179 3577 3249 τὴν
3609 3179 3756 3248 μετὰ

499 3276 554 3320 et
587 3281 813 3324 numero
856 3285 919 3324 ac
963 3273 1198 3342 pondere
1235 3292 1336 3346 pro
1381 3276 1643 3361 cujusque
1690 3281 1883 3335 merito
1927 3279 2071 3336 vices

500 3360 762 3440 rependit,

571 3544 626 3599 4.
671 3545 1040 3603 Misericordia
1073 3549 1284 3605 Domini
1328 3552 1481 3621 plena
1515 3563 1587 3608 est
1623 3564 1782 3612 terra.
1820 3555 1918 3612 Hic
1959 3558 2073 3612 dis-

497 3638 682 3712 juncta
746 3652 829 3696 est
881 3658 908 3696 a
968 3643 1172 3712 judicio
1250 3646 1642 3702 misericordia.
1722 3650 1847 3705 Sola
1925 3652 2070 3705 enim

501 3731 874 3788 misericordia
932 3735 1141 3790 Domini
1194 3736 1349 3806 plena
1401 3749 1487 3793 est
1543 3751 1719 3806 terra,
1764 3741 1970 3809 judicio
2020 3747 2069 3797 in

501 3825 853 3882 constitutum
905 3839 1115 3899 tempus
1167 3843 1463 3887 reservato.
1515 3833 1611 3889 Hic
1664 3836 1844 3904 itaque
1905 3840 2069 3892 mise-

501 3915 736 3970 ricordia
772 3929 855 3973 est
890 3921 1008 3974 sine
1040 3922 1244 3992 judicio
1292 3943 1303 3976 ι
1358 3940 1462 3978 non
1502 3926 1646 3978 enim
1697 3929 1841 3981 venit
1887 3939 1946 3982 ut
1981 3929 2070 3995 ju-

503 4006 645 4060 dieet
672 4010 949 4074 mundum,
984 4015 1076 4066 sed
1116 4022 1172 4066 ut
1203 4015 1374 4069 salvet
1407 4018 1661 4069 mundum
1688 4017 1754 4071 “.
1797 4017 1908 4074 Illic
1948 4035 2073 4072 vero

503 4111 608 4149 non
653 4107 735 4152 est
787 4100 1154 4158 misericordia
1209 4106 1514 4173 judicium,
1570 4117 1854 4176 propterea
1928 4113 2069 4178 quod

502 4183 664 4238 homo
707 4200 735 4238 a
772 4189 1021 4244 sordibus
1071 4207 1236 4262 purus
1293 4196 1518 4264 reperiri
1582 4209 1846 4266 nequeat,
1896 4200 1938 4254 si
1992 4198 2072 4254 vel

502 4292 663 4331 unam
711 4279 851 4334 diem
882 4283 1081 4340 vixerit
1106 4287 1171 4340 °°.
1198 4287 1378 4353 Quare
1416 4290 1459 4343 si
1491 4291 1612 4359 quis
1646 4293 1906 4346 malitiam
1941 4309 2075 4364 quo-

502 4369 629 4422 tidie
675 4384 1043 4443 grassantem,
1089 4388 1143 4432 et
1183 4377 1374 4448 fragile
1421 4381 1694 4436 hominum
1741 4399 1930 4454 genus,
1975 4386 2074 4438 lia-

501 4459 611 4514 bita
691 4475 1034 4532 peccatorum
1125 4471 1364 4534 ratione,
1435 4473 1729 4528 innumeris
1814 4476 2074 4530 mortibus

2173 3275 2406 3346 κρίσεως
2438 3271 2809 3344 ἐλεημοσύνην
2842 3274 3167 3344 παρίστησι,
3224 3271 3372 3342 ζυγῷ
3404 3272 3497 3323 καὶ
3530 3271 3754 3341 ἀριθμῷ

2171 3369 2263 3420 καὶ
2299 3365 2524 3437 σταθμῷ
2565 3366 2706 3420 κατὰ
2740 3367 2838 3438 τὴν
2872 3365 3102 3418 ἐκάστου
3147 3363 3302 3430 ἀξίαν
3355 3362 3752 3434 ἀντιμετροῦν-

2169 3476 2280 3522 τος,

2241 3551 2295 3604 4.
2336 3551 2445 3604 Τοῦ
2487 3549 2701 3616 ἐλέους
2747 3551 2972 3619 Κυρίου
3001 3547 3299 3617 «gamma
3334 3547 3432 3617 τῆ.
3479 3547 3756 3602 Ἐνταῦθα

2169 3643 2474 3708 διέζευκται
2504 3643 2611 3696 ἀπὸ
2648 3644 2747 3712 τῆς
2774 3643 3007 3714 κρίσεως
3035 3643 3064 3693 6
3099 3641 3267 3704 ἕλεος.
3300 3641 3477 3694 Μόνου
3509 3640 3618 3710 γὰρ
3654 3639 3752 3692 τοῦ

2171 3736 2353 3799 ἐλέους
2385 3737 2592 3808 Κυρίου
2635 3735 2852 3806 πλήρης
2893 3736 2925 3805 ἡ
2968 3733 3073 3803 γῆ,
3119 3733 3218 3804 τῆς
3259 3733 3492 3803 κρίσεως
3534 3734 3614 3794 εἰς
3658 3733 3754 3784 τὸν

2171 3827 2474 3899 ὡρισμένον
2521 3827 2710 3898 καιρὸν
2747 3825 3154 3897 ταμιευθείσης.
3215 3821 3478 3875 Ἐνταῦθα
3524 3823 3622 3892 μὲν
3654 3819 3753 3875 οὖν

2175 3922 2320 3984 ἔλεός
2362 3922 2477 3973 ἐστι
2516 3921 2684 3990 χωρὶς
2722 3920 2954 3990 κρίσεως
2980 3935 2993 3947 ·
3025 3919 3087 3971 ού
3125 3917 3232 3988 γὰρ
3270 3913 3433 3986 ἦλθεν
3469 3917 3555 3968 ἵνα
3582 3915 3750 3986 κρίνῃ

2173 4015 2264 4067 τὸν
2311 4015 2533 4082 κόσμον,
2586 4012 2700 4065 ἀλλ’
2739 4012 2824 4065 ’ίνα
2869 4011 3019 4083 σώσῃ
3071 4010 3162 4062 τὸν
3210 4010 3432 4079 κόσμον.
3487 4009 3634 4060 Ἐκεῖ
3690 4007 3748 4060 δὲ

2174 4109 2273 4160 οὐκ
2314 4106 2518 4177 ἐστινὴ
2553 4106 2734 4176 κρίσις
2779 4104 2946 4175 χωρὶς
2997 4103 3200 4165 ἐλέους,
3241 4102 3330 4154 διὰ
3374 4102 3434 4154 τὸ
3478 4102 3552 4187 μὲι
3595 4101 3751 4154 δύναο

2178 4200 2299 4252 σθαι
2331 4200 2615 4270 ἄνθρωπον
2649 4196 2886 4268 καθαρὸν
2929 4196 3216 4268 εὑρεθῆναι
3265 4195 3374 4248 ἀπὸ
3411 4194 3605 4265 ῥύπου,
3642 4211 3748 4263 μη-

2174 4293 2229 4344 δὲ
2266 4292 2359 4346 ἐὰν
2397 4291 2491 4363 μία
2527 4285 2763 4361 ἡμέραῇ
2795 4290 2893 4358 τῆς
2939 4290 3204 4356 γενέσεως
3240 4289 3403 4340 αὑτοῦ
3453 4287 3550 4356 (5).
3587 4285 3746 4337 Ὥστε

2177 4387 2270 4440 ἐὰν
2302 4403 2385 4450 τις
2415 4385 2498 4457 ἴδῃ
2523 4384 2620 4454 τὴν
2660 4383 2856 4436 κακίαν
2898 4381 3168 4452 ὁσημέραι
3200 4381 3528 4451 νεμομένην,
3563 4379 3658 4431 καὶ
3686 4377 3748 4429 τὸ

2178 4479 2437 4548 ἐπίκηρον
2478 4477 2635 4544 γένος
2663 4475 2771 4527 τῷν
2815 4474 3124 4546 ἀνθρώπων»
3148 4472 3293 4538 ἄξιον
3335 4471 3538 4542 μυρίων
3573 4470 3733 4523 θανά-

499 4553 718 4622 dignum
758 4558 961 4625 videat,
1009 4563 1363 4617 admirabitur
1389 4564 1604 4619 divitias
1650 4565 1906 4621 bonitatis
1961 4568 2070 4630 Dei,

2177 4587 2302 4634 των,
2347 4572 2466 4623 ὅσον
2507 4569 2597 4620 ἐπὶ
2624 4571 2734 4628 τοῖς
2765 4567 3122 4636 ἁμαρτήμασι
3153 4565 3434 4634 τυγχάνον,
3479 4563 3747 4632 θαυμάσει

503 4647 883 4720 patientiaeque
931 4652 1120 4720 ipsius,
1167 4665 1220 4709 et
1273 4655 1596 4712 lenitatis".
1652 4659 1795 4713 Sane
1843 4660 1965 4712 dum
2017 4660 2069 4712 in

501 4747 646 4791 terra
683 4755 890 4806 sumus.
938 4747 1306 4802 misericordia
1336 4765 1469 4819 opus
1500 4751 1655 4806 nobis
1677 4761 1775 4806 est.
1819 4750 1951 4804 Nam
1979 4752 2068 4820 qui

502 4829 556 4890 iu
585 4831 737 4886 caelis
769 4849 1072 4904 versantur,
1116 4841 1259 4910 digni
1293 4856 1436 4907 sunt,
1471 4844 1562 4912 qui
1600 4844 1740 4897 beati
1778 4844 2076 4912 praedicen-

503 4932 608 4985 tur,
664 4940 770 4979 non
807 4942 1034 4995 quorum
1075 4932 1450 4990 misereamur.
1510 4935 1614 4990 Aut
1674 4935 1920 4989 fortassis
1959 4953 2076 5004 pro-

501 5025 622 5088 pter
651 5019 1159 5080 condemnationem
1195 5027 1245 5081 in
1283 5045 1380 5084 nos
1399 5031 1469 5086 ob
1499 5039 1773 5098 peccatum
1808 5032 2073 5101 prolatam

573 5158 619 5191 ⁸³
655 5157 799 5224 Psal.
827 5176 1020 5228 exstat,
1059 5167 1112 5222 3.
1191 5169 1234 5199 “
1274 5169 1374 5225 lsa.
1417 5185 1624 5233 xxvm,
1663 5169 1749 5236 Π,

577 5300 689 5374 (99)
731 5301 978 5356 Νοιιιὶιιίιί
1029 5317 1159 5356 mss.
1201 5301 1415 5354 ἐαυτοῦ.
1456 5302 1556 5354 Alii
1605 5303 1802 5374 ἐαυτῷ.
1855 5303 1962 5356 Nec
2003 5304 2074 5357 ita

502 5373 687 5444 multo,
711 5382 834 5440 post
864 5384 1068 5442 septem
1107 5375 1653 5444 mss.r;apatrjpr';on.
1692 5373 1821 5443 εἷος.
1851 5384 2075 5440 quartus

503 5453 559 5497 et
579 5442 730 5517 Colb.
748 5445 1009 5517 septimus
1030 5459 1149 5498 cum
1174 5443 1404 5517 editiset
1424 5442 1716 5517 clt'rii‘textlt
1738 5442 1890 5500 sacro
1911 5463 2080 5517 παρα-

503 5515 770 5590 τηρὴσῃς.
807 5514 962 5590 Infra
984 5516 1110 5582 Reg.
1142 5514 1408 5590 secundus
1440 5515 1762 5590 ἐργάζηται.

578 5582 654 5650 Η)
691 5582 828 5654 Reg.
874 5586 1094 5656 quintus
1133 5598 1251 5636 cum
1296 5582 1449 5639 Coll).
1473 5582 1658 5656 primo
1689 5585 1932 5656 ἀδελφόν.
1973 5585 2078 5640 Nec

505 5654 668 5706 aliter
704 5654 916 5708 videtur
958 5656 1150 5718 legisse
1181 5656 1466 5722 interpres,
1498 5655 1591 5722 qui
1619 5667 1791 5708 vertat
1821 5675 1834 5710 :
1874 5655 1931 5711 Si
1969 5659 2083 5724 [rn-

508 5733 637 5776 trcm
670 5727 922 5791 oraveris.
952 5727 1128 5778 Editio
1151 5726 1322 5778 Paris.
1353 5740 1473 5778 cum
1517 5726 1700 5778 multis
1736 5743 1892 5790 mss,
1924 5727 2080 5780 ἁδελ-

507 5793 642 5867 φῷν.
682 5796 970 5867 ῥίὶίιυοιιιο
1007 5807 1124 5864 post
1157 5796 1307 5850 (Iulli.
1342 5797 1552 5867 primus
1573 5797 1664 5848 ἐπὶ
1701 5796 1794 5849 σοῦ
1828 5799 1945 5867 τήν.

579 5863 656 5936 (2)
698 5863 828 5938 Reg.
871 5868 1143 5928 secundus
1190 5867 1356 5919 ἔπειθ’
1391 5865 1454 5921 ἂν
1501 5866 1577 5920 δέ.
1625 5867 1741 5922 Mox
1786 5863 1914 5922 editi
1959 5884 2079 5926 eum

1827 5169 1871 5201 "
1911 5169 2066 5233 Joan.
2093 5185 2172 5231 ιιι,
2207 5169 2290 5222 17.

2179 4661 2268 4713 τὸν
2295 4658 2521 4712 πλοῦτον
2547 4659 2640 4726 τῆς
2660 4657 3024 4726 χρηστότητος
3043 4655 3136 4708 τοῦ
3157 4654 3311 4716 Θεοῦ,
3331 4655 3422 4708 καὶ
3433 4653 3530 4723 τῆς
3553 4651 3748 4720 ἀνοχῆς

2177 4751 2341 4805 αὑτοῦ
2377 4749 2589 4819 καὶτῆς
2616 4748 3012 4819 μακροθυμίας.
3057 4747 3144 4798 Ἐν
3185 4749 3249 4816 τῇ
3281 4748 3350 4815 γῇ
3385 4744 3565 4815 μέντοι
3599 4744 3748 4806 ὄντες

2174 4843 2268 4896 τοῦ
2304 4842 2488 4904 ἐλέους
2512 4838 2803 4911 χρῄζομεν.
2844 4841 2904 4891 Οἱ
2935 4839 3043 4906 γὰρ
3076 4839 3132 4889 ἐν
3159 4836 3236 4906 τῷ
3261 4835 3471 4906 ούρανῷ
3507 4834 3602 4888 τοῦ
3639 4854 3745 4906 μα-

2175 4934 2493 5008 καρίζεσθαί
2527 4935 2684 4997 εἰσιν,
2727 4931 2840 4986 ἀλλ’
2879 4931 2998 5000 οὐχὶ
3039 4928 3132 4982 τοῦ
3181 4928 3440 4982 ἐλεεῖσθαι
3481 4928 3638 4994 ἄξιοι.
3675 4929 3745 4981 Ἢ

2172 5032 2310 5100 τάχα
2333 5027 2418 5081 διὰ
2448 5025 2544 5097 τὴν
2580 5027 2643 5078 ὲκ
2667 5024 2766 5094 τῆς
2793 5022 3064 5094 ἁμαρτίας
3087 5024 3214 5091 ἡμῖν
3247 5019 3623 5088 ἐπενεχθεῖσαν
3649 5037 3746 5072 κα-

2397 5166 2441 5196 ⁶⁶
2478 5164 2578 5220 Job
2605 5179 2710 5224 xw,
2746 5161 2802 5224 ι,
2829 5160 2882 5224 5,
2907 5159 3064 5228 juxta
3091 5157 3253 5216 LXX.
3329 5159 3370 5191 "
3405 5157 3559 5213 Rom.
3598 5175 3659 5226 ιι,
3689 5164 3742 5215 ι.

2183 5304 2506 5372 quibusdam
2539 5318 2668 5357 mss.
2695 5303 2785 5356 τὸν
2813 5302 2979 5356 ἔλεον.
3003 5302 3078 5372 ,ΑΙ
3120 5301 3412 5355 Ο‹›11›ει·ίῑιιὶ
3459 5301 3665 5372 primus
3691 5311 3744 5353 et

2185 5370 2410 5441 quartus
2437 5391 2556 5428 cum
2592 5375 2718 5442 Reg.
2747 5383 2939 5443 quarto
2968 5370 3046 5443 1'6
3065 5371 3262 5431 ἔλαιον,
3287 5373 3507 5436 optime.
3537 5371 3743 5424 Eleriim

2187 5462 2306 5496 cum
2351 5446 2438 5501 hic
2489 5461 2666 5506 sermo
2715 5442 2784 5496 sit
2831 5445 2897 5497 de
2951 5442 3191 5496 molliore
3241 5443 3463 5495 curandi
3520 5443 3743 5500 ratione,

2180 5518 2355 5568 ult-um
2391 5515 2806 5583 prmtermissmu
2857 5529 2960 5565 non
2994 5514 3248 5579 Oportuit,
3289 5514 3431 5581 quod
3473 5513 3523 5564 iu
3559 5512 3747 5580 primis

2181 5589 2244 5639 ad
2279 5588 2438 5640 talem
2470 5586 2731 5638 tractandi
2767 5584 2978 5636 modum
3009 5585 3279 5646 pertinere
3314 5591 3496 5636 notum
3533 5589 3638 5636 est:

2253 5658 2330 5724 (5)
2373 5657 2525 5710 Colb.
2554 5664 2776 5721 quartus
2806 5656 2885 5716 είς
2914 5652 3191 5724 στάθμιον.

2253 5719 2326 5793 (4)
2369 5727 2500 5794 Reg.
2547 5719 2815 5778 secundus
2863 5735 2914 5778 et
2967 5719 3119 5777 Coll).
3161 5725 3364 5789 primus
3420 5725 3518 5793 τῆς
3557 5719 3748 5790 γεννή-

2184 5815 2337 5860 σεως.
2379 5792 2497 5851 mox
2539 5796 2688 5851 Coll».
2725 5808 2947 5866 qttartus
2981 5794 3072 5846 καὶ
3114 5795 3174 5848 τὸ
3209 5792 3511 5866 ἐπίκαιρον,
3549 5805 3746 5860 tempo-

2185 5885 2408 5926 fartum.
