  <div class='ocr_page' id='page_1' title='image "/cluster/home/n/w/nwhite01/storage/ocr_20150623/29/hvd.32044011320256/600.png"; bbox 0 0 4008 6402; ppageno 0'>
   <div class='ocr_carea' id='block_1_1' title="bbox 299 333 412 400">
    <p class='ocr_par' dir='ltr' id='par_1_1' title="bbox 299 333 412 400">
     <span class='ocr_line' id='line_1_1' title="bbox 299 333 412 400; baseline 0.009 -9"><span class='ocrx_word' id='word_1_1' title='bbox 299 333 412 400; x_wconf 68' lang='lat'><strong>3&#39;53</strong></span> 
     </span>
    </p>
   </div>
   <div class='ocr_carea' id='block_1_2' title="bbox 1445 349 2472 408">
    <p class='ocr_par' dir='ltr' id='par_1_2' title="bbox 1445 349 2472 408">
     <span class='ocr_line' id='line_1_2' title="bbox 1445 349 2472 408; baseline 0.003 -3"><span class='ocrx_word' id='word_1_2' title='bbox 1445 349 1727 406; x_wconf 78' lang='lat' dir='ltr'><strong>HOMILIA</strong></span> <span class='ocrx_word' id='word_1_3' title='bbox 1767 351 1831 406; x_wconf 72' lang='lat' dir='ltr'><strong>IN</strong></span> <span class='ocrx_word' id='word_1_4' title='bbox 1873 350 2210 407; x_wconf 65' lang='lat' dir='ltr'><strong>PSALIIUM</strong></span> <span class='ocrx_word' id='word_1_5' title='bbox 2253 349 2472 408; x_wconf 73' lang='lat' dir='ltr'><strong>XXXII.</strong></span> 
     </span>
    </p>
   </div>
   <div class='ocr_carea' id='block_1_3' title="bbox 3456 346 3557 400">
    <p class='ocr_par' dir='ltr' id='par_1_3' title="bbox 3456 346 3557 400">
     <span class='ocr_line' id='line_1_3' title="bbox 3456 346 3557 400; baseline -0.02 -1"><span class='ocrx_word' id='word_1_6' title='bbox 3456 346 3557 400; x_wconf 60' lang='grc' dir='ltr'><strong>σπι</strong></span> 
     </span>
    </p>
   </div>
   <div class='ocr_carea' id='block_1_4' title="bbox 302 453 1906 536">
    <p class='ocr_par' dir='ltr' id='par_1_4' title="bbox 302 453 1892 536">
     <span class='ocr_line' id='line_1_4' title="bbox 302 453 1892 536; baseline 0.006 -27"><span class='ocrx_word' id='word_1_7' title='bbox 302 453 533 523; x_wconf 82' lang='grc' dir='ltr'>ταδικη’ν</span> <span class='ocrx_word' id='word_1_8' title='bbox 561 454 634 524; x_wconf 83' lang='grc' dir='ltr'>γῆ</span> <span class='ocrx_word' id='word_1_9' title='bbox 655 454 925 528; x_wconf 80' lang='grc' dir='ltr'>λεγόμεθα</span> <span class='ocrx_word' id='word_1_10' title='bbox 958 460 1120 531; x_wconf 75' lang='grc' dir='ltr'>ἡμεῖς</span> <span class='ocrx_word' id='word_1_11' title='bbox 1147 462 1195 514; x_wconf 78' lang='grc' dir='ltr'>οἱ</span> <span class='ocrx_word' id='word_1_12' title='bbox 1223 462 1553 528; x_wconf 78' lang='grc' dir='ltr'>ἀκούσαντες</span> <span class='ocrx_word' id='word_1_13' title='bbox 1587 466 1736 536; x_wconf 73' lang='grc' dir='ltr'>παρὰ</span> <span class='ocrx_word' id='word_1_14' title='bbox 1757 465 1892 519; x_wconf 83' lang='grc' dir='ltr'><strong>Θεοῦ</strong></span> 
     </span>
    </p>
   </div>
   <div class='ocr_carea' id='block_1_5' title="bbox 2009 453 3561 536">
    <p class='ocr_par' dir='ltr' id='par_1_5' title="bbox 2009 460 3561 531">
     <span class='ocr_line' id='line_1_5' title="bbox 2009 460 3561 531; baseline -0.004 -13"><span class='ocrx_word' id='word_1_15' title='bbox 2009 476 2138 519; x_wconf 77' lang='lat' dir='ltr'><strong>terra</strong></span> <span class='ocrx_word' id='word_1_16' title='bbox 2166 464 2397 519; x_wconf 81' lang='lat' dir='ltr'><strong>dicimur</strong></span> <span class='ocrx_word' id='word_1_17' title='bbox 2424 478 2520 517; x_wconf 91' lang='lat' dir='ltr'><strong>nos</strong></span> <span class='ocrx_word' id='word_1_18' title='bbox 2552 463 2641 531; x_wconf 92' lang='lat' dir='ltr'><strong>qui</strong></span> <span class='ocrx_word' id='word_1_19' title='bbox 2677 462 2805 518; x_wconf 88' lang='lat' dir='ltr'><strong>illttd</strong></span> <span class='ocrx_word' id='word_1_20' title='bbox 2835 478 2862 517; x_wconf 91' lang='lat' dir='ltr'><strong>a</strong></span> <span class='ocrx_word' id='word_1_21' title='bbox 2892 463 3003 518; x_wconf 85' lang='lat' dir='ltr'><strong>Deo</strong></span> <span class='ocrx_word' id='word_1_22' title='bbox 3032 461 3335 516; x_wconf 80' lang='lat' dir='ltr'><strong>audivimus</strong></span> <span class='ocrx_word' id='word_1_23' title='bbox 3360 481 3371 514; x_wconf 91' lang='lat'><strong>:</strong></span> <span class='ocrx_word' id='word_1_24' title='bbox 3402 460 3561 513; x_wconf 77' lang='lat' dir='ltr'><strong>Tenu-</strong></span> 
     </span>
    </p>
   </div>
   <div class='ocr_carea' id='block_1_6' title="bbox 303 541 1892 627">
    <p class='ocr_par' dir='ltr' id='par_1_6' title="bbox 303 541 1892 627">
     <span class='ocr_line' id='line_1_6' title="bbox 303 541 1892 627; baseline 0.004 -28"><span class='ocrx_word' id='word_1_25' title='bbox 303 546 390 610; x_wconf 76' lang='grc' dir='ltr'>τὸ,</span> <span class='ocrx_word' id='word_1_26' title='bbox 419 546 509 616; x_wconf 82' lang='grc' dir='ltr'><strong>Γῆ</strong></span> <span class='ocrx_word' id='word_1_27' title='bbox 531 545 603 613; x_wconf 77' lang='grc' dir='ltr'>εἴ,</span> <span class='ocrx_word' id='word_1_28' title='bbox 633 547 731 600; x_wconf 77' lang='grc' dir='ltr'>καὶ</span> <span class='ocrx_word' id='word_1_29' title='bbox 751 541 838 614; x_wconf 81' lang='grc' dir='ltr'>ἑίς</span> <span class='ocrx_word' id='word_1_30' title='bbox 863 541 978 616; x_wconf 45' lang='lat' dir='ltr'><strong>Tn&quot;;</strong></span> <span class='ocrx_word' id='word_1_31' title='bbox 1002 551 1314 620; x_wconf 81' lang='grc' dir='ltr'><strong>ἀπελεύσῃ</strong></span> <span class='ocrx_word' id='word_1_32' title='bbox 1338 569 1352 582; x_wconf 76' lang='grc' dir='ltr'><strong><em>ο</em></strong></span> <span class='ocrx_word' id='word_1_33' title='bbox 1389 553 1438 605; x_wconf 81' lang='grc' dir='ltr'>οἳ</span> <span class='ocrx_word' id='word_1_34' title='bbox 1475 553 1700 627; x_wconf 77' lang='grc' dir='ltr'><strong>πλήρεις</strong></span> <span class='ocrx_word' id='word_1_35' title='bbox 1727 555 1892 624; x_wconf 78' lang='grc' dir='ltr'>ἐσμὲν</span> 
     </span>
    </p>
   </div>
   <div class='ocr_carea' id='block_1_7' title="bbox 303 637 1893 718">
    <p class='ocr_par' dir='ltr' id='par_1_7' title="bbox 303 637 1893 718">
     <span class='ocr_line' id='line_1_7' title="bbox 303 637 1893 718; baseline 0.006 -26"><span class='ocrx_word' id='word_1_36' title='bbox 303 637 416 692; x_wconf 79' lang='grc' dir='ltr'>τῶν</span> <span class='ocrx_word' id='word_1_37' title='bbox 442 639 741 712; x_wconf 76' lang='grc' dir='ltr'>οἰκτιρμῶν</span> <span class='ocrx_word' id='word_1_38' title='bbox 771 639 865 693; x_wconf 84' lang='grc' dir='ltr'><strong>τοῦ</strong></span> <span class='ocrx_word' id='word_1_39' title='bbox 887 639 1021 694; x_wconf 85' lang='grc' dir='ltr'>Θεοῦ</span> <span class='ocrx_word' id='word_1_40' title='bbox 1043 657 1056 671; x_wconf 73' lang='grc'><strong><em>⁸</em></strong></span> <span class='ocrx_word' id='word_1_41' title='bbox 1093 639 1365 711; x_wconf 60' lang='lat' dir='ltr'><strong>Naupoqu</strong></span> <span class='ocrx_word' id='word_1_42' title='bbox 1383 644 1508 716; x_wconf 71' lang='grc' dir='ltr'>γὰρ</span> <span class='ocrx_word' id='word_1_43' title='bbox 1535 645 1712 712; x_wconf 77' lang='grc' dir='ltr'>ὄντας</span> <span class='ocrx_word' id='word_1_44' title='bbox 1737 645 1893 718; x_wconf 73' lang='grc' dir='ltr'>ἡμᾶς</span> 
     </span>
    </p>
   </div>
   <div class='ocr_carea' id='block_1_8' title="bbox 305 731 1895 810">
    <p class='ocr_par' dir='ltr' id='par_1_8' title="bbox 305 731 1895 810">
     <span class='ocr_line' id='line_1_8' title="bbox 305 731 1895 810; baseline 0.006 -25"><span class='ocrx_word' id='word_1_45' title='bbox 305 731 437 797; x_wconf 84' lang='grc' dir='ltr'>ταῖς</span> <span class='ocrx_word' id='word_1_46' title='bbox 466 732 775 801; x_wconf 79' lang='grc' dir='ltr'><strong>ἁμαρτίαις</strong></span> <span class='ocrx_word' id='word_1_47' title='bbox 820 733 913 786; x_wconf 81' lang='grc' dir='ltr'>καὶ</span> <span class='ocrx_word' id='word_1_48' title='bbox 959 735 1072 797; x_wconf 81' lang='grc' dir='ltr'>τοῖς</span> <span class='ocrx_word' id='word_1_49' title='bbox 1123 735 1564 807; x_wconf 69' lang='grc' dir='ltr'><strong>παραπτώμασιν</strong></span> <span class='ocrx_word' id='word_1_50' title='bbox 1597 739 1825 810; x_wconf 75' lang='grc' dir='ltr'>ἐλεήσας</span> <span class='ocrx_word' id='word_1_51' title='bbox 1865 742 1895 794; x_wconf 89' lang='lat'><strong>6</strong></span> 
     </span>
    </p>
   </div>
   <div class='ocr_carea' id='block_1_9' title="bbox 306 821 1894 900">
    <p class='ocr_par' dir='ltr' id='par_1_9' title="bbox 306 821 1894 900">
     <span class='ocr_line' id='line_1_9' title="bbox 306 821 1894 900; baseline 0.006 -25"><span class='ocrx_word' id='word_1_52' title='bbox 306 821 443 886; x_wconf 73' lang='grc' dir='ltr'>Θεὸς</span> <span class='ocrx_word' id='word_1_53' title='bbox 471 823 950 892; x_wconf 79' lang='grc' dir='ltr'>συνεζωοποιήσε</span> <span class='ocrx_word' id='word_1_54' title='bbox 975 824 1054 891; x_wconf 86' lang='grc' dir='ltr'>τῷ</span> <span class='ocrx_word' id='word_1_55' title='bbox 1087 827 1338 896; x_wconf 82' lang='grc' dir='ltr'><strong>Χριστῷ.</strong></span> <span class='ocrx_word' id='word_1_56' title='bbox 1376 829 1458 894; x_wconf 86' lang='grc' dir='ltr'><strong>Τῷ</strong></span> <span class='ocrx_word' id='word_1_57' title='bbox 1494 831 1653 900; x_wconf 69' lang='grc' dir='ltr'>λόγῳ</span> <span class='ocrx_word' id='word_1_58' title='bbox 1675 831 1894 899; x_wconf 83' lang='grc' dir='ltr'>Κυρίου</span> 
     </span>
    </p>
   </div>
   <div class='ocr_carea' id='block_1_10' title="bbox 308 913 1896 990">
    <p class='ocr_par' dir='ltr' id='par_1_10' title="bbox 308 913 1896 990">
     <span class='ocr_line' id='line_1_10' title="bbox 308 913 1896 990; baseline 0.005 -24"><span class='ocrx_word' id='word_1_59' title='bbox 308 917 365 968; x_wconf 80' lang='grc' dir='ltr'>οὶ</span> <span class='ocrx_word' id='word_1_60' title='bbox 391 913 635 982; x_wconf 74' lang='grc' dir='ltr'>οὐρανοὶ</span> <span class='ocrx_word' id='word_1_61' title='bbox 675 914 1146 983; x_wconf 80' lang='grc' dir='ltr'><strong>ἐστερεώθησαν,</strong></span> <span class='ocrx_word' id='word_1_62' title='bbox 1196 919 1293 972; x_wconf 80' lang='grc' dir='ltr'>καὶ</span> <span class='ocrx_word' id='word_1_63' title='bbox 1337 918 1417 985; x_wconf 83' lang='grc' dir='ltr'>τῷ</span> <span class='ocrx_word' id='word_1_64' title='bbox 1462 923 1755 990; x_wconf 75' lang='grc' dir='ltr'>πνεύματι</span> <span class='ocrx_word' id='word_1_65' title='bbox 1789 921 1896 975; x_wconf 84' lang='grc' dir='ltr'><strong>τοῦ</strong></span> 
     </span>
    </p>
   </div>
   <div class='ocr_carea' id='block_1_11' title="bbox 308 1000 1896 1079">
    <p class='ocr_par' dir='ltr' id='par_1_11' title="bbox 308 1000 1896 1079">
     <span class='ocr_line' id='line_1_11' title="bbox 308 1000 1896 1079; baseline 0.004 -19"><span class='ocrx_word' id='word_1_66' title='bbox 308 1000 610 1074; x_wconf 81' lang='grc' dir='ltr'>στόμᾶτος</span> <span class='ocrx_word' id='word_1_67' title='bbox 643 1006 830 1060; x_wconf 82' lang='grc' dir='ltr'>αὐτοῦ</span> <span class='ocrx_word' id='word_1_68' title='bbox 859 1005 1027 1060; x_wconf 81' lang='grc' dir='ltr'>πᾶσα</span> <span class='ocrx_word' id='word_1_69' title='bbox 1081 1009 1118 1075; x_wconf 77' lang='grc' dir='ltr'>ἡ</span> <span class='ocrx_word' id='word_1_70' title='bbox 1160 1007 1412 1079; x_wconf 82' lang='grc' dir='ltr'>δύναμις</span> <span class='ocrx_word' id='word_1_71' title='bbox 1454 1011 1670 1066; x_wconf 77' lang='grc' dir='ltr'><strong>αὐτῶν.</strong></span> <span class='ocrx_word' id='word_1_72' title='bbox 1701 1011 1812 1066; x_wconf 90' lang='grc' dir='ltr'><strong>Ποῦ</strong></span> <span class='ocrx_word' id='word_1_73' title='bbox 1847 1015 1896 1066; x_wconf 81' lang='grc' dir='ltr'>οἱ</span> 
     </span>
    </p>
   </div>
   <div class='ocr_carea' id='block_1_12' title="bbox 307 1098 1898 1175">
    <p class='ocr_par' dir='ltr' id='par_1_12' title="bbox 307 1098 1898 1175">
     <span class='ocr_line' id='line_1_12' title="bbox 307 1098 1898 1175; baseline 0.003 -22"><span class='ocrx_word' id='word_1_74' title='bbox 307 1098 373 1153; x_wconf 80' lang='grc' dir='ltr'>τὸ</span> <span class='ocrx_word' id='word_1_75' title='bbox 416 1099 640 1170; x_wconf 89' lang='grc' dir='ltr'>Πνεῦμα</span> <span class='ocrx_word' id='word_1_76' title='bbox 673 1098 1114 1166; x_wconf 82' lang='grc' dir='ltr'>ὲξουθενοῦντες;</span> <span class='ocrx_word' id='word_1_77' title='bbox 1157 1102 1258 1155; x_wconf 91' lang='grc' dir='ltr'><strong>ποῦ</strong></span> <span class='ocrx_word' id='word_1_78' title='bbox 1309 1104 1358 1155; x_wconf 80' lang='grc' dir='ltr'>οἱ</span> <span class='ocrx_word' id='word_1_79' title='bbox 1407 1105 1730 1175; x_wconf 74' lang='grc' dir='ltr'><strong>χωρίζοντες</strong></span> <span class='ocrx_word' id='word_1_80' title='bbox 1767 1105 1898 1158; x_wconf 79' lang='grc' dir='ltr'>αὐτὸ</span> 
     </span>
    </p>
   </div>
   <div class='ocr_carea' id='block_1_13' title="bbox 311 1191 1898 1267">
    <p class='ocr_par' dir='ltr' id='par_1_13' title="bbox 311 1191 1898 1267">
     <span class='ocr_line' id='line_1_13' title="bbox 311 1191 1898 1267; baseline 0.003 -23"><span class='ocrx_word' id='word_1_81' title='bbox 311 1191 422 1244; x_wconf 80' lang='grc' dir='ltr'><strong>ἀπὸ</strong></span> <span class='ocrx_word' id='word_1_82' title='bbox 462 1192 560 1262; x_wconf 81' lang='grc' dir='ltr'>τῆς</span> <span class='ocrx_word' id='word_1_83' title='bbox 601 1192 1002 1263; x_wconf 75' lang='grc' dir='ltr'><strong>δημιουργικῆς</strong></span> <span class='ocrx_word' id='word_1_84' title='bbox 1036 1193 1352 1264; x_wconf 86' lang='grc' dir='ltr'>δυνάμεως;</span> <span class='ocrx_word' id='word_1_85' title='bbox 1412 1195 1513 1248; x_wconf 87' lang='grc' dir='ltr'><strong>ποῦ</strong></span> <span class='ocrx_word' id='word_1_86' title='bbox 1543 1197 1592 1248; x_wconf 85' lang='grc' dir='ltr'>οἱ</span> <span class='ocrx_word' id='word_1_87' title='bbox 1629 1196 1727 1266; x_wconf 84' lang='grc' dir='ltr'>τῆς</span> <span class='ocrx_word' id='word_1_88' title='bbox 1763 1196 1898 1267; x_wconf 81' lang='grc' dir='ltr'>πρὸς</span> 
     </span>
    </p>
   </div>
   <div class='ocr_carea' id='block_1_14' title="bbox 313 1283 1896 1359">
    <p class='ocr_par' dir='ltr' id='par_1_14' title="bbox 313 1283 1896 1359">
     <span class='ocr_line' id='line_1_14' title="bbox 313 1283 1896 1359; baseline 0.004 -24"><span class='ocrx_word' id='word_1_89' title='bbox 313 1283 531 1355; x_wconf 77' lang='grc' dir='ltr'><strong>Πατέρα</strong></span> <span class='ocrx_word' id='word_1_90' title='bbox 593 1285 686 1336; x_wconf 77' lang='grc' dir='ltr'>καὶ</span> <span class='ocrx_word' id='word_1_91' title='bbox 751 1284 875 1336; x_wconf 78' lang='grc' dir='ltr'><strong>Υἱὸν</strong></span> <span class='ocrx_word' id='word_1_92' title='bbox 937 1286 1232 1354; x_wconf 81' lang='grc' dir='ltr'>συναφείας</span> <span class='ocrx_word' id='word_1_93' title='bbox 1291 1287 1423 1340; x_wconf 80' lang='grc' dir='ltr'>αὐτὸ</span> <span class='ocrx_word' id='word_1_94' title='bbox 1483 1287 1896 1359; x_wconf 85' lang='grc' dir='ltr'>διατέμνοντες;</span> 
     </span>
    </p>
   </div>
   <div class='ocr_carea' id='block_1_15' title="bbox 326 1371 1901 1448">
    <p class='ocr_par' dir='ltr' id='par_1_15' title="bbox 326 1371 1901 1448">
     <span class='ocr_line' id='line_1_15' title="bbox 326 1371 1901 1448; baseline 0.004 -23"><span class='ocrx_word' id='word_1_95' title='bbox 326 1371 698 1428; x_wconf 78' lang='grc' dir='ltr'>’Λκουέτωσαν</span> <span class='ocrx_word' id='word_1_96' title='bbox 721 1372 814 1426; x_wconf 90' lang='grc' dir='ltr'><strong>τοῦ</strong></span> <span class='ocrx_word' id='word_1_97' title='bbox 837 1373 1050 1444; x_wconf 71' lang='grc' dir='ltr'>ψαλμοῦ</span> <span class='ocrx_word' id='word_1_98' title='bbox 1069 1373 1317 1445; x_wconf 87' lang='grc' dir='ltr'>λέγοντος</span> <span class='ocrx_word' id='word_1_99' title='bbox 1339 1394 1352 1406; x_wconf 81' lang='lat'><strong><em>°</em></strong></span> <span class='ocrx_word' id='word_1_100' title='bbox 1391 1376 1473 1443; x_wconf 86' lang='grc' dir='ltr'><strong>Τῷ</strong></span> <span class='ocrx_word' id='word_1_101' title='bbox 1498 1379 1656 1447; x_wconf 75' lang='grc' dir='ltr'>λόγῳ</span> <span class='ocrx_word' id='word_1_102' title='bbox 1683 1379 1901 1448; x_wconf 80' lang='lat' dir='ltr'><strong>Kvplov</strong></span> 
     </span>
    </p>
   </div>
   <div class='ocr_carea' id='block_1_16' title="bbox 313 1465 1902 1538">
    <p class='ocr_par' dir='ltr' id='par_1_16' title="bbox 313 1465 1902 1538">
     <span class='ocr_line' id='line_1_16' title="bbox 313 1465 1902 1538; baseline 0.004 -21"><span class='ocrx_word' id='word_1_103' title='bbox 313 1468 368 1518; x_wconf 78' lang='grc' dir='ltr'>οἱ</span> <span class='ocrx_word' id='word_1_104' title='bbox 400 1465 644 1533; x_wconf 75' lang='grc' dir='ltr'>οὐρανοὶ</span> <span class='ocrx_word' id='word_1_105' title='bbox 683 1465 1154 1534; x_wconf 80' lang='grc' dir='ltr'><strong>ἐστερεώθησαν,</strong></span> <span class='ocrx_word' id='word_1_106' title='bbox 1197 1467 1295 1520; x_wconf 72' lang='grc' dir='ltr'>καὶ</span> <span class='ocrx_word' id='word_1_107' title='bbox 1344 1466 1422 1533; x_wconf 84' lang='grc' dir='ltr'>τῷ</span> <span class='ocrx_word' id='word_1_108' title='bbox 1464 1470 1754 1538; x_wconf 83' lang='grc' dir='ltr'>πνεύματι</span> <span class='ocrx_word' id='word_1_109' title='bbox 1797 1469 1902 1524; x_wconf 85' lang='grc' dir='ltr'><strong>τοῦ</strong></span> 
     </span>
    </p>
   </div>
   <div class='ocr_carea' id='block_1_17' title="bbox 314 1557 1902 1630">
    <p class='ocr_par' dir='ltr' id='par_1_17' title="bbox 314 1557 1902 1630">
     <span class='ocr_line' id='line_1_17' title="bbox 314 1557 1902 1630; baseline 0.004 -21"><span class='ocrx_word' id='word_1_110' title='bbox 314 1559 613 1626; x_wconf 81' lang='grc' dir='ltr'>στόματος</span> <span class='ocrx_word' id='word_1_111' title='bbox 645 1559 831 1613; x_wconf 81' lang='grc' dir='ltr'>αὑτοῦ</span> <span class='ocrx_word' id='word_1_112' title='bbox 869 1557 1036 1613; x_wconf 82' lang='grc' dir='ltr'>πᾶσα</span> <span class='ocrx_word' id='word_1_113' title='bbox 1087 1561 1125 1627; x_wconf 76' lang='grc' dir='ltr'><strong><em>ἡ</em></strong></span> <span class='ocrx_word' id='word_1_114' title='bbox 1183 1559 1437 1630; x_wconf 76' lang='grc' dir='ltr'>δύναμις</span> <span class='ocrx_word' id='word_1_115' title='bbox 1486 1560 1707 1615; x_wconf 73' lang='grc' dir='ltr'><strong>αὐτῶν.</strong></span> <span class='ocrx_word' id='word_1_116' title='bbox 1766 1561 1902 1615; x_wconf 81' lang='grc' dir='ltr'>Οῦτε</span> 
     </span>
    </p>
   </div>
   <div class='ocr_carea' id='block_1_18' title="bbox 315 1650 1906 1725">
    <p class='ocr_par' dir='ltr' id='par_1_18' title="bbox 315 1650 1906 1725">
     <span class='ocr_line' id='line_1_18' title="bbox 315 1650 1906 1725; baseline 0.003 -23"><span class='ocrx_word' id='word_1_117' title='bbox 315 1651 425 1718; x_wconf 79' lang='grc' dir='ltr'>γὰο</span> <span class='ocrx_word' id='word_1_118' title='bbox 447 1650 618 1719; x_wconf 81' lang='grc' dir='ltr'>Λόγος</span> <span class='ocrx_word' id='word_1_119' title='bbox 650 1652 750 1721; x_wconf 80' lang='grc'>(5),</span> <span class='ocrx_word' id='word_1_120' title='bbox 783 1653 816 1723; x_wconf 77' lang='grc' dir='ltr'><strong>ἡ</strong></span> <span class='ocrx_word' id='word_1_121' title='bbox 847 1651 999 1724; x_wconf 80' lang='grc' dir='ltr'>κοινὴ</span> <span class='ocrx_word' id='word_1_122' title='bbox 1033 1652 1168 1723; x_wconf 78' lang='grc' dir='ltr'>αῦτη</span> <span class='ocrx_word' id='word_1_123' title='bbox 1205 1652 1383 1715; x_wconf 80' lang='grc' dir='ltr'>λαλιά,</span> <span class='ocrx_word' id='word_1_124' title='bbox 1426 1654 1814 1725; x_wconf 80' lang='grc' dir='ltr'><strong>νομισθήσεται</strong></span> <span class='ocrx_word' id='word_1_125' title='bbox 1846 1655 1906 1719; x_wconf 78' lang='grc' dir='ltr'><strong>ἐξ</strong></span> 
     </span>
    </p>
   </div>
   <div class='ocr_carea' id='block_1_19' title="bbox 316 1744 1906 1817">
    <p class='ocr_par' dir='ltr' id='par_1_19' title="bbox 316 1744 1906 1817">
     <span class='ocr_line' id='line_1_19' title="bbox 316 1744 1906 1817; baseline 0.003 -22"><span class='ocrx_word' id='word_1_126' title='bbox 316 1744 594 1814; x_wconf 86' lang='grc' dir='ltr'>ὀνομάτων</span> <span class='ocrx_word' id='word_1_127' title='bbox 628 1745 720 1798; x_wconf 75' lang='grc' dir='ltr'>καὶ</span> <span class='ocrx_word' id='word_1_128' title='bbox 752 1746 1012 1815; x_wconf 78' lang='grc' dir='ltr'><strong>ῥημάτων</strong></span> <span class='ocrx_word' id='word_1_129' title='bbox 1040 1746 1138 1816; x_wconf 78' lang='grc' dir='ltr'>τὴν</span> <span class='ocrx_word' id='word_1_130' title='bbox 1165 1745 1424 1800; x_wconf 85' lang='grc' dir='ltr'>σύστασιν</span> <span class='ocrx_word' id='word_1_131' title='bbox 1446 1746 1665 1817; x_wconf 76' lang='grc' dir='ltr'>ἔχουσα,</span> <span class='ocrx_word' id='word_1_132' title='bbox 1693 1746 1816 1800; x_wconf 76' lang='grc' dir='ltr'>οὔτε</span> <span class='ocrx_word' id='word_1_133' title='bbox 1844 1748 1906 1800; x_wconf 83' lang='grc' dir='ltr'>τὸ</span> 
     </span>
    </p>
   </div>
   <div class='ocr_carea' id='block_1_20' title="bbox 1994 553 3561 629">
    <p class='ocr_par' dir='ltr' id='par_1_20' title="bbox 1994 553 3561 629">
     <span class='ocr_line' id='line_1_20' title="bbox 1994 553 3561 629; baseline -0.003 -18"><span class='ocrx_word' id='word_1_134' title='bbox 1994 574 2068 620; x_wconf 76' lang='lat' dir='ltr'><strong>es,</strong></span> <span class='ocrx_word' id='word_1_135' title='bbox 2095 566 2142 609; x_wconf 81' lang='lat' dir='ltr'><strong>et</strong></span> <span class='ocrx_word' id='word_1_136' title='bbox 2175 558 2228 610; x_wconf 88' lang='lat' dir='ltr'><strong>in</strong></span> <span class='ocrx_word' id='word_1_137' title='bbox 2253 567 2458 609; x_wconf 85' lang='lat' dir='ltr'><strong>terram</strong></span> <span class='ocrx_word' id='word_1_138' title='bbox 2478 556 2575 608; x_wconf 74' lang='lat' dir='ltr'><strong>ibis</strong></span> <span class='ocrx_word' id='word_1_139' title='bbox 2603 554 2668 612; x_wconf 79' lang='lat'><strong>&quot;&#39;.</strong></span> <span class='ocrx_word' id='word_1_140' title='bbox 2709 554 2880 609; x_wconf 88' lang='lat' dir='ltr'><strong>Porro</strong></span> <span class='ocrx_word' id='word_1_141' title='bbox 2906 553 3088 621; x_wconf 88' lang='lat' dir='ltr'><strong>repleti</strong></span> <span class='ocrx_word' id='word_1_142' title='bbox 3125 570 3308 608; x_wconf 86' lang='lat' dir='ltr'><strong>smnus</strong></span> <span class='ocrx_word' id='word_1_143' title='bbox 3344 553 3432 629; x_wconf 88' lang='lat' dir='ltr'><strong>Dei</strong></span> <span class='ocrx_word' id='word_1_144' title='bbox 3467 553 3561 606; x_wconf 86' lang='lat' dir='ltr'><strong>tui-</strong></span> 
     </span>
    </p>
   </div>
   <div class='ocr_carea' id='block_1_21' title="bbox 1995 644 3565 712">
    <p class='ocr_par' dir='ltr' id='par_1_21' title="bbox 1995 644 3565 712">
     <span class='ocr_line' id='line_1_21' title="bbox 1995 644 3565 712; baseline -0.003 -10"><span class='ocrx_word' id='word_1_145' title='bbox 1995 648 2389 712; x_wconf 88' lang='lat' dir='ltr'><strong>seratiouibus;</strong></span> <span class='ocrx_word' id='word_1_146' title='bbox 2428 663 2550 700; x_wconf 91' lang='lat' dir='ltr'><strong>cum</strong></span> <span class='ocrx_word' id='word_1_147' title='bbox 2583 647 2725 701; x_wconf 87' lang='lat' dir='ltr'><strong>enim</strong></span> <span class='ocrx_word' id='word_1_148' title='bbox 2772 645 2973 700; x_wconf 82' lang='lat' dir='ltr'><strong>Mortui</strong></span> <span class='ocrx_word' id='word_1_149' title='bbox 3015 662 3242 698; x_wconf 76' lang='lat' dir='ltr'><strong>essemus</strong></span> <span class='ocrx_word' id='word_1_150' title='bbox 3273 644 3481 699; x_wconf 87' lang='lat' dir='ltr'><strong>delictis</strong></span> <span class='ocrx_word' id='word_1_151' title='bbox 3511 655 3565 704; x_wconf 86' lang='lat' dir='ltr'><strong>et</strong></span> 
     </span>
    </p>
   </div>
   <div class='ocr_carea' id='block_1_22' title="bbox 1999 734 3565 807">
    <p class='ocr_par' dir='ltr' id='par_1_22' title="bbox 1999 734 3565 807">
     <span class='ocr_line' id='line_1_22' title="bbox 1999 734 3565 807; baseline -0.003 -14"><span class='ocrx_word' id='word_1_152' title='bbox 1999 740 2248 807; x_wconf 79' lang='lat' dir='ltr'><strong>peccatis,</strong></span> <span class='ocrx_word' id='word_1_153' title='bbox 2272 739 2529 793; x_wconf 86' lang='lat' dir='ltr'><strong>misertus</strong></span> <span class='ocrx_word' id='word_1_154' title='bbox 2552 739 2692 792; x_wconf 86' lang='lat' dir='ltr'><strong>Deus</strong></span> <span class='ocrx_word' id='word_1_155' title='bbox 2726 737 2999 806; x_wconf 69' lang='lat' dir='ltr'><strong>ivit-iﬁcuvit</strong></span> <span class='ocrx_word' id='word_1_156' title='bbox 3026 753 3116 790; x_wconf 77' lang='lat' dir='ltr'><strong>nos</strong></span> <span class='ocrx_word' id='word_1_157' title='bbox 3137 753 3251 787; x_wconf 77' lang='lat' dir='ltr'><strong>cum</strong></span> <span class='ocrx_word' id='word_1_158' title='bbox 3275 734 3565 789; x_wconf 76' lang='lat' dir='ltr'><strong>Christo”.</strong></span> 
     </span>
    </p>
   </div>
   <div class='ocr_carea' id='block_1_23' title="bbox 2002 825 3564 898">
    <p class='ocr_par' dir='ltr' id='par_1_23' title="bbox 2002 825 3564 898">
     <span class='ocr_line' id='line_1_23' title="bbox 2002 825 3564 898; baseline -0.003 -16"><span class='ocrx_word' id='word_1_159' title='bbox 2002 831 2165 885; x_wconf 71' lang='lat' dir='ltr'><strong>Vens.</strong></span> <span class='ocrx_word' id='word_1_160' title='bbox 2192 830 2246 885; x_wconf 83' lang='lat'><strong>6.</strong></span> <span class='ocrx_word' id='word_1_161' title='bbox 2291 829 2453 884; x_wconf 81' lang='lat' dir='ltr'><strong>Verbo</strong></span> <span class='ocrx_word' id='word_1_162' title='bbox 2485 830 2700 883; x_wconf 82' lang='lat' dir='ltr'><strong>Domini</strong></span> <span class='ocrx_word' id='word_1_163' title='bbox 2741 829 2853 882; x_wconf 74' lang='lat' dir='ltr'><strong>coeli</strong></span> <span class='ocrx_word' id='word_1_164' title='bbox 2888 828 3089 898; x_wconf 83' lang='lat' dir='ltr'><strong>ﬁrmati</strong></span> <span class='ocrx_word' id='word_1_165' title='bbox 3130 838 3268 892; x_wconf 82' lang='lat' dir='ltr'><strong>sunt,</strong></span> <span class='ocrx_word' id='word_1_166' title='bbox 3300 837 3347 880; x_wconf 85' lang='lat' dir='ltr'><strong>et</strong></span> <span class='ocrx_word' id='word_1_167' title='bbox 3379 825 3564 893; x_wconf 79' lang='lat' dir='ltr'><strong>spiritu</strong></span> 
     </span>
    </p>
   </div>
   <div class='ocr_carea' id='block_1_24' title="bbox 1999 905 3565 992">
    <p class='ocr_par' dir='ltr' id='par_1_24' title="bbox 1999 905 3565 992">
     <span class='ocr_line' id='line_1_24' title="bbox 1999 905 3565 992; baseline -0.006 -15"><span class='ocrx_word' id='word_1_168' title='bbox 1999 905 2244 992; x_wconf 29' lang='lat' dir='ltr'><strong>oris&#39;ejns</strong></span> <span class='ocrx_word' id='word_1_169' title='bbox 2274 924 2441 976; x_wconf 76' lang='lat' dir='ltr'><strong>omnis</strong></span> <span class='ocrx_word' id='word_1_170' title='bbox 2473 924 2637 976; x_wconf 84' lang='lat' dir='ltr'><strong>virtus</strong></span> <span class='ocrx_word' id='word_1_171' title='bbox 2664 938 2862 975; x_wconf 83' lang='lat' dir='ltr'><strong>eorum.</strong></span> <span class='ocrx_word' id='word_1_172' title='bbox 2899 920 2999 976; x_wconf 89' lang='lat' dir='ltr'><strong>Ubl</strong></span> <span class='ocrx_word' id='word_1_173' title='bbox 3034 919 3272 988; x_wconf 89' lang='lat' dir='ltr'><strong>suntqui</strong></span> <span class='ocrx_word' id='word_1_174' title='bbox 3309 918 3565 987; x_wconf 90' lang='lat' dir='ltr'><strong>Spiritum</strong></span> 
     </span>
    </p>
   </div>
   <div class='ocr_carea' id='block_1_25' title="bbox 2000 1010 3568 1084">
    <p class='ocr_par' dir='ltr' id='par_1_25' title="bbox 2000 1010 3568 1084">
     <span class='ocr_line' id='line_1_25' title="bbox 2000 1010 3568 1084; baseline -0.004 -16"><span class='ocrx_word' id='word_1_175' title='bbox 2000 1014 2410 1070; x_wconf 80' lang='lat' dir='ltr'><strong>ﬂoccifaciunt?</strong></span> <span class='ocrx_word' id='word_1_176' title='bbox 2443 1015 2530 1067; x_wconf 90' lang='lat' dir='ltr'><strong>ubi</strong></span> <span class='ocrx_word' id='word_1_177' title='bbox 2560 1024 2686 1067; x_wconf 88' lang='lat' dir='ltr'><strong>sunt</strong></span> <span class='ocrx_word' id='word_1_178' title='bbox 2721 1013 2810 1084; x_wconf 90' lang='lat' dir='ltr'><strong>qui</strong></span> <span class='ocrx_word' id='word_1_179' title='bbox 2863 1013 3012 1066; x_wconf 93' lang='lat' dir='ltr'><strong>illum</strong></span> <span class='ocrx_word' id='word_1_180' title='bbox 3066 1026 3096 1065; x_wconf 88' lang='lat' dir='ltr'><strong>a</strong></span> <span class='ocrx_word' id='word_1_181' title='bbox 3133 1010 3372 1079; x_wconf 90' lang='lat' dir='ltr'><strong>potentia</strong></span> <span class='ocrx_word' id='word_1_182' title='bbox 3408 1024 3568 1064; x_wconf 83' lang='lat' dir='ltr'><strong>crea-</strong></span> 
     </span>
    </p>
   </div>
   <div class='ocr_carea' id='block_1_26' title="bbox 2003 1103 3568 1175">
    <p class='ocr_par' dir='ltr' id='par_1_26' title="bbox 2003 1103 3568 1175">
     <span class='ocr_line' id='line_1_26' title="bbox 2003 1103 3568 1175; baseline -0.002 -15"><span class='ocrx_word' id='word_1_183' title='bbox 2003 1106 2136 1160; x_wconf 90' lang='lat' dir='ltr'><strong>trice</strong></span> <span class='ocrx_word' id='word_1_184' title='bbox 2159 1106 2452 1175; x_wconf 84' lang='lat' dir='ltr'><strong>separant?</strong></span> <span class='ocrx_word' id='word_1_185' title='bbox 2475 1105 2562 1159; x_wconf 87' lang='lat' dir='ltr'><strong>ubi</strong></span> <span class='ocrx_word' id='word_1_186' title='bbox 2597 1105 2688 1174; x_wconf 94' lang='lat' dir='ltr'><strong>qui</strong></span> <span class='ocrx_word' id='word_1_187' title='bbox 2721 1106 2894 1174; x_wconf 91' lang='lat' dir='ltr'><strong>ipsum</strong></span> <span class='ocrx_word' id='word_1_188' title='bbox 2924 1120 2951 1157; x_wconf 92' lang='lat' dir='ltr'><strong>a</strong></span> <span class='ocrx_word' id='word_1_189' title='bbox 2985 1104 3162 1158; x_wconf 81' lang='lat' dir='ltr'><strong>Patris</strong></span> <span class='ocrx_word' id='word_1_190' title='bbox 3194 1119 3257 1158; x_wconf 92' lang='lat' dir='ltr'><strong>ac</strong></span> <span class='ocrx_word' id='word_1_191' title='bbox 3297 1103 3414 1156; x_wconf 81' lang='lat' dir='ltr'><strong>Filii</strong></span> <span class='ocrx_word' id='word_1_192' title='bbox 3439 1117 3568 1157; x_wconf 85' lang='lat' dir='ltr'><strong>con-</strong></span> 
     </span>
    </p>
   </div>
   <div class='ocr_carea' id='block_1_27' title="bbox 1997 1195 3567 1266">
    <p class='ocr_par' dir='ltr' id='par_1_27' title="bbox 1997 1195 3567 1266">
     <span class='ocr_line' id='line_1_27' title="bbox 1997 1195 3567 1266; baseline 0 -20"><span class='ocrx_word' id='word_1_193' title='bbox 1997 1197 2273 1266; x_wconf 86' lang='lat' dir='ltr'><strong>junctione</strong></span> <span class='ocrx_word' id='word_1_194' title='bbox 2324 1197 2623 1250; x_wconf 78' lang='lat' dir='ltr'><strong>dirimunt?</strong></span> <span class='ocrx_word' id='word_1_195' title='bbox 2651 1196 2888 1250; x_wconf 86' lang='lat' dir='ltr'><strong>Audiant</strong></span> <span class='ocrx_word' id='word_1_196' title='bbox 2951 1195 3211 1266; x_wconf 80' lang='lat' dir='ltr'><strong>psalmum</strong></span> <span class='ocrx_word' id='word_1_197' title='bbox 3253 1195 3517 1249; x_wconf 78' lang='lat' dir='ltr'><strong>dicentem</strong></span> <span class='ocrx_word' id='word_1_198' title='bbox 3555 1211 3567 1246; x_wconf 94' lang='lat'>:</span> 
     </span>
    </p>
   </div>
   <div class='ocr_carea' id='block_1_28' title="bbox 2011 1284 3572 1356">
    <p class='ocr_par' dir='ltr' id='par_1_28' title="bbox 2011 1284 3572 1356">
     <span class='ocr_line' id='line_1_28' title="bbox 2011 1284 3572 1356; baseline -0.003 -16"><span class='ocrx_word' id='word_1_199' title='bbox 2011 1286 2179 1340; x_wconf 85' lang='lat' dir='ltr'><strong>Verbo</strong></span> <span class='ocrx_word' id='word_1_200' title='bbox 2214 1287 2426 1340; x_wconf 85' lang='lat' dir='ltr'><strong>Domini</strong></span> <span class='ocrx_word' id='word_1_201' title='bbox 2477 1287 2592 1342; x_wconf 65' lang='lat' dir='ltr'><strong>cadi</strong></span> <span class='ocrx_word' id='word_1_202' title='bbox 2631 1288 2831 1356; x_wconf 83' lang='lat' dir='ltr'><strong>ﬁrmati</strong></span> <span class='ocrx_word' id='word_1_203' title='bbox 2858 1297 3000 1350; x_wconf 81' lang='lat' dir='ltr'><strong>sunt,</strong></span> <span class='ocrx_word' id='word_1_204' title='bbox 3025 1298 3070 1340; x_wconf 86' lang='lat' dir='ltr'><strong>et</strong></span> <span class='ocrx_word' id='word_1_205' title='bbox 3101 1286 3286 1355; x_wconf 76' lang='lat' dir='ltr'><strong>spiritu</strong></span> <span class='ocrx_word' id='word_1_206' title='bbox 3321 1286 3428 1338; x_wconf 81' lang='lat' dir='ltr'><strong>oris</strong></span> <span class='ocrx_word' id='word_1_207' title='bbox 3457 1284 3572 1354; x_wconf 77' lang='lat' dir='ltr'><strong>ejus</strong></span> 
     </span>
    </p>
   </div>
   <div class='ocr_carea' id='block_1_29' title="bbox 2004 1377 3572 1449">
    <p class='ocr_par' dir='ltr' id='par_1_29' title="bbox 2004 1377 3572 1449">
     <span class='ocr_line' id='line_1_29' title="bbox 2004 1377 3572 1449; baseline -0.002 -15"><span class='ocrx_word' id='word_1_208' title='bbox 2004 1381 2171 1434; x_wconf 76' lang='lat' dir='ltr'><strong>omnis</strong></span> <span class='ocrx_word' id='word_1_209' title='bbox 2194 1383 2353 1434; x_wconf 80' lang='lat' dir='ltr'><strong>virtus</strong></span> <span class='ocrx_word' id='word_1_210' title='bbox 2380 1397 2581 1436; x_wconf 86' lang='lat' dir='ltr'><strong>eorum.</strong></span> <span class='ocrx_word' id='word_1_211' title='bbox 2624 1380 2805 1449; x_wconf 78' lang='lat' dir='ltr'><strong>Neque</strong></span> <span class='ocrx_word' id='word_1_212' title='bbox 2838 1382 2982 1436; x_wconf 88' lang='lat' dir='ltr'><strong>enim</strong></span> <span class='ocrx_word' id='word_1_213' title='bbox 3010 1379 3243 1435; x_wconf 79' lang='lat' dir='ltr'><strong>\‘erbum</strong></span> <span class='ocrx_word' id='word_1_214' title='bbox 3296 1377 3572 1433; x_wconf 79' lang='lat' dir='ltr'><strong>existima-</strong></span> 
     </span>
    </p>
   </div>
   <div class='ocr_carea' id='block_1_30' title="bbox 2003 1468 3574 1540">
    <p class='ocr_par' dir='ltr' id='par_1_30' title="bbox 2003 1468 3574 1540">
     <span class='ocr_line' id='line_1_30' title="bbox 2003 1468 3574 1540; baseline -0.003 -16"><span class='ocrx_word' id='word_1_215' title='bbox 2003 1470 2150 1525; x_wconf 88' lang='lat' dir='ltr'><strong>bitur</strong></span> <span class='ocrx_word' id='word_1_216' title='bbox 2177 1472 2483 1525; x_wconf 87' lang='lat' dir='ltr'><strong>communis</strong></span> <span class='ocrx_word' id='word_1_217' title='bbox 2516 1474 2630 1526; x_wconf 75' lang='lat' dir='ltr'><strong>tunc</strong></span> <span class='ocrx_word' id='word_1_218' title='bbox 2670 1472 2866 1526; x_wconf 91' lang='lat' dir='ltr'><strong>locutio</strong></span> <span class='ocrx_word' id='word_1_219' title='bbox 2895 1489 3040 1536; x_wconf 90' lang='lat' dir='ltr'><strong>esse,</strong></span> <span class='ocrx_word' id='word_1_220' title='bbox 3074 1487 3193 1540; x_wconf 88' lang='lat' dir='ltr'><strong>quae</strong></span> <span class='ocrx_word' id='word_1_221' title='bbox 3237 1485 3301 1525; x_wconf 82' lang='lat' dir='ltr'><strong>ex</strong></span> <span class='ocrx_word' id='word_1_222' title='bbox 3340 1468 3574 1522; x_wconf 84' lang='lat' dir='ltr'><strong>nomini-</strong></span> 
     </span>
    </p>
   </div>
   <div class='ocr_carea' id='block_1_31' title="bbox 2007 1560 3570 1634">
    <p class='ocr_par' dir='ltr' id='par_1_31' title="bbox 2007 1560 3570 1634">
     <span class='ocr_line' id='line_1_31' title="bbox 2007 1560 3570 1634; baseline -0.001 -20"><span class='ocrx_word' id='word_1_223' title='bbox 2007 1560 2107 1615; x_wconf 91' lang='lat' dir='ltr'><strong>bus</strong></span> <span class='ocrx_word' id='word_1_224' title='bbox 2134 1577 2197 1617; x_wconf 91' lang='lat' dir='ltr'><strong>ac</strong></span> <span class='ocrx_word' id='word_1_225' title='bbox 2235 1563 2560 1618; x_wconf 85' lang='lat' dir='ltr'><strong>dictionibus</strong></span> <span class='ocrx_word' id='word_1_226' title='bbox 2593 1565 2842 1620; x_wconf 89' lang='lat' dir='ltr'><strong>consistit</strong></span> <span class='ocrx_word' id='word_1_227' title='bbox 2893 1583 2908 1618; x_wconf 90' lang='lat'><strong>:</strong></span> <span class='ocrx_word' id='word_1_228' title='bbox 2940 1579 3113 1634; x_wconf 88' lang='lat' dir='ltr'><strong>neque</strong></span> <span class='ocrx_word' id='word_1_229' title='bbox 3145 1562 3380 1633; x_wconf 86' lang='lat' dir='ltr'><strong>Spiritus</strong></span> <span class='ocrx_word' id='word_1_230' title='bbox 3404 1576 3570 1630; x_wconf 83' lang='lat' dir='ltr'><strong>vapor</strong></span> 
     </span>
    </p>
   </div>
   <div class='ocr_carea' id='block_1_32' title="bbox 2008 1651 3572 1723">
    <p class='ocr_par' dir='ltr' id='par_1_32' title="bbox 2008 1651 3572 1723">
     <span class='ocr_line' id='line_1_32' title="bbox 2008 1651 3572 1723; baseline -0.002 -18"><span class='ocrx_word' id='word_1_231' title='bbox 2008 1651 2060 1705; x_wconf 92' lang='lat' dir='ltr'><strong>in</strong></span> <span class='ocrx_word' id='word_1_232' title='bbox 2107 1667 2230 1706; x_wconf 88' lang='lat' dir='ltr'><strong>aera</strong></span> <span class='ocrx_word' id='word_1_233' title='bbox 2258 1651 2517 1719; x_wconf 71' lang='lat' dir='ltr'><strong>diffusus;</strong></span> <span class='ocrx_word' id='word_1_234' title='bbox 2555 1654 2648 1708; x_wconf 89' lang='lat' dir='ltr'><strong>sed</strong></span> <span class='ocrx_word' id='word_1_235' title='bbox 2673 1663 2727 1708; x_wconf 90' lang='lat' dir='ltr'><strong>et</strong></span> <span class='ocrx_word' id='word_1_236' title='bbox 2765 1654 3020 1719; x_wconf 75' lang='lat' dir='ltr'><strong>Verbum,</strong></span> <span class='ocrx_word' id='word_1_237' title='bbox 3053 1657 3193 1723; x_wconf 90' lang='lat' dir='ltr'><strong>quod</strong></span> <span class='ocrx_word' id='word_1_238' title='bbox 3229 1654 3280 1706; x_wconf 91' lang='lat' dir='ltr'><strong>in</strong></span> <span class='ocrx_word' id='word_1_239' title='bbox 3312 1651 3572 1722; x_wconf 81' lang='lat' dir='ltr'><strong>principio</strong></span> 
     </span>
    </p>
   </div>
   <div class='ocr_carea' id='block_1_33' title="bbox 2007 1743 3578 1815">
    <p class='ocr_par' dir='ltr' id='par_1_33' title="bbox 2007 1743 3578 1815">
     <span class='ocr_line' id='line_1_33' title="bbox 2007 1743 3578 1815; baseline -0.003 -16"><span class='ocrx_word' id='word_1_240' title='bbox 2007 1754 2126 1799; x_wconf 88' lang='lat' dir='ltr'><strong>erat</strong></span> <span class='ocrx_word' id='word_1_241' title='bbox 2171 1746 2309 1814; x_wconf 90' lang='lat' dir='ltr'><strong>apud</strong></span> <span class='ocrx_word' id='word_1_242' title='bbox 2359 1745 2611 1810; x_wconf 79' lang='lat' dir='ltr'><strong>Deum&quot;,</strong></span> <span class='ocrx_word' id='word_1_243' title='bbox 2649 1757 2702 1799; x_wconf 87' lang='lat' dir='ltr'><strong>et</strong></span> <span class='ocrx_word' id='word_1_244' title='bbox 2747 1745 2981 1815; x_wconf 84' lang='lat' dir='ltr'><strong>Spiritus</strong></span> <span class='ocrx_word' id='word_1_245' title='bbox 3029 1756 3265 1812; x_wconf 85' lang='lat' dir='ltr'><strong>sanctus,</strong></span> <span class='ocrx_word' id='word_1_246' title='bbox 3314 1745 3404 1815; x_wconf 90' lang='lat' dir='ltr'><strong>qui</strong></span> <span class='ocrx_word' id='word_1_247' title='bbox 3439 1743 3578 1798; x_wconf 86' lang='lat' dir='ltr'><strong>hanc</strong></span> 
     </span>
    </p>
   </div>
   <div class='ocr_carea' id='block_1_34' title="bbox 318 1821 1906 1910">
    <p class='ocr_par' dir='ltr' id='par_1_34' title="bbox 318 1835 1905 1910">
     <span class='ocr_line' id='line_1_34' title="bbox 318 1835 1905 1910; baseline 0.003 -22"><span class='ocrx_word' id='word_1_248' title='bbox 318 1835 540 1906; x_wconf 91' lang='grc' dir='ltr'>Πνεῦμα</span> <span class='ocrx_word' id='word_1_249' title='bbox 565 1837 727 1908; x_wconf 77' lang='grc' dir='ltr'>ἀτμὶς</span> <span class='ocrx_word' id='word_1_250' title='bbox 756 1839 835 1902; x_wconf 79' lang='grc' dir='ltr'><strong>είς</strong></span> <span class='ocrx_word' id='word_1_251' title='bbox 857 1839 994 1910; x_wconf 82' lang='grc' dir='ltr'>ἀέρα</span> <span class='ocrx_word' id='word_1_252' title='bbox 1021 1839 1341 1910; x_wconf 83' lang='grc' dir='ltr'>διαχεομένη</span> <span class='ocrx_word' id='word_1_253' title='bbox 1358 1857 1370 1869; x_wconf 89' lang='grc'><strong>·</strong></span> <span class='ocrx_word' id='word_1_254' title='bbox 1403 1838 1539 1892; x_wconf 84' lang='grc' dir='ltr'>ἀλλὰ</span> <span class='ocrx_word' id='word_1_255' title='bbox 1563 1841 1656 1893; x_wconf 72' lang='grc' dir='ltr'>καὶ</span> <span class='ocrx_word' id='word_1_256' title='bbox 1683 1840 1852 1909; x_wconf 87' lang='grc' dir='ltr'>Λόγος</span> <span class='ocrx_word' id='word_1_257' title='bbox 1877 1842 1905 1892; x_wconf 88' lang='lat'><strong>6</strong></span> 
     </span>
    </p>
   </div>
   <div class='ocr_carea' id='block_1_35' title="bbox 2009 1821 3573 1910">
    <p class='ocr_par' dir='ltr' id='par_1_35' title="bbox 2009 1836 3573 1907">
     <span class='ocr_line' id='line_1_35' title="bbox 2009 1836 3573 1907; baseline -0.003 -17"><span class='ocrx_word' id='word_1_258' title='bbox 2009 1837 2220 1907; x_wconf 86' lang='lat' dir='ltr'><strong>proprie</strong></span> <span class='ocrx_word' id='word_1_259' title='bbox 2256 1837 2480 1891; x_wconf 87' lang='lat' dir='ltr'><strong>sortitus</strong></span> <span class='ocrx_word' id='word_1_260' title='bbox 2523 1848 2604 1891; x_wconf 90' lang='lat' dir='ltr'><strong>est</strong></span> <span class='ocrx_word' id='word_1_261' title='bbox 2635 1836 3065 1906; x_wconf 79' lang='lat' dir='ltr'><strong>appellationem.</strong></span> <span class='ocrx_word' id='word_1_262' title='bbox 3115 1836 3573 1902; x_wconf 81' lang='lat' dir='ltr'><strong>Quemadmodum</strong></span> 
     </span>
    </p>
   </div>
   <div class='ocr_carea' id='block_1_36' title="bbox 318 1925 1904 2002">
    <p class='ocr_par' dir='ltr' id='par_1_36' title="bbox 318 1925 1904 2002">
     <span class='ocr_line' id='line_1_36' title="bbox 318 1925 1904 2002; baseline 0.004 -24"><span class='ocrx_word' id='word_1_263' title='bbox 318 1927 375 1978; x_wconf 89' lang='grc' dir='ltr'>ὲν</span> <span class='ocrx_word' id='word_1_264' title='bbox 417 1926 556 1999; x_wconf 81' lang='grc' dir='ltr'>ἀρχῇ</span> <span class='ocrx_word' id='word_1_265' title='bbox 598 1925 673 1980; x_wconf 84' lang='grc' dir='ltr'>ὢν</span> <span class='ocrx_word' id='word_1_266' title='bbox 705 1927 839 2000; x_wconf 74' lang='grc' dir='ltr'>πρὸς</span> <span class='ocrx_word' id='word_1_267' title='bbox 865 1928 955 1983; x_wconf 87' lang='grc' dir='ltr'>τὸν</span> <span class='ocrx_word' id='word_1_268' title='bbox 988 1929 1141 1989; x_wconf 82' lang='grc' dir='ltr'>Θεὸν.</span> <span class='ocrx_word' id='word_1_269' title='bbox 1179 1931 1273 1983; x_wconf 74' lang='grc' dir='ltr'>καὶ</span> <span class='ocrx_word' id='word_1_270' title='bbox 1307 1930 1530 2002; x_wconf 82' lang='grc' dir='ltr'>Πνεῦμα</span> <span class='ocrx_word' id='word_1_271' title='bbox 1569 1932 1630 1985; x_wconf 85' lang='grc' dir='ltr'>τὸ</span> <span class='ocrx_word' id='word_1_272' title='bbox 1664 1931 1837 2002; x_wconf 79' lang='grc' dir='ltr'>ἁγιον,</span> <span class='ocrx_word' id='word_1_273' title='bbox 1876 1931 1904 1984; x_wconf 82' lang='grc' dir='ltr'>ὃ</span> 
     </span>
    </p>
   </div>
   <div class='ocr_carea' id='block_1_37' title="bbox 321 2017 1905 2092">
    <p class='ocr_par' dir='ltr' id='par_1_37' title="bbox 321 2017 1905 2092">
     <span class='ocr_line' id='line_1_37' title="bbox 321 2017 1905 2092; baseline 0.003 -22"><span class='ocrx_word' id='word_1_274' title='bbox 321 2017 469 2080; x_wconf 73' lang='grc' dir='ltr'>ἰδίως</span> <span class='ocrx_word' id='word_1_275' title='bbox 494 2019 592 2089; x_wconf 79' lang='grc' dir='ltr'>τῆς</span> <span class='ocrx_word' id='word_1_276' title='bbox 626 2021 999 2091; x_wconf 69' lang='grc' dir='ltr'>προσηγορίας</span> <span class='ocrx_word' id='word_1_277' title='bbox 1031 2021 1235 2092; x_wconf 77' lang='grc' dir='ltr'><strong>ταύτης</strong></span> <span class='ocrx_word' id='word_1_278' title='bbox 1268 2021 1586 2092; x_wconf 81' lang='grc' dir='ltr'>τετύχηκεν.</span> <span class='ocrx_word' id='word_1_279' title='bbox 1627 2023 1714 2086; x_wconf 84' lang='grc' dir='ltr'>Ὧς</span> <span class='ocrx_word' id='word_1_280' title='bbox 1753 2019 1844 2077; x_wconf 83' lang='grc' dir='ltr'><strong>οῦν</strong></span> <span class='ocrx_word' id='word_1_281' title='bbox 1876 2023 1905 2075; x_wconf 95' lang='lat'><strong>6</strong></span> 
     </span>
    </p>
   </div>
   <div class='ocr_carea' id='block_1_38' title="bbox 315 2109 1906 2186">
    <p class='ocr_par' dir='ltr' id='par_1_38' title="bbox 315 2109 1906 2186">
     <span class='ocr_line' id='line_1_38' title="bbox 315 2109 1906 2186; baseline 0.005 -26"><span class='ocrx_word' id='word_1_282' title='bbox 315 2109 648 2180; x_wconf 81' lang='grc' dir='ltr'>δημιουργὸς</span> <span class='ocrx_word' id='word_1_283' title='bbox 689 2113 860 2182; x_wconf 85' lang='grc' dir='ltr'>Λόγος</span> <span class='ocrx_word' id='word_1_284' title='bbox 907 2114 1205 2183; x_wconf 80' lang='grc' dir='ltr'>ἐστερέωσε</span> <span class='ocrx_word' id='word_1_285' title='bbox 1252 2115 1342 2166; x_wconf 87' lang='grc' dir='ltr'>τὸν</span> <span class='ocrx_word' id='word_1_286' title='bbox 1382 2116 1628 2186; x_wconf 75' lang='grc' dir='ltr'>οὐρανὸν,</span> <span class='ocrx_word' id='word_1_287' title='bbox 1665 2116 1806 2170; x_wconf 72' lang='grc' dir='ltr'>οὕτω</span> <span class='ocrx_word' id='word_1_288' title='bbox 1845 2116 1906 2168; x_wconf 80' lang='grc' dir='ltr'>τὸ</span> 
     </span>
    </p>
   </div>
   <div class='ocr_carea' id='block_1_39' title="bbox 321 2200 1904 2280">
    <p class='ocr_par' dir='ltr' id='par_1_39' title="bbox 321 2200 1904 2280">
     <span class='ocr_line' id='line_1_39' title="bbox 321 2200 1904 2280; baseline 0.004 -26"><span class='ocrx_word' id='word_1_289' title='bbox 321 2200 544 2271; x_wconf 80' lang='grc' dir='ltr'>Πνεῦμα</span> <span class='ocrx_word' id='word_1_290' title='bbox 589 2203 650 2255; x_wconf 75' lang='grc' dir='ltr'>τὸ</span> <span class='ocrx_word' id='word_1_291' title='bbox 698 2205 764 2256; x_wconf 81' lang='grc' dir='ltr'>ἐκ</span> <span class='ocrx_word' id='word_1_292' title='bbox 798 2205 889 2258; x_wconf 85' lang='grc' dir='ltr'><strong>τοῦ</strong></span> <span class='ocrx_word' id='word_1_293' title='bbox 923 2205 1080 2267; x_wconf 78' lang='grc' dir='ltr'>Θεοῦ,</span> <span class='ocrx_word' id='word_1_294' title='bbox 1125 2206 1152 2258; x_wconf 84' lang='grc' dir='ltr'><strong>ὃ</strong></span> <span class='ocrx_word' id='word_1_295' title='bbox 1186 2206 1336 2277; x_wconf 82' lang='grc' dir='ltr'><strong>παρὰ</strong></span> <span class='ocrx_word' id='word_1_296' title='bbox 1365 2209 1458 2261; x_wconf 88' lang='grc' dir='ltr'><strong>τοῦ</strong></span> <span class='ocrx_word' id='word_1_297' title='bbox 1495 2210 1708 2280; x_wconf 77' lang='grc' dir='ltr'>Πατρὸς</span> <span class='ocrx_word' id='word_1_298' title='bbox 1739 2211 1904 2261; x_wconf 80' lang='grc' dir='ltr'>ἐκπο-</span> 
     </span>
    </p>
   </div>
   <div class='ocr_carea' id='block_1_40' title="bbox 323 2291 1906 2370">
    <p class='ocr_par' dir='ltr' id='par_1_40' title="bbox 323 2291 1906 2370">
     <span class='ocr_line' id='line_1_40' title="bbox 323 2291 1906 2370; baseline 0.005 -27"><span class='ocrx_word' id='word_1_299' title='bbox 323 2291 537 2360; x_wconf 82' lang='grc' dir='ltr'>ρεύεται</span> <span class='ocrx_word' id='word_1_300' title='bbox 574 2293 895 2363; x_wconf 78' lang='grc' dir='ltr'>(τουτέστιν,</span> <span class='ocrx_word' id='word_1_301' title='bbox 921 2295 948 2347; x_wconf 81' lang='grc' dir='ltr'><strong>ὃ</strong></span> <span class='ocrx_word' id='word_1_302' title='bbox 969 2297 1031 2347; x_wconf 82' lang='grc' dir='ltr'>ἐκ</span> <span class='ocrx_word' id='word_1_303' title='bbox 1065 2295 1155 2348; x_wconf 87' lang='grc' dir='ltr'><strong>τοῦ</strong></span> <span class='ocrx_word' id='word_1_304' title='bbox 1188 2296 1455 2365; x_wconf 83' lang='grc' dir='ltr'>στόματος</span> <span class='ocrx_word' id='word_1_305' title='bbox 1486 2297 1672 2360; x_wconf 83' lang='grc' dir='ltr'>αὐτοῦ,</span> <span class='ocrx_word' id='word_1_306' title='bbox 1711 2298 1795 2350; x_wconf 84' lang='grc' dir='ltr'>ἵνα</span> <span class='ocrx_word' id='word_1_307' title='bbox 1832 2298 1906 2370; x_wconf 83' lang='grc' dir='ltr'>μὴ</span> 
     </span>
    </p>
   </div>
   <div class='ocr_carea' id='block_1_41' title="bbox 319 2385 1905 2464">
    <p class='ocr_par' dir='ltr' id='par_1_41' title="bbox 319 2385 1905 2464">
     <span class='ocr_line' id='line_1_41' title="bbox 319 2385 1905 2464; baseline 0.007 -29"><span class='ocrx_word' id='word_1_308' title='bbox 319 2385 432 2436; x_wconf 84' lang='grc' dir='ltr'>τῶν</span> <span class='ocrx_word' id='word_1_309' title='bbox 462 2385 660 2452; x_wconf 76' lang='grc' dir='ltr'>ἔξωθέν</span> <span class='ocrx_word' id='word_1_310' title='bbox 693 2405 744 2441; x_wconf 86' lang='grc' dir='ltr'><strong>τι</strong></span> <span class='ocrx_word' id='word_1_311' title='bbox 777 2389 870 2440; x_wconf 80' lang='grc' dir='ltr'>καὶ</span> <span class='ocrx_word' id='word_1_312' title='bbox 893 2389 1000 2440; x_wconf 85' lang='grc' dir='ltr'>τῶν</span> <span class='ocrx_word' id='word_1_313' title='bbox 1027 2391 1340 2460; x_wconf 82' lang='grc' dir='ltr'>κτισμάτων</span> <span class='ocrx_word' id='word_1_314' title='bbox 1369 2392 1500 2444; x_wconf 80' lang='grc' dir='ltr'>αὐτὸ</span> <span class='ocrx_word' id='word_1_315' title='bbox 1542 2393 1756 2464; x_wconf 67' lang='grc' dir='ltr'>κρίνῃς,</span> <span class='ocrx_word' id='word_1_316' title='bbox 1791 2389 1905 2446; x_wconf 84' lang='grc' dir='ltr'>ἀλλ’</span> 
     </span>
    </p>
   </div>
   <div class='ocr_carea' id='block_1_42' title="bbox 319 2477 1909 2556">
    <p class='ocr_par' dir='ltr' id='par_1_42' title="bbox 319 2477 1909 2556">
     <span class='ocr_line' id='line_1_42' title="bbox 319 2477 1909 2556; baseline 0.006 -27"><span class='ocrx_word' id='word_1_317' title='bbox 319 2477 397 2540; x_wconf 89' lang='grc' dir='ltr'><strong>ώς</strong></span> <span class='ocrx_word' id='word_1_318' title='bbox 423 2478 650 2556; x_wconf 19' lang='grc' dir='ltr'>ὲκᾸΘεοῦ</span> <span class='ocrx_word' id='word_1_319' title='bbox 672 2479 792 2549; x_wconf 77' lang='grc' dir='ltr'>ἕχον</span> <span class='ocrx_word' id='word_1_320' title='bbox 819 2481 917 2550; x_wconf 75' lang='grc' dir='ltr'>τὴν</span> <span class='ocrx_word' id='word_1_321' title='bbox 947 2481 1244 2535; x_wconf 80' lang='grc' dir='ltr'>ὑπόστασιν</span> <span class='ocrx_word' id='word_1_322' title='bbox 1265 2482 1538 2556; x_wconf 75' lang='grc' dir='ltr'>δοξάζῃς),</span> <span class='ocrx_word' id='word_1_323' title='bbox 1567 2484 1786 2548; x_wconf 86' lang='grc' dir='ltr'>ἁπάσας</span> <span class='ocrx_word' id='word_1_324' title='bbox 1810 2485 1909 2550; x_wconf 80' lang='grc' dir='ltr'><strong>τὰς</strong></span> 
     </span>
    </p>
   </div>
   <div class='ocr_carea' id='block_1_43' title="bbox 322 2569 1910 2647">
    <p class='ocr_par' dir='ltr' id='par_1_43' title="bbox 322 2569 1910 2647">
     <span class='ocr_line' id='line_1_43' title="bbox 322 2569 1910 2647; baseline 0.007 -27"><span class='ocrx_word' id='word_1_325' title='bbox 322 2569 379 2620; x_wconf 86' lang='grc' dir='ltr'>ὲν</span> <span class='ocrx_word' id='word_1_326' title='bbox 401 2569 551 2638; x_wconf 81' lang='grc' dir='ltr'>αὐτῷ</span> <span class='ocrx_word' id='word_1_327' title='bbox 577 2570 836 2641; x_wconf 87' lang='grc' dir='ltr'>δυνάμεις</span> <span class='ocrx_word' id='word_1_328' title='bbox 868 2573 1222 2642; x_wconf 82' lang='grc' dir='ltr'>συνεπέφερε.</span> <span class='ocrx_word' id='word_1_329' title='bbox 1253 2575 1344 2645; x_wconf 79' lang='grc' dir='ltr'><strong>Τῷ</strong></span> <span class='ocrx_word' id='word_1_330' title='bbox 1375 2571 1466 2628; x_wconf 82' lang='grc' dir='ltr'><strong>οῦν</strong></span> <span class='ocrx_word' id='word_1_331' title='bbox 1493 2575 1771 2647; x_wconf 74' lang='grc' dir='ltr'>Πνεῦματι</span> <span class='ocrx_word' id='word_1_332' title='bbox 1807 2581 1910 2631; x_wconf 81' lang='grc' dir='ltr'>πᾶ-</span> 
     </span>
    </p>
   </div>
   <div class='ocr_carea' id='block_1_44' title="bbox 324 2658 1905 2735">
    <p class='ocr_par' dir='ltr' id='par_1_44' title="bbox 324 2658 1905 2735">
     <span class='ocr_line' id='line_1_44' title="bbox 324 2658 1905 2735; baseline 0.005 -25"><span class='ocrx_word' id='word_1_333' title='bbox 324 2674 392 2710; x_wconf 85' lang='grc' dir='ltr'><strong>σα</strong></span> <span class='ocrx_word' id='word_1_334' title='bbox 421 2661 453 2729; x_wconf 85' lang='grc' dir='ltr'>ὴ</span> <span class='ocrx_word' id='word_1_335' title='bbox 487 2658 715 2731; x_wconf 83' lang='grc' dir='ltr'>δύναμις</span> <span class='ocrx_word' id='word_1_336' title='bbox 745 2662 777 2731; x_wconf 74' lang='grc' dir='ltr'><strong>ἡ</strong></span> <span class='ocrx_word' id='word_1_337' title='bbox 814 2662 1134 2731; x_wconf 81' lang='grc' dir='ltr'>ἐπουράνιος</span> <span class='ocrx_word' id='word_1_338' title='bbox 1160 2663 1233 2731; x_wconf 86' lang='grc'><strong>(6)</strong></span> <span class='ocrx_word' id='word_1_339' title='bbox 1275 2663 1607 2735; x_wconf 73' lang='grc' dir='ltr'>ὲστερεώθη·</span> <span class='ocrx_word' id='word_1_340' title='bbox 1636 2666 1905 2730; x_wconf 79' lang='grc' dir='ltr'>τουτέστι,</span> 
     </span>
    </p>
   </div>
   <div class='ocr_carea' id='block_1_45' title="bbox 323 2749 1910 2828">
    <p class='ocr_par' dir='ltr' id='par_1_45' title="bbox 323 2749 1910 2828">
     <span class='ocr_line' id='line_1_45' title="bbox 323 2749 1910 2828; baseline 0.006 -27"><span class='ocrx_word' id='word_1_341' title='bbox 323 2749 383 2802; x_wconf 79' lang='grc' dir='ltr'>τὸ</span> <span class='ocrx_word' id='word_1_342' title='bbox 411 2749 624 2804; x_wconf 81' lang='grc' dir='ltr'>εῦτονον</span> <span class='ocrx_word' id='word_1_343' title='bbox 657 2752 752 2804; x_wconf 70' lang='grc' dir='ltr'><strong>κα)⁵</strong></span> <span class='ocrx_word' id='word_1_344' title='bbox 781 2751 977 2820; x_wconf 83' lang='grc' dir='ltr'>πάγιον</span> <span class='ocrx_word' id='word_1_345' title='bbox 1017 2753 1112 2806; x_wconf 73' lang='grc' dir='ltr'><strong>καὶ</strong></span> <span class='ocrx_word' id='word_1_346' title='bbox 1147 2753 1361 2824; x_wconf 77' lang='grc' dir='ltr'>βέϐαιον</span> <span class='ocrx_word' id='word_1_347' title='bbox 1399 2757 1456 2808; x_wconf 82' lang='grc' dir='ltr'>ἐν</span> <span class='ocrx_word' id='word_1_348' title='bbox 1494 2757 1771 2828; x_wconf 82' lang='grc' dir='ltr'>ἁγιασμῷ,</span> <span class='ocrx_word' id='word_1_349' title='bbox 1816 2758 1910 2811; x_wconf 72' lang='grc' dir='ltr'>καὶ</span> 
     </span>
    </p>
   </div>
   <div class='ocr_carea' id='block_1_46' title="bbox 303 2844 1910 2920">
    <p class='ocr_par' dir='ltr' id='par_1_46' title="bbox 303 2844 1910 2920">
     <span class='ocr_line' id='line_1_46' title="bbox 303 2844 1910 2920; baseline 0.005 -25"><span class='ocrx_word' id='word_1_350' title='bbox 303 2845 474 2915; x_wconf 72' lang='grc' dir='ltr'>πάσῃ</span> <span class='ocrx_word' id='word_1_351' title='bbox 514 2845 578 2914; x_wconf 83' lang='grc' dir='ltr'><strong>τῇ</strong></span> <span class='ocrx_word' id='word_1_352' title='bbox 613 2844 896 2916; x_wconf 77' lang='grc' dir='ltr'>πρεπούσῃ</span> <span class='ocrx_word' id='word_1_353' title='bbox 925 2847 1044 2908; x_wconf 86' lang='grc' dir='ltr'>ταῖς</span> <span class='ocrx_word' id='word_1_354' title='bbox 1074 2847 1246 2916; x_wconf 77' lang='grc' dir='ltr'>ἱεραῖς</span> <span class='ocrx_word' id='word_1_355' title='bbox 1275 2847 1566 2917; x_wconf 79' lang='grc' dir='ltr'>δυνάμεσιν</span> <span class='ocrx_word' id='word_1_356' title='bbox 1602 2849 1793 2920; x_wconf 79' lang='grc' dir='ltr'>ἀρετῇ,</span> <span class='ocrx_word' id='word_1_357' title='bbox 1847 2855 1910 2904; x_wconf 72' lang='grc' dir='ltr'>ἐκ</span> 
     </span>
    </p>
   </div>
   <div class='ocr_carea' id='block_1_47' title="bbox 320 2936 1911 3014">
    <p class='ocr_par' dir='ltr' id='par_1_47' title="bbox 320 2936 1911 3014">
     <span class='ocr_line' id='line_1_47' title="bbox 320 2936 1911 3014; baseline 0.005 -26"><span class='ocrx_word' id='word_1_358' title='bbox 320 2936 423 3006; x_wconf 78' lang='grc' dir='ltr'>τῆς</span> <span class='ocrx_word' id='word_1_359' title='bbox 450 2936 544 2988; x_wconf 89' lang='grc' dir='ltr'><strong>τοῦ</strong></span> <span class='ocrx_word' id='word_1_360' title='bbox 571 2937 886 3008; x_wconf 79' lang='grc' dir='ltr'>Πνεῦματος</span> <span class='ocrx_word' id='word_1_361' title='bbox 920 2939 1239 3009; x_wconf 77' lang='grc' dir='ltr'>ἐπικουρίας</span> <span class='ocrx_word' id='word_1_362' title='bbox 1274 2939 1512 3009; x_wconf 82' lang='grc' dir='ltr'>ἔχουσιν.</span> <span class='ocrx_word' id='word_1_363' title='bbox 1561 2941 1778 2996; x_wconf 69' lang='grc' dir='ltr'>Ἐνθάδε</span> <span class='ocrx_word' id='word_1_364' title='bbox 1813 2943 1911 3014; x_wconf 79' lang='grc' dir='ltr'>μὲν</span> 
     </span>
    </p>
   </div>
   <div class='ocr_carea' id='block_1_48' title="bbox 323 3024 1910 3106">
    <p class='ocr_par' dir='ltr' id='par_1_48' title="bbox 323 3024 1910 3106">
     <span class='ocr_line' id='line_1_48' title="bbox 323 3024 1910 3106; baseline 0.005 -26"><span class='ocrx_word' id='word_1_365' title='bbox 323 3024 420 3081; x_wconf 72' lang='grc' dir='ltr'>οὖν</span> <span class='ocrx_word' id='word_1_366' title='bbox 444 3027 667 3098; x_wconf 84' lang='grc' dir='ltr'>Πνεῦμα</span> <span class='ocrx_word' id='word_1_367' title='bbox 707 3028 974 3098; x_wconf 85' lang='grc' dir='ltr'>στόματος</span> <span class='ocrx_word' id='word_1_368' title='bbox 1001 3029 1167 3081; x_wconf 84' lang='grc' dir='ltr'>αὐτοῦ</span> <span class='ocrx_word' id='word_1_369' title='bbox 1198 3031 1640 3104; x_wconf 75' lang='grc' dir='ltr'>ἀναγέγραπταιο</span> <span class='ocrx_word' id='word_1_370' title='bbox 1678 3034 1910 3106; x_wconf 80' lang='grc' dir='ltr'>εὑρήσο-</span> 
     </span>
    </p>
   </div>
   <div class='ocr_carea' id='block_1_49' title="bbox 327 3116 1908 3194">
    <p class='ocr_par' dir='ltr' id='par_1_49' title="bbox 327 3116 1908 3194">
     <span class='ocr_line' id='line_1_49' title="bbox 327 3116 1908 3194; baseline 0.006 -25"><span class='ocrx_word' id='word_1_371' title='bbox 327 3135 428 3187; x_wconf 89' lang='grc' dir='ltr'><strong>μεν</strong></span> <span class='ocrx_word' id='word_1_372' title='bbox 453 3117 508 3170; x_wconf 82' lang='grc' dir='ltr'>δὲ</span> <span class='ocrx_word' id='word_1_373' title='bbox 529 3116 762 3187; x_wconf 81' lang='grc' dir='ltr'>ἀλλαχοῦ</span> <span class='ocrx_word' id='word_1_374' title='bbox 798 3119 892 3170; x_wconf 68' lang='grc' dir='ltr'><strong>καὶ</strong></span> <span class='ocrx_word' id='word_1_375' title='bbox 916 3119 1086 3186; x_wconf 78' lang='grc' dir='ltr'>Λόγον</span> <span class='ocrx_word' id='word_1_376' title='bbox 1120 3119 1384 3191; x_wconf 85' lang='grc' dir='ltr'>στόματος</span> <span class='ocrx_word' id='word_1_377' title='bbox 1407 3121 1570 3174; x_wconf 77' lang='grc' dir='ltr'>αὐτοῦ</span> <span class='ocrx_word' id='word_1_378' title='bbox 1600 3125 1908 3194; x_wconf 80' lang='grc' dir='ltr'>εἰρημένον,</span> 
     </span>
    </p>
   </div>
   <div class='ocr_carea' id='block_1_50' title="bbox 324 3209 1912 3287">
    <p class='ocr_par' dir='ltr' id='par_1_50' title="bbox 324 3209 1912 3287">
     <span class='ocr_line' id='line_1_50' title="bbox 324 3209 1912 3287; baseline 0.006 -26"><span class='ocrx_word' id='word_1_379' title='bbox 324 3211 414 3262; x_wconf 82' lang='grc' dir='ltr'>ἵνα</span> <span class='ocrx_word' id='word_1_380' title='bbox 441 3209 604 3279; x_wconf 80' lang='grc' dir='ltr'>νοηθῇ</span> <span class='ocrx_word' id='word_1_381' title='bbox 640 3210 668 3261; x_wconf 98' lang='lat'><strong>6</strong></span> <span class='ocrx_word' id='word_1_382' title='bbox 703 3211 892 3282; x_wconf 77' lang='grc' dir='ltr'>Σωτὴρ</span> <span class='ocrx_word' id='word_1_383' title='bbox 918 3211 1014 3281; x_wconf 89' lang='grc'>(7),</span> <span class='ocrx_word' id='word_1_384' title='bbox 1054 3213 1146 3264; x_wconf 76' lang='grc' dir='ltr'>καὶ</span> <span class='ocrx_word' id='word_1_385' title='bbox 1188 3213 1247 3265; x_wconf 75' lang='grc' dir='ltr'><strong>τὸ</strong></span> <span class='ocrx_word' id='word_1_386' title='bbox 1277 3214 1432 3280; x_wconf 74' lang='grc' dir='ltr'>ἅγιον</span> <span class='ocrx_word' id='word_1_387' title='bbox 1469 3213 1634 3267; x_wconf 76' lang='grc' dir='ltr'>αὑτοῦ</span> <span class='ocrx_word' id='word_1_388' title='bbox 1686 3215 1912 3287; x_wconf 85' lang='grc' dir='ltr'>Πνεῦμα</span> 
     </span>
    </p>
   </div>
   <div class='ocr_carea' id='block_1_51' title="bbox 323 3301 1908 3380">
    <p class='ocr_par' dir='ltr' id='par_1_51' title="bbox 323 3301 1908 3380">
     <span class='ocr_line' id='line_1_51' title="bbox 323 3301 1908 3380; baseline 0.004 -26"><span class='ocrx_word' id='word_1_389' title='bbox 323 3305 389 3354; x_wconf 84' lang='grc' dir='ltr'>ὲκ</span> <span class='ocrx_word' id='word_1_390' title='bbox 412 3301 506 3354; x_wconf 87' lang='grc' dir='ltr'><strong>τοῦ</strong></span> <span class='ocrx_word' id='word_1_391' title='bbox 530 3303 760 3374; x_wconf 87' lang='grc' dir='ltr'>Πατρός.</span> <span class='ocrx_word' id='word_1_392' title='bbox 803 3304 955 3356; x_wconf 77' lang='grc' dir='ltr'>Ἐπεὶ</span> <span class='ocrx_word' id='word_1_393' title='bbox 983 3301 1075 3358; x_wconf 75' lang='grc' dir='ltr'>οὖν</span> <span class='ocrx_word' id='word_1_394' title='bbox 1106 3305 1275 3372; x_wconf 87' lang='grc' dir='ltr'>Λόγος</span> <span class='ocrx_word' id='word_1_395' title='bbox 1301 3307 1398 3376; x_wconf 79' lang='grc' dir='ltr'>μὲν</span> <span class='ocrx_word' id='word_1_396' title='bbox 1425 3309 1626 3379; x_wconf 83' lang='grc' dir='ltr'>Κυρίου</span> <span class='ocrx_word' id='word_1_397' title='bbox 1648 3311 1676 3361; x_wconf 82' lang='lat'><strong>6</strong></span> <span class='ocrx_word' id='word_1_398' title='bbox 1699 3309 1908 3380; x_wconf 72' lang='grc' dir='ltr'>Σωτὴρ,</span> 
     </span>
    </p>
   </div>
   <div class='ocr_carea' id='block_1_52' title="bbox 323 3395 1908 3468">
    <p class='ocr_par' dir='ltr' id='par_1_52' title="bbox 323 3395 1908 3468">
     <span class='ocr_line' id='line_1_52' title="bbox 323 3395 1908 3468; baseline 0.003 -20"><span class='ocrx_word' id='word_1_399' title='bbox 323 3396 418 3449; x_wconf 81' lang='grc' dir='ltr'>καὶ</span> <span class='ocrx_word' id='word_1_400' title='bbox 452 3395 674 3466; x_wconf 86' lang='grc' dir='ltr'>Πνεῦμα</span> <span class='ocrx_word' id='word_1_401' title='bbox 703 3396 796 3450; x_wconf 88' lang='grc' dir='ltr'><strong>τοῦ</strong></span> <span class='ocrx_word' id='word_1_402' title='bbox 841 3396 1108 3466; x_wconf 83' lang='grc' dir='ltr'>στόματος</span> <span class='ocrx_word' id='word_1_403' title='bbox 1156 3398 1319 3450; x_wconf 75' lang='grc' dir='ltr'>αὑτοῦ</span> <span class='ocrx_word' id='word_1_404' title='bbox 1361 3398 1420 3450; x_wconf 78' lang='grc' dir='ltr'>τὸ</span> <span class='ocrx_word' id='word_1_405' title='bbox 1472 3399 1623 3466; x_wconf 76' lang='grc' dir='ltr'>ἆγιον</span> <span class='ocrx_word' id='word_1_406' title='bbox 1665 3399 1908 3468; x_wconf 85' lang='grc' dir='ltr'>Πνεῦμα,</span> 
     </span>
    </p>
   </div>
   <div class='ocr_carea' id='block_1_53' title="bbox 324 3487 1912 3561">
    <p class='ocr_par' dir='ltr' id='par_1_53' title="bbox 324 3487 1912 3561">
     <span class='ocr_line' id='line_1_53' title="bbox 324 3487 1912 3561; baseline 0.002 -20"><span class='ocrx_word' id='word_1_407' title='bbox 324 3487 611 3556; x_wconf 65' lang='grc' dir='ltr'>ἀμφότερα</span> <span class='ocrx_word' id='word_1_408' title='bbox 651 3487 707 3540; x_wconf 82' lang='grc' dir='ltr'>δὲ</span> <span class='ocrx_word' id='word_1_409' title='bbox 749 3489 1056 3559; x_wconf 76' lang='grc' dir='ltr'>συνήργησε</span> <span class='ocrx_word' id='word_1_410' title='bbox 1087 3491 1152 3558; x_wconf 77' lang='grc' dir='ltr'>τῇ</span> <span class='ocrx_word' id='word_1_411' title='bbox 1188 3487 1362 3541; x_wconf 84' lang='grc' dir='ltr'>κτίσει</span> <span class='ocrx_word' id='word_1_412' title='bbox 1395 3489 1502 3540; x_wconf 83' lang='grc' dir='ltr'>τῶν</span> <span class='ocrx_word' id='word_1_413' title='bbox 1533 3490 1778 3561; x_wconf 83' lang='grc' dir='ltr'>οὐρανῶν</span> <span class='ocrx_word' id='word_1_414' title='bbox 1817 3494 1912 3544; x_wconf 74' lang='grc' dir='ltr'>καὶ</span> 
     </span>
    </p>
   </div>
   <div class='ocr_carea' id='block_1_54' title="bbox 323 3579 1913 3652">
    <p class='ocr_par' dir='ltr' id='par_1_54' title="bbox 323 3579 1913 3652">
     <span class='ocr_line' id='line_1_54' title="bbox 323 3579 1913 3652; baseline 0.003 -22"><span class='ocrx_word' id='word_1_415' title='bbox 323 3579 433 3631; x_wconf 82' lang='grc' dir='ltr'>τῶν</span> <span class='ocrx_word' id='word_1_416' title='bbox 472 3581 529 3632; x_wconf 81' lang='grc' dir='ltr'>ὲν</span> <span class='ocrx_word' id='word_1_417' title='bbox 556 3580 740 3643; x_wconf 75' lang='grc' dir='ltr'>αὐτοῖς</span> <span class='ocrx_word' id='word_1_418' title='bbox 768 3579 1073 3649; x_wconf 80' lang='grc' dir='ltr'>δυνάμεων,</span> <span class='ocrx_word' id='word_1_419' title='bbox 1100 3579 1187 3632; x_wconf 76' lang='grc' dir='ltr'><strong>διὰ</strong></span> <span class='ocrx_word' id='word_1_420' title='bbox 1219 3579 1375 3632; x_wconf 90' lang='grc' dir='ltr'>τοῦτο</span> <span class='ocrx_word' id='word_1_421' title='bbox 1412 3580 1627 3652; x_wconf 75' lang='grc' dir='ltr'>εἴρηται</span> <span class='ocrx_word' id='word_1_422' title='bbox 1649 3599 1661 3611; x_wconf 86' lang='lat'><strong>&#39;</strong></span> <span class='ocrx_word' id='word_1_423' title='bbox 1697 3580 1784 3646; x_wconf 81' lang='grc' dir='ltr'><strong>Τῷ</strong></span> <span class='ocrx_word' id='word_1_424' title='bbox 1810 3583 1913 3636; x_wconf 82' lang='grc' dir='ltr'>Λό-</span> 
     </span>
    </p>
   </div>
   <div class='ocr_carea' id='block_1_55' title="bbox 324 3670 1914 3739">
    <p class='ocr_par' dir='ltr' id='par_1_55' title="bbox 324 3670 1914 3739">
     <span class='ocr_line' id='line_1_55' title="bbox 324 3670 1914 3739; baseline 0.001 -17"><span class='ocrx_word' id='word_1_425' title='bbox 324 3689 410 3738; x_wconf 74' lang='grc' dir='ltr'>γῳ</span> <span class='ocrx_word' id='word_1_426' title='bbox 457 3671 678 3738; x_wconf 83' lang='grc' dir='ltr'>Κυρίου</span> <span class='ocrx_word' id='word_1_427' title='bbox 737 3674 792 3725; x_wconf 84' lang='grc' dir='ltr'>οἱ</span> <span class='ocrx_word' id='word_1_428' title='bbox 842 3672 1083 3739; x_wconf 72' lang='grc' dir='ltr'>οὐρανοὶ</span> <span class='ocrx_word' id='word_1_429' title='bbox 1143 3671 1615 3739; x_wconf 57' lang='grc' dir='ltr'>ἐστερεώθησαν,</span> <span class='ocrx_word' id='word_1_430' title='bbox 1679 3674 1774 3726; x_wconf 75' lang='grc' dir='ltr'>καὶ</span> <span class='ocrx_word' id='word_1_431' title='bbox 1832 3670 1914 3738; x_wconf 81' lang='grc' dir='ltr'>τῷ</span> 
     </span>
    </p>
   </div>
   <div class='ocr_carea' id='block_1_56' title="bbox 327 3761 1913 3831">
    <p class='ocr_par' dir='ltr' id='par_1_56' title="bbox 327 3761 1913 3831">
     <span class='ocr_line' id='line_1_56' title="bbox 327 3761 1913 3831; baseline -0.001 -15"><span class='ocrx_word' id='word_1_432' title='bbox 327 3763 623 3830; x_wconf 81' lang='grc' dir='ltr'>Πνεύματι</span> <span class='ocrx_word' id='word_1_433' title='bbox 662 3761 767 3815; x_wconf 86' lang='grc' dir='ltr'><strong>τοῦ</strong></span> <span class='ocrx_word' id='word_1_434' title='bbox 800 3763 1096 3830; x_wconf 79' lang='grc' dir='ltr'>στόματος</span> <span class='ocrx_word' id='word_1_435' title='bbox 1135 3763 1322 3815; x_wconf 81' lang='grc' dir='ltr'>αὐτοῦ</span> <span class='ocrx_word' id='word_1_436' title='bbox 1372 3762 1539 3816; x_wconf 82' lang='grc' dir='ltr'>πᾶσα</span> <span class='ocrx_word' id='word_1_437' title='bbox 1580 3765 1616 3830; x_wconf 71' lang='grc' dir='ltr'><strong>ιι)</strong></span> <span class='ocrx_word' id='word_1_438' title='bbox 1661 3762 1913 3831; x_wconf 82' lang='grc' dir='ltr'>δύναμις</span> 
     </span>
    </p>
   </div>
   <div class='ocr_carea' id='block_1_57' title="bbox 325 3853 1913 3928">
    <p class='ocr_par' dir='ltr' id='par_1_57' title="bbox 325 3853 1913 3928">
     <span class='ocr_line' id='line_1_57' title="bbox 325 3853 1913 3928; baseline -0.003 -17"><span class='ocrx_word' id='word_1_439' title='bbox 325 3855 544 3911; x_wconf 80' lang='grc' dir='ltr'><strong>ἀὺτῶν.</strong></span> <span class='ocrx_word' id='word_1_440' title='bbox 587 3856 754 3910; x_wconf 83' lang='grc' dir='ltr'>Οὐδὲν</span> <span class='ocrx_word' id='word_1_441' title='bbox 781 3856 888 3926; x_wconf 79' lang='grc' dir='ltr'>γὰρ</span> <span class='ocrx_word' id='word_1_442' title='bbox 917 3853 1225 3924; x_wconf 79' lang='grc' dir='ltr'>ἁγιάζεται,</span> <span class='ocrx_word' id='word_1_443' title='bbox 1256 3857 1304 3908; x_wconf 79' lang='grc' dir='ltr'><strong>εί</strong></span> <span class='ocrx_word' id='word_1_444' title='bbox 1337 3857 1410 3926; x_wconf 83' lang='grc' dir='ltr'>μὴ</span> <span class='ocrx_word' id='word_1_445' title='bbox 1448 3857 1522 3924; x_wconf 89' lang='grc'><strong>(8)</strong></span> <span class='ocrx_word' id='word_1_446' title='bbox 1549 3859 1612 3926; x_wconf 80' lang='grc' dir='ltr'><strong>τῇ</strong></span> <span class='ocrx_word' id='word_1_447' title='bbox 1645 3855 1913 3928; x_wconf 72' lang='grc' dir='ltr'>παρουσίᾳ</span> 
     </span>
    </p>
   </div>
   <div class='ocr_carea' id='block_1_58' title="bbox 311 3943 1911 4028">
    <p class='ocr_par' dir='ltr' id='par_1_58' title="bbox 311 3943 1911 4028">
     <span class='ocr_line' id='line_1_58' title="bbox 311 3943 1911 4028; baseline 0 -27"><span class='ocrx_word' id='word_1_448' title='bbox 311 3948 421 4028; x_wconf 52' lang='grc' dir='ltr'>¹τοῦ</span> <span class='ocrx_word' id='word_1_449' title='bbox 457 3949 795 4020; x_wconf 73' lang='grc' dir='ltr'>Πνεῦματος.</span> <span class='ocrx_word' id='word_1_450' title='bbox 839 3949 1108 4016; x_wconf 83' lang='grc' dir='ltr'>Ἀγγέλων</span> <span class='ocrx_word' id='word_1_451' title='bbox 1137 3948 1268 4017; x_wconf 90' lang='grc' dir='ltr'>γοῦν</span> <span class='ocrx_word' id='word_1_452' title='bbox 1301 3949 1396 4019; x_wconf 84' lang='grc' dir='ltr'>τὴν</span> <span class='ocrx_word' id='word_1_453' title='bbox 1435 3948 1534 4018; x_wconf 78' lang='grc' dir='ltr'>μὲν</span> <span class='ocrx_word' id='word_1_454' title='bbox 1566 3950 1645 4011; x_wconf 84' lang='grc' dir='ltr'><strong>είς</strong></span> <span class='ocrx_word' id='word_1_455' title='bbox 1677 3949 1737 4000; x_wconf 83' lang='grc' dir='ltr'>τὸ</span> <span class='ocrx_word' id='word_1_456' title='bbox 1773 3943 1911 4001; x_wconf 76' lang='grc' dir='ltr'>εἶναι</span> 
     </span>
    </p>
   </div>
   <div class='ocr_carea' id='block_1_59' title="bbox 325 4040 1912 4112">
    <p class='ocr_par' dir='ltr' id='par_1_59' title="bbox 325 4040 1912 4112">
     <span class='ocr_line' id='line_1_59' title="bbox 325 4040 1912 4112; baseline 0.001 -19"><span class='ocrx_word' id='word_1_457' title='bbox 325 4041 559 4112; x_wconf 85' lang='grc' dir='ltr'>πάροδον</span> <span class='ocrx_word' id='word_1_458' title='bbox 609 4043 638 4095; x_wconf 92' lang='lat'><strong>6</strong></span> <span class='ocrx_word' id='word_1_459' title='bbox 691 4041 1018 4112; x_wconf 71' lang='grc' dir='ltr'>δημιουργὸς</span> <span class='ocrx_word' id='word_1_460' title='bbox 1071 4041 1244 4108; x_wconf 84' lang='grc' dir='ltr'>Λόγος</span> <span class='ocrx_word' id='word_1_461' title='bbox 1293 4043 1322 4093; x_wconf 85' lang='grc' dir='ltr'>ὁ</span> <span class='ocrx_word' id='word_1_462' title='bbox 1359 4041 1588 4111; x_wconf 79' lang='grc' dir='ltr'>ποιητὴς</span> <span class='ocrx_word' id='word_1_463' title='bbox 1629 4040 1738 4093; x_wconf 78' lang='grc' dir='ltr'>τῶν</span> <span class='ocrx_word' id='word_1_464' title='bbox 1775 4041 1912 4094; x_wconf 82' lang='grc' dir='ltr'>ὅλων</span> 
     </span>
    </p>
   </div>
   <div class='ocr_carea' id='block_1_60' title="bbox 326 4130 1912 4202">
    <p class='ocr_par' dir='ltr' id='par_1_60' title="bbox 326 4130 1912 4202">
     <span class='ocr_line' id='line_1_60' title="bbox 326 4130 1912 4202; baseline 0.001 -18"><span class='ocrx_word' id='word_1_465' title='bbox 326 4133 647 4197; x_wconf 81' lang='grc' dir='ltr'>παρείχετο·</span> <span class='ocrx_word' id='word_1_466' title='bbox 685 4131 776 4183; x_wconf 75' lang='grc' dir='ltr'><strong>τὸν</strong></span> <span class='ocrx_word' id='word_1_467' title='bbox 837 4131 1104 4201; x_wconf 65' lang='grc' dir='ltr'>ἁγιασμόν</span> <span class='ocrx_word' id='word_1_468' title='bbox 1154 4131 1210 4184; x_wconf 84' lang='grc' dir='ltr'>δὲ</span> <span class='ocrx_word' id='word_1_469' title='bbox 1257 4131 1437 4194; x_wconf 76' lang='grc' dir='ltr'>αὐτοῖς</span> <span class='ocrx_word' id='word_1_470' title='bbox 1480 4130 1540 4184; x_wconf 84' lang='grc' dir='ltr'>τὸ</span> <span class='ocrx_word' id='word_1_471' title='bbox 1585 4131 1806 4202; x_wconf 87' lang='grc' dir='ltr'>Πνεῦμα</span> <span class='ocrx_word' id='word_1_472' title='bbox 1851 4132 1912 4185; x_wconf 82' lang='grc' dir='ltr'>τὸ</span> 
     </span>
    </p>
   </div>
   <div class='ocr_carea' id='block_1_61' title="bbox 328 4219 1911 4291">
    <p class='ocr_par' dir='ltr' id='par_1_61' title="bbox 328 4219 1911 4291">
     <span class='ocr_line' id='line_1_61' title="bbox 328 4219 1911 4291; baseline -0.003 -15"><span class='ocrx_word' id='word_1_473' title='bbox 328 4223 483 4290; x_wconf 75' lang='grc' dir='ltr'>ἅγιον</span> <span class='ocrx_word' id='word_1_474' title='bbox 513 4221 896 4291; x_wconf 65' lang='grc' dir='ltr'>συνεπέφερεν.</span> <span class='ocrx_word' id='word_1_475' title='bbox 935 4221 1010 4272; x_wconf 83' lang='grc' dir='ltr'><strong>Οὐ</strong></span> <span class='ocrx_word' id='word_1_476' title='bbox 1045 4219 1154 4288; x_wconf 82' lang='grc' dir='ltr'><strong>γὰρ</strong></span> <span class='ocrx_word' id='word_1_477' title='bbox 1185 4221 1365 4291; x_wconf 80' lang='grc' dir='ltr'>νήπιοι</span> <span class='ocrx_word' id='word_1_478' title='bbox 1395 4219 1705 4282; x_wconf 77' lang='grc' dir='ltr'>κτισθέντες</span> <span class='ocrx_word' id='word_1_479' title='bbox 1740 4223 1787 4273; x_wconf 81' lang='lat' dir='ltr'><strong>oi</strong></span> <span class='ocrx_word' id='word_1_480' title='bbox 1811 4220 1911 4289; x_wconf 81' lang='grc' dir='ltr'><strong>ἆγ-</strong></span> 
     </span>
    </p>
   </div>
   <div class='ocr_carea' id='block_1_62' title="bbox 327 4306 1913 4381">
    <p class='ocr_par' dir='ltr' id='par_1_62' title="bbox 327 4306 1913 4381">
     <span class='ocr_line' id='line_1_62' title="bbox 327 4306 1913 4381; baseline 0 -19"><span class='ocrx_word' id='word_1_481' title='bbox 327 4310 497 4377; x_wconf 81' lang='grc' dir='ltr'>γελοι,</span> <span class='ocrx_word' id='word_1_482' title='bbox 537 4306 653 4362; x_wconf 81' lang='grc' dir='ltr'>εἶτα</span> <span class='ocrx_word' id='word_1_483' title='bbox 687 4308 1063 4370; x_wconf 80' lang='grc' dir='ltr'>τελειωθέντες</span> <span class='ocrx_word' id='word_1_484' title='bbox 1088 4312 1156 4381; x_wconf 83' lang='grc' dir='ltr'>τῇ</span> <span class='ocrx_word' id='word_1_485' title='bbox 1190 4310 1306 4361; x_wconf 87' lang='grc' dir='ltr'>κατ’</span> <span class='ocrx_word' id='word_1_486' title='bbox 1339 4309 1520 4377; x_wconf 80' lang='grc' dir='ltr'>ὀλίγον</span> <span class='ocrx_word' id='word_1_487' title='bbox 1564 4308 1786 4380; x_wconf 85' lang='grc' dir='ltr'>μελέτῃ,</span> <span class='ocrx_word' id='word_1_488' title='bbox 1822 4309 1913 4362; x_wconf 83' lang='grc' dir='ltr'>οῦ-</span> 
     </span>
    </p>
   </div>
   <div class='ocr_carea' id='block_1_63' title="bbox 327 4397 1924 4472">
    <p class='ocr_par' dir='ltr' id='par_1_63' title="bbox 327 4397 1924 4472">
     <span class='ocr_line' id='line_1_63' title="bbox 327 4397 1924 4472; baseline -0.001 -19"><span class='ocrx_word' id='word_1_489' title='bbox 327 4417 437 4464; x_wconf 86' lang='grc' dir='ltr'><strong>τως</strong></span> <span class='ocrx_word' id='word_1_490' title='bbox 479 4399 617 4466; x_wconf 79' lang='grc' dir='ltr'>ἄξιοι</span> <span class='ocrx_word' id='word_1_491' title='bbox 653 4399 754 4470; x_wconf 79' lang='grc' dir='ltr'>τῆς</span> <span class='ocrx_word' id='word_1_492' title='bbox 797 4397 886 4452; x_wconf 91' lang='grc' dir='ltr'><strong>τοῦ</strong></span> <span class='ocrx_word' id='word_1_493' title='bbox 921 4398 1235 4469; x_wconf 88' lang='grc' dir='ltr'>Πνεύματος</span> <span class='ocrx_word' id='word_1_494' title='bbox 1283 4400 1549 4472; x_wconf 82' lang='grc' dir='ltr'>ὑποδοχῆς</span> <span class='ocrx_word' id='word_1_495' title='bbox 1589 4400 1874 4469; x_wconf 80' lang='grc' dir='ltr'>γεγόνασιν</span> <span class='ocrx_word' id='word_1_496' title='bbox 1894 4417 1924 4434; x_wconf 87' lang='grc'><strong>··</strong></span> 
     </span>
    </p>
   </div>
   <div class='ocr_carea' id='block_1_64' title="bbox 328 4488 1910 4562">
    <p class='ocr_par' dir='ltr' id='par_1_64' title="bbox 328 4488 1910 4562">
     <span class='ocr_line' id='line_1_64' title="bbox 328 4488 1910 4562; baseline 0.001 -20"><span class='ocrx_word' id='word_1_497' title='bbox 328 4490 443 4543; x_wconf 83' lang='grc' dir='ltr'>ἀλλ’</span> <span class='ocrx_word' id='word_1_498' title='bbox 473 4493 530 4542; x_wconf 82' lang='grc' dir='ltr'>ὲν</span> <span class='ocrx_word' id='word_1_499' title='bbox 562 4493 626 4561; x_wconf 81' lang='grc' dir='ltr'>τῇ</span> <span class='ocrx_word' id='word_1_500' title='bbox 666 4488 857 4561; x_wconf 78' lang='grc' dir='ltr'>πρώτῃ</span> <span class='ocrx_word' id='word_1_501' title='bbox 889 4489 1143 4542; x_wconf 84' lang='grc' dir='ltr'>συστάσει</span> <span class='ocrx_word' id='word_1_502' title='bbox 1188 4491 1282 4543; x_wconf 73' lang='grc' dir='ltr'>καὶ</span> <span class='ocrx_word' id='word_1_503' title='bbox 1313 4490 1390 4560; x_wconf 82' lang='grc' dir='ltr'>τῷ</span> <span class='ocrx_word' id='word_1_504' title='bbox 1431 4490 1593 4542; x_wconf 72' lang='grc' dir='ltr'>οἱονεὶ</span> <span class='ocrx_word' id='word_1_505' title='bbox 1632 4491 1910 4562; x_wconf 84' lang='grc' dir='ltr'>φυράματι</span> 
     </span>
    </p>
   </div>
   <div class='ocr_carea' id='block_1_65' title="bbox 328 4581 1911 4654">
    <p class='ocr_par' dir='ltr' id='par_1_65' title="bbox 328 4581 1911 4654">
     <span class='ocr_line' id='line_1_65' title="bbox 328 4581 1911 4654; baseline -0.001 -19"><span class='ocrx_word' id='word_1_506' title='bbox 328 4583 428 4652; x_wconf 83' lang='grc' dir='ltr'>τῆς</span> <span class='ocrx_word' id='word_1_507' title='bbox 458 4583 644 4646; x_wconf 82' lang='grc' dir='ltr'>οὐσίας</span> <span class='ocrx_word' id='word_1_508' title='bbox 689 4582 868 4635; x_wconf 76' lang='grc' dir='ltr'>αὐτῶν</span> <span class='ocrx_word' id='word_1_509' title='bbox 911 4582 1448 4652; x_wconf 77' lang='grc' dir='ltr'>συγκαταὸληθεῖσαν</span> <span class='ocrx_word' id='word_1_510' title='bbox 1493 4581 1569 4652; x_wconf 89' lang='grc'><strong>(9)</strong></span> <span class='ocrx_word' id='word_1_511' title='bbox 1613 4582 1768 4654; x_wconf 75' lang='grc' dir='ltr'>ἔσχον</span> <span class='ocrx_word' id='word_1_512' title='bbox 1813 4585 1911 4654; x_wconf 84' lang='grc' dir='ltr'>τὴν</span> 
     </span>
    </p>
   </div>
   <div class='ocr_carea' id='block_1_66' title="bbox 327 4671 1912 4743">
    <p class='ocr_par' dir='ltr' id='par_1_66' title="bbox 327 4671 1912 4743">
     <span class='ocr_line' id='line_1_66' title="bbox 327 4671 1912 4743; baseline 0.001 -18"><span class='ocrx_word' id='word_1_513' title='bbox 327 4674 608 4743; x_wconf 83' lang='grc' dir='ltr'>ἁγιότητα.</span> <span class='ocrx_word' id='word_1_514' title='bbox 637 4672 727 4724; x_wconf 80' lang='grc' dir='ltr'><strong>Διὸ</strong></span> <span class='ocrx_word' id='word_1_515' title='bbox 750 4673 843 4724; x_wconf 68' lang='grc' dir='ltr'><strong>καὶ</strong></span> <span class='ocrx_word' id='word_1_516' title='bbox 875 4671 1260 4742; x_wconf 86' lang='grc' dir='ltr'>δυσμετάθετοί</span> <span class='ocrx_word' id='word_1_517' title='bbox 1288 4673 1392 4725; x_wconf 81' lang='grc' dir='ltr'>εἰσι</span> <span class='ocrx_word' id='word_1_518' title='bbox 1422 4671 1556 4742; x_wconf 86' lang='grc' dir='ltr'>πρὸς</span> <span class='ocrx_word' id='word_1_519' title='bbox 1579 4673 1796 4742; x_wconf 83' lang='grc' dir='ltr'>κακίαν,</span> <span class='ocrx_word' id='word_1_520' title='bbox 1823 4675 1912 4727; x_wconf 83' lang='grc' dir='ltr'><strong>εὑ-</strong></span> 
     </span>
    </p>
   </div>
   <div class='ocr_carea' id='block_1_67' title="bbox 2011 1926 3576 1998">
    <p class='ocr_par' dir='ltr' id='par_1_67' title="bbox 2011 1926 3576 1998">
     <span class='ocr_line' id='line_1_67' title="bbox 2011 1926 3576 1998; baseline -0.002 -16"><span class='ocrx_word' id='word_1_521' title='bbox 2011 1928 2175 1998; x_wconf 82' lang='lat' dir='ltr'><strong>igitur</strong></span> <span class='ocrx_word' id='word_1_522' title='bbox 2208 1926 2439 1981; x_wconf 71' lang='lat' dir='ltr'><strong>Verbum</strong></span> <span class='ocrx_word' id='word_1_523' title='bbox 2486 1927 2665 1995; x_wconf 80' lang='lat' dir='ltr'><strong>opifex</strong></span> <span class='ocrx_word' id='word_1_524' title='bbox 2707 1927 2942 1982; x_wconf 85' lang='lat' dir='ltr'><strong>ﬁrmavit</strong></span> <span class='ocrx_word' id='word_1_525' title='bbox 2983 1927 3197 1994; x_wconf 64' lang='lat' dir='ltr'><strong>malum,</strong></span> <span class='ocrx_word' id='word_1_526' title='bbox 3229 1929 3307 1982; x_wconf 92' lang='lat' dir='ltr'><strong>sic</strong></span> <span class='ocrx_word' id='word_1_527' title='bbox 3345 1927 3576 1996; x_wconf 74' lang='lat' dir='ltr'><strong>Spiritus</strong></span> 
     </span>
    </p>
   </div>
   <div class='ocr_carea' id='block_1_68' title="bbox 2005 2017 3572 2088">
    <p class='ocr_par' dir='ltr' id='par_1_68' title="bbox 2005 2017 3572 2088">
     <span class='ocr_line' id='line_1_68' title="bbox 2005 2017 3572 2088; baseline 0 -17"><span class='ocrx_word' id='word_1_528' title='bbox 2005 2018 2097 2088; x_wconf 90' lang='lat' dir='ltr'><strong>qui</strong></span> <span class='ocrx_word' id='word_1_529' title='bbox 2134 2031 2201 2071; x_wconf 80' lang='lat' dir='ltr'><strong>ex</strong></span> <span class='ocrx_word' id='word_1_530' title='bbox 2233 2017 2361 2082; x_wconf 89' lang='lat' dir='ltr'><strong>Deo,</strong></span> <span class='ocrx_word' id='word_1_531' title='bbox 2394 2020 2484 2088; x_wconf 90' lang='lat' dir='ltr'><strong>qui</strong></span> <span class='ocrx_word' id='word_1_532' title='bbox 2515 2034 2542 2070; x_wconf 89' lang='lat' dir='ltr'><strong>a</strong></span> <span class='ocrx_word' id='word_1_533' title='bbox 2581 2019 2742 2073; x_wconf 87' lang='lat' dir='ltr'><strong>Patre</strong></span> <span class='ocrx_word' id='word_1_534' title='bbox 2779 2019 3039 2087; x_wconf 81' lang='lat' dir='ltr'><strong>procedit,</strong></span> <span class='ocrx_word' id='word_1_535' title='bbox 3068 2019 3169 2072; x_wconf 87' lang='lat' dir='ltr'><strong>hoc</strong></span> <span class='ocrx_word' id='word_1_536' title='bbox 3216 2028 3316 2082; x_wconf 89' lang='lat' dir='ltr'><strong>est,</strong></span> <span class='ocrx_word' id='word_1_537' title='bbox 3367 2019 3456 2086; x_wconf 88' lang='lat' dir='ltr'><strong>qui</strong></span> <span class='ocrx_word' id='word_1_538' title='bbox 3509 2033 3572 2071; x_wconf 78' lang='lat' dir='ltr'><strong>ex</strong></span> 
     </span>
    </p>
   </div>
   <div class='ocr_carea' id='block_1_69' title="bbox 2005 2109 3564 2180">
    <p class='ocr_par' dir='ltr' id='par_1_69' title="bbox 2005 2109 3564 2180">
     <span class='ocr_line' id='line_1_69' title="bbox 2005 2109 3564 2180; baseline -0.001 -16"><span class='ocrx_word' id='word_1_539' title='bbox 2005 2125 2099 2164; x_wconf 86' lang='lat' dir='ltr'><strong>ore</strong></span> <span class='ocrx_word' id='word_1_540' title='bbox 2141 2109 2282 2162; x_wconf 88' lang='lat' dir='ltr'><strong>illius</strong></span> <span class='ocrx_word' id='word_1_541' title='bbox 2303 2121 2384 2163; x_wconf 84' lang='lat' dir='ltr'><strong>est</strong></span> <span class='ocrx_word' id='word_1_542' title='bbox 2416 2110 2496 2180; x_wconf 91' lang='lat' dir='ltr'><strong>(ut</strong></span> <span class='ocrx_word' id='word_1_543' title='bbox 2524 2125 2589 2163; x_wconf 90' lang='lat' dir='ltr'><strong>ne</strong></span> <span class='ocrx_word' id='word_1_544' title='bbox 2616 2110 2789 2180; x_wconf 90' lang='lat' dir='ltr'><strong>ipsum</strong></span> <span class='ocrx_word' id='word_1_545' title='bbox 2823 2120 3102 2164; x_wconf 82' lang='lat' dir='ltr'><strong>externam</strong></span> <span class='ocrx_word' id='word_1_546' title='bbox 3135 2111 3420 2178; x_wconf 82' lang='lat' dir='ltr'><strong>quamdam</strong></span> <span class='ocrx_word' id='word_1_547' title='bbox 3454 2125 3564 2163; x_wconf 89' lang='lat' dir='ltr'><strong>rem</strong></span> 
     </span>
    </p>
   </div>
   <div class='ocr_carea' id='block_1_70' title="bbox 2004 2201 3574 2272">
    <p class='ocr_par' dir='ltr' id='par_1_70' title="bbox 2004 2201 3574 2272">
     <span class='ocr_line' id='line_1_70' title="bbox 2004 2201 3574 2272; baseline -0.001 -16"><span class='ocrx_word' id='word_1_548' title='bbox 2004 2210 2099 2256; x_wconf 89' lang='lat' dir='ltr'><strong>aut</strong></span> <span class='ocrx_word' id='word_1_549' title='bbox 2129 2210 2434 2254; x_wconf 83' lang='lat' dir='ltr'><strong>creaturam</strong></span> <span class='ocrx_word' id='word_1_550' title='bbox 2479 2201 2848 2272; x_wconf 87' lang='lat' dir='ltr'><strong>essejudices,</strong></span> <span class='ocrx_word' id='word_1_551' title='bbox 2893 2203 2986 2256; x_wconf 88' lang='lat' dir='ltr'><strong>sed</strong></span> <span class='ocrx_word' id='word_1_552' title='bbox 3030 2211 3284 2270; x_wconf 76' lang='lat' dir='ltr'><strong>tanquam</strong></span> <span class='ocrx_word' id='word_1_553' title='bbox 3321 2203 3574 2272; x_wconf 85' lang='lat' dir='ltr'><strong>hyposta-</strong></span> 
     </span>
    </p>
   </div>
   <div class='ocr_carea' id='block_1_71' title="bbox 2005 2294 3580 2365">
    <p class='ocr_par' dir='ltr' id='par_1_71' title="bbox 2005 2294 3580 2365">
     <span class='ocr_line' id='line_1_71' title="bbox 2005 2294 3580 2365; baseline 0 -18"><span class='ocrx_word' id='word_1_554' title='bbox 2005 2295 2106 2348; x_wconf 89' lang='lat' dir='ltr'><strong>sim</strong></span> <span class='ocrx_word' id='word_1_555' title='bbox 2139 2310 2202 2348; x_wconf 81' lang='lat' dir='ltr'><strong>ex</strong></span> <span class='ocrx_word' id='word_1_556' title='bbox 2237 2295 2344 2348; x_wconf 90' lang='lat' dir='ltr'><strong>Deo</strong></span> <span class='ocrx_word' id='word_1_557' title='bbox 2395 2294 2682 2349; x_wconf 82' lang='lat' dir='ltr'><strong>habentem</strong></span> <span class='ocrx_word' id='word_1_558' title='bbox 2728 2294 3041 2365; x_wconf 82' lang='lat' dir='ltr'><strong>glorifices),</strong></span> <span class='ocrx_word' id='word_1_559' title='bbox 3091 2310 3280 2350; x_wconf 90' lang='lat' dir='ltr'><strong>omnes</strong></span> <span class='ocrx_word' id='word_1_560' title='bbox 3325 2294 3442 2362; x_wconf 86' lang='lat' dir='ltr'><strong>ejus</strong></span> <span class='ocrx_word' id='word_1_561' title='bbox 3471 2294 3580 2347; x_wconf 85' lang='lat' dir='ltr'><strong>vir-</strong></span> 
     </span>
    </p>
   </div>
   <div class='ocr_carea' id='block_1_72' title="bbox 2007 2383 3582 2456">
    <p class='ocr_par' dir='ltr' id='par_1_72' title="bbox 2007 2383 3582 2456">
     <span class='ocr_line' id='line_1_72' title="bbox 2007 2383 3582 2456; baseline -0.003 -17"><span class='ocrx_word' id='word_1_562' title='bbox 2007 2395 2149 2440; x_wconf 89' lang='lat' dir='ltr'><strong>tutes</strong></span> <span class='ocrx_word' id='word_1_563' title='bbox 2172 2385 2333 2456; x_wconf 83' lang='lat' dir='ltr'><strong>simul</strong></span> <span class='ocrx_word' id='word_1_564' title='bbox 2360 2385 2557 2439; x_wconf 91' lang='lat' dir='ltr'><strong>intulit.</strong></span> <span class='ocrx_word' id='word_1_565' title='bbox 2582 2384 2767 2455; x_wconf 91' lang='lat' dir='ltr'><strong>Itaque</strong></span> <span class='ocrx_word' id='word_1_566' title='bbox 2796 2386 3032 2441; x_wconf 70' lang='lat' dir='ltr'><strong>cmlestis</strong></span> <span class='ocrx_word' id='word_1_567' title='bbox 3054 2385 3231 2440; x_wconf 87' lang='lat' dir='ltr'><strong>omnis</strong></span> <span class='ocrx_word' id='word_1_568' title='bbox 3259 2385 3428 2438; x_wconf 89' lang='lat' dir='ltr'><strong>virtus</strong></span> <span class='ocrx_word' id='word_1_569' title='bbox 3460 2383 3582 2452; x_wconf 85' lang='lat' dir='ltr'><strong>Spi-</strong></span> 
     </span>
    </p>
   </div>
   <div class='ocr_carea' id='block_1_73' title="bbox 2006 2477 3579 2543">
    <p class='ocr_par' dir='ltr' id='par_1_73' title="bbox 2006 2477 3579 2543">
     <span class='ocr_line' id='line_1_73' title="bbox 2006 2477 3579 2543; baseline -0.004 -11"><span class='ocrx_word' id='word_1_570' title='bbox 2006 2479 2112 2532; x_wconf 89' lang='lat' dir='ltr'><strong>ritu</strong></span> <span class='ocrx_word' id='word_1_571' title='bbox 2164 2479 2376 2532; x_wconf 82' lang='lat' dir='ltr'><strong>ﬁrmata</strong></span> <span class='ocrx_word' id='word_1_572' title='bbox 2413 2489 2496 2532; x_wconf 91' lang='lat' dir='ltr'><strong>est</strong></span> <span class='ocrx_word' id='word_1_573' title='bbox 2531 2495 2545 2531; x_wconf 88' lang='lat'><strong>:</strong></span> <span class='ocrx_word' id='word_1_574' title='bbox 2583 2479 2683 2532; x_wconf 89' lang='lat' dir='ltr'><strong>hoc</strong></span> <span class='ocrx_word' id='word_1_575' title='bbox 2721 2489 2824 2543; x_wconf 89' lang='lat' dir='ltr'><strong>est,</strong></span> <span class='ocrx_word' id='word_1_576' title='bbox 2857 2477 3204 2540; x_wconf 88' lang='lat' dir='ltr'><strong>soliditatem,</strong></span> <span class='ocrx_word' id='word_1_577' title='bbox 3240 2477 3579 2529; x_wconf 83' lang='lat' dir='ltr'><strong>firmitatem-</strong></span> 
     </span>
    </p>
   </div>
   <div class='ocr_carea' id='block_1_74' title="bbox 2011 2567 3582 2640">
    <p class='ocr_par' dir='ltr' id='par_1_74' title="bbox 2011 2567 3582 2640">
     <span class='ocr_line' id='line_1_74' title="bbox 2011 2567 3582 2640; baseline -0.001 -18"><span class='ocrx_word' id='word_1_578' title='bbox 2011 2584 2116 2640; x_wconf 91' lang='lat' dir='ltr'><strong>que</strong></span> <span class='ocrx_word' id='word_1_579' title='bbox 2150 2577 2204 2624; x_wconf 84' lang='lat' dir='ltr'><strong>et</strong></span> <span class='ocrx_word' id='word_1_580' title='bbox 2243 2570 2631 2634; x_wconf 87' lang='lat' dir='ltr'><strong>constantiam,</strong></span> <span class='ocrx_word' id='word_1_581' title='bbox 2662 2569 2713 2622; x_wconf 91' lang='lat' dir='ltr'><strong>in</strong></span> <span class='ocrx_word' id='word_1_582' title='bbox 2758 2569 3068 2632; x_wconf 86' lang='lat' dir='ltr'><strong>sanctitate,</strong></span> <span class='ocrx_word' id='word_1_583' title='bbox 3099 2579 3152 2623; x_wconf 92' lang='lat' dir='ltr'><strong>et</strong></span> <span class='ocrx_word' id='word_1_584' title='bbox 3200 2567 3345 2620; x_wconf 87' lang='lat' dir='ltr'><strong>omni</strong></span> <span class='ocrx_word' id='word_1_585' title='bbox 3379 2567 3582 2620; x_wconf 89' lang='lat' dir='ltr'><strong>virtute</strong></span> 
     </span>
    </p>
   </div>
   <div class='ocr_carea' id='block_1_75' title="bbox 2009 2657 3584 2732">
    <p class='ocr_par' dir='ltr' id='par_1_75' title="bbox 2009 2657 3584 2732">
     <span class='ocr_line' id='line_1_75' title="bbox 2009 2657 3584 2732; baseline -0.003 -17"><span class='ocrx_word' id='word_1_586' title='bbox 2009 2664 2183 2716; x_wconf 87' lang='lat' dir='ltr'><strong>sacris</strong></span> <span class='ocrx_word' id='word_1_587' title='bbox 2217 2660 2580 2732; x_wconf 88' lang='lat' dir='ltr'><strong>potestatibus</strong></span> <span class='ocrx_word' id='word_1_588' title='bbox 2615 2661 2991 2720; x_wconf 83' lang='lat' dir='ltr'><strong>Convenicnle.</strong></span> <span class='ocrx_word' id='word_1_589' title='bbox 3020 2674 3083 2712; x_wconf 78' lang='lat' dir='ltr'><strong>ex</strong></span> <span class='ocrx_word' id='word_1_590' title='bbox 3119 2657 3356 2729; x_wconf 88' lang='lat' dir='ltr'><strong>Spiritus</strong></span> <span class='ocrx_word' id='word_1_591' title='bbox 3383 2657 3584 2712; x_wconf 80' lang='lat' dir='ltr'><strong>auxilio</strong></span> 
     </span>
    </p>
   </div>
   <div class='ocr_carea' id='block_1_76' title="bbox 2009 2749 3582 2823">
    <p class='ocr_par' dir='ltr' id='par_1_76' title="bbox 2009 2749 3582 2823">
     <span class='ocr_line' id='line_1_76' title="bbox 2009 2749 3582 2823; baseline -0.004 -15"><span class='ocrx_word' id='word_1_592' title='bbox 2009 2754 2190 2808; x_wconf 84' lang='lat' dir='ltr'><strong>habet.</strong></span> <span class='ocrx_word' id='word_1_593' title='bbox 2250 2752 2349 2807; x_wconf 86' lang='lat' dir='ltr'><strong>Hic</strong></span> <span class='ocrx_word' id='word_1_594' title='bbox 2379 2753 2540 2823; x_wconf 79' lang='lat' dir='ltr'><strong>igitur</strong></span> <span class='ocrx_word' id='word_1_595' title='bbox 2575 2752 2812 2822; x_wconf 89' lang='lat' dir='ltr'><strong>Spiritus</strong></span> <span class='ocrx_word' id='word_1_596' title='bbox 2865 2751 2976 2806; x_wconf 91' lang='lat' dir='ltr'><strong>oris</strong></span> <span class='ocrx_word' id='word_1_597' title='bbox 3023 2750 3142 2818; x_wconf 88' lang='lat' dir='ltr'><strong>ejus</strong></span> <span class='ocrx_word' id='word_1_598' title='bbox 3192 2749 3428 2819; x_wconf 90' lang='lat' dir='ltr'><strong>scriptus</strong></span> <span class='ocrx_word' id='word_1_599' title='bbox 3477 2760 3582 2802; x_wconf 87' lang='lat' dir='ltr'><strong>est.</strong></span> 
     </span>
    </p>
   </div>
   <div class='ocr_carea' id='block_1_77' title="bbox 2009 2841 3586 2913">
    <p class='ocr_par' dir='ltr' id='par_1_77' title="bbox 2009 2841 3586 2913">
     <span class='ocr_line' id='line_1_77' title="bbox 2009 2841 3586 2913; baseline -0.002 -13"><span class='ocrx_word' id='word_1_600' title='bbox 2009 2845 2346 2901; x_wconf 90' lang='lat' dir='ltr'><strong>Inveniemus</strong></span> <span class='ocrx_word' id='word_1_601' title='bbox 2369 2855 2548 2900; x_wconf 86' lang='lat' dir='ltr'><strong>autem</strong></span> <span class='ocrx_word' id='word_1_602' title='bbox 2581 2845 2708 2899; x_wconf 90' lang='lat' dir='ltr'><strong>alibi</strong></span> <span class='ocrx_word' id='word_1_603' title='bbox 2741 2855 2795 2899; x_wconf 90' lang='lat' dir='ltr'><strong>et</strong></span> <span class='ocrx_word' id='word_1_604' title='bbox 2821 2844 3056 2900; x_wconf 84' lang='lat' dir='ltr'><strong>Verbum</strong></span> <span class='ocrx_word' id='word_1_605' title='bbox 3084 2845 3198 2898; x_wconf 88' lang='lat' dir='ltr'><strong>oris</strong></span> <span class='ocrx_word' id='word_1_606' title='bbox 3225 2843 3395 2913; x_wconf 85' lang='lat' dir='ltr'><strong>ipsius</strong></span> <span class='ocrx_word' id='word_1_607' title='bbox 3427 2841 3586 2913; x_wconf 75' lang='lat'><strong>136</strong></span> 
     </span>
    </p>
   </div>
   <div class='ocr_carea' id='block_1_78' title="bbox 2010 2938 3585 3007">
    <p class='ocr_par' dir='ltr' id='par_1_78' title="bbox 2010 2938 3585 3007">
     <span class='ocr_line' id='line_1_78' title="bbox 2010 2938 3585 3007; baseline -0.003 -14"><span class='ocrx_word' id='word_1_608' title='bbox 2010 2939 2236 3004; x_wconf 89' lang='lat' dir='ltr'><strong>dictum,</strong></span> <span class='ocrx_word' id='word_1_609' title='bbox 2290 2949 2347 2993; x_wconf 93' lang='lat' dir='ltr'><strong>ut</strong></span> <span class='ocrx_word' id='word_1_610' title='bbox 2396 2938 2730 3007; x_wconf 85' lang='lat' dir='ltr'><strong>intelligatur</strong></span> <span class='ocrx_word' id='word_1_611' title='bbox 2778 2938 3028 2992; x_wconf 89' lang='lat' dir='ltr'><strong>Salvator</strong></span> <span class='ocrx_word' id='word_1_612' title='bbox 3053 2939 3190 3006; x_wconf 89' lang='lat' dir='ltr'><strong>ipse,</strong></span> <span class='ocrx_word' id='word_1_613' title='bbox 3250 2945 3303 2990; x_wconf 83' lang='lat' dir='ltr'><strong>et</strong></span> <span class='ocrx_word' id='word_1_614' title='bbox 3360 2947 3585 2989; x_wconf 88' lang='lat' dir='ltr'><strong>sanctus</strong></span> 
     </span>
    </p>
   </div>
   <div class='ocr_carea' id='block_1_79' title="bbox 2017 3026 3588 3100">
    <p class='ocr_par' dir='ltr' id='par_1_79' title="bbox 2017 3026 3588 3100">
     <span class='ocr_line' id='line_1_79' title="bbox 2017 3026 3588 3100; baseline -0.002 -18"><span class='ocrx_word' id='word_1_615' title='bbox 2017 3028 2136 3098; x_wconf 87' lang='lat' dir='ltr'><strong>ejus</strong></span> <span class='ocrx_word' id='word_1_616' title='bbox 2191 3029 2430 3100; x_wconf 89' lang='lat' dir='ltr'><strong>Spiritus</strong></span> <span class='ocrx_word' id='word_1_617' title='bbox 2463 3043 2527 3084; x_wconf 84' lang='lat' dir='ltr'><strong>ex</strong></span> <span class='ocrx_word' id='word_1_618' title='bbox 2573 3030 2752 3083; x_wconf 82' lang='lat' dir='ltr'><strong>Patre.</strong></span> <span class='ocrx_word' id='word_1_619' title='bbox 2809 3028 3076 3096; x_wconf 88' lang='lat' dir='ltr'><strong>Quoniam</strong></span> <span class='ocrx_word' id='word_1_620' title='bbox 3134 3027 3296 3098; x_wconf 81' lang='lat' dir='ltr'><strong>igitur</strong></span> <span class='ocrx_word' id='word_1_621' title='bbox 3330 3026 3588 3081; x_wconf 87' lang='lat' dir='ltr'><strong>Servator</strong></span> 
     </span>
    </p>
   </div>
   <div class='ocr_carea' id='block_1_80' title="bbox 2018 3119 3588 3190">
    <p class='ocr_par' dir='ltr' id='par_1_80' title="bbox 2018 3119 3588 3190">
     <span class='ocr_line' id='line_1_80' title="bbox 2018 3119 3588 3190; baseline -0.002 -14"><span class='ocrx_word' id='word_1_622' title='bbox 2018 3122 2256 3176; x_wconf 87' lang='lat' dir='ltr'><strong>Verbum</strong></span> <span class='ocrx_word' id='word_1_623' title='bbox 2295 3123 2509 3177; x_wconf 88' lang='lat' dir='ltr'><strong>Domini</strong></span> <span class='ocrx_word' id='word_1_624' title='bbox 2537 3134 2644 3187; x_wconf 89' lang='lat' dir='ltr'><strong>est,</strong></span> <span class='ocrx_word' id='word_1_625' title='bbox 2672 3133 2726 3176; x_wconf 90' lang='lat' dir='ltr'><strong>et</strong></span> <span class='ocrx_word' id='word_1_626' title='bbox 2752 3122 2988 3190; x_wconf 89' lang='lat' dir='ltr'><strong>Spiritus</strong></span> <span class='ocrx_word' id='word_1_627' title='bbox 3019 3131 3238 3176; x_wconf 84' lang='lat' dir='ltr'><strong>sanctus</strong></span> <span class='ocrx_word' id='word_1_628' title='bbox 3265 3120 3377 3174; x_wconf 87' lang='lat' dir='ltr'><strong>oris</strong></span> <span class='ocrx_word' id='word_1_629' title='bbox 3419 3119 3588 3189; x_wconf 88' lang='lat' dir='ltr'><strong>ipsius</strong></span> 
     </span>
    </p>
   </div>
   <div class='ocr_carea' id='block_1_81' title="bbox 2016 3210 3588 3284">
    <p class='ocr_par' dir='ltr' id='par_1_81' title="bbox 2016 3210 3588 3284">
     <span class='ocr_line' id='line_1_81' title="bbox 2016 3210 3588 3284; baseline -0.004 -14"><span class='ocrx_word' id='word_1_630' title='bbox 2016 3214 2246 3277; x_wconf 83' lang='lat' dir='ltr'><strong>Spiritus</strong></span> <span class='ocrx_word' id='word_1_631' title='bbox 2274 3224 2378 3281; x_wconf 86' lang='lat' dir='ltr'><strong>est,</strong></span> <span class='ocrx_word' id='word_1_632' title='bbox 2418 3224 2647 3284; x_wconf 90' lang='lat' dir='ltr'><strong>uterque</strong></span> <span class='ocrx_word' id='word_1_633' title='bbox 2683 3223 2861 3268; x_wconf 90' lang='lat' dir='ltr'><strong>autem</strong></span> <span class='ocrx_word' id='word_1_634' title='bbox 2895 3214 2946 3267; x_wconf 92' lang='lat' dir='ltr'><strong>in</strong></span> <span class='ocrx_word' id='word_1_635' title='bbox 2989 3211 3142 3266; x_wconf 71' lang='lat' dir='ltr'><strong>cazlis</strong></span> <span class='ocrx_word' id='word_1_636' title='bbox 3186 3221 3240 3265; x_wconf 88' lang='lat' dir='ltr'><strong>et</strong></span> <span class='ocrx_word' id='word_1_637' title='bbox 3267 3226 3453 3265; x_wconf 88' lang='lat' dir='ltr'><strong>eorum</strong></span> <span class='ocrx_word' id='word_1_638' title='bbox 3479 3210 3588 3263; x_wconf 89' lang='lat' dir='ltr'><strong>vir-</strong></span> 
     </span>
    </p>
   </div>
   <div class='ocr_carea' id='block_1_82' title="bbox 2014 3303 3588 3378">
    <p class='ocr_par' dir='ltr' id='par_1_82' title="bbox 2014 3303 3588 3378">
     <span class='ocr_line' id='line_1_82' title="bbox 2014 3303 3588 3378; baseline -0.003 -17"><span class='ocrx_word' id='word_1_639' title='bbox 2014 3308 2224 3362; x_wconf 90' lang='lat' dir='ltr'><strong>lutibus</strong></span> <span class='ocrx_word' id='word_1_640' title='bbox 2273 3308 2527 3362; x_wconf 86' lang='lat' dir='ltr'><strong>creandis</strong></span> <span class='ocrx_word' id='word_1_641' title='bbox 2581 3309 2787 3378; x_wconf 86' lang='lat' dir='ltr'><strong>pariter</strong></span> <span class='ocrx_word' id='word_1_642' title='bbox 2815 3322 3033 3376; x_wconf 84' lang='lat' dir='ltr'><strong>operam</strong></span> <span class='ocrx_word' id='word_1_643' title='bbox 3076 3304 3330 3368; x_wconf 86' lang='lat' dir='ltr'><strong>contulit,</strong></span> <span class='ocrx_word' id='word_1_644' title='bbox 3386 3303 3588 3357; x_wconf 75' lang='lat' dir='ltr'><strong>idcirco</strong></span> 
     </span>
    </p>
   </div>
   <div class='ocr_carea' id='block_1_83' title="bbox 2012 3393 3586 3466">
    <p class='ocr_par' dir='ltr' id='par_1_83' title="bbox 2012 3393 3586 3466">
     <span class='ocr_line' id='line_1_83' title="bbox 2012 3393 3586 3466; baseline -0.008 -10"><span class='ocrx_word' id='word_1_645' title='bbox 2012 3402 2212 3456; x_wconf 78' lang='lat' dir='ltr'><strong>dictum</strong></span> <span class='ocrx_word' id='word_1_646' title='bbox 2239 3411 2324 3454; x_wconf 90' lang='lat' dir='ltr'><strong>est</strong></span> <span class='ocrx_word' id='word_1_647' title='bbox 2361 3419 2376 3456; x_wconf 88' lang='lat'><strong>:</strong></span> <span class='ocrx_word' id='word_1_648' title='bbox 2417 3399 2582 3454; x_wconf 81' lang='lat' dir='ltr'><strong>Verbo</strong></span> <span class='ocrx_word' id='word_1_649' title='bbox 2616 3400 2826 3452; x_wconf 84' lang='lat' dir='ltr'><strong>Domini</strong></span> <span class='ocrx_word' id='word_1_650' title='bbox 2853 3399 2966 3453; x_wconf 69' lang='lat' dir='ltr'><strong>(teli</strong></span> <span class='ocrx_word' id='word_1_651' title='bbox 2991 3398 3191 3466; x_wconf 82' lang='lat' dir='ltr'><strong>ﬁrmati</strong></span> <span class='ocrx_word' id='word_1_652' title='bbox 3220 3405 3361 3458; x_wconf 76' lang='lat' dir='ltr'><strong>sunt,</strong></span> <span class='ocrx_word' id='word_1_653' title='bbox 3391 3405 3436 3448; x_wconf 87' lang='lat' dir='ltr'><strong>et</strong></span> <span class='ocrx_word' id='word_1_654' title='bbox 3466 3393 3586 3462; x_wconf 85' lang='lat' dir='ltr'><strong>Spi-</strong></span> 
     </span>
    </p>
   </div>
   <div class='ocr_carea' id='block_1_84' title="bbox 2013 3487 3588 3560">
    <p class='ocr_par' dir='ltr' id='par_1_84' title="bbox 2013 3487 3588 3560">
     <span class='ocr_line' id='line_1_84' title="bbox 2013 3487 3588 3560; baseline -0.004 -16"><span class='ocrx_word' id='word_1_655' title='bbox 2013 3494 2116 3545; x_wconf 83' lang='lat' dir='ltr'><strong>ritu</strong></span> <span class='ocrx_word' id='word_1_656' title='bbox 2135 3493 2241 3546; x_wconf 74' lang='lat' dir='ltr'><strong>oris</strong></span> <span class='ocrx_word' id='word_1_657' title='bbox 2268 3492 2382 3560; x_wconf 76' lang='lat' dir='ltr'><strong>ejus</strong></span> <span class='ocrx_word' id='word_1_658' title='bbox 2419 3491 2588 3546; x_wconf 73' lang='lat' dir='ltr'><strong>omnis</strong></span> <span class='ocrx_word' id='word_1_659' title='bbox 2622 3493 2783 3545; x_wconf 74' lang='lat' dir='ltr'><strong>virtus</strong></span> <span class='ocrx_word' id='word_1_660' title='bbox 2807 3507 3010 3544; x_wconf 80' lang='lat' dir='ltr'><strong>eorum.</strong></span> <span class='ocrx_word' id='word_1_661' title='bbox 3046 3490 3184 3544; x_wconf 79' lang='lat' dir='ltr'><strong>Nihil</strong></span> <span class='ocrx_word' id='word_1_662' title='bbox 3226 3489 3366 3542; x_wconf 88' lang='lat' dir='ltr'><strong>enim</strong></span> <span class='ocrx_word' id='word_1_663' title='bbox 3390 3487 3588 3542; x_wconf 84' lang='lat' dir='ltr'><strong>sancti-</strong></span> 
     </span>
    </p>
   </div>
   <div class='ocr_carea' id='block_1_85' title="bbox 2015 3581 3582 3657">
    <p class='ocr_par' dir='ltr' id='par_1_85' title="bbox 2015 3581 3582 3657">
     <span class='ocr_line' id='line_1_85' title="bbox 2015 3581 3582 3657; baseline -0.006 -20"><span class='ocrx_word' id='word_1_664' title='bbox 2015 3593 2175 3657; x_wconf 62' lang='lat' dir='ltr'><strong>tatem</strong></span> <span class='ocrx_word' id='word_1_665' title='bbox 2212 3583 2552 3652; x_wconf 87' lang='lat' dir='ltr'><strong>adipiscitur,</strong></span> <span class='ocrx_word' id='word_1_666' title='bbox 2593 3583 2695 3636; x_wconf 86' lang='lat' dir='ltr'><strong>nisi</strong></span> <span class='ocrx_word' id='word_1_667' title='bbox 2729 3597 2822 3650; x_wconf 90' lang='lat' dir='ltr'><strong>per</strong></span> <span class='ocrx_word' id='word_1_668' title='bbox 2856 3582 3090 3651; x_wconf 91' lang='lat' dir='ltr'><strong>Spiritus</strong></span> <span class='ocrx_word' id='word_1_669' title='bbox 3133 3581 3306 3636; x_wconf 80' lang='lat' dir='ltr'><strong>sancti</strong></span> <span class='ocrx_word' id='word_1_670' title='bbox 3344 3593 3582 3648; x_wconf 65' lang='lat' dir='ltr'><strong>prazsen-</strong></span> 
     </span>
    </p>
   </div>
   <div class='ocr_carea' id='block_1_86' title="bbox 2015 3669 3588 3742">
    <p class='ocr_par' dir='ltr' id='par_1_86' title="bbox 2015 3669 3588 3742">
     <span class='ocr_line' id='line_1_86' title="bbox 2015 3669 3588 3742; baseline -0.004 -16"><span class='ocrx_word' id='word_1_671' title='bbox 2015 3675 2163 3726; x_wconf 87' lang='lat' dir='ltr'><strong>tiam.</strong></span> <span class='ocrx_word' id='word_1_672' title='bbox 2212 3672 2397 3742; x_wconf 90' lang='lat' dir='ltr'><strong>Itaque</strong></span> <span class='ocrx_word' id='word_1_673' title='bbox 2426 3675 2570 3742; x_wconf 90' lang='lat' dir='ltr'><strong>quod</strong></span> <span class='ocrx_word' id='word_1_674' title='bbox 2624 3673 2798 3742; x_wconf 79' lang='lat' dir='ltr'><strong>angeli</strong></span> <span class='ocrx_word' id='word_1_675' title='bbox 2851 3682 2998 3735; x_wconf 91' lang='lat' dir='ltr'><strong>sunt,</strong></span> <span class='ocrx_word' id='word_1_676' title='bbox 3057 3673 3125 3727; x_wconf 91' lang='lat' dir='ltr'><strong>ab</strong></span> <span class='ocrx_word' id='word_1_677' title='bbox 3173 3673 3366 3740; x_wconf 86' lang='lat' dir='ltr'><strong>Opilice</strong></span> <span class='ocrx_word' id='word_1_678' title='bbox 3411 3669 3588 3724; x_wconf 69' lang='lat' dir='ltr'><strong>Verbo</strong></span> 
     </span>
    </p>
   </div>
   <div class='ocr_carea' id='block_1_87' title="bbox 2014 3757 3589 3818">
    <p class='ocr_par' dir='ltr' id='par_1_87' title="bbox 2014 3757 3589 3818">
     <span class='ocr_line' id='line_1_87' title="bbox 2014 3757 3589 3818; baseline -0.004 -2"><span class='ocrx_word' id='word_1_679' title='bbox 2014 3764 2389 3818; x_wconf 89' lang='lat' dir='ltr'><strong>universorum</strong></span> <span class='ocrx_word' id='word_1_680' title='bbox 2423 3763 2702 3818; x_wconf 90' lang='lat' dir='ltr'><strong>conditore</strong></span> <span class='ocrx_word' id='word_1_681' title='bbox 2749 3763 2952 3818; x_wconf 85' lang='lat' dir='ltr'><strong>habent</strong></span> <span class='ocrx_word' id='word_1_682' title='bbox 2998 3779 3012 3816; x_wconf 89' lang='lat'><strong>:</strong></span> <span class='ocrx_word' id='word_1_683' title='bbox 3054 3763 3133 3816; x_wconf 81' lang='lat' dir='ltr'><strong>eis</strong></span> <span class='ocrx_word' id='word_1_684' title='bbox 3170 3776 3295 3814; x_wconf 87' lang='lat' dir='ltr'><strong>vero</strong></span> <span class='ocrx_word' id='word_1_685' title='bbox 3332 3757 3589 3812; x_wconf 83' lang='lat' dir='ltr'><strong>sanctita-</strong></span> 
     </span>
    </p>
   </div>
   <div class='ocr_carea' id='block_1_88' title="bbox 2015 3850 3590 3925">
    <p class='ocr_par' dir='ltr' id='par_1_88' title="bbox 2015 3850 3590 3925">
     <span class='ocr_line' id='line_1_88' title="bbox 2015 3850 3590 3925; baseline -0.004 -16"><span class='ocrx_word' id='word_1_686' title='bbox 2015 3865 2120 3909; x_wconf 86' lang='lat' dir='ltr'><strong>tem</strong></span> <span class='ocrx_word' id='word_1_687' title='bbox 2156 3854 2392 3923; x_wconf 90' lang='lat' dir='ltr'><strong>Spiritus</strong></span> <span class='ocrx_word' id='word_1_688' title='bbox 2426 3866 2647 3910; x_wconf 91' lang='lat' dir='ltr'><strong>sanctus</strong></span> <span class='ocrx_word' id='word_1_689' title='bbox 2695 3853 3005 3925; x_wconf 84' lang='lat' dir='ltr'><strong>impertivit.</strong></span> <span class='ocrx_word' id='word_1_690' title='bbox 3037 3852 3151 3907; x_wconf 89' lang='lat' dir='ltr'><strong>Non</strong></span> <span class='ocrx_word' id='word_1_691' title='bbox 3180 3852 3323 3906; x_wconf 90' lang='lat' dir='ltr'><strong>enim</strong></span> <span class='ocrx_word' id='word_1_692' title='bbox 3360 3850 3590 3903; x_wconf 73' lang='lat' dir='ltr'><strong>infantes</strong></span> 
     </span>
    </p>
   </div>
   <div class='ocr_carea' id='block_1_89' title="bbox 2014 3945 3589 4017">
    <p class='ocr_par' dir='ltr' id='par_1_89' title="bbox 2014 3945 3589 4017">
     <span class='ocr_line' id='line_1_89' title="bbox 2014 3945 3589 4017; baseline -0.004 -16"><span class='ocrx_word' id='word_1_693' title='bbox 2014 3948 2187 4002; x_wconf 90' lang='lat' dir='ltr'><strong>creati</strong></span> <span class='ocrx_word' id='word_1_694' title='bbox 2215 3957 2340 4001; x_wconf 90' lang='lat' dir='ltr'><strong>sunt</strong></span> <span class='ocrx_word' id='word_1_695' title='bbox 2375 3948 2575 4016; x_wconf 79' lang='lat' dir='ltr'><strong>angeli,</strong></span> <span class='ocrx_word' id='word_1_696' title='bbox 2627 3948 2820 4002; x_wconf 80' lang='lat' dir='ltr'><strong>deinde</strong></span> <span class='ocrx_word' id='word_1_697' title='bbox 2855 3947 3111 4017; x_wconf 90' lang='lat' dir='ltr'><strong>paulatim</strong></span> <span class='ocrx_word' id='word_1_698' title='bbox 3164 3945 3428 4001; x_wconf 77' lang='lat' dir='ltr'><strong>exercitio</strong></span> <span class='ocrx_word' id='word_1_699' title='bbox 3467 3959 3589 4012; x_wconf 88' lang='lat' dir='ltr'><strong>per-</strong></span> 
     </span>
    </p>
   </div>
   <div class='ocr_carea' id='block_1_90' title="bbox 2015 4037 3583 4108">
    <p class='ocr_par' dir='ltr' id='par_1_90' title="bbox 2015 4037 3583 4108">
     <span class='ocr_line' id='line_1_90' title="bbox 2015 4037 3583 4108; baseline -0.001 -20"><span class='ocrx_word' id='word_1_700' title='bbox 2015 4039 2161 4102; x_wconf 82' lang='lat' dir='ltr'><strong>fecti,</strong></span> <span class='ocrx_word' id='word_1_701' title='bbox 2198 4037 2278 4092; x_wconf 81' lang='lat' dir='ltr'><strong>sic</strong></span> <span class='ocrx_word' id='word_1_702' title='bbox 2321 4038 2450 4093; x_wconf 83' lang='lat' dir='ltr'><strong>facti</strong></span> <span class='ocrx_word' id='word_1_703' title='bbox 2481 4049 2608 4093; x_wconf 86' lang='lat' dir='ltr'><strong>sunt</strong></span> <span class='ocrx_word' id='word_1_704' title='bbox 2640 4039 2787 4108; x_wconf 84' lang='lat' dir='ltr'><strong>digni</strong></span> <span class='ocrx_word' id='word_1_705' title='bbox 2825 4041 2916 4107; x_wconf 91' lang='lat' dir='ltr'><strong>qui</strong></span> <span class='ocrx_word' id='word_1_706' title='bbox 2954 4038 3215 4106; x_wconf 89' lang='lat' dir='ltr'><strong>Spiritum</strong></span> <span class='ocrx_word' id='word_1_707' title='bbox 3247 4037 3583 4105; x_wconf 86' lang='lat' dir='ltr'><strong>reciperent;</strong></span> 
     </span>
    </p>
   </div>
   <div class='ocr_carea' id='block_1_91' title="bbox 2014 4129 3585 4198">
    <p class='ocr_par' dir='ltr' id='par_1_91' title="bbox 2014 4129 3585 4198">
     <span class='ocr_line' id='line_1_91' title="bbox 2014 4129 3585 4198; baseline 0.002 -16"><span class='ocrx_word' id='word_1_708' title='bbox 2014 4129 2104 4182; x_wconf 88' lang='lat' dir='ltr'><strong>sed</strong></span> <span class='ocrx_word' id='word_1_709' title='bbox 2142 4129 2197 4180; x_wconf 87' lang='lat' dir='ltr'><strong>in</strong></span> <span class='ocrx_word' id='word_1_710' title='bbox 2233 4129 2406 4198; x_wconf 90' lang='lat' dir='ltr'><strong>prima</strong></span> <span class='ocrx_word' id='word_1_711' title='bbox 2451 4131 2860 4192; x_wconf 86' lang='lat' dir='ltr'><strong>constitutione,</strong></span> <span class='ocrx_word' id='word_1_712' title='bbox 2892 4139 2946 4183; x_wconf 87' lang='lat' dir='ltr'><strong>et</strong></span> <span class='ocrx_word' id='word_1_713' title='bbox 2979 4145 3082 4183; x_wconf 89' lang='lat' dir='ltr'><strong>una</strong></span> <span class='ocrx_word' id='word_1_714' title='bbox 3107 4145 3227 4184; x_wconf 88' lang='lat' dir='ltr'><strong>cum</strong></span> <span class='ocrx_word' id='word_1_715' title='bbox 3267 4129 3585 4185; x_wconf 59' lang='lat' dir='ltr'><strong>substantiis</strong></span> 
     </span>
    </p>
   </div>
   <div class='ocr_carea' id='block_1_92' title="bbox 2013 4220 3585 4290">
    <p class='ocr_par' dir='ltr' id='par_1_92' title="bbox 2013 4220 3585 4290">
     <span class='ocr_line' id='line_1_92' title="bbox 2013 4220 3585 4290; baseline -0.001 -17"><span class='ocrx_word' id='word_1_716' title='bbox 2013 4235 2124 4273; x_wconf 55' lang='lat' dir='ltr'><strong>sua!</strong></span> <span class='ocrx_word' id='word_1_717' title='bbox 2164 4220 2319 4290; x_wconf 88' lang='lat' dir='ltr'><strong>quasi</strong></span> <span class='ocrx_word' id='word_1_718' title='bbox 2364 4221 2597 4275; x_wconf 81' lang='lat' dir='ltr'><strong>mixtura</strong></span> <span class='ocrx_word' id='word_1_719' title='bbox 2649 4220 2882 4276; x_wconf 89' lang='lat' dir='ltr'><strong>infusam</strong></span> <span class='ocrx_word' id='word_1_720' title='bbox 2939 4222 3179 4277; x_wconf 90' lang='lat' dir='ltr'><strong>habuere</strong></span> <span class='ocrx_word' id='word_1_721' title='bbox 3223 4222 3585 4276; x_wconf 82' lang='lat' dir='ltr'><strong>sanctitatem.</strong></span> 
     </span>
    </p>
   </div>
   <div class='ocr_carea' id='block_1_93' title="bbox 2013 4308 3590 4383">
    <p class='ocr_par' dir='ltr' id='par_1_93' title="bbox 2013 4308 3590 4383">
     <span class='ocr_line' id='line_1_93' title="bbox 2013 4308 3590 4383; baseline 0.002 -22"><span class='ocrx_word' id='word_1_722' title='bbox 2013 4308 2352 4379; x_wconf 84' lang='lat' dir='ltr'><strong>Quapropter</strong></span> <span class='ocrx_word' id='word_1_723' title='bbox 2397 4313 2559 4366; x_wconf 90' lang='lat' dir='ltr'><strong>etiam</strong></span> <span class='ocrx_word' id='word_1_724' title='bbox 2599 4327 2741 4383; x_wconf 83' lang='lat' dir='ltr'><strong>aegre</strong></span> <span class='ocrx_word' id='word_1_725' title='bbox 2777 4316 2843 4366; x_wconf 92' lang='lat' dir='ltr'><strong>ad</strong></span> <span class='ocrx_word' id='word_1_726' title='bbox 2870 4313 3152 4383; x_wconf 34' lang='lat' dir='ltr'><strong>gmalitiam</strong></span> <span class='ocrx_word' id='word_1_727' title='bbox 3181 4322 3500 4367; x_wconf 83' lang='lat' dir='ltr'><strong>convertere</strong></span> <span class='ocrx_word' id='word_1_728' title='bbox 3532 4329 3590 4365; x_wconf 86' lang='lat' dir='ltr'><strong>se</strong></span> 
     </span>
    </p>
   </div>
   <div class='ocr_carea' id='block_1_94' title="bbox 2014 4403 3593 4473">
    <p class='ocr_par' dir='ltr' id='par_1_94' title="bbox 2014 4403 3593 4473">
     <span class='ocr_line' id='line_1_94' title="bbox 2014 4403 3593 4473; baseline 0.002 -20"><span class='ocrx_word' id='word_1_729' title='bbox 2014 4410 2258 4470; x_wconf 85' lang='lat' dir='ltr'><strong>possunt,</strong></span> <span class='ocrx_word' id='word_1_730' title='bbox 2299 4403 2498 4473; x_wconf 87' lang='lat' dir='ltr'><strong>quippe</strong></span> <span class='ocrx_word' id='word_1_731' title='bbox 2535 4405 2626 4473; x_wconf 92' lang='lat' dir='ltr'><strong>qui</strong></span> <span class='ocrx_word' id='word_1_732' title='bbox 2673 4404 2817 4460; x_wconf 88' lang='lat' dir='ltr'><strong>illico</strong></span> <span class='ocrx_word' id='word_1_733' title='bbox 2865 4405 3245 4469; x_wconf 88' lang='lat' dir='ltr'><strong>sanctimonia,</strong></span> <span class='ocrx_word' id='word_1_734' title='bbox 3284 4405 3446 4458; x_wconf 88' lang='lat' dir='ltr'><strong>veluti</strong></span> <span class='ocrx_word' id='word_1_735' title='bbox 3493 4404 3593 4457; x_wconf 83' lang='lat' dir='ltr'><strong>titt-</strong></span> 
     </span>
    </p>
   </div>
   <div class='ocr_carea' id='block_1_95' title="bbox 2016 4495 3588 4572">
    <p class='ocr_par' dir='ltr' id='par_1_95' title="bbox 2016 4495 3588 4572">
     <span class='ocr_line' id='line_1_95' title="bbox 2016 4495 3588 4572; baseline 0.001 -28"><span class='ocrx_word' id='word_1_736' title='bbox 2016 4496 2426 4572; x_wconf 28' lang='lat' dir='ltr'><strong>cturalquadam</strong></span> <span class='ocrx_word' id='word_1_737' title='bbox 2486 4495 2825 4550; x_wconf 88' lang='lat' dir='ltr'><strong>corroborati</strong></span> <span class='ocrx_word' id='word_1_738' title='bbox 2883 4498 3015 4560; x_wconf 85' lang='lat' dir='ltr'><strong>sint,</strong></span> <span class='ocrx_word' id='word_1_739' title='bbox 3072 4497 3490 4564; x_wconf 83' lang='lat' dir='ltr'><strong>firmitatemque</strong></span> <span class='ocrx_word' id='word_1_740' title='bbox 3536 4495 3588 4550; x_wconf 89' lang='lat' dir='ltr'><strong>in</strong></span> 
     </span>
    </p>
   </div>
   <div class='ocr_carea' id='block_1_96' title="bbox 2020 4589 3589 4658">
    <p class='ocr_par' dir='ltr' id='par_1_96' title="bbox 2020 4589 3589 4658">
     <span class='ocr_line' id='line_1_96' title="bbox 2020 4589 3589 4658; baseline 0.002 -20"><span class='ocrx_word' id='word_1_741' title='bbox 2020 4589 2215 4641; x_wconf 88' lang='lat' dir='ltr'><strong>virtute</strong></span> <span class='ocrx_word' id='word_1_742' title='bbox 2249 4603 2314 4642; x_wconf 90' lang='lat' dir='ltr'><strong>ac</strong></span> <span class='ocrx_word' id='word_1_743' title='bbox 2364 4590 2728 4642; x_wconf 86' lang='lat' dir='ltr'><strong>constantiam</strong></span> <span class='ocrx_word' id='word_1_744' title='bbox 2780 4591 2922 4644; x_wconf 89' lang='lat' dir='ltr'><strong>dono</strong></span> <span class='ocrx_word' id='word_1_745' title='bbox 2957 4589 3196 4658; x_wconf 86' lang='lat' dir='ltr'><strong>Spiritus</strong></span> <span class='ocrx_word' id='word_1_746' title='bbox 3235 4589 3408 4644; x_wconf 85' lang='lat' dir='ltr'><strong>sancti</strong></span> <span class='ocrx_word' id='word_1_747' title='bbox 3433 4604 3589 4642; x_wconf 63' lang='lat' dir='ltr'><strong>acccc</strong></span> 
     </span>
    </p>
   </div>
   <div class='ocr_carea' id='block_1_97' title="bbox 2018 4690 2215 4748">
    <p class='ocr_par' dir='ltr' id='par_1_97' title="bbox 2018 4690 2215 4748">
     <span class='ocr_line' id='line_1_97' title="bbox 2018 4690 2215 4748; baseline 0.015 -18"><span class='ocrx_word' id='word_1_748' title='bbox 2018 4690 2215 4748; x_wconf 88' lang='lat' dir='ltr'><strong>pertut.</strong></span> 
     </span>
    </p>
   </div>
   <div class='ocr_carea' id='block_1_98' title="bbox 329 4764 3592 4848">
    <p class='ocr_par' dir='ltr' id='par_1_98' title="bbox 329 4764 3592 4848">
     <span class='ocr_line' id='line_1_98' title="bbox 329 4764 3592 4848; baseline -0.001 -19"><span class='ocrx_word' id='word_1_749' title='bbox 329 4765 446 4828; x_wconf 74' lang='grc' dir='ltr'>θὺςι</span> <span class='ocrx_word' id='word_1_750' title='bbox 475 4766 637 4820; x_wconf 75' lang='grc' dir='ltr'>οἱονεὶ</span> <span class='ocrx_word' id='word_1_751' title='bbox 663 4765 806 4836; x_wconf 57' lang='grc' dir='ltr'>βαφῇ</span> <span class='ocrx_word' id='word_1_752' title='bbox 840 4781 966 4828; x_wconf 83' lang='grc' dir='ltr'>τινι,</span> <span class='ocrx_word' id='word_1_753' title='bbox 1002 4764 1079 4834; x_wconf 83' lang='grc' dir='ltr'>τῷ</span> <span class='ocrx_word' id='word_1_754' title='bbox 1112 4765 1367 4836; x_wconf 77' lang='grc' dir='ltr'>ἁγιασμῷ</span> <span class='ocrx_word' id='word_1_755' title='bbox 1397 4766 1783 4830; x_wconf 76' lang='grc' dir='ltr'>στοαωθέντες,</span> <span class='ocrx_word' id='word_1_756' title='bbox 1816 4767 1908 4819; x_wconf 76' lang='grc' dir='ltr'>καὶ</span> <span class='ocrx_word' id='word_1_757' title='bbox 1947 4770 2006 4822; x_wconf 87' lang='grc' dir='ltr'>τὸ</span> <span class='ocrx_word' id='word_1_758' title='bbox 2074 4773 2298 4847; x_wconf 87' lang='grc' dir='ltr'>μόνιμον</span> <span class='ocrx_word' id='word_1_759' title='bbox 2363 4775 2442 4837; x_wconf 81' lang='grc' dir='ltr'><strong>είς</strong></span> <span class='ocrx_word' id='word_1_760' title='bbox 2465 4773 2662 4848; x_wconf 77' lang='grc' dir='ltr'>ἀρετὴν</span> <span class='ocrx_word' id='word_1_761' title='bbox 2687 4777 2750 4846; x_wconf 83' lang='grc' dir='ltr'>τῇ</span> <span class='ocrx_word' id='word_1_762' title='bbox 2775 4774 2952 4848; x_wconf 86' lang='grc' dir='ltr'>δωρεᾷ</span> <span class='ocrx_word' id='word_1_763' title='bbox 2977 4773 3070 4828; x_wconf 88' lang='grc' dir='ltr'><strong>τοῦ</strong></span> <span class='ocrx_word' id='word_1_764' title='bbox 3101 4775 3254 4842; x_wconf 84' lang='grc' dir='ltr'>ἁγίου</span> <span class='ocrx_word' id='word_1_765' title='bbox 3281 4773 3592 4845; x_wconf 79' lang='grc' dir='ltr'>[Ινεύματος</span> 
     </span>
    </p>
   </div>
   <div class='ocr_carea' id='block_1_99' title="bbox 333 4857 564 4928">
    <p class='ocr_par' dir='ltr' id='par_1_99' title="bbox 333 4857 564 4928">
     <span class='ocr_line' id='line_1_99' title="bbox 333 4857 564 4928; baseline 0.004 -20"><span class='ocrx_word' id='word_1_766' title='bbox 333 4857 564 4928; x_wconf 73' lang='grc' dir='ltr'>ἔχοντες.</span> 
     </span>
    </p>
   </div>
   <div class='ocr_carea' id='block_1_100' title="bbox 404 4969 1825 5042">
    <p class='ocr_par' dir='ltr' id='par_1_100' title="bbox 404 4969 1825 5042">
     <span class='ocr_line' id='line_1_100' title="bbox 404 4969 1825 5042; baseline 0.017 -36"><span class='ocrx_word' id='word_1_767' title='bbox 404 4974 448 5006; x_wconf 73' lang='grc' dir='ltr'><strong>ιε</strong></span> <span class='ocrx_word' id='word_1_768' title='bbox 470 4972 606 5028; x_wconf 49' lang='lat' dir='ltr'><strong>Gen.</strong></span> <span class='ocrx_word' id='word_1_769' title='bbox 638 4987 718 5034; x_wconf 68' lang='grc' dir='ltr'><strong>ιη,</strong></span> <span class='ocrx_word' id='word_1_770' title='bbox 754 4971 835 5026; x_wconf 84' lang='lat' dir='ltr'><strong>l9.</strong></span> <span class='ocrx_word' id='word_1_771' title='bbox 899 4972 940 5004; x_wconf 83' lang='grc'><strong>⁶⁹</strong></span> <span class='ocrx_word' id='word_1_772' title='bbox 973 4972 1166 5042; x_wconf 82' lang='lat' dir='ltr'><strong>Ephes.</strong></span> <span class='ocrx_word' id='word_1_773' title='bbox 1206 4988 1266 5036; x_wconf 77' lang='lat' dir='ltr'><strong>rt,</strong></span> <span class='ocrx_word' id='word_1_774' title='bbox 1303 4972 1354 5030; x_wconf 83' lang='grc'><strong>5.</strong></span> <span class='ocrx_word' id='word_1_775' title='bbox 1433 4973 1478 5003; x_wconf 73' lang='grc'><strong>’⁷⁸</strong></span> <span class='ocrx_word' id='word_1_776' title='bbox 1505 4969 1660 5030; x_wconf 81' lang='lat' dir='ltr'><strong>Joan.</strong></span> <span class='ocrx_word' id='word_1_777' title='bbox 1693 4990 1734 5040; x_wconf 91' lang='grc' dir='ltr'><strong>ι,</strong></span> <span class='ocrx_word' id='word_1_778' title='bbox 1773 4977 1825 5030; x_wconf 78' lang='grc'><strong>1.</strong></span> 
     </span>
    </p>
   </div>
   <div class='ocr_carea' id='block_1_101' title="bbox 403 5093 1907 5163">
    <p class='ocr_par' dir='ltr' id='par_1_101' title="bbox 403 5093 1907 5163">
     <span class='ocr_line' id='line_1_101' title="bbox 403 5093 1907 5163; baseline 0 -14"><span class='ocrx_word' id='word_1_779' title='bbox 403 5093 479 5163; x_wconf 84' lang='grc'>(5)</span> <span class='ocrx_word' id='word_1_780' title='bbox 506 5093 682 5147; x_wconf 88' lang='lat' dir='ltr'><strong>Editio</strong></span> <span class='ocrx_word' id='word_1_781' title='bbox 709 5093 882 5146; x_wconf 84' lang='lat' dir='ltr'><strong>Paris.</strong></span> <span class='ocrx_word' id='word_1_782' title='bbox 929 5095 957 5146; x_wconf 85' lang='lat'><strong>6</strong></span> <span class='ocrx_word' id='word_1_783' title='bbox 989 5094 1181 5160; x_wconf 88' lang='grc' dir='ltr'>Λόγος.</span> <span class='ocrx_word' id='word_1_784' title='bbox 1227 5094 1331 5147; x_wconf 80' lang='lat' dir='ltr'><strong>Sed</strong></span> <span class='ocrx_word' id='word_1_785' title='bbox 1363 5095 1516 5148; x_wconf 89' lang='lat' dir='ltr'><strong>deest</strong></span> <span class='ocrx_word' id='word_1_786' title='bbox 1539 5096 1798 5150; x_wconf 87' lang='lat' dir='ltr'><strong>articulus</strong></span> <span class='ocrx_word' id='word_1_787' title='bbox 1855 5095 1907 5149; x_wconf 91' lang='lat' dir='ltr'><strong>in</strong></span> 
     </span>
    </p>
   </div>
   <div class='ocr_carea' id='block_1_102' title="bbox 331 5163 1908 5238">
    <p class='ocr_par' dir='ltr' id='par_1_102' title="bbox 331 5163 1908 5238">
     <span class='ocr_line' id='line_1_102' title="bbox 331 5163 1908 5238; baseline 0.001 -19"><span class='ocrx_word' id='word_1_788' title='bbox 331 5179 577 5238; x_wconf 12' lang='lat' dir='ltr'><strong>sexintss.</strong></span> <span class='ocrx_word' id='word_1_789' title='bbox 596 5164 725 5238; x_wconf 64' lang='lat' dir='ltr'><strong>Illos</strong></span> <span class='ocrx_word' id='word_1_790' title='bbox 757 5165 886 5238; x_wconf 67' lang='lat' dir='ltr'><strong>Beg.</strong></span> <span class='ocrx_word' id='word_1_791' title='bbox 908 5169 1174 5238; x_wconf 78' lang='lat' dir='ltr'><strong>secundus</strong></span> <span class='ocrx_word' id='word_1_792' title='bbox 1197 5163 1420 5235; x_wconf 86' lang='grc' dir='ltr'>Πνεῦμα</span> <span class='ocrx_word' id='word_1_793' title='bbox 1460 5165 1520 5217; x_wconf 88' lang='grc' dir='ltr'>τὸ</span> <span class='ocrx_word' id='word_1_794' title='bbox 1545 5166 1700 5233; x_wconf 81' lang='grc' dir='ltr'>ἆγιον</span> <span class='ocrx_word' id='word_1_795' title='bbox 1723 5166 1908 5238; x_wconf 82' lang='grc' dir='ltr'>ἀτμίς.</span> 
     </span>
    </p>
   </div>
   <div class='ocr_carea' id='block_1_103' title="bbox 403 5234 1261 5303">
    <p class='ocr_par' dir='ltr' id='par_1_103' title="bbox 403 5234 1261 5303">
     <span class='ocr_line' id='line_1_103' title="bbox 403 5234 1261 5303; baseline 0 -17"><span class='ocrx_word' id='word_1_796' title='bbox 403 5235 480 5302; x_wconf 84' lang='grc'><strong>(6)</strong></span> <span class='ocrx_word' id='word_1_797' title='bbox 511 5234 664 5288; x_wconf 90' lang='lat' dir='ltr'><strong>Colh.</strong></span> <span class='ocrx_word' id='word_1_798' title='bbox 695 5234 900 5302; x_wconf 90' lang='lat' dir='ltr'><strong>primus</strong></span> <span class='ocrx_word' id='word_1_799' title='bbox 927 5236 960 5303; x_wconf 83' lang='grc' dir='ltr'>ἡ</span> <span class='ocrx_word' id='word_1_800' title='bbox 990 5234 1261 5303; x_wconf 80' lang='grc' dir='ltr'>οὐράνιος.</span> 
     </span>
    </p>
   </div>
   <div class='ocr_carea' id='block_1_104' title="bbox 405 5305 1906 5377">
    <p class='ocr_par' dir='ltr' id='par_1_104' title="bbox 405 5305 1906 5377">
     <span class='ocr_line' id='line_1_104' title="bbox 405 5305 1906 5377; baseline 0.001 -20"><span class='ocrx_word' id='word_1_801' title='bbox 405 5307 480 5377; x_wconf 75' lang='grc'><strong>(7)</strong></span> <span class='ocrx_word' id='word_1_802' title='bbox 522 5306 652 5373; x_wconf 75' lang='lat' dir='ltr'><strong>Reg.</strong></span> <span class='ocrx_word' id='word_1_803' title='bbox 706 5307 895 5377; x_wconf 87' lang='lat' dir='ltr'><strong>tertius</strong></span> <span class='ocrx_word' id='word_1_804' title='bbox 939 5305 1024 5356; x_wconf 82' lang='grc' dir='ltr'>ἵνα</span> <span class='ocrx_word' id='word_1_805' title='bbox 1058 5306 1287 5376; x_wconf 79' lang='grc' dir='ltr'>νομισθῇ</span> <span class='ocrx_word' id='word_1_806' title='bbox 1336 5307 1364 5358; x_wconf 86' lang='grc' dir='ltr'>ὁ</span> <span class='ocrx_word' id='word_1_807' title='bbox 1403 5306 1612 5377; x_wconf 84' lang='grc' dir='ltr'>Σωτήρ.</span> <span class='ocrx_word' id='word_1_808' title='bbox 1645 5305 1760 5359; x_wconf 82' lang='lat' dir='ltr'><strong>Vox</strong></span> <span class='ocrx_word' id='word_1_809' title='bbox 1805 5307 1906 5359; x_wconf 76' lang='grc' dir='ltr'><strong>αὐ-</strong></span> 
     </span>
    </p>
   </div>
   <div class='ocr_carea' id='block_1_105' title="bbox 328 5373 1905 5443">
    <p class='ocr_par' dir='ltr' id='par_1_105' title="bbox 328 5373 1905 5443">
     <span class='ocr_line' id='line_1_105' title="bbox 328 5373 1905 5443; baseline 0.001 -15"><span class='ocrx_word' id='word_1_810' title='bbox 328 5373 603 5442; x_wconf 69' lang='grc' dir='ltr'>τοῦ,ψιω</span> <span class='ocrx_word' id='word_1_811' title='bbox 637 5376 879 5443; x_wconf 75' lang='lat' dir='ltr'><strong>proxime</strong></span> <span class='ocrx_word' id='word_1_812' title='bbox 933 5373 1198 5442; x_wconf 80' lang='lat' dir='ltr'><strong>sequitur.</strong></span> <span class='ocrx_word' id='word_1_813' title='bbox 1248 5373 1402 5430; x_wconf 88' lang='lat' dir='ltr'><strong>deest</strong></span> <span class='ocrx_word' id='word_1_814' title='bbox 1462 5378 1514 5430; x_wconf 92' lang='lat' dir='ltr'><strong>in</strong></span> <span class='ocrx_word' id='word_1_815' title='bbox 1544 5373 1740 5429; x_wconf 74' lang='lat' dir='ltr'><strong>multis</strong></span> <span class='ocrx_word' id='word_1_816' title='bbox 1770 5393 1905 5430; x_wconf 88' lang='lat' dir='ltr'><strong>mss.</strong></span> 
     </span>
    </p>
   </div>
   <div class='ocr_carea' id='block_1_106' title="bbox 334 5445 1903 5516">
    <p class='ocr_par' dir='ltr' id='par_1_106' title="bbox 334 5445 1903 5516">
     <span class='ocr_line' id='line_1_106' title="bbox 334 5445 1903 5516; baseline 0.003 -19"><span class='ocrx_word' id='word_1_817' title='bbox 334 5447 440 5499; x_wconf 77' lang='lat' dir='ltr'><strong>Sed</strong></span> <span class='ocrx_word' id='word_1_818' title='bbox 467 5462 588 5500; x_wconf 91' lang='lat' dir='ltr'><strong>eam</strong></span> <span class='ocrx_word' id='word_1_819' title='bbox 624 5447 764 5498; x_wconf 90' lang='lat' dir='ltr'><strong>male</strong></span> <span class='ocrx_word' id='word_1_820' title='bbox 807 5445 1062 5516; x_wconf 90' lang='lat' dir='ltr'><strong>omissam</strong></span> <span class='ocrx_word' id='word_1_821' title='bbox 1110 5461 1231 5500; x_wconf 88' lang='lat' dir='ltr'><strong>esse</strong></span> <span class='ocrx_word' id='word_1_822' title='bbox 1264 5463 1301 5516; x_wconf 12' lang='lat' dir='ltr'><strong>ra</strong></span> <span class='ocrx_word' id='word_1_823' title='bbox 1353 5447 1586 5500; x_wconf 87' lang='lat' dir='ltr'><strong>librariis</strong></span> <span class='ocrx_word' id='word_1_824' title='bbox 1630 5457 1903 5516; x_wconf 81' lang='lat' dir='ltr'><strong>putamus.</strong></span> 
     </span>
    </p>
   </div>
   <div class='ocr_carea' id='block_1_107' title="bbox 335 5515 1906 5587">
    <p class='ocr_par' dir='ltr' id='par_1_107' title="bbox 335 5515 1906 5587">
     <span class='ocr_line' id='line_1_107' title="bbox 335 5515 1906 5587; baseline 0.001 -18"><span class='ocrx_word' id='word_1_825' title='bbox 335 5525 448 5569; x_wconf 93' lang='lat' dir='ltr'><strong>tum</strong></span> <span class='ocrx_word' id='word_1_826' title='bbox 467 5519 626 5587; x_wconf 87' lang='lat' dir='ltr'><strong>quod</strong></span> <span class='ocrx_word' id='word_1_827' title='bbox 664 5517 714 5568; x_wconf 94' lang='lat' dir='ltr'><strong>iu</strong></span> <span class='ocrx_word' id='word_1_828' title='bbox 744 5515 930 5568; x_wconf 89' lang='lat' dir='ltr'><strong>multis</strong></span> <span class='ocrx_word' id='word_1_829' title='bbox 957 5515 1076 5587; x_wconf 78' lang='lat' dir='ltr'><strong>aliis</strong></span> <span class='ocrx_word' id='word_1_830' title='bbox 1103 5532 1233 5571; x_wconf 89' lang='lat' dir='ltr'><strong>mss.</strong></span> <span class='ocrx_word' id='word_1_831' title='bbox 1261 5515 1490 5587; x_wconf 84' lang='lat' dir='ltr'><strong>legatur,</strong></span> <span class='ocrx_word' id='word_1_832' title='bbox 1528 5515 1642 5569; x_wconf 86' lang='lat' dir='ltr'><strong>tum</strong></span> <span class='ocrx_word' id='word_1_833' title='bbox 1677 5519 1906 5571; x_wconf 75' lang='lat' dir='ltr'><strong>maxime</strong></span> 
     </span>
    </p>
   </div>
   <div class='ocr_carea' id='block_1_108' title="bbox 334 5585 1902 5656">
    <p class='ocr_par' dir='ltr' id='par_1_108' title="bbox 334 5585 1902 5656">
     <span class='ocr_line' id='line_1_108' title="bbox 334 5585 1902 5656; baseline 0.003 -20"><span class='ocrx_word' id='word_1_834' title='bbox 334 5586 475 5649; x_wconf 88' lang='lat' dir='ltr'><strong>quod</strong></span> <span class='ocrx_word' id='word_1_835' title='bbox 506 5585 511 5586; x_wconf 56' lang='grc'><strong><em>⁷</em></strong></span> <span class='ocrx_word' id='word_1_836' title='bbox 539 5588 844 5640; x_wconf 89' lang='lat' dir='ltr'><strong>inveniatur</strong></span> <span class='ocrx_word' id='word_1_837' title='bbox 894 5586 944 5637; x_wconf 91' lang='lat' dir='ltr'><strong>in</strong></span> <span class='ocrx_word' id='word_1_838' title='bbox 1003 5585 1232 5640; x_wconf 82' lang='lat' dir='ltr'><strong>Eusebio</strong></span> <span class='ocrx_word' id='word_1_839' title='bbox 1294 5585 1333 5641; x_wconf 67' lang='grc' dir='ltr'>ι’</span> <span class='ocrx_word' id='word_1_840' title='bbox 1372 5603 1402 5641; x_wconf 90' lang='lat' dir='ltr'><strong>a</strong></span> <span class='ocrx_word' id='word_1_841' title='bbox 1437 5601 1543 5656; x_wconf 91' lang='lat' dir='ltr'><strong>quo</strong></span> <span class='ocrx_word' id='word_1_842' title='bbox 1572 5596 1740 5640; x_wconf 88' lang='lat' dir='ltr'><strong>totum</strong></span> <span class='ocrx_word' id='word_1_843' title='bbox 1776 5588 1902 5640; x_wconf 91' lang='lat' dir='ltr'><strong>illud</strong></span> 
     </span>
    </p>
   </div>
   <div class='ocr_carea' id='block_1_109' title="bbox 335 5656 1901 5726">
    <p class='ocr_par' dir='ltr' id='par_1_109' title="bbox 335 5656 1901 5726">
     <span class='ocr_line' id='line_1_109' title="bbox 335 5656 1901 5726; baseline 0.001 -18"><span class='ocrx_word' id='word_1_844' title='bbox 335 5656 716 5724; x_wconf 76' lang='lat' dir='ltr'><strong>fragmentum.</strong></span> <span class='ocrx_word' id='word_1_845' title='bbox 747 5657 820 5726; x_wconf 89' lang='lat' dir='ltr'><strong>uti</strong></span> <span class='ocrx_word' id='word_1_846' title='bbox 852 5656 903 5708; x_wconf 91' lang='lat' dir='ltr'><strong>in</strong></span> <span class='ocrx_word' id='word_1_847' title='bbox 939 5656 1253 5726; x_wconf 66' lang='lat' dir='ltr'><strong>praafatione</strong></span> <span class='ocrx_word' id='word_1_848' title='bbox 1280 5659 1598 5720; x_wconf 87' lang='lat' dir='ltr'><strong>ostenditur,</strong></span> <span class='ocrx_word' id='word_1_849' title='bbox 1631 5668 1901 5726; x_wconf 87' lang='lat' dir='ltr'><strong>sumptum</strong></span> 
     </span>
    </p>
   </div>
   <div class='ocr_carea' id='block_1_110' title="bbox 333 5724 1903 5796">
    <p class='ocr_par' dir='ltr' id='par_1_110' title="bbox 333 5724 1903 5796">
     <span class='ocr_line' id='line_1_110' title="bbox 333 5724 1903 5796; baseline 0.001 -18"><span class='ocrx_word' id='word_1_850' title='bbox 333 5737 439 5778; x_wconf 81' lang='lat' dir='ltr'><strong>est.</strong></span> <span class='ocrx_word' id='word_1_851' title='bbox 477 5727 647 5780; x_wconf 81' lang='lat' dir='ltr'><strong>Aliter</strong></span> <span class='ocrx_word' id='word_1_852' title='bbox 685 5727 750 5780; x_wconf 88' lang='lat' dir='ltr'><strong>de</strong></span> <span class='ocrx_word' id='word_1_853' title='bbox 785 5725 896 5785; x_wconf 88' lang='lat' dir='ltr'><strong>illo,</strong></span> <span class='ocrx_word' id='word_1_854' title='bbox 925 5727 989 5796; x_wconf 75' lang='grc' dir='ltr'>ἐκ</span> <span class='ocrx_word' id='word_1_855' title='bbox 1017 5724 1111 5777; x_wconf 87' lang='grc' dir='ltr'><strong>τοῦ</strong></span> <span class='ocrx_word' id='word_1_856' title='bbox 1147 5727 1380 5796; x_wconf 84' lang='grc' dir='ltr'>Πατρός,</span> <span class='ocrx_word' id='word_1_857' title='bbox 1402 5724 1903 5796; x_wconf 77' lang='lat' dir='ltr'><strong>judicanduutcen-</strong></span> 
     </span>
    </p>
   </div>
   <div class='ocr_carea' id='block_1_111' title="bbox 335 5795 1902 5866">
    <p class='ocr_par' dir='ltr' id='par_1_111' title="bbox 335 5795 1902 5866">
     <span class='ocr_line' id='line_1_111' title="bbox 335 5795 1902 5866; baseline -0.001 -14"><span class='ocrx_word' id='word_1_858' title='bbox 335 5810 536 5853; x_wconf 78' lang='lat' dir='ltr'><strong>scmus.</strong></span> <span class='ocrx_word' id='word_1_859' title='bbox 593 5797 726 5853; x_wconf 83' lang='lat' dir='ltr'><strong>Cum</strong></span> <span class='ocrx_word' id='word_1_860' title='bbox 757 5798 900 5852; x_wconf 88' lang='lat' dir='ltr'><strong>cnim</strong></span> <span class='ocrx_word' id='word_1_861' title='bbox 932 5795 1081 5861; x_wconf 90' lang='lat' dir='ltr'><strong>illud,</strong></span> <span class='ocrx_word' id='word_1_862' title='bbox 1132 5797 1195 5848; x_wconf 84' lang='grc' dir='ltr'>ὲκ</span> <span class='ocrx_word' id='word_1_863' title='bbox 1241 5795 1334 5851; x_wconf 79' lang='grc' dir='ltr'><strong>τοῦ</strong></span> <span class='ocrx_word' id='word_1_864' title='bbox 1370 5798 1601 5866; x_wconf 87' lang='grc' dir='ltr'>Πατρός,</span> <span class='ocrx_word' id='word_1_865' title='bbox 1659 5797 1796 5854; x_wconf 88' lang='lat' dir='ltr'><strong>desit</strong></span> <span class='ocrx_word' id='word_1_866' title='bbox 1850 5799 1902 5851; x_wconf 85' lang='lat' dir='ltr'><strong>in</strong></span> 
     </span>
    </p>
   </div>
   <div class='ocr_carea' id='block_1_112' title="bbox 2020 5089 3590 5162">
    <p class='ocr_par' dir='ltr' id='par_1_112' title="bbox 2020 5089 3590 5162">
     <span class='ocr_line' id='line_1_112' title="bbox 2020 5089 3590 5162; baseline -0.001 -19"><span class='ocrx_word' id='word_1_867' title='bbox 2020 5091 2202 5162; x_wconf 86' lang='lat' dir='ltr'><strong>multis</strong></span> <span class='ocrx_word' id='word_1_868' title='bbox 2233 5105 2390 5156; x_wconf 90' lang='lat' dir='ltr'><strong>mss.,</strong></span> <span class='ocrx_word' id='word_1_869' title='bbox 2418 5105 2518 5146; x_wconf 90' lang='lat' dir='ltr'><strong>nec</strong></span> <span class='ocrx_word' id='word_1_870' title='bbox 2565 5091 2777 5162; x_wconf 82' lang='lat' dir='ltr'><strong>legatur</strong></span> <span class='ocrx_word' id='word_1_871' title='bbox 2807 5105 3020 5160; x_wconf 90' lang='lat' dir='ltr'><strong>quoque</strong></span> <span class='ocrx_word' id='word_1_872' title='bbox 3065 5091 3117 5144; x_wconf 87' lang='lat' dir='ltr'><strong>itt</strong></span> <span class='ocrx_word' id='word_1_873' title='bbox 3147 5089 3590 5162; x_wconf 60' lang='grc' dir='ltr'><strong>Δ(ἑοιιιιιιοιιιιιηὶἰιι</strong></span> 
     </span>
    </p>
   </div>
   <div class='ocr_carea' id='block_1_113' title="bbox 2020 5159 3590 5233">
    <p class='ocr_par' dir='ltr' id='par_1_113' title="bbox 2020 5159 3590 5233">
     <span class='ocr_line' id='line_1_113' title="bbox 2020 5159 3590 5233; baseline -0.001 -19"><span class='ocrx_word' id='word_1_874' title='bbox 2020 5161 2263 5226; x_wconf 84' lang='lat' dir='ltr'><strong>Eusebii,</strong></span> <span class='ocrx_word' id='word_1_875' title='bbox 2306 5163 2356 5215; x_wconf 91' lang='lat' dir='ltr'><strong>id</strong></span> <span class='ocrx_word' id='word_1_876' title='bbox 2406 5163 2509 5216; x_wconf 87' lang='lat' dir='ltr'><strong>huc</strong></span> <span class='ocrx_word' id='word_1_877' title='bbox 2563 5159 2741 5233; x_wconf 82' lang='lat' dir='ltr'><strong>inepte</strong></span> <span class='ocrx_word' id='word_1_878' title='bbox 2766 5159 3088 5217; x_wconf 81' lang='lat' dir='ltr'><strong>accersitum</strong></span> <span class='ocrx_word' id='word_1_879' title='bbox 3138 5160 3304 5215; x_wconf 87' lang='lat' dir='ltr'><strong>fuisse</strong></span> <span class='ocrx_word' id='word_1_880' title='bbox 3333 5159 3472 5213; x_wconf 91' lang='lat' dir='ltr'><strong>haud</strong></span> <span class='ocrx_word' id='word_1_881' title='bbox 3509 5160 3590 5214; x_wconf 90' lang='lat' dir='ltr'><strong>in-</strong></span> 
     </span>
    </p>
   </div>
   <div class='ocr_carea' id='block_1_114' title="bbox 2012 5233 2551 5301">
    <p class='ocr_par' dir='ltr' id='par_1_114' title="bbox 2012 5233 2551 5301">
     <span class='ocr_line' id='line_1_114' title="bbox 2012 5233 2551 5301; baseline 0.004 -15"><span class='ocrx_word' id='word_1_882' title='bbox 2012 5233 2157 5300; x_wconf 88' lang='lat' dir='ltr'><strong>juria</strong></span> <span class='ocrx_word' id='word_1_883' title='bbox 2179 5233 2323 5286; x_wconf 87' lang='lat' dir='ltr'><strong>credi</strong></span> <span class='ocrx_word' id='word_1_884' title='bbox 2356 5240 2551 5301; x_wconf 86' lang='lat' dir='ltr'><strong>potest.</strong></span> 
     </span>
    </p>
   </div>
   <div class='ocr_carea' id='block_1_115' title="bbox 2088 5297 3584 5371">
    <p class='ocr_par' dir='ltr' id='par_1_115' title="bbox 2088 5297 3584 5371">
     <span class='ocr_line' id='line_1_115' title="bbox 2088 5297 3584 5371; baseline -0.004 -14"><span class='ocrx_word' id='word_1_885' title='bbox 2088 5301 2164 5371; x_wconf 89' lang='lat'><strong>(8)</strong></span> <span class='ocrx_word' id='word_1_886' title='bbox 2205 5297 2426 5356; x_wconf 52' lang='lat' dir='ltr'><strong>Editi&#39;et</strong></span> <span class='ocrx_word' id='word_1_887' title='bbox 2451 5303 2580 5371; x_wconf 76' lang='lat' dir='ltr'><strong>lleg.</strong></span> <span class='ocrx_word' id='word_1_888' title='bbox 2607 5309 2793 5354; x_wconf 80' lang='lat' dir='ltr'><strong>sextus</strong></span> <span class='ocrx_word' id='word_1_889' title='bbox 2851 5307 2904 5352; x_wconf 86' lang='lat' dir='ltr'><strong>et</strong></span> <span class='ocrx_word' id='word_1_890' title='bbox 2930 5297 3080 5352; x_wconf 90' lang='lat' dir='ltr'><strong>Colb.</strong></span> <span class='ocrx_word' id='word_1_891' title='bbox 3136 5306 3358 5371; x_wconf 81' lang='lat' dir='ltr'><strong>quintus</strong></span> <span class='ocrx_word' id='word_1_892' title='bbox 3401 5299 3451 5371; x_wconf 77' lang='lat' dir='ltr'><strong>ei</strong></span> <span class='ocrx_word' id='word_1_893' title='bbox 3487 5299 3584 5370; x_wconf 87' lang='grc' dir='ltr'><strong>μή.</strong></span> 
     </span>
    </p>
   </div>
   <div class='ocr_carea' id='block_1_116' title="bbox 2017 5369 3589 5438">
    <p class='ocr_par' dir='ltr' id='par_1_116' title="bbox 2017 5369 3589 5438">
     <span class='ocr_line' id='line_1_116' title="bbox 2017 5369 3589 5438; baseline -0.003 -12"><span class='ocrx_word' id='word_1_894' title='bbox 2017 5369 2177 5426; x_wconf 80' lang='lat' dir='ltr'><strong>Deest</strong></span> <span class='ocrx_word' id='word_1_895' title='bbox 2226 5374 2274 5424; x_wconf 83' lang='grc' dir='ltr'><strong>εί</strong></span> <span class='ocrx_word' id='word_1_896' title='bbox 2329 5372 2380 5426; x_wconf 93' lang='lat' dir='ltr'><strong>in</strong></span> <span class='ocrx_word' id='word_1_897' title='bbox 2423 5369 2638 5426; x_wconf 78' lang='lat' dir='ltr'><strong>Eusebii</strong></span> <span class='ocrx_word' id='word_1_898' title='bbox 2667 5371 3103 5430; x_wconf 85' lang='lat' dir='ltr'><strong>Commentariis,</strong></span> <span class='ocrx_word' id='word_1_899' title='bbox 3155 5379 3208 5438; x_wconf 85' lang='lat' dir='ltr'><strong>et</strong></span> <span class='ocrx_word' id='word_1_900' title='bbox 3239 5369 3318 5438; x_wconf 4' lang='lat' dir='ltr'><strong>in,</strong></span> <span class='ocrx_word' id='word_1_901' title='bbox 3349 5369 3589 5438; x_wconf 86' lang='lat' dir='ltr'><strong>quinque</strong></span> 
     </span>
    </p>
   </div>
   <div class='ocr_carea' id='block_1_117' title="bbox 2014 5437 3591 5510">
    <p class='ocr_par' dir='ltr' id='par_1_117' title="bbox 2014 5437 3591 5510">
     <span class='ocr_line' id='line_1_117' title="bbox 2014 5437 3591 5510; baseline -0.002 -15"><span class='ocrx_word' id='word_1_902' title='bbox 2014 5459 2144 5496; x_wconf 91' lang='lat' dir='ltr'><strong>mss.</strong></span> <span class='ocrx_word' id='word_1_903' title='bbox 2198 5441 2317 5496; x_wconf 81' lang='lat' dir='ltr'><strong>Mox</strong></span> <span class='ocrx_word' id='word_1_904' title='bbox 2365 5443 2530 5496; x_wconf 91' lang='lat' dir='ltr'><strong>editio</strong></span> <span class='ocrx_word' id='word_1_905' title='bbox 2574 5440 2747 5494; x_wconf 90' lang='lat' dir='ltr'><strong>Paris.</strong></span> <span class='ocrx_word' id='word_1_906' title='bbox 2797 5439 2826 5490; x_wconf 87' lang='lat'><strong>6</strong></span> <span class='ocrx_word' id='word_1_907' title='bbox 2882 5437 3212 5510; x_wconf 75' lang='grc' dir='ltr'>δημιουργὸς</span> <span class='ocrx_word' id='word_1_908' title='bbox 3253 5437 3362 5490; x_wconf 86' lang='grc' dir='ltr'>τῶν</span> <span class='ocrx_word' id='word_1_909' title='bbox 3392 5438 3526 5493; x_wconf 81' lang='grc' dir='ltr'>ὅλων</span> <span class='ocrx_word' id='word_1_910' title='bbox 3559 5441 3591 5492; x_wconf 92' lang='lat'><strong>6</strong></span> 
     </span>
    </p>
   </div>
   <div class='ocr_carea' id='block_1_118' title="bbox 2012 5509 3588 5584">
    <p class='ocr_par' dir='ltr' id='par_1_118' title="bbox 2012 5509 3588 5584">
     <span class='ocr_line' id='line_1_118' title="bbox 2012 5509 3588 5584; baseline -0.002 -19"><span class='ocrx_word' id='word_1_911' title='bbox 2012 5513 2242 5584; x_wconf 81' lang='grc' dir='ltr'>ποιητὴς</span> <span class='ocrx_word' id='word_1_912' title='bbox 2290 5513 2462 5582; x_wconf 81' lang='grc' dir='ltr'>Λόγος</span> <span class='ocrx_word' id='word_1_913' title='bbox 2503 5511 2820 5584; x_wconf 85' lang='grc' dir='ltr'>παρείχετο,</span> <span class='ocrx_word' id='word_1_914' title='bbox 2849 5509 3090 5584; x_wconf 77' lang='lat' dir='ltr'><strong>confuse.</strong></span> <span class='ocrx_word' id='word_1_915' title='bbox 3144 5509 3496 5584; x_wconf 73' lang='lat' dir='ltr'><strong>Restituimus</strong></span> <span class='ocrx_word' id='word_1_916' title='bbox 3534 5517 3588 5564; x_wconf 86' lang='lat' dir='ltr'><strong>et.</strong></span> 
     </span>
    </p>
   </div>
   <div class='ocr_carea' id='block_1_119' title="bbox 2014 5579 3584 5652">
    <p class='ocr_par' dir='ltr' id='par_1_119' title="bbox 2014 5579 3584 5652">
     <span class='ocr_line' id='line_1_119' title="bbox 2014 5579 3584 5652; baseline -0.004 -13"><span class='ocrx_word' id='word_1_917' title='bbox 2014 5601 2076 5639; x_wconf 77' lang='lat' dir='ltr'><strong>ex</strong></span> <span class='ocrx_word' id='word_1_918' title='bbox 2113 5579 2245 5638; x_wconf 81' lang='lat' dir='ltr'><strong>mss.</strong></span> <span class='ocrx_word' id='word_1_919' title='bbox 2272 5590 2326 5636; x_wconf 86' lang='lat' dir='ltr'><strong>et</strong></span> <span class='ocrx_word' id='word_1_920' title='bbox 2356 5579 2420 5637; x_wconf 83' lang='lat' dir='ltr'><strong>ex</strong></span> <span class='ocrx_word' id='word_1_921' title='bbox 2450 5579 3269 5652; x_wconf 50' lang='lat' dir='ltr'><strong>ipsisEusebiiCommentariis</strong></span> <span class='ocrx_word' id='word_1_922' title='bbox 3299 5580 3584 5649; x_wconf 77' lang='lat' dir='ltr'><strong>pristinum</strong></span> 
     </span>
    </p>
   </div>
   <div class='ocr_carea' id='block_1_120' title="bbox 2015 5650 3010 5708">
    <p class='ocr_par' dir='ltr' id='par_1_120' title="bbox 2015 5650 3010 5708">
     <span class='ocr_line' id='line_1_120' title="bbox 2015 5650 3010 5708; baseline -0.008 0"><span class='ocrx_word' id='word_1_923' title='bbox 2015 5671 2077 5708; x_wconf 87' lang='lat' dir='ltr'><strong>ac</strong></span> <span class='ocrx_word' id='word_1_924' title='bbox 2107 5654 2396 5708; x_wconf 82' lang='lat' dir='ltr'><strong>tzetmiuutn</strong></span> <span class='ocrx_word' id='word_1_925' title='bbox 2435 5650 2718 5707; x_wconf 79' lang='lat' dir='ltr'><strong>verborum</strong></span> <span class='ocrx_word' id='word_1_926' title='bbox 2744 5650 3010 5704; x_wconf 89' lang='lat' dir='ltr'><strong>ordinem.</strong></span> 
     </span>
    </p>
   </div>
   <div class='ocr_carea' id='block_1_121' title="bbox 2082 5669 3584 5793">
    <p class='ocr_par' dir='ltr' id='par_1_121' title="bbox 2082 5669 3584 5793">
     <span class='ocr_line' id='line_1_121' title="bbox 2143 5669 3010 5707; baseline -0.007 -1"><span class='ocrx_word' id='word_1_927' title='bbox 2143 5669 2396 5706; x_wconf 85' lang='lat' dir='ltr'><strong>etuumnn</strong></span> <span class='ocrx_word' id='word_1_928' title='bbox 2435 5669 2718 5707; x_wconf 76' lang='lat' dir='ltr'><strong>verborum</strong></span> <span class='ocrx_word' id='word_1_929' title='bbox 2744 5669 3010 5704; x_wconf 85' lang='lat' dir='ltr'><strong>urumettt.</strong></span> 
     </span>
     <span class='ocr_line' id='line_1_122' title="bbox 2082 5669 3584 5793; baseline 0 -17"><span class='ocrx_word' id='word_1_930' title='bbox 2082 5669 2334 5793; x_wconf 58' lang='grc' dir='ltr'><strong>(ξωυη).</strong></span> <span class='ocrx_word' id='word_1_931' title='bbox 2365 5735 2588 5792; x_wconf 88' lang='lat' dir='ltr'><strong>quartus</strong></span> <span class='ocrx_word' id='word_1_932' title='bbox 2647 5717 3209 5793; x_wconf 69' lang='grc' dir='ltr'>συγκαταβληθείσῃς,</span> <span class='ocrx_word' id='word_1_933' title='bbox 3263 5736 3364 5793; x_wconf 83' lang='lat' dir='ltr'><strong>non</strong></span> <span class='ocrx_word' id='word_1_934' title='bbox 3415 5729 3584 5793; x_wconf 85' lang='lat' dir='ltr'><strong>recte.</strong></span> 
     </span>
    </p>
   </div>
   <div class='ocr_carea' id='block_1_122' title="bbox 2012 5789 3444 5864">
    <p class='ocr_par' dir='ltr' id='par_1_122' title="bbox 2012 5789 3444 5864">
     <span class='ocr_line' id='line_1_123' title="bbox 2012 5789 3444 5864; baseline -0.003 -14"><span class='ocrx_word' id='word_1_935' title='bbox 2012 5789 2177 5850; x_wconf 81' lang='lat' dir='ltr'><strong>Paulo</strong></span> <span class='ocrx_word' id='word_1_936' title='bbox 2211 5805 2332 5864; x_wconf 90' lang='lat' dir='ltr'><strong>post</strong></span> <span class='ocrx_word' id='word_1_937' title='bbox 2360 5789 2598 5864; x_wconf 77' lang='lat' dir='ltr'><strong>quinque</strong></span> <span class='ocrx_word' id='word_1_938' title='bbox 2623 5809 2750 5847; x_wconf 86' lang='lat' dir='ltr'><strong>mss.</strong></span> <span class='ocrx_word' id='word_1_939' title='bbox 2791 5791 2868 5853; x_wconf 88' lang='grc' dir='ltr'><strong>ώς</strong></span> <span class='ocrx_word' id='word_1_940' title='bbox 2891 5789 3077 5843; x_wconf 82' lang='grc' dir='ltr'>ἀσκόν.</span> <span class='ocrx_word' id='word_1_941' title='bbox 3116 5789 3254 5846; x_wconf 77' lang='grc' dir='ltr'>Ειιίιί</span> <span class='ocrx_word' id='word_1_942' title='bbox 3293 5791 3444 5847; x_wconf 85' lang='grc' dir='ltr'>ὡσεί.</span> 
     </span>
    </p>
   </div>
  </div>
