4008 6402
419 303 526 361 335

1768 309 1825 364 S.
1868 306 2114 362 BASILII
2152 307 2365 363 MACNI

3563 305 3690 361 ’536

492 425 544 479 5.
579 425 738 478 Vens.
764 425 818 478 7.
858 424 1189 496 Cougregans
1235 429 1366 482 sicut
1402 440 1566 482 utrem
1599 446 1763 497 aquas
1802 430 1985 492 maris,

2161 427 2212 481 5.
2232 431 2515 497 Συναγων
2533 429 2612 493 ὡς
2633 428 2826 481 ἀσκὸν
2850 427 3037 481 ὕδατα
3055 428 3390 494 θαλάσσης,
3411 427 3590 492 τιθεὶς
3603 427 3689 480 ἐν

416 530 612 588 pauens
640 516 692 568 in
720 514 977 570 thesauris
1007 519 1240 587 abyssos.
1294 517 1408 573 Non
1437 519 1593 582 dixit,
1644 520 1991 590 Congregans

421 623 594 680 aquas
627 613 793 668 maris
823 610 964 664 sicut
990 612 1042 666 in
1077 623 1217 677 utre,
1253 613 1370 680 sed,
1407 610 1475 666 Ut
1513 621 1700 675 utrem,
1725 613 1796 666 ita
1822 627 1992 682 aquas

422 706 589 760 maris
644 721 993 777 congregans.
1046 705 1164 762 Jam
1220 721 1350 761 vero
1410 707 1720 770 considera,
1781 722 1988 775 quasso,

421 796 562 850 utris
597 808 874 862 naturam,
908 814 1028 867 qua:
1060 814 1200 852 nunc
1220 798 1433 868 quidem
1466 797 1702 864 inﬂatur,
1747 815 1869 851 eum
1902 814 1990 852 eo-

423 886 562 939 rium
599 887 892 943 intercluso
932 887 1122 960 spiritu
1174 890 1468 943 distentum
1508 900 1626 954 est;
1683 905 1823 945 nunc
1865 905 1993 943 vero

423 978 786 1042 contrahitur,
823 995 941 1034 cum
981 977 1140 1034 ﬂatus
1184 979 1272 1036 ille
1313 995 1419 1048 quo
1458 981 1868 1036 distendebatur
1908 995 1993 1034 se-

424 1071 610 1123 cessit.
667 1070 760 1125 Sic
812 1071 992 1139 itaque
1046 1088 1196 1127 mare
1241 1073 1532 1143 aliquando
1572 1073 1884 1126 intumescit
1930 1087 1994 1126 ac

426 1154 732 1212 effervescit
786 1161 960 1214 ventis
1002 1161 1282 1216 efferatum
1318 1177 1381 1216 ac
1415 1172 1652 1225 tumens,
1706 1161 1994 1232 aliquando

426 1262 555 1302 vero
595 1264 780 1303 rursus
826 1251 1219 1318 tranquillitate
1276 1253 1330 1307 in
1376 1253 1579 1308 humile
1633 1253 1991 1308 contrahitur.

428 1338 595 1409 igitur
625 1348 682 1394 ut
705 1350 900 1406 utrem,
947 1341 1018 1394 ita
1046 1343 1319 1396 contrahit
1359 1359 1423 1396 ae
1448 1342 1700 1412 deprimit
1739 1342 1996 1396 Dominus

427 1446 620 1501 aquam
663 1433 848 1489 maris.
890 1433 1196 1490 Invenimus
1240 1446 1416 1490 autem
1465 1437 1514 1490 in
1550 1436 1868 1505 quibusdam
1896 1451 1994 1488 ex-

425 1526 781 1598 emplaribus,
823 1527 1156 1599 Congregans
1184 1530 1317 1582 velut
1360 1530 1412 1582 in
1444 1540 1558 1583 utre
1584 1547 1749 1600 aquas
1781 1531 1944 1584 maris
1976 1545 1994 1582 :

427 1619 628 1687 quibus
673 1621 853 1675 verbis
898 1622 964 1674 ad
1009 1631 1243 1676 veterem
1313 1621 1596 1676 historiam
1660 1622 1996 1688 deducimur,

430 1725 551 1762 cum
587 1727 736 1766 mare
766 1711 1030 1780 Rubrum,
1069 1714 1282 1768 nomine
1310 1713 1362 1767 id
1401 1729 1574 1783 neque
1607 1713 1880 1768 dividente
1906 1730 1998 1766 ne-

433 1818 540 1873 que
569 1808 905 1865 continente.
932 1808 1106 1876 ipsutn
1139 1808 1204 1860 ad
1236 1824 1294 1861 se
1319 1808 1492 1877 ipsum
1524 1818 1858 1863 contractum
1894 1815 1995 1869 est,

431 1896 670 1963 quasi'in
709 1907 827 1951 utre
869 1900 1100 1967 quodam
1139 1899 1474 1968 colligatum,
1530 1899 1712 1953 divino
1747 1899 1998 1953 mandato

435 1985 560 2036 illud
589 1984 784 2040 edundi
818 2001 921 2041 non
963 1987 1191 2042 sinente.
1226 1987 1458 2049 Ponens,
1489 1986 1681 2055 inquit,
1718 1989 1770 2039 in
1800 1987 2000 2039 thesau-

431 2078 503 2128 ris
537 2083 773 2147 abyssos.
815 2077 947 2132 Erat
997 2080 1275 2134 sententiae
1315 2079 1585 2133 communi
1647 2078 1818 2147 magis
1870 2093 2000 2133 con—

433 2185 640 2237 gruum.
660 2171 840 2226 dicere
886 2189 900 2226 :
942 2172 1155 2227 Poneus
1200 2175 1250 2227 in
1291 2173 1498 2244 abyssis
1531 2172 1816 2226 thesauros
1856 2171 2002 2226 :hoc

429 2270 533 2325 εει,
584 2261 637 2314 in
702 2264 962 2334 mysterio
1021 2264 1239 2318 divitias
1305 2265 1588 2318 continens
1650 2277 1798 2318 suas.
1848 2260 2003 2315 Nunc

426 2370 557 2410 vero
601 2357 743 2409 velut
789 2372 918 2426 Opes
945 2357 1201 2427 quasdam
1234 2356 1432 2410 divinis
1470 2355 1740 2410 thesauris
1788 2354 1999 2424 dignas,

429 2450 654 2520 abyssos
681 2449 824 2516 ipsas
864 2465 986 2505 esse
1026 2451 1174 2504 dicit.
1215 2449 1468 2515 Nunquid
1511 2464 1638 2516 ergo
1680 2447 1869 2516 judicii
1917 2447 1999 2500 di-

433 2544 543 2596 vini
588 2545 821 2597 rationes
870 2543 1264 2598 inenarrabiles
1319 2552 1371 2598 et
1407 2543 1642 2597 humano
1691 2541 1869 2611 captiti
1916 2539 2001 2592 in-

431 2634 966 2703 comprehensibiles,
1001 2635 1182 2706 abyssi
1215 2635 1491 2698 dicuntur,
1518 2649 1638 2686 eum
1678 2632 1732 2687 in
1765 2631 1877 2687 sola
1907 2629 1998 2684 Dei

430 2728 740 2797 cognitione
776 2728 1024 2797 reposita:
1057 2729 1165 2781 sint
1211 2729 1469 2792 rationes,
1521 2725 1679 2793 juxta
1721 2738 1859 2792 quas
1891 2722 2002 2773 sin-

430 2819 549 2889 gula
577 2821 932 2875 moderatur?
969 2821 1124 2888 Quod
1155 2821 1297 2875 enim
1331 2820 1438 2874 lata
1467 2820 1533 2873 de
1562 2816 1999 2887 singulisjudicia

430 2915 657 2982 aliyssus
719 2923 900 2966 vocata
945 2913 1074 2975 sint,
1119 2914 1172 2967 in
1209 2913 1314 2966 alio
1363 2913 1569 2983 psalmo
1609 2910 1896 2964 didicimus
1928 2909 2004 2961 di-

429 3013 604 3068 cente,
635 3003 850 3057 Iudicia
897 3015 986 3057 tua
1043 3006 1260 3074 abyssus
1288 3004 1454 3057 multa
1474 3003 1542 3059 ".
1588 3003 1926 3071 Quapropter
1954 2999 1998 3053 si

430 3096 650 3163 ηιιωνίε,
681 3111 799 3159 cur,
842 3097 946 3149 vita
982 3098 1282 3167 peccaturis
1308 3106 1616 3166 prorogata,
1647 3094 1776 3164 justi
1807 3095 1920 3148 dies
1947 3093 1997 3145 in

433 3189 532 3241 hoc
566 3188 862 3242 incolarum
887 3190 1003 3245 loco
1028 3192 1364 3255 brevientur,
1383 3207 1479 3244 cur
1505 3191 1734 3259 iujustus
1764 3189 1998 3243 secunda

436 3288 623 3332 utatur
652 3277 891 3345 fortuna,
919 3279 1097 3347 justus
1133 3283 1379 3345 adversa,
1412 3299 1510 3336 cur
1529 3281 1598 3334 sit
1631 3280 1885 3351 puerulus
1917 3295 2003 3331 ra-

435 3381 558 3437 ptus
576 3380 700 3424 ante
713 3373 888 3426 aetatis
913 3372 1320 3440 perfectionem,
1343 3374 1484 3428 unde
1501 3373 1656 3438 bella,
1676 3388 1771 3427 cur
1789 3371 2004 3425 naufra-

432 3461 542 3531 gia,
583 3473 738 3514 terra:
761 3472 955 3525 motus,
983 3463 1292 3530 siccitates,
1327 3463 1536 3532 pluviaa,
1583 3480 1682 3518 cur
1713 3479 1830 3533 qua:
1870 3463 2003 3515 leta-

429 3551 651 3608 lia'sunt
680 3555 987 3609 hominibus
1003 3569 1185 3611 creata
1219 3558 1345 3618 sint,
1375 3555 1530 3627 137
1553 3573 1654 3611 cur
1675 3557 1762 3611 hic
1791 3571 2001 3617 servus,

432 3646 523 3702 ille
555 3646 710 3710 liber,
751 3663 847 3701 cur
879 3649 1015 3702 alius
1037 3651 1208 3713 dives,
1234 3651 1370 3703 alius
1402 3664 1605 3718 pauper
1634 3657 1817 3719 (atque
1840 3649 2000 3702 etiam

432 3739 660 3794 multum
697 3749 779 3794 est
809 3740 1142 3795 discriminis
1177 3742 1227 3794 in
1270 3742 1506 3810 peccatis
1536 3757 1598 3794 ac
1631 3751 1774 3794 recte
1799 3740 1951 3794 factis
1986 3759 2000 3794 :

434 3830 548 3883 haec
586 3832 728 3884 enim
762 3831 896 3884 lena:
922 3833 1157 3896 vendita,
1185 3832 1232 3883 vi
1271 3832 1320 3884 in
1368 3841 1587 3899 peccato
1618 3840 1723 3891 est,
1763 3829 1847 3882 illa
1874 3845 2004 3884 vero

431 3922 500 3975 ab
527 3923 682 3975 initio
723 3923 909 3977 heram
955 3924 1153 3978 bonam
1209 3935 1385 3988 nacta,
1437 3923 1489 3974 in
1524 3922 1836 3991 virginitate
1869 3925 2004 3976 edu-

433 4026 551 4068 cata
589 4016 714 4085 est),
747 4029 845 4068 cur
871 4015 984 4069 iure
1035 4014 1226 4070 affecta
1280 4015 1542 4069 beneficio
1587 4017 1656 4068 sit
1701 4032 1714 4068 :
1751 4014 1839 4068 illa
1879 4031 2005 4070 vero

432 4110 794 4163 condemnata
825 4125 839 4175 ;
890 4119 943 4162 et
976 4111 1103 4178 quid
1129 4109 1198 4162 sit
1220 4109 1510 4178 unicuique
1538 4110 1730 4162 horum
1766 4123 1793 4160 a
1825 4107 2006 4177 judice

437 4201 842 4255 retribuendum
871 4219 885 4266 ;
916 4203 1114 4270 quibus
1139 4200 1395 4255 omnibus
1425 4201 1519 4254 tibi
1551 4201 1602 4252 in
1637 4211 1871 4253 mentem
1918 4213 2008 4252 ve-

435 4294 730 4358 nientibus,
780 4294 953 4356 cogita
1006 4294 1095 4347 Dei
1127 4293 1329 4361 judicia
1380 4294 1608 4362 abyssos
1656 4308 1794 4356 esse,
1834 4306 1932 4344 nec
1975 4305 2004 4343 a

437 4383 680 4451 quolibet
725 4383 884 4438 facile
910 4382 1295 4452 comprehendi
1329 4397 1509 4450 posse,
1541 4384 1682 4449 quod
1721 4382 1771 4434 in
1812 4381 2006 4434 divinis

2093 517 2419 586 θησαυροῖς
2450 517 2783 580 ἀϐύσσους.
2817 518 2930 569 Οὐκ
2959 512 3099 580 εἷπε,
3119 517 3373 586 Συνάγων
3404 517 3472 570 τὰ
3505 516 3694 568 ὕδατα

2092 610 2192 678 τῆς
2230 608 2503 680 θαλάσσης
2531 609 2606 673 ὡς
2635 612 2692 662 ὲν
2721 611 2893 680 ἀσκῷ,
2918 610 3030 664 ἀλλ’
3071 611 3162 675 Ὡς
3183 609 3398 672 ἀσκὸν,
3432 606 3575 661 οὕτω
3605 608 3686 661 τὰ

2094 691 2262 753 ῦδατα
2293 701 2391 770 τῆς
2419 699 2692 771 θαλάσσης
2718 701 2981 768 συνάγων.
3017 701 3227 770 Νόησον
3251 700 3306 752 δέ
3345 717 3433 770 μοι
3458 700 3557 769 τὴν
3575 713 3684 752 του

2093 791 2264 845 ἀσκοῦ
2291 791 2470 860 φύσιν,
2499 792 2592 845 νῦν
2622 793 2719 862 μὲν
2745 792 3181 864 διαφυσωμένην,
3215 793 3340 846 ὅταν
3369 792 3447 862 τῷ
3471 795 3686 844 ἐναπο-

2093 882 2349 955 ληφθέντι
2384 884 2494 954 (10)
2531 885 2800 956 πνεύματι
2841 885 2902 938 τὸ
2929 885 3102 956 δέρμα
3149 882 3450 955 περι-ποῇ’
3473 882 3583 935 σνῦν
3621 882 3688 935 δὲ

2096 977 2545 1049 συστελλομένην,
2586 980 2712 1034 ὅταν
2742 979 3072 1050 ὑποχωρήσῃ
3107 978 3167 1032 τὸ
3202 979 3481 1032 διατεῖνον.
3515 976 3689 1030 Οῦτω

2094 1073 2274 1125 τοίνυν
2302 1074 2334 1143 ἡ
2358 1071 2598 1126 θάλασσα
2630 1073 2756 1125 ποτὲ
2789 1073 2887 1143 μὲν
2917 1071 3302 1142 ἐκφλεγμαίνει
3329 1072 3420 1124 καὶ
3455 1069 3539 1135 ξεῖ
3564 1073 3688 1131 τοῖς

2097 1164 2400 1234 πνεύμασιν
2440 1164 2826 1234 ἀγριαινομένη
2873 1165 2966 1217 καί
3009 1163 3399 1228 ἐξοιδαίνουσα·
3441 1161 3568 1214 ποτὲ
3620 1160 3688 1212 δὲ

2097 1256 2260 1308 πάλιν
2292 1256 2396 1308 ὑπὸ
2428 1255 2670 1327 γαλήνης
2703 1257 2783 1318 είς
2807 1255 3062 1308 ταπεινὸν
3101 1253 3540 1308 καταστέλλεται.
3585 1253 3688 1314 Ὠς

2096 1346 2188 1404 οὗν
2219 1350 2404 1414 ἀσκὸν,
2435 1348 2606 1412 οὕτως
2628 1349 2901 1402 συστέλλει
2923 1349 3016 1402 καὶ
3047 1350 3292 1401 ταπεινοί
3323 1346 3382 1399 τὸ
3407 1345 3552 1416 ὕδωρ
3575 1345 3687 1414 τῆς

2100 1440 2372 1511 θαλάσσης
2407 1442 2436 1492 6
2473 1440 2694 1513 Κύριος.
2727 1439 2974 1511 Εὖρομεν
2999 1440 3108 1510 (Η)
3130 1439 3186 1492 δὲ
3220 1441 3276 1491 ἒν
3307 1455 3416 1490 τισι
3444 1436 3552 1490 τῶν
3583 1437 3689 1488 ἀνο

2097 1532 2399 1604 τιγράφων,
2443 1531 2728 1600 Συνάγων
2783 1533 2862 1597 ὡς
2905 1531 2974 1584 ἐν
3026 1531 3195 1596 ἀσκῷ
3229 1530 3414 1583 ὕδατα
3451 1528 3690 1582 θαλάσ-

2102 1642 2241 1691 σης,
2279 1625 2371 1676 ἐπὶ
2395 1624 2494 1694 τὴν
2528 1623 2762 1676 παλαιὰν
2793 1623 3032 1694 ἱστορίαν
3069 1623 3160 1676 τοῦ
3185 1622 3343 1691 λόγου
3371 1622 3517 1692 ἡμᾶς
3545 1620 3688 1672 ἀνα.-

2103 1717 2431 1788 πέμποντος,
2473 1717 2560 1768 ὅτε
2593 1719 2626 1786 ἡ
2678 1715 2914 1788 Ἐρυθρά
2943 1715 3205 1778 Θάλασσα,
3253 1714 3464 1776 οὐδενὸς
3507 1713 3690 1781 αὐτὴν

2099 1807 2451 1877 διαιροῦντος,
2475 1807 2595 1860 οὐδὲ
2620 1807 2952 1877 συνέχοντος,
2983 1807 3120 1877 αὑτὴ
3157 1807 3288 1878 πρὸς
3316 1805 3510 1876 ἑαυτὴν
3557 1821 3690 1857 σνν-

2100 1901 2364 1966 ειστήκει,
2398 1894 2509 1952 οἷον
2550 1899 2704 1968 ἀσκῷ
2736 1917 2841 1952 τινι
2874 1899 3188 1970 ἐνδεδεμένη
3230 1899 3363 1969 (1'2),
3405 1895 3497 1950 τοῦ
3533 1896 3688 1949 θεὼυ

2101 1991 2519 2061 προστάγματος
2547 1991 2886 2062 προχυθῆναι
2911 1992 3078 2064 αὐτὴν
3100 1991 3197 2043 οὐκ
3218 1990 3433 2052 ἐῶντος.
3469 1989 3686 2054 Τιθεὶς,

2102 2083 2286 2152 φησὶν.
2317 2085 2386 2136 ἐν
2409 2083 2733 2150 θησαυροῖς
2760 2084 3090 2148 ἀϐύσσους.
3132 2080 3580 2151 Ἀκολουθὸτερον
3613 2075 3688 2150 ἦν

2099 2177 2173 2241 ὡς
2209 2177 2345 2248 πρὸς
2370 2177 2466 2248 τὴν
2494 2179 2678 2249 κοινὴν
2712 2177 2923 2245 ἔννοιαν,
2959 2180 3152 2242 εἰπεῖν,
3184 2176 3363 2239 Τιθεὶς
3409 2178 3465 2228 ἐν
3511 2175 3692 2228 ἀϐύσ-

2103 2286 2215 2332 σοις
2260 2269 2384 2332 τοὺς
2434 2269 2774 2340 θησαυρούς·
2821 2269 3114 2331 τουτέστιν,
3157 2270 3215 2320 ὲν
3243 2267 3524 2338 μυστηρίῳ
3559 2283 3691 2318 συν-

2102 2360 2238 2429 έχων
2269 2361 2359 2414 τὸν
2393 2360 2583 2414 ἑαυτοῦ
2612 2361 2856 2413 πλοῦτον.
2890 2361 3002 2412 Νῦν
3033 2359 3086 2412 δὲ
3121 2360 3308 2428 ὥσπερ
3340 2358 3462 2410 τινά
3490 2358 3691 2428 κειμη-

2103 2451 2191 2505 λια
2218 2451 2339 2517 ἀξια
2361 2452 2469 2506 τῶν
2495 2453 2652 2505 θείων
2689 2453 2976 2524 θησαυρῶν
3005 2451 3102 2514 τάς
3132 2450 3400 2513 ἀϐύσσους
3419 2445 3558 2502 εἷναί
3589 2466 3692 2518 φη-

2104 2560 2177 2600 σι.
2210 2546 2435 2616 Μήποτε
2465 2540 2556 2597 οὖν
2589 2546 2637 2596 οἱ
2664 2547 2789 2616 περὶ
2818 2544 2914 2614 τῆς
2940 2543 3087 2604 θείας
3114 2543 3348 2614 κρίσεως
3377 2543 3542 2610 λόγοι,
3581 2543 3686 2613 ἀρ-

2106 2641 2257 2709 ῥητοι
2306 2637 2457 2699 ὅντες
2497 2637 2590 2689 καὶ
2635 2637 3005 2706 ἀκατάληπτοι
3047 2639 3164 2697 ταῖς
3205 2634 3571 2704 ἀνθρωπίναις
3601 2634 3687 2685 ὲν-

2102 2729 2292 2792 νοίαις,
2328 2728 2550 2782 ἄϐυσσοι
2582 2727 2848 2795 λέγονται,
2871 2730 2928 2780 ὲν
2953 2727 3086 2797 μόνη
3105 2725 3295 2797 τῇποῦ
3325 2723 3456 2777 Θεοῦ
3484 2724 3684 2792 γνώσει

2102 2822 2478 2892 ἀποκειμένων
2539 2819 2646 2873 τῶν
2689 2819 2881 2887 λόγων,
2940 2818 3060 2871 καθ’
3104 2817 3438 2880 οῦςὲκαστα
3482 2818 3685 2869 οἰκονο-

2107 2917 2200 2986 μεῖ
2228 2915 2336 2983 (15)
2361 2931 2374 2978 ;
2401 2915 2523 2965 Ὅτι
2556 2912 2660 2983 γὰρ
2689 2912 2755 2964 τὰ
2783 2911 2910 2982 περὶ
2930 2911 3155 2964 ἕκαστον
3181 2910 3421 2979 κρίματα
3449 2909 3684 2972 ἄϐυσσος

2104 3003 2542 3076 προσηγορεύθη,
2579 3004 2636 3054 ὲν
2670 3002 2842 3073 ἑτέρῳ
2873 3000 3072 3071 ψαλμῴ
3101 2998 3453 3068 δεδιδάγμεθα
3496 2999 3682 3067 λέγον-

2103 3111 2190 3148 τι·
2225 3097 2299 3148 Τὰ
2323 3093 2573 3163 χρίματὰ
2603 3110 2718 3147 σου
2753 3093 3023 3155 ἄϐυσσος
3051 3089 3273 3155 πολλή.
3311 3093 3434 3144 Ἐὰν
3455 3087 3548 3144 οὖν
3570 3092 3687 3143 ἐπι-

2106 3188 2296 3259 ζητῇς,
2325 3187 2409 3240 διὰ
2436 3188 2488 3240 τί
2515 3185 2608 3240 τοῦ
2644 3186 2741 3257 μὲν
2772 3185 3094 3258 ἁμαρτω).οῦ
3139 3189 3173 3258 ἡ
3209 3185 3320 3256 ζωὴ
3361 3185 3685 3255 παρατείνε-

2102 3299 2212 3345 ται,
2235 3281 2328 3334 τοῦ
2355 3280 2410 3332 δὲ
2445 3280 2651 3333 δικαίου
2674 3281 2728 3332 αἱ
2751 3280 2952 3350 ἡμέραι
2988 3280 3086 3350 τῆς
3111 3280 3402 3350 παροικίας
3425 3278 3470 3347 (1
3487 3279 3537 3343 ί)
3568 3295 3688 3330 συν,

2100 3375 2409 3446 τέμνονται,
2458 3373 2544 3426 διά
2596 3374 2647 3426 τί
2690 3376 2718 3426 6
2767 3373 2865 3443 μὲν
2917 3373 3098 3436 ἄδικος
3159 3372 3485 3442 εὐθηνεῖται,
3542 3374 3570 3424 6
3627 3371 3682 3424 δὲ

2100 3467 2307 3531 δίκαιος
2340 3467 2598 3526 θλίϐεται,
2622 3465 2709 3519 διὰ
2747 3465 2797 3518 τί
2827 3465 2889 3518 τὸ
2915 3465 3122 3518 παιδίον
3147 3467 3276 3536 πρὶν
3301 3467 3378 3527 είς
3409 3463 3683 3516 τελείωσιν

2102 3557 2273 3612 ἐλθεῖν
2307 3557 2653 3629 ἀνηρπάσθη,
2683 3556 2843 3610 πόθεν
2868 3557 3112 3626 πόλεμοι,
3145 3557 3232 3609 διὰ
3265 3557 3313 3608 τί
3341 3556 3408 3608 τά
3427 3557 3680 3624 ναυάγια,

2101 3653 2150 3704 οἱ
2186 3651 2419 3720 σεισμοὶ,
2449 3651 2498 3703 οἱ
2522 3649 2742 3720 αὐχμοὶ,
2780 3651 2835 3702 αἱ
2871 3649 3189 3719 ἐπομϐρίαι,
3221 3648 3308 3701 διὰ
3338 3648 3387 3700 τί
3421 3648 3487 3700 τὰ
3512 3651 3682 3718 φθαρ-

2101 3739 2228 3793 τικά
2275 3740 2383 3793 τῶν
2413 3738 2716 3812 ἀνθρώπων
2761 3739 3240 3810 δεδημιούργηται,
3287 3737 3376 3792 διὰ
3411 3741 3463 3791 τί
3513 3742 3540 3791 ὁ
3582 3740 3682 3809 μὲν

2102 3831 2306 3896 δοῦλος,
2337 3836 2364 3886 ὁ
2413 3834 2468 3886 δὲ
2502 3832 2806 3903 ἐλεύθερος,
2851 3834 2879 3885 6
2925 3833 3023 3902 μὲν
3048 3831 3283 3895 πλουτεῖ,
3317 3833 3346 3883 ὁ
3375 3832 3429 3884 δὲ
3461 3833 3682 3885 πένεται

2104 3925 2261 3991 (πολὺ
2294 3925 2350 3979 δὲ
2380 3926 2473 3978 καὶ
2503 3927 2561 3981 ὲν
2589 3927 2700 3987 τοῖς
2729 3925 3194 3995 ἁμαρτανομένοις
3240 3923 3272 3994 ἢ
3315 3924 3681 3995 κατορθουμέ-

2103 4033 2214 4078 νοις
2245 4017 2362 4068 emt
2392 4016 2452 4068 τὸ
2475 4015 2758 4086 διάφορον·
2796 4018 2828 4086 ὴ
2871 4015 2969 4085 μὲν
3011 4013 3120 4085 γὰρ
3156 4014 3504 4086 πορνοϐοσκῷ
3539 4033 3678 4086 πρα-

2105 4107 2258 4162 θεῖσα
2289 4108 2423 4178 πρὸς
2447 4107 2692 4178 ἀνάγκην
2720 4107 2866 4159 ἐστὶν
2888 4107 2946 4158 ὲν
2980 4107 3042 4175 τῇ
3078 4106 3319 4177 ἁμαρτίᾳ
3339 4123 3350 4134 ·
3378 4107 3410 4176 ἡ
3439 4106 3493 4157 δὲ
3523 4105 3680 4169 εὐθὺς

2105 4200 2318 4269 ἀγαθῆς
2358 4199 2470 4269 (15;
2500 4199 2787 4268 δεσποίνης
2829 4197 3164 4267 ὲπιτυχοῦσα
3197 4199 3565 4267 συνεξετράφη
3615 4202 3678 4268 τῇ

2083 4290 2417 4362 .παρθενίᾳ),
2473 4289 2560 4342 διὰ
2590 4290 2642 4342 τί
2675 4288 2812 4360 αῦτη
2865 4289 2961 4358 μὲν
2999 4289 3363 4359 εὑηργετήθη,
3411 4288 3592 4359 ἐκείνη
3625 4289 3680 4342 δὲ

2106 4382 2467 4454 κατεδικάσθη
2488 4400 2500 4411 ·
2531 4382 2716 4444 καὶτίς
2740 4383 2772 4452 ή
2804 4383 2886 4450 ἐφ’
2911 4381 3140 4433 ἑκάστου
3173 4380 3284 4450 (16)
3307 4380 3508 4433 τούτων
3535 4381 3681 4450 παρά

437 4476 705 4532 thesauris
735 4477 992 4532 conclusa
1027 4486 1173 4530 sant.
1218 4474 1322 4529 Sed
1362 4485 1417 4527 et
1450 4475 1685 4527 credenti
1728 4475 1850 4527 data
1883 4490 2000 4543 pro-

2111 4475 2204 4529 τοῦ
2237 4474 2423 4546 κριτοῦ
2465 4473 2823 4536 ἀνταπόδοσις
2841 4491 2854 4502 ·
2896 4472 3069 4526 ταῦτα
3098 4472 3276 4527 πάντα
3301 4473 3480 4526 λαϐὼν
3500 4475 3579 4538 είς
3609 4473 3684 4525 ἔνο

438 4568 623 4622 missio
659 4579 741 4622 est
771 4585 800 4622 a
848 4567 976 4629 Deo,
1011 4569 1278 4627 vidi-licet.
1323 4567 1471 4621 Dabo
1493 4567 1587 4620 tibi
1613 4567 1884 4620 thesauros
1909 4572 2004 4620 ab-

435 4659 700 4712 sconditos
722 4670 768 4713 et
805 4659 1088 4713 invisibiles
1115 4661 1182 4712 τ’.
1228 4659 1517 4728 Postquam
1552 4660 1713 4729 igitur
1733 4674 1794 4713 ea
1829 4660 2008 4728 cogni-

440 4753 584 4806 tione
608 4766 728 4821 quze
752 4763 835 4806 est
869 4754 1004 4808 facie
1027 4753 1090 4805 ad
1116 4751 1329 4816 faciem,
1358 4752 1502 4820 digni
1532 4750 1699 4804 habiti
1725 4749 2004 4818 fuerimus,

510 4970 556 5003 ’³⁸
585 4969 728 5025 Psal.
771 4986 934 5037 xxxv,
977 4971 1031 5026 7.
1110 4971 1155 5002 ⁷²
1193 4971 1294 5025 lsa.
1327 4987 1452 5035 XLV,
1484 4971 1537 5024 5.

516 5154 629 5240 (μ’)
657 5143 1199 5240 C““’f’."‘".‘,.PY‘H‘“?
1230 5161 1282 5240 et
1307 5161 1536 5240 sane,
1553 5148 2012 5240 ἔνατξφὲεεφθέκτις

441 5220 583 5283 Editi
612 5220 739 5279 vero
784 5233 839 5278 et
895 5221 983 5274 alii
1012 5236 1142 5274 mss.
1182 5220 1633 5292 ἐναποληφθέντι,
1675 5220 1834 5292 bene.
1898 5221 2018 5274 Mox

443 5298 578 5368 Reg.
641 5296 834 5368 tertius
865 5291 1281 5368 ὲμφλεγμαίνει.
1326 5291 1545 5368 Necnita
1592 5291 1913 5368 multopost
1944 5308 2023 5344 se-

441 5361 597 5437 ινιεῖιι,
621 5381 752 5422 mss.
788 5367 866 5428 είς
901 5361 1670 5437 ’ταπεινὸνηκαταστέλλουσα.
1715 5362 1855 5416 Editi
1894 5377 2019 5416 cum

442 5433 762 5508 quihusdam
796 5450 924 5490 mss.
953 5433 1391 5508 xaracté‘iksmt.

518 5508 627 5577 (Η)
676 5507 828 5562 Colb.
878 5517 1101 5574 quartus
1153 5504 1417 5577 εὕραμεν.
1475 5502 1669 5558 Statim
1723 5501 2017 5558 Colbertini

445 5575 650 5647 primus
688 5587 743 5630 et
767 5589 992 5645 quartus
1019 5577 1094 5639 ὼς
1127 5578 1206 5639 εἰς
1229 5575 1416 5629 ἀσκόν.

517 5646 628 5717 (ιῖ)
664 5642 800 5714 Heg:
841 5651 1109 5702 secundus
1142 5648 1194 5700 in
1238 5655 1490 5702 contextu
1525 5642 2014 5717 ἐνδεδεμένη-τίη-

446 5713 637 5772 nam:
680 5713 776 5773 sed
818 5717 958 5773 idem
1016 5719 1183 5775 codex
1221 5717 1488 5788 vulgatam
1531 5716 1840 5781 lectionem,
1873 5713 2016 5766 ἐνδε-

2112 4583 2280 4630 νοιαν,
2317 4564 2670 4636 ἐνθυμήθητι,
2697 4565 2778 4617 ὅτι
2810 4564 3043 4629 ἂϐυσσός
3071 4566 3186 4618 ἐστι
3224 4567 3292 4619 τὰ
3318 4566 3560 4637 κρίματα
3591 4567 3680 4619 τοῦ

2111 4658 2270 4718 Θεοῦ,
2307 4658 2401 4712 καὶ
2461 4657 2539 4727 τῷ
2583 4658 2693 4720 τοῖς
2744 4655 3034 4728 θησαυροῖς
3065 4659 3177 4720 τοῖς
3225 4657 3388 4722 θείοις
3435 4661 3686 4712 ἐναποκε-

2115 4751 2378 4817 κλεῖσθαι,
2410 4749 2510 4802 οὐκ
2541 4747 2784 4819 εὔληπτα
2808 4751 2918 4812 τοῖς
2941 4749 3183 4820 τυχοῦσι.
3209 4751 3319 4803 Καὶ⁸
3355 4751 3432 4820 τῷ
3465 4751 3685 4804 πιστεύ-

2117 5147 2352 5218 δυμένη,
2371 5147 2594 5218 praefert
2625 5164 2840 5217 quoque
2862 5149 2914 5201 in
2945 5151 3206 5214 margine.

2190 5217 2584 5292 (lfijlflunnulli
2614 5221 3156 5292 mss._olxovotteimt.
3197 5219 3301 5272 Alii
3327 5221 3618 5291 οίκονομεϊ.

2189 5287 2302 5358 (14)
2341 5289 2478 5340 Editi
2511 5299 2566 5341 et
2612 5290 2761 5358 liegii
2816 5287 3121 5356 quartuth
3167 5301 3352 5342 sextus
3379 5287 3683 5346 cum'tiulh.

2119 5365 2348 5433 septimo
2381 5359 2437 5412 αί
2476 5360 2698 5433 Δἡμέραι
2730 5363 2831 5433 τῆς
2859 5360 3179 5433 -παροικίας
3212 5374 3225 5389 ·
3257 5361 3351 5414 sed
3410 5362 3558 5426 illud,
3595 5364 3688 5433 τῆς

2120 5429 2428 5500 παροικίας,
2444 5430 2607 5500 dcest
2644 5431 2694 5482 in
2723 5429 2904 5500 Innltis
2934 5429 3060 5500 nius.

2195 5499 2307 5569 (15)
2343 5499 2494 5572 Colb.
2528 5509 2755 5568 quartus
2785 5503 2816 5569 ὴ
2855 5499 2912 5552 δὲ
2941 5499 3135 5572 ὁδηγοῦ
3169 5500 3402 5569 ἀγαθῆς,
3442 5512 3572 5568 etc.,
3606 5522 3691 5556 na-

2123 5580 2205 5623 cta
2243 5573 2421 5621 heram
2450 5570 2654 5627 bonum.
2682 5586 2798 5638 qua:
2831 5572 2963 5622 viam
2997 5570 3457 5626 commonstrabat.

2195 5639 2554 5713 (l6)hCodices
2578 5641 2813 5713 nonnulli
2837 5642 2920 5709 ἐφ’
2951 5643 3184 5713 ἑκάστῳ.
3209 5642 3310 5694 Alii
3337 5643 3421 5713 ἐφ’
3440 5643 3682 5697 ἑκάστου.

2124 5711 2265 5765 Infra
2294 5708 2424 5778 Reg.
2461 5710 2728 5766 secundus
2754 5708 3052 5780 ἐπαγγελία
3085 5708 3300 5764 δίδοται.
