4008 6402
287 389 394 444 557

1417 395 1697 452 ΗΟΣῚΠΜΑ
1743 395 1808 452 IN
1851 396 2182 457 PSALMUM
2218 400 2437 458 XXXII.

3424 409 3529 465 558

286 518 399 553 οντι
425 500 480 554 δὲ
500 501 800 569 ἐπαγγελία
830 502 1038 559 δέδοται
1072 506 1220 577 παρά
1241 507 1398 570 Θεοῦ,
1433 511 1514 561 ὅτι
1548 508 1725 563 Δώσω
1757 526 1855 565 σοι

1976 514 2132 566 etiam
2173 529 2266 569 eus
2306 531 2424 584 quae
2448 516 2499 569 in
2534 516 2623 570 Dei
2658 518 2923 573 thesauris
2957 528 3082 574 sunt
3105 517 3328 588 ahyssos
3358 518 3530 572 inluc-

278 591 631 680 ,θησαυροὺς
673 594 1080 664 ἀποκρύφους,
1127 598 1440 665 ἁοράτους.
1495 601 1740 656 Ἐπειδὰν
1771 599 1863 655 οῦν

288 678 712 750 καταξιωθῶμεν
757 683 855 752 τῆς
905 685 1191 754 πρόσωπον
1234 689 1367 758 πρὸς
1407 689 1696 758 πρόσωπον
1724 690 1860 757 γνὼ-

289 786 449 834 σεως,
480 769 721 840 ὀψόμεθα
770 773 863 825 καὶ
903 774 1000 836 τὰς
1041 776 1099 826 ἐν
1142 779 1253 838 τοῖς
1278 776 1564 848 θησαυροῖς
1601 778 1695 831 τοῦ
1729 780 1861 833 Θεοῦ

286 859 578 923 ἀϐύσσους.
613 862 870 930 Συνάγων
913 864 968 917 δὲ
1006 865 1074 918 τά
1108 867 1165 918 ὲν
1196 870 1262 938 τῇ
1302 868 1488 940 Γραφῇ
1524 871 1651 939 περὶ
1680 871 1863 925 ἀσκῶν

288 955 570 1023 εἰρημένα,
597 956 794 1025 μᾶλλον
822 959 1024 1030 γενήσῃ
1057 961 1115 1012 ὲν
1141 963 1384 1032 περινοίᾳ
1407 963 1500 1015 τοῦ
1526 963 1861 1034 βουλήματος

286 1045 381 1097 τοῦ
411 1048 746 1117 προφητικοῦ
776 1051 907 1119 (17).
938 1053 999 1102 Οἱ
1030 1052 1126 1121 μὲν
1147 1048 1238 1105 οὖν
1264 1039 1709 1125 ἀνακαινοῦμενοι
1737 1056 1862 1126 aps-

290 1155 362 1209 ρᾳ
390 1141 484 1192 καὶ
523 1140 724 1211 ἡμέρᾳ,
756 1141 848 1194 καὶ
871 1142 961 1195 τὸν
983 1145 1168 1196 καινὸν
1192 1140 1331 1198 οἶνον
1359 1145 1466 1198 ἀπὸ
1491 1145 1590 1214 τῆς
1619 1147 1860 1216 ἀμπέλου

285 1229 672 1303 τῆς-ἀληθινῆς
705 1233 1023 1303 χωροῦντες,
1054 1236 1210 1287 ἀσκοὶ
1252 1231 1390 1288 εἶναι
1417 1235 1663 1303 λέγονται
1698 1237 1752 1288 ὲν
1783 1235 1861 1306 τῷ

287 1322 604 1391 Εὐαγγελίῳ
627 1321 799 1375 καινοί
824 1340 836 1352 ·
870 1325 918 1374 οἱ
949 1323 1003 1376 δὲ
1027 1325 1251 1393 μηδέπω
1277 1324 1366 1376 τὸν
1393 1324 1616 1378 παλαιὸν
1655 1325 1861 1396 ἀνθρω-

287 1431 391 1467 πον
419 1414 738 1484 ἀποθέμενοι
767 1416 924 1468 ἀσκοί
945 1419 1048 1468 εἰσι
1086 1416 1319 1480 παλαιοὶ,
1353 1417 1427 1487 μὴ
1450 1417 1733 1486 δυνάμενοι
1773 1435 1862 1472 πι-

289 1504 576 1558 στεύεσθαι
616 1507 713 1576 τὴν
748 1505 1011 1578 ὑποδοχὴν
1051 1507 1142 1559 τοῦ
1178 1507 1296 1560 νέου
1325 1508 1488 1560 οἴνου.
1536 1508 1722 1571 Οὐδεὶς
1753 1507 1860 1581 γὰρ

288 1596 473 1666 βάλλει
503 1593 640 1648 οἶνον
669 1595 786 1649 νέον
827 1600 906 1661 εἰς
944 1598 1144 1661 ἀσκοὺς
1171 1598 1450 1662 παλαιοὺς,
1488 1599 1572 1651 ἵνα
1608 1599 1681 1669 μὴ
1713 1601 1806 1652 καὶ
1833 1602 1862 1654 6

287 1680 430 1748 οἶνος
479 1684 678 1756 ἐκχυθῇ
713 1685 845 1755 (I8),
887 1686 981 1737 καὶ
1010 1686 1184 1755 πάντη
1218 1686 1526 1739 ἀπόλωνται
1566 1689 1761 1740 ἐκεῖνοι
1809 1688 1860 1739 οἱ

285 1777 467 1840 ἀσκοὶ,
505 1778 757 1848 οὐδεμιᾶς
805 1777 1110 1847 ἀξιούμενοι
1151 1779 1479 1850 συγγνώμης
1512 1779 1612 1844 ἔτι,
1649 1779 1742 1833 ἐὰν
1769 1780 1860 1832 τὸν

1963 604 2162 658 bimur.
2193 607 2344 672 Quod
2367 607 2411 660 si
2437 622 2498 661 ea
2527 622 2644 675 qua:
2675 610 2726 661 in
2750 608 3027 678 Scriptura
3054 609 3119 663 de
3145 609 3354 662 utribus
3383 609 3525 661 dicta

1962 707 2106 760 sunt,
2136 696 2435 765 collegeris,
2469 697 2792 764 prophetica:
2814 699 3094 752 sententiae
3115 697 3523 766 intelligentiam

1965 787 2135 853 magis
2169 788 2492 854 assequeris.
2527 786 2625 853 Qui
2673 788 2836 855 igitur
2881 789 2945 842 de
2979 789 3064 842 die
3115 789 3166 841 in
3199 788 3336 841 diem
3376 803 3526 842 reuo-

1962 886 2178 937 vantur,
2211 875 2468 928 etvinum
2500 889 2693 927 novum
2719 892 2744 926 a
2770 889 2896 928 vera
2927 876 3029 927 vite
3057 874 3343 942 accipiunt,
3379 883 3526 927 utres

1963 967 2083 1019 novi
2109 981 2227 1020 esse
2267 967 2318 1019 in
2352 965 2641 1034 Evangelia
2677 967 2947 1020 dicuntur.
2991 967 3091 1033 Qui
3138 981 3268 1020 vero
3292 965 3524 1019 nondum

1965 1067 2198 1110 veterem
2243 1057 2513 1111 hominem
2565 1067 2851 1120 exuerunt,
2913 1069 3039 1111 sunt
3102 1066 3316 1112 veteres
3346 1065 3520 1118 utres,

1963 1149 2157 1214 quibus
2207 1148 2528 1217 suscipiendi
2570 1149 2676 1201 vini
2737 1150 2857 1202 novi
2891 1149 3117 1202 facultas
3160 1148 3379 1201 concedi
3417 1162 3521 1202 neu

1964 1249 2162 1307 potest.
2198 1238 2366 1293 Nemo
2421 1239 2564 1292 enim
2618 1240 2779 1292 mittit
2808 1241 2989 1293 viuum
3041 1255 3234 1292 novum
3280 1240 3331 1292 in
3379 1250 3527 1292 utres

1962 1343 2190 1396 veteres,
2218 1341 2274 1384 ut
2302 1346 2367 1384 ne
2400 1340 2452 1384 et
2485 1332 2666 1384 vinum
2705 1330 3029 1394 effundatur,
3077 1341 3132 1384 et
3159 1332 3232 1384 illi
3264 1340 3410 1384 utres
3437 1347 3527 1399 pe-

1962 1419 2108 1474 nitus
2153 1428 2376 1486 pereaut
2402 1419 2473 1483 ⁷³,
2527 1420 2726 1474 nullam
2763 1419 2989 1489 amplius
3022 1419 3230 1473 veniam
3269 1434 3526 1472 consecu-

1965 1512 2108 1576 turi,
2180 1511 2224 1564 si
2296 1510 2494 1564 bonum
2563 1527 2625 1565 ac
2678 1527 2873 1564 novum
2937 1512 3118 1564 vinum
3171 1510 3523 1564 inelI'uudaut.

1961 1603 2167 1657 Novum
2225 1603 2367 1656 enim
2407 1604 2588 1656 vinum
2632 1612 2780 1655 utres
2838 1617 3005 1657 novos
3055 1611 3138 1656 est
3185 1603 3540 1657 mittendum-

1964 1693 2157 1747 Vinum
2181 1692 2322 1760 quod
2371 1706 2565 1744 novum
2599 1707 2661 1744 ac
2699 1692 2973 1760 spirituale
3021 1693 3111 1756 sit,
3141 1694 3388 1760 quodque
3416 1691 3510 1762 δεῖ

1967 1779 2068 1832 ritu
2093 1790 2282 1833 sancto
2312 1777 2537 1842 ferveat,
2566 1780 2734 1847 ipsam
2768 1780 3018 1834 videlicet
3051 1782 3298 1834 veritatis
3329 1780 3528 1837 intelli-

287 1867 450 1920 καλὸν
482 1870 573 1922 καὶ
602 1869 784 1922 καινὸν
827 1869 1086 1938 ἐκχέωσιν
1124 1865 1282 1922 οἶνον.
1339 1867 1490 1923 Οἶνον
1529 1872 1635 1940 γάρ
1675 1871 1858 1924 καινὸν

1976 1871 2190 1939 gentiam
2220 1885 2491 1938 nunquam
2534 1880 2982 1935 veterascentem,
3019 1871 3070 1924 in
3119 1886 3312 1925 navum
3357 1872 3526 1925 homi-

285 1962 369 2022 εἰς
429 1961 630 2023 ἀσκοὺς
675 1960 892 2023 καινοὺς
940 1959 1178 2030 βλητέον.
1221 1961 1321 2011 Τὸν
1351 1959 1532 2012 καινὸν
1568 1962 1660 2013 καὶ
1696 1977 1858 2014 πνευ-

289 2051 516 2121 ματικὸν
569 2046 728 2113 οἶνον,
786 2051 878 2103 καὶ
939 2049 1016 2120 τῷ
1082 2050 1355 2121 Πνεῦματι
1412 2050 1489 2120 τῷ
1535 2051 1674 2121 ἁγίῳ
1717 2050 1862 2115 ζέον-

284 2161 376 2204 τα,
410 2142 502 2195 τὸν
548 2142 816 2213 μηδέποτε
865 2140 1255 2211 παλαιούμενον
1303 2142 1401 2212 τῆς
1451 2141 1705 2211 ἀληθείας
1738 2143 1860 2197 νοῦν

285 2241 367 2302 εἰς
433 2239 525 2292 τὸν
583 2238 766 2290 καινὸν
830 2237 1115 2309 ἄνθρωπον
1174 2237 1434 2307 βλητέονο
1507 2237 1598 2301 ὃς,
1662 2237 1748 2290 διὰ
1805 2239 1867 2293 τὸ
1939 2243 2169 2296 πάντοτε
2226 2241 2326 2312 τὴν
2386 2240 2650 2313 νέκρωσιν
2708 2240 2802 2294 τοῦ

1966 1977 2086 2016 nent
2116 1962 2328 2016 mittere
2374 1977 2547 2031 operae
2588 1961 2813 2030 pretium
2844 1971 2963 2026 est;
2996 1963 3109 2031 qui,
3137 1963 3279 2030 quod
3319 1976 3532 2030 semper

1966 2054 2434 2108 mortiﬁcationem
2470 2051 2593 2107 Iesu
2621 2054 2670 2106 in
2702 2069 2931 2124 corpore
2960 2054 3272 2110 circumfert
3299 2056 3366 2121 ⁷⁸,
3413 2066 3534 2110 uter

1963 2162 2136 2201 novus
2186 2147 2292 2201 dici
2323 2147 2515 2200 merito
2549 2155 2739 2215 potest.

2881 2240 3054 2312 Ἰησοῦ
3112 2243 3170 2296 ὲν
3223 2239 3300 2312 τῷ
3349 2241 3532 2312 σώμα-

286 2350 341 2385 τι
385 2329 718 2402 περιφέρειν,
782 2330 947 2392 ἀσκὸς
993 2329 1058 2382 ἂν
1103 2329 1311 2397 λέγοιτο
1365 2325 1500 2381 εἶναι
1561 2330 1742 2394 καινὲς
1787 2332 2031 2398 δικαίως.

357 2423 410 2478 6.
443 2421 754 2489 Φοϐηθιξτω
774 2423 880 2474 τὸν
905 2423 1121 2490 Κύριον
1144 2420 1312 2476 πᾶσα
1342 2424 1376 2489 ή
1408 2421 1482 2492 γῆ
1504 2440 1517 2452 ·
1549 2424 1647 2476 ἀπ’
1679 2425 1862 2478 αὑτοῦ

287 2513 356 2567 δὲ
402 2513 872 2578 σαλευθήτωσαν
933 2512 1160 2579 πάντες
1202 2517 1253 2567 οἱ
1279 2515 1693 2581 κατοικοῦντες
1748 2516 1862 2581 τὴν

289 2603 670 2672 οἰκουμένην.
730 2603 946 2674 Ἐπειδὴ
998 2604 1161 2672 φόϐος
1211 2605 1415 2675 Κυρίου
1476 2607 1618 2678 ἀρχὴ
1682 2607 1867 2678 αἰσθή-

294 2713 432 2759 σεως
463 2696 594 2765 (19),
619 2696 668 2746 οἱ
696 2694 763 2748 τά
787 2696 952 2765 γήινα
977 2696 1297 2766 φρονοῦντες
1323 2696 1410 2750 διὰ
1434 2697 1598 2766 φόϐου
1617 2698 1868 2751 παιδευέ-

296 2789 528 2840 σθωσαν.
585 2789 670 2849 Ὠς
741 2786 838 2856 μὲν
888 2787 996 2858 γὰρ
1048 2789 1406 2855 εἰσαγωγικδς
1455 2791 1535 2850 εἰς
1587 2789 1867 2842 εὐσέϐειαν

292 2879 602 2948 ἀναγκαίως
637 2879 1121 2950 παραλαμϐάνεται
1157 2883 1186 2934 6
1218 2881 1399 2948 φόϐος,
1433 2881 1620 2950 ἀγάπη
1647 2883 1724 2946 δὲ,
1755 2883 1866 2934 λοι-

293 2972 395 3025 πὸν
427 2970 815 3041 παραλαϐοῦσα
838 2971 962 3032 τοὺς
991 2969 1383 3041 ῥυθμισθέντας
1403 2973 1509 3024 ἀπὸ
1531 2971 1624 3024 τοῦ
1648 2974 1868 3042 ἐπιστη-

295 3062 518 3136 μονικοῦ
547 3063 732 3132 φόϐου,
764 3063 974 3115 τελειοί.
1019 3064 1175 3135 Πὰσῃ
1201 3059 1292 3115 οὖν
1333 3067 1398 3134 τῇ
1429 3067 1497 3134 γῇ
1532 3064 1692 3132 φόϐον
1730 3081 1868 3135 παρ-

291 3155 548 3226 αγγέλλει
579 3158 607 3208 6
633 3156 808 3224 λόγος.
845 3159 1322 3222 Σαλευθήτωσαν
1341 3157 1428 3222 δὲ,
1458 3161 1609 3227 φησι,
1639 3159 1739 3212 ἀπ’
1769 3161 1867 3212 αὑ-

291 3250 400 3304 τοῦ
467 3247 689 3313 πάντες
739 3251 790 3301 οἱ
848 3246 1265 3312 κατοικοῦντες
1321 3249 1434 3316 τὴν
1483 3247 1863 3317 οἰκουμένην.

294 3341 472 3393 Οἱονεὶ
503 3342 610 3392 πᾶν
639 3339 859 3410 κίνημα,
898 3338 1006 3391 εἴτε
1041 3338 1180 3391 κατά
1210 3339 1353 3398 νοῦν,
1379 3339 1486 3391 εἴτε
1520 3339 1662 3393 κατά
1685 3357 1869 3410 σωμα-

291 3432 454 3500 τικὴν
481 3431 757 3500 ἐνέργειαν
783 3428 1216 3499 ὲπιτελοῦμενον,
1246 3428 1390 3482 κατὰ
1422 3429 1483 3482 τὸ
1509 3430 1752 3501 βούλημα
1776 3431 1870 3482 αῦ-

292 3527 407 3586 τοῖς
431 3523 522 3575 τοῦ
553 3522 686 3574 Θεοῦ
709 3521 1054 3590 ἐνεργείσθω.
1088 3521 1242 3574 Οῦτω
1270 3522 1378 3592 γὰρ
1417 3522 1522 3576 νοῶ
1543 3523 1620 3589 τὸ,
1651 3526 1871 3575 Σαλευ-

294 3615 574 3680 θιξτωσαν
606 3614 705 3667 ἀπ’
734 3613 944 3667 αὐτοῦ.
980 3613 1155 3664 Οἱονεὶ
1183 3615 1316 3682 μήτε
1344 3613 1618 3682 ὀφθαλμὸς
1655 3612 1874 3664 σαλευέ-

297 3707 412 3760 σθω
443 3706 554 3777 (20)
588 3707 716 3758 ἄνευ
745 3705 914 3758 Θεοῦ·
958 3705 1030 3775 μὴ
1069 3705 1188 3776 χεὶρ
1241 3705 1492 3758 κινείσθω
1533 3706 1658 3758 ἄνευ
1705 3703 1869 3756 Θεοῦο

298 3799 376 3870 μὴ
414 3800 447 3868 ἡ
497 3795 692 3867 καρδία
737 3794 1051 3848 διανοείσθω
1094 3794 1163 3847 τά
1201 3795 1272 3866 μὴ
1311 3796 1575 3866 εὐάρεστα
1623 3793 1698 3862 τῷ
1735 3793 1872 3862 Θεῷ.

296 3890 410 3942 Καὶ
463 3887 598 3950 ὅλως
646 3887 753 3940 ἀπὸ
789 3887 1012 3957 μηδενὸς
1053 3886 1211 3940 ἄλλου
1260 3886 1694 3956 σαλευθήτωσαν,
1743 3885 1876 3955 μηδὲ

297 3980 498 4043 αὐτούς
526 3998 579 4032 τι
611 3981 849 4044 κινείτω,
885 3981 932 4032 εἰ
967 3978 1040 4050 μὴ
1073 3982 1100 4032 6
1135 3978 1227 4032 τοῦ
1255 3979 1386 4031 Θεοῦ
1413 3977 1596 4046 φόϐος.
1631 3978 1751 4029 ’Ότι
1779 3978 1879 4029 ab-

296 4073 402 4136 τὸς
425 4070 576 4135 εἶπε,
613 4072 709 4124 καὶ
734 4069 1108 4139 ἐγενήθησαν
1131 4088 1143 4100 ·
1178 4070 1358 4136 αὐτὸς
1385 4069 1742 4131 ἐνετείλατο,
1779 4065 1878 4119 καὶ

295 4165 690 4231 ἐκτίσθησαν.
732 4163 875 4233 Πρὸς
911 4163 1003 4214 δύο
1029 4162 1095 4214 τὰ
1124 4162 1430 4233 προάγοντα
1467 4161 1559 4213 δύο
1589 4161 1835 4229 ἐπήγαγε
1861 4174 1874 4187 ·

299 4257 616 4323 Φοϐηθήτω
641 4256 809 4309 πᾶσα
831 4257 867 4323 1i
899 4255 997 4324 γῆ,
1021 4256 1131 4317 καὶ,
1156 4253 1633 4318 Σαλευθήτωσαν
1657 4251 1880 4316 πάντες

299 4350 357 4402 οἱ
399 4347 814 4412 κατοικοῦντες
856 4346 970 4411 τὴν
999 4345 1376 4415 οἰκουμένην,
1408 4347 1488 4408 τὸ,
1514 4343 1706 4410 Αὐτὸς
1731 4340 1879 4407 εἷπε,

2031 2428 2085 2483 6.
2116 2427 2284 2482 Vens.
2319 2429 2372 2483 8.
2404 2427 2606 2482 Timeat
2652 2428 2930 2481 Dominum
2966 2430 3134 2480 omnis
3165 2437 3305 2481 terra
3330 2443 3350 2482 :
3381 2427 3445 2480 ab
3473 2443 3532 2481 eo

1961 2529 2134 2572 autem
2194 2529 2618 2572 commoveantur
2677 2534 2852 2571 omnes
2916 2517 3270 2572 inhabitantes
3331 2520 3530 2570 orbem.

1965 2607 2411 2677 Quandoquidem
2444 2609 2603 2660 timor
2643 2608 2848 2660 Domini
2886 2607 3096 2660 initium
3140 2619 3223 2661 est
3255 2623 3444 2662 sensus
3465 2607 3533 2667 ⁷⁵.

1966 2709 2176 2752 terrena
2222 2698 2314 2767 qui
2357 2701 2591 2766 sapiunt,
2635 2713 2730 2764 per
2778 2698 3024 2753 timerem
3074 2699 3412 2751 erudiantur.
3447 2696 3536 2752 Ti-

1965 2805 2083 2843 mor
2115 2790 2256 2843 enim
2300 2789 2445 2842 velut
2475 2791 2541 2842 ad
2580 2790 2832 2858 pietatem
2883 2790 3249 2854 introducens,
3293 2804 3540 2844 necessa-

1973 2882 2054 2934 rio
2082 2881 2369 2934 adhibetur
2404 2899 2417 2934 :
2463 2881 2703 2936 charitas
2749 2897 2877 2935 vero
2924 2881 3180 2948 deinceps
3223 2882 3537 2946 succedens,

1974 2987 2066 3026 eos
2087 2987 2220 3040 quos
2251 2973 2410 3026 timor
2451 2972 2518 3025 ad
2571 2973 2924 3026 erudiendum
2970 2973 3196 3026 idoneus
3238 2975 3538 3026 concinna-

1974 3064 2068 3128 vit,
2101 3062 2330 3132 perlicit.
2376 3063 2563 3131 Itaque
2607 3073 2762 3116 terrae
2787 3063 2932 3116 omni
2979 3067 3143 3116 verba
3177 3064 3361 3117 isthaec
3395 3064 3542 3116 tim)-

1974 3170 2085 3207 rem
2118 3153 2439 3223 praecipiunt
2473 3151 2950 3208 :Commoreantnr
3000 3164 3194 3218 autem,
3240 3153 3431 3222 inquit,
3475 3171 3540 3206 α)

1972 3261 2031 3298 eo
2059 3261 2235 3297 omnes
2288 3245 2638 3298 inhabitantes
2666 3246 2861 3298 orbem.
2907 3244 3170 3298 Nimirum
3221 3255 3396 3298 motus
3427 3260 3543 3298 om-

1976 3335 2081 3395 nis,
2113 3343 2222 3384 tum
2246 3334 2335 3400 qui
2369 3349 2432 3386 ex
2468 3346 2667 3398 tuente,
2699 3345 2806 3387 tum
2837 3335 2926 3404 qui
2952 3350 3016 3389 ex
3041 3333 3305 3402 corporali
3329 3336 3542 3389 actione

1975 3424 2170 3488 oritur,
2211 3424 2507 3477 secundum
2545 3425 2635 3478 Dei
2671 3427 2998 3478 voluntatem
3025 3426 3092 3479 ab
3129 3427 3259 3494 ipsis
3293 3421 3544 3494 perﬁcia-

1980 3526 2086 3569 tur.
2118 3516 2209 3570 Sic
2240 3516 2384 3569 enim
2425 3516 2665 3586 intelligo
2724 3517 2873 3580 illud,
2904 3515 3337 3571 Commoveantur
3371 3520 3434 3570 ab
3463 3535 3542 3572 eo.

1979 3607 2223 3677 Exempli
2253 3609 2448 3676 gratia,
2497 3622 2669 3676 neque
2697 3608 2886 3662 oeulus
2929 3618 3207 3662 moveatur
3250 3610 3366 3663 sine
3407 3610 3538 3674 Deo,

1981 3714 2154 3769 neque
2191 3715 2380 3753 manus
2425 3701 2659 3766 agitetur
2712 3701 2828 3752 sine
2888 3700 3017 3766 Deo,
3080 3715 3178 3754 nec
3207 3715 3299 3754 cor
3349 3701 3550 3768 cogitet

1982 3807 2102 3860 qua:
2142 3792 2253 3846 Deo
2316 3807 2420 3845 non
2454 3791 2686 3858 placent.
2736 3791 2800 3844 Et
2833 3792 2884 3844 in
2931 3807 3164 3854 summa,
3202 3809 3230 3844 a
3265 3792 3410 3845 nullo
3436 3792 3541 3843 alio

1985 3893 2306 3936 moveantur
2351 3899 2364 3934 :
2404 3896 2578 3950 neque
2625 3881 2769 3950 ipsos
2820 3862 3110 3951 quidquam
3171 3894 3402 3947 moveat,
3444 3884 3545 3936 nisi

1986 3973 2078 4028 Dei
2123 3974 2301 4028 timor.
2359 3972 2520 4027 Vens.
2560 3973 2611 4026 9.
2674 3974 2937 4038 Quoniam
2974 3975 3082 4040 ipse
3120 3976 3275 4038 dixit,
3314 3985 3360 4028 et
3407 3973 3546 4043 facta

1985 4077 2139 4131 sunt;
2167 4065 2275 4132 ipse
2302 4067 2590 4128 mandavit,
2625 4078 2672 4118 et
2722 4075 2898 4118 creata
2932 4077 3069 4118 sunt.
3104 4066 3318 4121 Duobus
3349 4080 3551 4134 praece-

1986 4157 2242 4211 dentibus
2267 4158 2372 4209 duo
2402 4157 2641 4210 subdidit
2681 4173 2694 4208 :
2728 4157 2978 4225 primum,
3021 4154 3220 4209 Timent
3247 4157 3414 4210 omnis
3448 4166 3554 4209 tor.

1988 4266 2070 4310 ra,
2108 4259 2181 4311 et,
2220 4247 2652 4301 Commoveantur
2711 4263 2885 4300 omnes
2929 4247 3282 4301 inhabitantes
3325 4252 3497 4298 orbem
3533 4257 3553 4298 :

1989 4339 2108 4408 Ipse
2147 4340 2302 4405 dixit,
2359 4351 2403 4391 et
2441 4339 2584 4405 facta
2621 4349 2739 4391 sunt
2784 4340 3045 4404 :deinde,
3100 4338 3221 4407 Ipse
3268 4339 3552 4406 mandatit,

301 4437 404 4491 καὶ
431 4436 826 4507 ἐγενήθησαν,
867 4437 1056 4502 Αὐτὸς
1087 4438 1446 4498 ἐνετείλατο,
1480 4435 1578 4488 καὶ
1605 4435 1868 4501 ἐκτίσθη-

1991 4438 2038 4482 et
2075 4439 2247 4481 creata
2295 4438 2437 4481 sunt.
2488 4427 2709 4493 Quando
2773 4437 3100 4494 composnus
3151 4429 3308 4480 horno
3360 4435 3549 4480 estex

299 4546 444 4584 σαν.
482 4529 699 4599 Ἐπειδὴ
740 4527 988 4590 σύνθετος
1022 4529 1049 4580 ὁ
1079 4526 1361 4597 ἄνθρωπος
1395 4526 1457 4578 ἐκ
1485 4543 1541 4578 τε
1567 4525 1658 4577 τοῦ
1687 4525 1876 4594 γηίνου

301 4621 619 4690 πλάσματος
645 4619 738 4672 καὶ
761 4620 823 4670 ἐκ
852 4619 950 4687 τῆς
983 4617 1295 4688 ἐνοικοὺσης
1333 4616 1509 4685 ψυχῆς
1535 4614 1611 4684 τῷ
1643 4613 1878 4684 σώματι,

300 4710 374 4780 γῆ
402 4710 498 4779 μὲν
525 4708 739 4776 λέγεται
765 4708 825 4760 τὸ
849 4710 910 4760 ὲκ
932 4706 1031 4775 τῆς
1057 4706 1160 4775 γῆς
1185 4704 1586 4774 πεπλασμένον,
1615 4702 1883 4754 κατοικῶν

300 4801 358 4853 δὲ
384 4801 480 4869 τὴν
501 4799 847 4870 οἰκουμένην,
879 4800 912 4867 ἡ
939 4797 1034 4867 τὴν
1064 4800 1121 4849 ἐν
1155 4795 1369 4866 σώματι
1393 4793 1665 4863 διαγωγὴν
1693 4791 1886 4863 λαχοῦ-

305 4908 375 4943 σα
395 4891 560 4960 ψυχή.
596 4889 956 4958 Καταλλήλως
988 4885 1079 4941 οὖν
1116 4892 1182 4958 τῇ
1207 4891 1278 4958 γῇ
1310 4887 1624 4939 ἀποδέδοται
1653 4885 1734 4948 τὸ,
1763 4887 1880 4938 Αὑ-

302 4983 407 5048 τός
442 4979 592 5046 εἷπε,
625 4981 722 5035 καὶ
760 4979 1134 5047 ἐγενήθησαν
1161 4979 1304 5047 (21)·
1344 4979 1436 5030 ἐπὶ
1475 4976 1572 5046 μὲν
1620 4974 1714 5027 τοῦ
1745 4975 1855 5028 πλά

377 5099 424 5132 ⁷⁸
459 5099 646 5153 Matth.
673 5115 749 5161 ix,
782 5098 867 5152 Π.
942 5098 988 5129 ⁷⁸
1015 5099 1054 5151 ll
1085 5097 1209 5151 Cor.
1243 5114 1316 5160 tv,
1347 5096 1432 5150 I0.

376 5256 489 5323 (I7)
522 5256 669 5319 Regii
709 5256 895 5309 tertius
919 5264 972 5308 et
994 5264 1177 5308 Sextus
1204 5253 1585 5326 προϐλήματος
1615 5251 1706 5304 τοῦ
1744 5268 1875 5321 προ-

306 5327 558 5395 φητικοῦ.
594 5327 722 5396 Reg.
764 5325 1029 5379 secundus
1072 5325 1390 5391 srripturam
1443 5338 1727 5396 utramque
1781 5337 1876 5375 cx-

307 5393 457 5452 hibet
488 5412 500 5446 :
538 5393 697 5448 unam
725 5397 775 5447 in
808 5403 1079 5454 contextu,
1107 5396 1328 5448 alteram
1363 5396 1414 5447 iu
1446 5393 1705 5461 margine.

381 5467 490 5533 (l8)
527 5466 658 5531 lleg.
692 5473 914 5536 quartus
936 5465 1167 5536 Ῠὲκχεθῇ.

381 5530 492 5606 (I9)
530 5530 1074 5606 Edituminvenimus
1103 5530 1150 5587 in
1201 5535 1367 5606 veteri
1411 5530 1874 5606 interpretatione,

311 5599 492 5659 Timui“
515 5605 724 5658 Domini
749 5603 959 5656 initium
990 5616 1062 5656 est
1094 5605 1384 5670 sapientitc,
1426 5603 1582 5654 male.
1623 5599 1746 5667 Ejus
1778 5600 1881 5652 loci

308 5693 436 5746 pars
489 5677 659 5746 incilia
711 5685 921 5746 sumpta
963 5685 1047 5726 est
1091 5688 1156 5726 ex
1204 5677 1410 5742 psalmo
1455 5687 1544 5735 cx,
1582 5670 1667 5733 I0,
1714 5671 1880 5723 altera

310 5743 439 5798 vero
469 5762 533 5798 ex
561 5743 717 5798 Prov.
747 5761 785 5806 l,
812 5745 864 5795 7.

380 5815 494 5887 (‘20)
519 5815 669 5870 Colb.
698 5822 922 5885 quartus
946 5809 1222 5881 ὀφθαλμὸς
1248 5811 1574 5884 σαλευθήτω.
1608 5810 1722 5864 Mox
1751 5808 1880 5878 lieg.

1508 5094 1554 5125 ⁷⁸
1593 5092 1751 5146 Prov.
1789 5109 1823 5156 I,
1853 5095 1904 5146 7.

1990 4531 2202 4574 terreno
2257 4520 2528 4590 ﬁgmento,
2597 4527 2651 4571 et
2703 4533 2767 4570 ex
2831 4517 3165 4570 inhabitante
3224 4516 3277 4569 in
3327 4530 3556 4582 corpore

1991 4613 2170 4665 anima
2215 4630 2226 4664 :
2259 4613 2310 4665 id
2337 4612 2476 4680 quod
2509 4627 2538 4664 e
2575 4619 2720 4663 terra
2766 4607 3055 4661 formatum
3105 4619 3208 4671 est,
3242 4619 3383 4662 terra
3416 4609 3551 4662 dici-

1993 4714 2121 4755 tur:
2175 4702 2355 4755 anima
2395 4716 2524 4756 vero
2554 4700 2940 4755 habitationem
2991 4700 3040 4751 in
3092 4715 3316 4768 corpore
3343 4701 3556 4765 sortita,

1991 4795 2174 4845 orhem
2195 4793 2506 4845 inhabitans
2530 4803 2770 4843 vocatur.
2795 4789 2982 4857 Itaque
3013 4791 3172 4860 138
3202 4801 3558 4859 congruenter

1987 4894 2144 4936 terra:
2174 4884 2662 4949 convenienterque
2695 4882 2898 4935 editum
2935 4893 3019 4935 est
3071 4899 3083 4933 :
3122 4882 3244 4949 Ipse
3289 4882 3446 4945 dixit,
3510 4891 3556 4934 et

1987 4977 2126 5028 facta
2149 4985 2304 5040 sunt;
2329 4989 2449 5028 cum
2469 4974 2557 5027 illa
2589 4973 2770 5040 verba,
2799 4971 2968 5027 Facta
3000 4988 3142 5037 sunt,
3165 4977 3230 5027 tle
3253 4983 3434 5028 nostro
3473 4975 3561 5041 lig-

1986 5251 2174 5303 tertius
2192 5247 2496 5302 διανοείτω.

2054 5319 2167 5389 (21)
2203 5319 2379 5371 Ειῖἰιίο
2416 5317 2588 5389 Paris.
2638 5322 2691 5369 et
2719 5310 3130 5389 nonttulli_mss.
3180 5305 3562 5389 καξὲγενήθη-

1984 5378 2103 5443 σαν.
2151 5378 2327 5451 Ἀῦτὸς
2356 5387 2681 5446 ἐνετείλατο,
2731 5383 2824 5436 καὶ
2867 5378 3212 5451 ἐκτίσθησαν.
3259 5378 3360 5451 sed
3395 5387 3558 5451 totuiu

1983 5461 2133 5520 illud,
2189 5445 2360 5522 Αὐτός
2420 5445 2726 5512 ἐνετείλατο
2757 5445 3230 5522 καὶγὲκτισθησαν,
3288 5447 3436 5497 deest
3498 5445 3556 5522 in

1985 5515 2218 5594 quatuor
2251 5515 2382 5582 mss.
2417 5538 2473 5581 et
2503 5529 2555 5581 in
2586 5527 2820 5597 editione
2851 5521 3011 5574 Basil.
3041 5515 3208 5597 Δφὺνιθ
3247 5531 3367 5597 pluit
3401 5518 3560 5596 verba

1989 5585 2074 5652 illa
2111 5598 2300 5672 __paulo
2349 5609 2476 5651 ante
2517 5593 2908 5672 prolata_sint,
2950 5587 3131 5672 Sta‘lvitu
3163 5585 3352 5672 eadem,
3387 5585 3554 5648 repeti

1989 5653 2176 5722 inutile
2211 5670 2430 5722 Omnino
2477 5653 2597 5721 esse
2641 5663 2991 5717 arbitramur.
3027 5654 3227 5710 Vocula
3287 5653 3409 5726 μέν,
3444 5671 3561 5722 quea

1989 5754 2111 5794 mox
2150 5739 2421 5809 sequitur,
2455 5739 2605 5792 abest
2631 5751 2659 5788 a
2693 5746 2820 5787 mss.
