4008 6402
300 393 371 454 3i
381 395 403 449 ⁴Ι

1471 405 1749 465 [IOMILIA
1791 411 1858 466 IN
1894 412 2218 470 PSALMUM
2260 415 2474 474 XXXII.

3461 422 3566 478 δη

373 518 426 570 7.
458 517 529 572 Ἡ
549 515 618 570 δὲ
637 518 840 586 βουλὴ
870 519 977 573 τοῦ
999 523 1216 589 Κυρίου
1237 526 1320 590 εἰς
1346 525 1452 579 τὸν
1485 527 1670 582 αἰῶνα
1687 529 1880 598 μένει·

2061 535 2112 590 7.
2155 536 2314 590 Vleas.
2354 537 2434 590 Η.
2479 534 2766 590 Consilium
2800 547 2972 590 autem
3002 537 3210 591 Domini
3238 541 3289 593 in
3315 551 3566 596 wternttm

296 609 579 678 ,λογισμοί
619 609 730 679 τῆς
773 612 1020 682 καρδίας
1057 616 1244 669 αὑτοῦ
1283 620 1370 683 εὶς
1391 621 1606 688 γενεὰν
1654 623 1754 676 καὶ
1793 641 1886 691 γε·-

294 700 464 754 νεάν.
494 701 608 772 Οὐχ
626 704 757 773 ὁρᾷς
784 703 854 756 τὰ
880 703 988 758 τῶν
1015 704 1182 760 ἐθνῶν
1213 707 1480 779 δόγματα,
1514 709 1612 781 τὴν
1650 713 1885 782 ματαίαν

292 794 502 865 ταύτην
549 795 890 865 φιλοσοφίαν,
926 799 1072 860 ὅπως
1114 798 1300 853 λεπτοὶ
1344 802 1438 855 καὶ
1472 803 1716 874 περιττοὶ
1757 806 1884 876 περὶ

295 887 398 949 τὰς
420 886 675 958 εὑρήσεις
702 889 808 942 τῶν
832 889 1113 961 δογμάτων
1144 893 1280 946 εἰσὶν
1307 893 1364 946 ἐν
1389 912 1447 947 τε
1487 895 1724 963 λογικοῖς
1753 896 1886 950 θεω-

300 981 507 1051 ρήμασι
540 981 632 1033 καὶ
667 981 883 1050 ἠθικαῖς
912 984 1206 1050 διατάξεσι,
1244 987 1338 1040 καὶ
1374 987 1741 1057 φυσιολογίαις
1772 992 1884 1043 τισὶ

298 1071 394 1123 καὶ
418 1071 683 1142 δόγμασιν
707 1073 885 1138 ἄλλοις
915 1078 1026 1140 τοῖς
1048 1078 1360 1140 ἐποπτικοῖς
1391 1078 1504 1146 (26)
1532 1079 1843 1150 λεγομένοις
1866 1098 1880 1147 ;

299 1164 418 1226 πῶς
455 1164 825 1220 διεσκέδασται
849 1167 1048 1231 πάντα,
1073 1169 1166 1222 καὶ
1186 1169 1500 1239 ἡχρείωται,
1536 1171 1670 1241 μόνη
1702 1173 1757 1224 δὲ
1787 1174 1883 1242 ἐμ-

297 1256 642 1310 πολιτεύεται
679 1257 775 1311 νῦν
829 1258 906 1330 τῷ
934 1260 1124 1331 κόσμῳ
1164 1263 1196 1332 ἡ
1249 1261 1472 1332 ἀλήθεια
1510 1263 1603 1316 τοῦ
1639 1265 1881 1331 Εὑαγγεν

299 1348 453 1414 λίου;
503 1350 704 1403 Πολλαι
736 1351 846 1420 γὰρ
883 1354 938 1405 αι
991 1352 1175 1422 βουλαὶ
1229 1355 1287 1407 ἐν
1325 1354 1522 1426 καρδίᾳ
1552 1339 1878 1425 ἀνθρώπων

299 1441 415 1494 ἀλλ’
449 1444 482 1512 ὴ
523 1443 684 1514 βουλὴ
710 1443 804 1496 τοῦ
846 1445 1052 1514 Κυρίου
1107 1444 1397 1516 ἐκράτησε.
1449 1445 1559 1497 Καὶ
1589 1445 1882 1512 ἀναγκαῖόν

298 1553 391 1605 γε,
427 1537 475 1588 εἰ
509 1536 691 1606 μέλλοι
738 1537 850 1605 (27)
901 1537 1124 1608 μόνιμος
1170 1539 1264 1592 κα)⁸
1297 1537 1482 1609 ἐδραία
1524 1540 1556 1608 ἡ
1593 1537 1743 1608 παρὰ
1787 1537 1880 1590 τοῦ

299 1628 433 1682 Θεοῦ
460 1629 620 1700 βουλὴ
651 1632 768 1693 ταῖς
804 1629 1000 1700 ψυχαῖς
1040 1630 1196 1702 ἡμῶν
1233 1631 1610 1701 ἐναπομένειν,
1659 1630 1880 1700 προδιας

302 1720 664 1792 σκεδασθῆναι
694 1722 957 1793 πρότερον
987 1724 1044 1776 ἐν
1079 1725 1207 1794 ἡμῖν
1236 1723 1362 1786 τοὺς
1392 1721 1763 1793 ἀνθρωπίνους
1796 1721 1882 1775 λο-

300 1812 551 1883 γισμούς.
596 1814 805 1885 Ὥσπερ
848 1816 956 1885 γὰρ
1004 1817 1032 1868 ὁ
1081 1817 1314 1884 γράφειν
1372 1815 1578 1885 μέλλων
1601 1816 1658 1869 ἐν
1703 1812 1877 1884 κηρῷ,

299 1905 774 1977 προκαταλεαίνων
805 1907 1085 1978 πρότερον,
1113 1906 1284 1971 οὕτως
1318 1908 1596 1961 ἐπιϐάλλει
1628 1908 1752 1970 τοὺς
1783 1906 1878 1959 τύ-

298 2015 436 2062 πους
465 1997 558 2062 οὒς
597 1999 691 2052 ἐὰν
719 1998 847 2072 θέλῃ
867 2016 879 2029 ·
911 1999 1052 2054 οὕτω
1093 2002 1186 2054 καὶ
1227 2001 1451 2071 καρδίαν
1481 2001 1586 2072 χρὴ
1615 2001 1712 2072 τὴν
1749 2000 1878 2070 μέλ-

298 2089 497 2142 λουσαν
531 2090 744 2161 τρανῶς
778 2091 1130 2161 ὑποδέχεσθαι
1161 2090 1229 2144 τὰ
1264 2091 1378 2144 θεῖα
1424 2090 1598 2159 λόγια,
1634 2093 1879 2164 καθαρὰν

298 2180 363 2232 ἐκ
395 2179 503 2231 τῶν
533 2181 789 2232 ἐναντίων
829 2179 1103 2250 λογισμῶν
1143 2181 1546 2250 ἀποδειχθῆναι.
1592 2182 1876 2249 Λογισμοὶ

299 2271 409 2339 τῆς
429 2271 678 2339 καρδίας
717 2272 904 2326 αὑτοῦ
933 2274 1020 2338 εἰς
1059 2273 1272 2340 γενεὰν
1308 2273 1406 2326 καὶ
1451 2271 1683 2343 γενεάν.
1729 2273 1880 2325 Ἐπεὶ

297 2360 391 2416 οὖν
417 2363 511 2416 δύο
564 2365 702 2416 εἰσὶν
749 2366 796 2417 oi
834 2364 1078 2418 ἐκλεκτοὶ
1124 2364 1236 2434 (‘28)
1280 2363 1420 2426 λαοὶ,
1450 2366 1544 2417 καὶ¹
1577 2365 1669 2417 δύο
1697 2365 1880 2428 αὐτοῖς

296 2454 548 2526 διαθῆκαί
580 2458 684 2508 εισι
715 2455 1114 2527 δεδωρημέναι,
1149 2456 1401 2509 δύνανται
1442 2454 1580 2508 κατὰ
1623 2454 1716 2519 τὸ,
1771 2459 1880 2509 Λο-

295 2547 497 2616 γισμοὶ
527 2547 630 2616 τῆς
661 2549 907 2616 καρδίας
935 2549 1120 2603 αὐτοῦ
1153 2552 1240 2616 εὶς
1277 2549 1491 2619 γενεὰν
1525 2548 1623 2602 καὶ
1644 2547 1876 2618 γενεὰν,

297 2639 379 2702 δὶς
410 2639 509 2708 τῆς
533 2642 724 2707 γενεᾶς
759 2641 1164 2712 ὀνομαζομένης
1183 2683 1196 2705 ,
1227 2642 1318 2695 δύο
1341 2642 1579 2695 νοεῖσθαι
1609 2641 1702 2695 καὶ
1735 2641 1878 2709 λογι-

299 2731 454 2802 σμοί·
483 2728 562 2796 εἷς
595 2733 692 2803 μὲν
720 2735 842 2786 καθ’
876 2734 932 2785 ὃν
972 2735 1071 2805 τὴν
1106 2734 1375 2806 προτέραν
1418 2733 1716 2804 ἐδεξάμεθα
1753 2736 1879 2786 Δια-

299 2826 494 2894 θήκην,
541 2826 722 2896 ἕτερος
766 2826 822 2879 δὲ
867 2829 896 2880 ὁ
943 2827 1040 2897 τὴν
1091 2827 1280 2898 καινὴν
1335 2829 1428 2881 καὶ
1471 2827 1734 2897 σωτήριον
1785 2825 1878 2879 τοῦ

297 2917 536 2988 Χριστοῦ
587 2918 936 2972 διδασκαλίαν
976 2923 1105 2990 ἡμῖν
1143 2920 1528 2991 χαρισάμενος.
1581 2918 1882 2987 Μακάρων

297 3009 367 3060 τὸ
408 3008 582 3074 ἔθνος
607 3005 678 3065 οὗ
711 3011 841 3063 ἐστι
873 3012 1086 3078 Κύριος
1125 3015 1156 3064 ὁ
1200 3010 1342 3074 Θεὸς
1384 3011 1590 3070 αὑτοῦ,
1637 3010 1789 3076 λαὸς
1810 3010 1881 3063 ὃν

297 3100 619 3164 ἐξελέξατο
665 3103 752 3167 είς
774 3104 1174 3171 κληρονομία-ν
1206 3101 1415 3167 ἐαυτῷ.
1441 3104 1626 3166 Οὐδεὶς
1649 3102 1880 3174 μακαρί-

301 3192 384 3256 ζει
420 3193 512 3245 τὸν
557 3193 684 3246 λαὸν
713 3193 822 3248 τῶν
865 3193 1149 3256 Ἰουδαίων,
1196 3193 1331 3247 ἀλλὰ
1362 3195 1451 3247 τὸν
1480 3193 1604 3247 λαὸν
1642 3195 1734 3247 τὸν
1773 3195 1879 3246 ἀπὸ

301 3288 521 3340 πάντων
562 3286 671 3339 τῶν
716 3285 857 3341 λαῶν
903 3286 1210 3359 ἀριστίνδην
1245 3286 1636 3357 ἐξειλεγμένον.
1691 3286 1879 3356 Ἡμεῖς

301 3379 410 3449 γάρ
450 3381 615 3449 ἐσμεν
639 3379 699 3432 τὸ
739 3378 910 3445 ἔθνος,
948 3372 1022 3432 ὧν
1073 3380 1188 3432 ἐστι
1225 3379 1429 3452 Κύριος
1466 3381 1494 3432 ὁ
1523 3377 1653 3441 Θεὸς
1682 3377 1838 3448 ἡμῶν
1861 3395 1876 3408 -

302 3469 464 3540 ἡμεῖς
502 3471 668 3539 ἐσμεν
701 3471 794 3522 καὶ
835 3468 961 3531 λαὸς
991 3469 1051 3521 ὃν
1079 3467 1359 3534 ἐξελέξατο
1398 3470 1477 3532 εἰς
1516 3468 1878 3539 κληρονομίαν

302 3562 518 3633 ἐαυτῷ·
572 3562 722 3624 ἔθνος
777 3562 893 3633 μὲν,
928 3562 1014 3615 διὰ
1047 3561 1108 3613 τὸ
1138 3560 1196 3625 ἐξ
1235 3561 1404 3614 ἐθνῶν
1449 3559 1660 3613 πολλῶν
1705 3575 1868 3612 συνει-

302 3654 512 3725 λέχθαι,
543 3655 667 3718 λαὸς
692 3654 770 3718 δὲ,
810 3654 898 3707 διὰ
934 3654 994 3706 τὸ
1024 3654 1144 3706 ἀντὶ
1182 3653 1274 3706 τοῦ
1317 3653 1716 3724 ἀποϐληθέντος
1747 3651 1877 3704 λαοῦ

303 3747 729 3821 προσκληθῆναι.
779 3748 888 3801 Καὶ
929 3747 1116 3818 ἐπειδὴ
1159 3746 1380 3800 Πολλοὶ
1423 3745 1650 3813 κλητοὶ,
1693 3747 1882 3815 ὀλίγοι

301 3839 373 3894 δὲ
409 3841 698 3905 ἐκλεκτοὶ,
727 3837 1014 3910 μακαρίζει
1047 3839 1168 3909 οὐχὶ
1199 3837 1289 3891 τὸν
1313 3836 1599 3908 κληθέντα,
1627 3836 1762 3891 ἀλλὰ
1790 3836 1880 3889 τὸν

305 3932 650 4004 ἐκλεχθέντα.
683 3933 966 4003 Μακάριος
985 3931 1094 4001 γάρ
1122 3932 1180 3983 ὃν
1209 3929 1486 3995 ἐξελέξατο
1519 3930 1650 3997 (29).
1698 3931 1792 3991 Τίς
1822 3929 1880 3981 δὲ

303 4031 337 4097 ἠ
374 4027 522 4079 αἰτία
559 4025 652 4078 τοῦ
697 4024 1080 4096 μακαρισμοῦ;
1123 4025 1187 4076 Ἠ
1221 4022 1641 4094 προσδοκωμένη
1682 4023 1879 4092 κληρο-

305 4122 468 4191 νομία
513 4119 620 4174 τῶν
669 4120 900 4174 αἰωνίων
947 4119 1184 4187 ἀγαθῶν.
1244 4119 1311 4170 Ἢ
1351 4118 1555 4188 μήποτε
1612 4116 1750 4168 κατὰ
1793 4114 1882 4167 τὸν

319 4213 673 4276 Ἀπόστολον,
724 4211 942 4282 ἐπειδὴ,
997 4212 1122 4264 ὃταν
1164 4211 1224 4262 τὸ
1273 4209 1544 4279 πλήρωμα
1579 4207 1684 4260 τῶν
1715 4207 1882 4260 ἐθνῶν

307 4305 543 4375 εἰσέλθῃ,
581 4305 700 4357 τότε
734 4305 840 4366 πᾶς
893 4302 1107 4373 Ἰσραὴλ
1133 4301 1465 4370 σωθήσεται,
1512 4299 1727 4370 πρῶτον
1776 4317 1882 4366 μα-

305 4396 522 4468 καρίζει
547 4395 608 4449 τὸ
636 4395 907 4466 πλήρωμα
929 4394 1036 4447 τῶν
1074 4393 1241 4447 ἐθνῶν
1261 4437 1276 4459 ,
1313 4393 1498 4445 ἔπειτα
1539 4392 1630 4444 τὸν
1659 4391 1884 4461 ὕστερον

309 4490 615 4560 σωζόμενον
681 4487 933 4559 Ἰσραήλ;
993 4486 1229 4550 Σώζεται
1284 4485 1369 4546 δὲ,
1413 4484 1687 4555 δηλονότι,
1723 4484 1819 4552 οὐχ
1852 4484 1880 4534 ὁ

306 4582 504 4654 τυχὼν,
536 4582 671 4636 ἀλλὰ
701 4581 764 4634 τὸ
808 4581 1013 4650 λεῖμμα
1051 4578 1209 4649 μόνον
1247 4577 1310 4629 τὸ
1347 4577 1467 4630 κατ’
1515 4575 1744 4646 ἐκλογὴν
1793 4576 1882 4645 χά-

309 4693 476 4750 ριτος.
506 4676 605 4729 Διὰ
628 4672 784 4726 τοῦτό
807 4691 937 4744 φησι
960 4690 972 4702 ·
1004 4671 1161 4737 Λαὸς
1187 4670 1258 4723 ὃν
1280 4668 1598 4734 ἐξελέξατο
1621 4670 1706 4733 εἰς
1739 4672 1884 4734 κλη-

300 4770 595 4839 ρονομίαν
619 4765 828 4832 ἐαυτῷ.

1989 643 2202 682 manet:
2235 630 2583 698 cogitationes
2619 629 2795 682 cordis
2832 629 2945 698 ejus
2995 631 3048 683 in
3095 635 3474 698 generationem
3512 642 3563 687 et

1985 721 2392 789 generationem.
2428 719 2540 774 Non
2574 721 2722 775 vides
2781 721 3022 789 gentium
3055 722 3326 791 dogmata,
3368 739 3563 778 vanam

1988 813 2125 865 hanc
2177 813 2592 882 philosophiam,
2649 829 2808 882 quam
2857 813 3080 867 subtiles
3130 815 3238 867 sint
3283 823 3337 868 et
3377 815 3563 872 eximii

1986 908 2130 957 circa
2197 904 2510 974 dogmatum
2554 904 2931 969 inventiones,
2981 913 3090 958 tum
3127 908 3178 958 in
3211 908 3564 962 rationalibus

1985 995 2551 1062 contemplationibus,
2582 997 2740 1066 139
2765 1007 2873 1049 tum
2908 998 2960 1050 in
3015 997 3307 1052 moralibus
3357 1013 3560 1068 praet-e-

1985 1087 2278 1154 ptionibus,
2310 1087 2440 1141 etin
2473 1087 2707 1157 physicis
2743 1089 3059 1157 quibusdam
3095 1091 3392 1144 rationibus
3414 1091 3562 1146 aliis-

1984 1193 2090 1245 que
2125 1179 2411 1246 epoptieis,
2445 1194 2564 1246 qua:
2611 1189 2830 1246 vocant,
2874 1179 3215 1248 dogmatibus
3243 1182 3266 1234 ?
3291 1187 3561 1252 quomodo

1984 1269 2239 1338 dissipata
2287 1269 2394 1321 sint
2439 1270 2642 1332 omnia,
2694 1279 2747 1322 et
2801 1270 3008 1322 inutilia
3058 1271 3192 1323 facta
3223 1311 3236 1332 ,
3273 1286 3375 1324 una
3433 1286 3563 1328 vero

1985 1358 2261 1428 Evangelii
2293 1356 2494 1412 veritas
2519 1375 2662 1413 nunc
2695 1359 2746 1411 in
2778 1361 2978 1412 mundo
3003 1359 3210 1428 vigeat?
3229 1359 3386 1413 Multa
3415 1361 3559 1414 enim

1984 1451 2035 1505 in
2071 1451 2346 1506 hominum
2383 1453 2635 1506 cordibus
2668 1453 2978 1506 volutantur
3004 1453 3224 1507 consilia
3259 1470 3271 1518 ;
3301 1453 3389 1506 sed
3422 1469 3562 1521 prte-

1981 1543 2153 1598 valuit
2181 1544 2389 1598 Domini
2424 1545 2728 1598 consilium.
2763 1545 2830 1599 Et
2868 1547 3082 1614 quidem
3115 1560 3336 1600 necesse
3364 1556 3467 1610 est,
3511 1546 3556 1601 si

1983 1635 2076 1691 Dei
2111 1636 2392 1691 consilium
2420 1637 2616 1691 stabile
2666 1652 2730 1690 ac
2771 1640 2984 1691 ﬁrmum
3017 1637 3071 1690 in
3117 1637 3311 1691 animis
3356 1640 3557 1692 nostris

1983 1743 2300 1798 permanere
2355 1728 2543 1792 debet,
2591 1739 2646 1783 ut
2699 1731 2848 1798 prius
2895 1730 2946 1782 in
2995 1731 3149 1784 nobis
3204 1730 3559 1797 cogitationes

1986 1823 2231 1875 humanae
2279 1821 2623 1890 dissipentur.
2677 1822 3134 1887 Quemadmodum
3183 1822 3325 1875 enim
3363 1822 3452 1891 qui
3503 1823 3558 1875 in

1983 1929 2101 1966 cera
2122 1914 2421 1983 scripturus
2452 1922 2633 1976 est,ea
2665 1915 2812 1981 prius
2857 1912 3303 1982 c0mplanata,ita
3341 1915 3555 1966 demum

1981 2017 2114 2072 quas
2143 2002 2253 2055 vult
2289 2002 2492 2055 formas
2517 2003 2776 2070 imprimit
2820 2020 2832 2055 :
2869 2001 2948 2054 sic
2977 2010 3030 2054 et
3059 2017 3152 2055 cor
3190 2003 3329 2070 quod
3376 2001 3558 2054 divina

1980 2094 2194 2150 oracula
2255 2093 2401 2148 clare
2450 2103 2824 2162 suscepturum
2873 2103 2987 2158 est,
3029 2109 3216 2162 purmn
3255 2107 3284 2146 a
3341 2100 3559 2148 contra-

1979 2189 2076 2242 riis
2114 2184 2526 2255 cogitationibus
2574 2185 2722 2240 reddi
2768 2195 2995 2255 oportet.
3043 2185 3396 2255 Cogitationes
3441 2200 3559 2238 cor-

1979 2279 2059 2330 dis
2104 2276 2216 2346 ejus
2265 2276 2321 2329 in
2368 2275 2751 2345 generationem
2811 2286 2856 2328 et
2921 2277 3324 2344 generationem.
3373 2273 3559 2342 Itaque

1979 2369 2154 2438 pepuli
2193 2368 2346 2422 electi
2386 2367 2493 2420 duo
2537 2382 2658 2420 cum
2700 2367 2832 2430 sint,
2864 2367 3076 2435 duoque
3126 2367 3205 2420 eis
3239 2367 3429 2420 tradita
3478 2376 3558 2419 te-

1980 2471 2245 2515 stamenla
2267 2502 2281 2526 ,
2311 2474 2406 2528 per
2438 2459 2585 2523 illud,
2626 2456 2980 2528 Cogitationes
3024 2459 3194 2511 cordis
3224 2459 3336 2526 ejus
3368 2459 3422 2516 in
3466 2474 3556 2527 ge-

1981 2555 2301 2607 nerationem
2351 2562 2399 2606 et
2454 2551 2870 2621 generationem,
2913 2559 3169 2620 possunt,
3212 2548 3559 2618 generatione

1983 2647 2066 2700 bis
2120 2647 2428 2706 nominata,
2485 2645 2604 2698 dure
2643 2658 2853 2713 quoque
2895 2643 3252 2713 cogitationes
3312 2640 3553 2710 intelligi.

1984 2737 2098 2791 Una
2131 2737 2347 2804 quidem
2395 2735 2690 2788 Secundum
2738 2748 2896 2801 quam
2956 2733 3104 2802 prius
3151 2731 3556 2785 Testamentum

1982 2828 2288 2896 accepimus
2335 2841 2349 2878 :
2390 2825 2557 2878 altera
2610 2839 2759 2888 vero,
2797 2838 2916 2893 quae
2943 2837 3135 2876 novam
3170 2831 3224 2876 et
3264 2821 3555 2875 salutarem

1981 2919 2179 2974 Christi
2213 2918 2512 2974 doctrinam
2544 2917 2700 2971 nobis
2724 2917 2912 2984 largita
2945 2926 3044 2968 est.
3071 2913 3229 2966 Vens.
3268 2913 3355 2966 12.
3389 2912 3557 2966 Beata

1979 3025 2100 3079 gens
2131 3007 2279 3076 cujus
2315 3017 2387 3060 est
2442 3007 2695 3059 Dominus
2745 3004 2883 3057 Deus
2942 3004 3100 3072 ejus;
3135 3005 3359 3071 populus
3404 3016 3556 3067 quem

1980 3100 2128 3168 elegit
2190 3099 2252 3152 in.
2293 3097 2647 3151 [nereditatem
2677 3096 2796 3149 sibi.
2830 3092 3000 3148 Nemo
3048 3095 3260 3146 beatum
3305 3094 3558 3162 prmdicat

1981 3187 2285 3243 .Indmorum
2320 3188 2593 3257 pOpulum,
2632 3186 2725 3239 sed
2756 3201 2879 3239 eum
2913 3182 3189 3252 populum,
3224 3184 3313 3251 qui
3347 3197 3414 3234 ex
3440 3197 3558 3233 om-

1984 3280 2138 3334 nibus
2164 3279 2374 3349 populis
2419 3279 2497 3332 sic
2537 3277 2739 3332 electus
2785 3285 2887 3342 est,
2924 3287 2984 3330 ut
3019 3275 3205 3344 Optimi
3241 3273 3438 3343 quique
3472 3288 3559 3326 se-

1982 3373 2104 3427 lecti
2162 3373 2292 3426 sint.
2325 3370 2522 3426 Sumus
2573 3371 2715 3424 enim
2746 3361 2878 3439 gens
2913 3368 2999 3421 illa
3045 3381 3159 3431 nos,
3193 3381 3421 3435 quorum
3471 3376 3556 3420 est

1983 3468 2238 3522 Dominus
2292 3465 2431 3519 Deus
2473 3473 2655 3518 noster
2696 3481 2709 3518 :
2745 3477 2842 3516 nos
2875 3474 3059 3514 sumus
3103 3459 3264 3513 etiam
3296 3457 3548 3526 polntlus,

1979 3572 2136 3625 quem
2161 3555 2322 3626 elegit
2338 3555 2389 3608 in
2409 3553 2774 3608 haereditalem
2797 3553 2897 3607 sibi
2917 3553 2996 3616 3‘;
3023 3566 3154 3620 gens
3176 3550 3410 3620 quidem,
3431 3550 3556 3618 quia

1984 3664 2048 3703 ex
2082 3649 2262 3701 multis
2300 3647 2546 3716 gentibus
2576 3645 2787 3699 collecti
2833 3660 3016 3698 sumus
3033 3644 3077 3675 ⁸¹
3104 3661 3117 3695 :
3149 3643 3374 3712 papnlus
3407 3657 3555 3707 vero,

1986 3741 2109 3810 quia
2135 3739 2189 3792 in
2214 3737 2388 3806 populi
2410 3737 2600 3804 abjecti
2626 3736 2800 3790 locum
2831 3735 3073 3789 advocati
3103 3749 3302 3788 sumus.
3339 3733 3400 3785 Et
3427 3747 3561 3799 quo-

1985 3834 2128 3888 niam
2157 3830 2315 3884 Multi
2349 3840 2466 3884 sunt
2495 3829 2687 3891 vocati,
2712 3829 2866 3896 pauci
2917 3843 3031 3880 vero
3071 3825 3307 3888 electi”,
3340 3826 3555 3878 beatum

1984 3925 2113 3979 dicit
2143 3939 2245 3976 non
2273 3927 2541 3984 vocatum,
2561 3919 2654 3973 sed
2681 3917 3138 3972 electum.Beatus
3162 3928 3557 3984 namquequem

1983 4016 2166 4084 elegit.
2211 4013 2341 4079 Quae
2372 4021 2550 4064 autem
2582 4009 2930 4064 beatitudinis
2971 4023 3134 4061 causa
3180 4009 3199 4058 ?
3239 4006 3556 4075 Exspectata

1985 4109 2245 4162 bonorum
2281 4114 2603 4158 azternorum
2646 4099 2950 4153 hzereditas.
2987 4099 3066 4150 An
3113 4097 3248 4152 forte
3303 4095 3554 4165 quoniam

1982 4200 2136 4269 juxta
2187 4196 2504 4267 Apostolum
2539 4195 2610 4257 ⁸⁵,
2647 4203 2930 4262 postquam
2996 4191 3232 4259 gentium
3284 4189 3560 4256 plenitudo

1987 4291 2288 4355 intraverit,
2352 4298 2478 4342 tunc
2516 4285 2679 4340 Israel
2726 4285 2902 4338 omnis
2958 4281 3282 4341 salvabitnr,
3325 4280 3558 4348 primum

1986 4387 2198 4440 beatam
2258 4380 2517 4451 prmdicat
2586 4377 2822 4447 gentium
2889 4373 3270 4443 plenitudinem
3311 4387 3324 4423 :
3371 4370 3562 4422 deinde

1986 4477 2269 4540 lsraelem,
2304 4475 2392 4543 qui
2430 4480 2704 4543 postremo
2763 4465 3096 4522 salvabitur?
3145 4464 3335 4517 Salvus
3382 4471 3557 4525 autem

1988 4569 2046 4624 ﬁt
2075 4583 2180 4622 non
2213 4565 2409 4635 quivis,
2440 4561 2535 4617 sed
2581 4561 2821 4628 reliquim
2861 4560 3066 4619 solum,
3098 4570 3216 4621 quae
3262 4562 3420 4607 erunt
3471 4567 3560 4606 se-

1987 4663 2218 4718 cundum
2249 4658 2570 4713 electionem
2605 4653 2793 4722 gratiae
2822 4651 2892 4704 ⁸⁵.
2929 4649 3052 4702 ldco
3104 4649 3233 4702 dicit
3269 4666 3282 4701 :
3328 4645 3560 4715 Papulas

1988 4772 2137 4824 quem
2169 4752 2322 4820 elegit
2355 4751 2408 4802 in
2440 4748 2799 4802 [Hereditatem
2834 4744 2955 4796 sibi.

381 4831 464 4918 8.-
487 4863 581 4928 Ἐξ
609 4861 865 4929 οὐρανοῦ
888 4859 1222 4925 ἐπέϐλεψεν
1251 4858 1538 4923 όΚύριοςο
1577 4851 1697 4908 εἶδε
1735 4853 1880 4906 aud-r-

2060 4851 2112 4904 8.
2143 4847 2301 4902 Vnus.
2339 4845 2425 4907 15,
2453 4841 2540 4894 Η.
2576 4839 2650 4892 De
2683 4838 2807 4892 caelo
2840 4836 3064 4902 respexit
3105 4833 3399 4894 Dominus;
3434 4831 3559 4884 vidit

309 4977 417 5024 τας
443 4959 585 5024 τοὺς
610 4957 779 5022 υἱοὺς
795 4953 911 5009 τῶν
925 4951 1248 5020 ἀνθρώπων
1267 4949 1334 5014 ἐξ
1356 4951 1590 5018 ἑτοίμου
1608 4965 1879 5014 κατοικη-

309 5051 514 5118 τῃρίου
536 5047 741 5103 αὑτοῦ.
759 5048 896 5109 Τοὺς
921 5047 1030 5114 (50)
1050 5044 1306 5115 μένοντας
1323 5043 1414 5094 ἐπὶ
1435 5040 1525 5094 τοῦ
1555 5039 1684 5092 ἰδίου
1716 5037 1880 5102 ἀξιώ-

1989 4957 2165 4993 omnes
2197 4937 2336 5006 ﬁlios
2364 4933 2632 4987 hominum
2676 4931 2740 4982 de
2779 4938 3068 4996 pra'parato
3108 4923 3408 4978 habitacula
3443 4939 3556 4976 suo.

1990 5036 2093 5088 Eos
2116 5033 2206 5100 qui
2253 5035 2471 5082 manent
2523 5027 2576 5079 in
2629 5021 2844 5094 propria
2887 5019 3179 5090 dignitate,
3218 5027 3271 5072 et
3314 5018 3561 5072 humana:

381 5141 465 5194 “l
505 5141 649 5195 Petr.
682 5157 743 5201 ll,
767 5138 820 5194 9.
896 5139 940 5170 ⁸⁸
973 5137 1101 5191 ibid.
1181 5135 1228 5167 ⁸³
1253 5135 1436 5188 Matth.
1463 5131 1656 5194 xx,l6.
1731 5131 1777 5162 ⁸⁸
1813 5129 1968 5183 Rom.
1996 5125 2145 5188 x1,5.
2221 5123 2266 5155 ⁸⁵
2296 5122 2428 5178 ibid.

383 5235 494 5305 (ΞΒ)
529 5237 784 5303 Dogmata
817 5233 902 5286 illa
943 5247 1060 5298 quae
1093 5231 1185 5285 hic
1221 5229 1462 5296 epoptiea
1492 5239 1776 5305 vocantur,
1799 5242 1884 5305 sa-

312 5296 547 5360 cratiora
565 5296 809 5376 quaedam
832 5296 1028 5376 arcana
1059 5317 1178 5376 esse
1210 5311 1479 5376 putamus.
1512 5297 1626 5376 Mur
1655 5297 1766 5358 illa,
1790 5296 1884 5376 νῷν

312 5377 390 5448 τῷ
421 5368 633 5448 κόσμῲ,
691 5377 885 5448 deSttnt
918 5374 980 5448 in
1029 5373 1190 5424 editis
1211 5368 1240 5422 ξ
1287 5369 1379 5423 sed
1441 5368 1792 5448 reperiuntur
1831 5368 1882 5448 in

313 5433 498 5517 ltizgiis
527 5433 786 5509 secundo,
809 5446 965 5498 tertio
987 5450 1264 5511 etquarto,
1293 5450 1456 5509 atque
1483 5433 1533 5490 in
1559 5437 1882 5492 Golbertiuis

315 5521 490 5589 primo
517 5529 571 5589 et
607 5527 818 5586 quarto.

386 5587 499 5654 (27)
533 5574 868 5654 Ιῑιιήιιοιυοι·
893 5599 1033 5654 mss.
1057 5578 1572 5654 Etlitio_veroParis.
1598 5579 1645 5629 εί
1677 5574 1878 5654 μέλλει.

387 5647 499 5726 (Ξὸἳ
546 5647 700 5712 Coll).
745 5665 967 5726 quartus
1017 5653 1110 5726 δύο
1138 5652 1267 5726 Δεἰσὶ
1293 5649 1427 5703 Θεοῦ
1472 5647 1736 5726 ἐκλεκτοί,
1785 5651 1888 5726 dna

315 5716 437 5782 sunt
473 5728 567 5781 Dei
598 5716 774 5794 populi
813 5724 978 5776 electi.
1015 5722 1206 5794 Statim
1248 5732 1373 5773 octo
1396 5735 1534 5794 mss.
1559 5717 1778 5794 δύναται
1830 5716 1889 5768 τὸ

315 5789 633 5868 λογισμοί...
659 5797 751 5850 δύο
777 5793 1011 5848 νοεῖσθαι
1029 5793 1121 5845 καὶ
1152 5790 1462 5868 λογισμούς,
1489 5790 1638 5857 quasi
1671 5789 1887 5868 verbum

317 5860 559 5934 νοέῖσθαι
585 5871 670 5923 hic
701 5868 838 5924 sumi
858 5866 1049 5921 debeat
1069 5879 1164 5932 pro
1186 5881 1268 5925 eo,
1299 5860 1556 5931 quodest,
1577 5860 1885 5929 exprimere,

1993 5224 2254 5274 indicare.
2292 5219 2470 5272 Editio
2515 5232 2643 5270 vero
2677 5213 2847 5268 Paris.
2881 5211 3135 5284 δρνανται
3185 5207 3324 5260 κατὰ
3358 5205 3438 5267 τὸ,
3473 5205 3562 5284 λο-

1993 5290 2216 5361 γισμοίεν
2234 5301 2340 5343 etc.
2390 5299 2447 5341 ιιι
2477 5288 2833 5361 in_e0t_tlextu_._
2888 5283 3110 5341 Vereor,
3159 5295 3224 5331 ue
3251 5287 3444 5361 printer
3474 5275 3560 5327 illa

1991 5355 2109 5427 qua
2125 5377 2154 5414 e
2181 5359 2598 5414 Commentariis
2620 5355 2834 5427 Eusebii
2863 5362 3074 5427 sumpta
3094 5363 3213 5427 esse
3236 5357 3560 5427 notavimus,

1989 5420 2090 5485 alia
2124 5445 2338 5500 quoque
2373 5429 2600 5500 orationi
2650 5425 2930 5500 DasiIianaz
2982 5420 3210 5475 admista
3255 5420 3407 5469 sint:
3456 5429 3560 5483 qua

1991 5506 2054 5556 de
2095 5496 2156 5552 rei
2188 5496 2412 5552 aliorum
2445 5496 2853 5566 eritjudieium.
3062 5561 3072 5566 _
3128 5557 3160 5566 λ
3271 5565 3277 5566 7
3461 5555 3474 5566 .
3507 5555 3520 5566 .

2059 5572 2172 5642 (29)
2203 5571 2379 5642 Editio
2403 5555 2585 5622 Paris:
2609 5565 2908 5642 ἐξελέξατο,
2940 5561 3094 5632 φησί.
3124 5557 3286 5611 Deest
3341 5555 3474 5625 φησί
3506 5555 3564 5612 iu

1997 5639 2227 5711 iis‘quos
2253 5639 2486 5711 vidimus
2520 5639 2814 5711 codicibus.
3161 5700 3190 5711 Δ.
3260 5695 3272 5708 .

2069 5694 2179 5782 ('50)
2239 5712 2336 5782 Sic
2380 5710 2553 5782 editio
2600 5707 2947 5782 Paris.__eum
2999 5694 3560 5782 vetustissimo-diog,

1997 5771 2192 5846 quarto
2225 5791 2275 5834 et
2300 5779 2451 5833 Colb.
2477 5781 2724 5850 septimo.
2754 5775 2854 5826 Alii
2891 5785 2998 5850 tres
3024 5787 3149 5850 m‘ss.
3183 5771 3562 5850 ςιιιιλιτριψῖοηῡ

1998 5837 2158 5912 [ius].
2179 5851 2301 5915 τοὺς
2321 5851 2416 5920 μὲν
2439 5837 2615 5911 ὄντας.
2644 5846 2772 5914 Reg.
2795 5841 3131 5914 tct‘tiuspcebg
3153 5839 3249 5910 μὲν
3271 5837 3366 5892 οὖν
3383 5837 3556 5898 ὄντας.
