4008 6402
290 341 405 404 ’545

1400 354 1686 409 ΗυΜΙὶΛΑ
1727 355 1791 409 IN
1835 355 2168 411 PSAIMUM
2212 358 2432 414 XXXII.

3460 372 3563 429 546

287 467 391 523 οὖν
410 469 661 539 βασιλεὺς
695 473 754 524 ού
780 473 929 543 παρὰ
952 473 1049 544 τὴν
1067 473 1265 545 πολλὴν
1293 475 1543 546 δύναμιν,
1568 476 1700 530 ἀλλὰ
1732 477 1882 547 παρὰ

1992 488 2074 531 ιιιι·
2127 479 2288 549 igitur
2318 496 2409 534 rex
2449 495 2552 533 non
2587 495 2683 547 per
2730 481 2951 535 multum
3005 487 3280 550 virtutem,
3335 488 3428 542 sed
3470 505 3565 557 per

289 562 398 631 τὴν
430 560 578 614 θείαν
626 563 804 634 χάριν.
846 564 1007 617 Ὥστε
1047 566 1221 637 ἀληθῆ
1268 570 1361 621 καὶ
1389 568 1599 631 τούτοις
1632 567 1767 621 εἶναι
1791 568 1881 621 τὸν

287 649 473 719 λόγον,
521 654 824 722 ὃτιΧάριτί
870 656 1011 709 ἐστε
1054 656 1449 726 σεσωσμένοι.
1502 660 1712 731 Ὥσπερ
1761 658 1881 711 οὐδὲ

230 782 233 783 ν
286 744 538 813 γεωργὸς
594 745 847 799 τοσοῦτον
884 747 970 800 διὰ
1030 748 1130 820 τὴν
1180 752 1493 827 γεωργικὴν
1566 751 1882 821 ἐπιμέλειαν

287 837 551 906 τυγχάνει
574 839 666 891 τοῦ
689 842 997 909 γεωργικοῦ
1021 846 1240 915 μέρους,
1276 846 1397 898 ὅσον
1423 846 1510 899 διὰ
1535 845 1628 898 τὸν
1654 844 1883 910 αὔξοντα

289 929 364 982 τὰ
413 932 802 1002 γεωργούμενα
848 934 1002 989 Θεόν.
1044 936 1193 990 Οὔτε
1232 937 1394 1006 rapti
1429 940 1703 1006 φυτεύων
1749 940 1883 991 ἐστι

291 1038 370 1086 τι,
407 1023 546 1075 οὔτε
592 1026 624 1078 ό
652 1025 919 1087 ποτίζων,
945 1028 1094 1081 ἀλλ’
1132 1032 1164 1081 ό
1206 1029 1486 1093 αὐξάνων
1526 1032 1689 1097 Θεός.
1734 1033 1797 1084 Ei
1827 1034 1883 1085 δὲ

294 1115 495 1182 καρδία
531 1113 792 1183 βασιλέως
826 1118 883 1168 ἐν
912 1120 1055 1186 χειρὶ
1079 1119 1244 1182 Θεοῦ,
1294 1121 1354 1173 ού
1409 1119 1638 1186 σώζεται
1670 1122 1757 1175 διὰ
1786 1123 1883 1193 τὴν

290 1206 579 1275 ὁπλιτικὴν
607 1208 855 1278 δύναμιν,
884 1209 1019 1263 ἀλλὰ
1045 1212 1132 1265 διὰ
1169 1213 1265 1284 τὴν
1300 1212 1450 1266 Θείαν
1490 1216 1880 1284 χειραγωγίαν.

308 1294 397 1348 Ἐν
430 1297 572 1369 χειρὶ
612 1298 668 1351 δὲ
696 1299 830 1352 Θεοῦ
865 1303 1010 1354 ἐστιν
1052 1302 1151 1372 οὐχ
1197 1306 1225 1356 ὁ
1267 1302 1480 1373 τυχὼν,
1519 1305 1631 1357 ἀλλ’
1665 1308 1693 1358 6
1735 1304 1883 1370 ἄξιος

294 1388 398 1457 τῆς
428 1389 520 1441 τοῦ
566 1389 829 1459 βασιλέως
867 1395 1255 1465 προσηγορίας.
1307 1396 1584 1467 Ὠρίσαντο
1640 1398 1697 1450 δέ
1743 1416 1885 1462 τινες

302 1481 578 1551 βασιλείαν
621 1479 758 1536 εἶναι
796 1486 892 1555 τὴν
926 1485 1147 1556 ἔννομον
1194 1488 1548 1548 ἐπιστασίαν,
1594 1488 1624 1558 ἢ
1667 1489 1763 1559 τὴν
1793 1490 1885 1542 ἐπὶ

299 1581 465 1632 πᾶσιν
510 1580 682 1651 ἀρχὴν
717 1580 1085 1650 ἀνυπεύθυνον
1130 1584 1395 1653 ἁμαρτία.
1434 1585 1543 1637 Kal
1596 1587 1765 1653 γίγας
1812 1587 1884 1637 οὐ

297 1671 635 1737 σωθήσεται
668 1672 739 1724 ἐν
774 1671 991 1738 πλήθει
1030 1676 1244 1742 ἰσχύος
1282 1674 1487 1728 αὑτοῦ.
1532 1676 1767 1743 Γίγαντα
1797 1676 1876 1729 λέ-

298 1779 385 1829 γει
413 1763 501 1814 τὸν
542 1766 742 1834 φυσικῇ
782 1764 1008 1834 δυνάμει
1052 1767 1146 1818 καὶ
1184 1766 1322 1835 τόνῳ
1355 1767 1651 1837 σωματικῷ
1692 1785 1886 1840 κεχρη-

305 1854 483 1923 μένον.
508 1852 645 1906 Οῦτε
675 1851 767 1907 οῦν
802 1854 1053 1924 βασιλεὺς
1086 1858 1183 1926 τὴν
1229 1861 1293 1911 ἐκ
1327 1857 1421 1910 τοῦ
1449 1859 1726 1912 ὁπλιτικοῦ
1760 1861 1886 1931 βξή-

302 1944 451 1997 θειαν
481 1945 755 2016 ἀρκοῦσαν
792 1947 902 2016 ἔχει
930 1948 1066 2018 πρὸς
1091 1950 1385 2019 σωτηρίαν,
1421 1950 1543 2003 οὔτε
1588 1954 1616 2004 6
1649 1952 1888 2023 ἀνδρεῖος

303 2036 481 2106 ἐαυτῷ
505 2037 640 2108 πρὸς
664 2039 841 2093 πάντα
881 2042 1143 2110 ἐπαρκεῖν
1174 2042 1321 2093 ἐστιν
1367 2043 1567 2106 ἱκανός.
1612 2045 1887 2098 Ἀσθένεια

304 2132 412 2201 γάρ
448 2132 563 2183 ἐστι
608 2133 701 2184 καὶ
746 2132 1012 2203 ἀδυναμία
1062 2134 1237 2186 πάντα
1280 2134 1414 2204 ὁμοῦ
1461 2136 1529 2188 τὰ
1575 2136 1889 2207 ἀνθρώπινα

305 2224 439 2295 πρὸς
489 2223 585 2293 τὴν
650 2224 906 2295 ἀληθινὴν
972 2223 1199 2294 δύναμιν
1260 2226 1737 2297 παραϐαλλόμενα.
1790 2228 1888 2281 Διὰ

304 2315 460 2369 τοῦτο
498 2315 573 2369 Τὰ
597 2314 826 2382 ἀσθενῆ
862 2314 967 2369 τοῦ
1008 2319 1243 2386 κόσμου
1292 2318 1611 2383 ἐξελέξατο
1645 2325 1677 2375 ό
1723 2324 1887 2388 Θεὸς,

304 2406 405 2459 ἵνα
450 2409 822 2474 καταισχύνῃ
900 2409 971 2461 τὰ
1034 2409 1285 2477 mxima"
1348 2413 1439 2465 καὶ
1503 2416 1566 2466 ἐκ
1626 2416 1889 2484 στόματος

305 2498 512 2567 νηπίων
582 2498 674 2551 καὶ
728 2499 1067 2570 θηλαζόντων
1130 2505 1496 2575 κατηρτίσατο
1548 2506 1658 2575 (58)
1722 2506 1887 2568 αἶνον,

304 2588 389 2639 ἵνα
443 2588 719 2661 καταλύσῃ
776 2590 868 2642 τὸν
920 2590 1110 2663 ἐχθρὸν
1180 2594 1274 2646 καὶ
1338 2595 1648 2666 ἐκδικητὴν.
1713 2598 1889 2651 Μάλι-

306 2698 407 2733 στα
440 2682 548 2751 γὰρ
578 2681 818 2752 ἔλαμψεν
852 2685 883 2753 ἡ
914 2683 1033 2737 θεία
1076 2685 1235 2756 χάρις
1285 2689 1344 2739 ἐν
1384 2691 1496 2749 τοῖς
1538 2689 1750 2759 νηπίοις
1796 2690 1889 2743 καὶ

303 2774 549 2844 ἀνοήτοις
620 2776 1007 2846 ἐνεργουμένη.
1076 2777 1313 2845 Ψευὸὴς
1395 2780 1577 2845 ἵππος
1628 2784 1714 2845 εἰς
1776 2798 1890 2833 σω-

305 2866 549 2931 τηρίαν·
599 2866 669 2918 ἐν
720 2866 788 2919 δὲ
844 2867 1059 2933 πλήθει
1085 2869 1393 2939 δυνάμεως
1437 2871 1623 2927 αὐτοῦ
1664 2875 1737 2926 οὐ
1771 2890 1889 2927 σω-

310 2955 579 3020 θήσεται.
647 2958 1000 3029 Ἑκϐἑϐληται
1042 2962 1141 3032 τῆς
1186 2964 1434 3032 χρήσεως
1485 2965 1594 3017 τῶν
1640 2966 1811 3033 ἁγίων
1861 2968 1889 3018 6

312 3046 497 3111 ἵππος.
543 3050 651 3101 Καὶ
690 3049 813 3103 οὔτε
853 3053 910 3103 ἐν
960 3052 1215 3123 πολέμοις
1260 3055 1545 3128 εὐημερῶν
1596 3058 1624 3110 6
1672 3059 1889 3129 Ἰσραὴλ

306 3140 500 3209 ἱππικῇ
527 3140 753 3211 δυνάμει
780 3143 909 3195 ποτὲ
943 3144 1191 3214 φαίνεται
1240 3150 1599 3219 κεχρημένος,
1631 3150 1754 3203 οὒτε
1783 3152 1886 3223 ίδίςᾳ
1915 3182 1956 3238 C

306 3248 387 3292 τις
413 3232 520 3283 τῶν
570 3234 737 3301 ἁγίων
782 3236 879 3305 τὴν
916 3238 1109 3307 χρῆσιν
1146 3239 1254 3292 τῶν
1291 3242 1471 3294 ἵππων
1505 3242 1580 3306 ὼς
1614 3245 1887 3315 ἁρμόζου-

308 3342 405 3376 σαν
449 3327 805 3397 παρεδέξατοο.
847 3330 1046 3400 Φαραὼ
1084 3331 1140 3384 δὲ
1188 3332 1340 3403 ἵππῳ
1371 3335 1482 3405 ('59)
1533 3338 1754 3407 χρῆται,
1800 3339 1891 3391 καὶ

308 3416 646 3489 Σεναχηρεὶμ
680 3422 708 3471 6
744 3421 1091 3492 ὑπερήφανος
1113 3426 1177 3494 τῇ
1229 3429 1519 3497 περιουσίᾳ
1567 3429 1677 3483 τῶν
1710 3431 1892 3485 ἵππων

310 3508 451 3577 μέγα
480 3514 682 3580 φρονεῖ.
719 3512 919 3584 Διόπερ
952 3513 1045 3566 τοῦ
1080 3515 1175 3585 μὲν
1208 3517 1409 3588 Φαραὼ
1440 3520 1607 3573 ἵππον
1634 3524 1726 3576 καὶ
1762 3526 1894 3578 ἀνα-

306 3600 475 3670 ϐάτην
516 3602 736 3673 ἔρριψεν
786 3608 866 3668 είς
913 3605 1223 3659 θάλασσαν’
1282 3608 1376 3662 τοῦ
1442 3610 1498 3663 δὲ
1550 3613 1892 3686 Σεναχηρεὶμ

306 3689 600 3754 ἐνύσταξαν
633 3695 831 3756 πάντες
866 3695 912 3746 οἱ
944 3695 1334 3767 ἐπιϐεϐηκότες
1361 3700 1473 3762 τοῖς
1515 3701 1701 3765 ἵπποις
1722 3721 1736 3735 ·
1773 3704 1892 3758 ὅθεν

306 3780 401 3832 καὶ
430 3783 457 3833 6
490 3781 580 3835 διὰ
610 3784 889 3848 Μωῢσέως
916 3786 1079 3857 νόμος
1114 3788 1183 3841 τὰ
1216 3790 1343 3859 περὶ
1372 3790 1637 3859 βασιλέων
1664 3795 1775 3866 (40)
1810 3814 1895 3848 νο-

308 3873 568 3942 μοθετῶν,
614 3879 695 3929 Οὐ
740 3880 1054 3945 πληθυνεῖ,
1093 3882 1278 3952 φησὶν,
1323 3882 1515 3949 ἐαυτῷ
1546 3886 1750 3940 ἵππον.
1793 3889 1895 3943 Ἐν

304 3962 372 4015 δὲ
399 3965 613 4032 πλήθει
644 3966 951 4035 δυνάμεως
982 3969 1170 4021 αὑτοῦ
1207 3974 1279 4024 οὐ
1309 3970 1670 4037 σωθήσεται.
1707 3975 1894 4028 Ὅταν

1984 570 2221 625 divinam
2254 574 2504 640 gratiam.
2538 574 2715 638 Quare
2738 584 2790 625 et
2817 588 2945 642 erga
2976 574 3072 629 h-is
3100 591 3224 630 vera
3254 588 3378 632 sunt
3401 580 3565 634 verba

1986 659 2093 723 illa,
2131 658 2317 714 Gratia
2367 661 2558 715 salvati
2590 662 2712 714 estis
2737 662 2803 714 “.
2846 661 2920 714 Ita
2962 679 3029 716 ne
3071 665 3304 735 agricola
3346 668 3563 736 quidem

1984 765 2081 819 per
2118 751 2523 818 agricolationis
2568 752 2899 821 diligentiam
2954 764 3160 809 tantum
3207 756 3440 812 fructum
3472 774 3563 813 as-

1984 844 2248 913 sequitur,
2284 855 2543 912 quautum
2574 860 2667 913 per
2694 847 2858 899 Deum
2882 844 3093 914 segetes
3123 862 3430 918 augentem.
3452 850 3538 904 Ne

1982 953 2080 1005 que
2107 938 2246 990 enim
2288 938 2379 1005 qui
2415 936 2644 1006 plantat,
2680 948 2753 989 est
2808 938 3030 1007 aliquid,
3060 957 3220 1010 neque
3258 944 3347 1009 qui
3390 943 3565 1012 rigat;

1983 1029 2073 1081 sed
2093 1030 2183 1097 qui
2217 1030 2589 1082 incrementum
2612 1029 2701 1081 dat
2738 1029 2875 1083 Deus
2899 1032 2964 1085 ".
3001 1030 3151 1097 Qnol
3180 1034 3224 1088 si
3274 1049 3369 1088 cor
3423 1050 3566 1105 regas

1987 1118 2038 1170 in
2070 1135 2229 1173 manu
2268 1119 2424 1173 Dei”
2457 1136 2471 1171 :
2510 1135 2614 1174 non
2656 1136 2753 1188 per
2792 1136 3064 1175 armormu
3108 1126 3421 1194 potentiam,
3468 1126 3565 1181 sed

1986 1226 2081 1278 per
2125 1211 2363 1264 divinum
2423 1213 2733 1280 prtesidium
2792 1225 3059 1269 servatur.
3097 1215 3152 1270 In
3200 1234 3357 1271 manu
3388 1228 3565 1274 autem

1990 1301 2076 1356 Dei
2110 1318 2213 1355 non
2248 1310 2330 1356 est
2378 1302 2627 1369 quilibet,
2666 1304 2757 1357 sed
2809 1306 2899 1373 qui
2933 1307 3130 1375 dignus
3176 1310 3385 1363 exsiStit
3427 1314 3569 1380 regis

1987 1396 2360 1463 appellatione.
2394 1394 2725 1450 Deliniernut
2748 1405 2925 1451 autem
2958 1401 3173 1469 quidam
3204 1417 3424 1471 regnum
3448 1416 3568 1456 esse

1988 1487 2287 1552 legitimum
2335 1487 2691 1550 dominatum,
2734 1502 2825 1541 aut
2863 1491 3218 1558 principatum
3255 1492 3306 1545 in
3356 1508 3564 1557 omnes,

1987 1579 2150 1631 sicut
2193 1586 2412 1645 peccato
2443 1578 2709 1631 obnoxius
2751 1595 2855 1632 non
2898 1583 2986 1634 sit.
3030 1579 3096 1633 Et
3136 1583 3279 1651 gigas
3324 1599 3428 1638 non
3456 1582 3569 1637 sa:-

1988 1670 2194 1721 rabitur
2232 1669 2285 1721 in
2330 1668 2671 1723 multitudine
2715 1671 2921 1723 virtutis
2963 1688 3091 1726 sure.
3120 1674 3399 1743 Gigantem
3437 1675 3569 1730 dicit

1989 1759 2233 1829 eum,qui
2256 1759 2484 1813 naturali
2512 1760 2558 1811 vi
2589 1770 2641 1814 et
2665 1763 2929 1828 corporali
2953 1764 3112 1829 pollet
3138 1767 3344 1820 robore.
3386 1764 3569 1835 Neque

1992 1850 2152 1912 igitur
2191 1865 2284 1905 rex
2327 1864 2391 1903 ex
2439 1853 2607 1904 armis
2653 1850 2920 1906 sufﬁciens
2956 1854 3021 1907 ad
3052 1853 3277 1907 salutem
3309 1855 3567 1909 auxilium

1990 1944 2169 2010 habet,
2192 1959 2367 2013 neque
2397 1943 2552 1999 fortis
2576 1945 2657 1999 vir
2690 1944 2790 1999 sibi
2813 1946 2878 2000 ad
2897 1947 3075 2000 omnia
3104 1945 3347 2003 suﬂicere
3368 1957 3566 2013 potest.

1989 2036 2333 2091 Imberillitas
2351 2039 2494 2092 enim
2528 2046 2581 2092 et
2611 2039 2898 2094 inlirmitas
2922 2050 3049 2094 sunt
3075 2040 3255 2096 omnia
3286 2041 3449 2095 simul
3469 2044 3569 2096 hu-

1990 2144 2168 2192 mana,
2194 2130 2238 2184 si
2267 2144 2388 2184 cum
2420 2145 2543 2185 vera
2576 2133 2815 2200 potentia
2845 2144 3246 2203 comparentur.
3272 2133 3567 2204 Propterea

1988 2218 2214 2288 Inﬁrma
2254 2219 2437 2272 mundi
2488 2219 2639 2288 elegit
2687 2219 2851 2285 Deus,
2883 2232 2938 2274 ut
2982 2224 3268 2291 confundat
3298 2223 3564 2292 fortia”;

1990 2324 2043 2366 et
2066 2329 2129 2366 ex
2149 2328 2243 2367 ore
2273 2312 2557 2366 infantium
2583 2324 2635 2368 et
2666 2313 2977 2367 lactentium
3011 2316 3233 2383 perfecit
3252 2317 3487 2380 laudem,
3511 2327 3570 2371 ut

1990 2406 2231 2458 deSIruat
2272 2404 2549 2457 inimicum
2580 2414 2634 2457 et
2670 2406 2984 2459 ultorem”.
3016 2406 3146 2459 Nam
3187 2406 3367 2459 divina
3394 2407 3570 2476 gratia

1996 2496 2148 2568 141
2195 2497 2246 2549 in
2300 2496 2599 2551 infantibus
2634 2512 2697 2550 ac
2757 2497 2980 2552 rudibus
3027 2514 3292 2568 operans,
3334 2499 3571 2556 maxime

1991 2588 2346 2655 resplenduit.
2380 2588 2546 2642 Vens.
2593 2588 2678 2642 17.
2725 2587 2922 2641 Fallax
2943 2605 3103 2659 equus
3132 2592 3199 2645 ad
3224 2591 3443 2644 salutem
3470 2608 3488 2646 :
3516 2593 3570 2646 in

1992 2679 2332 2733 multitudine
2373 2691 2546 2734 autem
2594 2682 2801 2735 virtutis
2839 2699 2949 2737 sua:
2984 2699 3086 2738 non
3117 2686 3426 2741 salvabitur.
3460 2688 3569 2741 Ex-

1992 2772 2176 2827 clusus
2214 2782 2293 2826 est
2321 2774 2389 2827 ab
2420 2790 2515 2827 usu
2558 2785 2871 2829 sanctorum
2903 2792 3093 2845 equus.
3140 2779 3244 2834 Sed
3292 2796 3468 2850 neque
3490 2780 3568 2838 ls-

1991 2864 2105 2918 rael
2135 2866 2260 2919 dum
2286 2864 2337 2919 ei
2372 2880 2459 2919 res
2498 2866 2550 2919 in
2591 2866 2745 2920 bellis
2767 2882 2831 2920 ex
2875 2869 3041 2923 animi
3077 2874 3342 2925 sententia
3381 2888 3571 2927 succe-

1992 2959 2206 3021 derent,
2242 2972 2478 3027 unquam
2520 2960 2758 3028 equestri
2795 2963 3031 3029 potentia
3064 2978 3195 3033 usus
3228 2964 3395 3020 fuisse
3417 2982 3570 3020 com-

1992 3054 2221 3121 peritur,
2261 3067 2437 3120 neque
2470 3055 2758 3123 quisquam
2794 3041 3388 3127 sanctoruri’i‘fprivalim
3411 3077 3565 3116 usum

1992 3160 2253 3213 equorum
2282 3146 2430 3200 velut
2452 3150 2861 3202 convenientem
2890 3149 3130 3204 admisit.
3159 3151 3228 3204 At
3256 3166 3385 3206 vero
3427 3152 3570 3207 Plia-

1993 3255 2087 3292 rao
2110 3239 2353 3307 equitatu
2381 3240 2555 3293 utitur
2584 3239 2653 3303 ",
2687 3251 2739 3294 et
2772 3245 3040 3311 superbus
3077 3244 3165 3296 ille
3198 3243 3570 3299 Sennacberib

1992 3332 2058 3384 de
2092 3347 2358 3401 equorum
2414 3334 2756 3388 multitudine
2793 3335 3055 3401 gloriatur
3093 3336 3159 3387 ³⁷.
3204 3334 3568 3402 Quamobrem

1991 3421 2293 3476 Pharaonis
2320 3438 2516 3491 equum
2540 3434 2588 3476 et
2617 3440 2960 3479 ascensorem
2986 3426 3209 3495 projecit
3240 3430 3288 3481 in
3322 3444 3472 3483 mare
3488 3430 3566 3483 ":

1990 3530 2181 3570 omnes
2212 3531 2341 3569 vero
2380 3515 2757 3571 Sennacberib
2776 3520 2984 3587 equites
3025 3520 3459 3576 dormitaverunt
3500 3524 3567 3577 ”.

1998 3604 2148 3659 Unde
2199 3610 2364 3660 etiam
2410 3608 2514 3659 luta
2551 3623 2647 3675 per
2680 3609 2896 3679 Moysen
2942 3612 3007 3665 de
3054 3627 3234 3681 regum
3266 3612 3455 3667 olliciis
3486 3614 3567 3667 lex

1993 3701 2064 3753 ita
2092 3702 2309 3752 sancit:
2365 3697 2489 3751 Non
2536 3699 2908 3765 multiplicabit
2948 3701 3047 3753 sibi
3091 3703 3379 3771 equitatum
3414 3705 3451 3757 '.
3505 3704 3569 3758 In

1990 3790 2329 3843 multitudine
2350 3800 2522 3842 autem
2554 3790 2761 3843 virtutis
2788 3808 2898 3844 sua:
2939 3808 3042 3844 non
3077 3794 3387 3849 salvabitur.
3435 3796 3569 3851 Cum

1991 3884 2150 3948 enim,
2185 3882 2379 3951 inquit,
2409 3883 2669 3951 inﬁrntor,
2708 3894 2831 3937 tunc
2852 3896 3031 3953 potens
3052 3902 3166 3938 sum
3194 3888 3235 3941 ².
3273 3886 3406 3941 Nam
3441 3904 3568 3945 cor-

1993 3989 2276 4043 porearmn
2330 3974 2522 4026 virium
2562 3975 2844 4029 multitudo
2893 3976 3053 4029 Saluti
3090 3976 3314 4043 spiritus
3366 3980 3566 4034 obstat.

305 4056 413 4125 γὰρ
442 4056 695 4141 ἀσθενῶ,
725 4058 878 4127 φησὶ,
914 4060 1045 4113 τότε
1085 4062 1339 4128 δυνατός
1370 4065 1505 4131 ειμι.
1554 4064 1625 4117 Τὸ
1656 4066 1713 4118 δὲ
1744 4066 1943 4138 πλῆθος
1971 4070 2069 4139 τῆς
2101 4063 2421 4137 σωματικῆς
2480 4063 2762 4136 δυνάμεως
2794 4064 3046 4137 ἐμπόδιόν
3102 4067 3220 4119 ἐστι
3277 4068 3415 4139 πρὸς
3472 4070 3570 4141 τὴν

307 4138 579 4222 σωτηρίαν
610 4152 703 4205 τοῦ
742 4153 1069 4222 πνεύματος.

375 4242 462 4297 10.
511 4243 666 4296 Ἰδοὺ
695 4247 746 4296 οἱ
785 4244 1079 4313 ὀφθαλμοὶ
1112 4246 1332 4313 Κυρίου
1361 4248 1457 4302 ἐπὶ
1499 4250 1640 4315 τοὺς
1673 4254 1891 4319 φοϐου-

306 4333 524 4400 μένους
559 4338 762 4389 αὺτόν.
810 4336 1068 4407 Ἀλλαχοῦ
1113 4338 1210 4406 μὲν
1255 4339 1509 4410 εἴρηταιο
1565 4343 1886 4411 Ὀφθαλμοὶ

308 4428 525 4494 Κυρίου
547 4428 643 4482 ἐπὶ
672 4428 959 4495 δικαίους·
986 4430 1218 4484 ἐνταῦθα
1239 4432 1319 4496 δέ,
1349 4433 1479 4485 Ἐπὶ
1500 4434 1642 4500 τοὺς
1666 4438 1855 4503 φοϐον

372 4586 414 4617 ⁹¹
452 4586 646 4654 Epltes.
691 4604 747 4647 ll,
805 4588 855 4642 5.

305 4657 360 4717 9,
409 4656 499 4709 25.
590 4658 723 4711 ’τιν
765 4656 894 4727 Reg.
937 4676 1048 4724 xIx,
1092 4662 1183 4715 25.
1258 4662 1304 4697 ³⁸
1342 4663 1507 4716 Exod.
1556 4680 1645 4728 xv,
1694 4666 1744 4717 1.

307 4728 328 4758 ³
367 4728 507 4781 Psal.
546 4743 740 4791 χχχιιι,
781 4730 868 4783 16.

945 4590 989 4621 ⁹²
1021 4588 1037 4640 l
1067 4589 1191 4643 Cor.
1233 4606 1311 4650 tn.
1349 4591 1399 4643 7.
1473 4593 1519 4623 ”
1544 4592 1700 4646 Prov.
1744 4611 1853 4655 xxi.
1901 4596 1949 4648 1.
2029 4596 2075 4627 ”
2115 4595 2129 4649 Ι
2182 4594 2306 4647 Cor.
2370 4610 2373 4641 ι

945 4676 1048 4719 tux.
1092 4662 1183 4715 25.
1258 4662 1304 4697 ³⁸
1342 4663 1507 4716 Exod.
1556 4680 1645 4719 xv.
1694 4666 1744 4717 1.
1820 4666 2103 4719 "lVlieu.
2144 4682 2255 4719 xix.
2307 4666 2373 4719 55

1999 4682 2103 4735 ieg.
2144 4682 2255 4729 xix,
2307 4682 2395 4719 oo.

2060 4251 2146 4303 10.
2184 4249 2344 4303 Vens.
2378 4248 2463 4302 18.
2497 4246 2633 4302 Ecce
2668 4247 2807 4299 oculi
2858 4245 3071 4298 Domini
3102 4262 3259 4312 super
3289 4257 3567 4302 metuentes

1986 4358 2127 4397 eum.
2199 4341 2339 4394 Alibi
2383 4342 2602 4411 quidem
2664 4340 2867 4392 dictum
2924 4348 3008 4393 est
3066 4356 3080 4392 :
3144 4338 3297 4392 Oculi
3353 4338 3567 4393 Domini

1985 4452 2143 4505 super
2166 4435 2346 4502 justas
2378 4434 2433 4499 ³;
2480 4434 2568 4487 hic
2608 4446 2759 4495 vero,
2781 4448 2938 4501 super
2970 4441 3253 4485 metuentes
3286 4448 3425 4486 eum.
3466 4430 3565 4485 Ubi

2029 4596 2075 4627 ”
2115 4595 2129 4649 Ι
2182 4594 2306 4647 Cor.
2370 4610 2406 4656 ι,
2447 4594 2536 4647 27.
2614 4593 2659 4625 "
2687 4590 2830 4645 Psal.
2866 4604 2984 4651 vm,
3023 4590 3077 4644 '5.
3156 4590 3202 4619 "
3231 4591 3404 4643 Exod.
3454 4605 3564 4650 xiv,

2477 4670 2490 4695 ¹
2526 4668 2679 4719 Deut.
2722 4677 2852 4725 xm,
2900 4662 2986 4715 16.
3058 4662 3076 4689 ²
3116 4658 3311 4715 llCor.
3344 4675 3441 4725 χιι,
3478 4660 3563 4714 10.

380 4822 491 4891 (58)
538 4820 635 4874 Ubi
686 4823 880 4891 legitur
915 4824 965 4875 in
1010 4824 1247 4878 editione
1278 4821 1448 4874 Paris.
1494 4831 1547 4876 et
1588 4822 1639 4875 in
1694 4823 1873 4876 multis
1905 4826 1948 4880 D
1980 4823 2109 4877 time
2137 4837 2283 4881 vero.
2312 4821 2355 4877 si
2389 4822 2615 4887 scribas,
2642 4823 2879 4892 perfecit,
2904 4830 2960 4877 ut
2990 4824 3244 4878 destruat.

306 4907 435 4963 mss.
478 4893 812 4963 κατηρτίσω,
847 4894 1125 4959 perfecisti,
1182 4893 1440 4957 scriptum
1484 4893 1785 4963 invenimus
1820 4895 1873 4947 in

307 4962 437 5030 Heg.
466 4961 657 5031 quarto
691 4978 743 5015 et
784 4966 833 5014 in
868 4964 1019 5017 Culb.
1057 4966 1243 5031 quinto
1281 4961 1665 5032 κατηρτίσατο,
1707 4964 1875 5033 perfe-

304 5034 397 5095 cit,
430 5042 482 5086 et
523 5035 592 5084 ita
648 5034 927 5100 legendum
960 5048 1078 5087 esse
1138 5035 1486 5086 arbitramur.
1536 5035 1670 5086 Cum
1726 5035 1871 5086 enim

304 5115 429 5155 aute
456 5104 709 5169 scriptum
740 5105 827 5164 sit,
861 5104 941 5156 Τὰ
980 5103 1181 5173 ἀσθενῆ
1228 5102 1331 5173 τοῦ
1353 5102 1561 5173 κόσμου
1591 5102 1873 5167 ἐξελέξατο

302 5176 332 5226 6
378 5174 531 5236 Θεὸς,
568 5173 654 5225 ἴνα
686 5174 1019 5245 καταισχύνῃ
1051 5174 1119 5228 τὰ
1149 5172 1363 5245 ἰσχυρά,
1419 5172 1639 5241 Inﬁrma
1691 5176 1871 5226 mundi

303 5244 453 5312 elegit
482 5245 640 5305 Deus,
674 5254 727 5295 ut
757 5244 1038 5311 confundat
1070 5244 1249 5311 fortia,
1293 5245 1583 5298 verisimile
1607 5245 1759 5297 nobis
1793 5245 1869 5307 lit,

304 5315 390 5367 hic
424 5316 522 5379 legi
563 5315 759 5368 debere
791 5315 1175 5385 κατηρτίσατο,
1202 5316 1289 5369 ἵνα
1311 5313 1609 5385 καταλύσῃ,
1632 5314 1868 5385 perfecit,

304 5396 357 5435 ut
387 5386 643 5447 destruat,
703 5394 806 5437 etc;
853 5384 982 5437 Nam
1021 5389 1119 5440 hoc
1154 5396 1311 5455 pacto
1366 5384 1872 5439 meliuswlmrebit

302 5458 495 5506 oratiu.
532 5455 682 5520 Quod
721 5455 765 5507 si
821 5454 1082 5519 ejusmodi
1128 5457 1266 5510 ratio
1326 5456 1495 5509 levior
1552 5456 1864 5508 videbitur:

303 5524 431 5576 illud
465 5527 699 5593 gravius,
738 5527 879 5591 quod
928 5527 1091 5579 editio
1118 5536 1171 5580 et
1221 5526 1385 5579 Basil.
1423 5536 1478 5577 et
1508 5539 1697 5578 omnes
1744 5539 1872 5578 mss.

303 5596 591 5661 prteferant
628 5594 904 5664 καταλύσῃ
928 5636 941 5657 ,
979 5596 1232 5659 destruat,
1261 5598 1335 5649 uti
1364 5611 1645 5663 perperam
1671 5594 1872 5649 editum

310 5678 392 5736 est
429 5668 479 5718 in
512 5667 745 5736 editione
773 5664 1083 5718 Parisiensi.
1115 5669 1219 5720 Sed
1260 5668 1303 5719 si
1350 5667 1542 5734 legeris
1566 5664 1870 5736 καταλύσῃ,

312 5734 459 5804 legas
498 5734 859 5805 κατηρτίσατο
886 5736 1041 5801 plane
1072 5752 1286 5791 necesse
1315 5747 1417 5791 est.
1450 5736 1563 5789 Non
1600 5737 1742 5790 enim
1778 5734 1872 5791 cu—

319 5806 540 5861 haerebit
559 5808 754 5872 oratio,
789 5809 832 5860 si
863 5809 1030 5874 dicas,
1068 5808 1427 5876 perfecisti,ut
1462 5808 1693 5861 destruat
1726 5820 1867 5876 :op-

2054 4893 2335 4975 (.59).Editi
2397 4903 2451 4945 et
2496 4893 2790 4977 Cplbertjni
2833 4895 3353 4977 _lertius_et.sextns
3389 4894 3561 4977 ἴππςρ.

1979 4965 2084 5017 Alii
2108 4965 2346 5032 quinque
2375 4978 2503 5017 mss.
2539 4964 2761 5035 ἱππικῇ,
2794 4967 2883 5017 ubi
2911 4964 3144 5034 suppleri
3171 4974 3386 5034 oportet
3413 4964 3568 5018 δυνά·

1984 5050 2093 5104 μει.
2141 5035 2251 5086 lloc
2294 5038 2407 5100 ipso
2439 5034 2637 5087 inloco
2687 5038 2883 5104 legitur
2911 5035 2961 5089 in
3006 5036 3273 5104 aliquibus
3304 5050 3428 5087 mss.
3472 5034 3566 5087 κέ-

1984 5122 2196 5175 χρηται.
2249 5105 2487 5176 Subinde
2536 5115 2739 5173 septem
2780 5120 2911 5160 mss.
2952 5104 3095 5176 μέγα
3135 5107 3341 5176 φρονεῖ.
3387 5103 3563 5159 Editiu

1980 5122 2196 5175 χρῆται.
2249 5115 2487 5176 διιιιιιιιιθ
2536 5115 2739 5173 septem
2780 5120 2911 5160 mss.
2952 5115 3095 5176 μέγα
3135 5115 3341 5176 φρονεῖ.
3387 5115 3563 5159 bdtttu

1978 5172 2149 5228 Par—is.
2188 5172 2600 5244 μεγαλοφρονεί.

2052 5245 2165 5317 (40)
2195 5244 2372 5317 Editio
2406 5245 2575 5317 Paﬂs.
2610 5244 2859 5315 περὶτῶν
2892 5245 3181 5317 βασιλέων.
3208 5246 3275 5299 At
3298 5261 3433 5317 mss.
3465 5259 3561 5299 sex

2052 5246 2143 5314 (40
2195 5246 2372 5297 Editio
2406 5246 2575 5296 Paris.
2610 5246 2859 5315 περὶτῶν
2892 5246 3181 5317 βασιλέων.
3208 5246 3275 5299 At
3306 5261 3433 5299 mss.
3465 5259 3561 5299 sex

1978 5316 2105 5385 περὶ
2140 5246 2427 5385 ἐασιλέων.
2454 5314 2617 5381 Αῑκιιο
2646 5327 2728 5369 est
2758 5318 3105 5381 Combetisio,
3131 5318 3270 5386 quod
3296 5315 3565 5383 interpres

1978 5386 2030 5464 in
2060 5386 2570 5467 editiotteltOInana
2600 5384 2790 5467 Graeca
2817 5389 2897 5441 sic
2918 5389 3243 5467 reddiderit,
3279 5382 3402 5467 Non
3425 5386 3564 5465 mul-

1977 5457 2246 5536 tiplicabir
2277 5456 2376 5536 sibi
2427 5471 2645 5536 equum.
2684 5457 2979 5536 Contendit
3040 5456 3179 5510 verti
3212 5457 3560 5536 Iuportuis‘se,

1984 5524 2109 5579 Non
2136 5525 2645 5607 muittplthbttustbt
2680 5530 3043 5607 equitestseu
3106 5524 3562 5607 equita.tum.”Sed

1981 5596 2355 5680 conqueritur,
2377 5605 2435 5648 ut
2466 5597 2595 5649 mihi
2629 5593 2845 5680 quidem
2882 5597 3114 5680 videtur,
3143 5593 3407 5663 nuttjure.
3427 5593 3561 5680 Nam

1979 5666 2091 5747 [me
2105 5670 2222 5722 loco
2250 5667 2449 5747 equum
2487 5682 2583 5747 pro
2600 5670 2838 5735 equitatu
2855 5666 3117 5747 sumne!
3142 5681 3285 5720 caeco
3311 5674 3559 5736 apparet.

1985 5736 2369 5862 Vel:emdprius
2420 5734 2821 5807 legisset’notas
2848 5734 3067 5805 Nobilii,
3101 5753 3264 5808 quam
3310 5734 3433 5791 euin
3472 5752 3560 5791 re-

1985 5822 2177 5862 nreten
2222 5820 2375 5862 tsset.

1976 5820 2375 5877 prenenutsset.
