4008 6402
363 425 470 481 555

1499 427 1784 486 ῙΪΟΜΞῙᾸᾹ
1824 431 1888 486 l.\'
1917 427 2261 489 'PSALHUM
2303 433 2536 489 XXXIII.

3522 445 3628 502 35!

359 540 485 606 δὼς,
517 542 644 598 Ὀτι
681 545 718 613 ἡ
751 548 957 616 θλίψις
991 549 1309 619 ὑπομονὴν
1339 550 1769 620 κατεργάζεται,
1808 555 1845 621 ἡ
1879 551 1932 604 δι

2050 553 2182 608 Nam
2230 570 2287 608 re
2327 556 2438 624 ipsa
2477 553 2831 629 atllictiones,
2869 559 3024 626 quasi
3067 559 3318 616 atldetica
3372 564 3622 632 quaedam

359 635 638 704 ὑπομονὴ
685 637 970 709 δοκιμὴν,
1008 643 1045 709 ἠ
1081 641 1149 696 δὲ
1176 643 1390 714 δοκιμὴ
1424 645 1662 699 ἐλπίδα.
1707 645 1796 716 Τῷ
1828 646 1942 699 ὄντι

359 725 470 798 γὰρ
497 731 610 794 τοῖς
653 731 835 796 καλῶς
868 737 1412 808 παρεσκευασμένοις
1451 739 1508 791 αἱ
1538 737 1746 808 θλίψεις
1778 739 1943 792 οἱονεὶ

358 820 557 890 τροφαί
590 822 733 886 τινές
766 826 901 879 εἰσιν
935 827 1227 900 ἀθλητικαὶ
1266 831 1360 883 καὶ
1391 831 1690 901 γυμνάσια,
1724 832 1817 884 ἐπὶ
1843 831 1942 903 τὴν

360 910 622 982 πατρῴαν
661 913 817 979 δόξαν
846 917 939 970 τὸν
974 919 1282 991 ἀγωνιστὴν
1321 920 1782 992 πρώιδὰζουσαι·
1813 923 1942 975 ὅταν

360 999 755 1074 λοιδορούμενοι
793 1007 1105 1081 εὐλογῶμεν
1126 1053 1141 1078 ,
1176 1011 1656 1084 βλασφημούμενοι
1689 1031 1942 1085 παρακα-

361 1091 560 1164 λῶμεν,
582 1100 1049 1171 καταπονούμενοι
1067 1103 1501 1175 εὐχαριστῶμεν,
1523 1105 1828 1176 θλιϐόμενοι
1849 1105 1942 1158 ἐπὶ

361 1187 425 1256 τῇ
477 1186 651 1258 θλίψει
704 1189 1056 1262 καυχώμεθα.
1113 1195 1347 1266 Αἰσχρὸν
1398 1195 1510 1268 γὰρ
1547 1198 1792 1267 εὐλογεῖν
1843 1197 1942 1269 μὲν

359 1277 510 1348 ἡμᾶς
535 1280 628 1332 ἐπὶ
650 1285 765 1346 τοῖς
791 1286 1196 1356 χρηστοτέροις,
1227 1290 1438 1360 σιωπᾷν
1463 1290 1518 1342 δὲ
1550 1291 1642 1343 ἐπὶ
1674 1294 1782 1355 τοῖς
1813 1309 1944 1344 σκυ-

362 1365 732 1442 θρωποτέροις
769 1376 863 1427 καὶ
905 1376 1182 1439 ἐπιπόνοις
1216 1379 1554 1449 πράγμασιν.
1616 1381 1776 1434 Ἀλλὰ
1819 1381 1940 1435 τότε

360 1461 455 1512 καὶ
492 1461 652 1515 πλέον
697 1464 1040 1537 εὐχαριστεῖν
1068 1467 1164 1530 δεῖ,
1205 1469 1434 1533 εἰδότας,
1470 1471 1551 1524 ὅτι
1589 1474 1698 1525 Ὃν
1743 1472 1942 1540 ἀγαπᾷ

358 1556 576 1621 Κύριος
607 1557 897 1612 παιδεύει·
931 1563 1207 1631 μαστιγοῖ
1244 1563 1313 1616 δὲ
1338 1562 1533 1616 πάντα
1564 1565 1700 1617 υἱὸν·
1729 1564 1800 1618 ὃν
1833 1578 1944 1618 ara-

355 1646 691 1715 ραδέχεται.
751 1653 1084 1720 Διαπαντὸς
1135 1654 1172 1723 ἠ
1227 1654 1462 1720 αἴνεσις
1501 1655 1688 1709 αὐτοῦ
1739 1656 1809 1708 ἐν
1862 1654 1942 1722 τῷ

358 1741 614 1810 στόματί
644 1761 787 1811 μου.
839 1747 1000 1799 Δοκεῖ
1032 1745 1292 1802 ἀδύνατόν
1343 1766 1396 1801 τι
1447 1749 1878 1816 ἐπαγγέλλεσθαι
1913 1750 1942 1801 ὁ

359 1833 664 1904 προφήτης.
698 1835 818 1900 Πῶς
841 1835 948 1908 γὰρ
978 1837 1268 1902 διαπαντὸς
1297 1840 1329 1910 ή
1361 1840 1566 1903 αῖνεσις
1595 1839 1689 1892 τοῦ
1719 1840 1852 1892 Θεοῦ
1883 1841 1941 1892 ἐν

357 1924 435 1994 τῷ
470 1924 696 1996 στόματι
729 1927 1020 1999 ἀνθρώπου
1064 1931 1173 2000 (ϐο)
1207 1927 1346 1985 εἶναι
1379 1931 1636 1998 δύναταις
1670 1932 1796 1986 Ὅτε
1831 1932 1946 1985 δια-

357 2015 574 2085 λέγεται
600 2020 698 2083 τὰς
733 2021 982 2092 συνήθεις
1009 2023 1103 2076 καὶ
1133 2024 1394 2093 βιωτικὰς
1428 2025 1666 2096 ὁμιλίας,
1696 2026 1796 2078 οὐκ
1826 2026 1938 2096 ἔχει

365 2111 446 2164 τὸν
483 2108 631 2166 αἶνον
663 2113 758 2166 τοῦ
800 2115 933 2168 Θεοῦ
969 2119 1027 2168 ὲν
1068 2116 1144 2186 τῷ
1186 2118 1434 2188 στόματι.
1490 2119 1621 2171 Ὅτε
1666 2117 1937 2181 καθεύδει,

357 2206 691 2271 σιωπήσεται
726 2208 964 2273 πάντως.
1017 2209 1317 2273 Ἐσθίοντος
1347 2210 1403 2262 δὲ
1429 2210 1523 2263 καὶ
1552 2209 1795 2274 πίνοντος
1825 2211 1940 2276 πῶς

355 2295 639 2368 ἐνεργήσει
671 2298 732 2352 τὸ
762 2299 936 2370 στόμα
979 2299 1076 2372 τὴν
1110 2301 1349 2365 nive-3w;
1387 2300 1530 2372 Πρὸς
1567 2300 1631 2370 δὴ
1669 2303 1829 2353 τοῦτο
1857 2301 1940 2355 λέο

352 2403 545 2458 γομεν,
587 2390 668 2442 ὅτι
698 2388 813 2443 ἔστι
845 2390 945 2461 μέν
981 2409 1032 2443 τι
1079 2391 1173 2444 καὶ
1216 2389 1405 2462 νοητὸν
1447 2390 1622 2462 στόμα
1655 2389 1749 2443 τοῦ
1794 2389 1939 2444 ἔνδον

350 2479 662 2553 ἀνθρώπου,
688 2475 732 2551 ᾧ
757 2483 1015 2555 τρέφεται
1048 2483 1158 2552 (61)
1190 2482 1622 2554 μεταλαμϐάνων
1655 2481 1749 2535 τοῦ
1777 2481 1937 2551 λόγον

351 2572 451 2642 τῆς
482 2575 646 2645 ζωῆς,
690 2575 748 2638 ὃς
783 2577 931 2628 ἐστιν
964 2575 1127 2646 ἄρτος
1157 2578 1220 2628 ἐκ
1266 2573 1360 2627 τοῦ
1405 2574 1634 2646 οὐρανοῦ
1671 2575 1933 2638 καταϐάς.

352 2663 490 2736 Περὶ
539 2666 748 2720 ἐκεῖνον
793 2667 887 2720 τοῦ
925 2668 1193 2738 στόματος
1236 2667 1334 2720 καὶ
1373 2667 1400 2720 ὁ
1438 2667 1732 2738 Προφήτης
1774 2666 1938 2738 φησιν

349 2758 452 2813 ὅτιο
493 2761 562 2814 Τὸ
593 2762 786 2830 στόμα
806 2779 926 2830 μου
961 2759 1174 2830 ἧνοιξα
1195 2801 1208 2824 ,
1245 2759 1344 2812 καὶ
1379 2761 1641 2812 εἵλκυσα
1679 2758 1933 2828 πνεῦμα.

363 2851 570 2906 Ἐκεῖνο
610 2854 704 2908 καὶ
741 2857 770 2907 ὁ
798 2853 1002 2926 Κύριος
1046 2851 1397 2923 προκαλεῖται
1438 2852 1583 2923 ἡμᾶς
1625 2847 1935 2922 εὐρύχωρον

350 2942 494 3012 ἔχειν
529 2946 610 3008 εἰς
640 2944 904 3016 ὑποδοχὴν
955 2943 1343 3014 ἀφθονωτέραν
1410 2943 1516 3006 τῶν
1573 2941 1792 3014 τροφῶν
1835 2942 1937 3011 τῆς

348 3035 628 3106 ἀληθείας.
677 3037 998 3091 Πλάτυνον
1042 3039 1173 3106 γὰρ,
1225 3037 1380 3107 φησι,
1431 3035 1496 3088 τὸ
1545 3035 1740 3104 στόμα
1791 3049 1930 3098 σου,

269 3129 273 3134 ’
347 3127 445 3179 καὶ
480 3127 780 3197 πληρώσω
821 3130 987 3184 αὐτό.
1020 3129 1251 3182 Δύναται
1291 3125 1384 3182 οὖν
1434 3128 1467 3200 ἡ
1512 3127 1933 3198 ἐντετυπωμένη

2051 648 2304 703 alimenta
2335 665 2397 702 ac
2431 651 2854 706 exercitationes
2880 662 3007 705 sunt
3029 652 3167 708 bene
3191 659 3509 726 praeparatis
3545 668 3623 712 at-

2051 755 2159 808 que
2190 739 2472 796 instructis
2501 755 2515 796 :
2545 758 2665 812 quae
2695 742 2955 796 athletam
2985 744 3051 798 ad
3084 755 3365 815 paternam
3395 747 3622 816 gloriam

2052 834 2353 899 deducunt;
2390 836 2432 889 si
2469 837 2686 905 quando
2714 837 2974 891 conviciis
3019 838 3251 907 impetiti
3283 839 3622 897 benedixeri-

2053 941 2193 990 mus,
2223 927 2578 997 hlasphemiis
2609 929 2839 983 lacessiti
2865 929 3348 998 obsecraverimus,
3382 933 3620 988 divexati

2050 1020 2318 1088 egerimus
2343 1023 2566 1090 gratias,
2599 1020 2777 1076 amicti
2813 1023 2866 1076 in
2895 1022 3187 1078 atllictione
3214 1025 3428 1094 gloriati
3463 1025 3622 1080 fueri-

2050 1125 2173 1166 mus
2203 1111 2268 1164 ".
2297 1107 2473 1182 Turpe
2501 1113 2644 1167 enim
2676 1123 2759 1167 est
2793 1129 2889 1168 nos
2917 1114 3237 1172 benedicere
3271 1118 3324 1172 in
3359 1119 3519 1172 rebus
3550 1135 3625 1171 se-

2051 1203 2258 1269 cundis,
2282 1204 2442 1258 silere
2464 1219 2591 1258 vero
2620 1206 2669 1258 in
2699 1205 2945 1261 tristibus
2973 1219 3027 1261 et
3049 1209 3313 1264 adversis.
3348 1208 3459 1264 lmo
3491 1219 3615 1264 tunc

2049 1293 2210 1348 etiam
2249 1294 2449 1362 gratias
2483 1291 2760 1350 uberiores
2789 1311 2951 1366 agere
2977 1306 3212 1366 oportet,
3249 1315 3369 1354 cum
3402 1301 3616 1354 noveri-

2050 1402 2170 1440 tnus
2199 1387 2338 1455 quod
2369 1385 2534 1452 Quem
2570 1387 2742 1456 diligit
2777 1386 3056 1454 Dominus,
3093 1391 3357 1458 castigat;
3383 1393 3617 1463 ﬂagellat

2049 1486 2229 1530 autem
2257 1494 2458 1530 omnem
2505 1478 2676 1548 ﬁlium
2719 1496 2871 1550 quem
2917 1483 3096 1550 recipit
3130 1483 3193 1537 ".
3246 1483 3464 1553 Semper
3503 1486 3622 1540 laus

2049 1569 2163 1637 ejus
2187 1569 2241 1622 in
2275 1586 2364 1622 are
2387 1587 2519 1624 meo.
2551 1572 2775 1628 Videtur
2808 1576 3067 1644 propheta
3105 1575 3156 1631 id
3185 1580 3328 1646 quod
3359 1580 3472 1634 ﬁeri
3513 1597 3617 1636 non

2051 1667 2247 1727 potest,
2275 1658 2536 1728 polliceri.
2564 1661 2845 1727 Quomodo
2866 1666 3010 1717 enim
3043 1678 3261 1736 semper
3290 1667 3408 1724 laus
3445 1671 3535 1725 Dei
3560 1671 3613 1725 in

2049 1764 2144 1804 ore
2174 1751 2409 1806 hominis
2439 1767 2559 1807 esse
2593 1755 2813 1821 potest?
2845 1755 2981 1809 Cum
3015 1769 3271 1813 consueta
3300 1769 3350 1815 et
3383 1763 3447 1816 ad
3496 1764 3618 1818 vine

2050 1855 2205 1894 usum
2235 1842 2537 1910 spectantia
2567 1843 2836 1913 colloquia
2871 1844 3021 1912 facit,
3067 1846 3119 1900 in
3155 1861 3252 1903 ore
3281 1849 3494 1906 laudem
3525 1852 3617 1908 Dei

1980 1929 2020 1986 Il
2051 1945 2155 1984 non
2197 1929 2378 1985 habet.
2405 1930 2539 1985 Cum
2582 1932 2804 1998 dormit,
2843 1935 3064 1989 ntnuino
3091 1936 3292 1991 silebit.
3338 1939 3620 2005 Quomodo

2043 2039 2172 2078 vero
2197 2023 2409 2078 edentis
2439 2033 2530 2077 aut
2570 2025 2804 2080 bibentis
2835 2041 2897 2080 os
2933 2028 3146 2084 laudem
3178 2029 3269 2086 Dei
3300 2033 3618 2102 depromet?

2039 2115 2122 2170 Ad
2159 2115 2260 2169 hoc
2295 2117 2698 2184 respondemus,
2723 2117 2989 2186 quoddam
3030 2120 3192 2174 etiam
3229 2136 3349 2178 esse
3385 2125 3617 2181 hominis

2043 2207 2237 2261 interni
2266 2207 2547 2276 spirituale
2571 2223 2632 2262 os
2655 2219 2818 2278 atque
2841 2209 3197 2280 intelligibile,
3222 2229 3330 2283 quo
3353 2217 3610 2280 nutritur,

2040 2299 2168 2354 dum
2194 2298 2422 2355 verbum
2446 2303 2572 2355 vitae
2597 2302 2810 2370 recipit,
2846 2304 2935 2373 qui
2965 2315 3047 2360 est
3070 2306 3246 2375 panis,
3268 2307 3359 2376 qui
3385 2309 3450 2362 dc
3475 2308 3613 2365 caelo

2040 2393 2318 2449 descendit
2348 2394 2412 2447 ⁸⁸.
2454 2394 2526 2448 De
2568 2395 2656 2449 illo
2686 2411 2781 2451 ore
2811 2397 2974 2450 etiam
3015 2397 3285 2467 Propheta
3318 2399 3556 2469 loquitur
3590 2419 3604 2456 :

2040 2485 2114 2540 0s
2144 2501 2314 2540 meum
2338 2489 2519 2557 aperui
2551 2497 2601 2542 et
2635 2489 2835 2542 attraxi
2862 2490 3102 2556 spiritum
3139 2492 3200 2546 ".
3225 2490 3486 2547 Hortatur
3515 2509 3613 2549 nos

2039 2579 2203 2632 etiam
2238 2577 2518 2645 Dominus,
2556 2589 2614 2633 ut
2645 2581 2878 2650 amplum
2910 2596 2972 2635 os
3007 2582 3326 2649 habeamus,
3361 2600 3469 2652 quo
3512 2601 3610 2640 co-

2041 2669 2245 2736 pinsitis
2297 2668 2626 2740 uberiusque
2664 2672 2920 2727 alimenta
2975 2674 3218 2730 veritatis
3257 2677 3609 2746 accipiamus.

2041 2760 2218 2814 Dilata
2264 2762 2422 2824 enim.
2464 2763 2661 2832 inquit,
2705 2781 2762 2819 os
2801 2776 2970 2829 tuum,
3013 2775 3061 2819 et
3105 2766 3324 2834 implebo
3373 2767 3509 2821 illud
3539 2768 3608 2820 '°.

2037 2851 2224 2922 Itaque
2265 2852 2360 2908 Dei
2407 2855 2667 2924 cogitatio
2713 2855 2876 2912 semel
2920 2858 3217 2928 impressa,
3263 2867 3318 2914 et
3350 2860 3501 2928 quasi
3549 2859 3602 2913 in

2038 2947 2305 3016 praecipua
2329 2948 2524 3002 anima:
2551 2957 2704 3017 parte
2727 2949 3034 3020 obsignata,
3067 2951 3186 3006 laus
3220 2952 3311 3006 Dei
3346 2954 3604 3024 appellari

2037 3047 2237 3105 potest.
2281 3052 2496 3108 semper
2531 3039 2582 3093 in
2609 3040 2790 3093 anima
2821 3041 3084 3094 insidens.
3113 3039 3298 3096 Potest
3326 3054 3505 3098 autem
3560 3054 3615 3099 et

2032 3125 2185 3194 juxta
2217 3127 2571 3197 apostolicam
2609 3128 3034 3184 admonitionem
3081 3131 3164 3185 vir
3190 3133 3393 3201 probus
3423 3136 3605 3189 omnia

347 3217 494 3285 ἅπαξ
519 3221 613 3273 καὶ
634 3221 799 3276 οἱονεὶ
821 3220 930 3291 (62)
954 3221 1370 3293 ὲσφραγισμένη
1396 3219 1474 3291 τῷ
1503 3219 1814 3291 ἡγεμονικῷ
1835 3220 1932 3291 τῆς

2037 3235 2196 3292 agere
2225 3221 2292 3275 ad
2324 3220 2414 3275 Dei
2444 3221 2703 3291 gloriam,
2733 3223 2803 3276 ita
2841 3231 2898 3276 ut
2926 3223 3070 3278 actio
3101 3225 3300 3291 omnis,
3340 3241 3610 3297 omneque

346 3311 526 3382 ψυχῆς
557 3313 686 3384 περὶ
717 3313 852 3367 Θεοῦ
894 3313 1072 3367 ἔννοια
1119 3315 1324 3376 αἴνεσις
1356 3311 1717 3383 ὀνομάζεσθαι
1761 3311 1927 3372 Θεοῦ,

346 3403 636 3470 διαπαντὸς
674 3407 1053 3478 ἐνυπάρχουσα
1098 3409 1164 3478 τῇ
1217 3406 1385 3477 ψυχῇ.
1434 3404 1664 3458 Δύναται
1706 3405 1762 3458 δὲ
1809 3406 1924 3468 καὶ,

347 3496 489 3550 κατὰ
519 3499 618 3569 τὴν
651 3498 1011 3570 ἁποστολικὴν
1041 3498 1342 3570 ὑποθήκην,
1376 3500 1405 3551 ὁ
1434 3497 1717 3560 σπουδαῖος
1750 3497 1927 3550 πάντα

348 3590 523 3640 ποιεῖν
558 3591 637 3652 εἰς
668 3588 825 3655 δόξαν
849 3588 1006 3652 Θεοῦ,
1054 3589 1193 3640 ὥστε
1223 3589 1400 3642 πᾶσαν
1443 3586 1660 3659 πρᾶξιν,
1690 3587 1784 3640 καὶ
1818 3588 1926 3641 πᾶν

345 3678 520 3750 ῥῆμα,
546 3681 644 3733 καὶ
670 3683 852 3735 πᾶσαν
881 3681 1166 3752 ἐνέργειαν
1192 3680 1401 3751 νοερὰν,
1426 3679 1683 3742 αἰνέσεως
1711 3679 1928 3749 ἐπέχειν

340 3769 595 3842 δύναμιν.
622 3774 745 3826 Εἴτε
769 3771 878 3845 γὰρ
911 3772 1081 3826 ἐσθίει
1111 3775 1140 3826 ὁ
1160 3772 1388 3836 δίκαιος,
1413 3773 1521 3824 εἴτε
1553 3771 1719 3834 πίνει,
1750 3772 1928 3825 πάντα

341 3865 424 3927 είς
458 3864 615 3930 δόξαν
661 3855 795 3919 Θεοῦ
841 3868 1004 3920 ποιεῖ.
1050 3864 1158 3918 Τοῦ
1209 3864 1450 3918 τοιούτου
1495 3864 1847 3929 καθεύδοντος
1890 3866 1924 3935 ἡ

2040 3314 2288 3378 verbum,
2346 3321 2402 3368 et
2443 3312 2742 3383 spiritualis
2789 3313 2968 3369 omnis
3005 3316 3247 3386 operatio
3281 3316 3386 3370 vim
3435 3317 3612 3375 laudis

2035 3404 2299 3461 obtineat.
2332 3404 2459 3459 Sive
2495 3405 2640 3459 enim
2683 3405 2795 3459 edit
2819 3405 3038 3472 justus,
3069 3406 3184 3460 sive
3223 3406 3398 3476 bibit,
3422 3410 3608 3466 omnia

2036 3493 2088 3549 in
2131 3495 2224 3549 Dei
2265 3494 2488 3565 gloriam
2537 3495 2669 3550 facit
2693 3497 2761 3551 ¹¹.
2800 3497 2874 3550 Eo
2918 3495 3249 3563 dormiente,’
3284 3515 3380 3554 cor
3420 3500 3608 3572 vigilat

2029 3585 2184 3654 juxta
2213 3601 2370 3652 eum,
2419 3587 2512 3656 qui
2542 3587 2594 3641 in
2643 3587 2868 3642 Cantico
2907 3589 3244 3645 canticorum
3281 3592 3456 3647 die-it:
3491 3592 3603 3664 Ego

2033 3678 2258 3744 dormio,
2274 3687 2323 3732 et
2346 3695 2436 3732 cor
2463 3695 2633 3732 meum
2658 3679 2836 3750 uigilat
2854 3681 2920 3734 ".
2943 3680 3154 3736 Etenim
3176 3681 3303 3737 visat
3325 3683 3374 3736 in
3399 3684 3604 3738 somnis

2035 3768 2244 3836 species
2275 3777 2400 3823 sunt
2425 3782 2529 3822 non
2559 3784 2684 3822 raro
2715 3769 3026 3823 diurnarnm
3060 3772 3445 3842 cogitationum
3475 3773 3606 3826 ima-

2031 3873 2204 3930 gmes.

342 3955 538 4026 καρδία
603 3957 928 4028 ἐγρήγορεν,
963 3954 1107 4008 κατὰ
1139 3955 1232 4008 τὸν
1269 3954 1492 4008 εἰπόντα
1526 3956 1583 4008 ὲν
1615 3952 1694 4024 τῷ
1737 3952 1974 4024 ’ᾼσματι
2013 3948 2121 4004 τῶν
2149 3947 2412 4021 ᾀσμάτων
2435 3966 2448 3980 ο
2497 3947 2646 4020 Ἐγὼ
2678 3950 2964 4014 καθεύδω,
3011 3949 3110 4004 καὶ
3154 3952 3193 4021 ἠ
3241 3952 3456 4021 καρδία
3482 3971 3603 4023 μου

342 4045 635 4117 πρηγορεῖ.
687 4047 776 4110 Ὠς
813 4047 922 4119 γὰρ
959 4047 1054 4100 ἐπὶ
1082 4046 1217 4100 πολύ
1248 4047 1316 4100 τὰ
1363 4045 1484 4100 καθ’
1531 4045 1697 4100 ὕπνον
1735 4047 2093 4116 φαντάσματα
2131 4043 2232 4115 τῆς
2282 4041 2653 4114 μεθημερινῆς
2696 4041 2904 4106 ἐννοίας
2943 4043 3090 4096 ἐστὶν
3127 4044 3488 4116 ἁπηχήματα.

411 4139 466 4193 2.
509 4140 612 4192 Ἐν
645 4138 724 4204 τῷ
760 4140 956 4207 Κυρίῳ
988 4138 1449 4206 ἐπαινεθήσεται
1495 4139 1533 4206 vi
1581 4137 1751 4208 ψυχή
1781 4155 1920 4206 μου.

340 4231 568 4304 Μηδεὶς,
603 4231 767 4303 φησὶ,
794 4232 894 4304 τὴν
919 4232 1059 4303 ὲμὴν
1100 4231 1366 4292 ἐπίνοιαν,
1397 4230 1520 4284 καθ’
1563 4231 1630 4301 ἢν
1662 4229 1924 4300 διεσώθην

339 4327 406 4380 ἐκ
442 4326 552 4379 τῶν
582 4325 863 4390 κινδύνων,
900 4325 1212 4378 ἐπαινείτω.
1249 4325 1323 4377 Οὐ
1352 4322 1462 4394 γὰρ
1492 4324 1549 4375 ὲν
1573 4321 1801 4392 δυνάμει
1831 4323 1924 4374 ἀνα

342 4418 585 4492 θρώπου,
621 4418 743 4472 οὐδὲ
770 4419 828 4470 ὲν
862 4416 975 4488 (63)
1020 4417 1203 4486 σοφίᾳ,
1247 4415 1360 4469 ἀλλ’
1395 4418 1452 4469 ὲν
1495 4417 1562 4485 τῇ
1609 4415 1791 4486 χάριτι
1828 4414 1922 4466 τοῦ

337 4511 474 4566 Θεοῦ
491 4513 638 4565 ἐστιν
660 4514 693 4582 ἡ
715 4511 979 4581 σωτηρία.
1001 4509 1098 4577 Μὴ
1119 4508 1460 4576 καυχάσθω,
1477 4506 1660 4577 φησὶν,
1685 4509 1717 4559 ό
1737 4505 1923 4559 πλού-

336 4620 472 4669 σιος
501 4605 572 4657 ἐν
618 4601 698 4670 τῷ
731 4604 972 4668 πλούτῳ
1003 4601 1210 4665 αὐτοῦ,
1246 4600 1401 4670 μήτε
1443 4603 1475 4653 ό
1508 4598 1701 4667 σορὸς
1741 4598 1813 4651 ἐν
1844 4593 1919 4666 τῆ

335 4700 523 4768 σοφίᾳ
555 4697 762 4757 αὐτοῦ,
787 4693 941 4765 μήτε
965 4697 996 4748 ὀ
1023 4691 1273 4763 ἰσχυρὸς
1303 4692 1373 4745 ἐν
1399 4690 1475 4759 τῇ
1510 4691 1681 4760 ἰσχύϊ
1705 4689 1912 4743 αὐτοῦ·

332 4790 472 4846 ἀλλ’
500 4791 539 4858 ἢ
568 4789 637 4843 ὲν
667 4789 855 4852 τούτῳ
881 4785 1206 4856 καυχάσθω
1237 4787 1268 4838 ὀ
1297 4782 1700 4853 καυχώμενος,
1733 4783 1803 4835 ὲν
1836 4778 1916 4846 τῷ

331 4885 572 4942 (mrer
609 4886 706 4938 καὶ
749 4882 1066 4952 γινώσκειν
1105 4880 1326 4948 Κύριον
1376 4879 1484 4931 τὸν
1516 4877 1664 4930 Θεὸν
1704 4875 1913 4929 αὐτοῦ.

345 4977 508 5047 Ὁρᾷς
534 4976 624 5028 τὸν
662 4972 980 5026 Ἀπδστολον
1007 4969 1125 5033 πῶς
1149 4970 1277 5032 τοὺς
1300 4969 1598 5039 συνεργοὺς
1622 4965 1714 5018 τοῦ
1740 4965 1915 5032 Εὐαγ-

329 5067 512 5138 γελίου
543 5068 788 5129 ἑπαινεῖ;
962 5063 1092 5116 ἐστι
1133 5060 1477 5125 σύνδουλος
1507 5057 1605 5111 καὶ
1634 5056 1912 5121 διάκονος

328 5155 499 5232 ὑμῶν
532 5159 642 5229 (64)
673 5159 743 5212 ἐν
775 5157 989 5226 Κυρίῳ.
1041 5153 1166 5207 Ἐὰν
1207 5153 1387 5224 μέντοι
1418 5169 1500 5215 τις
1539 5151 1632 5205 ἐπὶ
1662 5149 1913 5220 σώματος

400 5321 444 5353 ¹⁶
471 5320 640 5377 I‘Cor.
666 5335 738 5385 tv,
766 5319 856 5384 l2,
895 5318 986 5372 l3.
1067 5315 1109 5349 ¹⁷
1133 5316 1296 5372 Ilebr.
1323 5330 1422 5380 xu,
1452 5313 1506 5369 6.
1585 5311 1804 5385 ‘fﬁJoau.
1839 5307 2025 5385 ηιμ-5⁸5.

2099 4138 2154 4189 2.
2197 4133 2361 4188 Vens.
2401 4135 2456 4189 3.
2512 4133 2580 4188 In
2630 4134 2853 4188 Domino
2897 4137 3200 4190 laudabitur
3239 4140 3415 4193 anima
3463 4157 3600 4196 mea.

2029 4226 2238 4290 Nullus,
2283 4226 2478 4295 inquit,
2515 4242 2689 4280 meam
2717 4228 3060 4295 industriam,
3087 4245 3182 4300 per
3207 4246 3367 4301 quam
3392 4245 3423 4285 e
3451 4233 3599 4302 peri-

2028 4319 2165 4375 culis
2190 4318 2474 4373 incolumis
2495 4318 2678 4383 evasi,
2712 4317 2915 4375 laudet.
2941 4318 3128 4390 Neque
3156 4321 3302 4376 enim
3331 4321 3385 4374 in
3411 4332 3599 4391 poten-

2031 4412 2102 4464 tia
2143 4409 2397 4473 hominis,
2442 4424 2618 4479 neque
2657 4409 2710 4464 in
2745 4410 3041 4480 sapientia,
3079 4414 3172 4467 sed
3209 4412 3261 4466 in
3300 4413 3392 4468 Dei
3426 4416 3599 4485 gratia

2027 4503 2174 4555 salus
2190 4510 2291 4556 est.
2323 4500 2448 4555 Non
2473 4501 2755 4570 glorietur,
2782 4504 2978 4572 inquit,
3003 4504 3145 4558 dives
3168 4505 3223 4558 in
3245 4507 3441 4562 divitiis
3465 4509 3599 4574 suis,

2027 4609 2190 4664 neque
2219 4593 2427 4662 sapiens
2454 4595 2508 4645 in
2534 4593 2796 4660 sapientia
2829 4609 2948 4658 sua,
2984 4610 3148 4664 neque
3175 4594 3329 4662 fortis
3355 4597 3410 4651 in
3438 4596 3599 4666 farti-

2025 4685 2210 4738 tudine
2239 4701 2338 4738 sua
2375 4699 2394 4738 :
2426 4686 2518 4737 sed
2540 4685 2596 4738 in
2625 4683 2722 4737 hoc
2751 4684 3005 4753 glorietur
3024 4687 3116 4754 qui
3141 4687 3431 4757 gloriatur,
3460 4693 3600 4758 quod
3671 4761 3674 4764 _

2024 4778 2268 4847 intelligit
2296 4786 2346 4831 et
2368 4779 2630 4847 cognoscit
2661 4777 2944 4831 Dominum
2973 4777 3139 4833 Deum
3161 4797 3315 4835 suum
3340 4782 3407 4837 ”.
3437 4781 3600 4838 Vides

2022 4870 2292 4939 quomodo
2349 4869 2643 4939 Apostolus
2693 4871 2969 4938 adjutores
3028 4869 3308 4938 Evangelii
3365 4872 3597 4929 laudet?

2023 4960 2127 5026 Qui
2153 4971 2226 5014 est
2256 4976 2534 5014 conservus
2557 4971 2602 5013 et
2631 4961 2868 5014 minister
2887 4971 3059 5016 vester
3081 4965 3136 5017 in
3169 4963 3396 5018 Domino
3429 4966 3498 5022 “.
3536 4969 3593 5020 Si

2020 5056 2143 5123 quis
2180 5063 2358 5108 autem
2392 5053 2462 5108 ob
2498 5055 2742 5122 corporis
2781 5056 3124 5124 elegantiam,
3162 5066 3254 5112 aut
3303 5069 3590 5128 parentum

2021 5145 2400 5200 claritudinem
2455 5145 2728 5210 laudatur,
2792 5162 2897 5200 non
2953 5147 3007 5202 in
3059 5147 3287 5206 Domino
3340 5150 3595 5204 laudatur

2104 5307 2145 5337 ‘°
2174 5305 2315 5359 Psal.
2347 5321 2536 5369 CXVIII,
2567 5305 2689 5359 l51.
2767 5305 2812 5338 ³⁸
2829 5305 2976 5362 Psal.
3008 5321 3168 5369 Lux,
3195 5306 3281 5359 Il.
3358 5305 3400 5336 ¹¹
3425 5301 3596 5360 ICor.

327 5409 384 5459 ι,
417 5374 544 5448 ειᾛ
570 5374 625 5423 ⁷η
666 5374 904 5453 etim/vo,
931 5390 987 5443 ε.
1055 5389 1101 5420 υ
1138 5387 1336 5442 ιετειιι.
1371 5374 1446 5449 ui,
1475 5383 1681 5451 23,24.
1759 5380 1805 5412 ιι
1834 5379 1928 5435 Col

2037 5417 2043 5431 .
2097 5391 2170 5441 tv,
2224 5374 2275 5431 7.

395 5532 512 5658 360')
534 5531 686 5587 Multi
718 5546 848 5586 mss.
877 5527 1165 5601 ἀνθρώπου
1192 5527 1308 5583 sine
1342 5523 1590 5581 articulo.
1634 5521 1780 5577 Editi
1812 5521 1906 5574 τοῦ

431 5621 635 5658 οωπου.
1575 5637 1578 5642 .

323 5605 635 5679 ἀνθρώπου.
1392 5666 1424 5678 η
1575 5637 1578 5642 .
1820 5663 1832 5674 ο
1863 5662 1875 5674 .

327 5739 362 5766 χ
397 5671 780 5766 ςθψδοιιληυιιί
810 5685 940 5725 mss.
959 5669 987 5722 ὂ
1014 5669 1295 5740 τρέφεται.
1321 5666 1424 5720 Aln
1452 5681 1583 5722 mss.
1604 5679 1726 5720 cum
1747 5663 1908 5719 edtlts

320 5764 371 5822 ῳ
399 5747 789 5888 ἷὲἐςρὲἷιαιίιιηιιὶ
821 5827 952 5866 mss.
986 5809 1171 5863 οἱονεί.
1209 5808 1350 5864 Editi
1379 5802 1514 5862 οἷον.
1537 5803 1742 5863 Ibidem
1770 5805 1906 5876 Reg.

326 5890 517 5938 tertius
543 5882 1045 5938 ὲνεσωοαγισιιένη.

326 5897 517 5948 tertius
543 5897 1045 5955 ενεσφραγισμενη.

605 5979 881 6039 ΡΑι-ιιοι..
920 5977 1037 6038 Gtt.
1079 5967 1318 6034 XXIX.

2089 5518 2200 5591 (δε)
2237 5519 2416 5575 Editio
2462 5519 2644 5576 Paris.
2685 5519 2720 5592 ἦ
2767 5522 2847 5574 ὲν.
2891 5519 2963 5574 At
3009 5495 3246 5588 quinque
3300 5531 3431 5572 mss.
3473 5513 3598 5570 οὐδὲ

2018 5592 2200 5734 tvI64)
2234 5662 2408 5716 Edilio
2432 5661 2615 5734 Paris.
2633 5677 2753 5717 cum
2784 5659 2936 5734 Colb.
2961 5668 3116 5715 sexto
3142 5657 3389 5734 διάκονος
3413 5655 3595 5730 ἡμῶν,

2019 5741 2074 5803 et
2102 5731 2176 5787 ita
2196 5733 2398 5803 legerat
2428 5733 2719 5803 interpres,
2752 5732 2991 5803 minister
3024 5741 3227 5785 noster.
3253 5731 3429 5786 Editio
3467 5744 3596 5784 vero

2017 5801 2184 5859 Basil.
2213 5800 2271 5861 et
2295 5812 2420 5860 octo
2439 5800 2839 5865 ωεεζδιάκονος
2866 5801 3040 5875 ὐμῶν,
3071 5811 3238 5858 recte.

3178 5961 3258 6024 12
