4008 6402
388 406 494 460 355

1720 401 1778 463 S.
1821 404 2064 463 BASlLll
2109 406 2320 466 MAGNI

3531 407 3652 459 336

386 525 565 576 anima
602 522 767 590 ipsius
805 539 820 576 :
859 523 950 577 sed
987 523 1232 592 quisquis
1282 518 1406 578 talis
1457 531 1558 585 est,
1615 524 1666 576 in
1721 526 1947 578 vanitate

2060 525 2263 584 κάλλει,
2302 527 2334 594 ἢ
2362 525 2562 593 γονέων
2590 525 2916 596 περιφανεία
2940 526 3266 582 ἐπαινεῖται,
3296 524 3394 576 οὐκ
3429 524 3485 575 ἐν
3525 524 3653 574 Κυ-

383 615 753 672 constituitnr.
786 615 968 682 Neque
1002 614 1147 667 enim
1190 615 1378 669 media:
1413 624 1556 668 artes
1585 615 1794 670 Iaudem
1829 631 1956 670 vere

384 716 697 762 merentur:
732 707 1158 775 gubernatores,
1200 706 1419 770 medici,
1455 716 1700 761 oratores
1731 716 1825 759 aut
1869 723 1956 760 ar-

384 797 627 863 chitecti,
656 799 746 866 qui
777 799 960 860 urbes,
995 808 1088 851 aut
1117 799 1446 869 pyramides,
1479 797 1952 869 autlabyrintlios,

390 898 486 943 aut
515 889 676 943 aliam
707 891 996 958 quamdam
1033 898 1402 956 sumptuosam
1429 905 1492 942 ac
1509 891 1793 956 superbam
1825 892 1955 944 aedi-

389 982 630 1036 ficiorum
662 982 856 1033 molem
886 989 1197 1034 exstruunt.
1227 978 1310 1033 Ob
1343 981 1458 1034 haec
1503 981 1593 1047 qui
1643 981 1952 1048 laudantur,

387 1090 490 1128 non
524 1073 576 1127 in
605 1073 831 1128 Domino
857 1088 1006 1126 suam
1046 1072 1246 1126 habent
1273 1073 1534 1126 animam.
1566 1072 1712 1126 Satis
1740 1083 1824 1127 est
1853 1091 1953 1128 no-

388 1165 472 1218 bis
500 1163 566 1216 ad
600 1178 816 1216 omnem
841 1163 1183 1231 dignitatem,
1218 1163 1355 1215 tanti
1389 1161 1600 1216 Domini
1642 1179 1828 1218 servos
1859 1182 1955 1216 no-

387 1257 600 1312 minari.
626 1255 874 1325 Nunquid
905 1255 1048 1309 enim
1074 1254 1166 1324 qui
1214 1255 1324 1324 regi
1359 1254 1516 1325 145
1544 1253 1857 1321 famulatur,
1898 1271 1956 1309 se

387 1351 506 1404 ideo
533 1350 759 1418 jaclabit
786 1349 925 1418 quod
965 1348 1018 1400 in
1064 1348 1165 1402 hoc
1193 1357 1284 1400 aut
1319 1349 1370 1402 in
1410 1350 1500 1402 illo
1537 1350 1825 1403 ministerii
1859 1365 1954 1404 or-

391 1443 514 1496 dine
538 1441 835 1495 collocatus
856 1450 940 1494 est
963 1459 977 1494 :
1011 1441 1101 1509 qui
1131 1456 1262 1495 vero
1289 1441 1481 1510 dignus
1511 1441 1727 1496 habitus
1753 1453 1836 1497 est
1864 1444 1952 1512 qui

385 1533 494 1588 Deo
521 1532 760 1596 serviat,
795 1530 1010 1584 aliunde
1055 1530 1242 1583 laudes
1272 1530 1374 1584 sibi
1408 1530 1764 1599 excogitabit,
1796 1533 1948 1599 quasi

387 1627 454 1678 ad
483 1640 698 1680 omnem
728 1623 911 1694 gloriae
938 1623 1347 1691 splendorisque
1365 1623 1640 1676 cumulum
1669 1625 1955 1692 appellatio

386 1720 595 1775 Domini
630 1719 732 1774 sibi
764 1733 867 1771 non
896 1715 1165 1770 sufﬁciat?
1196 1711 1264 1767 In
1299 1713 1526 1766 Domino
1565 1715 1728 1783 igitur
1762 1715 1952 1768 lauda-

385 1814 524 1864 bitur
577 1811 757 1863 anima
811 1823 944 1859 mea.
996 1805 1229 1857 Andiant
1271 1804 1553 1865 mansueti,
1587 1814 1634 1857 et
1685 1804 1948 1858 lwtentur.

2063 617 2159 685 ρίῳ
2188 618 2490 667 ἐπαινεῖται
2517 615 2680 669 αὑτοῦ
2709 619 2740 686 ἡ
2766 616 2932 686 ψυχὴ,
2978 615 3089 667 ἀλλ’
3117 617 3175 667 ἐν
3213 617 3278 684 τῇ
3311 616 3650 684 ματαιότητι

2057 708 2172 758 ἐστι
2210 706 2318 758 τῶν
2351 707 2603 759 τοιούτων
2634 707 2883 772 ἕκαστος.
2931 707 3064 759 Ούδέ
3105 707 3214 776 γὰρ
3261 707 3315 758 αἱ
3351 705 3512 774 μέσαι
3551 705 3652 758 τέ-

2056 814 2179 864 χναι
2207 796 2320 864 (65)
2347 798 2408 849 τὸ
2437 797 2704 866 ἀληθινῶς
2735 799 3015 852 ἐπαινετὸν
3050 799 3251 869 ἔχουσι.
3280 800 3648 872 κυϐερνῆται,

2061 890 2250 957 ἰατροὶ,
2273 891 2517 961 ῥήτορες,
2537 891 2569 960 ἢ
2592 890 2969 961 ἀρχιτέκτονες
3009 893 3192 956 πόλεις
3217 895 3651 964 οἰκοδομοῦντες

2057 979 2088 1047 ἢ
2125 982 2454 1052 πυραμίδας,
2480 983 2512 1052 ἢ
2543 983 2974 1055 λαϐυρίνθους,ἥ
3012 985 3176 1048 ἄλλας
3209 986 3360 1048 τινας
3387 986 3646 1056 δαπανη-

2058 1070 2156 1139 ρὰς
2197 1071 2228 1140 ἢ
2278 1072 2612 1141 ὑπερόγκους
2659 1073 3105 1144 οἰκοδομημάτων
3155 1076 3526 1139 κατασκευάς.
3568 1079 3647 1129 OE

2056 1161 2147 1212 ἐπὶ
2174 1161 2382 1226 τούτοις
2419 1163 2820 1234 ἐπαινούμενοι,
2854 1166 2953 1218 ούκ
2985 1167 3042 1216 ἐν
3078 1167 3269 1237 Κυρίῳ
3307 1166 3417 1238 (66)
3445 1168 3645 1237 έχουσι

2053 1252 2152 1322 τὴν
2181 1254 2386 1306 ἐαυτῶν
2418 1255 2617 1326 ψυχήν.
2661 1257 2845 1327 Ἀρκεῖ
2874 1259 3006 1327 ἡμῖν
3052 1258 3190 1327 πρὸς
3238 1259 3383 1311 ἆπαν
3416 1261 3646 1331 ἀξίωμα.

2055 1345 2115 1396 τὸ
2161 1346 2477 1416 τηλικούτου
2524 1349 2794 1401 Δεσπότου
2827 1347 3044 1411 δούλους
3077 1350 3222 1418 ἡμᾶς
3249 1350 3640 1418 ὀνομάζεσθαι.

2055 1437 2127 1488 Ού
2155 1437 2325 1508 δήπου
2351 1439 2459 1509 γὰρ
2491 1439 2698 1509 βασιλεῖ
2740 1441 2838 1510 μέν
2872 1458 2955 1503 τις
2984 1442 3272 1512 ὑπηρετῶν
3309 1443 3450 1511 μέγα
3493 1461 3642 1513 φροο

2055 1534 2227 1602 νήσει,
2264 1534 2349 1587 διὰ
2382 1536 2444 1586 τὸ
2497 1537 2554 1586 ἐν
2599 1535 2723 1605 τῇδε
2766 1539 2829 1605 τῇ
2875 1537 3025 1601 τάξει
3059 1538 3159 1604 τῆς
3196 1537 3496 1605 ὑπηρεσίας
3537 1555 3640 1589 τε·

2054 1624 2281 1694 τάχθαι·
2317 1626 2435 1696 Θεῷ
2478 1626 2533 1678 δὲ
2579 1627 2936 1692 καταξιωθεὶς
2981 1628 3282 1698 λατρεύειν,
3337 1628 3641 1697 ἀλλαχόθεν

2053 1719 2177 1780 τους
2225 1719 2477 1782 ἐπαίνους
2511 1719 2686 1790 ἐαυτῷ
2721 1723 3061 1792 περινοήσει,
3111 1721 3186 1784 ὡς
3217 1722 3317 1773 οὐκ
3355 1723 3643 1793 ἀκούσης

2055 1809 2204 1878 αύτῴ
2233 1810 2330 1880 τῆς
2358 1811 2695 1881 ἐπικλήσεως
2725 1811 2816 1864 τοῦ
2853 1813 3054 1881 Κυρίου
3086 1813 3222 1884 πρὸς
3256 1817 3431 1867 πᾶσαν
3473 1815 3642 1885 δόξης

384 1900 824 1969 Quandoquidem
863 1898 980 1951 sine
1021 1896 1238 1965 prrelio,
1282 1895 1474 1964 inquit,
1526 1910 1590 1949 ex
1635 1895 1746 1948 sola
1799 1895 1947 1950 faciei

2059 1903 2147 1954 καί
2174 1904 2525 1973 περιφανείας
2556 1904 2885 1976 ὑπερϐολήν;
2923 1905 3024 1959 Ἐν
3048 1906 3126 1970 τῷ
3150 1907 3342 1973 Κυρίῳ
3363 1905 3452 1959 οὖν
3471 1908 3643 1960 ἐπαι-

386 1993 759 2047 immutatione
812 1989 1046 2042 inimicis
1093 2003 1187 2057 per
1231 1986 1324 2041 Dei
1377 1987 1636 2039 auxilium
1678 1988 1951 2056 deceptis,

387 2087 515 2142 mihi
544 2092 696 2155 parta
725 2084 872 2138 salus
894 2091 1016 2136 est:
1049 2081 1278 2134 Audiant
1310 2079 1593 2145 mansueti,
1647 2079 1762 2133 fieri
1793 2095 1951 2149 posse

386 2189 442 2232 ut
471 2185 520 2232 el
548 2178 888 2248 quiescentes
926 2174 1136 2244 erigant
1172 2182 1452 2240 tropaeum,
1495 2181 1550 2225 et
1594 2172 1817 2225 minime
1854 2187 1953 2239 pu-

388 2279 636 2341 gnantes,
663 2269 899 2324 victores
921 2265 1299 2321 declarentur:
1331 2263 1396 2317 Et
1421 2265 1683 2328 laetentur,
1719 2264 1782 2316 ad
1811 2279 1953 2317 man-

385 2360 722 2415 suetudinem
749 2357 1178 2424 amplectendam
1208 2369 1326 2407 meo
1351 2353 1600 2421 exemplo
1623 2355 1949 2408 confirmati.

387 2456 500 2509 Hoc
525 2453 669 2506 enim
701 2450 881 2519 accepi
919 2447 1158 2503 muneris
1187 2462 1215 2499 a
1249 2447 1377 2504 Deo.
1405 2445 1547 2512 quod
1581 2447 1952 2500 mansuetudi-

387 2560 507 2599 nem
563 2541 798 2611 implevi.
851 2539 1132 2602 Memento,
1186 2536 1645 2599 Domine,David,
1685 2545 1734 2590 et
1780 2538 1950 2589 omnis

384 2635 800 2690 mansuetudinis
824 2635 938 2702 ejus
961 2631 1029 2687 ’⁵.
1062 2630 1290 2686 Maxima
1317 2629 1460 2682 enim
1490 2629 1768 2695 virtutum,
1799 2644 1953 2682 man-

383 2730 611 2784 suetudo
647 2738 748 2792 est,
777 2735 1106 2796 quapropter
1138 2732 1192 2778 et
1218 2723 1358 2776 inter
1389 2721 1748 2776 beatitudines
1779 2721 1952 2774 adnu-

383 2830 641 2874 meratur.
669 2818 815 2870 Beati
844 2817 1004 2878 enim,
1035 2811 1678 2883 inquit.mites,quoniam
1707 2811 1806 2880 ipsi
1830 2829 1951 2880 pos-

380 2910 618 2964 sidebant
656 2919 850 2961 terram
877 2907 944 2960 ’5.
979 2906 1112 2959 Nam
1157 2916 1297 2957 terra
1337 2902 1457 2967 illa,
1504 2903 1745 2956 cmlestis
1791 2901 1948 2956 Jeru-

381 3002 570 3066 salem,
604 2999 831 3070 spolium
885 3012 988 3051 non
1021 3005 1101 3050 est
1134 2992 1484 3064 pugnantium
1519 3007 1534 3044 :
1567 2993 1661 3046 sed
1705 2992 1916 3060 :equani

383 3111 592 3150 morum
627 3108 690 3148 ac
720 3102 1122 3147 mansuetorum
1154 3091 1395 3145 virorum
1430 3085 1714 3141 liaercditas
1746 3101 1947 3156 propo-

2056 1993 2372 2060 νεθήσεται
2407 1996 2443 2061 ἡ
2491 1997 2660 2064 ψυχή
2707 2015 2846 2064 μου.
2904 1997 3356 2050 Ἀκουσάτωσαν
3399 1999 3636 2065 πραεῖς,

2063 2087 2160 2139 καὶ
2193 2087 2719 2155 εἰνφρανθήτωσαν.
2780 2089 2994 2160 Ἐπειδὴ
3030 2091 3154 2142 ἄνευ
3187 2089 3442 2159 πολέμου,
3473 2092 3637 2160 φησι.

2063 2178 2396 2249 κατωρθώθη
2441 2198 2530 2249 μοι
2559 2179 2667 2251 (67)
2705 2183 2737 2250 ἡ
2775 2182 3017 2250 σωτηρία
3058 2183 3120 2233 ἐκ
3151 2183 3318 2252 μόνης
3358 2184 3456 2253 τῆς
3488 2185 3638 2236 κατᾶ

2057 2269 2348 2340 πρόσωπον
2384 2270 2738 2334 ἀλλοιώσεως,
2775 2272 2863 2324 διὰ
2902 2272 3000 2341 τῆς
3032 2272 3123 2323 τοῦ
3153 2273 3288 2324 Θεοῦ
3332 2275 3636 2344 συνεργίας

2056 2359 2444 2430 ἀπατηθέντων
2467 2360 2575 2412 τῶν
2599 2361 2891 2431 πολεμίων
2928 2361 3378 2415 Ἀκουσάτωσαν
3401 2365 3633 2430 πραεῖς,

2054 2453 2135 2505 ὅτι
2162 2452 2386 2505 δυνατὸν
2426 2455 2516 2505 καὶ
2561 2453 2930 2523 ἡσυχάζοντας
2975 2457 3185 2525 ἐγεῖραι
3224 2456 3503 2525 τρόπαιον,
3535 2459 3636 2510 καὶ

2059 2545 2133 2613 μὴ
2169 2545 2508 2614 μαχομένους
2549 2545 2774 2614 νικητάς
2804 2546 3177 2618 ἀποφανθῆναι
3197 2562 3210 2574 '
3243 2546 3348 2600 Καὶ
3375 2549 3635 2614 εὐφραν-

2055 2633 2352 2698 miramur,
2399 2634 2772 2704 βεϐαιούμενοι
2805 2637 2882 2697 είς
2927 2636 3024 2705 τὴν
3074 2637 3352 2707 πραότητα
3383 2637 3460 2706 τῷ
3505 2638 3632 2690 κατ’

2054 2724 2153 2794 ἐμὲ
2207 2725 2583 2795 ὑποδείγματι.
2633 2725 2864 2777 Ἔλαϐον
2909 2726 3017 2797 γὰρ
3065 2727 3268 2796 ταύτην
3319 2729 3415 2799 τὴν
3467 2729 3638 2799 χάριν

2055 2817 2206 2888 παρά
2232 2817 2366 2870 Θεοῦ
2390 2859 2405 2883 ,
2436 2816 2624 2888 ἐπειδὴ
2659 2816 2995 2888 κατώρθωσα
3020 2817 3119 2886 τὴν
3147 2818 3447 2888 πραότητα.
3473 2819 3637 2885 Mm}-

2053 2912 2247 2976 σθητι,
2272 2912 2467 2977 Κύριε,
2489 2911 2593 2964 τοῦ
2619 2911 2794 2963 Δαϐίδ
2815 2910 2912 2962 καί
2943 2909 3144 2977 πάσης
3160 2911 3268 2978 τῆς
3298 2914 3637 2979 πραότητος

2052 3002 2257 3055 αὐτοῦ.
2313 3003 2556 3074 Μεγίστη
2607 3004 2715 3073 γὰρ
2751 3002 2859 3054 τῶν
2898 3003 3103 3073 ἀρετῶν
3150 3006 3181 3074 ἡ
3226 3005 3496 3076 πραότης·
3548 3006 3637 3057 διὸ

2053 3096 2145 3148 καὶ
2177 3099 2287 3158 τοῖς
2317 3099 2685 3167 μακαρισμοῖς
2713 3097 3144 3164 ἐγκατείλεκται.
3178 3098 3462 3164 Μακάριοι
3493 3097 3634 3166 γὰρ,

383 3189 547 3241 nitur.
579 3187 720 3239 ldem
753 3195 932 3238 autem
960 3183 1103 3236 valet
1130 3182 1252 3245 hoc,
1288 3179 1519 3232 Andiant
1557 3177 1840 3239 mansueti,
1869 3186 1947 3228 at-

2059 3187 2238 3257 ιρησὶν,
2273 3190 2326 3240 οἱ
2358 3187 2583 3254 πραεῖς,
2615 3187 2701 3239 ὅτι
2741 3189 2907 3241 αὐτοὶ
2955 3187 3481 3255 κληρονομήσουσι
3516 3187 3638 3254 τὴν

379 3297 486 3349 que
513 3279 662 3343 illud,
688 3279 917 3331 Audiam
947 3275 1139 3330 Christi
1169 3271 1437 3341 discipuli.
1465 3270 1736 3327 Fortassis
1765 3279 1944 3322 autem

384 3373 694 3443 prapbctice
737 3371 852 3424 vult
902 3368 1216 3422 miraculum
1263 3365 1509 3421 beneficii
1550 3379 1580 3416 a
1629 3363 1737 3416 Deo
1787 3363 1843 3416 in
1887 3377 1948 3416 se

381 3467 562 3521 collati
608 3466 673 3518 ad
701 3474 798 3518 nos
831 3477 1002 3532 usque
1034 3459 1338 3529 pervenire.
1377 3457 1613 3512 Audiant
1659 3456 1803 3508 enim
1854 3456 1944 3522 qui

383 3559 565 3614 multis
611 3566 734 3627 post
792 3554 1237 3625 generationibus
1295 3550 1459 3604 futuri
1515 3559 1639 3604 sunt
1692 3549 1941 3620 discipuli

381 3651 602 3708 Christi.
639 3649 916 3719 Siquidem
965 3649 1063 3702 bos
1107 3645 1406 3700 nominavit
1457 3652 1788 3706 mansuetos,
1833 3643 1956 3711 qui-

382 3746 478 3798 bus
527 3743 784 3797 Dominus
825 3742 900 3795 ait
942 3757 956 3792 :
1010 3739 1202 3792 Discite
1231 3754 1262 3789 a
1306 3752 1386 3788 me
1419 3737 1546 3802 quia
1582 3735 1723 3788 mitis
1756 3751 1870 3787 sum
1903 3741 1952 3785 et

379 3837 591 3889 humilis
620 3836 772 3888 corde
805 3835 871 3888 ²⁷.
913 3832 1012 3898 Qui
1045 3831 1187 3885 enim
1245 3826 1447 3883 sedatis
1493 3834 1616 3880 sunt
1681 3825 1952 3889 moribus,

380 3941 431 3981 et
467 3930 534 3982 ab
566 3929 710 3981 omni
750 3927 1110 3980 commotione
1154 3921 1334 3985 liberi,
1369 3924 1504 3972 adeo
1537 3927 1596 3971 ut
1646 3917 1788 3970 nulla
1819 3916 1950 3969 insit

383 4022 434 4074 in
470 4035 655 4074 eorum
688 4019 884 4073 animis
919 4016 1275 4087 perturbatio,
1306 4015 1342 4067 ii
1373 4011 1637 4066 mansueti
1667 4010 1946 4080 appellan-

380 4122 488 4168 tur.
521 4113 856 4183 Quapropter
885 4112 1045 4164 etiam
1088 4108 1295 4177 Moyses
1340 4121 1503 4174 supra
1538 4119 1729 4158 omnes
1771 4103 1947 4157 bomi-

384 4222 478 4261 nes
518 4216 675 4260 terra:
707 4213 1016 4259 mansuetus
1046 4201 1212 4255 fuisse
1235 4200 1551 4268 perhibetur
1577 4198 1643 4251 ".

2052 3277 2189 3347 γῆν.
2220 3280 2430 3350 Ἑκείνη
2456 3281 2563 3350 γὰρ
2588 3283 2620 3351 ἠ
2642 3282 2784 3350 γῆ,ἡ
2817 3281 3134 3351 ἐπουράνιος
3169 3281 3540 3351 Ἰερουσαλὴμ,
3567 3281 3634 3332 ού

2053 3372 2262 3441 γίνεται
2294 3372 2400 3424 τῶν
2435 3373 2757 3443 μαχομένων
2803 3374 3060 3444 λάφυρον,
3091 3373 3224 3426 άλλά
3260 3373 3636 3444 μακροθύμων

2054 3462 2148 3515 καὶ
2176 3462 2512 3532 πραϋπαθῶν
2543 3464 2750 3535 ἀνδρῶν
2782 3466 3069 3536 πρόκειται
3097 3465 3447 3536 κληρονομία.
3486 3468 3635 3518 Ἰσον

2051 3554 2107 3606 δέ
2133 3554 2353 3607 δύναται
2376 3555 2455 3615 τὸ,
2497 3557 2949 3611 Ἀχουσάτωσαν
2972 3558 3196 3625 πραεῖς,
3221 3560 3403 3621 καὶτὸ,
3436 3560 3635 3612 Ἀκουο

2052 3645 2336 3698 σάτωσαν
2370 3647 2480 3717 (68)
2516 3653 2569 3701 οἱ
2611 3651 2870 3717 Χριστοῦ
2897 3653 3176 3720 μαθηταί.
3226 3653 3374 3722 Τάχα
3413 3653 3468 3704 δὲ
3499 3669 3637 3723 προο

2054 3737 2300 3808 φητικῶς
2351 3738 2596 3808 βούλεται
2633 3743 2824 3812 μέχρις
2857 3743 3012 3813 ἡμῶν
3043 3743 3292 3812 διαϐῆναι
3340 3743 3403 3796 τὸ
3445 3743 3636 3813 Θαῦμα

2051 3827 2152 3896 τῆς
2186 3827 2278 3879 τοῦ
2327 3829 2462 3880 Θεοῦ
2505 3832 2583 3894 εἰς
2620 3833 2780 3884 αὑτὸν
2814 3834 3152 3904 εὐεργεσίας.
3212 3833 3635 3886 Ἀκουσάτωσαν

2054 3919 2160 3991 γὰρ
2188 3921 2237 3972 οἱ
2267 3922 2489 3985 πολλαῖς
2520 3922 2742 3996 ὕστερον
2776 3928 2989 3992 γενεαῖς
3013 3925 3339 3996 γενήσεσθαι
3370 3926 3463 3978 τοῦ
3491 3927 3634 3994 Χρι-

2057 4010 2183 4062 στοῦ
2251 4011 2488 4083 μαθηταὶ
2549 4014 2850 4083 μέλλοντες.
2915 4015 3146 4080 Τούτους
3203 4017 3312 4086 γὰρ
3376 4017 3634 4086 ὠνόμασε

2058 4106 2270 4172 πραεῖς,
2308 4101 2389 4166 οἷς
2420 4106 2448 4156 ὁ
2479 4105 2680 4176 Κύριος
2706 4107 3007 4174 διαλέγεται
3029 4124 3043 4139 θ
3071 4106 3297 4160 Μάθετε
3325 4108 3423 4160 ἀπ’
3460 4107 3630 4175 ἐμοῦ,

2057 4195 2145 4248 ὅτι
2179 4198 2370 4263 πραῢς
2406 4201 2522 4268 εἰμι
2562 4200 2670 4271 (69)
2720 4200 2816 4252 καὶ
2865 4202 3145 4266 ταπεινὸς
3181 4200 3255 4269 τῇ
3295 4201 3524 4269 καρδίῃ.
3565 4202 3634 4252 Οἱ

381 4300 803 4370 κατεσταλμένοι
821 4298 889 4350 τὰ
910 4297 1014 4369 ἢθη
1039 4298 1132 4350 καὶ
1157 4293 1356 4357 παντὸς
1419 4292 1628 4355 πάθους
1685 4289 2116 4359 ἀπηλλαγμένοι,
2187 4289 2263 4353 ὡς
2313 4292 2580 4362 μηδεμίαν
2618 4292 2762 4362 ἔχειν
2804 4294 3046 4364 ταραχὴν
3096 4294 3408 4347 ἐνοικοῦσαν
3451 4293 3633 4346 αὐτῶν

380 4397 495 4456 ταῖς
520 4393 747 4464 ψυχαῖς,
777 4386 919 4445 οὗτοι
952 4392 1143 4461 πραεῖς
1177 4386 1694 4459 προσαγορεύονται.
1764 4382 1854 4435 Διὸ
1889 4384 1982 4434 καὶ
2019 4385 2259 4455 Μωῡσῆς
2311 4387 2728 4456 μεμαρτύρηται
2780 4386 2960 4456 πραῢς
3033 4383 3171 4440 εἶναι
3224 4390 3371 4457 παρά
3420 4388 3631 4449 πάντας

383 4484 698 4554 ἀνθρώπους
725 4483 817 4535 ἐπὶ
843 4483 939 4551 τῆς
965 4482 1090 4551 γῆς.

452 4579 506 4630 ὃ.
551 4576 710 4630 Vsus.
755 4575 808 4629 4.
847 4573 1189 4641 Magniﬁcate
1222 4571 1505 4624 Dominum
1549 4585 1772 4624 mecum.
1803 4567 1947 4622 Con-

2123 4567 2176 4619 5.
2220 4567 2604 4634 Memini-ate
2633 4566 2739 4618 τὸν
2763 4567 2981 4633 Κύριοι·
3010 4567 3131 4619 σὺν
3160 4568 3310 4638 ἐμοί.
3343 4569 3633 4639 Πρέποντα

383 4669 684 4722 venientem
713 4667 814 4721 sibi
833 4667 1062 4720 chorum
1101 4664 1166 4718 ad
1201 4664 1484 4718 Dominum
1527 4661 1934 4732 glorificandum

451 4856 499 4886 "
533 4853 673 4908 Psal.
739 4869 917 4912 cxxxn,
971 4853 1022 4909 1.
1097 4854 1143 4882 ³⁸
1183 4850 1368 4904 Matth.
1422 4865 1478 4912 ν,
1535 4849 1589 4901 4.

454 5011 567 5082 (6'5)
587 5010 760 5082 Editio
783 5006 947 5060 Basil.
975 5024 1094 5060 cum
1125 5007 1276 5082 Coll».
1310 5008 1469 5082 tertio
1504 5007 1560 5082 αἱ
1594 5007 1649 5057 ἐν
1675 5004 1940 5082 μέσῳ-τέ-

381 5076 526 5155 χναι.
552 5076 650 5134 Alii
685 5081 865 5155 decem
910 5093 1040 5155 mss.
1087 5088 1138 5155 et
1170 5078 1370 5155 patcna
1411 5078 1634 5155 Cordcr,
1675 5077 1729 5127 αἱ
1779 5076 1940 5154 μέσαι

381 5146 568 5224 ⁸ἓέχναι
589 5171 602 5205 :
626 5163 743 5224 qua:
768 5149 955 5224 eadem
984 5148 1138 5224 lectio
1170 5147 1363 5224 legitur
1387 5162 1598 5214 quoque
1623 5149 1673 5199 in
1703 5146 1943 5224 margine

383 5216 532 5278 (idib.
569 5216 734 5276 tertii.
771 5219 875 5271 Sed
916 5232 1034 5269 cum
1066 5217 1210 5274 illud.
1243 5216 1451 5286 τέχναι,
1484 5231 1587 5269 non
1623 5216 1943 5286 probaretur

383 5294 597 5356 Ducam,
620 5305 687 5346 ex
707 5305 772 5342 eo
798 5289 1036 5357 τεχνῖται
1051 5285 1408 5349 eﬂ‘ecit,etita
1445 5289 1494 5339 in
1513 5288 1746 5339 editione
1772 5285 1940 5338 Paris.

381 5364 644 5416 edendum
677 5361 904 5413 curavit.
958 5357 1065 5412 Nos
1113 5371 1240 5408 vero
1289 5357 1608 5422 scripturam
1641 5371 1782 5414 eam,
1823 5371 1941 5422 quae

383 5443 462 5487 tot
495 5433 746 5486 librorum
781 5431 1101 5483 auctoritate
1127 5427 1562 5488 confirmaretur,
1607 5427 1938 5478 retinendam

382 5519 502 5557 esse
533 5502 912 5570 indicavimus.
941 5499 1048 5553 Nec
1077 5497 1401 5570 Copiliefisio
1435 5511 1649 5570 quoque
1681 5494 1941 5570 Dnczeana

381 5566 685 5626 emendatio
719 5572 887 5640 magis
905 5570 1122 5640 placuit.
1151 5566 1436 5640 Postquam
1470 5569 1610 5640 enim
1633 5568 1686 5640 in
1709 5566 1940 5640 incdiqu

383 5643 603 5708 protulit
631 5636 832 5699 multa:
861 5636 1054 5708 quibus
1099 5639 1228 5692 falsa
1258 5639 1344 5689 illa
1378 5636 1935 5708 scripturainfirmari

383 5705 569 5779 possit,
603 5723 782 5764 notam
805 5705 956 5762 suam
985 5710 1253 5765 concludit
1275 5709 1359 5762 bis
1383 5709 1592 5760 verbis:
1624 5705 1771 5758 Nihil
1794 5722 1936 5779 ergo,

382 5775 576 5849 inquit,
607 5783 824 5833 violente
858 5785 920 5831 ab
953 5781 1152 5833 artibus
1193 5779 1262 5832 ad
1293 5779 1522 5847 artiﬁces
1552 5780 1738 5829 transit
1783 5775 1940 5849 Dasi-

380 5846 506 5914 liits,
541 5850 630 5904 sed
668 5852 810 5903 docte
843 5867 903 5902 ac
941 5851 1210 5904 rhetorice.
1245 5849 1366 5905 Mox
1395 5865 1525 5904 mss.
1562 5849 1766 5917 aliquot
1803 5846 1938 5915 ἥξα-

1667 4850 1708 4879 ²⁷
1745 4848 1931 4901 Mattb.
1960 4863 2034 4912 ιιι,
2055 4844 2144 4898 ‘29.

2048 4658 2224 4728 ἑαυτῷ
2256 4659 2413 4730 χορὸν
2441 4660 2520 4722 εἰς
2558 4659 2864 4726 δοξολογίαν
2900 4659 2988 4712 τοῦ
3032 4661 3236 4732 Κυρίου
3268 4661 3632 4733 παραλαμϐά-

2221 4845 2267 4875 ’θ
2307 4843 2463 4898 Num.
2495 4858 2593 4909 xu,
2618 4845 2670 4898 5.

2045 5007 2218 5074 τροιῇ
2252 5016 2497 5074 ρητορες.

2124 5068 2349 5142 (66’)Ἰι;ι
2386 5068 2606 5140 ’δεριειη
2660 5085 2790 5126 mss.
2822 5069 2930 5142 Nec
2977 5070 3130 5124 aliter
3178 5069 3371 5142 legisse
3415 5068 3633 5142 videtur

2050 5139 2338 5210 interpres,
2371 5143 2460 5202 qui
2505 5144 2769 5196 verterit:
2799 5142 2853 5193 in
2892 5141 3137 5194 Domino.
3175 5141 3310 5192 Editi
3345 5156 3463 5192 cum
3487 5139 3628 5210 (Reg.

2050 5209 2240 5282 quarto
2284 5213 2342 5284 ἐν
2389 5213 2629 5284 Χριστῷ.
2668 5211 2762 5284 llic
2807 5227 2901 5277 pro
2933 5212 3111 5281 ψυχήν
3128 5209 3634 5284 _suspicatur_Coin-

2053 5281 2274 5336 belisius
2309 5281 2591 5352 legendum
2634 5282 2922 5351 καύχησιν,
2957 5293 3048 5334 ant
3086 5281 3291 5334 αῖνεσιν
3328 5300 3339 5334 :
3376 5282 3485 5334 sed‘
3515 5282 3634 5348 ejus

2048 5355 2413 5416 coniecturam
2453 5354 2625 5407 codex
2658 5355 2834 5406 nullus
2855 5361 3053 5406 tuetur.

2123 5422 2235 5490 (67)
2270 5420 2515 5475 Nonnulli
2547 5440 2675 5478 mss.
2699 5420 3032 5492 κατωρθώθη
3062 5438 3184 5491 μου.
3208 5420 3308 5474 Alii
3353 5435 3484 5474 mss.
3509 5435 3631 5471 cum

2049 5493 2204 5548 editis
2235 5493 2570 5565 κατωρθὼθη
2603 5511 2709 5564 μοι.

2123 5565 2232 5632 (ϋό)
2282 5562 2356 5616 Ita
2390 5559 2517 5616 inss.
2543 5559 2682 5616 ortu.
2717 5562 2855 5616 Editi
2891 5577 3020 5614 vero
3045 5561 3267 5614 δύναται
3298 5559 3395 5630 τῷ,
3431 5560 3629 5632 Ἄκου-

2051 5628 2300 5687 σάτωσαν
2342 5636 2535 5703 πραεῖς
2570 5635 2665 5686 καὶ
2709 5633 3192 5704 εύφρανθήτωσαν,
3231 5632 3313 5698 τὸ,
3349 5628 3632 5685 “Anausi-

2047 5722 2248 5759 τωσαν.

2027 5790 2029 5792 ’
2118 5777 2228 5848 (69)
2257 5775 2503 5830 Nonnulli
2535 5791 2663 5833 mss.
2690 5776 2770 5830 ὅτι
2795 5774 2968 5847 πρᾶός
3001 5775 3140 5845 εἰμι.
