4008 6402
408 477 516 535 3ὗ9
1729 479 1766 544 S
1828 478 2073 535 BASlLll
2109 478 2319 536 MAGNI
3553 481 3670 538 360

479 600 532 654 4.
595 597 659 652 Et
721 613 785 650 e1:
830 597 1068 650 omnibus
1125 594 1553 650 tribulationibus
1616 603 1744 652 meis
1789 601 1967 667 eripui.

2156 601 2206 654 4.
2252 601 2359 654 Καὶ
2399 601 2463 652 ἐκ
2505 598 2718 654 πασῶν
2754 597 2872 652 τῶν
2908 598 3174 669 θλίψεων
3205 617 3322 668 μου
3363 575 3706 682 ὲρῤὐσατόῗ

405 709 508 749 me.
548 690 680 745 Tota
728 690 858 760 justi
902 691 1012 742 vita
1047 688 1098 741 iu
1129 685 1512 744 afﬂictionibus
1554 692 1729 760 posita
1774 700 1880 751 est,
1931 681 1959 745 e

2079 710 2176 762 με.
2225 694 2380 746 Πᾶσα
2421 695 2454 763 ἡ
2500 691 2593 744 τοῦ
2631 691 2836 745 δικαίου
2871 691 2980 763 ζωὴ
3011 691 3343 762 τεθλιμμένη
3380 692 3514 752 ἐστὶ,

406 783 568 836 Arcto
620 790 774 852 atque
838 789 1060 848 angusta
1101 789 1173 831 est
1222 779 1302 832 via
1347 779 1430 845 ³¹;
1477 788 1533 833 et
1579 777 1762 833 Multw
1812 780 1982 834 tribu-

407 874 628 928 latione:
651 873 920 943 justorum
964 873 1028 923 δ’.
1076 871 1284 926 Idcirco
1331 880 1385 925 et
1414 872 1704 940 Apostolus
1754 873 1869 928 ait:
1921 874 1983 927 In

406 967 645 1020 omnibus
687 965 960 1037 amicti”;
998 974 1074 1028 et,
1117 962 1378 1030 Quoniam
1413 979 1507 1032 per
1553 967 1752 1018 multas
1798 966 1975 1019 tribu-

405 1059 624 1112 lationes
659 1068 855 1125 oportet
894 1073 990 1109 nos
1021 1058 1220 1109 intrare
1251 1056 1306 1109 in
1344 1072 1561 1124 regnum
1612 1057 1791 1112 Dei“.
1823 1057 1982 1112 Libe-

402 1161 490 1207 rat
518 1159 696 1204 autem
729 1164 793 1202 ex
842 1147 1192 1202 tribulatione
1246 1157 1466 1202 sanctos
1501 1165 1629 1202 suos
1670 1150 1829 1212 Deus,
1873 1167 1978 1204 non

401 1242 548 1312 quod
585 1241 704 1296 illos
761 1241 896 1294 citra
940 1242 1310 1310 probationem
1358 1240 1650 1312 relinquat,
1698 1245 1792 1298 sed
1839 1245 1979 1313 quod

399 1333 714 1404 patientiam
763 1332 894 1401 ipsis
942 1333 1227 1402 largiatur.
1279 1332 1411 1388 Nam
1461 1335 1507 1388 si
1550 1333 1846 1389 Tribulatio
1884 1353 1978 1405 pa-

398 1427 640 1484 tientiam
669 1436 937 1493 operatur,
969 1428 1224 1494 patientia
1263 1441 1380 1479 vero
1412 1425 1772 1494 probationem
1791 1426 1857 1492 ³⁵,
1885 1428 1975 1496 qui

402 1518 801 1576 tribulationem
843 1518 1130 1580 detrectat,
1163 1518 1484 1588 probatione
1516 1535 1575 1572 se
1628 1520 1742 1588 ipse
1773 1520 1972 1588 privat.

398 1611 860 1680 Quemadmodum
891 1625 1019 1679 ergo
1051 1624 1208 1664 nemo
1243 1624 1541 1665 coronatur
1568 1611 1688 1665 sine
1718 1613 1975 1666 adversa-

397 1702 517 1756 rio:
545 1701 622 1754 sic
657 1714 830 1768 neque
862 1699 1122 1768 probatus
1177 1698 1464 1768 quisquam
1508 1699 1846 1767 pronuntiari
1882 1716 1974 1767 po-

399 1803 524 1860 tesl,
553 1791 654 1846 nisi
691 1806 786 1860 per
815 1788 1214 1843 tribulationes.
1253 1786 1338 1841 Ex
1390 1789 1632 1842 omnibus
1672 1789 1837 1858 igitur
1877 1792 1971 1843 tri-

397 1885 752 1960 bulationibus
786 1883 912 1936 meis
946 1897 1027 1933 me
1054 1880 1271 1946 eripuit,
1301 1895 1406 1934 non
1437 1881 1579 1950 quod
1608 1881 1847 1936 divexari
1887 1897 1972 1936 me

2084 783 2274 852 Στενὴ
2324 783 2422 837 καὶ
2479 781 2831 852 τεθλιμμένη
2889 783 2923 844 τξ
2975 782 3146 848 ὀδόςυ
3183 783 3295 846 καὶ,
3339 782 3562 836 Πολλαὶ
3600 785 3671 836 αἱ

2083 878 2322 945 θλίψεις
2356 874 2476 929 τῶν
2528 875 2790 928 δικαίων.
2831 875 2930 927 Διά
2966 875 3122 928 τούτο
3161 876 3252 927 καί
3304 875 3330 927 ὁ
3398 877 3672 928 Ἀπόστο-

2081 963 2173 1025 λός
2213 979 2397 1034 φησιν,
2463 963 2560 1015 Ἐν
2606 962 2784 1016 παντὶ
2831 965 3200 1032 θλιϐόμενοι·
3240 965 3354 1026 καὶ,
3401 965 3516 1017 Ὀτι
3550 964 3662 1017 διὰ

2083 1055 2328 1110 πολλῶν
2352 1057 2617 1124 θλίψεων
2645 1055 2742 1108 δεῖ
2763 1055 2921 1125 ἡμᾶς
2947 1057 3035 1120 εις
3053 1057 3168 1123 τὴν
3200 1056 3524 1121 ,ϐασιλείαν
3549 1057 3671 1112 τοῦ

2085 1148 2232 1202 Θεοῦ
2251 1147 2567 1202 εἰσελθεῖν.
2614 1147 2829 1201 Ῥύεται
2867 1147 2922 1200 δὲ
2961 1149 3025 1201 ἐκ
3059 1146 3286 1218 θλίψεως
3314 1150 3439 1212 τοὺς
3466 1149 3670 1217 ἁγίους

2081 1239 2246 1294 αὐτοῦ
2277 1242 2304 1293 ό
2331 1240 2482 1304 Θεὸς,
2517 1240 2615 1292 οὐκ
2647 1239 3042 1312 ἀδοκιμάστους
3075 1240 3273 1305 αὐτοὺς
3305 1241 3666 1310 καταλιμπά-

2080 1348 2207 1396 νων,
2243 1331 2377 1385 ἀλλὰ
2401 1332 2498 1404 τὴν
2529 1333 2806 1405 ὑπομονὴν
2833 1333 3015 1396 αὐτοῖς
3049 1333 3424 1406 χαριζόμενος.
3456 1336 3514 1388 Εἰ
3544 1335 3665 1406 γὰρ

2091 1423 2160 1477 Ἦ
2177 1424 2380 1492 θλίψις
2407 1424 2725 1494 ὑπομονὴν
2753 1427 3179 1496 κατεργάζεται,
3217 1427 3256 1495 ἡ
3285 1426 3351 1480 δὲ
3379 1427 3665 1495 ὑπομονὴ

2077 1514 2367 1585 δοκιμήν·
2409 1519 2437 1570 ὁ
2480 1517 2576 1588 τὴν
2622 1517 2799 1588 θλίψιν
2849 1519 3249 1590 ἀφαιρούμενος
3292 1521 3391 1591 τῆς
3423 1519 3664 1589 δοκιμῆς

2075 1605 2266 1659 ἑαυτὸν
2289 1607 2679 1678 ἀπεστέρησεν.
2709 1608 2796 1673 Ὠς
2820 1604 2911 1662 οὖν
2940 1610 3116 1674 οὐδεὶς
3146 1609 3498 1678 στεφανοῦται
3521 1610 3663 1662 ἄνευ

2074 1701 2501 1769 ἀνταγωνιστού,
2534 1698 2706 1763 οὕτως
2738 1701 2857 1754 οὐδὲ
2892 1701 3112 1773 δόκιμος
3151 1702 3524 1771 ἀποφανθῆναι
3561 1702 3660 1753 δύ-

2073 1811 2226 1847 ναται
2265 1797 2313 1847 εί
2354 1795 2426 1864 μὴ
2473 1793 2582 1863 (74)
2617 1793 2705 1846 διὰ
2737 1793 2987 1863 θλίψεων.
3035 1795 3129 1848 Ἐκ
3166 1793 3380 1848 πασῶν
3412 1790 3502 1847 οὖν
3530 1795 3663 1847 τῶν

2073 1884 2339 1952 θλίψεων
2369 1882 2664 1951 summa;
2692 1901 2788 1952 με,
2835 1885 2955 1953 οὐχὶ
2992 1883 3067 1955 μὴ
3099 1883 3202 1936 ἐῶν
3245 1900 3310 1954 με
3341 1882 3656 1946 θλίϐεσθαι,

397 1955 504 2034 non
541 1977 706 2042 sinat,
738 1973 830 2028 sed
873 1975 1016 2043 quod
1065 1989 1188 2028 cum
1239 1973 1540 2027 tentatione
1577 1973 1781 2028 exitum
1807 1973 1967 2029 etiam

2073 1973 2207 2027 ἀλλὰ
2245 1975 2340 2028 σὺν
2381 1973 2459 2044 τῷ
2493 1974 2782 2046 πειρασμῷ
2818 1975 2911 2028 καὶ
2945 1973 3041 2045 τὴν
3091 1973 3333 2037 ἔκϐασιν,
3366 1973 3458 2027 τοῦ
3487 1975 3656 2026 δύνα-

396 2067 656 2137 ιιιιεὺειιι,
685 2064 819 2117 adeo
837 2073 893 2117 ut
927 2062 1066 2118 ferre
1085 2062 1290 2117 valeam
1313 2062 1380 2118 ³⁸.
1408 2063 1594 2134 (Vens.
1631 2063 1707 2136 6.)
1735 2066 1973 2119 Arcertire

395 2159 462 2210 ad
495 2173 633 2219 eum,
663 2165 711 2209 et
741 2153 1148 2218 illuminamini;
1193 2164 1238 2207 et
1284 2151 1446 2222 [acies
1484 2165 1668 2209 vestrm
1704 2172 1806 2210 non
1849 2173 1972 2210 ron-

392 2249 704 2319 inridentur.
737 2245 838 2313 Qui
885 2244 938 2300 in
986 2245 1227 2300 tenebris
1259 2256 1314 2299 et
1345 2245 1400 2300 in
1443 2247 1632 2301 umbra
1674 2248 1862 2302 mortis
1893 2264 1974 2302 se-

392 2343 540 2406 dent,
574 2354 668 2395 eos
711 2337 964 2393 bortatur
993 2347 1052 2392 ut
1085 2337 1150 2391 ad
1199 2336 1486 2392 Dominum
1534 2339 1880 2404 accedant",
1908 2354 1972 2395 ac

391 2433 558 2488 radiis
603 2429 902 2485 divinitatis
945 2429 1112 2499 ipsius
1149 2428 1604 2500 appropinquent,
1643 2439 1700 2484 ut
1752 2446 1816 2484 ex
1871 2447 1970 2500 ap-

391 2523 840 2598 propinquatioue
887 2538 983 2594 per
1017 2522 1302 2576 veritatem
1342 2521 1623 2588 illustrati,
1657 2524 1970 2579 illustratio-

390 2637 514 2677 nem
540 2618 659 2690 ejus
698 2633 796 2687 per
825 2616 1055 2687 gratiam
1108 2613 1161 2668 in
1195 2629 1255 2669 se
1297 2613 1444 2684 ipsos
1499 2615 1782 2684 recipiant.
1817 2614 1969 2668 Sit-ut

387 2711 530 2769 enim
559 2712 673 2764 tunc
701 2708 790 2762 lux
821 2707 1091 2764 sensibilis
1113 2721 1216 2760 non
1241 2705 1491 2761 omnibus
1514 2707 1761 2762 similiter
1783 2709 1964 2761 exori-

387 2814 493 2866 tur,
514 2802 605 2860 sed
625 2804 688 2856 iis
705 2802 794 2872 qui
812 2801 1010 2856 habent
1027 2799 1228 2867 oculos,
1247 2797 1403 2871 1&7
1423 2799 1770 2870 vigilantque,
1789 2802 1969 2856 etsiue

392 2895 502 2950 ullo
533 2893 919 2965 impedimento
965 2890 1096 2946 solis
1135 2891 1424 2960 praesentia
1461 2891 1563 2945 frui
1597 2905 1820 2960 possunt
1849 2909 1863 2946 :
1893 2896 1965 2947 ita

387 2991 549 3045 etiam
580 2985 808 3057 justitize
834 2985 910 3040 sol
935 2985 1001 3048 ³⁸,
1041 2982 1179 3038 Vera
1228 2983 1344 3050 lux,
1396 3001 1514 3054 qua:
1562 2985 1828 3038 illuminat
1863 3003 1970 3039 om-

388 3098 503 3136 nem
555 3079 818 3132 hominem
875 3077 1160 3130 venientem
1193 3076 1250 3131 in
1296 3077 1435 3130 hunc
1487 3078 1740 3129 mundum
1761 3078 1827 3143 ",
1861 3093 1965 3132 non

385 3173 641 3228 omnibus
682 3168 1026 3240 splendorem
1071 3183 1229 3222 suum
1276 3167 1528 3237 largitur,
1588 3168 1683 3223 sed
1732 3169 1838 3233 iis,
1873 3171 1963 3240 qui

388 3267 605 3338 dignam
655 3264 771 3334 ipso
813 3264 980 3318 vitam
1013 3265 1234 3332 degunt.
1266 3259 1388 3315 Lua:
1415 3261 1577 3326 enim,
1609 3261 1806 3330 inquit,
1847 3272 1961 3316 orta
1993 3299 2038 3360 ο

385 3372 482 3428 est,
516 3375 620 3415 non
658 3357 956 3430 peccatori,
1007 3358 1099 3411 sed
1133 3359 1282 3424 justo
1302 3354 1369 3410 “.
1405 3353 1474 3410 Ut
1502 3355 1645 3410 enim
1689 3365 1842 3410 ortus
1881 3367 1964 3410 est

385 3448 490 3514 sol,
528 3449 622 3504 sed
670 3464 776 3502 non
825 3445 1322 3516 veSpertilionibus,
1356 3459 1456 3499 nec
1487 3445 1608 3499 aliis
1637 3447 1963 3503 animalibus

300 3549 302 3552 ’
385 3549 549 3597 noctu
605 3539 672 3594 ad
721 3537 974 3608 pabulum
1026 3536 1457 3621 prodeuntibus:
1494 3535 1564 3590 ita
1609 3552 1821 3607 quoque
1872 3537 1959 3592 lux

384 3647 484 3688 sua
513 3630 731 3700 quidem
777 3637 969 3682 natura
1009 3627 1288 3697 splendida
1319 3637 1428 3692 est,
1457 3643 1520 3683 ac
1549 3627 1600 3682 vi
1627 3629 1960 3684 illuminaudi

384 3723 641 3797 praedita;
670 3738 774 3776 non
809 3731 987 3775 tamen
1016 3735 1205 3777 omnes
1230 3719 1497 3776 claritatis
1525 3723 1641 3791 ejus
1676 3723 1964 3792 participes

385 3827 534 3874 sunt.
573 3816 664 3870 Sic
692 3824 747 3870 et
779 3813 964 3869 Omnis
1010 3813 1102 3884 qui
1149 3813 1294 3866 mala
1342 3813 1496 3883 facit,
1543 3813 1652 3867 odit
1695 3812 1882 3875 lucem,
1913 3823 1961 3868 et

384 3925 490 3964 non
560 3908 696 3961 venit
759 3907 828 3960 ad
895 3907 1064 3960 lucem
1123 3916 1178 3958 ut
1236 3921 1340 3958 non
1394 3903 1796 3973 manifestentur
1847 3906 1960 3975 ejus

384 4016 543 4070 Opera
561 3999 628 4054 “.
649 3999 894 4052 Accedite
921 3998 1083 4067 igitur
1097 3996 1168 4050 ad
1194 4012 1310 4050 eum
1328 4005 1376 4049 et
1397 3995 1794 4059 illuminamini,
1810 4007 1856 4050 et
1874 3998 1961 4067 [a-

383 4092 487 4146 cies
518 4099 703 4145 uestra:
740 4104 844 4141 non
885 4087 1299 4156 confundentur.
1349 4083 1570 4152 Beatus,
1626 4086 1716 4155 qui
1769 4086 1822 4139 in
1876 4087 1962 4141 die

379 4183 512 4254 justi
561 4179 751 4250 judieii
789 4181 902 4246 Dei,
936 4196 1059 4234 cum
1085 4180 1297 4234 venerit
1333 4178 1592 4234 Dominus
1641 4180 1706 4230 ad
1762 4177 1958 4232 illumi-

385 4277 618 4330 nandum
660 4273 974 4329 abscondita
1019 4272 1388 4337 teuebrarmn,
1422 4279 1477 4325 et
1507 4269 1960 4323 manifestaudum

384 4368 606 4424 cousilia
642 4367 886 4422 cordium
909 4366 977 4430 δ’,
1008 4379 1172 4420 ausus
1189 4364 1353 4419 fuerit
1391 4363 1538 4418 illam
1580 4365 1846 4418 examinis
1879 4364 1963 4416 lu-

382 4476 499 4515 cem
541 4461 744 4525 subire,
787 4475 849 4514 ac
878 4473 1130 4514 reversus
1156 4457 1318 4512 fuerit
1358 4472 1463 4513 non
1496 4457 1862 4527 pudibundus,
1895 4471 1958 4511 εχ

381 4563 449 4608 eo
478 4553 619 4622 quod
654 4551 1044 4608 conscientiam
1082 4550 1265 4621 pravis
1320 4549 1576 4618 operibus
1619 4547 1961 4605 contamina-

2075 2065 2197 2119 σθαι
2255 2066 2366 2138 (75)
2430 2067 2793 2135 ὑπενεγκεῖν,
2855 2065 3230 2137 χαριζόμενος.
3282 2065 3656 2134 Προσέλθετε

2072 2159 2457 2228 πρὸς-αὺτὸν,
2515 2158 2613 2213 καὶ
2667 2159 3034 2228 φωτίσθητε·
3088 2158 3184 2210 καὶ
3235 2157 3307 2211 τὰ
3353 2160 3656 2226 πρόσωπα

2072 2247 2237 2317 ὑμῶν
2292 2251 2364 2302 οὺ
2412 2251 2497 2318 μὴ
2543 2247 2980 2317 καταισχυνθῇ.
3031 2248 3161 2314 Τοῖς
3217 2249 3544 2321 καθημενυις
3593 2253 3654 2303 ὲν

2073 2343 2254 2395 σκότει
2272 2341 2364 2394 καὶ
2379 2343 2506 2411 σκιᾷ
2531 2340 2781 2403 θανάτου,
2812 2343 3018 2404 τούτοις
3035 2340 3463 2413 παρακελεύεται
3485 2360 3655 2415 προσ·

2071 2433 2244 2486 ελθεῖν
2275 2432 2353 2505 τῷ
2408 2433 2622 2506 Κυρίῳ,
2649 2433 2742 2486 καὶ
2770 2433 2982 2500 ἐγγίσαι
3011 2433 3174 2486 αύτοῦ
3199 2437 3319 2496 ταῖς
3344 2435 3520 2487 ἀκτῖσι
3547 2433 3654 2506 τῆς

2071 2527 2340 2599 θεότητος,
2366 2527 2455 2590 ἵν’,
2482 2529 2545 2581 ὲκ
2574 2526 2666 2580 τοῦ
2707 2526 3115 2598 προσεγγισμοῦ
3146 2525 3538 2597 ὲλλαμφθέντες
3580 2532 3650 2599 τῇ

2070 2618 2319 2691 ἀληθείᾳ,
2350 2620 2536 2692 χάριτι
2563 2619 2652 2674 τὸν
2671 2619 2782 2691 (76)
2817 2619 3094 2690 φωτισμὸν
3119 2620 3282 2673 αὐτοῦ
3313 2622 3392 2685 εἰς
3421 2623 3649 2685 ἑαυτοὺς

2070 2712 2412 2783 χωρήσωσιν.
2451 2712 2662 2784 ’Ὠσπερ
2708 2711 2816 2782 γὰρ
2853 2711 2914 2765 τὺ
2955 2711 3210 2782 αἰσθητὸν
3234 2711 3392 2766 τοῦτο
3431 2714 3546 2782 φῶς
3583 2715 3648 2767 ού

2069 2804 2234 2856 πᾶσιν
2266 2803 2466 2874 ὁμοίως
2502 2804 2813 2867 ἀνατέλλει,
2866 2803 3001 2858 ἀλλὰ
3034 2808 3144 2868 τοῖς
3189 2804 3402 2874 ἔχουσιν
3444 2804 3650 2873 ὀφθαλ-

2071 2895 2226 2966 μοὺς,
2263 2896 2356 2948 καὶ
2403 2895 2765 2967 ἐγρηγορόσι,
2818 2898 2910 2950 καὶ
2954 2898 3044 2950 ὑπ’
3072 2897 3284 2961 οὐδενὸς
3326 2898 3652 2969 κωλύματος

2068 2984 2360 3038 ἀπολαύειν
2390 2985 2702 3056 δυναμένοις
2729 2986 2830 3055 τῆς
2858 2985 2950 3038 τοῦ
2979 2986 3130 3057 ἡλίου
3162 2987 3454 3057 ἐπιδημίας
3472 2987 3651 3042 ὀὕτω

2068 3079 2163 3132 καὶ
2194 3081 2222 3132 ὁ
2254 3079 2353 3149 τῆς
2386 3078 2732 3146 δικαιοσύνης
2768 3078 2938 3150 ⁴ἥλιος,
2986 3078 3056 3134 Τό
3093 3080 3384 3147 ἀληθινὸν
3419 3079 3563 3148 φῶς,
3613 3080 3646 3134 ὃ

2067 3169 2294 3240 φωτίζει
2317 3169 2514 3223 πάντα
2569 3169 2885 3238 ἄνθρωπον
2914 3171 3241 3241 ἐρχόμενον
3266 3175 3352 3237 εις
3393 3174 3500 3225 τὸν
3528 3174 3640 3226 κό-

2067 3276 2245 3331 σμον,
2263 3261 2321 3314 ού
2340 3262 2473 3313 πᾶσι
2489 3259 2584 3331 τὴν
2612 3261 2804 3314 ἑαυτοῦ
2826 3261 3160 3333 φαιδρότητα
3183 3263 3483 3335 χαρίζεται,
3503 3263 3646 3316 ἀλλὰ

2067 3357 2178 3416 τοῖς
2215 3351 2378 3416 ἀξίως
2405 3351 2569 3405 αὑτοῦ
2601 3352 3052 3424 πολιτευομένοις.
3087 3355 3214 3422 Φῶς
3251 3357 3394 3425 γὰρ,
3442 3357 3648 3427 φησὶν,

2066 3443 2390 3506 ἀνέτειλεν,
2417 3444 2536 3514 οὐχὶ
2564 3443 2642 3514 τῷ
2669 3443 2994 3516 ἁμαρτωλῷ,
3020 3445 3153 3499 ἀλλὰ
3179 3445 3260 3512 τῷ
3286 3446 3509 3515 δικαίῳ.
3550 3449 3645 3512 Ὠς

2066 3537 2174 3609 γὰρ
2203 3536 2438 3590 ἀνέτειλε
2473 3536 2570 3606 μὲν
2596 3537 2624 3588 ό
2661 3537 2831 3606 ἥλιος,
2868 3538 2980 3591 ἀλλ’
3005 3539 3124 3608 οὐχὶ
3149 3538 3258 3608 (77)
3299 3543 3417 3603 ταῖς
3445 3557 3642 3593 νυκτε-

2068 3632 2228 3704 ρίσιν,
2261 3629 2379 3682 ούδὲ
2407 3632 2518 3693 τοῖς
2551 3629 2729 3693 ἄλλοις
2757 3629 2916 3695 ζώοις
2943 3634 3056 3693 τοῖς
3086 3633 3425 3702 νυκτινόμοις
3449 3650 3461 3663 ·
3495 3632 3644 3688 οὕτω

2065 3721 2158 3775 καὶ
2182 3721 2243 3774 τὸ
2282 3719 2396 3789 φῶς
2424 3722 2488 3791 τῇ
2528 3720 2630 3790 μὲν
2679 3719 2873 3772 ἑαυτοῦ
2905 3719 3064 3788 φύσει
3092 3721 3343 3793 λαμπρόν
3383 3725 3498 3776 ἐστι
3541 3725 3642 3778 καὶ

2066 3809 2478 3882 φαιδρυντικόνο
2531 3808 2592 3862 ού
2628 3808 2829 3871 πάντες
2875 3808 2930 3862 δὲ
2971 3809 3134 3862 αὐτοῦ
3165 3811 3263 3882 τῆς
3297 3811 3640 3883 λαμπηδόνος

2068 3900 2597 3972 μεταλαμϐάνουσιν.
2626 3898 2786 3952 Οὕτω
2800 3899 2893 3952 καὶ
2914 3898 3038 3965 Πᾶς
3057 3903 3090 3952 ό
3121 3899 3192 3953 τὰ
3217 3902 3420 3970 φαῦλα
3442 3901 3639 3970 πράσ-

2063 4007 2193 4046 σων
2207 3991 2380 4061 μισεῖ
2406 3991 2472 4045 τὸ
2507 3991 2652 4060 φῶς,
2687 3991 2784 4044 καὶ
2817 3991 2926 4044 οὐκ
2964 3991 3195 4059 ἔρχεται
3219 3993 3368 4061 πρὸς
3388 3994 3454 4046 τὸ
3487 3993 3636 4063 φῶς,

2063 4083 2163 4136 ἵνα
2189 4081 2276 4152 μὴ
2296 4080 2619 4151 ¹φανερωθῇ
2651 4079 2837 4134 αὑτοῦ
2865 4081 3112 4150 τίιὲργα.
3137 4083 3501 4150 Προσέλθετε
3523 4079 3640 4137 οὖν

2063 4174 2215 4243 πρὸς
2242 4173 2430 4228 αὑτὸν
2449 4173 2543 4227 καὶ
2572 4173 2926 4242 φωτίσθητε,
2947 4173 3044 4229 καὶ
3069 4173 3139 4228 τὰ
3164 4175 3452 4242 πρόσωπα
3470 4173 3641 4243 ὑμῶν

2063 4270 2136 4322 οὺ
2154 4267 2240 4337 μὴ
2272 4265 2705 4336 καταισχυνθῇ.
2738 4267 3024 4338 Μακάριος
3061 4269 3090 4320 ό
3130 4267 3187 4318 ἐν
3214 4269 3277 4337 τῇ
3323 4266 3500 4338 ἡμέρᾳ
3537 4266 3638 4335 τῆς

2063 4359 2461 4431 δικαιοκρισίας
2483 4357 2576 4411 τοῦ
2605 4357 2763 4422 Θεοῦ,
2795 4359 2922 4412 ὅταν
2964 4357 3092 4432 ἔλθῃ
3120 4359 3148 4410 ὁ
3172 4357 3376 4429 Κύριος
3404 4358 3638 4425 φωτίσαι

2061 4451 2129 4502 τὰ
2162 4449 2380 4520 κρυπτὰ
2404 4448 2496 4502 τοῦ
2534 4447 2780 4512 σκότους,
2819 4448 2913 4502 καὶ
2951 4447 3261 4519 φανερῶσαι
3307 4447 3407 4511 τὰς
3442 4447 3638 4518 βουλὰς

2063 4542 2170 4595 τῶν
2188 4542 2442 4614 καρδιῶν.
2457 4542 2734 4613 τολμήσας
2752 4541 2857 4595 ὑπὸ
2877 4541 2936 4594 τὸ
2950 4539 3064 4609 φῶς
3081 4541 3253 4592 ἐκεῖνο
3269 4538 3374 4592 τῶν
3399 4537 3638 4608 ἐλέγχων

383 4653 494 4702 tam
543 4660 646 4700 non
686 4645 903 4699 habeat.
933 4644 1032 4710 Qui
1078 4641 1223 4696 enim
1267 4643 1405 4697 mala
1439 4652 1746 4713 patrarunt,
1778 4643 1829 4696 in
1865 4658 1961 4709 0p-

2071 4634 2354 4704 γενέσθαι,
2409 4635 2504 4688 καὶ
2554 4633 2863 4688 ἐπανελθὼν
2922 4631 3347 4700 ἀνεπαίσχυντος
3397 4629 3508 4699 (78)
3559 4629 3639 4700 τῷ

383 4738 660 4808 probrium
708 4753 773 4791 ac
825 4735 1195 4792 confusionem
1253 4741 1562 4804 resurgeut,
1601 4732 1653 4787 in
1708 4747 1766 4786 se
1825 4731 1956 4800 ipsis

383 4829 771 4900 turpitudinem
806 4836 859 4884 et
896 4828 1099 4882 formas
1149 4835 1495 4896 peccatorum
1544 4826 1835 4892 impressas
1877 4823 1960 4878 iu-

379 4919 694 4992 spicientes.
730 4917 794 4973 Et
812 4917 1062 4974 fortassis
1083 4931 1145 4972 ea
1169 4915 1436 4978 confusio.
1463 4915 1516 4968 in
1551 4930 1658 4985 qua
1695 4926 1954 4968 aeternum

380 5014 564 5070 vivent
590 5020 927 5080 peccatores,
961 5009 1230 5065 borrenda
1257 5018 1343 5064 est
1378 5008 1573 5075 magis,
1605 5023 1766 5075 quam
1806 5016 1956 5059 tene-

453 5149 704 5208 "ﬂatth.
730 5165 826 5213 vn,
851 5149 940 5205 μ.
1016 5149 1061 5180 ³¹
1098 5148 1239 5203 Psal.
1269 5162 1456 5212 χχχιιι,
1489 5145 1578 5200 20.
1656 5146 1700 5177 ³³
1724 5145 1766 5198 ll
1797 5146 1922 5199 Cur.
1955 5161 1967 5197 l

2071 5144 2111 5196 3.
2191 5143 2234 5174 ³⁵
2261 5144 2380 5196 Act.
2418 5157 2526 5203 χιν,
2571 5142 2662 5196 21.

381 5225 473 5280 15.
545 5222 588 5254 ³⁷
622 5220 756 5276 Luc.
789 5236 828 5286 ι,
857 5220 947 5275 79.
1026 5219 1071 5250 ³⁸
1097 5219 1324 5273 Malacb.
1379 5234 1451 5283 tv,
1491 5217 1546 5270 2.
1623 5216 1666 5248 ³⁸
1696 5214 1850 5272 Joau.
1888 5231 1924 5282 ι,
1963 5223 1967 5263 1

2095 5214 2138 5244 ⁸ο
2172 5213 2312 5268 l'sal.
2335 5229 2477 5272 xcvi.
2508 5213 2596 5267 ll.

449 5340 562 5409 (74)
592 5339 734 5396 Editi
777 5348 834 5394 et
865 5339 998 5408 Reg.
1027 5346 1255 5409 quartus
1287 5345 1364 5409 et“
1385 5335 1542 5409 Coll).
1587 5336 1878 5409 septimus
1904 5332 1954 5385 εί

464 5408 483 5464 ’.
514 5403 583 5466 At
609 5411 763 5466 deest
784 5411 832 5462 εἰ
866 5411 917 5465 in
948 5403 1131 5461 miritis
1162 5422 1290 5460 mss.
1331 5407 1531 5461 ibidem
1587 5404 1718 5471 Reg.
1752 5403 1950 5456 tertius

469 5451 483 5464 .
514 5414 583 5466 At
609 5414 763 5466 deest
784 5414 832 5462 εί
866 5414 917 5465 in
949 5414 1131 5461 multis
1162 5422 1290 5460 mss.
1331 5414 1531 5461 ibidem
1587 5414 1718 5471 lteg.
1752 5414 1950 5456 tertius

377 5414 468 5554 θέἓ
515 5479 767 5554 θλίψεως.
799 5481 996 5554 Statim
1031 5477 1164 5554 Reg.
1209 5478 1412 5554 tertius
1456 5474 1952 5554 et_Culb._quintus

375 5547 470 5623 οὖν
501 5545 870 5623 τῶνίθλίψεών
902 5545 1026 5623 μου.
1091 5545 1158 5601 At
1189 5549 1341 5602 deest
1385 5563 1487 5618 μου
1520 5547 1572 5600 in
1606 5545 1788 5598 multis
1823 5559 1952 5596 mss.

377 5631 434 5676 et
461 5622 513 5674 ln
547 5622 724 5676 editis.

451 5691 564 5763 (75)
594 5691 774 5748 Editio
803 5691 974 5747 Paris.
999 5691 1075 5762 τῷ
1102 5689 1386 5763 δύνασθαι.Δ
1414 5688 1523 5763 Sed
1549 5697 1782 5756 quatuor
1815 5699 1946 5740 mss.

378 5759 802 5833 perindewatque
827 5772 1006 5817 textus
1034 5759 1189 5818 sacer
1211 5759 1305 5814 τοῦ
1331 5759 1611 5833 δύνασθαι.

449 5831 560 5903 (76)
593 5824 886 5903 Gallici-lini
920 5835 1125 5902 primus
1144 5841 1416 5903 retAsextus
1443 5845 1567 5903 cum
1604 5827 1737 5903 Reg.
1785 5824 1946 5882 tertio

376 5898 777 5974 ἐλλαμφθέντες
828 5898 1051 5975 τῇ”τῆς
1105 5900 1362 5974 ἀληθείας
1413 5900 1615 5972 χάριτι,
1667 5898 1779 5965 τόν,
1815 5907 1944 5963 etc.,

2065 4725 2363 4792 ἁμόλυντον
2398 4724 2538 4794 ἔχειν
2568 4723 2630 4776 τὸ
2655 4723 2890 4786 συνειδὸς
2917 4723 3025 4776 ἀπὸ
3055 4720 3305 4792 πονηρῶν
3343 4719 3536 4792 ἔργων.
3572 4722 3636 4773 Oi

2063 4818 2172 4890 γὰρ
2197 4817 2263 4871 τὰ
2292 4815 2471 4886 φαῦλα
2495 4816 2800 4888 πράξαντες
2829 4817 2907 4879 εἰς
2935 4812 3236 4884 ὀνειδισμὸν
3259 4814 3352 4866 καὶ
3376 4812 3637 4883 αἰσχύνην

2061 4910 2487 4978 ἀναστήσονται,
2529 4905 2821 4979 ἐνορῶντες
2863 4907 2919 4958 ὲν
2966 4906 3178 4968 ἑαυτοῖς
3217 4905 3279 4958 τὺ
3317 4901 3504 4974 αἶσχος
3543 4905 3638 4956 καὶ

2061 5004 2186 5064 τοὺς
2222 5001 2427 5065 τύπους
2459 5001 2567 5054 τῶν
2607 4999 3030 5072 ἡμαρτημένων.
3067 5000 3178 5052 Καὶ
3215 4997 3357 5069 τάχα
3392 4997 3638 5070 φοϐερω-

2745 5141 2790 5173 ⁸⁵
2824 5142 2978 5196 Ront.
3009 5157 3064 5205 v,
3101 5140 3155 5206 5,
3182 5139 3236 5195 4.
3310 5141 3357 5172 ³⁸
3383 5138 3544 5195 lCor.
3572 5155 3635 5206 ι,

2673 5213 2715 5245 ⁸¹
2740 5211 2896 5267 Joztn.
2926 5228 3008 5276 ιιι,
3045 5212 3134 5265 20.
3211 5211 3256 5241 ⁴¹
3281 5210 3299 5264 1
3326 5211 3450 5266 Cor.
3475 5226 3551 5276 tv,
3574 5211 3634 5266 5.

2064 5331 2300 5382 veritatis
2333 5329 2504 5396 gratia
2532 5329 2808 5384 illustrati.
2839 5328 2909 5382 At
2935 5326 3065 5383 editi
3098 5341 3220 5381 cum
3256 5325 3446 5394 majori
3481 5336 3638 5396 parte

2061 5416 2192 5453 mss.
2227 5399 2626 5470 ἐλλαμφθέντες
2652 5403 2718 5470 τῇ
2746 5397 2995 5470 ἀληθέα,
3022 5398 3204 5468 χάριτι
3233 5397 3346 5470 τόδ
3376 5408 3482 5470 etc.

2135 5469 2248 5540 ('_77)
2288 5463 2371 5522 Ita'
2410 5463 2644 5540 quatuor
2692 5463 2846 5524 'iussi
2894 5463 3072 5523 Editio
3101 5463 3260 5540 ivero
3311 5467 3484 5540 Paris.
3516 5463 3638 5540 ἀλλ’

2059 5533 2309 5617 ούξῙΙΙῇιιί
2352 5533 2494 5617 quod
2528 5556 2650 5617 mox
2708 5541 2980 5617 sequitur,
3012 5533 3635 5617 <91!6PUV1_ttt6V,.tlllpl-i.-

2058 5627 2174 5664 cem
2225 5606 2383 5663 habet
2451 5606 2886 5678 intelligentiam.
2940 5606 3072 5661 Nam
3109 5606 3214 5660 vim
3269 5606 3631 5672 illumiuaudi,

2057 5690 2150 5734 aut
2181 5679 2286 5732 vim
2321 5680 2656 5732 exbilaramli
2691 5679 3005 5748 siguiticare
3040 5688 3239 5746 potest.

2131 5750 2253 5820 (78‘,
2288 5748 2558 5820 Scriptum
2581 5744 2934 5820 finven'ituriu
2973 5744 3218 5820 margine
3247 5748 3380 5818 Reg.
3412 5744 3631 5820 se_ct_tndi

2055 5816 2516 5944 gvauaiexus/Ecog.
2572 5819 2693 5875 Mox
2740 5830 2970 5890 quatuor
2996 5816 3125 5874 mss'.
3170 5816 3403 5881 ἑαυτοῖς.
3457 5816 3634 5872 Editio

2100 5908 2225 5944 arts.
2256 5907 2461 5944 αυτοις.

2100 5908 2225 5946 arts.
2256 5907 2461 5953 αυτοις.
