4008 6402
378 346 479 404 561

1511 360 1796 417 HOMILIA
1838 362 1899 416 IN
1943 361 2277 418 PSALMUM
2314 362 2554 418 XXXIII.

3526 355 3632 410 562

378 467 513 540 τέρα
529 469 623 522 τοῦ
647 470 869 538 σκότους
889 476 984 528 καὶ
1009 477 1102 530 τοῦ
1122 478 1292 549 πυρὸς
1315 478 1409 533 τοῦ
1435 482 1656 537 αἰωνίου
1677 485 1708 553 ἡ
1729 483 1958 555 αἰσχύνη

2069 485 2173 538 bra:
2197 493 2250 538 et
2281 484 2422 555 ignis
2437 494 2694 546 αξιοι-ηας,
2723 497 2845 535 cum
2884 481 3110 551 veSIigia
3141 478 3360 534 admissi
3393 479 3444 532 in
3469 492 3632 532 carne

381 561 560 624 ἐστὶν,
663 563 915 633 μέλλουσι
960 567 1379 635 συνδιαιωνίζειν
1408 573 1456 626 οι
1491 575 1834 645 ἁμαρτωλοὶ,
1870 577 1956 629 ἀεὶ

380 653 438 706 ὲν
471 653 771 725 ὀφθαλμοῖς
810 656 1024 729 ἔχοντες
1063 660 1133 715 τὰ
1179 661 1297 733 ἴχνη
1336 665 1435 736 τῆς
1474 666 1532 718 ἐν
1570 668 1733 738 σαρκὶ
1773 668 1956 738 ἀμαρ-

380 743 520 807 τίας,
553 747 715 800 οἰονεί
741 767 884 814 τινος
917 751 1091 824 βαφῆς
1130 755 1486 822 ἀνεκπλύτου,
1520 761 1586 829 τῇ
1632 761 1820 832 μνήμῃ
1859 760 1958 830 τῆς

379 833 559 904 ψυχῆς
584 837 764 890 αὐτῶν
791 841 871 906 εἰς
913 842 974 894 τὸ
1003 843 1253 914 διηνεκὲς
1295 846 1700 918 παραμένοντα.
1734 849 1956 918 Ὀλίγων

377 926 435 978 δέ
469 927 583 980 ἐστι
608 928 666 980 τὸ
702 931 1020 1001 προσελθεῖν
1045 934 1122 1006 τῷ
1142 938 1283 1004 φωτὶ
1311 937 1389 1008 τῷ
1417 938 1676 1011 ἀληθινῷ,
1711 943 1804 995 καὶ
1825 943 1959 995 ἁπο-

384 1016 639 1086 καλύψαι,
669 1021 761 1072 καὶ
784 1023 920 1092 μετά
945 1024 1042 1097 τὴν
1070 1027 1410 1098 ἀποκάλυψιν
1432 1031 1540 1084 τῶν
1569 1032 1848 1102 κρυπτῶν,
1881 1034 1956 1104 μὴ

381 1106 634 1161 ἀπελθεῖν
664 1112 1046 1181 αἰσχυνθέντας
1079 1116 1148 1168 τὰ
1182 1118 1466 1189 πρόσωπα.

451 1198 506 1253 5.
535 1197 722 1269 Οὗτος
751 1208 783 1257 ὀ
808 1207 1044 1276 πτωχὸς
1063 1208 1368 1278 ἐκέκραξε,
1391 1213 1488 1268 καὶ
1514 1217 1546 1266 ό
1587 1216 1799 1282 Κύριος
1837 1219 1959 1270 εισ-

381 1291 652 1356 -ήκουσεν
673 1297 880 1351 αὐτοῦ.
918 1299 1032 1353 Ούκ
1061 1301 1151 1354 (ὶεί⁷
1198 1303 1456 1374 ἐπαινετὴ
1477 1307 1510 1371 ἡ
1552 1307 1812 1378 πτωχεία.
1844 1309 1956 1361 ἀλλ’

379 1385 416 1454 ὴ
450 1386 513 1436 ὲκ
541 1387 913 1458 προαιρέσεως
942 1391 1083 1445 κατὰ
1116 1393 1206 1446 τὸν
1223 1395 1583 1464 εὐαγγελικδν
1603 1399 1806 1452 σκοπὸν
1825 1418 1956 1453 κατ-

380 1475 708 1549 ορθουμὲνη.
756 1480 949 1535 Πολλοὶ
1011 1484 1120 1555 γὰρ
1149 1487 1356 1557 ἰἰτωχοί⁸
1403 1487 1502 1558 μὲν
1534 1491 1600 1560 τῇ
1651 1492 1957 1562 περιουσίᾳ,

383 1565 896 1625 πλεονεκτικώτατοι
924 1572 980 1626 δὲ
1013 1578 1077 1646 τῇ
1115 1578 1429 1649 προαιρέσει
1458 1581 1838 1650 τυγχάνουσιν
1868 1584 1960 1648 οὓς

379 1659 479 1729 οὐχ
519 1661 552 1731 ἡ
585 1660 760 1715 ἔνδεια
805 1663 989 1732 σώζει,
1025 1668 1139 1722 ἀλλ’
1173 1672 1206 1740 ἡ
1256 1674 1576 1744 προαίρεσις
1618 1678 1957 1747 κατακρίνει.

383 1751 458 1804 Ού
488 1752 664 1808 τοίνυν
687 1755 714 1806 6
743 1756 924 1828 ἐνδεὴς
955 1760 1170 1824 πάντως
1204 1764 1560 1833 μακαριστὸς,
1593 1766 1708 1818 ἀλλ’
1728 1769 1756 1820 6
1781 1769 1960 1838 κρείτι

2065 576 2274 643 peccati
2321 577 2372 628 in
2430 575 2646 629 modum
2698 571 3000 628 indelebilis
3052 571 3330 640 cujusdam
3385 570 3634 623 tinctura

2059 683 2274 736 semper
2315 669 2426 722 sint
2473 666 2709 722 habituri
2759 669 2830 720 ob
2868 665 3054 720 ccnlos
3081 682 3094 716 :
3123 679 3241 733 qua!
3281 673 3540 733 perpetuo
3580 661 3631 714 in

2059 759 2254 813 anima:
2286 773 2472 813 eorum
2521 758 2784 814 memoria
2822 771 3178 828 permansura
3231 764 3377 808 sunt.
3429 753 3636 807 Pauco-

2063 867 2179 905 rum
2225 861 2407 906 autem
2435 861 2520 906 est
2561 851 2822 906 accedere
2851 851 2917 903 ad
2950 864 3130 903 veram
3167 845 3361 907 lucem,
3386 861 3449 899 ac
3480 859 3635 900 reve-

2061 944 2193 1007 lare,
2238 955 2294 999 et
2340 954 2462 1013 post
2519 943 2858 999 occultorum
2929 941 3303 996 -evclationem
3357 938 3495 994 facie
3529 953 3632 992 non

2059 1035 2283 1089 confusa
2315 1033 2486 1089 abire.

2129 1213 2182 1268 5.
2228 1211 2390 1267 Vsus.
2433 1211 2488 1266 7.
2558 1210 2662 1265 llic
2713 1228 2912 1282 pauper
2969 1209 3211 1263 clamavit
3239 1249 3254 1270 .
3290 1216 3337 1262 el
3381 1206 3638 1262 Dominus

2060 1304 2329 1359 exaudivit
2381 1319 2517 1357 eum.
2557 1301 2673 1357 Non
2719 1317 2934 1371 semper
2981 1299 3268 1354 laudabilis
3303 1309 3638 1368 estpauper-

2064 1409 2166 1462 tas,
2193 1395 2286 1451 sed
2317 1410 2438 1464 qum
2461 1394 2618 1464 juxta
2663 1394 3033 1464 evangelicum
3066 1390 3352 1446 consilium
3381 1406 3447 1444 ex
3471 1389 3634 1444 libera

2062 1487 2338 1544 voluntate
2366 1489 2664 1558 perﬁcitur.
2697 1486 2975 1558 Siquidem
3007 1484 3160 1539 mttlti
3195 1492 3324 1538 sunt
3349 1498 3634 1552 pauperes,

2065 1580 2354 1636 lacullates
2383 1581 2428 1635 si
2457 1589 2671 1650 spectes
2699 1599 2711 1634 :
2739 1589 2795 1633 at
2827 1577 3104 1647 νι-ομοείιο
3137 1574 3440 1629 avarissimi
3490 1583 3636 1637 sunt,

2061 1689 2198 1743 quos
2248 1689 2352 1728 non
2409 1673 2581 1729 salt-at
2629 1657 2948 1740 indigentia,
2985 1667 3079 1723 sed
3127 1666 3459 1738 propositqu
3509 1680 3639 1718 con-

2064 1767 2305 1821 demnat.
2343 1763 2456 1818 Non
2491 1763 2654 1835 igitur
2683 1764 2772 1832 qui
2809 1771 2949 1831 eget,
2997 1763 3254 1814 continuo
3284 1761 3478 1815 beatus
3509 1771 3640 1826 prte-

381 1861 508 1898 τονα
537 1846 881 1917 ἡγησάμενος
911 1851 1019 1903 τῶν
1048 1852 1143 1905 τοῦ
1177 1854 1379 1925 κόσμου
1414 1856 1702 1930 θησαυρῶν
1735 1859 1832 1931 τὴν
1868 1863 1955 1914 ὲν-

2069 1857 2322 1912 Llicandns
2347 1869 2452 1918 est,
2474 1857 2566 1911 sed
2602 1856 2691 1924 qui
2717 1853 2918 1908 Christi
2953 1855 3265 1906 mandatum
3301 1852 3482 1906 mundi
3513 1854 3636 1906 the-

382 1935 542 2007 τολὴν
569 1936 665 1990 τοῦ
697 1939 953 2009 Χριστοῦ.
987 1942 1219 2008 Τούτους
1248 1948 1340 2000 καὶ
1369 1949 1396 2001 6
1427 1948 1629 2018 Κύριος
1665 1949 1957 2022 μακαρίζει

383 2025 582 2095 λέγων’
617 2029 907 2100 Μακάριοι
943 2037 996 2086 οὶ
1030 2038 1253 2106 πτωχοὶ
1296 2038 1376 2104 τῷ
1414 2041 1737 2109 πνεύματι·
1783 2045 1880 2114 οὐχ
1911 2046 1957 2097 οἱ

383 2120 614 2191 πένητες
644 2124 786 2178 κατὰ
828 2126 926 2197 τὴν
963 2130 1297 2200 περιουσίαν,
1333 2133 1449 2186 ἀλλ’
1472 2135 1520 2186 οἱ
1551 2134 1649 2206 τὴν
1686 2138 1959 2207 πτωχείαν

383 2214 447 2265 ὲκ
479 2213 588 2283 (79)
606 2213 783 2286 ψυχῆς
808 2219 1178 2290 προελόμενοι.
1207 2221 1372 2276 Οὐδὲν
1400 2224 1508 2296 γὰρ
1529 2225 1636 2279 τῶν
1664 2228 1960 2300 ἀπροαιρέ-

381 2321 491 2357 των
517 2310 871 2377 μακαριστόν.
908 2312 1050 2364 Διότι
1070 2314 1216 2366 πᾶσα
1249 2315 1440 2386 ἁρετὴ,
1476 2317 1710 2386 μάλιστα
1737 2320 1793 2373 δὲ
1819 2319 1957 2392 αὕτη

385 2397 490 2468 πρὸ
513 2398 748 2463 πάντων,
770 2402 848 2472 τῷ
870 2403 980 2475 (80)
1011 2406 1242 2478 ἑκουσίῳ
1257 2411 1742 2482 χαρακτηρίζεται.
1771 2411 1961 2481 Οὗτος

381 2485 495 2553 οὖν,
529 2493 722 2562 φησὶν,
760 2497 792 2548 ό
819 2496 1055 2566 πτωχὸς
1079 2497 1389 2567 ἐκέκραξε.
1427 2503 1503 2573 Τῇ
1529 2504 1774 2578 δεικτικῇ
1808 2511 1959 2578 φωνῇ

381 2579 477 2633 ἐπὶ
519 2581 610 2634 τὸν
644 2582 993 2655 πτωχεύοντα
1039 2587 1180 2641 κατὰ
1221 2589 1375 2653 Θεὸν,
1411 2593 1504 2644 καὶ
1548 2593 1840 2659 πεινῶντα,
1867 2595 1961 2648 καὶ

381 2670 640 2740 διψῶντα,
667 2675 760 2728 καὶ
800 2678 1245 2747 γυμνητεύοντα,
1283 2681 1383 2753 τὴν
1419 2682 1658 2738 διάνοιάν
1687 2703 1781 2738 σου
1823 2706 1959 2758 προ⁵

384 2763 664 2816 καλεῖται·
717 2763 906 2834 Οὗτος
951 2772 984 2822 ὁ
1028 2771 1304 2839 πτωχὸς,
1375 2777 1658 2846 μονονουχὶ
1715 2777 1963 2847 δακτύλῳ

383 2856 614 2920 δεικνύςο
649 2850 818 2924 Οὗτος
850 2861 878 2913 6
911 2862 1158 2935 μαθητὴς
1189 2867 1449 2936 Χριστοῦ.
1485 2870 1721 2922 Δυνατὸν
1758 2872 1853 2925 καὶ
1882 2876 1961 2936 εἰς

382 2947 619 3018 Χριστὸν
669 2949 862 3014 ἀνάξαι
892 2952 983 3006 τὸν
1018 2953 1175 3022 λόγον
1213 2955 1349 3025 (81),
1391 2956 1472 3021 ὃς,
1505 2958 1760 3024 πλούσιος
1788 2961 1863 3014 ὢν
1895 2965 1960 3033 τῇ

383 3039 566 3108 φύσει,
607 3040 741 3094 διότι
785 3043 963 3098 πάντα
1002 3045 1072 3098 τὰ
1108 3045 1201 3099 τοῦ
1247 3049 1460 3118 [ἰατρὸς
1498 3051 1662 3104 αὐτοῦ
1703 3052 1854 3118 ἐστι,
1895 3053 1962 3107 δι’

381 3134 530 3203 ἡμᾶς
588 3134 954 3204 ἐπτώχευσεν,
1007 3137 1094 3191 ἵνα
1138 3141 1302 3210 ἡμεῖς
1347 3144 1412 3212 τῇ
1460 3142 1670 3196 ἐκείνου
1719 3144 1963 3217 πτωχείᾳ
1989 3181 2030 3238 C

383 3225 797 3295 πλουτήσωμεν.
820 3227 1014 3297 Σχεδὸν
1034 3228 1144 3301 γὰρ
1172 3231 1372 3295 παντὸς
1398 3231 1562 3304 ἔργου
1583 3233 1676 3287 τοῦ
1701 3236 1965 3305 προάγον-

383 3335 476 3381 τος
506 3319 598 3370 ἐπὶ
618 3319 710 3372 τὸν
747 3323 1098 3392 μακαρισμὸν
1124 3325 1286 3389 αὐτὸς
1322 3322 1490 3396 ἦρξεν
1524 3329 1552 3380 6
1587 3327 1816 3398 Κύριος,
1851 3345 1961 3383 πα-

387 3409 661 3480 ράδειγμα
693 3413 807 3474 τοῖς
832 3411 1195 3482 μανθάνουσιν
1227 3416 1416 3468 ἑαυτὸν
1432 3417 1712 3487 προτιθείς
1767 3420 1964 3473 Ἐπάν-

387 3518 488 3570 ηκε
522 3502 616 3554 ἐπὶ
655 3503 780 3566 τοὺς
827 3505 1231 3575 μακαρισμοὺς,
1296 3509 1390 3560 καὶ
1430 3508 1658 3562 ἕκαστον
1704 3509 1964 3576 ἐξετάσας

385 3593 657 3666 εὑρήσεις,
681 3595 763 3648 ὅτι
789 3595 1053 3666 προέλαϐε
1079 3597 1179 3667 τὴν
1209 3601 1272 3651 ἐκ
1306 3598 1399 3652 τοῦ
1423 3600 1582 3668 λόγου
1612 3601 1965 3658 διδασκαλίαν

384 3689 498 3751 τοῖς
525 3686 728 3759 ἔργοις.
753 3687 1042 3755 Μακάριοι
1068 3692 1122 3742 οἱ
1147 3691 1371 3758 πραεῖς.
1414 3693 1537 3756 Πῶς
1565 3690 1656 3747 οὖν
1706 3694 1964 3766 μάθωμεν

383 3781 484 3852 τὴν
508 3782 822 3853 πραότητα;
874 3783 1099 3838 Μάθετε
1123 3785 1223 3838 ἀπ’
1244 3785 1411 3854 ἐμοῦ,
1441 3788 1624 3856 φησὶν,
1661 3787 1750 3841 ὅτι
1774 3789 1964 3856 πρᾶός

383 3873 504 3940 ειμι
541 3871 639 3925 καὶ
669 3874 947 3940 ταπεινὸς
978 3875 1053 3943 τῇ
1081 3876 1313 3945 καρδίᾳ.
1344 3877 1635 3946 Μακάριοι
1655 3882 1710 3933 οἱ
1734 3882 1965 3949 εἰρηνο-

384 3964 567 4017 ποιοί.
601 3964 696 4027 Τίς
723 3967 869 4035 ἡμᾶς
887 3966 1084 4034 διδάξει
1115 3967 1290 4039 τὸτῆς
1310 3970 1534 4040 εἰρήνης
1566 3971 1761 4038 καλὸν;
1797 3973 1966 4038 Αὐτὸς

385 4057 415 4108 ὀ
433 4056 790 4127 εἰρηνοποιὺς,
813 4060 841 4111 6
872 4058 1039 4112 ποιῶν
1069 4061 1315 4130 εἰρήνην,
1347 4061 1440 4114 καὶ
1470 4062 1967 4118 ἀποκαταλλάσσων

385 4147 515 4210 τοὺς
550 4146 644 4201 δύο
670 4149 750 4212 εἰς
786 4147 883 4202 ἓνα
911 4150 1097 4203 καινὸν
1139 4149 1426 4222 ἄνθρωπον
1446 4168 1459 4183 ο
1489 4154 1517 4206 6
1548 4153 1968 4226 εἰρηνοποιήσας

387 4235 478 4290 διὰ
501 4236 596 4290 τοῦ
628 4237 859 4307 αἵματος
893 4238 988 4292 τοῦ
1025 4239 1258 4310 σταυροῦ
1301 4239 1464 4294 αὑτοῦ
1497 4242 1607 4295 εἴτε
1654 4241 1723 4295 τὰ
1768 4246 1826 4296 ἐν
1855 4248 1968 4310 τοῖς

389 4329 638 4399 οὐρανοῖς
665 4330 774 4383 εἴτε
803 4331 871 4385 τὰ
899 4331 992 4384 ἐπὶ
1016 4331 1114 4402 τῆς
1146 4331 1272 4402 γῆς.
1321 4331 1610 4401 Μακάριοι
1641 4338 1695 4388 οἱ
1725 4338 1966 4406 πτωχοί.

389 4421 563 4484 Αὐτός
593 4423 740 4474 ἐστιν
769 4424 798 4476 6
834 4423 1173 4493 πτωχεύσας,
1205 4424 1300 4477 καὶ
1328 4422 1571 4489 κενώσας
1601 4427 1790 4480 ἑαυτὸν
1822 4429 1880 4482 ἐν
1902 4431 1967 4500 τῇ

2061 1951 2238 2005 sauris
2264 1949 2540 2018 antiquius
2593 1948 2771 2002 habet.
2817 1947 2924 2001 llos
2960 1956 3013 1999 et
3053 1945 3311 2000 Dominus
3343 1946 3530 2000 beatos
3557 1945 3640 1998 di-

2061 2039 2156 2102 cit,
2190 2038 2376 2092 dicens
2403 2056 2415 2091 :
2447 2037 2600 2091 Beati
2619 2052 2873 2106 pauperes
2904 2035 3088 2105 spiritu
3113 2034 3158 2065 "
3178 2051 3194 2100 ;
3218 2049 3322 2088 non
3351 2034 3467 2103 qui,
3497 2031 3638 2102 quod

2061 2131 2128 2184 ad
2168 2129 2456 2185 facultates
2501 2129 2720 2194 attinet,
2760 2142 3028 2196 pauperes
3060 2135 3208 2190 sunt,
3246 2127 3338 2180 sed
3383 2125 3474 2194 qui
3509 2140 3612 2193 pau

2061 2230 2324 2290 perlatem
2356 2234 2423 2274 ex
2459 2220 2642 2273 animo
2687 2219 3020 2289 sclegerunt.
3058 2217 3327 2287 Quidquid
3366 2217 3509 2274 enim
3541 2229 3630 2272 vo-

2063 2311 2356 2366 luntarimn
2403 2329 2508 2365 non
2559 2320 2664 2376 est,
2694 2313 2909 2366 beatum
2955 2310 3059 2365 dici
3096 2326 3202 2364 non
3235 2319 3469 2379 oportet.
3505 2309 3638 2363 Nam

2062 2403 2235 2454 virtus
2264 2400 2466 2466 omnis,
2495 2411 2550 2454 et
2601 2401 2716 2455 haec
2748 2400 3004 2466 maxime,
3039 2399 3092 2453 iu
3125 2400 3316 2467 primis
3349 2399 3517 2455 libero
3544 2415 3634 2454 ar—

2066 2495 2229 2549 bitrio
2260 2508 2360 2548 ceu
2392 2493 2714 2547 charactere
2742 2491 3054 2562 insignitur.
3094 2490 3198 2544 Hic
3226 2490 3409 2562 igitur,
3445 2491 3639 2557 inquit,

2061 2601 2260 2654 pauper
2285 2583 2554 2639 clamauit.
2589 2583 3022 2638 Demonstrativa
3066 2597 3199 2638 voce
3224 2584 3290 2638 ad
3323 2597 3636 2653 pauperem,

2047 2689 2117 2733 et
2163 2678 2512 2740 esurientem,
2558 2686 2612 2732 et
2644 2677 2942 2743 sitientem,
2969 2686 3026 2731 et
3074 2678 3278 2730 nudum
3337 2675 3637 2732 secuttdum

2064 2771 2254 2834 Deum,
2288 2769 2556 2841 protrahit
2583 2779 2817 2824 mentem
2842 2781 2986 2824 tuam
3016 2786 3031 2824 :
3063 2768 3164 2824 Hic
3189 2786 3406 2839 pauper,
3435 2778 3642 2824 tantum

2066 2881 2170 2917 non
2209 2863 2376 2929 digito
2429 2861 2884 2916 ostendeustﬂic
2919 2862 3118 2917 Christi
3168 2861 3491 2932 discipulus.
3535 2859 3642 2917 Po-

2067 2965 2174 3010 test
2204 2964 2258 3009 et
2283 2954 2349 3010 ad
2376 2953 2652 3008 Christum
2699 2953 2790 3008 hic
2838 2968 3020 3009 sermo
3055 2953 3273 3018 referri,
3310 2953 3401 3023 qui
3453 2961 3643 3008 natura

2065 3051 2216 3104 dives
2254 3064 2376 3102 cmn
2410 3057 2578 3110 esset,
2610 3056 2900 3116 propterea
2955 3047 3097 3116 quod
3133 3045 3316 3100 omnia
3365 3046 3508 3100 bona
3541 3043 3644 3098 Pa-

2067 3141 2165 3196 tris
2209 3140 2380 3207 ipsius
2413 3147 2560 3199 sunt,
2589 3146 2817 3206 propter
2847 3151 2946 3189 nos
2989 3150 3196 3206 panper
3227 3135 3403 3190 factus
3445 3142 3553 3196 est.
3585 3142 3646 3189 ut

2069 3251 2167 3289 nos
2214 3232 2358 3288 illius
2399 3237 2715 3302 paupertate
2761 3227 3242 3284 ditescercmus“.
3280 3228 3491 3284 Etenim
3526 3241 3641 3281 om-

2066 3343 2188 3384 nem
2215 3325 2332 3381 l'ere
2358 3325 2630 3380 actionem
2657 3337 2778 3394 quae
2803 3337 2900 3377 nos
2923 3322 2989 3376 ad
3019 3321 3414 3376 beatitudinem
3448 3333 3644 3391 provo-

2066 3427 2174 3483 cat,
2209 3416 2468 3472 Dominus
2511 3415 2623 3486 ipse
2648 3414 2960 3484 auspicatus
3001 3425 3105 3477 est,
3145 3427 3206 3467 se
3235 3413 3409 3483 ipsum
3443 3427 3644 3483 propo-

2069 3525 2203 3564 nens
2235 3507 2544 3578 exemplum
2575 3507 2930 3562 discentibus.
2977 3505 3108 3559 Redi
3139 3505 3206 3559 ad
3247 3504 3643 3570 beatitudines;

2067 3613 2123 3658 et
2151 3603 2381 3669 singulis
2404 3600 2682 3670 expensis,
2725 3615 2850 3654 eum
2876 3599 3122 3654 invenies
3153 3598 3409 3668 operibus
3437 3595 3646 3651 doctri-

2070 3710 2196 3749 nam
2231 3695 2382 3748 verbi
2440 3691 2804 3762 prtevertisse.
2873 3689 3026 3744 Beati
3079 3689 3227 3742 mites
3245 3688 3314 3742 “.
3365 3686 3649 3753 Quomodo

2070 3787 2232 3858 igitur
2263 3785 2614 3840 didicerimus
2649 3783 2814 3856 148
2841 3779 3348 3836 mansuetudinem?
3379 3777 3578 3832 Discite
3613 3794 3649 3832 a

2069 3898 2170 3946 me,
2199 3880 2391 3948 inquit,
2423 3880 2548 3949 quia
2586 3879 2726 3932 mitis
2754 3893 2872 3931 sum
2906 3885 2954 3929 et
2983 3873 3195 3928 humilis
3226 3873 3384 3928 corde
3405 3872 3472 3926 “.
3496 3870 3652 3926 Beati

2070 3970 2279 4042 paciﬁci
2301 3970 2369 4028 ”.
2398 3969 2499 4035 Qui
2537 3983 2634 4023 nos
2667 3967 2881 4024 docebit
2913 3966 3062 4035 pacis
3099 3963 3340 4019 bonum?
3386 3961 3507 4033 ipse
3556 3962 3647 4017 ille

2072 4065 2350 4134 pacilicns,
2381 4061 2472 4131 qui
2525 4060 2656 4115 facit
2707 4075 2918 4129 pacem,
2951 4069 3005 4113 ct
3041 4057 3359 4112 reconciliat
3406 4057 3544 4112 duos
3586 4056 3643 4111 in

2073 4173 2237 4210 tmmn
2282 4171 2479 4210 novum
2516 4152 2884 4218 hominem“;
2915 4152 3006 4222 qui
3040 4151 3348 4223 pacilicavit
3394 4166 3492 4221 per
3516 4165 3648 4204 sane

2071 4249 2286 4320 guinem
2314 4247 2495 4303 crucis
2524 4262 2656 4314 sum,
2688 4257 2799 4300 tum
2841 4259 2961 4314 quae
2991 4244 3044 4298 in
3078 4243 3252 4306 caelis,
3289 4253 3400 4297 tum
3427 4258 3549 4313 qua:
3594 4244 3648 4297 in

2074 4353 2216 4397 terra
2262 4339 2468 4395 sunt".
2495 4337 2647 4394 Beati
2674 4352 2927 4407 pauperes
2950 4335 3018 4389 ⁸⁰.
3053 4333 3171 4405 Ipse
3197 4342 3282 4389 est
3316 4333 3410 4402 qui
3445 4349 3651 4404 pauper

2075 4429 2266 4495 fuit,et
2287 4445 2347 4484 se
2381 4429 2556 4498 ipsum
2593 4429 2645 4482 in
2675 4426 2848 4482 forma
2871 4427 3014 4482 serti
3041 4425 3426 4492 exinanivit",
3470 4433 3528 4479 ut
3552 4439 3652 4480 nos

387 4514 484 4569 τοῦ
509 4515 698 4569 δούλου
732 4519 934 4598 μορφῇ,
973 4517 1060 4570 ἵνα
1102 4519 1260 4588 ἡμεῖς
1296 4518 1498 4582 πάντες
1527 4521 1591 4572 ἐκ
1621 4519 1715 4573 τοῦ
1749 4520 1963 4592 πληρώ-

2074 4539 2264 4578 omnes
2303 4537 2368 4576 ex
2403 4519 2520 4589 ejus
2553 4517 2884 4590 plenitudine
2933 4516 3289 4585 accipiamus,
3322 4526 3377 4570 et
3419 4513 3648 4584 gratiam

394 4623 563 4677 ματος
595 4605 762 4659 αὐτοῦ
809 4606 1083 4677 λάϐωμεν,
1121 4607 1216 4661 καὶ
1255 4609 1418 4680 χάριν
1460 4610 1582 4663 ἀντὶ
1615 4611 1855 4684 χάριτος.
1906 4615 1973 4668 Εἴ

388 4716 474 4761 τις
501 4694 615 4762 οὖν,
659 4697 766 4751 ἀπὸ
804 4698 897 4752 τοῦ
927 4698 1037 4765 (82)
1073 4699 1228 4768 ἁγίου
1260 4704 1353 4755 καὶ
1382 4701 1763 4774 φιλανθρώπου
1803 4706 1971 4759 Πνεύ-

395 4807 564 4861 ματος
599 4791 886 4862 ἀγόμενος,
919 4792 993 4863 μὴ
1027 4792 1235 4862 φρονῶν
1265 4794 1349 4861 ἐφ’
1375 4794 1574 4866 ἐαυτῷ,
1603 4795 1740 4848 ἀλλὰ
1777 4815 1970 4851 ταπει-

391 4880 498 4934 νῶν
528 4881 740 4943 ἑαυτὸν,
779 4881 863 4932 ἵνα
891 4882 1015 4944 τοὺς
1031 4881 1221 4944 ἄλλους
1246 4883 1456 4955 ὑψώσῃ,
1487 4883 1680 4955 κράζοι
1706 4885 1782 4956 τῷ
1815 4889 1971 4942 πνεύ,

396 4989 526 5042 ματι
555 4973 622 5026 τὰ
661 4972 873 5042 μεγάλα
907 4973 1230 5043 εὐχόμενος,
1273 4977 1364 5026 καὶ
1397 4974 1564 5047 μηδὲν
1595 4980 1972 5050 μικροπρεπὲς

393 5065 529 5139 μηδὲ
571 5067 825 5125 ταπεινὸν
880 5066 1171 5136 φθέγγοιτο
1221 5069 1284 5121 ἐκ
1331 5067 1425 5124 τοῦ
1478 5069 1547 5122 τὰ
1604 5070 1823 5138 ἐπίγεια
1879 5075 1970 5134 καὶ

464 5283 506 5314 ⁸³
532 5281 723 5338 Matth.
754 5299 806 5344 ν,
835 5281 890 5336 5.
949 5280 993 5311 ⁸⁵
1027 5279 1066 5333 ll
1093 5280 1225 5341 Cor.
1250 5295 1366 5346 vttt,
1392 5277 1447 5334 9.
1523 5277 1568 5312 ⁸⁵
1600 5278 1788 5335 Matth.
1822 5299 1878 5343 ν,
1911 5284 1963 5338 5.

2078 4634 2174 4686 pro
2196 4615 2368 4684 gratia
2386 4615 2455 4670 ".
2480 4613 2536 4668 Si
2567 4613 2688 4683 quis
2709 4611 2875 4682 igitur
2905 4625 2936 4664 a
2963 4619 3154 4665 sancto
3185 4617 3240 4662 et
3277 4606 3512 4676 benigno
3536 4606 3654 4674 Spi-

2080 4708 2186 4762 ritu
2230 4713 2443 4768 dnctus,
2475 4706 2526 4757 in
2559 4703 2852 4771 semetipso
2904 4715 3008 4754 non
3044 4699 3240 4764 elatus,
3268 4697 3364 4752 sed
3409 4711 3530 4753 sese
3558 4697 3653 4750 hu-

2079 4799 2316 4862 milians,
2343 4807 2403 4852 ut
2433 4797 2570 4851 alios
2596 4793 2816 4860 exultet,
2858 4793 3052 4862 spiritu
3093 4791 3292 4848 clamet
3339 4803 3533 4860 magna
3564 4805 3653 4843 ro-

2079 4907 2230 4962 gans,
2273 4905 2371 4944 nec
2426 4889 2725 4957 quidquam
2759 4886 3028 4956 abjectum
3077 4893 3172 4936 aut
3224 4881 3427 4938 humile
3467 4881 3654 4950 loqua-

2083 4996 2190 5046 tur,
2220 4997 2288 5036 ex
2328 4996 2395 5034 co
2439 4981 2580 5048 quod
2621 4990 2836 5033 terrena
2869 4987 2925 5031 et
2962 4976 3231 5030 tnuudana
3263 4983 3493 5045 quaerat,
3533 4972 3655 5026 talis

2083 5075 2183 5128 viri
2235 5073 2440 5128 clamor
2467 5089 2495 5126 a
2531 5069 2757 5127 Domino
2794 5069 3137 5123 exaudietur.
3181 5067 3442 5135 Quisnam
3492 5064 3656 5132 igitur

2042 5283 2086 5317 “
2122 5280 2308 5334 Matth.
2348 5293 2422 5340 st,
2454 5276 2542 5332 ‘29.
2620 5276 2663 5307 "
2694 5274 2882 5331 Matth.
2926 5289 2976 5340 v,
3008 5276 3062 5330 9.
3140 5273 3185 5304 ⁸⁸
3222 5271 3420 5341 Ephes.
3465 5285 3524 5335 tt,
3562 5269 3650 5324 15.

393 5353 670 5410 ιωροιοεδ,
710 5369 748 5418 ι,
777 5354 866 5408 20.
911 5351 956 5382 ⁵ο
985 5349 1176 5405 Matth.
1209 5366 1258 5416 ν,
1285 5350 1336 5404 5.
1415 5351 1459 5387 δ’
1497 5348 1728 5422 Philipp.
1765 5367 1826 5416 It,
1857 5354 1910 5408 7.

2069 5353 2216 5409 Ιοηιι.
2254 5367 2293 5413 I,
2331 5351 2412 5404 16.

463 5487 576 5559 ('79)
609 5488 738 5559 Reg.
772 5486 1035 5559 tertiuspi
1063 5484 1164 5559 τῂν
1191 5483 1382 5559 πενίαν
1433 5483 1518 5559 ἐκ..
1577 5481 1777 5559 Ibidem
1833 5483 1966 5554 Heg.

393 5553 624 5628 quartus
652 5553 917 5628 ἑλόμενοι.
947 5555 1064 5609 Mox
1100 5553 1231 5623 Reg.
1262 5554 1451 5628 tertius
1482 5553 1563 5628 '0_'1t
1584 5555 1754 5608 πᾶσα.

468 5631 578 5696 (80)
611 5627 685 5682 lta
740 5623 944 5690 septem
999 5641 1152 5686 mss.,
1189 5635 1244 5678 et
1298 5627 1370 5678 ita
1405 5623 1521 5696 legi
1546 5633 1796 5696 oportere
1833 5626 1968 5678 satis

392 5693 739 5783 ptrspifttttut
775 5707 876 5750 est.
915 5697 1052 5777 I‘ILliti
1102 5710 1229 5750 vero
1260 5709 1382 5749 cum
1430 5693 1579 5749 Colb.
1636 5695 1826 5764 quinto
1863 5696 1965 5765 μά-

394 5765 553 5823 λιστα
574 5768 638 5840 δὴ
672 5767 888 5840 πάντων
918 5765 1014 5840 τῷ.

469 5842 579 5909 ιδι)
613 5834 807 5898 Totum
830 5834 980 5900 illud,
1020 5835 1244 5892 δυνατὸν
1279 5836 1372 5891 καὶ
1406 5838 1483 5900 εἰς
1511 5836 1742 5891 Χοιστὸν
1775 5834 1966 5892 ἀνάξεις

2069 5487 2161 5542 τὸν
2187 5484 2361 5553 λόγον,
2393 5483 2444 5536 in
2496 5483 2734 5551 quinqtte
2767 5494 2900 5534 mss.
2927 5495 3032 5532 non
3068 5477 3313 5554 legitur}.
3355 5471 3448 5554 sed
3503 5487 3658 5554 repe-

2073 5559 2210 5611 ritur
2260 5543 2312 5609 iu
2351 5543 2545 5624 'chii's
2577 5543 2770 5622 quarto
2799 5561 2856 5604 et
2888 5560 3042 5604 sexto
3090 5543 3144 5601 et
3188 5546 3240 5600 in
3274 5543 3428 5600 (Iolb.
3461 5545 3658 5614 quinto

2071 5642 2222 5696 atque
2264 5641 2327 5680 ac
2364 5626 2417 5680 in
2445 5624 2626 5679 editis.

2143 5683 2254 5768 ζεῖ)
2298 5697 2376 5768 lla,
2431 5696 2669 5766 quinqtte
2715 5705 2844 5747 mss.
2895 5687 3072 5746 Editio
3124 5702 3251 5744 vero
3309 5684 3487 5742 Paris.
3545 5683 3658 5741 61:1».

2073 5786 2186 5823 του.
