4008 6402
392 341 502 396 365

1709 341 1766 394 ὸ.
1811 338 2058 394 BASlLll
2096 337 2311 393 MAGNI

3544 325 3655 379 σοι

399 451 692 509 auditionis
736 452 858 508 linis
889 454 1009 507 est?
1048 453 1296 508 Liberari
1345 467 1412 508 ex
1463 453 1717 509 omnibus
1753 453 1976 506 tribula-

2101 450 2317 521 ιοσμικά
2341 449 2524 520 ξητεῐν
2575 447 2710 518 (85),
2743 445 2837 500 τού
2885 443 3126 498 τοιούτου
3173 443 3207 514 ἡ
3263 438 3479 514 κραυγὴ
3538 439 3660 490 eia-

401 546 662 612 tinnibus,
694 547 828 600 adeo
857 556 916 600 ut
955 563 1062 600 non
1095 547 1172 600 sis
1205 548 1509 610 sauciatus,
1535 561 1641 600 non
1677 545 1971 612 frangaris,

402 651 578 704 neque
611 637 795 690 carnis
823 636 1040 691 ali'ectui
1072 639 1417 706 manciperis.
1445 637 1577 704 Quis
1598 638 1761 705 igitur
1786 638 1976 690 modus

402 742 497 797 per
516 743 676 796 quem
703 727 965 782 liberatur
987 729 1228 798 pauper?
1251 729 1436 798 (Vsus.
1454 730 1530 800 8.)
1549 729 1737 783 Castra
1761 730 1977 783 metabi-

403 833 491 872 tur
520 821 734 888 angelus
789 820 1002 874 Domini
1048 823 1102 874 in
1143 824 1364 874 circuitu
1401 825 1693 875 timentium
1748 840 1888 886 cum,
1927 835 1977 878 et

403 912 590 979 eripiet
624 929 734 965 eos.
766 911 1155 980 lnterpretatus
1183 923 1265 967 est
1293 928 1454 981 quem
1487 913 1632 966 dicat
1663 929 1976 981 pauperem,

409 1006 683 1058 timentem
741 1004 994 1057 videlicet
1041 1003 1346 1058 Dominum.
1383 1005 1593 1059 Idcirco
1651 1007 1745 1074 qui
1796 1011 1969 1072 timet,

407 1095 584 1149 adhuc
616 1096 668 1148 in
703 1094 847 1150 servi
888 1095 1077 1148 ordine
1112 1105 1230 1148 est:
1256 1095 1344 1164 qui
1381 1111 1512 1150 vero
1540 1096 1807 1150 cltaritate
1853 1112 1977 1165 per-

405 1187 582 1242 fectus
621 1187 863 1256 est.jam
915 1187 980 1241 ad
1031 1187 1123 1242 lilii
1178 1189 1496 1258 dignitatem
1542 1189 1808 1243 ascendit.
1843 1189 1980 1242 Hinc

408 1293 597 1332 servus
643 1281 806 1332 etiam
843 1293 1046 1348 pauper
1083 1279 1302 1345 dicitur,
1347 1289 1631 1348 propterea
1677 1281 1820 1348 quod
1851 1280 1980 1332 nihil

410 1369 569 1423 habet
591 1370 791 1439 proprii
825 1387 840 1422 :
872 1371 1016 1424 lilius
1044 1385 1173 1424 vero
1200 1369 1312 1438 jam
1343 1371 1494 1424 dives
1520 1381 1624 1433 est,
1649 1373 1800 1440 quod
1821 1373 1983 1426 bono-

411 1476 532 1513 rum
560 1472 909 1529 paternorum
939 1463 1009 1516 sit
1039 1462 1231 1515 haeres.
1277 1461 1468 1515 Castra
1502 1463 1662 1532 igitur
1699 1463 1982 1515 metabilur

411 1551 630 1620 angelus
661 1551 875 1605 Domini
917 1553 970 1604 in
1016 1553 1242 1605 circuitu
1276 1553 1575 1605 timentium
1603 1569 1743 1606 eum.
1771 1553 1985 1607 Assidet

413 1642 638 1709 angelus
681 1641 906 1696 cuilibet
944 1641 996 1694 in
1033 1642 1318 1695 Dominum
1361 1642 1627 1704 credenti,
1663 1644 1763 1696 nisi
1796 1658 1892 1697 nos
1922 1643 1984 1696 il-

413 1731 521 1785 lum
547 1733 800 1802 operibus
825 1733 1008 1800 pravis
1027 1732 1330 1800 alligamus.
1351 1733 1812 1797 Quemadmodum
1839 1733 1982 1787 etnim

415 1800 595 1880 fumus
629 1839 758 1892 apes
790 1824 961 1892 fugat,
1011 1834 1064 1878 et
1105 1824 1244 1878 fetor
1293 1824 1570 1879 columbas
1616 1825 1836 1893 expellit
1867 1843 1880 1879 :
1908 1825 1988 1880 sic
2020 1800 2062 1854 Β

416 1916 664 1984 angelum
694 1917 815 1970 vita:
849 1926 1048 1970 nostrae
1088 1917 1367 1971 custodem
1397 1917 1743 1987 lacrymabile
1776 1933 1841 1971 ac
1866 1932 1987 1984 gra-

417 2007 635 2061 veolens
671 2018 950 2074 peccatum
995 2007 1182 2076 abigit.
1222 2007 1395 2075 Opera
1447 2009 1704 2062 custodiae
1736 2009 1989 2076 angelicae

418 2095 579 2164 digna
607 2095 660 2148 in
709 2105 795 2149 tua
833 2096 1011 2150 anima
1045 2097 1091 2150 si
1131 2096 1355 2160 habeas,
1381 2105 1434 2150 et
1474 2111 1623 2149 mens
1657 2096 1710 2149 in
1744 2096 1986 2149 veritatis

417 2187 882 2256 contemplatione
927 2187 1077 2242 dives
1132 2189 1185 2242 in
1245 2197 1298 2241 te
1349 2189 1638 2250 inhabitet,
1660 2191 1727 2242 ob
1775 2189 1990 2241 divitias

421 2278 802 2344 praeclarorum
846 2294 1070 2348 operum
1101 2279 1339 2343 virtutis,
1373 2279 1516 2334 Deus
1551 2280 1863 2334 necessario
1890 2281 1989 2332 sti-

424 2370 701 2438 pulatores
756 2369 849 2421 tibi
885 2376 938 2421 et
972 2371 1226 2423 custodes
1259 2370 1560 2431 constituit,
1591 2379 1748 2437 teque
1780 2369 1992 2438 angelo-

425 2476 540 2514 rum
585 2460 883 2516 communit
915 2460 1180 2515 custodia.
1217 2460 1512 2514 Considera
1559 2470 1740 2514 autem
1792 2472 1988 2527 quiante

422 2553 495 2605 sit
523 2551 839 2620 angelorum
878 2561 1092 2616 natura,
1119 2551 1553 2620 quandoquidem
1595 2553 1852 2606 exercitui
1899 2553 1991 2605 toti

419 2651 481 2698 et
530 2645 728 2697 castris
782 2644 1056 2712 frequenti
1112 2646 1280 2700 milite
1332 2644 1548 2699 refertis
1586 2645 1807 2714 angelus
1859 2660 1995 2697 unus

425 2743 793 2802 comparatur.
848 2733 1080 2804 Propter
1110 2735 1538 2806 magnitudinem
1572 2734 1734 2804 igitur
1760 2735 1876 2804 ejus
1901 2734 1992 2802 qui

426 2830 480 2877 te
507 2823 762 2886 custodit,
799 2824 1055 2879 Dominus
1088 2832 1266 2880 castra
1307 2826 1400 2878 tibi
1450 2825 1695 2894 impertit
1728 2843 1741 2878 :
1769 2835 1990 2894 prepter

426 2913 799 2971 fortitudinem
847 2929 973 2969 vero
1018 2916 1218 2985 angeli,
1255 2916 1419 2970 tutela
1469 2916 1638 2984 ipsius
1693 2931 1790 2970 ceu
1843 2932 1996 2970 muro

427 3004 700 3058 undelibet
732 3013 784 3058 te
833 3006 1024 3060 munit.
1057 3005 1186 3059 Nam
1226 3005 1374 3070 illud,
1406 3005 1474 3060 In
1504 3008 1750 3069 circuitu,
1784 3007 1884 3061 hoc
1914 3008 1994 3076 ip-

2079 542 2320 613 ακουστὴ
2366 541 2444 612 τῷ
2475 541 2686 612 Κυρίῳ.
2714 540 2778 592 Τί
2808 536 2898 592 οὖν
2924 539 2983 591 τὸ
3029 536 3181 598 τέλος
3224 535 3322 605 τῆς
3354 532 3556 603 ἀκοῆς;
3581 531 3662 583 Τὸ

2079 635 2341 706 ρυσθῆναι
2370 633 2478 687 ἀπὸ
2513 633 2701 685 πασῶν
2733 631 2840 685 τῶν
2869 630 3101 698 θλίψεων
3123 627 3386 699 ἄτρωτον,
3428 623 3503 695 μὴ
3533 623 3665 675 ὐπο-

2077 726 2494 787 κατακλιθέντα,
2557 723 2688 794 μηδὲ
2735 720 3053 775 δουλεύοντα
3096 718 3174 788 τῷ
3207 717 3513 788 φρονήματι
3556 715 3664 783 τῆς

2080 817 2301 888 σαρκός.
2339 817 2434 878 Τίς
2466 811 2557 868 οὖν
2590 816 2684 867 καὶ
2709 815 2736 866 ὁ
2757 813 2954 880 τρόπος
2975 811 3042 864 δι’
3065 803 3125 862 οὗ
3157 808 3345 880 ῥύεται
3361 808 3389 859 6
3409 805 3659 874 πτωχόςς

2079 908 2453 978 Παρεμϐαλεῐ
2481 908 2730 976 ἅγγελος
2771 903 2989 972 Kvplov
3039 903 3244 963 κύκλῳ
3293 897 3412 952 τῶν
3442 898 3667 966 φοϐου-

2073 1003 2271 1072 μένων
2298 1002 2500 1064 αὑτὸν,
2530 999 2624 1052 καὶ
2642 999 2889 1066 ῥύσεται
2917 994 3155 1058 αὐτούς.
3176 990 3509 1062 Ἠρμήνευσε
3537 988 3667 1040 τίνα.

2080 1094 2228 1161 λέγει
2285 1092 2376 1144 τὸν
2400 1090 2632 1158 πτωχὸν,
2665 1089 2754 1141 τὸν
2784 1085 3114 1155 φοϐούμενον
3146 1083 3235 1135 τὸν
3268 1081 3489 1152 Κύριον.
3513 1079 3667 1131 Διότι

2081 1187 2108 1238 6
2143 1183 2474 1254 φοϐούμενος
2503 1181 2582 1233 ἔτι
2616 1181 2672 1232 ἐν
2695 1181 2760 1249 τῇ
2795 1177 2886 1230 τοῦ
2913 1175 3099 1229 δούλου
3130 1174 3279 1240 τάξει
3312 1172 3479 1224 ἐστίν.
3511 1172 3570 1223 '0
3599 1171 3667 1223 δὲ

2084 1277 2187 1328 ὑπὸ
2221 1277 2319 1345 τῆς
2354 1275 2577 1344 ἀγάπης
2620 1269 3038 1340 τετελειωμένος
3085 1269 3221 1338 πρὸς
3261 1266 3357 1336 τὴν
3400 1264 3490 1317 τοῦ
3537 1262 3666 1317 υἱοῦ

2083 1368 2268 1420 λοιπὸν
2319 1366 2475 1430 ἀξίαν
2503 1365 2770 1436 ἀνέδραμε
2800 1362 2928 1433 (84).
2956 1363 3154 1431 Διόπερ
3181 1362 3208 1412 6
3229 1359 3328 1430 μὲν
3353 1357 3538 1421 δοῦλος
3565 1359 3669 1411 καὶ

2085 1458 2297 1527 πτωχὸς
2337 1457 2587 1524 λέγεται,
2628 1453 2706 1524 τῷ
2758 1453 2923 1523 μηδὲν
2967 1453 3096 1504 ἴδιον
3143 1451 3287 1520 ἔχειν
3313 1468 3326 1480 ·
3373 1451 3402 1502 6
3445 1450 3499 1501 δὲ
3543 1448 3668 1511 uit;

2084 1551 2181 1621 ἤδη
2212 1551 2304 1602 και)⁵
2335 1548 2608 1610 πλούσιος,
2654 1545 2730 1615 τῷ
2764 1544 3096 1614 κληρονόμος
3141 1541 3277 1595 εἶναι
3318 1541 3425 1594 τῶν
3459 1559 3666 1609 πατρι-

2085 1641 2196 1692 κῶν
2228 1637 2469 1706 ἀγαθῶν.
2501 1635 2874 1705 Παρεμϐαλεῐ
2901 1630 2993 1687 οὖν
3024 1634 3279 1704 ἅγγελος
3319 1633 3541 1700 Kvpt'ov
3561 1633 3672 1684 κύ-

2086 1737 2211 1795 κλῳ
2239 1730 2356 1784 τῶν
2387 1730 2771 1799 φοϐουμένων
2813 1729 3018 1782 αὐτόν.
3061 1727 3230 1778 Παντὶ
3276 1724 3669 1777 πεπιστευκότι

2089 1827 2169 1885 είς
2197 1825 2284 1876 τὸν
2322 1823 2525 1894 Κύριον
2563 1821 2791 1890 ἄγγελος
2823 1819 3168 1891 παρεδρεύει,
3196 1819 3290 1870 ἐὰν
3337 1819 3546 1887 μήποτε
3579 1818 3675 1868 αύ-

2087 1916 2178 1968 τὸν
2218 1918 2377 1986 ἡμεῖς
2405 1915 2469 1966 ὲκ
2507 1913 2614 1966 τῶν
2640 1912 2891 1984 πονηρῶν
2926 1911 3104 1984 ἔργων
3132 1909 3537 1979 ἀποδιῶξωμεν.
3576 1909 3674 1971 Ὠς

2089 2009 2199 2079 γὶιρ
2223 2008 2320 2071 τὰς
2356 2007 2615 2078 μελίσσας
2659 2007 2862 2069 καπνὸς
2891 2005 3207 2076 φυγαδεύει,
3250 2005 3345 2056 καὶ
3385 2003 3482 2065 τὰς
3511 2019 3678 2074 περι-

2093 2101 2288 2171 στερὰς
2315 2099 2548 2153 δυσωδία
2588 2099 2889 2162 ἐξελαύνει·
2925 2099 3066 2150 οὕτω
3089 2099 3181 2150 καὶ
3206 2097 3296 2149 τὸν
3327 2095 3540 2164 φύλακα
3569 2093 3674 2164 τῆς

2091 2193 2236 2263 ζωῆς
2263 2195 2295 2263 ἡ
2307 2192 2422 2262 μῶν
2453 2190 2682 2259 ἄγγελον
2705 2192 2738 2260 ἡ
2771 2190 3113 2260 πολύδακρυς
3159 2189 3254 2240 καὶ
3281 2186 3523 2253 δυσώδης
3561 2186 3675 2253 ἀφ-

2095 2285 2303 2354 ίστησιν
2333 2283 2598 2354 ἁμαρτία.
2625 2281 2748 2334 Ἐάν
2775 2281 2902 2355 ἔχῃς
2925 2283 2982 2332 ὲν
3005 2283 3069 2350 τῇ
3099 2279 3244 2348 ψυχῇ
3268 2278 3392 2343 ἄξια
3428 2276 3677 2344 φυλακῆς

2093 2376 2390 2446 ἀγγελικῆς
2425 2376 2582 2447 ἔργα,
2614 2375 2707 2426 καὶ
2728 2373 2853 2436 νοῦς
2879 2371 3133 2433 πλούσιος
3162 2373 3219 2422 ὲν
3263 2372 3376 2430 τοῖς
3414 2369 3511 2438 τῆς
3540 2366 3678 2436 ἀληο

2095 2469 2243 2532 Θείας
2290 2467 2640 2538 θεωρήμασιν
2685 2467 2866 2536 ὲνοικῇ
2915 2482 2993 2516 σοι
3025 2463 3111 2516 διὰ
3148 2462 3238 2515 τὸν
3289 2459 3518 2513 πλοῦτον
3564 2458 3675 2510 τῶν

2093 2560 2290 2629 τιμίων
2324 2558 2498 2630 ἔργων
2528 2557 2628 2626 τῆς
2657 2557 2874 2628 ἀρετῆς,
2926 2554 3235 2622 ἀναγκαίως
3280 2549 3552 2622 φρουρούς
3591 2565 3675 2599 σοι

2096 2652 2189 2702 καὶ
2212 2649 2456 2719 φύλακας
2489 2647 2956 2718 παρακαθίστησιν
2989 2649 3017 2698 6
3049 2645 3200 2708 Θεὸς,
3235 2643 3328 2696 καὶ
3356 2640 3654 2712 περιτειχί-

2097 2740 2179 2806 ζει
2211 2758 2268 2792 σε
2295 2741 2507 2810 φυλακῇ
2553 2739 2818 2807 ἀγγέλων.
2871 2737 3070 2789 Σκόπει
3104 2735 3160 2788 δὲ
3201 2733 3364 2805 ἡλίκη
3418 2731 3534 2784 ἐστὶ
3567 2729 3677 2782 τῶν

2097 2834 2346 2902 ἀγγέλων
2383 2837 2414 2904 ἡ
2460 2833 2647 2901 φύσις·
2687 2834 2768 2885 ὃτι
2799 2830 2905 2901 ὅλῳ
2941 2829 3286 2901 στρατοπέδῳ
3331 2825 3426 2878 καὶ
3458 2840 3677 2894 παρεμ-

2098 2926 2225 2996 ϐολῇ
2261 2922 2669 2995 πολυανθρὼπῳ
2703 2920 3100 2993 παρεικάζεται
3131 2923 3158 2973 ὁ
3189 2914 3268 2981 εἷς
3301 2916 3548 2985 ἄγγελος.
3580 2914 3679 2967 Διά

2104 3018 2200 3087 μὲν
2226 3013 2318 3070 οὖν
2345 3017 2404 3070 τὸ
2442 3015 2669 3086 μέγεθος
2695 3013 2789 3066 τοῦ
2831 3012 3198 3083 φυλάσσοντός
3230 3027 3289 3062 σε
3324 3006 3678 3079 παρεμϐολήν

427 3112 546 3154 Sum
602 3098 894 3167 signiﬁcat.
931 3099 1392 3165 Quemadmodum
1433 3102 1575 3156 enim
1611 3101 1826 3156 urbium
1861 3104 1995 3156 muri

2104 3127 2185 3162 σοι
2211 3109 2490 3181 χαρίζεται
2518 3111 2545 3162 6
2574 3107 2804 3178 Κύριος·
2836 3105 2923 3160 διά
2945 3106 3000 3158 δὲ
3022 3105 3121 3175 τὴν
3151 3105 3301 3172 ἰσχὺν
3325 3101 3420 3153 τοῦ
3445 3099 3678 3167 ἀγγέλου

422 3190 485 3242 in
521 3190 750 3244 circuitu
782 3191 929 3244 omni
957 3207 1020 3245 ex
1048 3201 1199 3260 parte
1231 3193 1610 3256 circumducti,
1643 3195 1999 3264 undecunque

427 3277 667 3347 hostium
697 3279 936 3333 assultus
966 3290 1155 3334 arcent
1187 3299 1200 3336 :
1234 3281 1306 3334 ita
1333 3281 1496 3335 etiam
1520 3281 1746 3352 angelus
1775 3292 1828 3336 et
1864 3299 2002 3353 prae-

434 3371 612 3430 munit
643 3386 674 3424 a
714 3371 910 3434 fronte,
941 3382 995 3427 et
1033 3388 1064 3426 a
1113 3383 1264 3443 tergo
1298 3376 1552 3440 custodit,
1584 3391 1686 3430 nec
1710 3377 2000 3446 quidquam

436 3465 690 3533 utrinque
723 3465 1106 3520 incustoditum
1155 3467 1430 3536 relinquit.
1463 3468 1538 3523 Ea
1594 3471 1660 3523 de
1699 3485 1863 3523 causa
1895 3468 2000 3523 Ca-

431 3558 550 3619 dent
595 3575 626 3608 η
670 3556 830 3610 latere
901 3567 989 3610 tuo
1045 3557 1210 3623 mille,
1240 3569 1286 3612 et
1341 3561 1514 3614 decem
1549 3561 1717 3614 millia
1745 3579 1778 3615 a
1807 3564 2002 3616 dextris

433 3645 636 3711 tuis”;
678 3649 744 3699 ad
778 3657 829 3700 te
861 3657 1040 3701 autem
1095 3664 1162 3702 ne
1207 3649 1362 3719 plaga
1414 3652 1629 3719 quidem
1681 3652 2001 3721 cujusquam

435 3738 608 3791 hostis
638 3738 1378 3808 appropinquabit,quoniam
1403 3742 1606 3812 angelis
1638 3744 1752 3798 suis
1782 3745 2005 3798 manda-

435 3828 514 3882 ltil
543 3829 607 3881 tle
636 3840 705 3887 te.

437 3920 584 3986 ξιῶν
609 3938 761 3976 σουο
796 3928 932 3995 πρὸς
969 3929 1025 3979 σὲ
1069 3926 1124 3979 δὲ
1169 3929 1287 3980 οὐδὲ
1341 3928 1519 3999 πληγὴ
1565 3945 1707 3991 τινος
1739 3928 1848 3980 τῶν
1895 3930 2005 4000 (86)

441 4017 569 4086 περὶ
593 4017 707 4070 σού.

512 4110 566 4164 li.
610 4107 772 4165 Vens.
811 4110 864 4168 9.
906 4110 1139 4173 (instate.
1174 4125 1219 4166 et
1248 4116 1414 4169 videte
1445 4116 1694 4184 quoniam
1736 4118 1908 4170 suavis
1935 4127 2008 4170 est

443 4201 720 4257 Dominus.
757 4202 939 4266 Multis
976 4205 1029 4257 in
1074 4204 1206 4260 locis
1253 4206 1679 4274 observavimus,
1731 4208 2012 4263 facultates

445 4294 638 4354 animae
687 4294 875 4349 iisdem
933 4296 1242 4351 nominibus
1293 4306 1456 4367 atque
1503 4307 1727 4354 externa
1776 4299 2014 4353 membra

448 4386 724 4454 appellari.
743 4387 876 4442 Cum
896 4397 1074 4443 autem
1098 4390 1353 4444 Dominus
1377 4400 1558 4444 noster
1574 4390 1728 4458 panis
1747 4407 1906 4445 verus
1923 4391 2014 4456 sit,

448 4479 633 4544 etejus
656 4493 783 4531 caro
814 4494 974 4533 verus
1008 4479 1196 4545 cibus;
1230 4495 1449 4535 necesse
1479 4491 1559 4535 est
1590 4481 1748 4552 14.9
1777 4483 2018 4551 voluptas

2107 3203 2266 3256 οἱονεὶ
2297 3200 2650 3271 περιτειχίζει
2690 3218 2747 3254 σε
2779 3198 3042 3252 πάντοθεν
3074 3199 3140 3267 τῇ
3175 3197 3268 3249 ἀπ’
3308 3191 3472 3247 αὐτοῦ
3509 3194 3683 3260 ἀσφα-

2109 3294 2248 3365 λείᾳ.
2291 3293 2461 3346 Τοῦτο
2490 3293 2599 3364 γὰρ
2646 3293 2898 3364 σημαίνει
2940 3291 3022 3354 τὸ,
3070 3291 3302 3353 Κύκλῳ.
3336 3288 3547 3356 ’Ὠσπερ
3575 3284 3682 3356 γὰρ

2112 3388 2159 3438 οἱ
2198 3385 2306 3438 τῶν
2335 3385 2542 3438 πόλεων
2592 3384 2887 3455 περίϐολοι,
2930 3382 3114 3452 κύκλῳ
3155 3380 3355 3442 πάσαις
3387 3377 3498 3450 (85)
3528 3394 3684 3447 περι-

2113 3477 2382 3547 κείμενοι,
2446 3476 2709 3530 πάντοθεν
2763 3476 2860 3540 τάς
2909 3475 3018 3528 τῶν
3056 3472 3329 3543 πολεμίων
3379 3469 3685 3542 προσὸολάς

2111 3570 2462 3639 ἀπείργουσιν
2486 3584 2500 3598 ⁸
2548 3567 2690 3621 ούτω
2733 3567 2827 3621 καὶ
2868 3569 2896 3619 6
2927 3565 3177 3634 ἄγγελος,
3217 3565 3312 3616 καὶ
3353 3559 3685 3633 προτειχίζει

2113 3662 2175 3713 ἐκ
2202 3661 2309 3713 τῶν
2359 3661 2691 3732 ἔμπροσθεν,
2724 3657 3289 3726 καὶόπισθοφυλακεί,
3345 3655 3438 3709 καὶ
3476 3653 3595 3706 οὐδὲ
3620 3652 3687 3704 τά

2113 3752 2454 3824 ἑκατέρωθεν
2485 3753 2769 3821 ἀφύλακτα
2799 3750 3136 3805 καταλείπει.
3165 3748 3261 3802 Διά
3295 3746 3456 3800 τοῦτο
3479 3743 3686 3798 Πεσεῐν

2115 3859 2208 3896 ται
2226 3844 2293 3896 ἐκ
2317 3845 2422 3898 τοῦ
2450 3846 2694 3909 κλίτους
2715 3859 2830 3896 σου
2856 3843 3072 3910 χιλιὰς,
3107 3842 3204 3894 καὶ
3243 3838 3460 3908 μιφιὰς
3496 3837 3563 3889 ἐκ
3596 3835 3688 3888 δε·-

2071 3935 2280 4008 ὲχθρῶν
2329 3939 2521 4005 ὲγγιεῖ,
2568 3938 2647 3989 ὅτι
2696 3939 2807 3999 τοῖς
2858 3935 3106 4003 ἀγγέλοις
3169 3931 3332 3985 αὐτοῦ
3399 3928 3689 3983 ἐντελεῖται

2187 4117 2238 4172 6.
2266 4117 2598 4176 Γεύσασθε,
2638 4113 2735 4166 καὶ
2762 4111 2915 4165 ἴδετε
2948 4111 3037 4163 ὅτι
3078 4107 3342 4178 χρηστὸς
3387 4107 3419 4158 ὀ
3451 4103 3687 4169 Κύριος.

2117 4207 2391 4277 Πολλαχοῦ
2446 4207 2870 4276 τετηρήκαμεν,
2925 4204 3005 4256 ὅτι
3060 4204 3174 4263 τοῖς
3231 4198 3423 4264 ἔξωθεν
3478 4194 3690 4266 μέλεσιν

2120 4299 2424 4369 ὁμωνύμως
2458 4298 2514 4350 αἱ
2538 4297 2637 4366 τῆς
2665 4295 2842 4365 ψυχῆς
2887 4289 3381 4364 προσαγορεύονται
3411 4287 3689 4356 δυνάμεις.

2138 4392 2288 4444 Ἐπεὶ
2320 4391 2376 4442 δὲ
2409 4390 2572 4461 ἄρτος
2601 4390 2745 4441 ἐστὶν
2778 4386 3030 4457 ἀληθινὸς
3063 4389 3090 4439 6
3115 4385 3317 4456 Κύριος
3338 4381 3515 4455 ημῶν,
3545 4379 3634 4432 καὶ
3657 4377 3693 4448 ἠ

2127 4485 2261 4554 σὰρξ
2293 4482 2456 4536 αὑτοῦ
2488 4482 2694 4552 ἀληθής
2719 4483 2835 4532 ἐστι
2861 4478 3062 4549 βρῶσις
3083 4494 3097 4509 ο
3130 4476 3342 4544 ἀνάγκη
3374 4473 3472 4544 τὴν
3499 4471 3692 4542 ήδονην

450 4575 559 4636 tem
607 4568 809 4624 laetitia:
841 4571 996 4640 panis
1025 4586 1124 4639 per»
1166 4579 1380 4638 gustum
1408 4572 1744 4639 spiritualem
1773 4572 1821 4625 in
1860 4573 1997 4626 nubi!

2121 4577 2220 4646 τῆς
2239 4575 2578 4646 εὐφροσύνης
2619 4573 2712 4627 τοῦ
2737 4573 2899 4644 ἄρτου
2941 4571 3030 4623 διὰ
3061 4569 3300 4639 γεύσεως
3333 4568 3464 4636 ἡμῖν
3497 4562 3695 4633 νοητῆς

451 4661 618 4730 gigni.
663 4661 1124 4728 Quemadmodum
1157 4665 1328 4720 mellis
1361 4675 1549 4720 natura
1580 4683 1684 4720 non
1727 4683 1879 4735 sequo
1908 4683 2022 4721 ser-

456 4768 632 4820 mone,
670 4771 734 4809 ac
754 4758 868 4823 ipso
907 4767 1092 4828 gustus
1126 4774 1284 4814 sensu
1322 4760 1562 4814 exhiberi
1596 4760 1892 4827 inexpertis
1925 4776 2020 4828 p0-

458 4850 563 4896 test
590 4858 604 4894 :
629 4843 710 4897 sic
751 4860 927 4914 neque
955 4848 1190 4903 caelestis
1228 4850 1377 4904 verbi
1431 4849 1641 4904 bonitas
1685 4849 2021 4903 documentis

456 4935 604 4990 clare
633 4938 827 5004 exponi
877 4949 1076 5005 potest,
1108 4940 1230 5005 nisi,
1264 4941 1604 5012 dogmatibus
1641 4941 1888 4994 veritatis
1909 4942 2023 4994 diu-

458 5025 565 5079 tius
586 5026 932 5093 examinatis,
962 5029 1255 5084 bonitatem
1290 5032 1499 5089 Domini
1542 5033 1807 5100 possimus
1843 5044 2020 5085 nostra

531 5143 577 5174 ⁵³
609 5142 752 5197 Psal.
787 5158 872 5206 xc,
907 5141 957 5195 7.

533 5279 646 5350 (8'5)
689 5278 780 5333 Sic
803 5290 1004 5345 septem
1036 5295 1164 5332 mss.
1203 5279 1273 5350 At
1306 5278 1431 5331 editi
1467 5293 1700 5350 φρονειν.
1732 5276 1849 5350 qu
1872 5277 2030 5350 quin-

463 5347 565 5418 que
616 5347 745 5407 mss.
791 5351 898 5404 ἀπὸ
945 5350 1153 5403 πασῶν.
1224 5349 1360 5402 Editi
1423 5351 1486 5418 ἐκ
1531 5347 1739 5418 πασῶν.
1795 5347 2032 5418 Subinde

465 5416 700 5490 Quinque
726 5438 853 5474 mss.
886 5420 1228 5486 δουλεύοντα..
1267 5419 1404 5477 Edili
1459 5417 1837 5471 δουλεύσαντα.
1897 5416 2030 5486 Reg.

466 5489 683 5556 quintus
715 5489 1068 5546 δουλωθέντα.

536 5560 646 5628 (8i)
671 5561 801 5631 Reg.
827 5561 1096 5617 secundus
1125 5559 1413 5630 ὲνέδραμε.
1433 5558 1566 5629 Reg.
1593 5559 1781 5613 tertius
1809 5557 2031 5628 ἔδραμε.

467 5630 585 5702 Alii
605 5647 741 5702 tuss.
761 5630 900 5688 ﬁcum
935 5633 1095 5685 editis
1125 5631 1421 5702 dvéﬁpape.

542 5699 652 5769 (?5)
686 5702 820 5758 Ε(ιὶιὶ
855 5711 905 5762 οι
937 5711 1045 5756 tres
1084 5719 1210 5757 mss.
1246 5697 1464 5765 πάσαις.
1488 5701 1591 5758 Alii
1622 5711 1730 5757 tres
1760 5715 1886 5754 mss.
1938 5697 2037 5752 πά-

471 5786 553 5849 σῃ.

2125 4669 2455 4736 ἐγγίνεσθαι.
2495 4669 2582 4730 Ὠς
2623 4666 2716 4718 τοῦ
2747 4665 2961 4736 μέλιτος
2987 4665 3019 4734 ἡ
3051 4661 3213 4731 φύσις
3238 4661 3297 4713 ού
3335 4655 3590 4710 τοσοῦτον
3616 4651 3694 4721 τῷ

2123 4759 2266 4828 λόγῳ
2290 4759 2511 4812 δύναται
2544 4759 2889 4829 παραστῆναι
2944 4756 3054 4827 (87)
3099 4757 3213 4816 τοῖς
3261 4751 3528 4820 ἀπείροις,
3571 4748 3694 4799 ὅσον

2124 4852 2411 4921 ἀπἀύτῆς
2457 4852 2555 4918 τῆς
2607 4850 2745 4902 κατά
2799 4848 2896 4919 τὴν
2929 4846 3116 4917 γεῦσιν
3145 4843 3477 4914 αἰσθήσεως’
3525 4837 3698 4899 οὓτως

2124 4943 2242 4993 οὐδὲ
2280 4943 2311 5011 ἡ
2347 4941 2649 5012 χρηστότης
2693 4939 2785 4992 τοῦ
2827 4938 3076 5008 οὐρανίου
3109 4936 3266 5003 λόγου
3301 4929 3547 5002 ἐναργῶς
3589 4946 3699 4981 πα-

2131 5035 2416 5104 ραδοθῆναι
2449 5031 2816 5093 διδασκαλίαις
2846 5029 2956 5100 (88)
2979 5029 3218 5088 δύναται,
3247 5025 3339 5079 ἐὰν
3377 5022 3471 5094 μὴ,
3505 5020 3574 5082 τά
3600 5019 3699 5087 τῆς

2210 5277 2318 5346 (86)
2353 5275 2425 5331 lta
2462 5277 2864 5348 quinquemss.
2895 5272 3058 5348 paulo
3089 5271 3243 5348 aliter
3271 5267 3463 5348 legitur
3507 5264 3667 5344 in‘em

2139 5335 2226 5408 Iis,
2254 5335 2352 5401 huc
2402 5335 2557 5402 tuo-d0
2594 5335 2776 5418 :17:pr
2812 5346 2869 5397 σὲ
2899 5343 2955 5418 δὲ
3000 5343 3104 5418 οὐκ,
3141 5341 3324 5418 έτῖιεξ,
3353 5335 3482 5418 οὐδὲ.
3517 5335 3661 5418 “an”

2136 5403 2278 5481 τινος
2308 5417 2440 5488 τῶν,
2469 5431 2574 5472 etc.
2624 5403 2772 5486 Reg:
2792 5413 3149 5488 tertiusﬂrzpqg
3182 5403 3340 5488 senas
3357 5405 3502 5488 ρύδξ
3518 5403 3662 5488 πληγ

2137 5507 2223 5554 τις
2248 5474 2378 5544 τῶν.
2416 5474 2535 5542 Mox
2570 5474 2827 5541 mssisex
2856 5487 2969 5547 τοῖς
2994 5474 3210 5547 ἔξωθεν.
3251 5477 3387 5532 Editi
3421 5479 3531 5538 τοῖς
3573 5474 3698 5539 ἔξω.

2139 5559 2255 5614 Mox
2281 5561 2385 5611 duo
2414 5576 2542 5613 mss.
2569 5557 2752 5627 ἐπειδὴ
2783 5557 3005 5629 ἇρτοςκ
3300 5618 3309 5629 ι

2208 5629 2322 5696 (87)
2353 5629 2482 5697 Reg.
2516 5624 3132 5699 ῳιὶιιιιιεπαραστῆσαι.
3169 5636 3274 5699 nou
3299 5624 3368 5699 ita
3397 5625 3568 5696 recte.

2213 5689 2322 5772 (88)
2359 5689 2459 5755 Sit.7
2478 5689 2680 5770 septem
2709 5689 3014 5752 mssflﬂditt'
3035 5689 3377 5750 διδασκαλίας
3397 5689 3592 5753 λόγοις.
