4008 6402
316 364 426 424 565

1457 366 1744 422 HOMILIA
1785 368 1849 422 IN
1891 368 2220 423 ΡδΑωιωι
2265 366 2500 421 χχχιιι.

3461 370 3565 427 386

314 487 572 558 ἀληθείας
597 487 845 556 δόγματα
891 486 983 541 ἐπὶ
1025 487 1183 542 πλέον
1221 488 1630 557 βασανίσαντες.
1657 488 1895 558 δυνηθῶ-

2022 504 2236 556 psorum
2273 488 2604 558 experientia
2635 486 3060 557 apprehendere.
3093 485 3313 542 ϐιαίου
3361 499 3560 553 autem,

318 592 421 646 μεν
454 577 520 646 τῇ
555 574 730 645 οἰκείᾳ
753 575 918 646 πείρᾳ
946 576 1044 646 τὴν
1073 576 1414 647 χρηστότητα
1443 577 1765 630 καταλαϐεῖν
1797 577 1890 629 τοῦ

316 666 546 738 Κυρίου.
567 667 890 735 ΔΓεύσιισθε
915 667 1002 731 δέ,
1045 666 1184 731 εἷπε,
1228 669 1323 721 καὶ
1355 669 1474 738 οὐχὶ
1505 669 1856 740 ἐμπλήσθητε
1875 685 1888 698 ·

315 758 454 813 διότι
482 757 576 812 νῦν
605 759 701 829 μὲν
725 760 790 811 ἐκ
818 761 1014 830 μέρους
1038 759 1400 830 γινώσκομεν,
1428 762 1519 814 καὶ
1537 761 1604 814 δι’
1629 762 1892 832 ἐσόπτρου

320 850 590 921 βλέπομεν
624 852 717 904 καὶ
749 850 1069 922 αἰνίγματος
1101 853 1200 923 τὴν
1221 853 1496 922 ἀλήθειαν·
1531 854 1650 922 ἣξει
1683 853 1737 905 δέ
1764 870 1895 906 ποτε

320 946 410 997 ὅτε
440 946 468 998 ό
487 943 583 997 νῦν
613 942 894 1015 ἀρραϐὼν,
922 945 1016 998 καὶ
1041 945 1103 998 τὸ
1128 945 1311 1015 γεῦμα
1346 945 1505 999 τοῦτο
1547 947 1644 1016 τῆς
1678 947 1896 1016 χάριτος

321 1039 404 1100 εἰς
453 1037 767 1108 τελειότητα
805 1040 935 1108 ἡμῖν
983 1039 1080 1108 τῆς
1136 1038 1487 1099 ἀπολαύσεως
1550 1038 1894 1108 καταντήσει.

322 1129 535 1199 Ὠσπερ
550 1129 606 1182 δὲ
629 1131 674 1181 οξ
696 1129 1092 1198 στομαχοῦντες
1109 1130 1202 1181 καὶ
1232 1130 1280 1181 oi
1313 1128 1605 1192 κακόσιτοι,
1631 1128 1898 1198 ἀποστρε-

325 1218 548 1288 φόμενοι
577 1218 643 1272 τὰ
681 1219 857 1284 σιτία,
893 1219 1000 1272 ὑπὸ
1030 1218 1136 1272 τῶν
1169 1219 1367 1292 ἰατρῶν
1412 1219 1804 1289 θεραπεύονται
1837 1219 1898 1270 τὸ

324 1310 672 1381 δυσάρεστον,
707 1311 1082 1382 διεγειρόντων
1118 1311 1216 1376 τὰς
1247 1311 1458 1384 ὀρέξεις
1488 1312 1579 1364 διόι
1608 1329 1752 1374 τινος
1781 1315 1899 1364 ἐπι-

324 1401 628 1473 τηδεύσεως
651 1403 752 1472 τῆς
783 1406 838 1455 ἐν
864 1406 974 1466 τοῖς
1002 1401 1304 1474 βρώμασιν,
1351 1404 1511 1467 ὥστε,
1547 1403 1651 1456 ὑπὸ
1682 1404 1778 1474 τῆς
1803 1420 1900 1456 κα-

331 1492 552 1563 ρυκείας
594 1492 808 1563 ἐκείνης
857 1492 1244 1564 ἐρεθιζομένης
1288 1498 1388 1564 τῆς
1429 1494 1768 1565 αίσθήσεως,
1815 1495 1900 1548 ἀεὶ

331 1584 463 1655 πρὸς
495 1585 553 1636 τὸ
589 1585 770 1637 πλεῖον
812 1585 920 1656 (89)
954 1587 1318 1641 ἐπιτείνεσθαι
1349 1588 1448 1651 τὰς
1476 1588 1719 1659 ὀρέξεις’
1760 1587 1902 1640 οὕτω

329 1678 424 1728 καὶ
449 1677 539 1728 ἐπὶ
570 1677 662 1728 τοῦ
691 1678 848 1746 λόγου
880 1679 980 1747 τῆς
1014 1679 1292 1750 ἀληθείας,
1328 1680 1495 1750 Αὐτὴ,
1541 1681 1724 1749 φησὶν,
1759 1680 1903 1749 ὑμᾶς

327 1770 362 1837 ἡ
383 1771 546 1839 πεῖρα
571 1769 705 1840 πρὸς
721 1770 782 1822 τὸ
801 1771 1095 1840 ἀκόρεστον
1120 1771 1219 1840 τῆς
1238 1771 1531 1842 ἐπιθυμίας
1551 1773 1637 1825 ἀεὶ
1663 1789 1902 1844 προσκα-

1998 583 2194 651 inquit,
2225 597 2331 636 non
2366 591 2544 634 autem
2576 581 2927 649 impleamini.
2965 577 3098 633 Nam
3159 596 3299 635 nunc
3348 581 3560 650 quidem

1996 688 2062 726 ex
2090 680 2244 740 parte
2269 671 2664 741 cognoscimus,
2699 681 2751 726 et
2779 687 2876 738 per
2907 672 3181 738 speculum
3227 687 3287 726 ac
3318 688 3409 740 per
3435 675 3567 728 τετιί-

1997 779 2118 834 gma
2173 763 2420 818 videmus
2471 763 2753 817 veritatem
2776 763 2823 795 “
2855 779 2866 814 :
2896 763 3080 818 veniet
3127 775 3304 817 autem
3356 774 3566 833 tempus

1996 868 2119 907 cum
2154 867 2392 921 praesens
2427 851 2684 916 arrhabo,
2717 860 2770 904 et
2795 851 2884 905 hic
2910 850 3096 920 gratim
3127 858 3312 919 gustus
3349 852 3414 904 ad
3444 866 3565 919 per-

1999 946 2195 1000 tectam
2237 943 2550 998 fruitionem
2588 943 2746 996 nobis
2771 951 3034 997 vertetur.
3088 941 3156 996 Ut
3213 941 3355 996 enim
3391 942 3427 996 ii
3469 943 3562 1011 qui

1999 1035 2284 1090 stomacho
2317 1035 2567 1088 laborant
2615 1044 2988 1103 nauseantque
3043 1045 3357 1088 aversantes
3391 1035 3562 1097 cibos,

1999 1129 2066 1182 ab
2101 1129 2200 1194 hac
2229 1128 2450 1182 molesta
2479 1127 2762 1182 affectione
2789 1133 3047 1180 curantur
3077 1142 3104 1178 a
3132 1125 3371 1190 medicis,
3396 1125 3440 1179 si
3471 1141 3567 1192 ap-

1967 1242 1973 1247 ·
2001 1221 2293 1288 petentiam
2330 1219 2568 1272 excitent
2598 1233 2692 1286 per
2720 1219 3009 1288 quemdam
3047 1218 3290 1271 ciborqu
3334 1233 3564 1286 appara-

2004 1322 2147 1375 tum;
2177 1312 2309 1364 adeo
2345 1322 2422 1375 ut,
2455 1326 2614 1365 sensu
2659 1325 2755 1378 per
2791 1311 2935 1364 illam
2965 1310 3301 1364 condituram
3333 1310 3563 1371 irritato,

2004 1404 2312 1471 appetentia
2347 1403 2521 1472 magis
2542 1417 2609 1457 ac
2638 1403 2812 1471 magis
2850 1418 3066 1472 semper
3085 1412 3346 1473 augeatur
3369 1419 3384 1457 :
3411 1403 3484 1456 ita
3515 1411 3568 1456 et

2001 1500 2056 1551 in
2083 1498 2250 1550 verbo
2275 1497 2538 1560 veritatis,
2575 1496 2712 1567 Ipsa,
2749 1499 2942 1566 inquit,
2965 1499 3299 1560 experientia
3329 1498 3394 1551 ad
3420 1497 3568 1551 insa-

1969 1581 1974 1586 ’
2006 1587 2242 1640 tiabilem
2275 1587 2575 1653 apperitum
2611 1602 2708 1641 vos
2742 1602 2956 1655 semper
2981 1589 3313 1656 provocabit.
3341 1588 3568 1649 idcirco.

2005 1681 2098 1741 ait,
2129 1675 2372 1740 Gustata,
2405 1689 2463 1731 ut
2496 1677 2634 1732 beati
2666 1680 2785 1732 sitis
2822 1694 3038 1747 semper
3065 1681 3364 1734 esurientes
3385 1680 3573 1734 sitien-

2007 1777 2194 1838 tesque
2216 1767 2504 1837 justitiam.
2531 1768 2728 1822 Beatus
2764 1771 2842 1823 vir
2879 1771 2969 1839 qui
3011 1780 3182 1838 sperat
3218 1771 3272 1824 in
3305 1787 3442 1824 eum.
3473 1771 3573 1836 Qui

331 1861 565 1914 λέσεται.
584 1861 684 1913 Διὰ
706 1861 884 1926 τοῦτο,
907 1864 1059 1932 φησι,
1079 1864 1408 1927 Γεύσασθε,
1426 1864 1511 1916 ἵνα
1545 1864 1800 1934 μακάριοι
1819 1864 1904 1931 γέ·-

2018 1863 2202 1931 μιείιει-
2239 1862 2387 1916 verbi
2411 1861 2679 1915 desiderio
2703 1871 2936 1925 tenetur,
2964 1863 3015 1915 in
3040 1862 3182 1915 nulla
3208 1877 3264 1914 re
3283 1863 3384 1915 alia
3412 1877 3572 1931 quam

334 1953 495 2024 νησθε
510 1954 594 2006 ἀεὶ
608 1953 900 2017 πεινῶντες
913 1957 1004 2007 καὶ
1016 1955 1275 2024 διψῶντες
1291 1955 1386 2026 τὴν
1405 1956 1770 2027 δικαιοσύνην.
1792 1960 1909 2010 Μα-

333 2045 528 2114 κάριος
556 2047 708 2115 ἀνὴρ
723 2046 790 2113 ὃς
805 2046 1025 2108 ἐλπίζει
1045 2049 1137 2101 ἐπ’
1157 2050 1360 2102 αὐτόν.
1382 2051 1437 2099 ’0
1464 2051 1550 2102 ἀεὶ
1573 2049 1630 2102 ἐν
1648 2048 1910 2119 ἐπιθυμίᾳ

332 2135 408 2189 ὢν
423 2135 514 2188 τοῦ
536 2135 712 2204 λόγου,
732 2138 980 2190 ἐπὀὑδὲν
998 2137 1182 2208 ἕτερον
1205 2139 1428 2208 θήσεται
1443 2139 1539 2208 τὴν
1563 2138 1797 2208 ἐλπίδαῆ
1817 2139 1910 2191 ἐπὶ

332 2226 424 2278 τὸν
453 2225 675 2296 Κύριον.
699 2225 996 2293 Φοϐήθητε
1025 2228 1129 2279 τὸν
1165 2229 1403 2295 Κύριον,
1429 2227 1650 2294 πάντες
1677 2231 1727 2281 οἱ
1756 2228 1909 2298 ἅγιοι

334 2318 520 2372 αὺτοῦ
541 2335 554 2350 °
586 2317 676 2371 ὅτι
704 2321 812 2372 οὐκ
838 2319 1008 2372 ἔστιν
1037 2319 1342 2388 ὑστέρτυια
1377 2320 1499 2385 τοῖς
1521 2319 1911 2388 φοϐουμένοις

337 2413 542 2464 αὐτόν.
587 2411 708 2464 Ἐὰν
740 2411 812 2482 μὴ
844 2412 1004 2480 φόϐος
1032 2413 1263 2486 παιδεύῃ
1291 2412 1444 2483 ἡμῶν
1481 2411 1577 2482 τὴν
1610 2412 1752 2482 ζωὴν
1777 2411 1909 2482 (90),

337 2503 615 2573 ἀμήχανον
642 2504 1050 2574 κατορθωθῆναι
1072 2506 1162 2558 τὸν
1186 2505 1455 2575 ὰγιασμὸν
1489 2505 1545 2556 ἐν
1576 2504 1654 2574 τῷ
1681 2502 1909 2575 σώματι.

338 2593 706 2660 Καθήλωσον
757 2595 886 2665 γὰρ,
943 2597 1094 2666 φησὶ.
1148 2597 1216 2650 ἐκ
1265 2597 1368 2650 τοῦ
1412 2599 1598 2664 φόϐου
1641 2613 1756 2650 σου
1808 2596 1914 2662 τὰς

339 2684 572 2752 σάρκας
599 2704 738 2755 μου.
793 2687 878 2750 Ὠς
905 2686 1012 2758 γὰρ
1055 2690 1101 2740 οἱ
1146 2687 1248 2740 ὑπὸ
1285 2688 1392 2740 τῶν
1425 2687 1568 2758 ἥλων
1615 2688 1915 2759 διαπεπαρ-

342 2777 498 2846 μένοι
539 2778 604 2831 τὰ
654 2779 788 2849 μέλη
833 2779 926 2832 τοῦ
984 2779 1233 2850 σώματος
1275 2781 1504 2850 ἀκίνητα
1552 2781 1733 2851 ἔχουσι
1781 2782 1915 2851 πρὸς

343 2871 642 2941 ἐνέργειαν,
672 2871 843 2935 οὕτως
871 2874 918 2925 οἱ
948 2873 1025 2944 τῷ
1057 2873 1186 2943 θείῳ
1216 2874 1365 2945 φόϐῳ
1397 2873 1495 2944 τὴν
1529 2875 1705 2944 ψυχὴν
1732 2891 1914 2927 κατει-

343 2963 608 3035 λημμένοι
666 2966 848 3020 πᾶσαν
889 2965 985 3036 τὴν
1040 2967 1103 3019 ἐκ
1151 2967 1258 3020 τῶν
1292 2965 1479 3020 παθῶν
1514 2967 1610 3036 τῆς
1643 2967 1916 3038 ἁμαρτίας

347 3056 622 3127 ἐνόχλησιν
655 3057 1026 3126 διαφεύγουσι.
1062 3058 1150 3128 Τῷ
1173 3055 1262 3112 οὖν
1293 3059 1609 3128 φοϐουμένῳ
1644 3059 1743 3111 οὐκ
1771 3059 1916 3112 ἔστιν

345 3149 666 3220 ὑστέρημα·
715 3151 983 3213 τουτέστι,
1027 3152 1162 3221 πρὸς
1216 3152 1468 3222 οὐδεμίαν
1517 3152 1717 3222 ἀρετήν
1769 3153 1915 3205 ἐστιν

347 3240 567 3311 ἐλλιπὴς
619 3243 648 3293 ὁ
686 3242 790 3293 ὑπὸ
835 3242 928 3295 τοῦ
983 3243 1145 3311 φόϐου
1193 3243 1301 3296 ἀπὸ
1330 3243 1508 3315 πάσης
1545 3243 1746 3314 ἀτόπου
1776 3241 1915 3314 πρά-

350 3332 482 3396 ξεως
510 3333 868 3404 κωλυόμενος,
906 3333 1038 3388 ἀλλὰ
1083 3335 1285 3398 τέλειός
1333 3335 1470 3398 ἐστι,
1530 3334 1754 3405 μηδενὸς
1807 3333 1916 3387 τῶν

350 3426 744 3480 ἐπιϐαλλόντων
788 3431 851 3499 τῇ
897 3428 1210 3500 ἀνθρωπίνη
1238 3429 1396 3497 φύσει
1424 3427 1602 3481 καλῶν
1628 3427 1918 3481 ἀπολειπό-

350 3535 532 3589 μενος.
563 3521 649 3583 Ὠς
674 3520 782 3592 γὰρ
811 3522 910 3573 οὐκ
944 3520 1058 3573 ἔστι
1082 3520 1284 3584 τέλειος
1312 3523 1368 3573 ἐν
1401 3519 1478 3590 τῷ
1507 3518 1722 3590 σώματι
1751 3519 1862 3589 (91)
1889 3521 1917 3571 ὁ

350 3611 408 3663 ἐν
433 3629 537 3665 τινι
573 3613 726 3684 μέρει
766 3614 872 3666 τῶν
906 3613 1220 3680 ἀναγκαίων
1249 3612 1612 3683 ἐλλιμπάνων,
1650 3611 1760 3665 ἀλλ’
1791 3612 1921 3664 ἀτε-

353 3703 452 3772 λής
494 3683 608 3757 ἐστι
649 3683 807 3758 καθ’
859 3705 887 3757 ὃ
941 3704 1206 3757 ἐλλείπειι
1261 3703 1403 3756 οὕτω
1443 3705 1534 3756 καὶ
1571 3706 1599 3756 ὁ
1634 3704 1761 3774 περὶ
1797 3703 1923 3772 μίαν

355 3796 464 3848 τῶν
523 3795 748 3849 ἐντολῶν
804 3794 1284 3868 καταφρονητικῶς
1341 3793 1696 3864 διακείμενος,
1741 3792 1827 3846 διὰ
1866 3792 1926 3844 τὸ

358 3887 604 3957 ὑστερεῖν
662 3887 851 3958 αὐτῆς,
912 3887 1104 3958 ἀτελής
1169 3890 1284 3941 ἐστι
1353 3886 1492 3938 κατὰ
1549 3886 1608 3938 τὸ
1662 3885 1922 3940 ἐλλεῖπον.

2009 1955 2061 2008 iu
2098 1953 2325 2009 Domino
2352 1969 2500 2022 spem
2538 1963 2778 2022 reponet.
2805 1952 2994 2023 (Vens.
3030 1953 3144 2024 10.)
3171 1952 3368 2006 Timete
3393 1952 3578 2006 Domi-

2009 2062 2159 2109 num,
2189 2062 2366 2100 omnes
2423 2047 2592 2099 sancti
2626 2049 2741 2115 ejus
2773 2059 2792 2096 :
2818 2045 3065 2114 quoniam
3113 2061 3216 2098 non
3264 2054 3340 2098 est
3400 2045 3578 2113 inopia

2009 2138 2307 2192 (iurantibus
2362 2154 2502 2192 eum.
2558 2137 2672 2192 Nisi
2722 2138 2882 2191 timor
2933 2137 3232 2192 instituerit
3283 2137 3446 2190 vitam
3483 2152 3580 2189 no-

2011 2229 2574 2295 stram,sanctimonia
2595 2231 2647 2283 in
2670 2243 2897 2298 corpore
2923 2230 3225 2298 comparari
3246 2244 3347 2282 non
3381 2239 3576 2297 potest,

2012 2321 2245 2392 Con/ige,
2297 2323 2488 2391 inquit,
2535 2324 2721 2375 timore
2768 2332 2857 2374 tuo
2888 2339 3071 2376 carnes
3111 2339 3250 2376 meas
3274 2323 3342 2377 ⁵⁸.
3377 2322 3579 2390 Quem-

2011 2415 2296 2469 admodum
2343 2415 2484 2470 enim
2514 2414 2605 2484 qui
2641 2414 2808 2468 clavis
2852 2415 3094 2468 transﬁxi
3145 2425 3291 2478 sunt,
3342 2415 3579 2468 membra

2012 2507 2256 2576 corporis
2295 2507 2360 2561 ad
2411 2508 2676 2576 agendum
2730 2508 3020 2563 immobilia
3069 2508 3416 2562 habentzsic
3449 2523 3584 2577 quo-

2015 2613 2130 2652 rum
2181 2597 2359 2651 anima
2408 2597 2594 2652 divino
2640 2598 2832 2653 timore
2885 2607 3132 2666 correpta
3162 2607 3268 2663 est,
3304 2599 3338 2652 ii
3371 2614 3582 2653 omnem

2015 2690 2476 2760 perturbationem
2520 2705 2586 2745 ex
2632 2692 2833 2760 peccati
2865 2690 3236 2746 ail‘ectionibus
3269 2691 3586 2760 provenieno

2019 2793 2123 2838 tem
2152 2783 2344 2838 vitant.
2364 2783 2595 2836 Timenti
2629 2784 2810 2854 itaque
2850 2799 2954 2838 non
2988 2792 3071 2838 est
3099 2783 3315 2851 inopia;
3350 2785 3452 2838 hoc
3478 2793 3584 2846 est,

2015 2875 2106 2943 qui
2135 2889 2231 2944 per
2255 2875 2502 2928 timorem
2530 2875 2598 2929 ab
2624 2875 2770 2929 omni
2796 2875 3047 2928 indecora
3079 2886 3133 2928 et
3159 2873 3391 2928 absurda
3417 2876 3586 2928 actio-

2018 2983 2084 3021 ne
2127 2977 2367 3032 arcetur,
2401 2968 2450 3022 ei
2501 2967 2634 3022 nihil
2676 2968 2829 3022 deest
2875 2969 2941 3022 ad
2979 2967 3272 3036 quamlibet
3308 2968 3585 3031 virtutem,

2019 3059 2112 3114 sed
2145 3060 2419 3128 perfectus
2449 3068 2554 3124 est,
2585 3059 2730 3114 nullo
2764 3060 2907 3114 bono
2939 3059 3186 3114 humanze
3211 3067 3417 3112 natura:
3455 3073 3586 3112 con-

1942 3191 1984 3248 Ο
2019 3152 2252 3207 venienti
2279 3151 2591 3205 destitutus.
2612 3149 2683 3205 Ut
2701 3151 2841 3204 enim
2865 3150 3136 3219 perfectus
3161 3150 3213 3204 in
3233 3164 3459 3217 corpore
3485 3163 3588 3200 nou

2020 3251 2126 3306 est,
2153 3242 2237 3296 cui
2271 3241 2452 3310 aliqua
2483 3256 2611 3309 pars
2662 3240 2966 3296 necessaria
3017 3241 3177 3305 desit,
3213 3239 3306 3293 sed
3338 3237 3590 3307 imperfe-

2021 3345 2140 3390 ctus
2165 3345 2248 3391 est
2279 3335 2571 3390 secundum
2599 3348 2718 3389 eam
2749 3348 2869 3402 quae
2897 3334 3047 3389 deest
3071 3343 3278 3402 partem
3301 3353 3313 3387 :
3333 3331 3404 3386 ita
3427 3331 3594 3384 etiam

2021 3429 2114 3498 qui
2172 3427 2259 3483 vel
2307 3441 2471 3480 unum
2543 3435 2872 3494 praeceptum
2922 3433 3266 3495 aspernatur,
3311 3430 3594 3492 propterea

2025 3520 2170 3588 quod
2208 3534 2276 3575 eo
2327 3527 2502 3585 caret,
2539 3519 2886 3588 imperfectus
2934 3526 3020 3572 est
3046 3517 3196 3586 juxta
3242 3515 3294 3569 id
3323 3515 3466 3584 quod
3499 3515 3595 3568 dc-

2032 3612 2164 3666 licit.
2193 3611 2418 3675 Contra,
2465 3609 2560 3679 qui
2611 3609 2908 3678 perfectum
2945 3610 3192 3664 timorem
3232 3607 3485 3676 suscepit,
3533 3621 3598 3659 ac

2029 3702 2211 3756 omnia
2245 3701 2398 3756 timet
2428 3701 2820 3769 circumspecto
2837 3709 3004 3765 metu,
3030 3700 3162 3755 nihil
3187 3699 3452 3769 peccabit,
3475 3713 3597 3751 cum

2035 3791 2168 3845 nihil
2202 3799 2562 3857 contemnat;
2597 3790 2834 3859 inopiam
2877 3799 3054 3845 autem
3109 3803 3214 3842 non
3267 3787 3598 3855 experietur,

2033 3883 2288 3951 quoniam
2314 3891 2572 3951 perpetuo
2604 3881 2651 3936 ei
2684 3881 2837 3935 adest
2869 3880 3030 3933 timor
3064 3880 3116 3932 in
3151 3877 3420 3931 omnibus.

369 3980 428 4032 ὐ
485 3979 543 4032 δὲ
599 3981 689 4032 τὸν
739 3980 941 4034 τέλειον
1009 3979 1169 4049 φόϐον
1234 3978 1575 4050 ἀνειληφὼς,
1639 3979 1732 4031 καὶ
1785 3980 1959 4031 πάντα
2029 3976 2426 4045 καταπτήσσων
2485 3974 2555 4028 δι’
2620 3973 2922 4035 εὐλάϐειαν,
2987 3971 3136 4024 οὐδὲν
3198 3970 3294 4040 μὲν
3354 3970 3603 4039 ἁμαρτή-

362 4091 515 4127 σεται
570 4075 648 4147 τῷ
717 4075 942 4147 μηδενὸς
1006 4078 1312 4147 ὑπερορᾷνο
1384 4077 1479 4145 οὐχ
1545 4075 1654 4141 ἔξει
1711 4074 1768 4127 δὲ
1819 4073 2123 4144 ὑστέρημα,
2192 4071 2269 4140 τῷ
2311 4070 2404 4125 ἐπὶ
2453 4071 2627 4124 πάντα
2681 4069 2920 4140 διαρκῶς
2990 4070 3238 4138 παρεῖναι
3315 4065 3462 4135 αὐτῷ
3513 4065 3604 4117 τὸν

361 4167 544 4238 φόϐον.

431 4261 484 4315 7.
514 4262 803 4316 Πλούσιοι
836 4261 1224 4329 ἐπτώχευσαν
1257 4261 1354 4314 καὶ
1387 4261 1747 4314 ἐπείνασαν·
1783 4263 1836 4313 οἱ
1868 4258 1936 4312 δὲ
1968 4261 2010 4314 D

359 4350 745 4418 ἐκζητοῦντες
800 4350 908 4403 τὸν
971 4351 1189 4416 Κύριον
1246 4351 1358 4402 οὐκ
1420 4346 1935 4412 ἐλαττωθήσονται

360 4441 589 4505 παντὸς
633 4442 876 4510 ἀγαθοῦ.
915 4440 1278 4510 Οἰκοδομείτω
1327 4440 1424 4510 μὲν
1470 4441 1615 4508 ἡμᾶς
1657 4438 1750 4492 καὶ
1802 4439 1936 4509 πρὸς

359 4534 459 4602 τὴν
486 4535 886 4605 καταφρόνησιν
929 4531 1031 4589 τοῦ,
1066 4531 1377 4603 σωματικοῦ
1415 4531 1642 4585 πλούτου
1760 4531 1934 4599 λόγος,

363 4627 426 4680 τὸ
459 4627 712 4683 ἀϐέϐαιον
753 4629 850 4698 τῆς
892 4627 1000 4679 τῶν
1045 4626 1342 4697 χρημᾲτων
1372 4624 1686 4696 περιουσίας
1727 4624 1936 4677 exstas-

367 4740 534 4776 σκων.
560 4720 990 4792 Εὐμετὰπτωτος
1018 4718 1124 4787 γὰρ
1150 4720 1178 4769 ὁ
1208 4716 1454 4778 πλοῦτος,
1482 4717 1576 4775 καὶ
1597 4715 1756 4767 οἱονεὶ
1788 4713 1938 4784 κῦμα

441 4877 813 4942 l"‘lCor.xm,
850 4878 935 4932 12.
1011 4876 1057 4908 δ’
1089 4873 1228 4930 Psal.
1255 4889 1440 4935 cxvm,
1475 4871 1596 4926 ίὲθ.

443 5035 556 5106 (89)
582 5034 674 5103 Ita,
713 5033 950 5104 quinque
1003 5046 1132 5086 mss.
1185 5029 1322 5084 Editi
1356 5046 1485 5085 vero
1522 5029 1658 5101 πρδς
1687 5027 1746 5080 τὺ
1788 5026 1938 5078 πλεῖο

376 5127 438 5163 στ
443 5125 519 5160 ον.
1067 5154 1069 5157 .

447 5178 558 5248 (90)
597 5173 845 5230 Nonnulli
903 5187 1032 5228 mss.
1097 5169 1259 5241 φόϐος
1308 5171 1467 5242 ἡμῶν
1527 5167 1772 5224 παιδεύει
1847 5167 1943 5240 τὴν

375 5249 540 5318 ζωήν·

449 5309 558 5389 (91)
583 5317 764 5389 Editio
786 5314 957 5389 Pa_ris_.
985 5313 1188 5389 τέλειος
1221 5314 1277 5367 ἐν
1301 5311 1377 5389 τῷ
1407 5311 1643 5389 σώματι,
1677 5309 1936 5389 perfectus

378 5408 427 5441 ιη
454 5377 700 5456 ’σθένοι-ε,
726 5386 901 5456 Editio
927 5384 1089 5456 Basil.
1112 5394 1167 5438 et
1191 5377 1376 5456 nostri
1399 5377 1645 5456 undecim
1679 5377 1835 5432 ‘mss.
1859 5377 1939 5456 τέ·

377 5461 519 5523 λειος
545 5449 601 5514 ἐν
631 5455 707 5527 τῷ
735 5455 944 5528 Κυρίῳ,
967 5455 1220 5528 perfectus
1255 5454 1308 5506 in
1338 5452 1582 5506 Domino.
1616 5451 1671 5504 In
1697 5465 1804 5528 quo
1838 5449 1940 5528 pri-

381 5520 526 5584 mum
564 5520 731 5583 miror
759 5520 1470 5587 lectionem'Basileensetn,
1512 5538 1672 5590 quam
1705 5520 1936 5588 ineptis-

381 5603 572 5654 simam
595 5613 713 5653 esse
739 5611 895 5650 nemo
923 5595 1268 5658 iuticiahitur,
1301 5595 1350 5647 in
1393 5602 1470 5647 tot
1512 5591 1786 5645 codicibus
1830 5598 1936 5640 tam

382 5679 696 5724 constanter
725 5666 947 5732 reperiri
973 5681 985 5717 :
1014 5663 1224 5730 deinde,
1256 5679 1358 5732 qua
1392 5663 1938 5732 auctoritatetquove

387 5741 693 5793 testimonio
721 5727 921 5792 editum
945 5735 1012 5789 sit
1034 5751 1062 5788 a
1083 5727 1425 5804 typographis
1454 5727 1935 5804 l‘arisiensihusév

385 5810 865 5884 τ‹ξ›σὼματι,ευιιι
903 5804 1016 5875 ejus
1065 5801 1309 5862 lectionis
1364 5820 1625 5872 nusquam
1690 5801 1790 5860 ulla
1846 5803 1936 5858 liat

2112 4257 2163 4310 7.
2199 4255 2362 4308 Vens.
2399 4254 2486 4308 Η.
2537 4251 2729 4306 Divite:
2767 4259 3016 4319 eguerunt
3057 4258 3106 4302 et
3159 4247 3483 4308 esuriertml;
3525 4245 3609 4298 iu-

2040 4350 2299 4420 quirentes
2322 4355 2494 4398 autem
2528 4343 2805 4396 Dominum
2833 4357 2934 4394 non
2961 4340 3262 4392 minuentur
3287 4337 3430 4390 omni
3455 4337 3603 4390 bono.

2043 4439 2140 4493 llic
2187 4450 2368 4490 sermo
2413 4432 2756 4486 abundantiae
2812 4429 3136 4499 pecuniariae
3195 4426 3608 4482 inconstantiam

2043 4532 2302 4592 edocens,
2336 4541 2434 4580 nos
2465 4523 2628 4578 etiam
2661 4523 2727 4578 ad
2769 4521 3079 4591 corporales
3109 4519 3325 4575 divitias
3346 4531 3610 4588 spernen-

2045 4622 2141 4674 das
2180 4619 2429 4675 aediﬁcet.
2463 4615 2594 4671 Nam
2649 4614 2807 4670 facile
2848 4613 3159 4669 dilabuntttr
3189 4612 3406 4673 divitiae,
3441 4619 3496 4664 et
3523 4610 3609 4664 in-

2043 4724 2158 4768 star
2198 4712 2353 4766 unda:
2411 4710 2461 4763 vi
2500 4718 2783 4764 ventorum
2844 4706 2948 4761 huc
2984 4705 3110 4760 illuc
3136 4705 3309 4760 solent
3348 4701 3610 4759 diﬂluere.

2050 5024 2270 5088 mentio,
2308 5038 2483 5091 neque
2511 5021 2649 5090 apud
2691 5020 3207 5091 Dnemum,__neque_
3237 5015 3399 5091 (quod
3440 5013 3611 5091 _eq_ui-

2049 5101 2168 5149 deut
2196 5083 2559 5163 scianufnpud'
2580 5105 2904 5161 quemquam
2936 5083 3120 5163 aliuth
3178 5083 3453 5163 suspicari
3495 5083 3617 5163 for-

2053 5178 2196 5220 tasse
2251 5155 2782 5234 possit'quispiam,
2810 5175 2976 5212 unum
3023 5158 3263 5234 aliquem
3311 5155 3605 5234 librarium

2054 5224 2310 5305 scriptu'm
2347 5224 2616 5302 reperisse
2643 5232 2692 5284 in
2717 5224 3198 5305 aliqttocodiceléy
3229 5224 3368 5305 χρῷ,
3404 5225 3459 5277 in
3487 5239 3617 5305 ηερε·-

2051 5292 2195 5372 pore,
2229 5305 2322 5362 sed
2353 5292 2421 5361 de
2464 5320 2582 5369 suo,
2606 5301 2747 5375 quod
2804 5292 2916 5375 vitii
2972 5297 3177 5375 aliquid
3204 5292 3447 5375 subesse
3486 5292 3619 5375 falso

2045 5363 2409 5438 existimaret,
2469 5363 2666 5442 pro's'v
2725 5369 2842 5442 χρῷ
2896 5363 3138 5438 posuisse
3201 5363 3616 5446 éV-.Tt;).Kup.';tp,

2049 5447 2281 5515 hincque
2315 5433 2513 5515 factum
2544 5433 2915 5515 essetti'er'ror
2945 5455 3011 5494 ex
3045 5436 3359 5515 uuo__co_tI-ice
3396 5433 3619 5515 inalios

2046 5531 2164 5571 sese
2195 5506 2566 5574 iransfuderit.
2597 5511 2664 5567 Ut
2693 5522 2744 5564 ιιι
2778 5512 2890 5565 haec
2931 5518 3077 5568 sunt,
3107 5506 3239 5559 nihil
3269 5507 3321 5557 iu
3355 5513 3619 5557 contextu

2047 5589 2358 5640 mutandum
2393 5584 2721 5642 censuimus.
2759 5582 2834 5634 Eo
2877 5580 3068 5643 magis.
3110 5577 3249 5644 quod
3288 5575 3360 5644 ad
3402 5588 3620 5644 sensum

2046 5658 2176 5710 nihil
2216 5641 2435 5719 referat,
2469 5657 2580 5709 sive
2630 5656 2684 5706 ἐν
2746 5651 2883 5723 χρῷ,
2928 5641 3039 5702 siit:
3177 5645 3253 5717 τῷ
3300 5642 3510 5718 σώματι
3547 5641 3621 5702 le.-

2047 5745 2204 5797 geris.
