4008 6402
439 343 549 397 367

1751 354 1809 410 S.
1852 356 2098 412 BASILH
2138 360 2353 417 MAGNI

3588 364 3706 423 368

433 462 540 515 Aut
571 461 709 517 forte
747 464 912 519 etiam
951 467 1174 523 divitem
1198 470 1329 525 dicit
1352 470 2007 541 populumlsraeliticum,

2121 480 2219 531 ὑπὸ
2247 482 2345 551 τῆς
2369 483 2479 551 (92)
2517 482 2637 551 βίας
2668 482 2776 533 τῶν
2810 481 3026 552 ἀνέμων
3059 480 3243 535 ἄλλοτε
3278 481 3413 551 πρὸς
3436 480 3573 534 ἄλλα
3606 482 3710 553 μέν

433 566 663 619 quorum
698 565 782 608 est
806 558 1024 626 adoptio
1064 576 1127 615 ac
1157 560 1374 617 divinus
1397 563 1593 628 cultus,
1622 580 1850 633 quorum
1886 579 2011 622 sunt

435 644 845 713 promissiones,
880 664 946 703 ex
998 652 1195 719 quibus
1230 663 1358 708 sunt
1396 665 1576 724 patres
1603 656 1670 711 “.
1716 656 1777 710 Hi
1828 658 2012 728 itaque

433 734 503 784 nli
537 747 818 804 peccatum
853 741 903 795 iu
948 742 1230 799 Dominum
1264 747 1561 802 admissum
1594 762 1881 817 eguerunt.
1908 752 2010 818 Qui

438 841 566 880 vero
599 828 810 884 illorum
846 832 963 889 loco
1009 835 1369 905 iuquisierunt
1408 840 1713 907 Dominum,
1748 858 1852 896 non
1900 844 2011 896 mi-

438 931 672 973 nuentur
730 925 877 978 omni
926 926 1085 983 bono.
1134 929 1293 1000 150
1336 931 1611 1001 Egueruut
1649 946 1827 989 autem
1879 953 2011 1006 quo-

436 1011 724 1067 dummodo
762 1026 816 1070 et
844 1019 1175 1075 esurieruut.
1219 1021 1514 1092 Postquam
1537 1028 1681 1081 enim
1712 1044 1901 1098 panem
1927 1031 2010 1084 vi-

441 1115 505 1158 ta:
530 1106 575 1137 ⁸⁷
603 1106 1014 1177 interfecerunt,
1050 1115 1199 1169 venit
1229 1131 1394 1186 super
1429 1118 1574 1187 ipsos
1617 1120 1788 1176 {alites
1814 1123 1965 1190 panis
1990 1141 2003 1177 :

438 1208 489 1248 ιιι
522 1207 801 1268 postquam
841 1201 969 1257 fonti
1006 1220 1159 1273 aqua:
1193 1208 1329 1263 vivae
1373 1210 1419 1242 ⁵⁸
1464 1221 1711 1266 struxere
1764 1213 2005 1278 insidias,

438 1293 668 1347 accessit
709 1294 776 1349 ad
806 1295 925 1351 illos
955 1298 1099 1364 sitis,
1125 1315 1190 1355 ac
1236 1303 1560 1372 supplicium
1614 1305 1735 1361 sitis
1762 1306 1903 1375 ipsos
1928 1309 2009 1362 in.

436 1383 619 1437 vasit:
662 1384 831 1443 fames
878 1400 1080 1455 autem,
1127 1408 1231 1445 non
1278 1396 1433 1462 panis
1489 1398 1793 1460 sensibilis,
1832 1415 2008 1467 neque

434 1475 551 1527 sitis
595 1490 768 1545 aqua),
813 1479 905 1534 sed
943 1481 1112 1536 fames
1164 1484 1415 1539 audiendi
1448 1488 1668 1540 verbum
1705 1489 1908 1542 Domini
1941 1490 2005 1543 ⁵³.

439 1564 703 1633 riguerunt
728 1569 899 1639 itaque
919 1584 964 1624 et
999 1573 1317 1630 esurierunt.
1356 1575 1425 1628 At
1453 1592 1578 1631 vero
1611 1578 1702 1647 qui
1734 1594 1799 1632 ex
1833 1582 2008 1650 genti-

436 1659 533 1712 bus
572 1659 855 1717 Dominum
889 1665 1164 1735 inquirere
1193 1669 1519 1734 didicerunt,
1550 1686 1656 1724 non
1698 1672 2009 1727 minuentur

436 1751 543 1807 ullo
579 1755 736 1810 bono.
770 1755 1077 1813 Perfectum
1112 1762 1333 1815 omnino
1369 1764 1564 1817 bonum
1596 1762 1738 1819 Deus
1770 1764 1882 1834 ipse
1903 1776 2007 1829 est,

2119 591 2185 644 ρη
2219 573 2477 643 πεφυκὼς
2508 577 2818 646 μεταρρεῖν.
2854 575 2965 627 Καὶ
2996 573 3244 627 πλούσιον
3273 572 3418 640 λέγει
3443 573 3583 643 τάχα
3606 573 3708 627 τὸν

2129 668 2376 738 Ἰσραήλ·
2408 662 2483 720 ὧν
2512 670 2545 738 ή
2579 667 2821 722 υἱοθεσία
2856 667 2950 720 καὶ
2980 669 3011 737 ὴ
3042 667 3284 737 λατρεία,
3328 660 3405 719 ὧν
3435 668 3488 717 αἱ
3522 669 3706 731 ὲτ-,αγο

2116 758 2311 827 γελίαι,
2344 756 2403 821 ἐξ
2424 751 2499 810 ὧν
2526 760 2573 811 οἱ
2602 758 2854 828 πατέρες.
2884 752 3042 810 Οὗτοι
3068 756 3245 809 τοίνυν
3269 754 3357 808 διά
3381 756 3477 824 τὴν
3505 756 3585 816 εἰς
3606 753 3710 806 τὸν

2116 846 2319 916 Κύριον
2348 847 2622 918 ἁμαρτίαν
2648 846 3014 916 ὲπτὼχευσαν.
3044 847 3105 899 Oi
3133 846 3189 898 δὲ
3218 846 3331 899 ἀντ’
3360 844 3581 897 ἐκείνων
3605 844 3711 894 ἐκ-

2116 937 2447 1008 ζητήσαντες
2490 940 2578 992 τὸν
2610 938 2812 1010 Κύριον
2856 939 2954 991 οὐκ
2995 938 3456 1008 ὲλαττωθήσονται
3499 936 3709 998 παντὸς

2116 1031 2342 1099 ἀγαθοῦ.
2394 1030 2776 1101 Ἐπτιὲχευσαν
2828 1030 2884 1083 δέ
2934 1048 3050 1092 πως
3099 1030 3192 1082 κα).
3228 1029 3339 1099 (95)
3381 1029 3703 1082 ἐπείνασαν.

2128 1124 2344 1195 Ἐπειδὴ
2378 1125 2483 1194 γὰρ
2518 1123 2844 1176 ἀπέκτειναν
2885 1123 2975 1175 τὸν
3006 1123 3168 1193 ἄρτον
3200 1123 3298 1191 τῆς
3333 1122 3499 1191 ζωῆς,
3532 1116 3709 1191 ἦλθεν

2115 1215 2201 1268 ἐπ’
2232 1217 2426 1279 αὐτοὺς
2448 1217 2475 1267 ὁ
2505 1216 2661 1287 λιμὸς
2692 1217 2786 1269 τοῦ
2814 1218 2976 1287 ἄρτου
3000 1233 3013 1246 ο
3048 1216 3141 1269 καὶ
3165 1213 3348 1284 ἐπειδὴ
3376 1213 3706 1267 ἐπεϐούλευ-

2118 1326 2215 1362 σαν
2247 1310 2312 1378 τῇ
2346 1310 2492 1378 πηγῇ
2521 1307 2615 1360 τοῦ
2646 1308 2834 1371 ὕδατος
2860 1306 2954 1359 τοῦ
2982 1306 3200 1371 ζῶντος,
3242 1302 3405 1377 ἦλθεν
3448 1306 3636 1368 αὐτοῖς
3665 1306 3705 1376 ἡ

2114 1400 2263 1468 δίψα.
2303 1400 2397 1452 καὶ
2430 1399 2660 1470 ἐπετέθη
2697 1400 2807 1469 (94)
2832 1400 3012 1462 αὐτοῖς
3046 1400 3077 1468 ἡ
3109 1401 3172 1452 ἐκ
3214 1398 3311 1468 τῆς
3342 1397 3499 1468 δίψης
3533 1397 3707 1449 κόλα-

2118 1509 2201 1557 σις
2222 1510 2234 1522 ⁸
2263 1492 2418 1562 λιμὸς
2442 1492 2499 1545 δὲ
2531 1492 2649 1561 οὐχ).
2670 1492 2833 1562 ἄρτου
2857 1490 3136 1561 αἰσθητοῦ,
3165 1490 3286 1543 οὐδὲ
3320 1489 3446 1559 δίψα
3481 1489 3701 1552 ὓδατος,

2116 1586 2251 1641 ἀλλά
2272 1586 2428 1655 λιμὸς
2448 1586 2541 1641 τοῦ
2565 1585 2795 1639 ἀκοῦσαι
2826 1585 2981 1653 λόγον
3005 1584 3229 1655 Κυρίου.
3273 1583 3705 1651 Ἐπτώχευσαν

2110 1680 2227 1750 μὲν
2258 1674 2371 1734 οὖν
2409 1679 2505 1731 καὶ
2537 1678 2885 1731 ἐπείνασαν.
2933 1678 2993 1730 Οἱ
3026 1676 3205 1747 μέντοι
3235 1676 3342 1728 ἀπὸ
3370 1675 3478 1727 τῶν
3523 1674 3703 1728 ἐθνῶν

2121 1771 2382 1841 μαθόντες
2415 1768 2661 1839 ὲκζητεῖν
2708 1769 2798 1821 τὸν
2846 1768 3049 1839 Κύριον
3089 1767 3188 1820 οὐκ
3230 1766 3701 1836 ὲλαττωθήσογται

434 1859 542 1911 quo
580 1862 687 1900 non
720 1849 1030 1904 minuentur
1057 1862 1317 1922 quotquot
1346 1857 1643 1923 exquirunt
1672 1830 1865 1927 ipsum.
1893 1857 2007 1913 Non

2121 1830 2315 1925 παντὸς
2344 1830 2568 1930 ἀγαθοῦ.
2608 1861 2681 1913 Τὸ
2719 1830 3027 1913 παντέλειον
3049 1857 3251 1927 ἀγαθὸν
3288 1858 3450 1921 αὑτός
3487 1830 3634 1910 ἐστιν
3668 1860 3701 1911 ὁ

435 1936 578 1989 enim
637 1939 767 1993 milii
822 1941 1089 2010 quispiam
1127 1946 1449 2011 ineruditus,
1478 1949 1570 2018 qui
1602 1965 1915 2019 perversum
1945 1954 2012 2007 de

437 2024 576 2081 bono
603 2044 667 2082 ac
718 2032 858 2086 malo
881 2032 1144 2100 judicium
1174 2037 1331 2104 ferat,
1358 2040 1554 2094 bonum
1594 2043 1835 2098 nominet
1866 2060 2009 2107 eum,

439 2118 525 2186 qui
558 2119 877 2188 voluptatem
916 2128 1300 2196 temporariam
1337 2140 1501 2202 atque
1529 2149 1635 2187 una
1658 2150 1782 2190 cum
1819 2151 2012 2205 corpo-

436 2210 511 2264 ris
541 2214 886 2283 corruptione
932 2228 1302 2277 transeuntem
1348 2225 1530 2280 habet.
1572 2226 1674 2294 Qui
1704 2229 1849 2284 enim
1896 2245 2015 2284 cor-

435 2318 627 2371 poreas
654 2321 784 2375 opes
813 2318 867 2363 et
910 2314 1300 2382 prterogativas
1330 2318 1640 2387 corporales
1666 2319 1717 2373 in
1767 2320 1891 2375 boni
1926 2338 2015 2375 or-

436 2398 613 2452 dinem
683 2402 908 2471 redigit,
948 2404 992 2458 is
1044 2409 1399 2463 reverendum
1456 2421 1512 2465 et
1559 2410 1658 2466 soli
1713 2412 1822 2468 Deo
1885 2428 2014 2468 con-

440 2491 662 2549 veniens
712 2510 908 2551 nomen
968 2500 1033 2552 ad
1091 2515 1180 2557 res
1234 2502 1369 2557 viles
1418 2513 1475 2559 et
1529 2505 1726 2561 nullius
1753 2508 2012 2562 momenti

438 2583 712 2648 transfert.
746 2597 800 2643 et
824 2589 984 2645 simul
1011 2593 1064 2646 in
1089 2597 1531 2651 contrarietatem
1566 2598 1772 2655 incidet
1805 2601 2015 2671 gravis-

436 2675 649 2731 simam.
695 2678 799 2733 Aut
840 2681 985 2735 enim
1023 2684 1166 2738 dicet
1211 2687 1507 2755 apostolos,
1537 2698 1823 2759 propterea
1870 2694 2012 2761 quod

440 2781 546 2824 non
602 2769 963 2838 inquisierunt
1020 2772 1341 2843 Dominum,
1395 2788 1679 2833 assecutos
1728 2795 1837 2834 non
1893 2796 2014 2835 esse

440 2862 741 2929 corporalia
766 2863 907 2919 bona
948 2882 963 2919 :
992 2877 1086 2920 aut
1111 2868 1155 2923 si
1181 2884 1303 2923 eum
1332 2871 1690 2941 inquirentes,
1718 2873 1844 2928 talia
1873 2876 2014 2929 bona

440 2964 545 3004 non
570 2966 972 3024 compararunt,
992 2956 1329 3029 Scripturam
1367 2960 1535 3030 ipsam
1567 2965 1866 3030 accusabit,
1897 2981 2016 3034 qua:

440 3042 570 3096 dicit
597 3036 693 3099 eos
730 3047 821 3115 qui
863 3047 1153 3105 Dominum
1198 3052 1501 3122 inquirunt,
1531 3055 1674 3110 bono
1735 3057 1880 3113 nullo
1918 3059 2014 3112 de-

2115 1952 2245 2015 Θεός
2266 1970 2279 1982 ο
2313 1944 2373 2004 οῦ
2396 1952 2495 2004 οὐκ
2527 1950 2986 2021 ὲλαττωθήσονται
3020 1950 3217 2012 πάντες
3255 1951 3302 2001 oi
3339 1948 3699 2017 ἐκζητοῦντες

2114 2045 2292 2099 αὐτόν.
2321 2044 2412 2115 Μὴ
2453 2047 2561 2114 γάρ
2602 2043 2692 2113 μοί
2724 2060 2806 2105 τις
2842 2042 3183 2106 ἀπαίδευτος,
3215 2041 3523 2112 ἀδιάκριτον
3551 2041 3701 2110 ἔχων

2124 2135 2204 2187 ιὸν
2236 2135 2362 2205 περὶ
2394 2134 2486 2188 τοῦ
2514 2131 2720 2202 ἀγαθοῦ
2764 2133 2858 2185 καὶ
2895 2130 3065 2185 κακοῦ
3111 2132 3275 2184 τόπον
3315 2131 3448 2203 (95),
3488 2131 3701 2198 ἀγαθὸν

2113 2225 2424 2297 ὀνομαζέτω
2500 2228 2589 2279 τὸν
2655 2225 2986 2298 πρόσκαιρον
3046 2224 3235 2295 ἔχοντα
3295 2224 3392 2295 τὴν
3447 2224 3699 2278 ἀπόλαυ-

2116 2335 2200 2371 σιν
2232 2317 2343 2388 (96)
2396 2317 2491 2370 καὶ
2522 2319 2587 2387 τῇ
2636 2316 2812 2387 φθορᾷ
2857 2315 2949 2368 τοῦ
2996 2314 3243 2385 σώματος
3281 2317 3697 2386 συναπερχομέ-

2113 2428 2230 2481 νην.
2266 2413 2323 2464 Ὀ
2346 2411 2452 2483 γὰρ
2478 2410 2570 2464 τὸν
2594 2408 2901 2479 σωματικὸν
2931 2407 3159 2461 πλοῦτον
3189 2408 3282 2461 καὶ
3309 2407 3374 2461 τὰ
3406 2408 3698 2478 σωματικὰ

2116 2505 2504 2574 προτερήματα
2538 2502 2617 2563 είς
2646 2503 2743 2571 τὴν
2772 2500 2864 2554 τοῦ
2894 2499 3100 2569 ἀγαθοῦ
3125 2499 3277 2565 τάξιν
3304 2502 3583 2567 κατάγων.
3609 2502 3694 2565 είς

2116 2594 2414 2665 πράγματα
2444 2592 2632 2661 εὐτελῆ
2654 2592 2747 2645 καὶ
2776 2591 2985 2654 οὐδενὸς
3017 2591 3177 2660 λόγου
3209 2591 3335 2656 ἄξια
3363 2592 3483 2659 ἄγει
3510 2591 3572 2643 τὸ
3606 2608 3695 2643 σε-

2119 2685 2247 2756 μνὸν
2271 2684 2363 2737 καὶ
2390 2683 2536 2753 μόνῳ
2571 2681 2689 2752 Θεῷ
2724 2682 2928 2754 πρέπον
2961 2682 3149 2753 ὄνομα,
3175 2685 3269 2736 καὶ
3299 2683 3413 2752 ἅμα
3439 2682 3696 2735 ἐναντιώ-

2119 2794 2246 2847 ματι
2277 2773 2641 2845 χαλεπωτάτῳ
2665 2776 3060 2845 περιπεσεῖται.
3088 2774 3157 2825 Ἦ
3179 2772 3288 2844 γὰρ
3310 2774 3432 2835 τοὺς
3462 2774 3695 2826 ἀποστό-

2114 2868 2240 2931 λους
2278 2870 2412 2937 ἐρεῖ,
2450 2867 2597 2937 παρὰ
2650 2867 2712 2919 τὸ
2770 2866 2844 2936 μὴ
2890 2865 3187 2937 ὲκζητῆσαι
3230 2866 3321 2918 τὸν
3358 2866 3579 2936 Κύριον,
3617 2864 3691 2937 μὴ

2114 2961 2471 3031 τετυχηκέναι
2526 2958 2634 3011 τῶν
2680 2958 3005 3029 σωματικῶν
3053 2957 3305 3027 ἀγαθῶν
3360 2958 3393 3029 ἢ
3436 2960 3482 3010 εἰ
3530 2959 3691 3029 ἐκζη-

2115 3052 2333 3114 τοῦντες
2361 3051 2731 3120 ἀπετύγχανον
2758 3050 2866 3103 τῶν
2888 3050 3141 3104 τοιούτων
3167 3049 3405 3118 ἀγαθῶν,
3428 3050 3528 3121 τῆς
3552 3051 3590 3101 Γ
3596 3068 3691 3121 ρα-

437 3134 610 3193 stitui.
639 3137 746 3193 Sed
775 3148 831 3194 et
860 3141 1227 3210 inquisierunt
1259 3145 1428 3200 sancti
1452 3144 1761 3208 Dominum.
1794 3157 1848 3202 et
1875 3164 2015 3203 com-

2121 3147 2224 3216 φῆς
2268 3144 2440 3213 αὐτῆς
2492 3143 2856 3213 κατηγορήσει
2910 3141 3172 3211 λεγούσης
3223 3142 3448 3212 μηδενὸς
3486 3143 3689 3209 ἀγαθοῦ

438 3228 795 3295 prelieusione
820 3234 936 3304 ejus
968 3235 1057 3303 qui
1090 3236 1378 3305 inquisitus
1423 3247 1525 3301 est,
1556 3254 1665 3294 non
1696 3252 2013 3305 caruerunt,

440 3338 613 3392 neque
637 3323 793 3381 bonis
822 3326 875 3379 in
903 3336 1105 3383 aeterna
1129 3330 1316 3399 requie
1346 3331 1596 3400 repositis
1624 3340 1752 3388 sunt
1780 3333 2015 3402 spoliati.

441 3414 719 3484 Siquidem
738 3420 803 3473 de
833 3419 937 3474 illis
961 3421 1114 3475 bonis
1135 3421 1238 3477 dici
1267 3426 1480 3492 proprie
1505 3425 1673 3494 possit
1690 3424 1842 3492 illud,
1862 3425 2019 3481 Omni

440 3514 597 3565 bona.
620 3510 752 3566 Nam
782 3528 1056 3582 corporeae
1085 3514 1390 3583 voluptates
1426 3515 1544 3584 plus
1571 3517 1829 3573 molestize
1854 3534 2015 3588 quam

440 3604 791 3673 iucunditatis
826 3605 1044 3660 habent.
1062 3604 1352 3662 Procreant
1375 3608 1519 3662 enim
1539 3609 1737 3677 nuptiae
1758 3609 2017 3665 sterilita-

442 3709 571 3760 tem,
593 3697 926 3761 viduitatem,
948 3705 1166 3766 stupra;
1198 3699 1522 3764 agricultura
1542 3700 2013 3769 infecunditatem;

441 3795 742 3842 mercatura
766 3787 1063 3853 naufragia;
1082 3787 1280 3841 divitia:
1296 3787 1538 3853 insidias;
1554 3789 1758 3844 deliciae
1773 3792 2020 3846 satietas-

441 3894 546 3948 que
567 3886 621 3933 et
652 3879 883 3933 assiduae
904 3881 1211 3948 voluptates
1238 3881 1456 3934 morbos
1493 3882 1671 3937 varios
1703 3896 1768 3936 ac
1806 3883 2014 3938 diversa

443 3969 786 4025 ull'ectionum
837 3984 1056 4040 genera.
1119 3972 1318 4027 Paulus
1375 3974 1558 4041 utique
1608 3982 1662 4028 et
1710 3973 2019 4043 inquirebat

443 4063 751 4126 Dor-tinum,
782 4073 837 4116 et
884 4063 1014 4117 nihil
1056 4065 1103 4119 ei
1141 4065 1311 4121 defuit
1349 4065 1633 4123 bonorum.
1668 4065 1866 4122 Verum
1897 4068 2021 4139 quis

442 4156 685 4224 corporis
713 4154 1011 4219 molestias,
1043 4157 1093 4211 iu
1128 4158 1324 4225 quibus
1354 4174 1449 4229 per
1479 4167 1645 4213 totam
1674 4175 1828 4215 suam
1852 4161 2015 4215 vitam

444 4247 600 4309 vixit,
632 4261 1017 4303 annumeraret
1044 4251 1068 4304 ?
1096 4248 1204 4305 Ter
1230 4250 1395 4319 virgis
1432 4266 1604 4306 caesus
1627 4259 1730 4316 est,
1749 4252 2022 4309 semelest

448 4340 737 4410 lapidatus,
764 4350 847 4396 ter
875 4343 1217 4412 naufragium
1269 4344 1415 4408 fecit,
1461 4354 1675 4400 noctem
1706 4362 1770 4401 ac
1798 4346 1940 4399 diem
1966 4346 2017 4398 iu

447 4434 713 4497 profundo
746 4435 874 4503 egit,
907 4434 958 4489 in
983 4435 1265 4490 itineribus
1295 4452 1459 4506 saepe,
1486 4438 1535 4492 in
1565 4438 1707 4493 fame
1729 4446 1783 4492 et
1816 4438 1927 4503 siti,
1966 4438 2018 4493 in

446 4526 661 4592 ieiuniis
688 4542 848 4595 saepe,
884 4528 934 4581 in
975 4528 1158 4583 labore
1184 4540 1237 4585 et
1278 4547 1539 4595 aerumna,
1574 4532 1626 4585 in
1678 4532 2018 4588 necessitati-
2050 4551 2099 4609 ι)

448 4621 545 4672 lius
569 4634 711 4689 sarpe
736 4621 802 4675 “.
834 4620 1018 4692 Usque
1047 4623 1113 4676 ad
1144 4634 1443 4678 extremam
1474 4625 1663 4679 horam
1685 4635 1741 4679 et
1773 4626 2020 4681 esuriens

450 4719 631 4775 homo,
660 4721 715 4765 et
739 4712 949 4777 sitiens,
966 4723 1018 4768 et
1049 4715 1222 4769 nudus
1243 4732 1308 4771 ac
1333 4716 1577 4785 colaphis
1603 4730 1774 4770 caesus
1799 4717 1865 4782 “,
1886 4731 2019 4784 quo-

517 4831 564 4862 "
596 4830 751 4884 Rom.
804 4846 882 4893 ix,
924 4830 1017 4890 45.
1094 4830 1311 4887 "Joan.
1358 4847 1431 4898 vi,
1469 4831 1559 4886 48.

449 4900 490 4931 ⁶¹
518 4899 687 4956 lCor.
719 4916 793 4966 iv,
821 4900 909 4955 Η.

523 5038 638 5110 (92)
678 5040 813 5111 Reg.
860 5039 1131 5095 secundus
1166 5039 1273 5111 ἀπὸ
1302 5040 1420 5109 τῆς.
1452 5037 1574 5094 Mox
1606 5037 1735 5092 editi
1767 5036 2029 5106 πεφυκός.

451 5110 925 5187 Atfeptemmss.
968 5110 1250 5187 πεφυκώς.
1308 5182 1340 5187 __
1705 5178 1752 5187 __
1879 5176 1917 5187 ﬁ
1998 5176 2008 5187 .

524 5176 635 5254 (95)
684 5181 846 5235 Deest
896 5179 992 5234 καί
1028 5176 1101 5254 Δἰιι
1158 5182 1428 5254 aliquibus
1496 5194 1626 5234 mss.
1704 5178 1823 5233 Mox
1879 5176 2033 5245 Regii

452 5250 682 5323 quartus
717 5259 773 5307 et
804 5260 991 5307 sextus
1015 5251 1048 5321 ἡ
1076 5250 1255 5323 λιμός.

525 5322 637 5393 (94)
670 5323 742 5376 Ita
770 5338 902 5393 mss.
932 5316 1047 5376 non
1066 5316 1246 5392 pauci.
1278 5319 1419 5375 Editi
1450 5316 1613 5392 ἦλθεν
1647 5319 1733 5371 ἐπ’
1768 5318 1964 5382 αὐτοὺς
1997 5318 2031 5387 ἡ

453 5391 602 5463 δίψα.
620 5391 890 5463 ίὲπετὲθη.

524 5459 637 5532 (95)
676 5464 792 5526 ΙΙΙ;ι,
826 5459 1139 5536 ἀδιάκριτον
1172 5461 1401 5586 ἔχθη...
1430 5461 1615 5525 τόπον,
1642 5460 1739 5542 εἰς⁸
1768 5459 2033 5541 interpre-

524 5546 604 5586 tur
629 5534 1011 5586 Combelisius.
1075 5532 1196 5586 Hau
1263 5547 1447 5586 sanum
1482 5533 1679 5585 habens
1720 5531 1969 5586 iudicium
2011 5545 2028 5581 :

461 5530 604 5590 tatur
629 5530 1011 5609 Combelisius,
1075 5530 1235 5587 Haud
1263 5547 1447 5609 sanum
1473 5533 1679 5609 [tabent
1710 5530 2028 5609 judicium”:

459 5621 619 5670 quatit
647 5606 1152 5670 interpretationem
1191 5604 1326 5658 satis
1370 5603 1657 5672 probatum
1713 5601 1777 5654 iri
1810 5598 2029 5672 intelli-

461 5674 709 5745 gentibus
738 5686 886 5745 puto,
938 5692 1059 5745 cum
1097 5674 1182 5727 vix
1240 5670 1459 5727 dubium
1516 5688 1651 5745 esse
1682 5670 1867 5739 possit,
1900 5670 2027 5745 quin

463 5748 562 5825 hoc
607 5741 882 5800 loco'vox
938 5744 1100 5809 τόπος
1160 5760 1258 5815 pro
1322 5758 1449 5800 voce
1500 5743 1780 5816 κριτήριον
1855 5741 2025 5811 posita

461 5830 551 5869 ιιι.

1647 4833 1693 4864 ⁸⁸
1723 4830 1879 4887 Joan.
1940 4846 2013 4896 tv,
2059 4831 2123 4885 10
2155 4847 2306 4900 seqq.

2120 3235 2468 3290 ἐλαττοῦσθαι
2496 3235 2620 3297 τοὺς
2646 3232 3007 3304 ὲκζητοῦντας
3034 3233 3124 3286 τὸν
3152 3234 3376 3305 Κύριον.
3415 3235 3572 3288 Ἀλλά
3599 3236 3691 3287 καὶ

2119 3327 2401 3399 ὲξεζήτουν
2429 3327 2478 3379 oi
2507 3326 2649 3394 ἅγιοι
2676 3325 2763 3378 τὸν
2793 3324 3015 3395 Κύριον,
3046 3326 3138 3378 καὶ
3166 3327 3267 3397 τῆς
3286 3326 3450 3379 αὐτοῦ
3475 3326 3568 3380 τοῦ
3593 3327 3689 3398 ζη-

2117 3421 2377 3491 τουμένου
2399 3418 2755 3489 καταλήψεως
2778 3417 2877 3470 οὐκ
2904 3416 3247 3487 ἠλαττοῦντο,
3274 3418 3393 3471 οὐδὲ
3420 3417 3529 3470 τῶν
3558 3419 3693 3471 ἀπορ

2119 3516 2385 3585 κειμένων
2416 3514 2474 3569 ὲν
2503 3515 2569 3582 τῇ
2599 3512 2791 3580 αἰωνίᾳ
2820 3510 3120 3564 ἀναπαύσει
3154 3511 3267 3582 (97)
3294 3511 3512 3579 ἀγαθῶν
3542 3513 3692 3564 ἐστε-

2123 3608 2381 3678 ρήθησαν.
2418 3606 2553 3676 Περὶ
2601 3604 2823 3657 ἐκείνων
2867 3604 2975 3674 γὰρ
3021 3603 3228 3673 λέγοιτο
3263 3604 3328 3657 ἂν
3368 3606 3568 3675 κυρίως
3608 3605 3688 3668 τὸ,

2119 3700 2350 3764 Παντὸς
2406 3697 2648 3767 ἀγαθοῦ.
2717 3699 2780 3749 Αἱ
2828 3697 2935 3767 γὰρ
3001 3698 3307 3766 σωματικαὶ
3364 3697 3694 3760 ἀπολαύσεις

2121 3792 2300 3846 πλεῖον
2329 3791 2392 3845 τὸ
2420 3789 2676 3861 ὀδυνηρὸν
2702 3788 2881 3858 ἔχουσι
2928 3788 3021 3841 τοῦ
3064 3787 3249 3858 ήδέοςο
3300 3790 3349 3842 οἱ
3386 3790 3552 3860 γάμοι
3593 3789 3695 3852 τὰς

2119 3882 2393 3946 ἀπαιδίας,
2429 3881 2525 3945 τὰς
2545 3880 2793 3951 χηρείας,
2830 3880 2928 3943 τὰς
2958 3880 3284 3952 διαφθοράς·
3333 3883 3387 3933 αἱ
3428 3883 3695 3952 γεωργίαι

2118 3973 2217 4045 τὴν
2256 3971 2533 4041 ἀκαρπίαν
2554 3987 2566 3999 ·
2607 3971 2663 4022 αἱ
2694 3969 2955 4040 ἐμπορίαι
2984 3972 3052 4023 τὰ
3079 3970 3311 4039 ναυάγια
3331 3986 3344 4001 ο
3389 3971 3439 4022 οἱ
3474 3970 3693 4025 πλοῦτοι

2119 4067 2218 4129 τὰς
2254 4064 2544 4126 ὲπιὸουλάς
2568 4080 2581 4092 ·
2614 4065 2669 4116 αἱ
2702 4063 2908 4132 τρυφαὶ
2951 4063 3045 4115 καὶ
3070 4064 3118 4115 οἱ
3146 4064 3318 4135 κόροι,
3352 4065 3445 4116 καὶ
3483 4065 3536 4116 αι
3566 4080 3693 4116 συν·

2120 4158 2263 4226 εχεῖς
2292 4152 2617 4215 ἀπολαύσεις
2647 4152 2709 4204 τὸ
2736 4151 2976 4205 ποικίλον
3006 4151 3114 4205 τῶν
3141 4152 3490 4222 νοσημάτων,
3515 4152 3609 4205 καὶ
3634 4152 3695 4205 τὺ

2121 4245 2394 4308 πολυειδὲς
2452 4242 2560 4296 τῶν
2618 4240 2824 4294 παθῶν.
2879 4240 3090 4304 Παῦλος
3143 4242 3325 4312 μέντοι
3377 4242 3470 4294 καὶ
3506 4241 3695 4311 ἐξεζή..

2120 4359 2199 4394 τει
2231 4339 2341 4411 (98)
2373 4337 2466 4390 τὸν
2488 4335 2712 4407 Κύριον,
2745 4336 2839 4389 καὶ
2864 4334 3015 4387 οὐδὲν
3046 4332 3195 4403 αὐτῷ
3216 4333 3395 4387 ἔλειπε
3424 4334 3533 4385 τῶν
3559 4335 3694 4403 ἀγα-

2122 4432 2248 4487 θῶν.
2282 4429 2474 4484 Καίτοι
2524 4428 2607 4490 τίς
2650 4427 2717 4480 ἂν
2757 4425 3179 4497 ἐξαριθμήσαιτο
3215 4423 3283 4476 τά
3321 4423 3416 4476 τοῦ
3445 4423 3694 4494 σώματος

2122 4520 2346 4593 ὀχληρὰ,
2399 4513 2480 4583 οἷς
2536 4516 2687 4589 παρά
2721 4517 2899 4571 πάντα
2936 4518 3026 4570 τὸν
3068 4516 3259 4570 ἑαυτοῦ
3302 4516 3414 4586 βίον
3457 4515 3690 4586 συνέζης

2124 4616 2253 4686 Τρὶς
2292 4609 2639 4684 ἐρραϐδίσθη,
2688 4608 2835 4674 ἅπαξ
2887 4608 3165 4680 ὲλιθάσθη,
3201 4610 3320 4681 τρὶς
3366 4609 3691 4679 ἐναυάγησε,

2124 4707 2463 4778 νυχθήμερον
2521 4703 2581 4754 ὲν
2610 4701 2688 4773 τῷ
2721 4700 2867 4773 βυθῷ
2914 4703 3231 4773 πεποίηκεν,
3266 4705 3322 4755 ὲν
3366 4702 3694 4773 ὁδοιπορίαις

2400 4828 2445 4860 ⁸⁸
2471 4826 2635 4879 Amos
2700 4838 2817 4887 vm,
2865 4824 2951 4877 Η.
3024 4821 3069 4853 ⁵⁸
3101 4821 3142 4875 ll
3185 4823 3307 4877 Cor.
3368 4838 3444 4889 ιι,
3475 4821 3567 4888 25,
3600 4821 3691 4875 27.

2208 5032 2319 5101 (96)
2348 5032 2487 5086 Editi
2529 5041 2583 5085 et
2617 5031 2780 5084 nostri
2818 5029 3230 5101 undecinimss.
3280 5029 3377 5101 τὸν
3432 5028 3697 5101 πρόσκαι-

2141 5097 2230 5175 ρον
2253 5097 2442 5175 ἕχοντα
2458 5102 2555 5175 τὴν
2568 5101 2886 5175 ἀπόλαυσιν.
2915 5101 3017 5175 _Sed
3049 5100 3130 5175 vir
3148 5100 3499 5175 doctissimus
3526 5100 3695 5175 idem:

2137 5169 2241 5245 que
2265 5169 2759 5245 cordideutissimus
2782 5170 3145 5245 (lombellsius
3165 5186 3261 5223 suo
3298 5169 3537 5245 periculo
3594 5169 3694 5245 legi

2138 5240 2249 5299 vult
2281 5244 2339 5297 τὸ
2370 5244 2702 5314 πρόσκαιρον
2737 5242 2877 5312 ἔχον,
2915 5251 3044 5301 etc..
3097 5241 3146 5292 id
3176 5242 3317 5314 quod
3350 5241 3421 5292 ita
3448 5241 3559 5306 ipse
3599 5240 3697 5292 Lac

2141 5318 2247 5370 line
2277 5310 2525 5376 reddidit,
2570 5310 3089 5378 B'ommi'nuncupet,
3129 5310 3268 5377 quod
3303 5320 3695 5371 temporaneam

2140 5387 2293 5439 habet
2328 5385 2735 5453 jucundilatem.
2766 5382 2867 5434 Alii
2895 5381 3154 5453 quidlibet
3178 5380 3278 5433 sibi
3329 5380 3492 5453 licere
3545 5392 3697 5444 puta-

2141 5451 2351 5515 verint;
2379 5464 2434 5506 at
2470 5455 2621 5507 nobis
2651 5453 2835 5520 religio
2866 5451 3026 5505 fuerit
3048 5451 3313 5504 editorum
3336 5451 3495 5505 simul
3522 5460 3578 5503 et
3623 5456 3699 5502 tot

2140 5529 2385 5581 codicum
2421 5540 2549 5578 mss.
2584 5524 2961 5577 auctoritatem
2984 5534 3261 5587 spernere.

2211 5597 2320 5665 (97)
2352 5595 2482 5663 Reg.
2519 5594 2708 5646 tertius
2730 5593 2923 5664 αἱωνία
2950 5589 3266 5655 ἀπολαύσει,
3298 5598 3353 5644 et
3392 5589 3466 5645 ita
3504 5589 3698 5665 legitur

2138 5669 2191 5721 in
2218 5660 2470 5731 inargute
2497 5665 2627 5733 Reg.
2663 5660 2911 5717 secundi.
3037 5730 3047 5733 Α
3248 5730 3267 5733 Α
3622 5731 3631 5733 Α
3668 5660 3681 5673 ⁴

2209 5737 2319 5799 (98)
2343 5736 2415 5787 Ita
2463 5749 2555 5789 sex
2582 5730 2713 5789 inss.
2750 5736 2815 5789 At
2846 5733 2968 5789 editi
3000 5730 3197 5804 ἐζήτει.
3246 5730 3376 5801 Reg.
3434 5731 3699 5787 secundus

2136 5806 2366 5877 éx§ﬁteu
