4008 6402
250 365 362 421 369

1398 365 1684 422 HOMlLlA
1722 365 1787 420 IN
1826 365 2157 422 PSALMUM
2194 362 2436 419 XXXIII.

3411 365 3516 418 570

251 484 536 547 πολλάκις,
567 485 625 536 ἐν
654 483 797 555 λιμῷ
819 484 911 538 καὶ
927 483 1067 552 δίψει
1102 481 1232 552 (99),
1258 483 1314 534 ὲν
1343 483 1616 553 νηστείαις
1636 482 1834 536 πολλά-

1951 483 2101 537 mudo
2155 498 2260 536 non
2305 481 2649 536 minuebatur
2693 473 3070 545 corporalibus
3101 471 3303 528 bonis?
3338 472 3520 528 Evcbe

253 596 367 642 κις,
399 579 456 630 ἐν
484 575 638 647 κόπῳ
664 576 759 628 καὶ
795 575 996 647 μόχθῳ,
1028 577 1086 629 ἐν
1110 574 1376 642 ἀνάγκαις
1410 575 1689 639 πολλάκις.
1719 574 1835 628 Μέ-

253 687 350 741 χρι
416 669 516 740 τῆς
556 667 790 738 ἐσχάτης
837 667 984 737 ῶρας
1027 667 1120 720 καὶ
1167 666 1368 720 πεινῶν
1409 665 1712 738 ἄνθρωπος,
1744 666 1838 718 καὶ

252 760 446 831 διψῶν,
475 760 568 813 καὶ
588 757 967 829 γυμνητεύων,
999 758 1094 812 καὶ
1117 757 1564 828 κολαφιζόμενος,
1599 757 1716 820 πῶς
1735 759 1836 810 οὐκ

1943 575 2124 643 igitur,
2155 590 2361 644 quaso,
2389 581 2625 628 mentem
2661 571 2729 624 ad
2759 570 2810 622 id
2841 569 2982 637 quod
3015 579 3140 620 vere
3173 563 3372 619 bonum
3411 573 3516 627 est,

1941 675 1999 718 ut
2035 677 2090 719 et
2121 665 2415 736 Scriptura:
2443 663 2857 718 consensionem
2901 657 3188 726 intelligas,
3219 665 3274 710 et
3301 671 3369 710 ne
3391 673 3522 710 cou-

1933 756 2092 824 jicias
2123 767 2174 810 te
2201 757 2256 809 in
2294 754 2456 808 ullam
2489 753 2770 808 sententiae
2807 747 3233 816 ambiguitatem.

253 851 553 922 ἠλαττοῦτο
597 850 706 902 τῶν
748 850 1074 920 σωματικῶν
1137 850 1394 920 ἀγαθῶν;
1463 851 1731 919 Ἀνάγαγε
1778 847 1872 904 οὖν
1914 867 2002 920 μοι
2041 849 2140 919 τὴν
2183 849 2421 904 διάνοιαν
2466 846 2559 900 ἐπὶ
2601 845 2662 898 τὸ
2723 843 2892 906 ὅντως
2916 839 3143 910 ἀγαθὸν,
3179 839 3266 891 ἴνα
3301 835 3394 890 καὶ
3422 835 3518 906 τὴν

254 945 576 1017 συμφωνίαν
600 943 700 1015 τῆς
721 945 942 1018 Γραφῆς
965 944 1220 1014 ἐπιγνῷς,
1249 945 1344 999 καὶ
1375 945 1596 1000 σεαυτὸν
1634 945 1707 1017 μὴ
1736 944 2049 1018 καταϐάλῃς
2068 948 2135 1016 τῇ
2166 944 2466 1016 ἀμφιϐολίᾳ
2485 943 2585 1013 τῆς
2610 940 2838 1003 ἐννοίας.

327 1037 384 1093 8.
417 1037 615 1102 Δεῦτε,
653 1035 850 1100 τέκνα,
887 1036 1184 1091 ἀκούσατέ
1215 1055 1334 1106 μου
1355 1055 1368 1069 ο
1394 1039 1582 1106 φόϐον
1615 1036 1836 1105 Κυρίου

251 1129 476 1195 διδάξω
530 1128 705 1198 ὑμᾶς.
780 1127 1112 1182 Ἑνδιαθὲτου
1159 1129 1234 1200 (1)
1289 1129 1605 1182 διδασκάλου
1663 1127 1833 1198 φωνὴ,

255 1218 734 1291 προσκαλουμένω
770 1219 848 1280 είς
882 1217 1117 1289 μάθησιν
1143 1218 1231 1272 διά
1259 1219 1532 1289 πατρικῆς
1564 1217 1838 1286 εὐσπλαγ-

254 1313 430 1382 χνίας.
455 1313 563 1364 Καὶ
586 1311 695 1383 γὰρ
718 1313 906 1366 τέκνον
933 1313 1048 1365 ἐστὶ
1080 1313 1441 1382 πνευματικὸν
1472 1311 1566 1364 τοῦ
1588 1311 1838 1368 διδασκά-

255 1405 350 1458 λου
383 1406 412 1458 6
440 1404 706 1476 μαθητής.
752 1406 808 1458 '0
834 1404 943 1476 γάρ
972 1406 1120 1476 παρά
1142 1422 1285 1467 τινος
1309 1404 1407 1475 τὴν
1435 1405 1712 1475 μόρφωσιν
1737 1405 1837 1474 τῆς

257 1497 540 1561 εὐσεϐείας
577 1497 883 1567 δεχόμενος,
920 1491 1073 1559 οὗτος
1097 1497 1258 1550 οἱονεὶ
1291 1496 1674 1550 διαπλάττεται
1709 1479 1836 1568 παρ’

258 1589 448 1652 αὑτοῦ,
479 1590 571 1642 καὶ
612 1590 692 1654 είς
723 1587 980 1642 σύστασιν
1014 1587 1226 1656 ἄγεται,
1273 1587 1462 1658 ῶσπερ
1497 1587 1589 1641 καὶ
1617 1588 1836 1658 ὑπὸτῆς

257 1681 634 1754 κυοφορούσης
684 1683 751 1736 τά
781 1683 838 1734 ἐν
868 1683 1004 1752 αὐτῇ
1048 1681 1489 1752 διαμορφούμενα
1530 1680 1604 1751 (2)
1635 1679 1830 1752 βρέφη.

2013 1038 2067 1092 8.
2091 1037 2257 1093 Vens.
2285 1037 2370 1092 I2.
2417 1035 2616 1099 Venite,
2649 1034 2768 1102 ﬁlii,
2794 1031 2976 1086 audite
2999 1045 3079 1082 me
3096 1045 3118 1093 ;ν
3143 1027 3380 1080 timorem
3414 1023 3518 1076 Do-

1944 1130 2071 1182 mini
2104 1129 2296 1183 docebo
2337 1145 2443 1183 vos.
2473 1125 2724 1181 Benevoli
2761 1121 3005 1192 magistri
3053 1135 3154 1184 vox,
3192 1130 3296 1183 est,
3330 1117 3395 1170 ad
3436 1113 3524 1169 di-

1942 1221 2224 1290 sciplinam
2285 1228 2513 1288 paterna
2563 1214 3039 1272 commiseratione
3088 1209 3389 1264 invitantis.
3421 1207 3516 1261 Et-

1942 1313 2086 1366 enim
2125 1309 2424 1380 discipulus
2464 1307 2606 1362 (ilius
2639 1304 2940 1376 spiritualis
2991 1289 3077 1358 est
3119 1297 3382 1368 magistri.
3415 1295 3519 1366 Qui

1944 1403 2085 1457 enim
2113 1401 2182 1455 ab
2222 1401 2400 1469 aliquo
2432 1397 2919 1454 conformationem
2953 1393 3167 1464 pietatis
3193 1390 3437 1461 suscipit,
3469 1388 3518 1442 is

1945 1497 2090 1552 velut
2125 1496 2446 1552 informatur
2491 1496 2558 1554 ab
2610 1495 2752 1563 ipso,
2782 1502 2835 1548 et
2882 1490 3264 1561 cmupiugitur,
3298 1487 3521 1558 perinde

1943 1601 2002 1644 ut
2061 1605 2092 1644 a
2144 1598 2456 1659 praegnante
2513 1586 2779 1653 infantes,
2834 1585 2925 1654 qui
2979 1583 3033 1636 in
3081 1597 3144 1636 ea
3192 1579 3519 1635 formantur.

1943 1683 2100 1738 Unde
2129 1681 2292 1736 etiam
2330 1679 2527 1735 Paulus
2583 1688 2752 1732 totam
2783 1676 3098 1732 Galatarum
3135 1672 3450 1734 Ecclesium,
3488 1683 3520 1724 a

259 1773 424 1827 Ὅθεν
477 1773 571 1826 καὶ
605 1772 816 1835 Παῦλος
848 1772 975 1842 ὅλην
1022 1771 1118 1842 τὴν
1159 1772 1482 1843 Ἐκκλησίαν
1519 1771 1629 1825 τῶν
1662 1771 1836 1824 Γαλα-

1951 1772 2213 1844 prioribus
2252 1771 2552 1841 disciplinis
2590 1770 2874 1838 dilapsam,
2911 1777 2965 1822 et
2991 1765 3145 1836 151
3182 1763 3335 1832 quasi
3357 1763 3520 1817 abor-

254 1863 388 1927 τῶν,
423 1864 488 1916 ἐκ
510 1861 619 1916 τῶν
649 1862 931 1935 προτέρων
954 1861 1316 1914 διαπεσοῦσαν
1350 1862 1709 1933 μαθημάτων,
1739 1862 1835 1915 καὶ

258 1958 423 2010 οἱονεὶ
441 1954 838 2027 ἁμϐλωθεῖσαν,
859 1954 1020 2008 πάλιν
1048 1954 1463 2026 ἀναλαμϐάνων,
1495 1954 1588 2008 καὶ
1616 1955 1837 2026 μορφῶν

259 2049 467 2104 ἄνωθεν
522 2049 580 2101 ἐν
633 2049 815 2111 αὐτοῖς
865 2047 955 2100 τὸν
1007 2047 1260 2118 Χριστὸν,
1305 2048 1470 2101 τέκνα
1515 2047 1702 2116 ἔλεγε·
1744 2047 1838 2100 καὶ¹

257 2138 447 2209 ἐπειδὴ
484 2139 600 2208 μετ’
633 2136 824 2206 ὀδύνης
865 2136 958 2189 καὶ
986 2135 1214 2206 θλίψεως
1248 2138 1481 2190 ἐποιεῖτο
1508 2136 1616 2189 τῶν
1639 2137 1838 2205 ἐσφαλν

261 2231 440 2304 μένων
494 2229 594 2301 τὴν
632 2227 1022 2298 ἐπανόρθωσιν,
1067 2226 1278 2281 ὠδίνειν
1311 2227 1461 2296 ἔλεγε
1489 2231 1554 2299 τῇ
1581 2227 1724 2300 ψυχῇ
1751 2227 1839 2283 διὰ

256 2321 359 2390 τὴν
406 2318 497 2372 ἐπὶ
537 2319 650 2381 τοῖς
695 2315 1030 2370 ἀποπεσοῦσι
1066 2316 1258 2388 λύπην.
1308 2317 1521 2371 Τεκνία
1551 2336 1690 2386 μου,
1731 2317 1839 2382 οὒς

259 2412 450 2468 πάλιν
468 2410 679 2472 ὠδίνω,
710 2407 882 2479 ἄχρις
909 2405 981 2465 οὗ
1003 2409 1288 2479 μορφωθῇ
1316 2410 1570 2478 Χριστὸς
1590 2412 1658 2464 ἐν
1675 2411 1834 2480 ὑμῖν.

256 2505 438 2558 Δεῦτε
459 2499 573 2565 οὖν,
597 2501 794 2565 τέκνα,
826 2500 1125 2556 ἀκούσατέ
1139 2519 1278 2571 μου.
1309 2503 1374 2554 Τί
1402 2520 1532 2556 ποτε
1563 2503 1671 2574 ἄρα
1697 2502 1840 2556 διδά-

261 2613 413 2649 σκειν
456 2593 637 2665 μέλλει
685 2595 714 2646 6
765 2593 1132 2664 πνευματικὸς
1173 2592 1328 2664 ήμῶν
1360 2596 1580 2666 πατήρ;
1625 2596 1837 2662 Φόϐον,

259 2689 415 2760 φησι,
453 2687 676 2755 Κυρίου
702 2684 920 2750 διδάξω
934 2685 1110 2755 ὑμᾶς.
1151 2686 1367 2757 Ἐπειδὴ
1398 2687 1508 2741 ἄνω
1541 2688 1839 2759 προσέταξε

260 2777 545 2848 φοϐεῖσθαι
581 2776 671 2828 τὸν
703 2775 928 2847 Κύριον,
961 2775 1054 2828 καὶ
1099 2775 1160 2828 τὸ
1207 2778 1271 2830 ἐκ
1304 2776 1396 2830 τοῦ
1438 2779 1603 2846 φόϐου
1651 2779 1839 2850 κέρδος

260 2867 560 2932 ὑπέδειξεν,
609 2867 798 2932 εἰπὼν,
846 2869 967 2920 Ὅτι
1007 2869 1120 2922 οὐκ
1159 2868 1330 2922 ἔστιν
1368 2871 1675 2940 ὑστέρημα
1718 2871 1842 2938 τοῖς

261 2958 656 3031 φοϐουμένοις
684 2960 889 3012 αὐτόν·
925 2958 1020 3012 νῦν
1059 2960 1155 3013 καὶ
1185 2960 1538 3015 διδασκαλίαν
1587 2963 1708 3017 τινὰ
1745 2963 1839 3018 τοῦ

262 3053 408 3109 θείου
455 3053 619 3123 φόϐου
672 3055 802 3124 ἡμῖν
845 3053 1197 3125 παραδίδωσι.
1233 3056 1306 3108 Τὸ
1337 3056 1433 3126 μὲν
1463 3057 1588 3128 γάρ,
1628 3060 1710 3111 ὅτι
1736 3058 1840 3130 χρὴ

264 3147 550 3216 ὑγιαίνειν,
585 3146 781 3209 παντός
825 3147 973 3199 ἐστιν
1015 3149 1210 3213 εἰπεῖν,
1240 3149 1332 3201 καὶ
1364 3148 1457 3202 τοῦ
1489 3149 1696 3202 ἰδιώτου
1720 3169 1733 3182 ·
1779 3151 1838 3204 τὸ
1866 3139 1907 3194 C

261 3241 342 3302 δὲ,
372 3237 488 3301 πῶς
512 3236 618 3308 χρὴ
656 3236 959 3308 κτήσασθαι
997 3237 1094 3308 τὴν
1126 3238 1334 3306 ὑγείαν,
1375 3237 1532 3290 τοῦτο
1565 3238 1692 3292 [διον
1738 3240 1836 3311 ήδη

261 3329 359 3384 τοῦ
386 3329 485 3401 τὴν
521 3327 769 3398 ἰατρικὴν
790 3328 984 3398 τέχνην
1010 3329 1392 3400 ἐπισταμένου.
1429 3330 1504 3382 Ού
1542 3333 1647 3393 πᾶς
1679 3331 1841 3400 φόϐος

264 3423 469 3492 ἀγαθόν
497 3424 612 3475 ἐστι
642 3421 735 3478 καὶ
760 3422 1043 3492 σωτήριον,
1078 3421 1192 3474 ἀλλ’
1244 3422 1357 3475 ἔστι
1395 3440 1479 3486 τις
1513 3423 1608 3476 καὶ
1651 3423 1843 3496 ἐχθρὸς

267 3516 450 3587 φόϐος,
479 3516 538 3569 δν
562 3513 859 3585 ἀπεύχεται
882 3517 910 3568 6
929 3516 1220 3586 Προφήτης
1244 3517 1560 3585 ἐγγενέσθαι
1588 3519 1750 3572 αὐτοῦ
1775 3523 1840 3591 τῇ

264 3608 432 3678 ψυχῇ,
468 3606 670 3674 λέγων·
728 3605 860 3658 Ἇπὸ
895 3606 1080 3674 φόϐου
1119 3607 1336 3675 ἐχθροῦ
1376 3609 1451 3678 (5)
1484 3609 1699 3672 ἐξελοῦ
1732 3612 1845 3679 τὴν

265 3696 481 3767 ψυχήν
502 3713 643 3764 μου.
689 3693 913 3766 Ἐχθρὸς
941 3695 1048 3766 γάρ
1080 3696 1240 3764 φόϐος
1267 3697 1295 3748 6
1324 3695 1554 3750 θανάτου
1581 3701 1713 3769 ἡμῖν
1737 3700 1844 3753 δει-

265 3789 388 3844 λίαν
415 3787 678 3859 ὲμποιῶν,
708 3789 736 3839 6
771 3786 1077 3857 προσώπων
1125 3788 1397 3859 ὑπεροχὰς
1442 3793 1845 3862 καταπτήσσειν

267 3883 302 3950 ἡ
312 3882 418 3949 μᾶς
443 3877 774 3932 ἀναπείθων.
808 3877 932 3941 Πῶς
956 3878 1064 3949 γὰρ
1097 3881 1124 3932 6
1155 3879 1328 3932 ταῦτα
1349 3880 1681 3952 φοϐούμενος
1701 3883 1848 3954 δυνή-

270 3985 426 4022 σεται
463 3971 520 4020 ἐν
555 3965 733 4037 καιρῷ
766 3967 1066 4038 μαρτυρίου
1111 3966 1272 4038 μέχρι
1316 3967 1544 4022 θανάτου
1584 3971 1721 4042 πρὸς
1751 3973 1848 4045 τὴν

269 4061 548 4135 ἁμαρτίαν
575 4060 1029 4130 ἀντικαταστῆναι
1063 4061 1160 4132 (4),
1191 4062 1284 4114 καὶ
1318 4063 1607 4117 ἀποδοῦναι
1635 4064 1712 4135 τῷ
1737 4067 1848 4120 Κυ-

272 4154 377 4228 ρίῳ
429 4152 527 4223 τὴν
582 4151 823 4221 ὀφειλὴν,
871 4150 948 4221 τῷ
1000 4151 1139 4223 ὑπὲρ
1189 4153 1344 4224 ἡμῶν
1403 4154 1728 4210 ἀποθανόντι
1757 4159 1851 4211 καὶ

271 4245 588 4318 ἐγερθέντι;
618 4245 727 4297 Καὶ
753 4247 780 4297 ὁ
803 4244 906 4298 ὑπὸ
927 4245 1192 4315 δαιμόνων
1220 4247 1518 4317 εύπτόητος
1545 4249 1635 4303 τὸν
1662 4248 1852 4322 ἐχθρὸν

273 4340 389 4410 ἔχει
415 4338 578 4407 φόϐον
607 4338 665 4390 ἐν
692 4338 887 4408 ἐαυτῷ.
914 4338 1023 4392 Καὶ
1045 4338 1201 4402 ὅλως,
1226 4342 1254 4393 ό
1281 4341 1520 4406 τοιοῦτος
1545 4343 1708 4412 φόϐος
1728 4346 1854 4398 ἀπι-

275 4430 433 4494 στίας
478 4429 652 4482 ἐοικεν
710 4428 928 4498 ἔγγονον
984 4424 1124 4484 εἶναι
1172 4431 1362 4495 πάθος.
1398 4432 1590 4498 Οὐδεὶς
1622 4435 1729 4507 γάρ
1768 4454 1855 4490 πι-

275 4518 486 4574 στεύων
524 4519 739 4590 ίσχυρὸν
788 4519 938 4591 αὐτῷ
977 4522 1228 4591 παρεῖναι
1261 4526 1351 4575 τὸν
1386 4523 1578 4594 βοηθὸν
1612 4525 1855 4594 φοϐεῖται

274 4611 387 4665 ἀπό
414 4627 558 4673 τινος
586 4610 694 4663 τῶν
723 4610 1141 4682 ἐπιχειρούντων
1169 4614 1331 4666 αὐτὸν
1353 4615 1732 4686 ὲκταράσσειν.
1760 4619 1858 4672 Φό-

278 4705 375 4768 ϐος
407 4705 464 4758 δὲ
501 4707 529 4757 ό
567 4704 853 4775 σωτήριος,
889 4704 982 4755 καὶ
1027 4703 1191 4772 φόϐος
1237 4705 1509 4776 ἁγιασμοῠ
1558 4710 1857 4779 ποιητικὸς,

280 4797 445 4867 φόϐος
472 4797 502 4850 6
529 4796 647 4850 κατ’
677 4795 1036 4866 ἐπιτήδευσιν,
1063 4796 1156 4849 καὶ
1187 4797 1307 4867 ούχὶ
1343 4799 1483 4852 κατά
1511 4800 1677 4864 πάθος
1708 4805 1860 4871 ἐγγι-

277 4891 505 4960 νόμενος
536 4889 604 4958 τῇ
637 4886 804 4958 ψυχῇ,
841 4887 990 4950 ποῖός
1017 4887 1092 4959 (5)
1131 4889 1244 4942 ἐστι
1268 4887 1444 4959 βούλει
1479 4891 1857 4966 διηγήσωμαι;

355 5049 401 5079 ⁸⁸
444 5045 564 5103 Gal.
599 5062 674 5112 tv,
702 5047 787 5103 19.
865 5047 909 5079 ⁸³
931 5046 1076 5103 Psal.
1103 5063 1238 5106 thu
1261 5089 1276 5115 ,
1305 5049 1358 5106 2.

364 5185 659 5258 (99)7Colb.
683 5186 889 5258 primus
915 5187 1010 5240 nat
1036 5185 1186 5258 δίψῃ.

363 5257 440 5327 (l)
483 5256 596 5312 Vox
617 5257 922 5320 ἐνδιάθετος
955 5259 1083 5311 mihi
1117 5256 1215 5312 nuc
1253 5256 1370 5312 loco
1400 5258 1540 5312 idem
1575 5259 1754 5313 valere
1784 5261 1863 5314 vi-

287 5331 450 5384 detur
484 5327 635 5399 Aquod
687 5344 788 5382 vox
828 5327 1126 5399 ἐμπαθὴς)
1171 5329 1414 5394 magistri
1471 5329 1612 5381 intus
1661 5331 1859 5399 a/fecti,

287 5346 450 5384 detur
482 5346 635 5408 .quou
687 5346 788 5382 vox
828 5346 1126 5452 εξπαυηςε
1171 5346 1412 5394 magistri
1471 5346 1612 5381 intus
1661 5346 1859 5399 aperti,

287 5405 542 5460 σιηιαηιιε,
565 5397 816 5452 benevoli.
871 5399 955 5452 'ed
990 5397 1148 5466 paulo
1190 5399 1344 5451 aliter
1391 5400 1556 5452 sentit
1593 5399 1862 5454 Combeli-

289 5471 431 5538 sius.
450 5469 603 5537 cujus
630 5469 743 5522 haec
763 5479 890 5522 sunt
927 5484 941 5520 :
985 5467 1288 5524 ἐνδιαθέτου
1335 5469 1678 5530 διδασκάλου,
1707 5473 1859 5538 quasi

288 5536 559 5618 ἐμψύχου,
592 5554 663 5618 ese
685 5539 862 5618 animo
891 5538 1145 5618 loquentis
1182 5541 1416 5610 magistri
1447 5557 1544 5595 vox
1573 5557 1590 5595 :
1625 5536 1861 5596 sincere:

291 5611 410 5672 διξερε
438 5609 622 5670 etiam,
647 5609 812 5672 intus,
846 5612 902 5662 in
929 5609 1104 5663 corde.

335 5671 442 5754 _'(2_)
463 5678 546 5754 Ita
569 5694 675 5754 sex_
690 5695 822 5734 mss.
852 5679 990 5754 Editi
1023 5694 1150 5735 vero
1176 5680 1546 5754 κυοφορούσης
1589 5681 1656 5736 τά
1685 5681 1858 5754 βρέφη

286 5749 358 5806 τὰ
489 5749 624 5821 αὐτῇ
652 5747 1107 5821 διαμορφούμενα.
1289 5747 1300 5751 “
1349 5747 1361 5753 ’
1504 5747 1515 5754 ⁷
1685 5747 1696 5754 ’
1720 5747 1752 5772 ”’

375 5819 456 5890 (3i
489 5820 648 5875 [lecte
690 5819 751 5874 ac
797 5819 927 5876 Scite
972 5822 1247 5878 annotavit
1282 5822 1637 5880 Combeftsius
1695 5825 1858 5879 inter-

1942 1867 2107 1920 tivam
2143 1864 2339 1919 iterum
2376 1861 2672 1925 suscitans,
2695 1875 2760 1914 ac
2797 1860 2974 1914 denuo
3010 1860 3061 1910 in
3099 1856 3202 1910 illis
3245 1854 3523 1908 Christum

1938 1957 2200 2019 formans,
2230 1955 2369 2009 ﬁlios
2395 1953 2701 2024 appellabat
2721 1970 2733 2005 :
2753 1960 2806 2005 et
2836 1951 3090 2020 quoniam
3115 1945 3382 2014 collapsus
3396 1959 3522 1997 cum

1939 2049 2125 2103 dolore
2169 2057 2224 2102 et
2270 2045 2519 2118 angustia
2551 2035 2906 2110 emendabat,
2939 2040 3131 2108 spiritu
3167 2035 3436 2108 parturire
3462 2047 3528 2089 se

1939 2141 2096 2204 dixit,
2126 2140 2196 2194 ob
2231 2150 2548 2207 conceptam
2579 2137 2644 2191 de
2666 2135 2828 2206 lapsis
2865 2133 3164 2188 tristitiam.
3187 2127 3374 2182 Filioli
3397 2126 3522 2190 mei,

1938 2248 2066 2300 quos
2100 2231 2290 2284 iterum
2329 2232 2590 2298 parturio,
2631 2228 2793 2280 donec
2821 2227 3078 2294 formetur
3108 2225 3163 2276 in
3204 2221 3344 2274 vobis
3365 2217 3525 2273 Chri-

1938 2319 2134 2374 stus“.
2184 2317 2363 2372 Venite
2411 2317 2590 2390 igitur,
2619 2317 2740 2385 ﬁlii,
2764 2316 2944 2369 audite
2975 2330 3075 2367 me.
3122 2311 3258 2378 Quid
3307 2311 3525 2364 tandem

1944 2426 2040 2465 uos
2069 2409 2371 2478 spiritualis
2420 2417 2604 2465 noster
2635 2416 2790 2479 pater
2835 2409 3031 2461 docere
3075 2404 3232 2462 vult?
3260 2401 3525 2456 Timorem

1946 2502 2178 2568 Domini,
2209 2502 2405 2570 inquit,
2445 2502 2638 2555 docebo
2670 2516 2779 2555 vos.
2811 2498 3103 2566 Postquam
3145 2495 3393 2565 superius
3409 2508 3524 2561 jus-

1941 2597 2013 2651 sit
2057 2595 2342 2651 Dominum
2403 2596 2629 2661 timere,
2665 2593 2985 2660 Iucrumque
3024 2589 3166 2659 quod
3217 2603 3285 2642 ex
3332 2587 3526 2647 timore

1941 2690 2272 2760 percipitur,
2303 2687 2540 2743 ostendit
2580 2688 2664 2741 bis
2718 2685 2898 2740 verbis
2936 2698 2949 2736 :
2993 2682 3257 2748 Quoniam
3301 2695 3405 2733 non
3448 2688 3524 2732 est

1941 2783 2118 2850 inopia
2169 2780 2467 2836 timentibus
2506 2796 2622 2834 eum
2657 2786 2817 2845 ;tum
2877 2777 3096 2831 demum
3157 2773 3315 2827 nobis
3359 2770 3526 2824 tradit

1942 2875 2178 2942 aliquam
2206 2871 2372 2927 divini
2407 2871 2617 2926 timoris
2657 2869 2980 2924 doctrinam.
3013 2864 3148 2920 Nam
3197 2865 3338 2932 quod
3373 2872 3525 2918 recte

1941 2967 2122 3021 valere
2150 2973 2420 3036 oporteat,
2447 2963 2737 3034 cujuslibet
2760 2961 2842 3016 vel
2890 2961 3068 3014 idiota:
3108 2957 3267 3012 fuerit
3295 2957 3478 3011 dicere
3507 2975 3521 3011 :

1945 3058 2213 3130 quomodo
2265 3071 2394 3112 vero
2437 3056 2806 3126 comparanda
2857 3053 3065 3110 sanitas
3116 3051 3209 3115 sit,
3245 3049 3374 3105 illud
3410 3048 3525 3118 jam

1943 3151 2216 3221 proprium
2245 3158 2332 3205 est
2369 3149 2542 3215 illius,
2581 3147 2671 3217 qui
2702 3155 2874 3200 artem
2911 3143 3176 3198 medicam
3202 3142 3370 3196 novit.
3411 3140 3524 3194 Non

1941 3246 2084 3298 enim
2109 3242 2287 3313 quivis
2326 3243 2488 3296 timor
2518 3242 2692 3294 bonus
2731 3247 2815 3294 est
2843 3246 2937 3291 aut
2979 3233 3258 3299 salutaris,
3305 3232 3416 3286 imo
3446 3240 3529 3286 est
3584 3280 3589 3286 .

1897 3379 1899 3381 -
1942 3337 2102 3392 etiam
2134 3334 2353 3404 quidam
2391 3331 2604 3388 hostilis
2633 3333 2814 3395 timor,
2850 3343 3009 3398 quem
3043 3331 3365 3396 deprecatur
3390 3322 3526 3378 Pro-

1945 3431 2123 3498 pheta,
2152 3442 2218 3481 ne
2253 3425 2423 3496 ipsius
2471 3425 2667 3478 animm
2715 3421 2962 3484 accedat,
2992 3419 3180 3474 dicens
3218 3432 3235 3471 :
3267 3417 3309 3471 Α
3343 3416 3528 3469 timore

1945 3520 2154 3573 inimico
2178 3517 2575 3588 eripe‘animam
2608 3513 2861 3568 meam“.
2903 3512 3158 3566 Inimicus
3187 3510 3332 3564 enim
3366 3508 3529 3561 timor

1945 3620 2028 3662 est.
2057 3609 2146 3678 qui
2180 3608 2340 3662 nobis
2367 3607 2510 3676 parit
2535 3607 2726 3659 mortis
2755 3614 2978 3668 metum,
3004 3603 3282 3672 nobisque,
3306 3609 3364 3653 ut
3400 3612 3527 3668 per-

1946 3716 2197 3756 sonarum
2245 3699 2537 3770 dignitates
2575 3699 2956 3760 formidemus,
2995 3694 3207 3749 suadet.
3244 3690 3530 3759 Quomodo

1947 3793 2086 3848 enim
2124 3791 2216 3861 qui
2265 3791 2452 3846 istbmc
2484 3790 2705 3853 metuit,
2745 3789 2942 3858 poterit
2986 3795 3230 3855 tempore
3281 3780 3528 3851 martyrii

1949 3885 2013 3939 ad
2045 3893 2273 3938 mortem
2301 3896 2474 3952 usque
2506 3890 2733 3951 peccato
2771 3880 3044 3942 resistere,
3083 3892 3146 3930 ac
3177 3874 3406 3929 Domino
3434 3873 3527 3942 qui

1951 3992 2046 4045 pro
2072 3975 2226 4030 nobis
2246 3983 2492 4029 mortuus
2517 3982 2674 4028 estet
2712 3971 3030 4035 resurrexit,
3061 3969 3302 4024 debitum
3347 3962 3529 4021 exsol~

1953 4069 2123 4123 vere?
2154 4068 2217 4122 Et
2244 4068 2387 4139 quia
2428 4067 2761 4122 daemonibus
2797 4065 2956 4121 facile
2987 4072 3344 4135 perterretur,
3373 4061 3426 4115 in
3469 4076 3529 4115 se

1953 4163 2070 4231 ipso
2095 4161 2371 4215 inimicum
2406 4161 2654 4214 timorem
2684 4159 2865 4214 habet.
2895 4158 2959 4212 Et
2995 4173 3102 4212 uno
3129 4157 3316 4219 verbo,
3350 4153 3530 4222 hujus-

1954 4253 2096 4308 modi
2142 4253 2302 4308 timor
2346 4252 2681 4322 perturbatio
2729 4251 2975 4320 quaedam
3030 4264 3097 4303 ex
3155 4245 3532 4302 incredulitate

1955 4355 2212 4414 prognata
2251 4345 2464 4399 videtur
2496 4358 2638 4399 esse.
2681 4341 2850 4397 Nemo
2902 4341 3044 4397 enim
3085 4339 3178 4409 qui
3211 4338 3312 4393 sibi
3341 4336 3534 4390 adesse

1958 4436 2130 4491 credit
2174 4435 2367 4490 fortem
2417 4434 2818 4501 auxiliatorem,
2859 4432 3011 4487 timet
3057 4430 3290 4499 aliquem
3319 4441 3529 4489 eorum,

1960 4528 2052 4598 qui
2092 4527 2265 4598 ipsum
2312 4528 2639 4581 conturbare
2679 4533 2964 4580 conantur.
3003 4522 3188 4577 Timor
3213 4530 3392 4573 autem
3437 4518 3534 4587 qui

1963 4619 2216 4676 salutaris
2248 4631 2352 4686 est,
2373 4630 2427 4674 et
2447 4619 2605 4673 timor
2626 4619 2716 4688 qui
2740 4617 2953 4673 confert
2975 4614 3338 4679 sanctitatem,
3370 4611 3533 4666 timur

1966 4715 2057 4784 qui
2083 4715 2149 4768 de
2178 4713 2463 4779 industria,
2497 4722 2552 4767 et
2592 4728 2697 4766 non
2730 4711 3024 4766 secundum
3056 4705 3393 4761 all'ectiouem
3417 4703 3535 4756 ani-

1969 4823 2058 4862 mo
2086 4808 2302 4872 accidit,
2331 4807 2413 4861 vis
2436 4820 2701 4876 exponam
2729 4803 2904 4874 qualis
2932 4801 3042 4856 sit?
3065 4801 3145 4855 Ad
3176 4797 3392 4868 aliquod
3417 4810 3536 4866 pec-

1969 4907 2146 4954 catum
2190 4897 2389 4967 impelli
2428 4897 2486 4952 te
2527 4913 2649 4950 cum
2680 4895 2900 4960 videris,
2942 4891 3266 4949 horrendum
3317 4886 3445 4943 illud
3481 4897 3535 4940 et

1970 5202 2175 5258 pretcm
2228 5199 2465 5243 veterem
2527 5187 2900 5258 imprudenter
2947 5181 3230 5258 vulgatam
3290 5188 3534 5257 secutum

1971 5250 2162 5321 fuisse,
2222 5274 2320 5314 nec
2356 5259 2545 5327 psalmi
2571 5250 2731 5312 verba
2757 5257 2844 5310 hic
2878 5255 3013 5309 verti
3059 5250 3338 5327 debuisse.
3399 5264 3431 5300 a
3472 5250 3536 5327 ti-

1971 5347 2112 5384 more
2142 5319 2367 5393 inimiei,
2401 5329 2518 5392 sed,
2549 5345 2582 5381 η
2617 5329 2801 5381 timore
2830 5327 3066 5379 inimico.
3094 5322 3199 5393 lies
3227 5323 3294 5373 ita
3331 5319 3541 5393 perspi-

1968 5417 2069 5455 cua
2098 5412 2206 5463 est,
2241 5409 2300 5453 ut.
2352 5390 2528 5463 nemo,
2571 5402 2795 5466 opinor,
2847 5397 3012 5450 homo
3048 5394 3138 5466 qui
3181 5391 3324 5444 hunc
3361 5390 3538 5443 locum

1922 5484 1938 5497 '
1968 5481 2174 5525 attente
2201 5469 2411 5538 legerit,
2446 5486 2509 5524 ea
2536 5464 2619 5524 de
2636 5485 2693 5524 re
2714 5467 3059 5538 dubitaturus
3089 5464 3181 5517 sit.

2042 5543 2119 5611 (4)
2148 5530 2282 5608 Ριεεῖ
2307 5530 2574 5595 secundus
2596 5537 2953 5608 καταστῆναι.
2971 5533 3090 5588 Mox
3112 5546 3242 5586 mss.
3269 5545 3359 5585 sex
3381 5530 3538 5604 ἐγερ-

1970 5610 2139 5671 θέντι.
2168 5613 2307 5666 Editi
2334 5627 2461 5666 vero
2483 5610 2776 5665 ἀναστάντι

2042 5669 2229 5752 (stlta
2261 5692 2494 5752 quatuor
2518 5697 2646 5738 mss.
2677 5695 2798 5736 cum
2852 5676 3089 5735 editione
3130 5671 3293 5728 Basil.
3358 5669 3560 5730 Editie.

1970 5770 2094 5813 vero
2122 5755 2290 5810 Paris.
2317 5753 2519 5817 ὁποῖος.

1961 5905 1988 5938 ι.
