4008 6402
553 295 656 352 δτι

1908 298 1966 351 S.
2007 294 2253 350 BASlLll
2296 294 2508 352 MAGNI
3737 298 3818 353 372

553 396 895 461 intolerabile
935 402 1134 458 Christi
1161 404 1417 468 tribunal,
1451 421 1654 475 quaeso,
1682 407 1861 478 cogita
1890 428 1904 463 :
1948 409 2001 462 in
2031 425 2138 479 quo

2253 409 2410 460 Ὀταν
2442 407 2643 480 μέλλῃς
2668 406 2760 460 ὲπί
2786 424 2907 461 τινα
2929 406 3105 477 ὁρμᾷν
3130 403 3461 474 ἁμαρτίαν,
3490 405 3731 477 ἐννόησόν
3754 429 3820 479 μοι

552 499 805 572 praesidet
856 496 1071 564 quidem
1103 496 1268 565 judex
1304 500 1357 551 in
1405 499 1514 553 alto
1553 499 1786 568 quodam
1826 509 1880 554 et
1924 503 2137 556 sublimi

558 589 964 653 throno,omnis
995 602 1124 642 vero
1149 601 1394 642 creatura
1436 591 1505 644 ob
1536 591 1828 662 gloriosum
1861 594 1978 663 ejus
2017 609 2140 648 con-

555 689 798 748 Spectum
831 680 1258 734 contremiscens
1285 690 1458 746 astat;
1496 682 1604 738 imo
1636 698 1766 737 vero
1791 683 2028 738 futurum
2059 695 2141 740 est

554 780 617 827 ιιι
654 769 850 838 singuli
892 771 1241 836 adducamur,
1273 787 1459 826 eormn
1495 789 1614 842 quae
1644 775 1696 827 in
1731 775 1837 829 vita
1871 778 2142 844 egerimus

560 877 789 917 examen
817 863 1067 917 subituri.
1103 865 1302 918 Deinde
1329 865 1399 930 ei,
1435 867 1526 934 qui
1559 867 1726 921 multa
1763 868 1900 922 mala
1931 885 2027 936 per
2059 871 2140 922 vi-

563 965 672 1010 tam
703 958 1115 1026 perpetraverit,
1148 959 1438 1012 horribiles
1463 959 1683 1028 quidam
1723 975 1786 1016 ac
1821 962 2020 1016 morosi
2052 979 2145 1016 an-

562 1049 666 1118 geli
705 1049 977 1115 assident,
1024 1051 1201 1119 ignem
1256 1065 1322 1104 ex
1368 1052 1543 1105 oculis
1587 1053 1929 1118 emittentes,
1965 1054 2142 1123 ignem

563 1144 860 1213 spirantes,
914 1155 1133 1214 propter
1176 1146 1342 1198 animi
1384 1147 1757 1211 acerbitatem,
1816 1147 1957 1201 nocti
1996 1147 2142 1201 vultu

563 1237 784 1299 similes,
817 1237 886 1292 ob
926 1236 1079 1292 faciei
1125 1238 1470 1292 tetricitatem
1520 1249 1572 1294 et
1621 1241 1901 1293 hominum
1939 1241 2141 1295 odium.

566 1326 753 1378 Postea
785 1325 966 1381 animo
1011 1327 1102 1381 tibi
1137 1327 1308 1397 ﬁngas
1343 1329 1658 1384 barathrum
1691 1330 2033 1400 profundum,
2066 1341 2143 1385 te-

565 1419 761 1473 nebras
788 1419 1251 1488 impettetrabiles,
1290 1422 1465 1490 ignem
1515 1421 1817 1492 splendoris
1848 1433 2142 1489 expertem,

566 1513 674 1564 vim
706 1512 921 1580 quidem
956 1513 1145 1568 urendi
1185 1513 1238 1565 in
1273 1515 1510 1568 tenebris
1552 1515 1859 1582 habentem,
1889 1516 1982 1569 sed
2030 1515 2147 1568 luce

569 1603 880 1657 destitutum
911 1622 924 1657 :
961 1603 1191 1658 subinde
1230 1605 1492 1659 vermium
1526 1607 1795 1675 quoddam
1850 1621 2018 1675 genus
2057 1623 2148 1661 ve-

566 1706 826 1748 nenatum
863 1709 925 1748 ac
957 1693 1326 1758 carttivorunt,
1372 1697 1538 1749 edens
1596 1697 2001 1761 insatiabiliter,
2051 1712 2147 1751 nec

569 1799 806 1851 unquam
845 1785 1192 1848 exsatiatum,
1229 1785 1596 1841 intolerabiles
1637 1788 1849 1842 dolores
1882 1789 2150 1842 morsibus

571 1874 869 1928 inducens:
907 1883 1180 1943 postremo
1235 1876 1554 1945 supplicium
1609 1881 1846 1933 omnium
1893 1883 2151 1950 gravissi—

571 1981 742 2033 mum,
776 1965 1036 2034 probrum
1078 1966 1205 2020 illud
1237 1979 1289 2020 et
1319 1969 1551 2025 dedecus
1582 1972 1990 2040 sempiternum.
2026 1974 2150 2029 l-lzec

572 2055 720 2120 time,
750 2064 805 2108 et
842 2055 945 2110 hoc
973 2057 1165 2110 timore
1187 2059 1448 2126 eruditus,
1487 2062 1639 2129 quasi
1664 2061 1817 2118 freno
1855 2066 2085 2134 quodam
2120 2082 2147 2116 a

571 2147 752 2214 pravis
783 2147 1234 2214 concupiscentiis
1287 2158 1432 2203 tuam
1478 2152 1668 2206 cohibe
1704 2155 1963 2209 animam.
1997 2154 2150 2209 Hunc

570 2238 781 2293 Domini
813 2238 1056 2293 timorem
1094 2240 1252 2310 152
1302 2241 1586 2297 doctarum
1625 2260 1684 2299 se
1730 2261 1826 2300 nos
1872 2259 2023 2315 pater
2062 2247 2152 2301 ille

571 2332 856 2402 promisit;
916 2349 1022 2387 non
1071 2335 1546 2389 indiscrimiuatim
1581 2337 1797 2406 quidem
1839 2338 2148 2401 docturum,

572 2423 664 2476 sed
700 2438 815 2489 eos,
841 2425 933 2493 qui
983 2426 1031 2479 ei
1074 2427 1386 2482 auscultare
1431 2429 1656 2495 volunt,
1687 2446 1791 2484 non
1845 2431 1933 2484 ditt
1987 2431 2152 2486 colla-

573 2529 720 2582 psos,
765 2516 858 2568 sed
893 2531 1010 2580 eos,
1048 2517 1138 2584 qui
1175 2526 1395 2586 propter
1439 2519 1630 2573 salutis
1680 2520 2008 2574 desiderium
2056 2538 2146 2576 ac-

573 2613 836 2658 currunt:
866 2620 969 2659 non
1001 2616 1274 2660 extraneos
1305 2625 1335 2660 a
1355 2607 1697 2663 Testamentis
1720 2611 1784 2674 δι,
1813 2611 1905 2664 sed
1930 2625 2043 2674 eos,
2063 2612 2152 2680 qui

574 2712 642 2749 rx
689 2695 1012 2764 baptismate
1050 2697 1215 2751 verbo
1256 2700 1560 2768 ad0ptionis
1601 2701 1647 2754 ei
1685 2701 1956 2768 conjuncti
2007 2713 2151 2758 sunt.

574 2789 887 2854 Pt-Opterea,
929 2789 1125 2860 inquit,
1166 2791 1376 2854 venite;
1411 2792 1514 2845 hoc
1540 2799 1639 2854 est,
1679 2808 1774 2861 per
1817 2793 1954 2846 bona
1987 2809 2153 2860 opera

578 2879 1000 2948 :tppropinquate
1032 2883 1098 2934 ad
1135 2897 1239 2949 me,
1278 2883 1393 2946 lilii,
1422 2882 1571 2959 digni
1605 2884 1772 2937 habiti
1801 2885 1893 2953 qui
1947 2900 2041 2953 per
2076 2899 2155 2937 re-

578 2972 977 3040 generationem
1014 2973 1104 3027 lilii
1153 2973 1289 3027 lucis
1333 2976 1529 3030 essetis
1554 2977 1619 3030 ⁸⁸.
1651 2977 1867 3040 Audite,
1926 2993 2023 3032 vos
2063 2979 2154 3046 qui

580 3078 741 3116 aures
770 3064 948 3116 cordis
984 3063 1194 3117 habetis
1229 3072 1476 3134 apertas;
1507 3068 1746 3120 timorem
1774 3067 1982 3121 Domini
2011 3071 2157 3121 doce-

581 3156 643 3209 bo
693 3173 776 3209 vos
809 3173 826 3220 ;
857 3172 977 3209 eum
1023 3157 1273 3211 videlicet
1314 3173 1474 3227 quem
1525 3159 1676 3214 vobis
1713 3159 1992 3228 aliquanto
2030 3171 2155 3214 ante

580 3249 980 3318 descripsimus.

652 3428 706 3483 9.
746 3428 905 3482 Vens.
938 3428 1022 3481 15.
1053 3427 1184 3493 Quis
1211 3439 1284 3482 est
1307 3429 1462 3482 homo
1489 3430 1576 3498 qui
1602 3428 1705 3483 vult
1736 3431 1914 3493 vitam,
1935 3431 2155 3500 diligens

581 3521 692 3573 dies
721 3521 894 3573 videre
921 3521 1126 3573 bonos?
1158 3519 1211 3573 Si
1246 3522 1389 3590 quis,
1425 3521 1622 3588 inquit,
1675 3521 1787 3574 vult
1827 3523 2015 3587 vitam,
2051 3541 2154 3578 non

583 3626 925 3665 communem
960 3611 1122 3676 hanc,
1181 3627 1344 3681 quant
1375 3620 1430 3665 et
1459 3611 1614 3665 bruta
1646 3613 1854 3676 vivunt,
1905 3615 1998 3666 sed
2036 3628 2153 3666 eam

584 3718 705 3772 quae
737 3718 863 3757 vere
911 3703 1018 3757 vita
1069 3713 1174 3768 est,
1225 3714 1279 3757 et
1315 3713 1489 3758 morte
1528 3719 1631 3758 non
1683 3705 1976 3758 dirimitur.
2007 3705 2158 3761 Nunc

582 3795 749 3860 enim,
772 3795 964 3863 inquit,
990 3796 1281 3860 morimini,
1305 3795 1372 3848 Et
1404 3797 1510 3850 vita
1537 3807 1713 3850 nostra
1745 3807 1818 3849 est
1849 3798 2156 3852 abscondita

584 3903 702 3939 cum
735 3886 942 3941 Christo
971 3888 1022 3939 in
1051 3888 1191 3941 Deo:
1235 3904 1354 3942 cum
1380 3905 1498 3942 vero
1527 3887 1768 3943 Christus
1812 3892 2114 3957 apparuerit
2139 3930 2153 3953 ,

585 3979 687 4028 rita
725 3986 904 4030 nostra
927 4018 942 4045 ,
981 3987 1102 4030 tunc
1132 3988 1178 4032 et
1211 3995 1297 4032 vos
1329 3979 1647 4048 apparebitis
1684 3995 1798 4031 cum
1818 3980 1931 4045 ipso
1966 3983 2018 4031 in
2046 3980 2157 4049 glo-

587 4071 666 4121 ria
700 4067 763 4123 ⁸⁸.
798 4068 965 4138 Igitur
1019 4085 1147 4123 vere
1192 4071 1300 4123 vita
1356 4079 1441 4124 est
1476 4071 1746 4134 Christus,
1780 4082 1833 4124 et
1884 4082 2065 4124 nostra
2104 4072 2155 4126 Ξιι

589 4163 706 4226 ipso
753 4159 1100 4214 conversatio
1131 4160 1243 4213 vita
1277 4175 1405 4213 vera
1449 4169 1553 4215 est.
1584 4158 1848 4214 Similiter
1883 4171 2061 4215 autem
2103 4170 2156 4215 et

593 4255 711 4307 dies
761 4252 851 4306 alii
892 4263 1018 4319 sunt
1052 4253 1200 4319 boni,
1237 4268 1372 4323 quos
1423 4253 1476 4307 in
1510 4255 1867 4324 promissione
1905 4257 2157 4324 proponit

584 4345 871 4416 Propheta.
894 4345 1022 4411 Quis
1049 4356 1124 4399 est
1152 4351 1305 4399 homo
1332 4348 1420 4418 qui
1453 4347 1557 4400 vult
1589 4348 1764 4408 vitam,
1797 4347 2019 4417 diligens
2049 4349 2156 4401 dies

2242 502 2418 552 ἐκεῖνο
2448 501 2508 553 τὸ
2544 500 2768 570 φρικτὸν
2799 501 2891 552 καὶ
2929 497 3260 552 ἀνύποιστον
3305 497 3410 549 τοῦ
3440 497 3677 568 Χριστοῦ
3699 501 3816 556 atm-

2243 593 2484 662 στήριον,
2536 593 2593 644 ἐν
2628 584 2671 659 ᾦ
2712 589 3109 663 προκαθέζεται
3158 589 3266 660 μὲν
3319 590 3425 642 ἐπὶ
3474 589 3666 660 θρόνου
3709 594 3819 657 τινὸς

2246 681 2450 751 ὑψηλοῦ
2475 682 2568 735 καὶ
2602 682 2909 753 ἐπηρμένου
2941 683 2968 732 ό
2997 681 3212 752 κριτὴς,
3251 679 3599 750 παρέστηκε
3626 679 3678 734 δὲ
3705 686 3818 738 πᾶσα

2243 776 2276 844 ὴ
2303 775 2478 836 κτίσις
2501 774 2885 844 ὑποτρέμουσα
2923 774 3020 843 τὴν
3051 773 3395 841 ἐπιφάνειαν
3435 772 3612 824 αὐτοῦ
3644 775 3731 842 τὴν
3759 777 3817 826 ἒν-

2243 863 2422 928 δοξονο
2457 863 2800 936 παράγεσθαι
2844 864 2899 916 δὲ
2933 862 3195 935 μέλλομεν
3241 863 3380 915 καθ’
3418 864 3522 917 ἕνα
3565 865 3642 928 εἰς
3668 865 3816 929 ἐξέτα-

2247 975 2330 1010 σιν
2373 957 2481 1010 τῶν
2529 957 2874 1027 βεϐιωμένων
2923 958 3074 1026 ἡμῖν.
3121 952 3262 1008 Εἶτα
3302 956 3391 1027 τῷ
3428 957 3609 1010 πολλά
3646 961 3817 1029 πονηρὰ

2247 1047 2567 1117 πεποιηκότι
2604 1047 2743 1100 κατὰ
2770 1047 2859 1099 τὸν
2883 1046 2994 1116 βίον
3024 1046 3248 1117 φοϐεροί
3279 1064 3445 1111 τινες
3477 1049 3574 1101 καὶ
3597 1055 3818 1120 κατηφεῖς

2247 1142 2604 1212 παρίστανται
2635 1140 2876 1207 ἄγγελοι,
2910 1139 3019 1211 πῦρ
3052 1139 3381 1208 βλέποντες,
3415 1140 3534 1211 πῦρ
3563 1142 3817 1194 ἀναπνέω-

2245 1250 2355 1294 τες,
2399 1232 2485 1284 διὰ
2513 1233 2612 1302 τὴν
2659 1232 2880 1301 πικρίαν
2917 1230 3016 1299 τῆς
3043 1231 3465 1302 προαιρέσεως,
3506 1232 3661 1284 νυκτί
3687 1233 3818 1284 ἐοικὸ-

2245 1339 2336 1384 τες
2377 1321 2446 1373 τὰ
2474 1321 2757 1392 πρόσωπα,
2807 1320 2896 1373 διὰ
2925 1320 2983 1373 τὸ
3010 1323 3256 1390 κατηφὲς
3300 1323 3405 1374 καὶ
3447 1323 3814 1394 μισάνθρωπον,

2248 1413 2380 1470 Εἶτα
2433 1416 2704 1488 βάραθρον
2745 1415 2902 1486 βαθὺ,
2947 1415 3038 1468 καὶ
3085 1415 3288 1477 σκότος
3324 1413 3715 1479 ἁδιεξόδευτον,
3752 1419 3817 1467 καί

2249 1509 2359 1580 πῦρ
2385 1508 2661 1578 ἀλαμπές·
2697 1510 2752 1560 ἐν
2779 1508 2854 1578 τῷ
2890 1507 3070 1559 σκότει
3092 1507 3190 1577 τὴν
3230 1507 3339 1576 μὲν
3370 1508 3676 1576 καυστικὴν
3696 1507 3817 1558 δύνα-

2253 1620 2343 1671 μιν
2367 1601 2507 1670 ἕχον,
2549 1600 2609 1652 τὺ
2638 1599 2693 1652 δὲ
2720 1600 2918 1668 φέγγος
2957 1599 3350 1668 ἀφῃρημένον.
3388 1593 3532 1650 Εἶτα
3566 1596 3818 1666 σκωλήκων

2250 1694 2404 1761 γένος
2431 1691 2632 1744 ἰοϐόλον
2670 1691 2763 1742 καὶ
2797 1691 3160 1761 σαρκοφάγον,
3183 1688 3500 1759 ἀπλήστως
3535 1688 3720 1749 ἐσθίον,
3746 1691 3815 1740 καὶ

2183 1771 2223 1824 Β
2257 1785 2522 1854 μηδέποτε
2567 1783 2978 1852 κορεννύμενον,
3015 1782 3336 1851 ἀφορήτους
3368 1780 3569 1841 ὀδύνας
3597 1778 3815 1848 ἐμποιοῦν

2252 1878 2316 1945 τῇ
2348 1873 2710 1945 καταὸρώσει.
2747 1871 2878 1926 Εἶτα
2911 1874 3008 1944 τὴν
3041 1873 3230 1925 πασῶν
3259 1872 3665 1942 χαλεπωτάτην
3691 1871 3812 1923 κόλα-

2253 1981 2357 2030 σιν,
2393 1966 2482 2017 τὸν
2501 1964 2800 2034 ὀνειδισμὸν
2832 1965 3031 2016 ἐκεῖνον
3058 1963 3149 2015 καὶ
3178 1964 3282 2032 τὴν
3309 1962 3586 2031 αἰσχύνην
3606 1963 3698 2030 τὴν
3717 1960 3814 2014 αξὼ-

2251 2074 2382 2110 νιον.
2412 2056 2594 2109 Ταῦτα
2634 2054 2800 2124 φοϐοῦ
2823 2072 2834 2084 ·
2879 2056 2972 2108 καὶ
3007 2055 3178 2124 τούτῳ
3210 2054 3296 2124 τῷ
3329 2053 3490 2124 φόϐῳ
3533 2053 3809 2122 παιδευόμε-

2251 2167 2359 2213 νος,
2398 2150 2561 2202 οἱονεὶ
2595 2149 2794 2219 χαλινῷ
2825 2167 2928 2201 τινι
2963 2149 3239 2201 ἀνάκοπτε
3276 2148 3381 2217 τὴν
3411 2148 3592 2218 ψυχὴν
3619 2148 3715 2200 ἀπὸ
3738 2147 3810 2213 τῆς

2254 2242 2387 2312 πρὸς
2417 2240 2483 2293 τὰ
2515 2241 2691 2309 φαῦλα.
2721 2241 3031 2310 ἐπιθυμίας.
3053 2239 3259 2292 Τοῦτον
3296 2239 3395 2291 τὸν
3424 2238 3589 2307 φόϐον
3623 2237 3707 2291 τοῦ
3731 2239 3809 2289 Κυ-

2255 2333 2368 2403 ρίου
2399 2333 2666 2386 διδάσκειν
2693 2334 2838 2404 ήμᾶς
2863 2335 2890 2384 6
2913 2331 3091 2402 πατὴρ
3120 2331 3530 2400 ἐπηγγείλατο·
3557 2330 3651 2399 οὐχ
3664 2327 3808 2386 ἁπλῶς

2250 2425 2542 2491 διδάσκειν,
2583 2425 2715 2478 ἀλλά
2741 2426 2865 2489 τοὺς
2894 2425 3110 2478 ἀκούειν
3147 2423 3322 2476 αὑτοῦ
3357 2421 3804 2494 προαιρουμένους

2252 2517 2312 2568 ού
2351 2517 2476 2579 τοὺς
2509 2515 2724 2586 μακρὰν
2759 2515 3134 2576 ἀποπεσόντας
3160 2513 3264 2582 (6),
3308 2512 3451 2566 ἀλλὰ
3477 2514 3598 2575 τοὺς
3638 2512 3694 2563 δι’
3718 2512 3808 2562 ὲπι-

2254 2608 2450 2678 θυμίαν
2484 2608 2575 2661 τοῦ
2606 2606 3301 2678 σωθῆναιπροστρέχοντας
3326 2623 3340 2634 °
3371 2607 3436 2658 ού
3468 2605 3606 2668 τοὺς
3634 2602 3805 2666 ξένους

2255 2701 2372 2754 τῶν
2399 2698 2724 2766 Διαθηκῶιο,
2763 2699 2896 2752 ἀλλά
2931 2701 3053 2762 τοὺς
3099 2702 3163 2751 ὲκ
3195 2699 3295 2753 τοῦ
3328 2700 3698 2770 βαπτίσματος
3731 2696 3802 2761 τῇς

2255 2793 2525 2855 υἱοθεσίας
2567 2793 2965 2864 οἰκειουμένους
3000 2791 3077 2861 τῷ
3115 2791 3283 2862 λόγῳ.
3340 2793 3444 2845 Διὰ
3477 2790 3645 2852 τοῦτο,
3683 2787 3800 2856 φηπὶ.

2254 2883 2406 2937 δεῦτε
2425 2902 2437 2914 ’
2466 2884 2732 2946 τουτέστι,
2761 2883 2846 2936 διὰ
2867 2883 2972 2936 τῶν
2996 2881 3212 2949 ἀγαθῶν
3240 2882 3428 2952 ἔργων
3455 2878 3695 2948 ὲγγίσατέ
3717 2893 3799 2946 μοι.

2257 2978 2440 3037 τέκνα,
2499 2977 2603 3029 υίοί
2655 2975 2830 3045 φωτὸς
2886 2974 3137 3042 γενέσθαι
3173 2974 3265 3028 διὰ
3293 2975 3398 3044 τῆς
3433 2967 3802 3040 παλιγγενεσίας

2259 3067 2705 3133 καταξιωθέντες.
2765 3067 3077 3129 Ἀκούσατε,
3135 3068 3184 3119 οἰ
3228 3067 3455 3136 ἔχοντες
3501 3064 3567 3117 τὰ
3614 3057 3712 3116 ὦτα
3743 3060 3798 3127 (7)

2257 3164 2355 3232 τῆς
2408 3161 2631 3232 καρδίας
2697 3160 3054 3230 ἀνεῳγμένα·
3108 3160 3308 3212 Φόϐον
3355 3159 3578 3224 Κυρίου
3624 3151 3798 3214 διδάξω

2259 3253 2443 3323 ὑμᾶς·
2492 3252 2701 3317 τοῦτον,
2739 3252 2796 3304 ὃν
2835 3253 3013 3322 μικρῷ
3054 3251 3295 3324 πρόσθεν
3339 3252 3368 3303 6
3400 3250 3555 3318 λόγος
3583 3249 3696 3316 ὑμῖν
3722 3246 3797 3296 ὑπ-

2258 3353 2517 3424 έγραψεν.

2328 3447 2378 3499 9.
2431 3441 2523 3510 Τῖς
2573 3445 2729 3497 eam
2784 3442 3089 3508 ἅνθρωπος
3141 3443 3174 3493 ὁ
3229 3439 3430 3493 θέλων
3471 3437 3648 3501 ζωὴν,
3683 3433 3790 3500 ἀτα-

2259 3534 2390 3588 πῶν
2432 3534 2655 3603 ἡμέρας
2707 3532 2853 3585 ἰδεῖν
2885 3531 3151 3599 ἁγιιθάςς
3215 3530 3287 3582 Εἴ
3333 3547 3420 3591 τις
3472 3527 3627 3586 θέλει,
3676 3520 3792 3591 φησὶ.

2260 3627 2424 3697 ζωὴν,
2460 3627 2520 3679 οὐ
2570 3625 2670 3694 τὴν
2720 3622 2902 3692 κοινὴν
2943 3618 3142 3691 ταύτην
3178 3622 3245 3690 ἣν
3300 3621 3397 3674 καὶ
3431 3618 3498 3671 τὰ
3541 3617 3693 3682 ἄλογα
3727 3611 3791 3679 ζῇ.

2259 3716 2394 3770 ἀλλά
2413 3716 2511 3788 τὴν
2534 3715 2700 3776 ὅντως
2732 3711 2873 3781 ζωὴν
2899 3711 2994 3781 τὴν
3038 3709 3257 3779 θανάτῳ
3291 3710 3368 3779 μὴ
3395 3701 3791 3772 διακοπτομένην.

2259 3809 2372 3861 Νῦν
2404 3808 2532 3878 γὰρ,
2557 3806 2738 3874 φησιν,
2766 3802 3156 3869 ἀποθνήσκετε,
3195 3800 3309 3854 Καὶ
3345 3802 3381 3866 ἡ
3420 3797 3528 3860 ζωὴ
3557 3791 3704 3863 ἡμῶν
3729 3787 3786 3858 (8)

2259 3900 2577 3969 κέκρυπται
2605 3897 2724 3949 σὺν
2760 3893 2839 3958 τῷ
2864 3892 3094 3960 Χριστῷ
3117 3893 3185 3943 ἐν
3223 3891 3302 3956 τῷ
3327 3888 3478 3954 Θεῷο
3514 3887 3650 3940 ὅταν
3681 3880 3735 3933 δὲ

2258 3966 2510 4061 Χριστὸς
2581 3984 2922 4057 φανερωθῇ,
2985 3986 3022 4051 ἡ
3092 3982 3200 4049 ζωὴ
3265 3981 3471 4051 ἡμῶν,
3542 3978 3680 4069 τότε-
3716 3966 3789 4069 περὶ

2258 4082 2425 4151 ὑμεῖς
2453 4081 2574 4134 σὺν
2602 4077 2762 4142 αὐτῷ
2790 4074 3294 4146 φανερωθήσεσθε
3334 4074 3405 4126 ἐν
3430 4070 3592 4137 δόξῃ.
3625 4065 3790 4158 osa-coit}

2260 4175 2418 4244 καὶ-ἠ
2448 4171 2612 4233 ὅντως
2643 4168 2754 4240 ζωὴ
2782 4171 2810 4221 6
2839 4166 3091 4238 Χριστὸς,
3123 4166 3216 4218 καὶ
3247 4168 3279 4234 ἠ
3317 4163 3559 4234 ἡμετέρα
3587 4160 3636 4209 ἐν
3663 4153 3782 4244 αὐτῷ

2257 4243 2498 4335 διαγωγὴ
2534 4263 2642 4332 ζωή
2675 4265 2820 4314 ἐστιν
2850 4258 3096 4330 ἀληθινή.
3140 4258 3376 4327 Ὁμοίως
3409 4255 3466 4308 δὲ
3493 4253 3581 4306 καί
3608 4249 3657 4302 αἱ
3678 4243 3783 4314 ἡμέ-

2265 4375 2351 4427 ραι
2377 4356 2529 4408 ἇλλαι
2551 4355 2687 4406 είσίν
2716 4352 2917 4419 ἀγαθαί
2940 4390 2954 4412 ,
2985 4350 3050 4413 ἃς
3083 4353 3138 4403 ὲν
3168 4348 3474 4417 ἐπαγγελίᾳ
3514 4338 3786 4427 προτίθησιν

585 4439 760 4502 sidere
799 4439 998 4491 bonos?
1033 4438 1154 4493 Dies
1183 4439 1327 4492 enim
1377 4439 1536 4508 hujus
1578 4439 1785 4504 Steculi,
1830 4439 1953 4492 ntali
1983 4446 2109 4493 sunt
2139 4458 2150 4492 :

2258 4425 2285 4502 6
2317 4448 2628 4518 Προῳήτης.
2667 4446 2760 4509 Τίς
2801 4445 2972 4497 ἐστιν
3013 4441 3323 4508 ἅνθρωπος
3361 4443 3393 4492 ό
3437 4435 3614 4492 θέλων
3649 4425 3784 4518 ζωὴν.

587 4529 852 4598 siquidem
883 4540 937 4584 et
964 4531 1065 4584 hoc
1094 4531 1375 4597 szeculum,
1408 4545 1662 4585 mensura
1695 4546 1816 4584 cum
1848 4531 1917 4584 sit
1950 4531 2152 4594 mundi,

587 4626 652 4672 de
685 4637 791 4690 quo
823 4622 1022 4676 dictum
1079 4633 1162 4677 est
1195 4641 1208 4676 :
1253 4622 1484 4676 Mundus
1521 4633 1657 4676 lotus
1717 4625 1769 4675 in
1804 4623 2032 4692 maligno
2060 4640 2156 4691 po-

587 4713 722 4765 situs
753 4724 827 4765 est
859 4714 903 4744 "
932 4756 946 4780 ,
990 4724 1194 4770 natura:
1226 4715 1432 4778 mundi,
1467 4730 1627 4785 quem
1663 4715 1944 4768 dimetitur
1967 4755 1982 4779 ,
2024 4715 2157 4768 assi-

591 4803 830 4858 tnilatur.
867 4804 930 4863 lli
959 4817 1138 4861 autem
1169 4809 1282 4862 dies
1316 4817 1496 4876 partes
1531 4815 1661 4862 sunt
1692 4807 1850 4876 hujus
1875 4809 2153 4875 temporis.

589 4897 930 4964 Quapropter
972 4899 1104 4953 dicit
1155 4899 1489 4968 Apostolus:
1545 4898 1876 4953 Redimentes
1935 4910 2158 4966 lempus,

587 4988 838 5055 quoniam
891 4989 1004 5041 dies
1054 4991 1178 5044 mali
1220 5003 1340 5044 sunt
1396 4992 1462 5045 ⁸⁸.
1494 4991 1734 5060 Itemque
1762 4989 1926 5046 Jacob
1960 5011 1973 5045 :
2015 4991 2156 5056 Dies,

592 5081 786 5147 inquit,
814 5097 1070 5134 annorum
1100 5101 1327 5136 meorum
1379 5084 1535 5151 pauci
1563 5093 1610 5136 et
1640 5084 1767 5135 mali
1801 5093 1922 5137 sunt
1955 5085 2020 5137 θ’.
2047 5084 2153 5137 Ita-

664 5219 708 5249 “
742 5215 933 5282 Ephes.
967 5216 1138 5282 ".12.
1216 5218 1260 5249 ⁸⁵
1293 5216 1308 5270 Ι
1340 5217 1530 5272 Thess.
1567 5233 1615 5279 V,
1655 5217 1709 5270 5.

597 5302 769 5353 XLV",
811 5287 844 5340 9

667 5445 743 5513 (6)
792 5446 936 5510 Τοὺς
955 5442 1194 5513 μακρὰν
1217 5443 1671 5507 ἀποπεσόντας,
1714 5451 1862 5496 verte
1900 5460 1914 5497 :
1959 5460 2044 5498 eos
2083 5444 2170 5512 qui

596 5516 778 5582 procul
818 5517 949 5583 lapsi
984 5526 1124 5568 sunt.
1154 5514 1364 5570 MABAN.

669 5586 745 5654 l7)
777 5585 846 5639 Ita
874 5577 1032 5647 'mss.,
1067 5600 1170 5638 non
1199 5586 1373 5653 pauci.
1409 5584 1545 5639 Editi
1570 5584 1780 5653 ἔχοντες
1805 5577 1941 5636 ὦτα.
1969 5583 2166 5636 Ibidem

599 5657 748 5708 (lolb.
784 5657 986 5719 primus
1017 5657 1192 5725 ἠνεῳγ
1201 5655 1353 5725 μένα.

672 5727 744 5796 (8}
772 5727 862 5780 Sic
902 5743 1030 5782 mss.
1069 5724 1306 5782 ctctlitio
1326 5726 1489 5784 Basil.
1524 5741 1641 5781 cum
1673 5725 1882 5794 vulgato
1909 5724 2155 5794 Scriptu-

1804 5217 1858 5266 .⁶⁶
1889 5216 2093 5271 Coloss.
2127 5234 2206 5281 ιιι,
2236 5218 2286 5279 5,
2321 5219 2372 5271 ιι.

2266 4517 2513 4608 ἀγαπῶν
2556 4536 2780 4605 ἡμέρας
2817 4534 2964 4588 ἰδεῖν
2987 4532 3253 4604 ἀγαθιίς;
3301 4533 3365 4584 Αἰ
3400 4529 3504 4598 γὰρ
3527 4523 3612 4578 τοῦ
3633 4517 3784 4608 αίῶνος

2265 4633 2452 4686 τούτου
2482 4630 2683 4702 ἡμέραι
2735 4627 3004 4698 πονηραὶ,
3053 4625 3240 4694 ἐπειδὴ
3286 4623 3379 4676 καὶ
3416 4623 3443 4674 6
3487 4617 3609 4671 αἰὼν
3645 4602 3781 4665 οὗτος.

2264 4727 2358 4779 τοῦ
2408 4726 2611 4794 κόσμου
2647 4725 2842 4792 μέτρον
2875 4722 3169 4793 ὑπάρχων,
3210 4720 3339 4791 περὶ
3382 4709 3440 4770 οὗ
3473 4713 3685 4780 εἴρηται.
3721 4702 3782 4798 ὅξι

2277 4819 2328 4870 ’0
2346 4819 2570 4885 κόσμος
2595 4815 2738 4879 ὅλος
2763 4814 2830 4866 ἐν
2849 4811 2929 4878 τῷ
2957 4809 3196 4878 πονηρῷ
3215 4810 3418 4869 κεῖται,
3446 4806 3780 4887 συναφομοιου.

2264 4926 2352 4962 ται
2385 4909 2450 4978 τῇ
2501 4905 2658 4974 φύσει
2686 4903 2779 4957 τοῦ
2814 4903 3016 4972 κόσμου
3044 4901 3102 4954 ὃν
3126 4903 3398 4972 ὲκμετρεῖ.
3442 4894 3586 4962 Μέρη
3626 4887 3673 4939 δὲ
3710 4895 3779 4978 τας

2267 4965 2458 5068 χρόνοῦ
2500 4965 2688 5048 τούτου
2728 4994 2782 5047 αἰ
2830 4965 3034 5062 ἡμέραι
3070 4965 3248 5044 αὗται.
3297 4965 3393 5041 Ᾰιά
3424 4981 3569 5036 τοῦτό
3600 4965 3778 5068 cp?!”

2276 5056 2623 5146 ίλπόστολοςο
2669 5081 3176 5152 Ἑξαγορσζόμενοι
3221 5079 3325 5132 τὸν
3373 5072 3590 5140 καιρὸν,
3628 5063 3700 5114 ὅτι
3735 5056 3779 5107 αλ

2479 5218 2520 5246 ⁸⁷
2559 5214 2754 5268 IJoan.
2796 5230 2849 5279 v,
2878 5213 2962 5266 i9.
3080 5212 3123 5242 ⁸⁸
3152 5210 3345 5281 Epltes.
3377 5221 3426 5271 ν,
3453 5201 3533 5256 l6.
3606 5193 3643 5223 "
3670 5187 3774 5241 Gen.

2279 5460 2348 5496 rm
2374 5454 2537 5497 textu.
2572 5442 2748 5497 Editio
2781 5441 2952 5496 Paris.
3015 5439 3125 5509 ζωὴ
3158 5437 3328 5508 ὑμῶνο
3378 5430 3469 5510 ξηὲ

2282 5475 2348 5496 lar
2375 5475 2537 5497 υῖλιιι.
2572 5475 2748 5497 υυιιιυ
2782 5475 2799 5495 ι
2823 5475 2871 5495 ιιι
2889 5475 2952 5496 Ιδο
3015 5475 3125 5509 ξωιι
3162 5475 3328 5508 νμυινυ
3380 5475 3469 5508 ---;
3506 5475 3528 5491 ~'
3652 5475 3661 5479 -
3752 5498 3769 5510 -

2278 5514 2412 5595 infra
2445 5516 2719 5595 leguntjtr,
2759 5513 2878 5595 τότε
2901 5510 2994 5564 καὶ
3028 5511 3182 5595 ύμεῖς
3215 5509 3306 5590 σὺν
3337 5475 3769 5595 αξξξιξξξινξςρωξέά

2277 5558 2719 5655 ageses:
2745 5558 3182 5655 d'ai.;..'ra.i:ij.;;.:
3220 5558 3276 5631 in
3305 5558 3741 5655 ηειαιιίεςειιεεησο

2277 5642 2726 5726 ιοροι·ἱιιιιιυι·”ἰιι
2765 5653 2884 5709 aliis
2915 5642 3134 5723 perinde
3155 5661 3312 5719 atque
3343 5645 3391 5699 itt
3419 5642 3581 5694 editis.
