4008 6402
251 299 366 356 3'15

1387 307 1677 366 HOMlLlA
1715 310 1784 365 ΙΝ
1825 311 2160 372 PSALMUM
2200 317 2447 374 XXXIII.

3408 327 3512 382 574

250 425 474 496 ἡμέραι
502 430 760 494 πονηραί
781 432 920 483 εισι.
955 433 1064 484 Καὶ
1089 435 1116 484 6
1158 431 1352 485 Ἰακὼϐ
1379 433 1436 485 δὲ
1472 434 1570 504 (9),
1603 441 1672 488 At
1703 435 1839 503 ἡμέ-

1949 454 2053 507 que
2083 455 2224 494 nunc
2247 441 2298 494 in
2334 441 2442 494 vita
2482 457 2589 495 non
2617 458 2828 510 sumus,
2863 444 2956 498 sed
3003 445 3054 498 in
3086 455 3277 501 morte.
3314 445 3516 502 Idcirco

249 534 376 585 ραι,
417 518 571 586 φησὶ,
596 517 711 570 τῶν
731 519 882 572 ἑτῶν
895 538 1015 589 μου
1041 523 1243 590 μικραὶ
1270 523 1368 575 καὶ
1392 527 1669 592 πονηραί,
1702 527 1844 580 Οὐκ-

254 607 356 661 οὖν
423 609 518 662 νῦν
571 609 668 680 μὲν
703 611 802 664 οὐκ
837 613 1001 682 ἐσμὲν
1039 615 1098 665 ἐν
1153 613 1296 684 ζωῇ,
1345 616 1460 669 ἀλλ’
1502 618 1559 669 ἐν
1605 618 1838 688 θανάτῳ.

253 699 353 750 Διὸ
377 700 474 752 καὶ
504 698 704 769 ηὔχετο
725 702 753 752 6
782 703 1122 766 Ἀπόστολος,
1146 704 1319 773 λέγων
1339 725 1352 736 υ
1391 708 1485 771 Τίς
1499 725 1576 776 με
1591 710 1844 776 ῥύσεται

249 786 329 839 ἐκ
375 790 480 842 τοῦ
524 787 798 858 σώματος
841 792 946 844 τοῦ
982 793 1239 848 θανάτου
1274 797 1526 858 τούτου;
1575 799 1740 870 Ἀλλη
1786 800 1843 853 δέ

251 881 346 942 τίς
369 881 484 932 ἐστι
513 879 648 952 ζωή,
693 883 825 956 πρὸς
860 884 928 954 ἣν
965 885 1119 938 καλεῖ
1152 890 1300 958 ἡμᾶς
1335 891 1364 942 ὀ
1394 889 1584 958 λόγος·
1622 892 1716 944 καὶ
1748 891 1843 945 νῦν

257 971 364 1040 μὲν
403 973 456 1023 αἱ
500 972 702 1042 ἡμέραι
734 973 890 1044 ήμῶν
936 978 1191 1047 πονηραὶ,
1231 979 1386 1033 ἄλλαι
1425 981 1482 1034 δέ
1521 982 1664 1044 τινές
1707 984 1843 1035 εἰσιν

251 1062 483 1128 ἀγαθαὶ,
519 1063 584 1126 ἃς
610 1064 707 1128 νὺξ
754 1067 814 1118 οὐ
857 1067 1137 1123 διακόπτει
1159 1089 1172 1101 ·
1215 1070 1366 1124 ἔσται
1399 1073 1506 1143 γὰρ
1531 1074 1560 1125 6
1587 1072 1717 1136 Θεὸς
1747 1074 1843 1126 αὑ-

253 1154 370 1207 τῶν
395 1155 508 1224 φῶς
537 1155 752 1210 αἰώνιον
773 1198 786 1219 ,
821 1159 1192 1231 καταλάμπων
1229 1163 1402 1226 αὐτὰς
1449 1164 1526 1234 τῷ
1558 1166 1697 1233 φωτὶ
1743 1167 1841 1236 τῆς

255 1247 456 1300 ἑαυτοῦ
483 1248 660 1318 δόξης.
698 1250 788 1320 Μὴ
818 1251 1016 1318 τοίνυν,
1047 1254 1177 1306 ὅταν
1201 1255 1442 1328 ἀκούσῃς
1461 1256 1687 1327 ήμερῶν
1707 1258 1842 1324 ἀγα-

255 1341 393 1401 θῶν,
426 1342 523 1410 τὴν
561 1342 793 1395 ἐνταῦθά
835 1362 917 1398 σοι
954 1347 1181 1418 νομίσῃς
1233 1348 1376 1418 ζωὴν
1406 1351 1462 1400 ἐν
1491 1349 1843 1417 ἐπαγγελίαις

256 1432 605 1504 προκεῖσθαι.
645 1434 886 1507 Φθαρταὶ
919 1438 1027 1507 γάρ
1050 1441 1186 1493 εἰσιν
1219 1435 1401 1503 αὗται,
1438 1440 1503 1503 ἃς
1527 1443 1556 1493 6
1589 1441 1841 1510 αἰσθητὸς

249 1524 410 1594 ἥλιος
447 1525 847 1594 ἀπεργάζεται·
895 1531 1046 1583 οὐδὲν
1099 1531 1158 1584 δὲ
1213 1533 1450 1604 φθαρτὸν
1498 1531 1842 1604 ἁρμοζόντως

253 1621 328 1674 ἂν
353 1621 524 1692 δῶρον
551 1622 760 1688 γένοιτο
796 1621 874 1691 τῷ
922 1621 1203 1693 ἀφθάρτῳ.
1254 1625 1316 1676 Εἰ
1358 1624 1465 1694 γὰρ
1501 1623 1776 1694 ἄφθαρτος
1807 1625 1840 1694 ἡ

249 1713 424 1784 ψυχὴ,
455 1715 707 1786 ἄερθαρτα
732 1715 900 1784 αὐτῆς
941 1716 1034 1768 καὶ
1069 1714 1139 1767 τὰ
1164 1715 1499 1786 χαρίσματα.
1552 1717 1661 1768 Καὶ
1688 1719 1841 1782 Παρ-

251 1804 390 1872 (iret
439 1805 506 1856 τὸ
553 1805 763 1874 σχῆμα
809 1805 916 1858 τοῦ
961 1805 1192 1874 κόσμου
1216 1807 1448 1858 τούτου.
1483 1805 1544 1856 Ei
1587 1804 1644 1856 δὲ
1685 1803 1842 1856 σκιὰν
1875 1788 1916 1840 Β

249 1896 372 1964 ἔχει
401 1898 430 1949 6
457 1896 620 1965 νόμος
650 1896 758 1948 τῶν
804 1895 1104 1966 μελλόντων
1143 1895 1363 1964 ἀγαθῶν
1384 1936 1400 1960 ,
1443 1896 1554 1948 νόει
1601 1894 1690 1965 μοί
1721 1912 1841 1948 τινα

251 1985 512 2037 Σάϐϐατα
541 1985 786 2056 τρυφερά
808 2025 821 2047 ,
859 1983 991 2052 am
1013 2025 1026 2048 ,
1056 1987 1121 2038 ὲκ
1161 1986 1270 2038 τῶν
1315 1985 1549 2038 αἰωνίων
1593 1983 1839 2055 ἡμερῶν,

249 2077 570 2147 νεομηνίας,
616 2077 840 2148 ἑορτάς·
878 2077 972 2130 καὶ
1009 2077 1118 2131 νόει
1147 2095 1237 2148 μοι
1278 2077 1443 2143 ἀξίως
1477 2076 1569 2130 τοῦ
1605 2093 1842 2146 πνευμα-

251 2169 412 2223 τικοῦ
446 2171 635 2240 νόμου.
682 2171 931 2224 Παῦσον
965 2169 1079 2237 τὴν
1116 2169 1406 2239 γλῶσσάν
1435 2186 1551 2223 σου
1587 2168 1706 2222 ἀπὸ
1735 2185 1840 2221 κα-

253 2260 391 2325 κοῦ,
435 2263 534 2315 καὶ
573 2263 750 2332 χείλη
785 2279 903 2317 σου
949 2263 1056 2316 τοῦ
1094 2264 1179 2332 μὴ
1215 2261 1481 2329 λαλῆσαι
1525 2261 1728 2314 δόλον.
1780 2262 1840 2313 Ei

254 2354 437 2423 βούλει
476 2357 534 2407 ἐν
581 2357 703 2418 ταῖς
739 2355 974 2425 ἡμέραις
1019 2355 1270 2422 γενέσθαι
1316 2357 1435 2417 ταῖς
1485 2353 1750 2422 ἀγαθαῖς,
1791 2353 1840 2404 εἰ

246 2445 477 2514 ἀγαπᾷς
493 2443 588 2512 τὴν
611 2443 774 2512 ζωὴν,
804 2445 1027 2517 ποίησον
1047 2447 1147 2515 τὴν
1176 2445 1396 2516 ἐντολὴν
1416 2445 1513 2513 τῆς
1534 2443 1678 2513 ζωῆς
1705 2441 1835 2514 (10).

265 2537 320 2588 Ὁ
383 2537 490 2608 γὰρ
531 2536 780 2606 ἀγαπῶν
835 2555 950 2607 με,
1020 2538 1193 2609 φησὶ,
1247 2535 1354 2601 τὰς
1411 2533 1664 2598 ἐντολάς
1721 2551 1840 2602 μου

247 2627 524 2696 τηρήσει.
558 2629 754 2701 Πρώτη
789 2630 845 2682 δὲ
877 2631 1064 2700 ἐντολὴ
1097 2630 1155 2682 τὸ
1177 2670 1191 2693 ,
1222 2628 1428 2681 παῦσαι
1466 2626 1563 2697 τὴν
1591 2626 1840 2694 γλῶσσαν

249 2720 364 2774 ἀπὸ
392 2721 588 2785 κακοῦ,
620 2724 714 2775 καὶ
757 2722 908 2792 χείλη
943 2721 1036 2774 τοῦ
1071 2721 1144 2792 μὴ
1177 2720 1405 2790 λαλῆσαι
1437 2718 1604 2771 δόλον.
1649 2717 1839 2788 Σχεδὸν

249 2811 422 2883 γάρή
458 2815 853 2884 προχειροτάτη
887 2814 982 2866 καὶ
1024 2812 1361 2882 πολύτροπος
1392 2807 1634 2878 ἁμαρτία
1676 2809 1708 2877 ἡ
1753 2807 1839 2860 διά

248 2905 508 2976 γλώσσης
575 2907 724 2958 ἐστὶν
790 2905 1180 2976 ἐνεργουμένη.
1265 2901 1585 2973 Ὠργίσθης;
1653 2899 1746 2952 καὶ
1806 2902 1838 2970 ἡ

248 2999 474 3062 γλῶσσα
497 2998 808 3070 προτρέχει.
849 2999 936 3050 Ἐν
960 2996 1278 3065 ἐπιθυμίαις
1300 2991 1350 3047 εἷ
1375 3011 1388 3059 ;
1423 2994 1516 3046 καὶ
1541 2992 1640 3064 τὴν
1667 2991 1841 3060 γλῶσ-

249 3107 353 3144 σαν
398 3090 544 3160 ἔχεις
586 3090 690 3161 πρὸ
737 3090 954 3143 πάντων
1010 3087 1170 3143 οἱονεί
1209 3105 1330 3140 τινα
1370 3083 1698 3156 μαστρωπὸν
1747 3083 1840 3134 καὶ

250 3184 603 3257 προαγωγὸν,
658 3181 1284 3254 συγκαταπρασσομένην
1316 3181 1382 3249 τῇ
1413 3175 1678 3246 ἁμαρτίᾳ,
1709 3174 1839 3227 καθ-

251 3275 690 3347 υποκρινομένην
748 3275 860 3344 (Η)
927 3273 1052 3336 τοὺς
1098 3271 1344 3341 πλησίον.
1399 3269 1508 3321 Καὶ
1549 3265 1711 3318 ὅπλον
1757 3281 1838 3315 σοι

254 3367 394 3440 πρὸς
439 3367 538 3438 τὴν
579 3367 791 3420 ἀδικίαν
827 3368 860 3436 ή
909 3365 1158 3434 γλῶσσα,
1214 3362 1288 3434 μὴ
1347 3359 1418 3414 τὰ
1465 3359 1572 3412 ἀπὸ
1614 3356 1840 3427 καρδίας

249 3459 626 3530 φθεγγομένη,
654 3459 787 3512 ἀλλὰ
830 3459 898 3510 τὰ
926 3457 1060 3528 πρὸς
1087 3455 1300 3524 ἀπάτην
1328 3451 1696 3523 προφέρουσα.
1732 3447 1841 3499 Καὶ

248 3551 305 3604 τί
350 3551 432 3602 δεῖ
465 3551 640 3602 πάντα
669 3549 748 3620 τῷ
795 3549 937 3618 λόγῳ
989 3546 1259 3612 ἐπεξιέναι
1311 3543 1418 3596 τῶν
1459 3541 1546 3593 διὰ
1591 3539 1841 3607 γλώσσης

247 3639 716 3710 ἁμαρτανομένων
741 3655 756 3702 ;
809 3637 1172 3706 Πεπλήρωται
1203 3631 1358 3703 ήμῶν
1389 3632 1418 3681 6
1449 3629 1562 3699 βίος
1594 3625 1702 3678 τῶν
1732 3623 1841 3675 ἀπὸ

247 3727 508 3796 γλώσσης
548 3728 904 3797 πταισμάτων
956 3726 1088 3795 (ἰῖ).
1141 3719 1526 3794 Αίσχρολογία,
1577 3716 1840 3787 εὐτραπε-

250 3821 366 3885 λία»
415 3819 744 3891 μωρολογία,
789 3819 856 3872 τά
890 3819 990 3872 οὐκ
1035 3818 1326 3887 ἀνήκοντα,
1371 3807 1711 3870 καταλαλιαὶ,
1747 3805 1838 3856 λο-

248 3927 351 3978 γος
398 3911 587 3980 ἀργὸς,
640 3911 917 3981 ἐπιορκίαι
956 3910 1096 3980 (15),
1125 3901 1617 3978 ψευδομαρτυρίαι,
1663 3895 1842 3948 πάντα

249 4001 431 4056 ταῦτα
463 4001 531 4054 τά
563 4002 730 4066 κακὰ,
773 4003 868 4056 καὶ
903 4002 983 4055 ἔτι
1012 4001 1179 4053 πλείω
1206 3997 1428 4059 τούτων,
1457 3994 1554 4064 τῆς
1588 3988 1839 4058 γλώσσης

250 4093 374 4147 ἐστὶ
427 4094 907 4166 δημιουργήματα.
967 4097 1028 4148 Οἱ
1087 4093 1143 4146 δὲ
1194 4091 1498 4158 ἀνοίγοντες
1551 4083 1612 4137 τὸ
1666 4079 1838 4149 στόμα

250 4189 398 4240 κατά
455 4189 553 4258 τῆς
602 4187 760 4260 δόξης
790 4186 882 4238 τοῦ
913 4185 1078 4248 Θεοῦ,
1116 4186 1209 4237 καὶ
1253 4179 1466 4235 ἀδικίαν
1503 4178 1580 4238 εἰς
1612 4173 1672 4225 τὸ
1707 4170 1839 4238 ὕψος

247 4280 567 4346 λαλοῦντες,
595 4280 737 4350 ἄλλῳ
763 4281 870 4332 τινὶ
899 4279 997 4350 τὴν
1059 4275 1312 4330 ἀτὲὗειαν
1356 4271 1451 4325 καὶ
1487 4268 1608 4337 οὐχὶ
1635 4262 1713 4334 τῷ
1745 4263 1838 4332 ὀρ-

252 4373 413 4442 γάνῳ
435 4373 532 4443 τῆς
560 4372 810 4442 γλώσσης
834 4371 1154 4442 ἐργάζονται
1178 4386 1192 4432 ;
1221 4365 1437 4434 Ἐπειδὴ
1469 4359 1560 4416 οὖν
1597 4361 1691 4410 Ἐκ
1722 4369 1838 4406 των

251 4467 458 4533 λόγων
493 4481 607 4517 σου
645 4463 1009 4531 δικαιωθήσῃ
1034 4503 1050 4527 ,
1096 4461 1193 4514 καὶ
1233 4461 1302 4512 ἐκ
1343 4456 1462 4511 τῶν
1497 4455 1692 4522 λόγων
1723 4461 1837 4500 σου

256 4555 694 4624 κατακριοήσῃ,
735 4554 941 4608 παῦσον
972 4555 1069 4624 τὴν
1095 4551 1344 4621 γλῶσσάν
1376 4567 1466 4604 σου
1495 4547 1602 4602 ἀπὸ
1636 4543 1828 4604 κακοῦ,

254 4648 352 4702 καὶ
391 4648 466 4720 μὴ
496 4650 796 4720 ὲνεργήσῃς
825 4648 1241 4719 θησαυρίσματα
1265 4643 1484 4713 γλώσσῃ
1510 4642 1694 4710 ψευδεῖ
1730 4636 1833 4707 μά-

251 4758 406 4794 ταια.
453 4741 666 4794 Παῦσον
710 4741 766 4793 δέ
816 4740 908 4792 καὶ
941 4739 1008 4792 τὰ
1049 4738 1200 4808 χείλη
1241 4755 1332 4788 σου
1359 4735 1450 4788 τοῦ
1498 4733 1571 4804 μὴ
1611 4733 1835 4801 λαλῆσαι

250 4833 424 4886 δόλον·
467 4834 588 4886 ἀντὶ
619 4831 910 4894 τοῦ,⁹’ολον
931 4831 990 4882 τὸ
1021 4830 1248 4900 ὄργανον
1277 4827 1336 4880 τὸ
1365 4827 1500 4897 πρὸς
1529 4827 1627 4896 τὴν
1655 4827 1831 4879 διακοο

1949 536 2114 586 etiam
2144 535 2340 587 orabat
2366 535 2679 602 Apostolus,
2711 537 2895 591 dicens
2925 557 2938 591 :
2998 539 3128 604 Quis
3173 557 3252 595 me
3275 541 3514 596 liberabit

1946 631 2012 677 de
2046 641 2267 693 corpore
2291 628 2472 679 mortis
2498 628 2657 697 hujus
2681 629 2767 681 7°?
2792 631 2909 682 Alia
2931 641 3108 684 autem
3135 634 3378 700 quaedam
3407 634 3514 687 vita

1945 723 2053 780 est,
2081 717 2148 769 ad
2177 731 2342 784 quam
2367 727 2558 770 vocant
2585 734 2684 772 nos
2720 719 2907 772 istlttec
2931 719 3128 783 verba;
3153 730 3208 774 et
3236 737 3381 775 nunc
3405 724 3518 790 qui-

1945 804 2066 858 dem
2124 806 2240 859 dies
2300 808 2470 860 nostri
2513 807 2638 860 mali
2672 819 2833 873 sunt,
2858 808 2947 862 alii
2975 825 3102 863 vero
3132 811 3349 878 quidam
3391 822 3518 864 sunt

1947 897 2095 961 boni,
2137 913 2273 966 quos
2296 913 2399 952 nox
2432 913 2539 952 non
2581 900 2873 954 intercidit.
2898 901 3012 956 Erit
3035 903 3177 956 enim
3204 903 3345 957 Deus
3373 902 3518 971 ipso-

1948 1005 2065 1042 rum
2096 990 2184 1042 lux
2214 991 2567 1059 sempiterna,
2599 1006 2693 1045 eos
2720 993 2905 1060 gloria
2930 1009 3042 1048 suae
3071 993 3186 1049 luce
3216 994 3514 1048 illustrans.

1948 1078 2025 1132 Ne
2053 1080 2218 1148 igitur
2250 1096 2373 1134 cum
2415 1081 2655 1134 audieris
2700 1081 2816 1135 dies
2860 1082 3052 1144 bonos,
3084 1091 3414 1148 praesentem
3440 1081 3516 1136 is-

1948 1183 2055 1225 tam
2083 1174 2246 1225 vitam
2271 1173 2556 1228 existimes
2581 1173 2674 1226 tibi
2709 1174 2932 1242 proponi
2961 1175 3014 1227 in
3040 1175 3511 1242 promissionihus.

1951 1263 2081 1316 Nam
2107 1279 2244 1331 quos
2273 1265 2390 1318 dies
2407 1264 2485 1317 sol
2512 1263 2786 1318 sensibilis
2816 1265 3041 1333 peragit,
3081 1265 3114 1317 ii
3139 1274 3264 1318 sunt
3287 1265 3513 1320 caduci:

1947 1355 2082 1409 nihil
2119 1365 2298 1408 autem
2327 1356 2593 1409 caducum
2641 1357 2837 1425 poterit
2877 1371 2997 1410 esse
3050 1357 3377 1412 conveniens
3420 1359 3518 1412 do-

1946 1465 2073 1501 num
2103 1447 2472 1514 corruptionis
2506 1449 2733 1515 experti.
2765 1446 2976 1501 Etenim
3028 1450 3071 1500 si
3114 1449 3291 1501 anima
3326 1463 3516 1502 corru-

1946 1539 2113 1608 ptinui
2174 1552 2516 1606 nequaquam
2563 1535 2797 1591 obnoxia
2843 1546 2961 1600 est,
3005 1551 3103 1590 nec
3131 1537 3294 1589 etiam
3332 1550 3516 1590 corru-

1944 1629 2115 1698 ptioui
2153 1627 2388 1682 obnoxia
2423 1626 2625 1680 fuerint
2662 1627 2828 1694 ipsius
2861 1627 3019 1680 dona.
3062 1625 3307 1680 Prteterit
3337 1637 3511 1680 autem

1945 1722 2118 1791 ﬁgura
2147 1721 2304 1790 hujus
2341 1721 2528 1773 mundi
2564 1720 2630 1773 ⁷⁸.
2667 1719 2818 1784 Quod
2857 1720 2899 1772 si
2939 1719 3022 1773 lex
3057 1719 3303 1772 umbram
3355 1719 3517 1773 habet

1947 1811 2249 1865 futurorum
2297 1813 2558 1864 bonorum
2585 1811 2631 1842 τ’
2654 1851 2668 1875 ,
2697 1809 2919 1881 ellingas
2950 1808 3108 1863 velim
3145 1809 3324 1862 animo
3377 1811 3517 1863 Sab-

1944 1905 2065 1958 bata
2103 1904 2346 1972 quaedam
2396 1903 2652 1971 jucunda,
2710 1911 2919 1965 sancta,
2960 1917 3026 1954 ex
3075 1902 3291 1955 aeternis
3326 1900 3516 1955 diebus

1944 1997 2200 2062 conﬂata,
2233 2008 2520 2050 nascentes
2547 1995 2724 2058 lunas,
2755 1995 2886 2047 festa
2924 2014 2938 2050 :
2974 1995 3068 2048 sed
3115 1993 3353 2059 intelligo
3398 1995 3469 2046 ita
3498 2030 3514 2056 ,

1945 2100 2002 2142 ut
2032 2089 2203 2157 legem
2229 2086 2566 2156 spiritualem
2592 2087 2766 2139 decet.
2794 2083 2980 2153 (Vens.
3016 2082 3126 2152 M.)
3165 2081 3392 2134 Prohibe
3414 2082 3516 2135 liu—

1944 2197 2099 2250 guam
2131 2191 2274 2232 tuam
2301 2197 2332 2231 a
2355 2178 2518 2242 malo,
2539 2187 2586 2230 et
2617 2177 2760 2230 labia
2781 2187 2872 2228 tua
2907 2192 2968 2228 ne
2999 2176 3283 2244 loquantur
3312 2174 3513 2226 dolum.

1946 2272 2000 2326 Si
2029 2274 2107 2325 vis
2141 2272 2192 2325 in
2229 2270 2418 2324 diebus
2447 2285 2568 2324 esse
2599 2271 2776 2331 bouis,
2801 2269 2846 2322 si
2874 2267 3052 2335 diligis
3087 2266 3272 2330 vitam,
3316 2280 3515 2333 praece-

1943 2375 2091 2434 ptum
2117 2365 2240 2417 vita:
2260 2363 2479 2430 perﬁce.
2508 2360 2611 2424 Qui
2633 2361 2800 2422 enim,
2835 2359 3043 2427 inquit,
3063 2358 3233 2426 diligit
3259 2373 3360 2420 me,
3379 2373 3516 2422 pra:-

1941 2466 2088 2523 cepta
2140 2470 2254 2507 mea
2307 2453 2527 2506 servabit
2567 2453 2632 2503 ⁷³.
2666 2450 2907 2504 Primum
2957 2458 3135 2501 autem
3192 2456 3512 2515 prteceptutn

1941 2557 2041 2610 est,
2088 2545 2376 2616 prohibere
2420 2545 2655 2612 linguam
2687 2558 2715 2596 a
2742 2543 2904 2605 malo,
2936 2551 2988 2596 et
3011 2541 3175 2605 labia,
3203 2555 3267 2592 ne
3296 2539 3515 2606 loquan-

1941 2648 2030 2694 tur
2062 2639 2266 2692 dolum.
2329 2637 2617 2692 Peccatum
2665 2637 2808 2690 euim
2850 2637 2991 2704 quod
3029 2649 3124 2702 per
3150 2633 3382 2700 linguam
3417 2631 3513 2684 ad-

1943 2731 2195 2794 mittitur,
2246 2731 2488 2785 omnium
2539 2730 2650 2784 fere
2684 2726 3166 2782 familiarissimum
3202 2734 3305 2788 est,
3351 2733 3515 2793 atque

1944 2822 2294 2891 multiplicem
2325 2821 2556 2876 formam
2602 2820 2784 2875 habet.
2826 2819 3000 2873 Iratus
3045 2817 3151 2870 es?
3186 2818 3295 2884 jam
3331 2815 3512 2884 lingua

1942 2913 2248 2981 prazcurrit.
2297 2912 2688 2982 Concupiscis?
2719 2912 2882 2964 etiam
2919 2919 3046 2961 ante
3071 2908 3250 2959 οιιιιιίιι
3277 2907 3512 2975 linguam

1943 3005 2108 3059 habes
2135 3005 2285 3074 quasi
2318 3005 2605 3073 quamdam
2633 3003 2806 3056 lenam
2832 3011 2886 3055 et
2910 3000 3353 3061 conciliatricem,
3386 3012 3511 3066 pec-

1941 3099 2046 3147 cati
2089 3094 2244 3164 153
2275 3093 2618 3162 adiutricem,
2655 3109 2718 3146 ac
2745 3091 3030 3147 verborum
3072 3089 3343 3144 lenocinio
3380 3104 3506 3157 pro-

1943 3184 2120 3237 ximos
2163 3184 2574 3238 subducentcm.
2611 3182 2748 3249 Quin
2803 3183 2966 3236 etiam
3014 3181 3192 3250 lingua
3234 3194 3508 3233 armorum

1940 3276 2059 3330 loco
2093 3274 2185 3328 tibi
2212 3285 2296 3328 est
2329 3272 2394 3327 ad
2428 3275 2801 3340 iniquitatem,
2836 3289 2958 3326 cum
2987 3286 3052 3324 ex
3089 3269 3252 3324 corde
3298 3285 3402 3323 non
3432 3269 3511 3322 ιο..

1940 3367 2148 3434 quitur,
2175 3366 2270 3419 sed
2315 3366 2659 3418 fraudulenta
2697 3365 2964 3432 proponit.
3002 3361 3065 3414 Et
3089 3361 3219 3430 quid
3266 3375 3401 3429 Opus
3432 3370 3514 3414 est

1940 3459 2119 3512 verbis
2144 3457 2389 3527 persequi
2429 3457 2609 3509 omnia
2640 3457 2835 3525 lingua:
2878 3455 3142 3523 peccata?
3178 3451 3298 3506 Vita
3330 3463 3511 3506 nostra

1943 3549 2138 3603 referta
2169 3560 2251 3602 est
2277 3550 2473 3616 lingua:
2502 3547 2733 3602 delictis.
2767 3546 2942 3602 Verba
2973 3548 3233 3607 obscena,
3265 3543 3510 3596 scurrili-

1943 3649 2041 3698 tas.
2072 3638 2490 3706 stultiloquium,
2539 3637 2640 3689 alia
2678 3652 2778 3690 non
2812 3635 3210 3697 convenientia,
3243 3633 3513 3687 obtrecta-

1943 3734 2136 3795 tiones,
2178 3733 2385 3785 otiosus
2439 3745 2641 3793 sermo,
2697 3727 2955 3799 periuria,
2997 3728 3130 3782 falsa
3180 3731 3507 3794 testimonia,

1940 3823 2119 3877 omnia
2163 3823 2276 3876 lnec
2318 3821 2483 3885 mala,
2531 3831 2584 3874 et
2626 3821 2711 3874 his
2742 3822 2920 3875 adhuc
2952 3820 3126 3888 plura,
3155 3821 3349 3892 lingua:
3386 3831 3512 3875 sunt

1939 3915 2174 3984 opiﬁcia.
2200 3914 2301 3980 Qui
2330 3929 2456 3968 vero
2487 3912 2748 3967 adversus
2781 3913 2870 3966 Dei
2899 3912 3126 3981 gloriam
3151 3927 3212 3967 os
3240 3913 3508 3981 aperiunt,

1940 4016 1991 4061 et
2030 4006 2371 4074 iniquitatem
2401 4005 2453 4058 in
2486 4005 2758 4058 excelsum
2785 4003 3056 4067 ell'utiunt,
3091 4020 3184 4073 per
3211 4005 3336 4073 quid
3367 4004 3509 4056 aliud

1942 4099 2041 4152 nisi
2064 4114 2158 4164 per
2175 4099 2370 4166 linguae
2392 4098 2811 4151 instrumentum
2839 4095 3170 4165 impietatem
3188 4095 3511 4165 perﬁciunt?

1939 4189 2202 4254 Quoniam
2247 4189 2430 4258 igitur}
2462 4187 2545 4240 Ex
2591 4188 2694 4240 tuis
2744 4187 2910 4239 verbis
2933 4185 3330 4255 justiﬁcaberis,
3362 4199 3407 4240 et
3447 4203 3512 4240 ea:

1942 4281 2110 4336 verbis
2143 4281 2247 4333 tuis
2289 4278 2718 4332 condemnaberis
2751 4277 2817 4342 ⁷⁵,
2853 4276 3078 4346 prohibe
3107 4277 3340 4343 linguam
3363 4283 3508 4328 tuam

1941 4391 1970 4428 a
2000 4374 2164 4438 malo,
2206 4386 2306 4426 nec
2348 4372 2633 4425 thesauros
2662 4369 2838 4439 lingua
2873 4367 3118 4422 mendaci
3163 4367 3366 4421 elﬁcias
3419 4381 3510 4419 va—

1943 4483 2058 4520 nos.
2102 4467 2435 4532 lnsnperque
2494 4462 2718 4532 prohibe
2768 4460 2904 4514 labia
2959 4469 3067 4522 tua,
3124 4475 3189 4512 ne
3220 4458 3510 4527 loquantur

1939 4559 2118 4614 dolum
2156 4576 2168 4610 :
2215 4557 2316 4610 hoc
2363 4564 2464 4617 cst,
2503 4565 2672 4608 totum
2725 4568 2980 4622 organum
3009 4551 3074 4604 ad
3103 4550 3364 4604 sermonis
3395 4565 3511 4602 llltt-

1944 4662 2043 4700 nus
2075 4646 2168 4699 tibi
2202 4659 2523 4699 concessum
2579 4659 2608 4696 a
2659 4657 2822 4711 prava
2877 4642 3186 4710 operatione
3229 4654 3504 4694 coerceas.

1947 4739 2038 4790 Est
2068 4746 2247 4790 autem
2283 4736 2436 4789 dolus
2463 4734 2732 4787 occultum
2782 4733 3127 4797 malclielum,
3175 4735 3274 4787 sub
3308 4731 3509 4786 cilicio-

1943 4845 2058 4882 rum
2095 4829 2274 4897 specie
2303 4830 2544 4896 proximo
2577 4826 2799 4879 illatum.

254 4927 376 4980 νίαν
412 4925 502 4979 τοῦ
540 4925 698 4993 λόγου
740 4942 820 4978 σοι
862 4923 1142 4993 δεδομένον
1180 4920 1459 4992 σχολάζειν
1487 4921 1595 4973 ἀπὸ
1622 4920 1717 4991 τῆς
1756 4925 1996 4993 πονηρᾶς
2050 4920 2329 4992 ἐνεργείας
2400 4919 2643 4989 ποίησον.
2679 4920 2832 4973 Ἔστι
2871 4919 2929 4972 δέ
2965 4921 2992 4973 ὁ
3022 4918 3168 4982 δόλος
3222 4916 3510 4972 κακοποιία.

253 5019 490 5090 λαθραία
529 5021 587 5072 ἐν
621 5019 977 5091 προσποιήσει
1023 5017 1130 5069 τῶν
1161 5015 1440 5087 βελτιόνων
1469 5013 1545 5084 τῷ
1580 5013 1805 5085 πλησίον
1841 5015 2280 5088 προσφερομένη.

332 5178 377 5209 το
433 5177 583 5229 llom.
641 5191 737 5236 vn,
769 5175 858 5228 9.4.
935 5176 977 5206 ⁷³
1011 5175 1025 5227 l
1064 5175 1189 5228 Cor.
1237 5189 1333 5238 vn,
1367 5173 1456 5227 5|.

333 5314 408 5384 (θ)
445 5313 621 5367 Editio
654 5312 829 5366 Paris.
878 5310 1069 5365 Ίακώὸ
1100 5329 1180 5365 σε.
1214 5311 1284 5364 At
1313 5321 1420 5365 tres
1464 5325 1592 5364 mss.
1637 5309 1830 5363 Ἰακὼϐ

332 5453 444 5522 (Ιθ)
475 5454 548 5508 Ita
577 5465 780 5523 septem
810 5469 937 5506 mss.
982 5453 1159 5525 AEtliti_
1176 5465 1303 5525 vero
1328 5453 1568 5525 τήρησον
1592 5451 1690 5525 τᾲς
1735 5453 1832 5521 τῆς

255 5524 406 5595 ζωῆς
428 5521 668 5588 ἐντολάς.
707 5526 900 5595 Statim
930 5522 1293 5595 etlitit_i_Basil.
1327 5521 1652 5595 etquonnulli
1699 5539 1832 5575 mss.

255 5592 511 5665 γλῶσσάν
545 5611 701 5650 σου...
740 5593 888 5665 χείλη
926 5611 1039 5646 σου.
1072 5592 1275 5646 Vocula
1306 5611 1399 5646 σου
1429 5594 1580 5646 deest
1617 5594 1670 5646 in
1719 5596 1833 5648 edi-

259 5669 407 5724 tione
437 5667 606 5719 Paris.
640 5678 691 5719 et
722 5667 772 5718 in
803 5665 922 5717 aliis
953 5665 1274 5731 quibusdam
1306 5680 1438 5716 mss.

332 5736 443 5808 (1|)
475 5736 664 5793 Nostra
711 5736 873 5792 editio
911 5735 1077 5789 Paris.
1119 5733 1668 5805 καθυποκλινομένην.
1703 5733 1824 5787 Edi-

1532 5173 1576 5202 "
1621 5171 1781 5226 llebr.
1829 5188 1880 5235 ι,
1925 5174 1975 5227 1.

2054 5173 2100 5203 ⁷³
2125 5171 2282 5226 Joan.
2318 5187 2428 5234 xw,
2462 5171 2551 5223 :25.
2629 5170 2675 5201 ⁷⁸
2707 5170 3014 5233 Μαιιιι.ιιι,
3043 5170 3130 5224 5⁸1.

1941 5311 2011 5360 tio
2038 5307 2201 5361 Basil.
2233 5307 2800 5379 καθυποκριναμένην.
2843 5309 2910 5361 At
2947 5324 3075 5363 tnss.
3113 5305 3508 5376 καθυποκρινο.

1935 5379 2119 5450 μένην.

2006 5443 2114 5516 (f2)
2142 5448 2317 5501 Editio
2349 5445 2513 5502 Basil.
2552 5459 2605 5503 et
2653 5461 2758 5504 tres
2803 5463 2930 5503 mss.
2960 5446 3067 5500 τῶν
3110 5445 3218 5499 ἀπὸ
3251 5443 3503 5516 γλώσσης

1934 5514 2306 5590 πταισμάτων.
2367 5521 2543 5573 Ειιίιιο
2597 5521 2766 5573 Paris.
2797 5520 2902 5572 τῶν
2950 5517 3056 5590 ἀπὸ
3107 5516 3203 5586 τῆς
3252 5514 3500 5586 γλώσσης

1929 5607 2018 5644 πτ.
2062 5587 2162 5642 Alii
2195 5602 2427 5656 uitatuor
2451 5607 2580 5644 mss.
2607 5591 2714 5643 τῶν
2738 5592 2830 5644 ἀπ’
2862 5587 3031 5655 αὐτῆς

2003 5660 2113 5729 (l5)
2137 5659 2362 5713 Codices
2401 5663 2638 5728 quinque
2676 5678 2802 5717 mss.
2862 5658 3156 5729 ἐπιορκίαι.
3193 5657 3329 5710 Editi
3375 5673 3509 5724 cum

1930 5730 2058 5802 Reg.
2094 5741 2282 5787 Quarto
2312 5732 2580 5804 ἐπιορκία.
