4008 6402
226 452 339 506 377
1362 449 1647 503 HOMILIA
1688 448 1757 502 IN
1794 449 1810 503 1

1915 447 2134 502 ιιιιυιι
2172 444 2410 500 XXXIII.
3379 448 3483 503 578

222 567 412 625 τόπον,
437 566 493 616 al
524 564 620 633 μὲν
653 562 919 634 ὀφθαλμοὶ
952 563 1227 631 λέγονται,
1268 562 1345 633 τῷ
1375 562 1471 633 τὴν
1506 563 1808 632 ἐπισκοπὴν

1915 562 2075 626 oculi,
2102 563 2243 631 quod
2293 561 2662 616 concreditum
2705 560 2785 614 eis
2823 560 2894 614 sit
2929 574 3123 615 munus
3175 576 3272 615 nos
3317 563 3485 629 inspi-

224 654 387 727 ἡμῶν
410 652 781 723 πιστευθῆναι,
808 655 862 706 αἱ
890 654 945 705 δὲ
964 647 1098 714 ὦτα,
1124 652 1201 723 τῷ
1232 652 1628 723 παραδέχεσθαι
1651 655 1681 722 ἡ
1692 654 1807 723 μῶν

222 748 328 810 τὰς
355 746 588 815 δεήσεις.
624 745 736 798 Νῦν
774 741 866 797 οῦν
910 744 1008 815 τὴν
1042 744 1343 815 ἐποπτικὴν
1374 744 1529 814 ἡμῶν
1556 743 1804 813 δύναμιν,

222 840 325 894 καὶ
363 840 463 910 τὴν
511 838 618 891 τῶν
668 837 836 907 εὐχῶν
884 836 1295 908 ἀντιληπτικὴν,
1346 837 1657 907 ὀφθαλμοὺς
1686 832 1805 889 εἷπε

223 931 325 985 καὶ
383 925 516 983 ὦτα.
576 928 893 996 Ὀφθαλμοὶ
936 923 1052 981 οὖν
1097 930 1318 996 Κυρίου
1364 929 1461 981 ἐπὶ
1515 928 1804 992 δικαίους,

216 1026 329 1077 καί
372 1020 489 1077 ὦτα
529 1020 717 1075 αὐτοῦ
759 1024 846 1085 εἰς
886 1019 1101 1087 δέησιν
1139 1021 1355 1074 αὐτῶν.
1404 1022 1619 1091 Ἐπειδὴ
1661 1023 1807 1074 πᾶσα

218 1116 429 1187 πρᾶξις
466 1113 558 1167 τοῦ
598 1113 807 1167 δικαίου
844 1112 967 1176 ἀξία
998 1113 1094 1182 τῆς
1129 1113 1362 1183 θεωρίας
1390 1112 1482 1164 τοῦ
1518 1112 1675 1173 Θεοῦ,
1711 1112 1805 1165 καὶ

218 1209 340 1260 πᾶν
391 1206 569 1276 ῥῆμα,
627 1203 705 1273 τῷ
761 1203 925 1273 μηδὲν
983 1202 1168 1273 ἀργῶς
1225 1203 1475 1272 λέγεσθαι
1521 1204 1670 1275 παρά
1715 1204 1807 1256 τοῦ

216 1298 458 1361 δικαίου,
501 1296 719 1368 ἐνεργόν
760 1297 877 1348 ἐστι
910 1297 1001 1348 καὶ
1036 1295 1373 1366 ἔμπρακτον,
1408 1296 1497 1348 διὰ
1536 1295 1695 1348 τοῦτο
1724 1296 1810 1348 ἀεὶ

220 1389 529 1462 ὲφορᾶσθαι
559 1390 653 1441 καὶ
691 1389 775 1441 ἀεὶ
807 1388 1182 1441 είσακούεσθαι
1212 1388 1302 1440 τὸν
1338 1388 1545 1441 δίκαιον
1585 1391 1613 1441 ὀ
1653 1388 1812 1457 λόγος

222 1484 384 1553 φησί.
420 1482 749 1549 Πρόσωπον
789 1479 857 1531 δὲ
888 1480 1109 1547 Κυρίου
1140 1480 1235 1533 ἐπὶ
1273 1480 1595 1546 ποιοῦντας
1636 1480 1808 1545 κακὰ,

220 1576 340 1629 τοῦ
374 1572 797 1641 ἐξολοθρεῦσαι
824 1571 891 1625 ἐκ
925 1571 1039 1642 γῆς
1069 1571 1136 1625 τὸ
1164 1572 1563 1641 μνημόσυνον
1588 1571 1807 1626 αὐτῶν.

224 1661 528 1733 Πρόσωπον
575 1658 684 1726 (‘20)
739 1652 891 1727 οἶμαι
941 1657 1041 1727 τὴν
1095 1657 1657 1728 πεπαρρησιασμένην
1717 1656 1813 1710 καὶ

228 1752 477 1823 φανερὰν
508 1750 601 1803 τοῦ
642 1750 848 1818 Κυρίου
876 1748 1169 1820 ἐπιδημίαν
1203 1748 1299 1819 τὴν
1324 1749 1415 1800 ἐπὶ
1448 1748 1544 1819 τῆς
1578 1748 1813 1819 κρίσεως

224 1844 505 1914 λέγεσθαι.
540 1842 629 1895 Διὸ
660 1841 751 1894 καὶ
779 1841 1049 1911 ὀφθαλμοὶ
1076 1842 1302 1912 Κυρίου,
1326 1840 1401 1903 ὡς
1423 1839 1502 1892 ἔτι
1536 1840 1647 1908 (2|)
1683 1839 1813 1911 πόρ-

1909 654 2109 717 ciendi,
2140 653 2260 706 alia:
2292 667 2471 717 aures,
2503 652 2647 721 quod
2680 662 2898 706 nostras
2955 668 3145 721 preces
3183 655 3475 724 excipiant.

1909 742 2061 797 Nunc
2086 743 2250 812 igitur
2276 743 2570 811 potentiam
2605 757 2722 809 quae
2762 757 2861 796 nos
2914 742 3153 810 inspicit,
3209 755 3261 798 et
3298 757 3477 813 poten-

1912 836 2041 889 tiam
2095 850 2213 903 qua:
2265 850 2452 903 preces
2488 835 2734 902 suscipit,
2790 835 2980 890 oculos
3034 836 3169 889 dixit
3219 847 3274 890 et
3300 853 3484 893 aures.

1912 926 2067 980 Oculi
2116 928 2279 997 igitur
2320 925 2534 979 Domini
2581 943 2739 993 super
2763 926 2959 995 justas,
3012 938 3058 980 et
3110 946 3265 983 aures
3291 930 3403 998 ejus
3433 932 3485 983 in

1908 1036 2085 1089 preces
2109 1035 2308 1072 eorum.
2345 1020 2608 1084 Quoniam
2646 1021 2821 1071 omnis
2846 1019 2977 1087 justi
3008 1023 3150 1074 actio
3193 1024 3351 1091 digna
3399 1034 3479 1076 est

1910 1126 2030 1179 qua:
2063 1127 2091 1162 ιι
2125 1109 2229 1163 Deo
2258 1109 2600 1177 inspiciatur,
2636 1119 2691 1164 ct
2724 1127 2885 1166 omne
2917 1113 3165 1176 verbum,
3196 1127 3317 1166 cum
3350 1114 3483 1168 nihil

1910 1206 2083 1257 otiose
2108 1218 2135 1253 a
2177 1201 2324 1269 justo
2357 1202 2594 1267 dicatur,
2632 1213 2911 1256 actuosum
2961 1214 3044 1256 est
3078 1213 3133 1256 ct
3164 1204 3373 1271 cmcax,
3401 1207 3485 1260 id-

1913 1296 2057 1349 circo
2082 1294 2282 1362 justum
2336 1308 2550 1360 semper
2581 1294 2824 1362 conspici
2883 1304 2937 1347 et
2976 1310 3190 1364 semper
3238 1297 3484 1351 exaudiri

1912 1386 2027 1439 haec
2057 1384 2147 1438 illa
2178 1388 2339 1437 verba
2365 1386 2579 1439 docent.
2608 1386 2794 1458 (Vens.
2824 1386 2934 1458 l7.)
2971 1385 3157 1440 Vultus
3174 1400 3345 1442 autem
3381 1388 3491 1443 Do-

1912 1479 2041 1531 mini
2090 1494 2245 1544 super
2281 1478 2533 1543 facientes
2578 1480 2743 1543 maln,
2786 1490 2841 1532 ut
2881 1482 3066 1547 perdat
3116 1483 3180 1534 de
3211 1492 3347 1534 terra
3381 1499 3488 1536 me-
3552 1462 3555 1469 l

1913 1572 2135 1623 moriam
2192 1586 2395 1623 eorum.
2456 1572 2711 1624 Arbitror
2738 1582 2981 1641 apertum
3030 1588 3093 1626 ac
3134 1574 3485 1644 (cuspit-uuut

1916 1662 2128 1715 Domini
2164 1662 2229 1715 ad
2277 1663 2537 1730 judicium
2591 1665 2881 1717 adventum
2931 1665 3037 1718 dici
3073 1665 3302 1719 vultum.
3343 1666 3487 1732 Qua-

1915 1762 2131 1820 propter
2156 1762 2209 1806 et
2257 1752 2396 1805 oculi
2453 1752 2685 1817 Domini,
2725 1753 2870 1806 velut
2913 1754 3087 1807 adhuc
3134 1756 3350 1810 eminus
3383 1771 3486 1812 nos

1917 1844 2274 1913 inspicientis,
2308 1843 2513 1913 justum
2546 1844 2745 1898 intueri
2772 1845 3026 1899 dicuntur
3054 1846 3098 1876 ⁸¹
3124 1864 3138 1911 ;
3166 1846 3279 1914 ipse
3306 1856 3486 1903 autem

228 1938 409 2011 ρωθεν
446 1935 868 1997 ἐπισκοποῦντος
909 1936 1088 2005 ἡμᾶς,
1130 1933 1442 1987 ἐπιϐλέπειν
1476 1931 1565 1984 τὸν
1606 1932 1810 1985 δίκαιον

1918 1937 2100 1991 vultus
2154 1935 2353 1989 dicitur
2394 1937 2761 2005 appariturus,
2813 1938 2879 1989 ad
2924 1952 3140 1991 onmem
3178 1939 3481 2007 iniquitatis

224 2031 480 2103 εἴρηνται
503 2046 517 2059 ο
551 2028 682 2080 αὐτὸ
706 2027 761 2080 δὲ
810 2026 873 2079 τὸ
908 2026 1199 2096 πρόσωπον
1228 2024 1677 2094 ἐπιφανήσεσθαι,
1720 2024 1814 2077 ἐπὶ

226 2125 294 2177 τδ
328 2120 705 2192 ἐξολοθρεῦσαι
738 2121 801 2173 ὲκ
831 2120 933 2189 γῆς
964 2120 1069 2172 πᾶν
1092 2119 1150 2171 τὸ
1177 2118 1279 2187 τῆς
1310 2119 1573 2188 πονηρίας
1606 2117 1814 2188 μνημό-

228 2233 414 2269 συνον.
458 2214 550 2284 Μὴ
584 2213 693 2283 γάρ
737 2229 827 2283 μοι
880 2209 1202 2281 σωματικῶς
1240 2208 1708 2279 διαπεπλασμένον
1755 2210 1815 2261 τὸ

230 2307 525 2379 πρόσωπον
555 2303 649 2358 τοῦ
682 2303 815 2357 Θεοῦ
844 2304 1042 2375 νοήσῃς
1077 2301 1211 2371 (22)°
1253 2301 1373 2355 ἐπεὶ
1417 2299 1559 2354 οὕτω
1611 2318 1673 2369 γε
1725 2302 1815 2353 καὶ

230 2400 429 2466 ἄλογον
461 2393 595 2450 εἶναι
622 2396 764 2462 δόξει
805 2395 865 2447 τὸ
902 2395 1053 2466 παρά
1098 2393 1201 2463 τῆς
1239 2394 1461 2465 Γραφῆς
1503 2392 1811 2464 εἰρημένον,

235 2490 346 2561 ἰδία
382 2489 479 2560 μὲν
512 2487 818 2556 ὀφθαλμοὺς
853 2485 1119 2556 ὑπάρχειν
1168 2485 1574 2555 ἐπιλάμποντας
1603 2484 1679 2553 τῷ
1733 2482 1812 2535 δι-

233 2582 397 2653 καίῳ,
434 2580 538 2651 ἰδίᾳ
567 2579 623 2632 δὲ
661 2579 721 2631 τὸ
760 2578 1048 2649 πρόσωπον
1077 2577 1466 2648 ἐπιφερόμενον
1507 2578 1619 2638 τοῖς
1658 2592 1817 2644 πονη-

234 2678 372 2750 ροῖς.
421 2676 615 2728 Καίτοι
649 2673 773 2727 οὔτε
815 2672 1082 2742 ὀφθαλμοὶ
1132 2672 1301 2742 χωρὶς
1343 2668 1635 2740 προσώπου
1678 2669 1811 2740 (95),

230 2766 358 2820 οῦτε
395 2766 683 2837 πρόσωπον
704 2762 996 2833 ὀφθαλμῶν
1032 2763 1178 2815 ἐστιν
1212 2760 1455 2830 ἄμοιρον.
1496 2758 1814 2829 Ἀνθρωπος

236 2861 341 2931 μὲν
379 2856 473 2913 οῦν
526 2859 586 2912 οὐ
631 2858 703 2929 μὴ
739 2857 821 2927 ἴδῃ
855 2856 916 2908 τὸ
940 2856 1227 2926 πρόσωπον
1260 2854 1487 2925 Κυρίου,
1531 2854 1624 2905 καὶ
1650 2852 1813 2923 ζήσε-

233 2971 326 3007 ται
353 2972 366 2985 ·
399 2954 449 3005 οἱ
492 2952 547 3006 δὲ
584 2950 802 3020 ἄγγελοι
830 2950 935 3003 τῶν
972 2951 1031 3001 ἐν
1058 2952 1123 3020 τῇ
1167 2948 1461 3018 Ἐκκλησία
1493 2946 1705 3018 μικρῶν
1727 2946 1816 3000 διὰ

235 3045 439 3109 παντὸς
464 3044 715 3112 βλέπουσι
748 3041 806 3094 τὸ
832 3040 1123 3113 πρόσωπον
1153 3038 1244 3092 τοῦ
1274 3038 1485 3108 Πατρὸς
1514 3038 1670 3109 ἡμῶν
1702 3037 1812 3109 (24)

230 3138 327 3191 τοῦ
373 3139 430 3190 ἐν
460 3139 573 3200 τοῖς
607 3136 872 3206 οὐρανοῖς.
917 3133 1061 3186 Διότι
1110 3132 1203 3185 νῦν
1249 3132 1347 3203 μὲν
1387 3132 1633 3203 χωρῆσαι
1668 3133 1813 3203 ἡμᾶς

232 3230 333 3301 τὴν
371 3228 498 3282 θέαν
533 3226 633 3298 τῆς
668 3224 875 3290 ἐνδόξου
908 3225 1230 3295 ἐπιφανείας
1265 3225 1350 3278 διὰ
1394 3225 1491 3295 τὴν
1531 3224 1815 3279 ἀσθένειαν

230 3323 333 3392 τῆς
364 3321 564 3392 σαρκὸς
583 3320 679 3391 τὴν
702 3319 1091 3391 περικειμένην
1114 3321 1244 3389 ἡμῖν
1274 3319 1584 3389 ἀμήχανονσ
1613 3321 1660 3371 οἱ
1695 3318 1812 3389 μέν·

231 3429 315 3465 τοι
350 3411 599 3480 ἄγγελοι,
642 3410 720 3481 τῷ
764 3410 930 3481 μηδὲν
980 3409 1122 3479 ἔχειν
1164 3410 1532 3481 προκάλυμμα
1572 3412 1811 3466 τοιοῦτον

235 3505 619 3577 παραπλήσιον
661 3506 726 3574 τῇ
766 3503 1012 3575 ἡμετέρᾳ
1058 3504 1242 3573 σαρκὶ,
1280 3502 1369 3554 ὑπ’
1392 3502 1605 3564 οὐδενὸς
1641 3506 1813 3575 ἐμπο-

230 3596 466 3661 δίζονται
522 3594 783 3666 διηνεκῶς
841 3594 1167 3658 ἐνατενίςειν
1240 3593 1319 3663 τῷ
1378 3594 1655 3665 προσώπῳ
1709 3596 1809 3665 τῆς

232 3686 396 3757 δόξης
427 3685 520 3739 τοῦ
544 3684 701 3738 Θεοῦ.
747 3686 909 3737 Ὥστε
940 3685 1034 3736 καὶ
1067 3685 1247 3754 ἡμεῖς,
1281 3683 1500 3735 ἐπειδάν
1526 3682 1812 3753 γενώμεθα

235 3780 343 3833 υἱοὶ
354 3779 453 3849 τῆς
478 3777 847 3841 ἀναστάσεως,
864 3777 981 3830 τότε
1003 3774 1520 3845 καταξιωθησόμεθα
1539 3775 1634 3845 τῆς
1656 3776 1815 3847 πρόσ-

231 3889 382 3926 ωπον
435 3870 568 3943 πρὸς
607 3870 896 3940 πρόσωπον
942 3868 1214 3937 γνώσεως.
1257 3869 1389 3920 Τότε
1427 3868 1482 3921 δὲ
1507 3872 1555 3922 οἱ
1594 3868 1691 3937 μὲν
1731 3869 1810 3922 δί-

232 3980 379 4017 καιοι
419 3963 475 4014 ἐν
518 3960 833 4029 ἀγαλλιάσει
875 3960 974 4029 τῆς
1023 3960 1151 4024 Θέας
1192 3959 1285 4011 τοῦ
1346 3960 1637 4029 προσώπου
1686 3979 1815 4016 κατ-

1916 2029 2231 2081 memoriam
2285 2028 2352 2081 de
2397 2038 2543 2081 terra
2576 2028 2881 2083 delendam.
2915 2028 3057 2083 Cave
3084 2031 3237 2083 enim
3274 2032 3481 2099 cogites

1918 2118 2010 2171 Dei
2066 2118 2271 2170 vultum
2322 2119 2588 2187 corporali
2650 2119 2833 2187 Specie
2885 2133 3006 2173 esse
3061 2121 3482 2175 conformatum.

1916 2209 2170 2277 Alioquin
2214 2210 2283 2261 ita
2310 2224 2523 2278 quoque
2550 2210 2842 2263 absurdum
2862 2211 3133 2264 videbitur
3164 2213 3309 2280 quod
3338 2212 3488 2265 Scri-

1916 2310 2076 2369 ptura
2125 2300 2284 2357 dixit.
2324 2314 2569 2354 seorsum
2603 2301 2819 2369 quidem
2854 2300 3039 2355 oculos
3067 2318 3187 2356 csse
3224 2303 3315 2371 qui
3340 2303 3488 2371 justo

1916 2388 2228 2457 alIulgcant,
2261 2404 2507 2443 seorsum
2553 2404 2679 2443 vero
2711 2390 2916 2443 vultum
2958 2393 3048 2460 qui
3094 2394 3147 2445 in
3193 2393 3362 2448 malos
3405 2395 3488 2447 in-

1919 2492 2096 2535 tentus
2127 2481 2217 2534 sit.
2256 2481 2322 2535 Et
2350 2494 2477 2536 vero
2502 2496 2679 2551 neque
2706 2483 2847 2536 oculi
2890 2483 3009 2537 sine
3037 2485 3188 2538 vultu
3214 2496 3359 2548 sunt,
3387 2502 3487 2541 ne-

1916 2590 2019 2643 qne
2046 2574 2222 2627 vultus
2268 2588 2465 2643 expers
2494 2585 2576 2628 est
2605 2574 2906 2628 oculorum.
2941 2575 3112 2630 Homo
3163 2578 3326 2648 igitur
3378 2594 3489 2634 non

1917 2667 2117 2721 videbit
2146 2667 2338 2721 faciem
2371 2667 2603 2730 Domini,
2634 2679 2686 2722 et
2714 2668 2858 2723 vivet
2881 2669 2926 2701 ⁸²
2964 2687 2975 2722 :
3004 2671 3181 2739 angeli
3239 2686 3363 2725 vere
3392 2686 3486 2725 eo-

1918 2776 2035 2814 rum
2068 2760 2157 2829 qui
2184 2760 2235 2813 in
2277 2759 2515 2813 Ecclesia
2552 2760 2729 2829 pusilli
2756 2772 2901 2827 sunt,
2936 2777 3154 2833 semper
3191 2764 3374 2819 vident
3403 2765 3487 2818 la-

1916 2854 2053 2907 ciem
2083 2852 2260 2906 Patris
2286 2854 2481 2914 nostri.
2508 2855 2599 2922 qni
2641 2854 2692 2907 in
2725 2853 2878 2909 caelis
2912 2865 2994 2909 est
3024 2856 3090 2909 ⁸³.
3136 2856 3311 2923 Quare
3345 2874 3489 2912 nunc

1915 2945 2132 3014 quidem
2180 2944 2299 2999 ﬁeri
2335 2959 2439 2998 non
2470 2953 2670 3013 potest,
2727 2954 2787 2998 ut
2836 2960 2952 3010 nos,
2989 2945 3238 3017 gloriosae
3264 2949 3488 3003 visionis

1917 3048 2222 3107 aspectum,
2252 3040 2322 3091 ob
2347 3040 2527 3092 carnis
2547 3038 2878 3093 debilitatem
2912 3054 3010 3094 nos
3033 3041 3487 3108 circnmdantem,

1918 3131 2430 3199 apprehendamus;
2489 3133 2665 3201 angeli
2709 3147 2879 3196 vero,
2931 3132 3073 3201 quod
3118 3134 3321 3187 nullum
3380 3137 3489 3189 tale

1917 3219 2284 3275 velamentum
2312 3220 2514 3275 habent
2537 3221 2688 3276 carni
2719 3231 2915 3275 nostrm
2941 3222 3241 3289 consimile,
3266 3241 3324 3279 re
3342 3227 3489 3280 nulla

1921 3313 2287 3383 impediuntur
2334 3313 2623 3380 quominus
2660 3313 2853 3368 faciem
2896 3314 3081 3384 gloria:
3138 3316 3230 3370 Dei
3284 3318 3490 3388 jugiter

1917 3414 2374 3482 contemplemur.
2408 3411 2589 3478 Quare
2614 3422 2668 3466 et
2702 3428 2825 3477 nos,
2854 3422 3205 3484 posteaquam
3230 3414 3325 3470 lilii
3356 3414 3489 3471 lacti

1918 3504 2181 3559 fuerimus
2224 3502 2660 3567 resurrectionis,
2710 3512 2843 3557 tunc
2868 3518 2929 3556 ea
2963 3519 3080 3572 qua:
3132 3516 3215 3559 cst
3246 3506 3383 3559 facie
3420 3506 3489 3560 ad

1917 3597 2109 3650 faciem
2137 3596 2446 3665 cognitione
2474 3595 2836 3666 dignabimur.
2859 3596 3012 3650 Tunc
3035 3598 3179 3651 enim
3202 3598 3333 3667 justi
3359 3614 3492 3654 con—

1919 3698 2167 3759 spectum
2207 3688 2424 3757 quidem
2459 3686 2635 3742 vultus
2666 3687 2716 3740 in
2746 3688 3111 3743 exsultatione
3144 3706 3488 3760 consequen-

1920 3791 2009 3835 tttr
2032 3821 2048 3846 ,
2090 3789 2408 3848 peccatores
2431 3794 2562 3833 vero
2607 3778 2658 3831 in
2686 3778 2928 3848 judicio;
2967 3796 3087 3833 cum
3118 3779 3361 3834 futurum
3393 3783 3485 3847 sit,

1920 3884 1978 3929 nt
2014 3883 2295 3945 peccatum
2336 3888 2498 3929 omne
2532 3875 2679 3944 justa
2726 3873 2817 3928 Dei
2848 3874 3115 3929 sententia
3152 3875 3474 3930 extermine-

1922 3977 2027 4023 1111⁸.

232 4053 649 4123 αξιωθήσονταισ
698 4054 748 4105 οἱ
790 4051 845 4103 δὲ
874 4051 986 4123 (25)
1018 4050 1333 4121 ἁμαρτωλοὶ
1379 4051 1436 4103 ἐν
1473 4051 1673 4124 κρίσει,
1717 4053 2016 4127 μελλούσης
2077 4054 2519 4127 ἐξολοθρεύεσθαι
2585 4054 2737 4126 παρὰ
2763 4054 2861 4124 τῆς
2886 4053 3095 4116 δικαίας
3124 4032 3360 4125 κρίσεως
3384 4051 3482 4107 τοῦ

234 4145 373 4200 Θεοῦ
406 4146 585 4216 πάσης
614 4144 711 4213 τῆς
746 4144 1039 4214 ἁμαρτίας.

308 4236 399 4289 12.
452 4233 809 4303 Ἐκέκρσξαν
841 4235 894 4285 ol
928 4230 1167 4292 δίκαιοι,
1218 4230 1315 4284 καὶ
1360 4235 1392 4285 ό
1434 4233 1647 4301 Κύριος
1693 4236 1817 4286 εἱσ-

231 4328 507 4397 ήκουσεν
527 4326 744 4391 αὐτῶν,
773 4327 869 4379 καὶ
886 4328 953 4378 ἐκ
983 4323 1195 4379 πασῶν
1211 4325 1328 4377 τῶν
1340 4327 1604 4394 θλίψεων
1618 4326 1817 4380 αὐτῶν

232 4423 529 4493 ἐρῤὐσατο
545 4420 786 4485 αὐτούς.
821 4418 1004 4489 Νοητὴ
1030 4417 1137 4470 τῶν
1167 4418 1388 4470 δικαίων
1416 4420 1449 4487 ἡ
1483 4420 1719 4489 κραυγὴ,
1756 4420 1813 4471 ἐν

232 4518 314 4590 τῷ
353 4514 579 4587 κρυπτῷ
613 4513 714 4584 τῆς
746 4511 968 4583 καρδίας
1007 4510 1104 4581 τὴν
1156 4511 1563 4581 μεγαλοφωνίαν
1597 4510 1810 4581 ἔχουσα,

1990 4234 2077 4288 12.
2136 4233 2297 4289 Vens.
2354 4233 2441 4287 18.
2500 4231 2870 4287 Clamaverunt
2911 4232 3067 4301 justi,
3115 4242 3165 4285 et
3227 4232 3485 4286 Dominus

1919 4328 2190 4382 exaudivit
2232 4342 2322 4380 eos
2347 4365 2362 4389 ,
2417 4335 2467 4379 et
2505 4342 2571 4379 ea:
2631 4327 2869 4379 omnibus
2934 4325 3357 4379 tribulationibus
3398 4343 3485 4379 eo-

1919 4436 2036 4471 rum
2074 4419 2315 4471 liberavit
2358 4433 2465 4472 eos.
2507 4418 2779 4485 Spiritalis
2825 4428 2907 4472 est
2960 4416 3229 4485 justorum
3260 4416 3484 4481 clamor,

1921 4511 1972 4564 in
2008 4510 2221 4565 occulto
2253 4508 2434 4562 cordis
2461 4524 2673 4565 recessu
2702 4525 2886 4564 vocem
2920 4510 3081 4564 altam
3108 4508 3296 4570 edens,
3328 4508 3488 4577 quip-

232 4607 509 4678 δυναμένη
552 4602 835 4673 ἐφικέσθαι
879 4602 988 4672 (26)
1035 4602 1128 4654 καὶ
1163 4602 1340 4655 αὐτῶν
1382 4602 1489 4655 τῶν
1524 4601 1678 4655 ὤτων
1720 4604 1810 4656 τοῦ

1920 4618 1985 4673 pe
2008 4606 2097 4674 qui
2128 4605 2194 4658 ad
2232 4605 2374 4673 ipsas
2400 4604 2561 4656 etiam
2605 4601 2696 4655 Dei
2742 4615 2900 4655 aures
2952 4611 3113 4670 queat
3156 4600 3479 4670 pertingere.

233 4701 393 4757 Θεοῦ.
437 4701 494 4753 '0
514 4700 621 4771 γὰρ
660 4696 870 4768 μεγάλα
921 4694 1118 4758 αἰτῶν,
1166 4695 1262 4747 καὶ
1309 4695 1437 4765 περὶ
1476 4694 1813 4766 ἐπουρανίων

234 4794 549 4866 εὐχόμενος,
595 4785 748 4853 οὗτος
772 4787 959 4903 κράζει
981 4826 996 4852 ,
1045 4788 1140 4840 καὶ
1182 4787 1454 4859 ἀκουστὴν
1502 4788 1811 4858 ἀναπέμπει

1919 4697 2018 4761 Qui
2054 4696 2195 4749 enim
2230 4710 2422 4765 magna
2471 4692 2626 4762 petit,
2660 4700 3093 4762 apprecatnrque
3129 4691 3397 4757 emlcstia,
3440 4691 3486 4744 is

1918 4791 2117 4843 clamat
2146 4800 2199 4843 et
2230 4802 2421 4858 preces
2450 4802 2570 4857 qua:
2608 4787 2974 4842 exaudiantur
3004 4786 3072 4840 ad
3103 4786 3269 4839 Deum
3304 4794 3487 4839 trans-

308 4995 358 5029 ⁶¹
392 4994 535 5050 l’sal.
572 5007 758 5053 χχχιιι,
792 4991 878 5046 16.
956 4991 1000 5022 ⁸⁸
1030 4990 1197 5044 Exod.
1239 5005 1430 5056 xxxiii,
1456 4989 1545 5044 20.
1623 4990 1669 5021 ⁸³
1701 4989 1805 5043 Mat

1928 5005 2085 5055 svnt,
2123 4990 2210 5045 £0.

312 5203 426 5276 (20)
454 5203 589 5256 Editi
617 5218 736 5276 cum
771 5217 876 5276 uno
904 5216 1002 5276 ms.
1021 5200 1327 5276 ,πρόσωπον
1356 5200 1436 5259 δέ,
1478 5200 1542 5276 in
1562 5199 1796 5276 reliquis

237 5269 371 5329 vero
399 5290 528 5329 mss.
560 5273 745 5327 vocula
775 5269 831 5325 δέ
857 5269 1145 5326 omittitur.
1184 5272 1404 5327 Ibidem,
1440 5270 1527 5322 tibi
1562 5270 1611 5321 in
1640 5270 1798 5323 editis

238 5346 456 5414 legitur,
497 5342 594 5414 τὴν
624 5342 1179 5414 πεπαρῤησιασμένην
1209 5341 1304 5394 καὶ
1328 5340 1604 5414 φοϐεράνη
1628 5342 1801 5414 mani-

236 5410 430 5485 [eitum
468 5430 531 5466 ac
551 5410 943 5485 formidabilem
969 5410 1265 5485 adventum,
1302 5414 1562 5485 scriptum
1595 5410 1802 5485 iuveni-

237 5480 360 5539 inus
389 5485 442 5537 in
476 5480 662 5538 novem
701 5499 828 5535 mss.
861 5481 957 5551 τὴν
986 5481 1544 5552 πεπαρῤησιασμένην
1576 5480 1669 5532 καὶ
1701 5495 1804 5547 φα-

237 5555 423 5626 νεράν,
459 5567 694 5626 apertum
721 5564 764 5604 et
800 5554 1131 5626 conspicuum
1165 5556 1459 5626 adventum:

310 5618 423 5693 (2|)
476 5624 608 5677 Octo
659 5639 787 5675 mss.
825 5622 905 5675 διὸ
957 5620 1225 5691 ὀφθαλμώ⁸
1283 5620 1381 5691 μὲν
1430 5620 1504 5683 ὡς
1554 5618 1652 5671 ἔτι.
1686 5618 1805 5673 Mox

239 5696 394 5750 multi
428 5709 558 5749 mss.
591 5694 684 5748 ἐπὶ
704 5692 799 5763 τῷ.

313 5765 425 5833 (22)
462 5764 599 5819 Editi
626 5759 899 5834 ἐννοήσῃς.
931 5762 998 5834 At
1044 5770 1247 5834 septeni
1279 5759 1804 5834 mss.vol]:_n;._Ali-

240 5830 444 5904 quanto
475 5844 594 5902 post
622 5851 748 5889 mss.
767 5830 873 5886 εει
911 5832 1016 5903 ἰδίᾳ
1042 5832 1170 5904 γάρ.
1210 5831 1346 5904 Editi
1385 5831 1491 5901 ἰδίᾳ
1517 5830 1635 5901 μέν.
1668 5830 1801 5902 Reg.

243 5901 552 5975 quartuset
581 5906 729 5959 Colb.
762 5901 1018 5973 septimus
1053 5902 1157 5972 ἰδίᾳ
1185 5901 1513 5971 ὀφθαλμούς.

1975 5197 2087 5268 (2'5)
2113 5197 2248 5285 Editi
2281 5199 2449 5285 χωρὶς
2473 5197 2565 5251 τοῦ
2582 5197 2927 5285 προσώπου.Δ
2950 5197 3020 5285 At
3055 5213 3183 5285 mss.
3214 5213 3316 5285 non
3341 5212 3485 5285 pau-

1904 5269 1957 5340 ci
1998 5271 2165 5339 χωρὶς
2211 5269 2536 5340 προσώπου.
2582 5270 2695 5340 .‘llux
2752 5270 2868 5322 loco
2914 5270 3212 5340 verborum
3246 5269 3481 5329 illorum,

1904 5337 2028 5391 οὒτε
2060 5337 2346 5410 πρόσωπον
2388 5338 2680 5410 ὀφθαλμῶν
2732 5341 2878 5392 ἐστιν
2922 5340 3168 5410 ἄμοιρον,
3203 5337 3395 5410 legitur
3425 5341 3480 5410 in

1907 5358 2028 5391 ουτε
2060 5358 2346 5410 προσωπον
2388 5358 2416 5390 ο
2461 5358 2680 5409 υαλμων
2732 5358 2878 5392 εστιν
2922 5358 3168 5410 αμοιρον,
3203 5358 3395 5405 tegitur
3428 5358 3480 5389 ιιι

1907 5410 2141 5490 οιῇιὶοιιθ
2183 5410 2340 5464 Basil.
2391 5358 2514 5463 οἵτε
2557 5410 2847 5480 πρόσωπον
2895 5410 3063 5481 χωρίς
3106 5409 3253 5459 ἐστιν
3280 5406 3486 5474 ὀφθαλ-

1953 5496 2025 5531 ων
2034 5519 2045 5530 .

1970 5497 2045 5530 ον.

1911 5497 2091 5671 “2:24)
2114 5548 2206 5636 .lta
2230 5566 2357 5603 mss.
2392 5560 2621 5621 septem.
2660 5549 2799 5603 Editi
2827 5565 2946 5603 cum
3006 5548 3138 5616 lieg.
3182 5556 3333 5601 sexto
3370 5548 3483 5602 Πα-

1911 5637 1975 5671 το
2008 5637 2034 5671 :
2068 5637 2266 5671 αυτων.

1906 5637 2303 5757 τρῗξὸῗυὸῗ)δίὲ,
2330 5700 2434 5743 etc.
2460 5688 2763 5744 Pecmtores
2793 5691 2845 5741 in
2876 5684 3329 5758 judirimSnpple
3370 5685 3481 5742 ἀπὸ

1908 5755 2108 5821 κοινοῦ,
2158 5760 2256 5829 τῆς
2312 5760 2437 5822 θέας
2493 5761 2585 5813 τοῦ
2616 5755 2907 5831 προσώπου
2958 5755 3477 5831 καταξιωθήσονται,

1909 5842 2181 5891 εοηδνεειιι
2223 5830 2390 5883 vultus
2431 5829 2804 5900 dignnbunmr,
2834 5832 2924 5883 sed
2962 5829 3318 5900 tretnelntndi.

1982 5901 2093 5971 (‘26)
2135 5903 2261 5971 Reg.
2301 5896 2823 5972 ιθιιίυέδυναμένην
2854 5896 3156 5971 ἐφικέσθαι.
