4008 6402
524 458 634 519 Z79

1876 452 1934 505 S.
1978 448 2229 505 BASILII
2271 445 2483 502 MAGNI

3694 452 3800 504 580

529 574 713 629 mittit.
766 571 1132 624 Clamaverunt
1171 567 1354 636 itaque
1395 566 1567 636 justi;
1616 564 1749 618 nihil
1805 563 2100 630 abiectum,

2221 562 2278 630 τῷ
2315 560 2432 630 Θεῷ
2459 560 2555 630 τὴν
2573 560 2755 630 εὐχήν.
2786 559 3148 629 Ἐκέιιραξαν
3168 557 3260 615 οὖν
3285 566 3339 616 ol
3359 563 3579 618 δίκαιοι
3606 581 3620 596 ⁸
3643 565 3802 617 οὐδὲν

526 665 658 722 nihil
691 674 986 726 terrenum,
1022 659 1155 716 nihil
1189 658 1395 712 humile
1433 656 1812 726 inquisierunt.
1847 655 2098 723 Pmpter-

525 773 589 814 ea
657 770 843 811 vocem
884 755 1124 822 ipsorum
1168 749 1408 818 suscepit
1444 747 1725 810 Dominus,
1760 744 1918 815 155
1950 754 2001 799 et
2033 760 2098 798 ex

525 846 780 903 omnibus
813 839 1258 897 tribulationibus
1289 852 1481 892 eorum
1521 836 1780 890 liberavit
1835 850 1950 888 eos.
1995 835 2102 887 Ta-

532 955 653 994 men
677 955 783 993 nou
812 945 922 990 tam
957 949 1051 988 eos
1087 948 1115 985 a
1151 933 1312 986 rebus
1342 929 1587 982 adversis
1626 928 1902 991 liberavit,
1938 939 2100 994 quam

529 1047 622 1085 eos
650 1039 962 1084 eventorum
989 1027 1225 1078 victores
1253 1022 1452 1076 elfecit.
1475 1020 1660 1090 (Vens.
1696 1019 1809 1087 19.)
1827 1019 1996 1086 PrOpe
2027 1027 2101 1071 est

532 1121 785 1174 Dominus
821 1117 886 1170 iis
916 1116 1005 1183 qui
1040 1114 1266 1166 contrito
1296 1122 1416 1164 sunt
1453 1112 1632 1171 corde,
1664 1121 1711 1162 et
1744 1109 1965 1161 humiles
1994 1109 2101 1170 spi-

531 1187 638 1263 ritu
659 1208 900 1263 saleabit.
927 1205 1035 1258 Sua
1065 1203 1234 1272 ipsius
1260 1202 1502 1257 bonitate
1525 1201 1780 1254 omnibus
1809 1200 2070 1268 appropin
2089 1229 2102 1238 -

532 1306 666 1367 quat
706 1297 962 1349 Dominus
1005 1310 1019 1346 :
1055 1307 1159 1345 nos
1196 1305 1325 1344 vero
1366 1305 1710 1344 removemus
1745 1290 2106 1356 nosmetipsos

531 1405 627 1458 per
675 1399 979 1456 peccatum.
1023 1379 1160 1434 Ecce
1205 1381 1368 1442 enim,
1402 1379 1612 1447 inquit,
1646 1379 1734 1443 qui
1769 1377 2020 1445 elongant
2051 1394 2106 1430 se

531 1485 623 1535 ab;
659 1491 725 1544 te,
756 1478 995 1547 peribunt
1031 1473 1098 1527 “.
1130 1473 1471 1542 Quapropter
1507 1470 1719 1540 Moyses
1759 1469 1870 1524 Deo
1905 1486 2108 1537 appro-

532 1575 792 1642 pinquare
815 1569 1011 1623 dicitur
1029 1568 1108 1626 ⁸⁵;
1140 1575 1195 1618 et
1221 1565 1265 1618 si
1296 1565 1386 1634 qui
1416 1563 1558 1617 alius
1581 1563 1630 1615 ei
1659 1561 1856 1617 similis
1883 1570 1988 1628 est,
2014 1576 2109 1627 per

531 1665 788 1735 praeclara
818 1662 1060 1716 facinora
1091 1669 1147 1714 et
1188 1659 1435 1712 actiones
1470 1655 1641 1709 bonas
1671 1655 1781 1708 Deo
1822 1669 1987 1722 prope
2017 1669 2110 1705 ac-

532 1757 694 1811 cedit.
730 1755 856 1808 Haac
889 1764 1069 1806 autem
1108 1749 1275 1804 verba
1316 1746 1661 1816 prophetiam
1709 1745 1977 1799 adventus
2007 1746 2112 1798 Do-

535 1848 664 1902 mini
700 1845 880 1914 palam
913 1843 1218 1904 continent,
1268 1838 1730 1907 consentiuntque
1769 1839 2112 1907 cuin-priori-

2211 653 2605 724 μικροπρεπὲς,
2631 653 2750 705 οὐδὲ
2775 655 2981 722 γήϊνον,
3008 653 3128 705 οὐδὲ
3151 656 3404 708 ταπεινὸν
3425 656 3798 726 ἐπεζήτησαν.

2209 745 2304 797 Διὰ
2339 745 2495 796 τοῦτο
2527 745 2705 796 αὐτῶν
2750 743 3080 814 παρεδέξατο
3126 747 3225 818 τὴν
3273 746 3455 817 φωνὴν
3499 749 3529 799 6
3568 746 3800 816 Κύριος,

2209 837 2302 888 καὶ
2327 837 2391 888 ἐκ
2434 834 2624 886 πασῶν
2657 834 2764 886 τῶν
2788 833 3019 903 θλίψεων
3051 836 3228 888 αὐτῶν
3254 836 3522 908 ἐρρύσατο
3563 837 3767 900 αὐτούς
3788 856 3802 866 ·

2209 929 2268 980 οὺ
2295 927 2544 980 τοσοῦτον
2569 925 2817 979 ἀπολύων
2838 927 3034 990 αὐτοὺς
3057 927 3166 980 τῶν
3189 929 3457 998 ὀχληρῶν,
3481 931 3607 982 ὅσον
3625 929 3808 999 κρείτ-

2211 1037 2368 1082 τονας
2427 1018 2536 1070 τῶν
2591 1019 2996 1088 συμϐαινόντων
3063 1021 3510 1084 κατασκευάζων.
3585 1022 3810 1089 Ἐγγὺς

2211 1115 2427 1180 Κύριος
2470 1112 2595 1178 τοῖς
2638 1111 3164 1181 συντετριμμένοις
3211 1113 3324 1179 τὴν
3369 1112 3664 1181 καρδίαν,
3709 1116 3804 1167 καὶ

2212 1207 2352 1270 τοὺς
2405 1204 2722 1270 ταπεινοὺς
2772 1204 2852 1269 τῷ
2887 1206 3175 1273 πνεύματι
3220 1203 3428 1265 σώσει.
3472 1207 3552 1275 Τῇ
3601 1205 3808 1258 ἑαυτοῦ

2213 1298 2506 1368 ἀγαθότητι
2563 1298 2726 1349 πᾶσιν
2788 1296 3022 1364 ἐγγίζειο
3078 1297 3425 1368 μακρύνομεν
3468 1297 3526 1350 δὲ
3573 1299 3810 1360 ἑαυτοὺς

2214 1389 2374 1458 ἡμεῖς
2397 1387 2484 1439 διὰ
2512 1386 2612 1454 τῆς
2665 1384 2956 1456 ἁμαρτίας.
3001 1383 3154 1438 Ἰδοὺ
3189 1385 3328 1453 γὰρ,
3377 1385 3571 1454 φησὶν,
3598 1386 3660 1436 οἱ
3697 1400 3814 1451 μα-

2215 1481 2535 1546 κρύνοντες
2583 1477 2834 1541 ἑαυτοὺς
2893 1475 3010 1528 ἀπὸ
3062 1476 3200 1540 σοῦ,
3257 1475 3655 1529 ἀπολοῦνται.
3715 1476 3815 1527 Διά

2215 1569 2370 1622 τοῦτο
2417 1571 2656 1641 Μωῦσῆς
2689 1570 2927 1638 ἐγγίζειν
2967 1568 3182 1636 λέγεται
3211 1567 3289 1638 τῷ
3316 1567 3435 1638 Θεῷ
3459 1585 3472 1598 ·
3509 1568 3605 1620 καὶ
3640 1569 3701 1620 εἷ
3729 1585 3814 1629 τις

2216 1661 2373 1724 ἄλλος
2421 1663 2796 1732 παραπλήσιος
2842 1661 3055 1731 ἐκείνῳ,
3085 1661 3152 1712 δι’
3198 1659 3674 1731 ἁνδραγαθήματα
3719 1663 3816 1713 καὶ

2219 1751 2445 1825 πράξεις
2485 1753 2693 1822 ἀγαθὰς
2737 1755 2901 1822 ἐγγὺς
2934 1755 3140 1822 γίνεται
3184 1753 3278 1805 τοῦ
3319 1752 3473 1805 Θεοῦ.
3506 1755 3815 1823 ’Λντικρυς

2217 1846 2274 1899 δὲ
2324 1847 2660 1916 προφητείαν
2707 1845 2818 1916 ἔχει
2845 1847 2872 1898 6
2919 1846 3074 1914 λόγος
3100 1846 3200 1915 τῆς
3237 1845 3528 1916 ἐπιδημίας
3561 1845 3663 1897 τοῦ
3700 1848 3814 1898 Κυ-

536 1941 655 1992 bus.
710 1937 824 1991 lllic
883 1936 1027 1988 enim
1085 1933 1370 1986 dicebatur
1416 1945 1433 1983 :
1477 1928 1662 1982 Vultus
1695 1928 1908 1981 Domini
1957 1945 2114 1996 super

2221 1939 2367 2008 ρίου,
2399 1938 2492 1990 καὶ
2539 1938 2826 2008 σύμφωνος
2869 1937 2946 2007 τῷ
2993 1939 3304 2008 προάγοντι.
3349 1939 3495 1991 Ἐκεῖ
3547 1939 3652 2009 μὲν
3703 1939 3812 2009 γὰρ

535 2031 783 2099 facientes
814 2030 953 2081 mala
974 2068 988 2090 ,
1023 2029 1122 2080 hoc
1154 2033 1256 2091 est,
1313 2023 1430 2090 ejus
1461 2025 1513 2077 in
1544 2022 1749 2090 judicio
1785 2032 2111 2086 conspectus

535 2123 605 2176 ad
623 2121 1040 2188 disperdeudam
1073 2133 1290 2174 omnem
1317 2117 1658 2185 iniquitatem
1687 2115 1814 2168 fiet:
1843 2115 1934 2168 hic
1959 2129 2109 2179 vero,

539 2211 711 2279 Prope
738 2223 811 2264 est
855 2211 1108 2263 Dominus
1141 2209 1208 2261 iis
1241 2209 1328 2277 qui
1375 2209 1600 2260 contrito
1641 2217 1761 2259 sunt
1793 2207 1970 2270 corde,
2009 2205 2114 2258 Do—

540 2304 668 2356 mini
704 2304 753 2356 in
786 2316 952 2356 carne
979 2303 1268 2355 adventum
1299 2297 1645 2368 prtenuntiat,
1679 2297 2114 2366 appropinquan-

541 2406 647 2449 tem
672 2397 808 2464 jam,
837 2404 893 2448 et
922 2409 1026 2447 non
1065 2391 1252 2462 procul
1287 2391 1604 2444 distantem.
1631 2389 1808 2455 Atque
1842 2389 2004 2458 hujus
2034 2389 2110 2442 rei

544 2487 710 2541 faciat
745 2487 837 2540 tibi
891 2486 1049 2538 fidem
1094 2483 1378 2553 prophetia
1437 2481 1632 2535 Isaia):
1681 2478 1918 2548 Spiritus
1971 2481 2113 2533 enim

540 2578 750 2632 Domini
781 2593 936 2646 super
965 2593 1044 2629 me
1075 2591 1095 2629 :
1132 2584 1341 2644 propter
1374 2575 1514 2642 quod
1552 2572 1698 2624 unxit
1731 2587 1810 2623 me
1842 2584 1860 2622 :
1888 2586 2114 2637 evange-

540 2671 708 2722 lizare
742 2667 1054 2737 pauperibus
1085 2667 1220 2719 misit
1267 2682 1344 2719 me
1366 2705 1379 2728 ,
1413 2679 1603 2717 sanare
1637 2662 1890 2715 contritas
1937 2662 2115 2724 corde,

456 2791 489 2822 ο
539 2763 829 2830 prwdicare
871 2759 1083 2828 captivis
1124 2759 1504 2822 remissionem,
1555 2765 1603 2809 et
1648 2755 1800 2808 caecis
1835 2755 2004 2809 visum
2049 2755 2116 2806 ⁸⁸.

543 2854 679 2909 Cum
733 2853 879 2906 enim
942 2853 1187 2906 medicus
1249 2851 1556 2904 mitteretur
1608 2847 1860 2902 contritis
1914 2847 2116 2908 corde,

543 2942 738 3011 Prope,
768 2941 966 3011 inquit,
996 2941 1250 2994 Dominus
1276 2949 1349 2992 est
1384 2953 1403 2988 :
1442 2938 1588 2991 vobis
1614 2937 1734 2990 dico
1765 2936 1858 3004 qui
1891 2935 2121 2989 humiles

543 3037 708 3096 estis.
734 3035 933 3104 quique
956 3034 1154 3088 fastum
1177 3041 1420 3086 vestrum
1443 3029 1801 3094 contrivistis,
1838 3044 1935 3082 vos
1960 3028 2119 3082 simul

546 3129 941 3192 ltetilicaturus,
970 3135 1026 3180 et
1068 3140 1164 3194 per
1205 3125 1459 3194 gaudium
1493 3138 1675 3176 rerum
1701 3122 2004 3176 futurarum
2054 3126 2118 3177 ad

549 3218 892 3273 tolerantiam
969 3217 1308 3271 inducturus.
1378 3214 1647 3268 Contritio
1698 3225 1878 3268 autem
1940 3213 2125 3266 cordis

2211 2027 2462 2095 ἐλέγετο·
2513 2030 2842 2095 Πρόσωπον
2892 2029 3003 2099 ('27)
3053 2030 3273 2096 Κυρίου
3330 2029 3427 2082 ἐπὶ
3479 2031 3815 2096 ποιοῦν-τος

2212 2119 2710 2184 κακά-τουτέστιν,
2740 2121 2771 2189 ἡ
2813 2120 3098 2189 ἐπιφάνεια
3126 2120 3290 2173 αὐτοῦ
3323 2121 3463 2174 κατὰ
3491 2122 3592 2192 τὴν
3624 2122 3813 2192 κρίσιν

2214 2211 2305 2263 ἐπὶ
2331 2210 2624 2281 ἀφανισμῷ
2672 2214 2850 2280 πάσης
2890 2212 3155 2283 πονηρίας
3190 2213 3511 2281 γενήσεταιο
3568 2213 3814 2267 ἐνταῦθα

2214 2303 2306 2366 δὲ,
2356 2303 2569 2372 Ἐγγὺς
2608 2306 2640 2356 ό
2689 2305 2900 2371 Κύριος
2943 2303 3067 2368 τοῖς
3113 2303 3640 2371 συντετριμμένοις
3701 2305 3817 2370 τὴν

2217 2393 2496 2462 καρδίαν,
2537 2394 2633 2464 τὴν
2694 2394 2985 2464 ἐπιδημίαν
3031 2393 3128 2465 τὴν
3179 2393 3272 2446 τοῦ
3330 2394 3536 2462 Κυρίου
3591 2395 3698 2465 τήν
3758 2397 3815 2448 ἐν

2221 2488 2381 2556 σαρκὶ
2405 2486 2764 2556 προαγγέλλει
2784 2526 2797 2548 ,
2833 2486 3152 2554 ἐγγίζουσαν
3184 2485 3282 2555 ἤδη
3303 2525 3316 2546 ,
3352 2488 3444 2540 καὶ
3475 2487 3535 2538 οὐ
3591 2488 3813 2558 μακρὰν

2219 2579 2608 2649 ἀφεστηκυῖαν.
2648 2579 2757 2631 Καὶ
2788 2577 2944 2630 τοῦτό
2981 2594 3059 2630 σοι
3103 2577 3292 2630 πιστὸν
3325 2579 3387 2630 ὲκ
3425 2581 3522 2648 τῆς
3581 2579 3810 2631 Ἡσαΐου

2221 2670 2554 2741 προφητείας
2575 2669 2846 2738 γενέσθω⁶
2875 2669 3114 2736 Πνεῦμα
3148 2667 3254 2738 γὰρ
3287 2671 3504 2735 Κυρίου
3547 2671 3646 2722 ἐπ’
3685 2670 3808 2738 ἐμὲ,

2221 2755 2292 2812 οὗ
2327 2758 2535 2811 ἕνεκεν
2580 2756 2788 2826 ἔχρισέ
2826 2771 2933 2825 με·
2997 2757 3499 2826 εὐαγγελίσασθαι
3548 2759 3814 2827 ,πτωχοῖς

2222 2849 2569 2904 ἀπέσταλκέ
2615 2867 2724 2920 με,
2780 2849 3016 2904 Ιάσαθαι
3068 2850 3208 2916 τοὺς
3263 2852 3812 2920 συντετριμμένους

2223 2942 2336 3008 τὴν
2376 2941 2646 3010 καρδίαν.
2689 2941 2940 3008 κηρύξαι
2979 2940 3372 3009 αἰχμαλώτοις
3413 2941 3672 3010 ἀρεσιν,
3715 2945 3809 2996 καὶ

2223 3033 2473 3103 τυφλοῖς
2503 3035 2858 3102 ἀνάϐλεψιν.
2903 3033 3117 3103 Ἐπειδὴ
3165 3032 3272 3102 γὰρ
3320 3032 3503 3101 ἰατρὸς
3544 3034 3812 3087 ἀπεστέλ-

2223 3128 2342 3180 λετο
2400 3127 2507 3180 τῶν
2568 3127 3038 3198 συντετριμμένων
3092 3129 3189 3198 τὴν
3249 3127 3508 3198 καρδίαν,
3572 3128 3809 3197 Ἐγγύς.

2229 3223 2380 3291 φησὶ,
2445 3221 2656 3287 Κύριός
2699 3220 2895 3272 ἐστιν’
2939 3220 3068 3290 ὑμῖν
3108 3220 3249 3288 λέγω
3272 3223 3383 3283 τοῖς
3413 3225 3696 3284 ταπεινοῖς
3721 3221 3813 3273 καὶ

547 3311 864 3380 exstirpatio
898 3319 981 3364 est
1013 3311 1372 3362 humanarum
1403 3307 1821 3375 cogitationum.
1847 3306 1947 3371 Qui
1978 3320 2115 3374 prte-

2223 3310 2572 3380 συντρίψασιν
2605 3308 2809 3362 ἑαυτῶν
2859 3310 2918 3361 τὸ
2961 3310 3213 3380 φρόνημα
3257 3309 3400 3379 (28),
3429 3311 3812 3379 εὐθυμοποιῶν

546 3406 720 3460 sentia
770 3402 1116 3470 contempsit,
1171 3416 1234 3454 ac
1268 3415 1328 3453 se
1388 3400 1499 3468 ipse
1539 3399 1630 3451 Dei
1679 3398 1890 3452 addixit
1931 3399 2117 3460 verbo,

549 3504 896 3562 mentemque
930 3506 1080 3546 suam
1114 3492 1181 3544 ad
1225 3505 1320 3544 eas
1367 3490 1730 3558 cogitationes
1773 3503 1896 3559 qua:
1947 3489 2122 3543 homi-

549 3603 672 3643 nem
722 3593 1013 3656 superant,
1046 3599 1110 3638 ac
1155 3588 1326 3651 magis
1370 3583 1564 3637 divinat
1600 3590 1754 3640 sunt.
1805 3583 2041 3650 appulit,
2076 3583 2120 3637 is

549 3683 739 3749 utique
772 3679 931 3733 fuerit
961 3678 1049 3746 qui
1075 3677 1368 3731 contritum
1400 3690 1494 3728 cor
1519 3673 1702 3738 habet,
1730 3675 1929 3743 quique
1961 3690 2117 3728 suum

550 3787 646 3826 cor
695 3771 1021 3826 sacrificium
1073 3770 1216 3838 quod
1273 3783 1304 3821 a
1361 3767 1588 3822 Domino
1643 3782 1746 3819 non
1804 3767 2118 3834 despicitur,

548 3864 747 3919 elfecit.
789 3861 892 3916 Cor
919 3863 1056 3915 enim
1085 3863 1371 3915 contritum
1401 3869 1448 3911 et
1477 3859 1816 3911 humiliatum
1853 3857 1989 3911 Deus
2021 3874 2123 3910 non

550 3959 797 4026 despiciet
828 3957 894 4008 ⁸⁷.
921 3953 1091 4023 Prope
1112 3965 1185 4008 est
1211 3955 1374 4022 igitur
1401 3951 1656 4003 Dominus
1683 3951 1924 4002 contritis
1946 3951 2120 4015 corde,

551 4062 599 4104 et
629 4050 849 4102 humiles
874 4049 1064 4115 spiritu
1091 4045 1333 4099 salvabit.
1363 4043 1464 4108 Qui
1496 4042 1625 4096 nihil
1662 4042 1822 4095 habet
1851 4041 2120 4106 elationis,

554 4155 728 4210 neque
779 4141 850 4193 ob
898 4138 1062 4192 ullam
1109 4152 1223 4191 rem
1279 4136 1570 4188 humanam
1621 4133 1898 4202 superbit,
1941 4133 2030 4186 hic
2070 4146 2125 4188 et

551 4233 820 4290 contritus
853 4241 937 4286 est
974 4231 1158 4291 corde,
1190 4239 1244 4282 et
1276 4228 1494 4280 humilis
1525 4227 1738 4295 spiritu.
1781 4224 1877 4278 Est
1905 4225 2124 4293 quidem

553 4326 773 4383 humilis
809 4335 863 4379 et
902 4325 948 4377 is
985 4325 1075 4391 qui
1113 4326 1164 4375 in
1201 4331 1422 4388 peccato
1454 4319 1716 4381 ambulat,
1762 4333 1886 4371 cum
1934 4332 2126 4385 pecca-

556 4429 668 4473 tum
699 4418 944 4474 omuium
989 4415 1224 4468 maxime
1271 4411 1528 4466 humilem
1572 4411 1778 4464 reddat.
1819 4409 1953 4463 Hinc
1990 4409 2127 4463 dici-

555 4525 677 4564 mus
707 4507 1041 4563 bumiliatam
1072 4518 1192 4559 esse
1217 4512 1274 4558 et
1321 4517 1442 4556 eam
1474 4515 1594 4569 quae
1626 4510 1877 4568 corrupta
1911 4508 2017 4560 est,
2063 4513 2126 4552 ac

556 4600 885 4668 virginitatis
920 4595 1334 4652 sanctimoniam
1383 4591 1585 4645 amisit.
1627 4589 1718 4644 Sic
1759 4588 2008 4653 Amnon,
2042 4589 2126 4641 in-

2223 3401 2364 3470 ὑμᾶς
2395 3401 2488 3454 καὶ
2510 3402 2587 3462 εἰς
2615 3399 2993 3470 μακροθυμίαν
3015 3400 3223 3467 ὲνὰγων
3245 3403 3308 3469 τῇ
3338 3401 3476 3471 χαρᾷ
3503 3400 3614 3452 τῶν
3646 3417 3816 3471 προσ-

2220 3491 2560 3561 δοκωμένων.
2580 3489 2922 3562 Συντριμμὺς
2946 3490 3001 3542 δὲ
3028 3490 3254 3560 καρδίας
3279 3492 3422 3543 ἐστὶν
3449 3492 3476 3543 6
3495 3493 3809 3560 ἀφανισμὸς

2221 3585 2328 3636 τῶν
2363 3583 2716 3654 ἀνθρωπίνων
2771 3581 3063 3652 λογισμῶν.
3115 3583 3173 3634 Ὁ
3224 3585 3645 3654 καταφρονήσας
3704 3585 3814 3638 τῶν

2221 3676 2368 3745 τῇδε,
2397 3675 2490 3725 καὶ
2525 3673 2876 3735 ἀποδεδωκὼς
2903 3673 3092 3727 ἑαυτὸν
3125 3672 3203 3743 τῷ
3234 3673 3376 3744 λόγῳ
3406 3673 3498 3726 τοῦ
3529 3675 3691 3738 Θεοῦ,
3720 3675 3814 3729 καὶ⁵

2222 3765 2551 3837 ἐμπαρέχων
2584 3766 2776 3817 ἑαυτοῦ
2809 3765 2868 3817 τὸ
2899 3766 3225 3835 ἡγεμονικὸν
3254 3769 3363 3829 τοῖς
3409 3767 3550 3835 ὑπὲρ
3597 3767 3811 3838 ἄνθρω-

2223 3877 2322 3912 πον
2349 3860 2442 3911 καὶ
2475 3857 2766 3927 θειοτέροις
2807 3859 3099 3927 νοήμασιν,
3139 3851 3291 3920 οὗτος
3322 3857 3386 3910 ἂν
3421 3857 3506 3928 εἴη
3551 3860 3579 3909 6
3627 3876 3814 3912 συντε-

2222 3950 2528 4023 τριμμένην
2577 3949 2712 4020 ἔχων
2763 3951 2863 4020 τὴν
2917 3950 3166 4020 καρδίαν,
3214 3950 3307 4002 καὶ
3359 3952 3587 4020 ποιήσας
3641 3953 3812 4020 αὐτὴν

2224 4044 2412 4097 θυσίαν
2437 4044 2537 4095 οὐκ
2561 4042 2990 4113 ὲξουδενωμένην
3015 4043 3120 4095 ὑπὸ
3157 4043 3249 4095 τοῦ
3285 4043 3508 4113 Κυρίου.
3547 4044 3813 4111 Καρδίαν

2222 4133 2333 4203 γὰρ
2362 4133 2472 4206 (29)
2519 4131 3032 4200 συντετριμμένην
3082 4132 3177 4185 καὶ
3225 4133 3740 4200 τεταπεινωμένην
3777 4134 3812 4188 ό

2227 4225 2368 4292 Θεὸς
2426 4227 2536 4278 οὐκ
2582 4223 2992 4288 ἐξουδενώσει.
3041 4224 3246 4293 Ἐγγὺς
3293 4220 3406 4278 οὖν
3437 4226 3656 4291 Κίγλιος
3688 4225 3810 4290 τοῖς

2225 4315 2749 4386 συντετριμμένοις
2771 4315 2886 4383 τὴν
2912 4317 3182 4384 καρδίαν,
3207 4316 3305 4369 καὶ
3327 4316 3470 4380 τοὺς
3490 4317 3812 4381 ταπεινοὺς

2225 4408 2304 4474 τῷ
2340 4411 2629 4477 πνεύματι
2662 4407 2868 4461 σώσει.
2916 4408 2975 4460 Ὀ
3024 4409 3190 4479 μηδὲν
3217 4409 3353 4479 ἔχων
3382 4409 3630 4482 ἔπαρμα.
3673 4412 3812 4482 μηδὲ

2227 4501 2441 4573 φρονῶν
2479 4500 2570 4553 ἐπί
2604 4506 2707 4552 τινι
2729 4500 2838 4552 τῶν
2867 4499 3255 4571 ἀνθρωπίνων,
3295 4495 3449 4565 οὗτος
3491 4503 3585 4555 καὶ
3625 4521 3815 4556 συντε-

2229 4592 2528 4663 τριμμένος
2553 4593 2668 4644 ἐστὶ
2697 4596 2760 4664 τῇ
2793 4592 3009 4664 καρδίᾳ,
3034 4594 3126 4646 καὶ
3143 4595 3394 4656 ταπεινὸς
3416 4593 3494 4664 τῷ
3518 4595 3812 4665 πνεύματι.

556 4660 695 4761 ῳιίἶ,
727 4692 834 4744 vim
865 4689 1104 4742 Thamar
1139 4686 1379 4741 inferens
1404 4685 1470 4747 ⁸⁸,
1505 4681 1814 4735 Humiliavlt
1854 4682 2022 4745 ipsam
2059 4680 2115 4733 ⁸³.

2239 4660 2393 4736 Ἔστι
2427 4685 2525 4755 μὲν
2547 4660 2801 4748 ταπεινδς
2822 4660 2915 4737 καὶ
2931 4660 3113 4738 ὁτκατὰ
3146 4684 3243 4755 τὴν
3277 4660 3550 4758 ἁμαρτίαν
3582 4660 3812 4757 πορευόα

557 4779 1067 4848 Ουίειιιιιιυενίςίιυι·
1091 4777 1433 4831 altitudinem
1461 4789 1524 4828 ac
1545 4772 1930 4827 sublimitatem
1963 4773 2125 4827 animi

558 4873 813 4936 amisere,
850 4885 945 4940 per
980 4879 1262 4940 peccatum
1306 4869 1356 4920 in
1397 4877 1591 4920 terram
1629 4863 1842 4932 dejecti,
1879 4873 1932 4916 et
1970 4866 2125 4933 quasi

557 4961 842 5033 proetrati,
894 4974 998 5012 non
1057 4958 1218 5011 aliter
1263 4955 1571 5026 gradientes
1620 4969 1781 5022 quam
1825 4965 2121 5021 serpentes,

557 5052 920 5115 decumbunt;
949 5065 1182 5120 cumque
1210 5051 1370 5104 iidem
1405 5048 1552 5102 nullo
1586 5047 1745 5100 modo
1771 5046 2043 5116 surrigerc
2070 5063 2126 5100 se

559 5145 789 5214 possint,
821 5141 1086 5196 humiliati
1119 5151 1241 5194 sunt
1269 5141 1508 5209 quidem,
1535 5155 1640 5192 non
1675 5147 1853 5192 tamen
1886 5139 2077 5206 spiritu
2110 5157 2122 5191 :

559 5253 663 5292 non
701 5236 844 5289 enim
876 5233 1160 5287 laudabilis
1181 5242 1263 5286 est
1291 5231 1500 5284 illorum
1529 5231 1827 5285 humilitas.
1865 5229 1964 5295 Qui
2001 5245 2129 5284 vero

559 5331 758 5385 habent
787 5327 1011 5398 spiritus
1045 5328 1219 5380 sancti
1255 5325 1509 5391 gratiora,
1543 5325 1682 5377 haud
1716 5324 1865 5376 inviti
1895 5337 1954 5376 se
1985 5324 2129 5392 ipsos

625 5470 672 5501 ⁸⁸
708 5469 850 5523 Psal.
884 5485 1053 5536 mm,
1097 5470 1188 5523 27.

558 5556 690 5607 xxn,
719 5540 810 5596 29.

1265 5468 1307 5500 ⁸⁸
1341 5467 1510 5522 Exod.
1555 5481 1704 5530 χειν,
1741 5463 1795 5516 ἓ.

651 5693 743 5763 27)
783 5695 874 5748 Sic
907 5710 1036 5748 mss.
1061 5708 1174 5746 sex.
1197 5688 1338 5743 Editi
1375 5687 1664 5763 πρόσωπον
1689 5687 1765 5740 δε.

651 5761 743 5833 28)
777 5765 906 5834 Reg.
947 5766 1131 5818 tertius
1148 5763 1221 5834 tu
1250 5761 1595 5832 φρονήματα.

628 5830 739 5906 (29')
765 5830 902 5906 Edi'ti
931 5836 1058 5904 γὰρ,
1093 5830 1454 5906 φησί’).-υρεει
1478 5830 1642 5906 φησίν
1674 5830 1725 5884 in
1747 5845 1878 5906 mss.

630 5899 740 5978 (50)
761 5905 833 5959 lta
860 5899 1243 5974 quinqucmss.
1280 5902 1417 5956 Editi
1441 5899 1562 5956 cum
1592 5903 1724 5973 Reg.
1757 5899 2126 5956 ἀπολώλασιν.

1899 5464 1945 5495 ⁸⁸
1996 5462 2097 5518 lsa.
2142 5481 2252 5528 ut,
2283 5464 2334 5518 1.

2239 4794 2426 4848 μενος,
2453 4776 2585 4828 διότι
2627 4777 2992 4847 ταπεινωτικὴ
3042 4775 3275 4846 μάλιστα
3323 4779 3535 4831 πάντων
3570 4780 3603 4848 ή
3635 4781 3815 4851 ἁμαρ-

2233 4868 2342 4920 τία.
2377 4866 2527 4920 Καθὸ
2561 4866 2654 4919 καὶ
2691 4866 2789 4936 τὴν
2827 4865 3172 4936 ἐφθαρμένην
3215 4864 3308 4918 καὶ
3342 4867 3687 4920 ἀπολέσασαν
3725 4873 3813 4922 τὸν

2232 4959 2331 5026 τῆς
2364 4957 2659 5028 παρθενίας
2706 4955 2975 5026 ἁγιασμὸν
3016 4956 3242 5027 λέγομεν
3274 4958 3678 5011 ταπεινοῦσθαι.
3730 4961 3812 5021 Ὠς

2231 5052 2260 5102 6
2310 5048 2554 5120 Ἀμνὼν,
2585 5049 2780 5119 φησὶν,
2819 5050 3127 5113 ἐπαναστὰς
3169 5053 3232 5121 τῇ
3276 5051 3472 5121 Θάμαρ
3495 5091 3510 5116 ,
3551 5051 3812 5104 Eram-:5-

2233 5142 2658 5210 νωσεναύτήν.
2689 5143 2842 5194 Ὅσοι
2878 5137 2969 5195 οὖν
2994 5143 3052 5194 τὸ
3077 5144 3364 5213 ἀνάστημα
3390 5143 3482 5195 καὶ
3515 5143 3577 5196 τὸ
3608 5143 3811 5214 δίαρμα

2234 5234 2332 5304 τῆς
2350 5233 2528 5304 ψυχῆς
2555 5232 2957 5287 ἀπολωλέκασιν
2990 5233 3122 5303 (50),
3151 5234 3254 5288 ὑπὸ
3279 5235 3376 5305 τῆς
3402 5235 3673 5304 ἁμαρτίας
3713 5253 3809 5288 κα-

2235 5323 2592 5394 ταϐληθέντες
2621 5325 2699 5386 εἰς
2727 5323 2852 5393 γῆν,
2872 5323 2964 5376 καὶ
2993 5325 3155 5377 οἱονεὶ
3181 5324 3577 5393 ἐδαφισθέντες,
3610 5325 3810 5387 ὁμοίως

2408 5464 2452 5496 ⁸⁷
2489 5461 2630 5516 Psal.
2657 5479 2708 5527 ι,
2742 5462 2830 5517 19.
2941 5462 2986 5493 ⁸⁸
3009 5463 3047 5516 11
3077 5463 3212 5533 Reg.
3236 5479 3358 5528 xm,
3384 5463 3470 5517 M.
3579 5461 3626 5493 "
3650 5462 3810 5517 Deut.

2237 5687 2354 5743 illex
2384 5688 2519 5758 Reg.
2547 5690 2813 5761 secundus
2848 5692 3220 5761 συγκύπτουσι
3261 5691 3341 5751 δέ.
3365 5689 3656 5760 Aliquanto
3677 5701 3812 5761 post

2235 5775 2299 5813 ex
2331 5759 2939 5832 Iussa'roﬁllvsdpotto;
2989 5763 3082 5816 τοῦ
3115 5763 3291 5832 ἁγίου.
3330 5759 3481 5817 Editi
3505 5777 3630 5817 cum
3674 5760 3807 5831 Reg.

2236 5841 2387 5888 sexto
2405 5831 2498 5885 τοῦ
2517 5830 2674 5898 ἁγίου
2700 5830 3038 5904 Πνεύματος.
