4008 6402
219 441 315 494 58I

1355 442 1635 498 HOMILIA
1676 441 1742 496 IN
1782 443 2114 499 PSALMUM
2158 447 2398 502 XXXIII.

3379 447 3485 502 582

217 555 295 623 τῷ
321 554 442 622 ὄφει
473 555 942 627 συμπορευόμενοι
970 557 1334 625 συγκύπτουσι
1356 598 1369 621 ,
1409 556 1482 627 μὴ
1521 557 1796 628 δυνάμενοι

1912 559 2228 628 humiliant,
2264 561 2664 631 subjiciuntque
2705 561 3054 617 inferioribus
3094 581 3109 616 :
3147 563 3349 632 quippe
3384 565 3502 631 qui.

213 646 592 716 ἀνορθωθῆναι
640 649 720 710 εἰς
771 648 830 700 τὸ
870 647 1146 711 παντελὲς,
1194 643 1334 701 οὗτοι
1379 650 1800 703 τεταπείνωνται

215 739 340 806 μὲν,
375 737 434 788 οὑ
469 738 574 808 μὴν
603 738 681 808 τῷ
711 737 1014 806 πνεύματι·
1054 738 1114 789 οὐ
1148 739 1255 808 γὰρ
1277 740 1535 809 ἐπαινετὴ
1561 740 1738 793 αὑτῶν
1768 743 1800 812 ἡ

210 830 564 892 ταπείνωσις.
599 830 750 882 Ὅσοι
774 827 830 880 δὲ
862 828 1074 897 ἔχοντες
1096 829 1194 900 τὴν
1219 829 1313 882 τοῦ
1354 832 1668 901 Πνεύματος
1707 832 1798 884 τοῦ

212 926 376 992 ἁγίου
445 926 622 996 χάριν,
669 922 886 986 ἑκόντες
939 925 1162 987 ἑαυτοὺς
1230 925 1646 980 ὑποταπεινοῦσι
1691 932 1801 992 τοῖς

210 1015 654 1085 ὑποδεεστέροις,
711 1014 849 1066 κατὰ
893 1013 984 1067 τὸν
1029 1015 1343 1070 Ἀπόστολον
1390 1017 1637 1086 λέγοντες
1680 1020 1798 1072 ἑαυν

208 1109 340 1171 τοὺς
393 1104 529 1158 εἶναι
566 1104 782 1168 δούλους
827 1107 985 1158 τινῶν
1014 1106 1070 1159 ὲν
1096 1106 1312 1180 Χριστῷ
1346 1110 1480 1179 (51),
1528 1111 1619 1162 καὶ
1651 1111 1804 1164 Πάν-

207 1219 332 1255 των
392 1200 697 1266 περίψημα
768 1197 878 1262 ἕως
946 1198 1114 1266 ἄρτι·
1157 1202 1250 1253 καὶ
1297 1202 1483 1255 πάλιν·
1554 1203 1647 1268 Ὡς
1703 1217 1803 1255 πε-

203 1289 615 1360 ρικαθάρματα
654 1288 760 1342 τοῦ
817 1290 1047 1357 κόσμου
1087 1290 1489 1361 ἐγενήθημεν*
1547 1295 1596 1344 οἱ
1641 1311 1802 1344 πνευ-

209 1383 459 1456 ματικῶς
486 1386 553 1453 τῇ
592 1379 918 1434 ταπεινώσει
946 1383 1295 1453 κεχρημένοι,
1327 1384 1545 1436 πάντων
1574 1385 1801 1448 ἑαυτοὺς

205 1475 492 1538 ποιοῦντες
520 1476 799 1544 ἐσχάτους,
836 1473 922 1525 ἵνα
959 1474 1174 1527 πάντων
1208 1477 1411 1548 πρῶτοι
1448 1477 1711 1544 γένωνται
1746 1479 1801 1529 ἐν

201 1573 277 1640 τῇ
315 1568 560 1638 βασιλείᾳ
592 1567 699 1619 τῶν
733 1568 996 1640 οὐρανῶν.
1036 1567 1269 1631 Τούτους
1304 1569 1397 1621 καὶ
1444 1568 1736 1638 μακαρίζει
1775 1571 1802 1622 ὁ

201 1664 412 1734 Κύριος
437 1661 644 1728 λέγων’
687 1661 979 1728 Μακάριοι
1017 1663 1070 1713 ol
1102 1660 1324 1727 πτωχοὶ
1368 1659 1445 1724 τῷ
1487 1662 1797 1730 πνεύματι.

201 1751 439 1808 Πολλαὶ
481 1754 540 1804 αἱ
571 1751 810 1818 θλίψεις
856 1749 974 1803 τῶν
1009 1750 1285 1815 δικαίων,
1336 1751 1431 1803 καί
1473 1751 1540 1803 ἐκ
1587 1750 1800 1804 πασῶν

198 1843 406 1899 αὐτῶν
437 1843 687 1910 ῥύσεται
718 1842 938 1907 αὐτοὺς
965 1845 996 1894 ό
1020 1841 1254 1909 Κύριος.
1293 1842 1394 1894 Ἐν
1413 1842 1612 1907 παντὶ,
1643 1843 1794 1912 φησὶ,

200 1938 564 2005 θλιϐόμενοι,
611 1935 747 1988 ἀλλ’
778 1937 849 1988 οὐ
890 1935 1451 2003 στενοχωρούμενοι.
1503 1935 1602 1988 Διὰ
1644 1936 1800 1990 τοῦτό

201 2046 343 2099 φησι
375 2029 468 2082 καὶ
496 2029 523 2079 ὁ
573 2027 776 2098 Κύριος
823 2030 934 2091 τοῖς
979 2025 1172 2080 ἑαυτοῦ
1226 2027 1531 2098 μαθηταῖς·
1584 2029 1685 2082 Ἑν
1721 2029 1801 2094 τῷ

200 2124 415 2190 κόσμῳ
439 2121 650 2188 θλίψιν
687 2118 874 2187 ἕχετε’
896 2119 1052 2171 ἀλλὰ
1068 2119 1358 2187 θαρσεῖτε,
1381 2119 1494 2189 ἐγὼ
1509 2122 1802 2190 νενίκηκα

202 2216 313 2267 τὸν
336 2216 589 2282 κόσμον.
633 2213 793 2263 Ὥστε
819 2212 912 2263 ἐὰν
946 2210 1059 2281 ἴδῃς
1099 2211 1228 2264 ποτὲ
1269 2213 1327 2264 ὲν
1361 2212 1535 2275 νόσοις
1556 2254 1570 2277 ,
1603 2216 1659 2266 ἐν
1688 2213 1797 2284 (5'2)

201 2305 488 2378 πηρώσεσι
519 2304 791 2375 σώματος,
821 2306 877 2356 ὲν
906 2303 1141 2374 ἀποϐολῇ
1170 2303 1277 2357 τῶν
1305 2306 1540 2369 οἰκείων,
1573 2307 1628 2356 ὲν
1663 2306 1799 2376 πλη-

202 2401 351 2468 γαῖς,
384 2401 440 2450 ἐν
474 2398 738 2468 ἀτιμίαις,
766 2398 823 2448 ὲν
855 2396 1002 2468 πάσῃ
1031 2396 1206 2467 ἐνδείᾳ
1236 2396 1328 2448 καὶ
1362 2397 1648 2467 ὑπερήσει
1687 2397 1796 2450 τῶν

201 2491 516 2560 ἀναγκαίων
545 2491 670 2552 τοὺς
697 2489 940 2551 δικαίους
971 2488 1334 2558 ὑπάρχοντας,
1379 2489 1682 2560 μνήσθητι,
1717 2491 1798 2543 ὅτι

202 2583 434 2638 Πολλαὶ
454 2585 513 2635 al
534 2582 773 2649 θλίψεις
791 2580 908 2633 τῶν
926 2580 1191 2645 δικαίων,
1224 2581 1319 2632 καὶ
1347 2581 1414 2632 ἐκ
1439 2580 1653 2633 πασῶν
1686 2583 1796 2653 ι55)

199 2673 402 2729 αὐτῶν
433 2675 684 2742 ῥύσεται
713 2672 936 2738 αὐτοὺς
970 2675 1002 2725 ό
1029 2673 1264 2740 Κύριος.
1319 2675 1377 2724 '0
1413 2673 1467 2724 δὲ
1505 2673 1677 2742 λέγων
1723 2676 1796 2747 μὴ

199 2769 433 2840 πρέπειν
464 2767 540 2837 τῷ
576 2765 768 2836 δικαίῳ
793 2765 890 2836 τὴν
928 2764 1128 2834 θλίψιν,
1169 2765 1320 2818 οὐδὲν
1367 2764 1550 2834 ἕτερον
1581 2766 1727 2834 λέγει
1764 2767 1796 2837 ἢ

201 2862 279 2933 μὴ
343 2859 602 2930 ἁρμόζειν
655 2858 733 2929 τῷ
781 2858 986 2929 ἀθλητῇ
1046 2857 1138 2910 τὸν
1207 2859 1635 2929 ἀνταγωνιστήν.
1707 2858 1798 2930 Μὴ

200 2953 605 3023 ἀγωνιζόμενος
633 2952 688 3003 δὲ
710 2954 737 3004 ό
765 2950 998 3020 ἀθλητὴς
1031 2951 1182 3013 τίνας
1215 2949 1326 3016 ἔξει
1373 2950 1481 3003 τῶν
1519 2952 1798 3020 στεφάνων

198 3046 300 3107 τὰς
352 3043 671 3106 ὑποθέσεις;
728 3043 866 3114 ’Ἤδη
919 3042 974 3094 δὲ
1025 3042 1282 3112 τέταρτον
1337 3042 1552 3110 λέγεται
1611 3045 1669 3095 ἐν
1720 3043 1797 3114 τῷ

194 3134 401 3204 ψαλμῷ
449 3133 643 3203 τούτῳ,
695 3132 816 3184 τίνα
862 3130 1061 3202 τρόπον
1106 3132 1212 3184 ἀπὸ
1255 3131 1485 3201 θλίψεως
1537 3132 1721 3204 ῥύεται
1769 3137 1798 3188 ὁ

195 3228 444 3298 Κύριος,
474 3225 566 3289 οὓς
613 3228 706 3278 ἐὰν
745 3224 873 3298 θέλῃ
919 3225 1203 3297 ῥύσασθαι.
1256 3225 1476 3296 Πρῶτον
1511 3225 1608 3296 μὲν
1647 3226 1789 3297 γάρ’
1821 3255 1866 3312 C

208 3317 578 3386 Ἰίξεζήτησα
609 3316 717 3370 τὸν
755 3318 973 3384 Κύριον
996 3355 1010 3379 ,
1043 3317 1139 3369 καὶ
1173 3317 1481 3384 ἐπήκουσέ
1503 3335 1623 3384 μου
1647 3357 1661 3380 ,
1693 3318 1792 3372 καὶ

194 3412 267 3464 ἐκ
298 3409 515 3463 πασῶν
541 3408 660 3462 τῶν
699 3407 964 3476 θλίψεων
983 3426 1102 3476 μου
1139 3409 1436 3475 Aspacara
1461 3425 1565 3477 με’
1609 3409 1792 3462 δεύτε-

203 3521 294 3574 ρον
328 3503 385 3555 δὲ
433 3501 627 3554 πάλιν·
671 3496 858 3564 Οὗτος
889 3503 920 3552 ὁ
974 3499 1208 3568 πτωχὸς
1251 3499 1573 3565 ἐκέκραξε,
1622 3501 1721 3552 καὶ
1761 3504 1792 3554 ό

197 3596 416 3662 Κύριος
436 3593 801 3659 εὶσήκσυσεν
829 3592 1037 3655 αὑτοῦ,
1075 3593 1168 3646 καὶ
1193 3594 1258 3645 ἐκ
1283 3593 1496 3645 πασῶν
1519 3594 1638 3646 τῶν
1663 3595 1792 3648 θλί-

197 3691 367 3756 ψεων
405 3686 591 3740 αὑτοῦ
639 3685 876 3740 ἔσωσεν
928 3685 1146 3738 αὐτόν’
1193 3686 1287 3738 καὶ
1343 3686 1560 3756 τρίτον·

1902 651 2059 720 juxta
2101 654 2416 722 Apostolum
2471 655 2654 707 dicant
2695 669 2814 709 eSse
2848 670 2906 708 se
2945 655 3261 724 quurumvis
3301 654 3389 721 qui
3423 653 3479 706 in

1905 743 2118 800 Christo
2150 755 2299 808 sunt,
2328 761 2513 800 servos
2526 745 2594 814 ’°,
2622 755 2678 800 et
2697 747 2946 800 Omnium
2971 747 3392 816 rejectamentum
3413 747 3483 798 ad

1903 837 2041 890 hunc
2079 853 2241 904 usque
2281 839 2417 890 diem
2447 839 2525 904 ⁹¹;
2565 847 2618 893 et
2650 839 2842 892 iterum
2887 858 2900 892 :
2946 837 3221 908 Tanquam
3279 854 3480 906 purga-

1904 937 2076 978 menta
2102 927 2285 979 mundi
2310 927 2442 995 facti
2468 945 2648 981 sumus
2673 928 2742 981 θ’.
2777 928 2875 993 Qui
2907 930 3204 982 secundum
3229 927 3478 995 spiritum

1905 1016 2214 1071 humilitate
2267 1021 2517 1081 utuntur,
2557 1034 2675 1072 sese
2716 1019 2955 1070 omnium
3004 1018 3210 1070 faciunt
3241 1025 3483 1083 'postre-

1904 1122 2042 1173 mos,
2082 1116 2140 1159 ut
2169 1107 2327 1174 primi
2353 1107 2404 1161 in
2442 1125 2606 1178 regno
2637 1109 2900 1162 cmlorum
2943 1110 3072 1162 ﬁant
3107 1108 3170 1161 ⁸³.
3210 1107 3319 1160 Hos
3348 1123 3483 1175 prae-

1904 1197 2048 1252 dicat
2083 1213 2298 1268 quoque
2334 1201 2518 1253 beatus
2553 1201 2848 1262 Dominus,
2881 1201 3070 1253 (licens
3102 1219 3116 1253 :
3154 1200 3302 1253 Beati
3347 1216 3484 1267 pau-

1902 1305 2047 1356 peres
2074 1291 2260 1356 spiritu
2279 1291 2344 1344 ⁸⁸.
2373 1289 2560 1360 (Vens.
2581 1292 2696 1362 ΞΟ.)
2732 1293 3291 1346 Multwtribulatianes
3312 1292 3484 1360 justo-

1906 1395 2040 1443 rum,
2091 1391 2136 1432 et
2183 1397 2246 1433 ea:
2288 1385 2531 1435 omnibus
2577 1385 2660 1436 Itis
2699 1383 2936 1436 liberavit
2968 1401 3053 1437 eos
3093 1384 3368 1436 Dominus.
3416 1381 3483 1436 In

1904 1472 2165 1538 omnibus,
2206 1474 2402 1540 inquit,
2457 1475 2619 1545 156
2661 1476 3055 1530 tribulationem
3096 1478 3348 1544 patimur,
3392 1475 3482 1528 sed

1903 1577 2006 1616 non
2047 1565 2420 1632 angustiamur
2445 1567 2516 1625 ⁵⁸.
2555 1567 2852 1636 PrOpterea
2899 1568 3063 1622 etiam
3097 1568 3355 1622 Dominus
3402 1570 3478 1620 ait

1903 1655 2181 1725 discipulis
2211 1659 2322 1713 suis
2372 1676 2384 1712 :
2438 1658 2502 1712 In
2554 1662 2748 1713 mundo
2790 1677 3088 1729 pressuram
3127 1662 3359 1722 habetis;
3389 1660 3481 1715 sed

1903 1750 2178 1817 conﬁdite,
2219 1769 2310 1820 ego
2343 1752 2442 1805 vici
2477 1755 2729 1806 mundum
2757 1755 2824 1806 ⁸⁸.
2855 1755 3038 1820 Quare
3073 1754 3116 1807 si
3149 1755 3370 1821 quando
3407 1756 3484 1806 ri-

1905 1839 2049 1893 deris
2084 1838 2262 1908 jttStos
2299 1841 2350 1894 in
2395 1843 2622 1909 morbis,
2659 1844 2710 1896 in
2753 1846 2999 1913 corporis
3039 1845 3482 1899 detruncationi-

1832 1913 1873 1966 Β
1903 1931 2023 1996 bus,
2055 1932 2106 1984 in
2136 1934 2557 2002 propinquorum
2595 1936 2907 2000 amissione,
2943 1937 2993 1990 in
3025 1936 3218 2005 plagis,
3243 1937 3294 1988 in
3332 1936 3484 2005 igno-

1906 2025 2107 2092 miniis,
2162 2026 2213 2080 in
2254 2027 2399 2080 omni
2459 2028 2638 2096 inopia
2689 2045 2752 2083 ac
2806 2045 2987 2083 rerum
3041 2029 3479 2083 necessariarum

1902 2127 2142 2184 egestate
2183 2118 2446 2181 detineri,
2482 2135 2689 2175 memor
2729 2121 2896 2176 fueris
2940 2123 3081 2192 quod
3134 2120 3322 2174 Multa:
3360 2127 3485 2173 sunt

1902 2207 2270 2262 tribulationes
2293 2212 2563 2278 justorum
2585 2251 2599 2276 ,
2627 2223 2673 2266 et
2707 2215 2846 2280 quod
2883 2229 2946 2267 ex
2971 2215 3213 2267 omnibus
3240 2214 3320 2265 his
3351 2213 3482 2266 libe-

1903 2301 2036 2353 rabit
2065 2319 2154 2354 eos
2186 2303 2464 2358 Dominus.
2510 2305 2608 2371 Qui
2642 2316 2822 2360 autem
2869 2308 3001 2360 dicit
3025 2307 3171 2375 justo
3205 2323 3308 2358 non
3351 2320 3483 2358 cou-

1902 2393 2086 2447 venire
2118 2394 2564 2461 tribulationem,
2601 2397 2735 2450 nihil
2776 2399 2918 2451 aiiud
2961 2397 3094 2451 dicit
3129 2397 3230 2450 nisi
3267 2396 3487 2450 athleta!

1903 2501 2006 2538 non
2056 2501 2360 2556 congruere
2388 2488 2782 2544 adversarium.
2834 2487 2940 2542 Sed
2988 2488 3212 2541 athleta:
3246 2499 3352 2539 non
3389 2484 3486 2537 de-

1901 2579 2130 2632 certanti
2157 2594 2276 2648 quae
2297 2590 2458 2633 erunt
2481 2581 2802 2635 occasiones
2822 2578 3188 2635 coronarum?
3211 2577 3327 2630 .Iam
3354 2590 3483 2629 vero

1901 2682 2092 2737 quater
2118 2673 2169 2726 in
2202 2672 2303 2726 hoc
2334 2674 2543 2741 psalmo
2575 2675 2798 2738 dicitur,
2837 2689 2942 2743 qua
2980 2674 3193 2726 ratione
3219 2685 3312 2724 eos
3344 2683 3482 2738 quos

1901 2765 2162 2819 Dominus
2197 2765 2431 2819 liberare
2462 2767 2610 2832 vult,
2647 2781 2676 2819 a
2723 2765 3071 2820 tribulatione
3104 2764 3318 2818 liberet.
3364 2761 3485 2814 Pri-4

1901 2871 2044 2909 mum
2093 2857 2238 2910 enim
2305 2855 2515 2926 (Vsus.
2560 2857 2631 2928 5)
2689 2875 2701 2911 :
2764 2856 3036 2925 Iz'xquisivi
3078 2855 3384 2917 Dominum,
3435 2863 3481 2906 et

1898 2949 2162 3002 exaudivit
2188 2966 2291 3014 me,
2319 2959 2367 3002 et
2396 2967 2461 3004 ex
2488 2951 2727 3004 omnibus
2764 2949 3194 3004 tribulationibus
3218 2947 3343 3001 meis
3377 2947 3482 3000 eri-

1897 3042 2012 3110 puit
2059 3058 2176 3106 me;
2223 3044 2465 3097 secundo
2505 3043 2694 3113 (Vsus.
2721 3043 2773 3112 7)
2811 3064 2823 3098 :
2854 3043 2958 3096 Hic
2984 3058 3183 3110 pauper
3213 3040 3480 3104 clamavit,

1897 3147 1945 3188 et
1976 3135 2233 3190 Dominus
2268 3140 2535 3190 exaudivit
2567 3154 2705 3202 eum,
2729 3145 2777 3189 et
2805 3153 2868 3189 ex
2898 3137 3137 3189 ontnibus
3176 3133 3482 3186 tribulatio-

1899 3229 2051 3282 nibus
2095 3229 2208 3298 ejus
2241 3229 2460 3283 saluauit
2489 3243 2648 3294 eum;
2698 3229 2854 3284 tertio
2887 3227 3072 3300 (Vens.
3105 3227 3189 3298 18)
3224 3245 3236 3278 :
3270 3225 3482 3279 Clama-

1900 3329 2079 3374 verunt
2104 3321 2281 3390 justi,
2313 3332 2360 3374 et
2394 3322 2652 3376 Dominus
2681 3323 2949 3376 exaudivit
2985 3339 3101 3384 eos,
3134 3332 3180 3373 et
3218 3336 3281 3374 ea:
3306 3319 3477 3372 omni-

1901 3414 1995 3466 bus
2031 3415 2463 3468 tribulationibus
2500 3433 2680 3468 eorum
2734 3415 2975 3468 liberavit
3021 3430 3131 3468 eos.
3201 3413 3483 3467 Postremo

1902 3505 2091 3574 (VERS.
2124 3505 2214 3572 20)
2242 3523 2254 3554 τ
2287 3505 2472 3559 Multa:
2503 3507 2866 3559 tribulationes
2894 3505 3183 3574 justornm,
3206 3515 3251 3558 et
3280 3506 3344 3557 de
3371 3519 3482 3556 om-

1901 3597 2053 3649 nibus
2087 3596 2167 3648 ltis-
2197 3597 2434 3649 liberavit
2469 3613 2554 3649 eos
2591 3597 2867 3648 Dominus.

1634 3687 2002 3756 Ἐκέκρσξαν
2044 3691 2098 3741 ol
2161 3687 2411 3752 δίκαιοι,
2474 3688 2570 3740 καὶ
2608 3691 2641 3742 ὁ
2687 3689 2904 3756 Κύριος
2969 3688 3337 3755 εὶσήκουσεν
3371 3686 3480 3738 αὐ-

196 3778 342 3842 τῶν,
373 3779 561 3832 καὶέκ
589 3776 803 3830 πασῶν
826 3777 944 3831 τῶν
977 3780 1242 3845 θλίψεων
1269 3780 1469 3834 αὐτῶν
1535 3783 1830 3849 ἐρρύσατο
1871 3781 2122 3844 αὐτούς’
2172 3783 2265 3834 καὶ
2304 3781 2642 3833 τελευταῖον
2686 3781 2917 3833 Πολλαὶ
2973 3784 3030 3833 al
3075 3779 3314 3846 θλίψεις
3352 3775 3476 3829 τῶν

197 3871 480 3936 δικαίων,
509 3870 609 3924 καὶ
638 3872 705 3922 ἐκ
742 3869 954 3923 πασῶν
996 3869 1194 3923 αὐτῶν
1229 3873 1483 3937 ῥύσεται
1515 3873 1738 3938 αὐτοὺς
1768 3877 1800 3928 ὀ
1838 3875 2072 3941 Κύριος.

275 3962 364 4014 15.
397 3959 706 4013 Φυλάσσει
743 3963 959 4028 Κύριος
1000 3960 1196 4014 πάντα
1246 3962 1317 4014 τὰ
1365 3961 1517 4016 ὀστᾶ
1563 3963 1794 4017 αὐτῶνθ

199 4055 273 4110 ἓν
300 4054 372 4118 ἐξ
416 4053 614 4110 αὐτῶν
651 4056 723 4107 οὐ
761 4055 1242 4122 συντριϐήσεται.
1303 4057 1538 4128 Πότερον
1581 4058 1661 4110 δεῖ
1707 4057 1798 4110 ἐπὶ

197 4150 305 4220 τῆς
340 4147 536 4214 λέξεως
579 4151 792 4217 μεῖναι,
829 4149 921 4200 καὶ
956 4149 1290 4220 ἀρκεσθῆναι
1319 4152 1383 4219 τῇ
1415 4151 1555 4202 κατὰ
1576 4151 1635 4203 τὸ
1663 4151 1796 4223 πρό-

202 4258 390 4312 χειρον
414 4239 833 4312 προσπιπτούσῃ
864 4243 982 4303 ταῖς
1003 4241 1190 4302 ἀκοαῖς
1219 4243 1250 4310 ἡ
1261 4240 1376 4310 μῶν
1394 4241 1590 4312 ἐννοίᾳ,
1623 4242 1703 4294 ὅτι
1731 4242 1797 4294 τὰ

199 4337 340 4388 ὀστᾶ
367 4334 560 4397 ταῦτα,
596 4334 664 4386 τὰ
687 4333 786 4402 τῆς
812 4333 1010 4403 σαρκὸς
1041 4332 1496 4402 ὑποστηρὶγματα
1516 4375 1530 4397 ,
1567 4334 1626 4386 οὑ
1676 4351 1798 4385 συν-

197 4428 525 4499 τριϐήσεται
557 4425 664 4478 τῶν
689 4425 914 4478 δικαίων
941 4426 1027 4478 διὰ
1060 4426 1157 4496 τὴν
1192 4426 1342 4496 παρὰ
1369 4426 1461 4478 τοῦ
1487 4427 1690 4497 Κυρίου
1715 4428 1798 4480 δε-

198 4521 437 4591 δομένην
466 4519 650 4580 αὐτοῖς
683 4517 961 4588 φυλακήν;
999 4518 1108 4571 Καὶ
1144 4518 1371 4590 πότερον
1404 4518 1603 4581 ζῶντος
1639 4520 1796 4589 μόνον

200 4611 299 4664 καὶ
331 4613 388 4661 ἐν
431 4607 509 4679 τῷ
556 4607 654 4678 βίῳ
690 4608 1046 4678 τυγχάνοντος
1092 4609 1428 4679 ἁσὺντριπτα
1467 4609 1560 4661 τοῦ
1590 4609 1796 4662 δικαίου

198 4703 612 4773 φυλαχθήσεται
643 4700 754 4771 (54)
778 4699 848 4752 τὰ
878 4701 1047 4765 ὁστᾶ;
1082 4701 1115 4771 ἢ
1151 4703 1244 4753 καὶ
1292 4701 1653 4766 ἀπολυθέντος
1702 4702 1796 4755 τοῦ

197 4792 406 4863 δεσμοῦ
442 4792 532 4844 τοῦ
550 4791 886 4862 σωματικοῦ,
917 4792 1084 4863 μηδὲν
1123 4792 1292 4844 αἴτιον
1326 4791 1793 4862 ὲπισυμὸήσεσθαι

197 4883 502 4955 συντριὸἦς
538 4884 615 4954 τῷ
653 4884 880 4954 δικαίως
922 4887 1028 4938 Καὶ
1065 4885 1170 4956 μὴν
1197 4884 1366 4938 πολλὰ
1397 4885 1794 4957 μεμαθήκαμεν

197 4978 296 5030 ἐπὶ
322 4977 422 5046 τῆς
458 4975 654 5046 πείρας
697 4977 831 5028 ὁστᾶ
858 4976 1078 5031 δικαίων
1107 4979 1544 5049 συντετριμμένα
1565 5019 1580 5042 ,
1612 4979 1720 5032 τῶν
1741 4982 1797 5033 ὲν

198 5071 316 5131 τοῖς
371 5067 514 5138 ὑπὲρ
557 5067 657 5136 τῆς
701 5069 779 5130 εἰς
818 5068 1050 5140 Χριστὸν
1081 5070 1389 5141 μαρτυρίας
1441 5071 1797 5136 παραδόντων

201 5162 436 5224 ἑαυτοὺς
480 5161 754 5225 παντοίοις
787 5161 953 5214 εἴδεσι
999 5163 1361 5234 παθημάτων.
1403 5161 1541 5232 ’Ἡδη
1578 5164 1682 5234 γάρ
1714 5182 1796 5216 τι·

199 5271 312 5309 νων
348 5255 460 5326 (35)
490 5255 583 5306 καὶ
611 5254 773 5326 σκέλη
804 5254 1072 5320 κατέαξαν
1106 5256 1153 5308 οἱ
1190 5253 1508 5318 διώκοντες,
1553 5255 1647 5308 καὶ
1690 5259 1798 5325 χεῖ-

274 5349 324 5380 "
358 5348 397 5402 Il
446 5350 573 5403 Cor.
625 5364 696 5410 Iv,
741 5349 794 5406 5.
896 5351 938 5381 ⁹¹
992 5349 1009 5402 l
1059 5351 1183 5403 Cor.
1227 5364 1302 5414 tv,
1338 5349 1422 5402 t5.
1520 5349 1563 5378 ⁹²
1598 5350 1725 5401 ibid.

199 5419 251 5452 ³⁸
279 5417 438 5472 Joau.
477 5435 588 5483 XVI,
632 5419 721 5474 55.

279 5514 393 5583 (51)
442 5513 596 5568 Facit
627 5528 776 5568 more
825 5509 1349 5583 suo__Cou_tbeIlsius,_
1378 5509 1665 5583 utaliquid
1722 5511 1786 5583 ad

203 5579 496 5641 arbitrium
519 5600 673 5638 suum
699 5591 887 5636 mutet.
921 5579 1018 5634 Ubi
1061 5581 1222 5645 igitur
1255 5580 1482 5648 legimus
1503 5592 1555 5633 et
1593 5581 1643 5632 iit
1668 5581 1784 5632 edi-

203 5659 277 5711 tis
312 5659 437 5721 etin
467 5671 595 5708 mss.
631 5650 1102 5721 omnibusgttvdiv
1134 5652 1192 5702 ὲν
1231 5649 1473 5720 Χριστῷ,
1504 5652 1621 5702 vult
1681 5650 1784 5718 legi

200 5720 460 5796 Oportere
492 5725 601 5777 τῶν
630 5727 686 5776 ὲν
717 5720 956 5794 Χριστῷ.
999 5721 1276 5790 Vulgatam
1315 5721 1600 5776 lectionem
1656 5725 1788 5774 reti-

205 5801 442 5854 nendam
466 5811 586 5849 esse
622 5797 898 5847 duxiums.

303 5868 394 5934 5%)
421 5865 560 5919 Editi
585 5864 817 5934 νόσοιςῆ
849 5867 925 5917 ὲν.
959 5862 1122 5915 Deest
1159 5860 1274 5984 ῗὲίη
1309 5869 1514 5929 septem
1548 5877 1677 5914 mss.

305 5939 395 5984 55;
441 5937 590 5984 Ito-aii
623 5939 810 5984 tertius
839 5944 894 5984 et
925 5943 1150 5984 uuartus
1208 5932 1417 5984 ικαίων.
1445 5932 1556 5984 ἀλλ’
1586 5935 1648 5984 ἐκ

279 5870 394 6008 ὶὸἳ)
421 5870 560 5919 Editi
585 5870 760 5927 νόσοις
785 5870 817 5934 ῆ
849 5870 925 5917 ὲν.
962 5870 1122 5915 Deest
1159 5870 1274 5984 ῑὲιη
1309 5870 1527 5946 septeni
1548 5877 1677 5914 mss.

305 5939 395 6008 55)
439 5937 590 6008 Ito-gii
623 5939 810 5992 tertius
839 5944 894 5990 et
925 5943 1150 6003 quartus
1208 5948 1417 5997 ικαιων,
1445 5933 1556 5984 ἀλλ’
1586 5935 1648 5985 ἐκ
1684 5949 1786 5986 παι-ι

1804 5351 1850 5382 9³
1883 5351 2070 5409 Matth.
2106 5370 2196 5416 xx,
2228 5352 2317 5407 i6.

1973 3965 2060 4020 15.
2098 3964 2260 4020 Vsus.
2293 3964 2385 4019 21.
2430 3963 2670 4018 Custodit
2710 3964 2963 4017 Dominus
2997 3967 3173 4017 omnia
3219 3979 3338 4017 ossa
3388 3980 3479 4017 eo-

1902 4073 2039 4109 rum.
2065 4072 2226 4109 unum
2273 4073 2338 4110 ex
2384 4057 2466 4109 Itis
2505 4074 2610 4110 non
2663 4068 2978 4110 conteretur.
3022 4055 3156 4110 Num
3193 4055 3246 4110 in
3295 4056 3478 4109 littera

1902 4150 2108 4204 merere
2142 4159 2377 4218 oportet,
2412 4158 2466 4204 et
2517 4165 2578 4203 ea
2624 4150 2844 4203 notione
2885 4164 3005 4218 quae
3049 4149 3231 4202 statim
3269 4148 3477 4202 auditui

1902 4251 2087 4296 nostro
2127 4242 2387 4308 illabitur,
2445 4251 2756 4297 contentum
2816 4255 2972 4304 esse,
3031 4242 3171 4310 quod
3232 4240 3482 4295 videlitet

1903 4333 2092 4387 isthazc
2116 4331 2387 4401 justorum
2420 4348 2567 4398 ossa,
2603 4333 2781 4387 carnis
2815 4331 2980 4386 fulcra
3004 4373 3018 4398 ,
3050 4347 3154 4385 non
3191 4342 3482 4386 conteren-

1904 4434 1990 4478 tur
2021 4426 2090 4480 ob
2130 4427 2311 4480 datam
2344 4426 2445 4480 sibi
2479 4441 2508 4480 a
2550 4425 2781 4480 Domino
2809 4424 3146 4479 custodiam?
3193 4424 3257 4477 Et
3293 4431 3474 4476 utrmn

1898 4518 2027 4584 justi
2057 4533 2199 4582 ossa,
2233 4519 2471 4587 quandiu
2507 4520 2656 4572 vivet
2704 4518 2878 4572 solum
2910 4526 2964 4572 et
3002 4517 3054 4569 iu
3089 4517 3198 4569 vita
3233 4517 3477 4570 diversa-

1905 4611 2069 4677 bitur,
2099 4611 2470 4665 custodientur
2499 4627 2527 4664 a
2557 4610 2795 4664 fractura
2825 4609 2970 4664 omni
3002 4609 3206 4662 illmsa?
3237 4624 3303 4661 an
3325 4607 3479 4676 justo

1905 4706 2067 4758 etiam
2120 4703 2365 4772 corporis
2417 4703 2637 4756 vinculo
2696 4703 2969 4767 exsoluta,
3023 4701 3169 4755 nulla
3226 4700 3486 4755 fractura!

1901 4811 2065 4852 causa
2098 4795 2274 4850 futura
2308 4797 2422 4851 sit?
2450 4796 2609 4862 Atqui
2631 4795 2970 4863 experientia
2995 4795 3285 4850 didicimus
3311 4795 3475 4848 multa

1900 4905 2021 4943 ossa
2048 4888 2340 4955 juslorum,
2372 4888 2463 4956 qui
2498 4902 2620 4941 sese
2653 4887 2936 4955 quibusvis
2964 4886 3349 4957 suppliciorum
3385 4901 3479 4955 ge-

1903 4985 2122 5038 neribus
2158 4998 2254 5050 pro
2297 4981 2422 5035 dato
2471 4981 2537 5035 de
2586 4981 2802 5034 Christo
2835 4981 3144 5034 testimonio
3180 4979 3472 5038 tradidere.

1903 5078 2138 5130 contrita
2175 5087 2338 5141 atque
2369 5074 2698 5128 comminuta
2726 5071 2911 5126 fuisse.
2942 5069 3061 5126 Jam
3091 5072 3236 5125 enim
3265 5080 3318 5124 et
3345 5086 3479 5136 quo.

1903 5173 2144 5219 rumdum
2203 5180 2364 5219 crura
2410 5163 2798 5232 confregerunt
2848 5173 3262 5231 persecutores.
3316 5157 3476 5228 atque

1903 5275 2095 5312 manus
2132 5275 2195 5312 ac
2235 5259 2409 5326 capita
2451 5257 2619 5310 clavis
2649 5269 2790 5323 sarpe
2834 5253 3244 5307 transﬁxorum.
3292 5250 3352 5302 Et
3393 5260 3475 5300 tu-

2413 5351 2459 5382 “
2493 5349 2680 5403 Matth.
2723 5365 2771 5414 v,
2823 5349 2878 5402 5.
2975 5348 3020 5378 ⁸⁸
3061 5344 3105 5400 ll
3138 5344 3263 5400 Cor.
3309 5360 3383 5404 tv.
3417 5342 3452 5396 8

1894 5513 2023 5584 σῶν.
2059 5514 2167 5570 Nec
2201 5517 2272 5569 ita
2322 5517 2492 5570 multo
2524 5524 2644 5584 post
2687 5513 2840 5568 Colb.
2876 5512 3154 5584 primusei
3189 5509 3262 5580 μὴ
3297 5508 3469 5579 ἁρμό-

1892 5583 2027 5648 ζειν.
2057 5585 2193 5658 Reg.
2224 5590 2414 5641 tertius
2444 5589 2492 5640 εἰ
2525 5582 2609 5658 -μὴ
2641 5585 2716 5657 μὴ
2741 5584 3022 5655 ἁρμόζειν.
3047 5582 3149 5634 Alii
3185 5595 3312 5632 mss.
3346 5595 3469 5635 cum

1891 5658 2062 5730 editi?
2083 5657 2115 5727 ἢ
2138 5658 2226 5730 μὴ
2258 5660 2392 5730 ἀρμο

1963 5727 2072 5800 (547)
2108 5726 2259 5800 cois.
2298 5726 2511 5796 primus
2541 5726 3010 5800 cp'ai.axOﬁGO‘I‘-'m-_
3069 5791 3092 5800 η
3191 5790 3237 5800 ,,
3397 5792 3424 5800 ..
3460 5789 3476 5800 .

1965 5790 2076 5866 (55)
2120 5798 2193 5850 lla
2233 5790 2362 5853 mss.
2407 5790 2563 5852 octo:
2598 5790 2733 5850 I'jdit‘i
2763 5790 2922 5847 τινων
2953 5791 3152 5847 αὐτῶν.
3189 5790 3307 5846 ΜοΣ
3343 5790 3478 5852 editi

1890 5868 2176 5938 Καίτοιγε.
2207 5870 2366 5926 Deest
2402 5885 2464 5939 γε
2493 5870 2546 5924 in
2584 5869 2781 5922 nostris
2816 5880 2942 5920 mss.
