4008 6402
558 412 668 467 583

1912 408 1969 461 S.
2012 404 2256 461 BASlLll
2292 405 2505 462 MAGNI

3732 414 3845 469 εει

530 540 683 613 .men
714 522 834 592 quis
866 522 1248 579 Contradicens
1296 523 1575 577 aﬂirmarit
1616 537 1709 578 eos
1752 524 1842 593 qui
1877 522 2135 593 martyrio

2245 540 2342 593 ρας
2379 524 2472 576 καὶ
2493 521 2734 591 κεφαλὰς
2773 523 3047 594 διέπειραν
3076 528 3186 589 τοῖς
3211 526 3361 596 ἥλοις
3384 525 3673 588 πολλάκις.
3703 528 3841 579 Καί-

558 610 914 671 εῧηειιιιιιηθιὶ
957 624 1118 682 sunt,
1158 633 1262 669 non
1303 617 1545 670 omnium
1600 629 1721 669 esse
1766 613 2138 682 iustissimos?

559 704 668 759 Sed
708 704 988 770 fortassis,
1037 706 1493 775 quemadmodum
1553 707 1715 761 homo
1766 707 1991 770 dicitur,
2035 708 2137 762 hoc

557 808 663 863 est,
704 799 882 851 anima
916 809 969 851 et
1013 814 1165 852 mens
1202 798 1469 864 humana,
1499 799 1573 852 ita
1603 808 1659 853 et
1689 798 1856 867 ipsius
1892 800 2133 853 membra

557 888 748 944 eodem
789 889 1008 943 nomine
1046 902 1111 942 ac
1156 888 1401 957 corporis
1446 897 1629 958 partes
1674 900 1960 943 vocantur.
2000 888 2134 943 Nam

559 997 700 1053 sa’pe
748 981 1023 1037 interioris
1075 982 1313 1036 hominis
1362 982 1601 1036 membra
1646 983 1926 1053 Scriptura
1974 985 2138 1037 nomi-

558 1086 691 1143 nat;
718 1086 774 1129 ut
800 1091 920 1129 cum
944 1075 1075 1128 dicit
1123 1096 1133 1130 :
1168 1072 1439 1143 Sapientis
1485 1076 1624 1128 oculi
1654 1076 1705 1127 in
1738 1078 1906 1145 capite
1926 1076 2133 1145 ejus“;

557 1170 660 1223 hoc
705 1178 817 1233 est,
858 1167 1068 1222 occulta
1116 1179 1169 1221 et
1206 1168 1485 1221 recondita
1528 1168 1789 1236 sapientis
1836 1184 1979 1237 pars,
2013 1184 2136 1237 pro-

557 1260 679 1313 vida
709 1270 792 1314 est
819 1269 874 1314 et
907 1260 1324 1329 circumspecta.
1356 1259 1422 1312 Et
1454 1274 1641 1313 rursus
1667 1270 1775 1313 tum
1801 1262 1982 1313 carnis
2008 1276 2137 1314 ocuo

557 1350 638 1405 los
668 1352 923 1405 similiter
967 1352 1121 1417 dicit,
1172 1367 1277 1403 non
1320 1351 1494 1404 solum
1539 1350 1592 1405 in
1632 1365 1693 1404 ea
1742 1367 1904 1420 quam
1946 1353 2132 1405 attuli-

557 1459 677 1498 mus
708 1446 1001 1511 sententia,
1043 1445 1136 1498 sed
1177 1444 1342 1498 etiam
1394 1443 1484 1497 ubi
1530 1444 1626 1507 ait,
1658 1456 1986 1513 pra'ceplum
2037 1444 2137 1498 Do-

557 1538 689 1591 mini
733 1538 966 1592 lucidmn
1015 1553 1166 1603 esse,
1216 1546 1269 1591 ct
1312 1537 1626 1591 illutniuans
1658 1536 1848 1591 oculos
1881 1538 1947 1589 ³⁸.
1995 1538 2135 1604 Quid

556 1641 689 1681 vero
711 1635 924 1697 oportet
968 1627 1148 1681 dicere
1197 1628 1263 1680 de
1304 1628 1406 1680 hoc
1448 1644 1462 1679 :
1505 1626 1608 1691 Qui
1653 1628 1805 1679 habet
1849 1644 2002 1680 aures
2040 1644 2137 1679 au—

554 1718 756 1786 diendi,
786 1719 971 1771 audiat
999 1718 1083 1769 ’9?
1112 1717 1462 1787 Compertum
1515 1727 1599 1771 est
1638 1718 1780 1771 enim
1823 1727 1877 1770 et
1920 1733 2140 1787 perspe-

552 1820 723 1874 etum,
758 1806 1025 1877 aliquibus
1068 1808 1247 1861 inesse
1297 1822 1455 1860 aures
1494 1806 1747 1860 meliores
1789 1808 2129 1874 praestantio-

2243 632 2329 667 τοι
2357 615 2439 678 τίς
2482 616 2698 686 ἀντερεῖ
2734 614 2808 685 μὴ
2848 615 2967 684 οὐχὶ
3014 617 3228 669 πάντων
3277 614 3415 670 εἶναι
3453 618 3843 680 δικαιοτάτους

2243 706 2367 768 τοὺς
2394 708 2452 757 ἐν
2483 706 2559 775 τῷ
2586 708 2865 779 μαρτυρίῳ
2891 706 3369 773 τετελειωμένουςς
3408 709 3571 762 Ἀ).λά
3592 713 3837 778 μήποτε,

2244 793 2430 866 ὥσπερ
2455 795 2737 865 ἄνθρωπος
2766 795 3004 862 λέγεται,
3032 794 3327 854 τουτέστιν,
3351 798 3382 866 ἡ
3403 794 3549 866 ψυχὴ
3572 796 3716 862 (56),
3748 799 3840 847 καί

2243 889 2271 940 6
2304 886 2426 949 νοῦς
2454 890 2481 939 6
2504 886 2840 958 ἀνθρώπινος
2865 903 2876 915 ·
2908 884 3049 938 οὕτω
3090 885 3184 937 καί
3227 884 3295 937 τά
3342 888 3474 958 μέλη
3510 888 3622 957 (37)
3671 887 3839 940 αὐτοῦ

2242 978 2549 1047 ὁμωνύμως
2587 976 2909 1046 ὀνομάζεται
2944 975 3077 1046 πρὸς
3109 974 3177 1027 τὰ
3202 974 3300 1043 τῆς
3326 978 3556 1046 σαρκός·
3591 979 3675 1041 ὡς
3708 978 3837 1029 πολ-

2242 1069 2398 1132 λάκις
2421 1069 2675 1139 ὀνομάζει
2706 1070 2739 1139 ή
2776 1068 2962 1140 Γραφὴ
2999 1068 3091 1119 τοῦ
3128 1066 3371 1137 κρυπτοῦ
3410 1066 3712 1138 ἀνθρώπου
3736 1111 3750 1129 ,
3785 1071 3838 1121 ἑν

2242 1163 2319 1233 τῷ
2348 1163 2523 1230 λέγειν
2548 1180 2561 1192 ·
2605 1162 2713 1215 Τοῦ
2737 1161 2933 1229 σοφοῦ
2958 1163 3009 1213 ci
3033 1158 3324 1227 ὀφθαλμοὶ
3353 1158 3422 1209 ἐι·
3447 1159 3696 1228 κεφαῖῇ
3727 1162 3837 1231 (58)

2242 1255 2428 1309 αὑτοῦ
2449 1272 2461 1284 ’
2491 1254 2734 1307 τουτέστι
2765 1252 3123 1324 προορατικόν
3154 1254 3269 1304 ἐστι
3304 1250 3396 1303 καὶ
3427 1255 3841 1322 περιεσκεμμέ-

2242 1364 2331 1400 νον
2370 1344 2429 1398 τὸ
2485 1345 2724 1415 κρυπτὸν
2778 1344 2871 1397 τοῦ
2918 1343 3101 1411 σοφοῦ.
3148 1344 3257 1396 Καὶ
3304 1344 3463 1397 πάλιν
3514 1343 3839 1414 ὀφθαλμοκ

2241 1439 2439 1510 ὁμοίως
2470 1438 2615 1507 λέγει
2644 1437 2766 1501 τούς
2786 1454 2844 1489 τε
2871 1437 2969 1507 τῆς
2996 1436 3171 1507 ψυχῆς
3220 1436 3313 1489 καὶ
3360 1437 3458 1508 τῆς
3491 1436 3704 1507 σαρκὸς
3728 1476 3744 1502 ,
3779 1438 3841 1489 οὐ

2245 1534 2403 1604 μόνον
2440 1534 2495 1584 ἐν
2594 1530 2947 1602 παρεθέμεθα
2992 1530 3154 1596 λέξει,
3206 1530 3320 1582 ἀλλ’
3368 1532 3424 1582 ὲν
3470 1530 3550 1601 τῷ
3598 1532 3843 1599 φάσκειν

2242 1625 2339 1695 τὴν
2373 1624 2588 1695 ἐντολὴν
2631 1624 2836 1695 Κυρίου
2871 1623 3112 1694 τηλαυγῆ
3159 1620 3295 1676 εἶναι
3346 1625 3439 1677 καὶ
3488 1622 3840 1693 φωτίζουσαν

2242 1714 2570 1785 ὀφθαλμούς.
2606 1715 2671 1767 Τί
2692 1715 2749 1767 δὲ
2790 1715 2871 1767 δεῖ
2902 1714 3078 1783 λέγειν
3110 1714 3372 1786 περὶτοῦ,
3419 1716 3480 1767 Ὀ
3507 1718 3674 1783 ἔχων
3719 1711 3840 1769 ὦτα

2243 1808 2507 1872 ἀκούειν,
2549 1806 2847 1869 ἀκουέτω;
2886 1807 3053 1878 Δῆλον
3074 1808 3204 1879 γὰρ,
3232 1810 3312 1860 ὅτι
3352 1808 3649 1873 κέκτηνταί
3693 1825 3840 1870 τινες

557 1914 786 1967 resque,
816 1914 936 1967 qum
973 1898 1064 1952 Dei
1099 1898 1307 1967 possint
1335 1897 1499 1951 verba
1542 1897 1749 1950 audire.
1798 1897 1877 1951 Ad
1915 1911 2010 1951 eos
2042 1913 2135 1950 att-

2243 1899 2352 1957 ὧτα
2396 1903 2679 1975 κρείττονα
2724 1901 2998 1970 δυνάμενα
3028 1900 3246 1955 ἀκούειν
3288 1900 3459 1969 λόγων
3493 1900 3653 1954 Θεοῦ.
3692 1900 3839 1972 Πρὸς

560 2006 665 2048 tem
700 1990 790 2060 qui
822 2006 925 2043 non
958 1990 1157 2043 habent
1203 1990 1321 2043 illas
1350 2004 1511 2042 aures
1534 2029 1548 2053 ,
1591 1991 1718 2057 quid
1754 1990 1920 2044 dicit?
1948 1987 2134 2054 Surdi,

556 2087 758 2151 audite,
797 2094 845 2139 et
884 2086 1030 2150 Cteci,
1067 2085 1314 2154 suspicite
1348 2085 1387 2137 ⁸.
1444 2083 1603 2153 157
1638 2082 1769 2137 ltetn
1812 2101 1825 2137 :
1862 2082 1935 2136 0:
1969 2098 2137 2135 meum

555 2183 758 2246 aperui,
790 2188 837 2231 et
869 2179 1067 2231 attraxi
1107 2178 1349 2245 spiritum
1391 2178 1431 2231 ².
1472 2178 1561 2241 Et,
1590 2176 1768 2229 dentes
1803 2184 2136 2243 peccatorum

555 2266 849 2320 contrivisti
870 2266 913 2320 ³.
937 2265 1070 2321 Nam
1107 2267 1224 2320 lucc
1247 2267 1427 2319 omnia
1454 2266 1520 2320 de
1555 2267 1618 2320 iis
1646 2267 1785 2319 dicta
1808 2274 1934 2319 sunt
1971 2264 2138 2318 facul-

558 2358 781 2424 tatibus,
809 2373 930 2427 qua:
966 2358 1201 2427 spiritali
1237 2357 1508 2411 alimonia:
1533 2374 1596 2411 ac
1625 2358 1885 2410 doetrina:
1908 2356 2134 2425 spiritali

555 2448 876 2503 inserviunt.
898 2448 1025 2503 Tale
1046 2459 1128 2502 est
1156 2457 1205 2501 et
1239 2446 1364 2500 illud
1395 2462 1409 2499 :
1448 2445 1689 2500 Ventrem
1718 2464 1889 2500 meum
1910 2447 2060 2499 doleo
2081 2448 2132 2513 ⁸;

554 2549 631 2604 et,
663 2538 765 2595 Pes
790 2542 931 2611 justi
972 2559 1075 2595 non
1112 2542 1358 2610 impinget
1398 2540 1441 2594 ⁵.
1476 2540 1667 2595 Omnia
1717 2542 1860 2595 enim
1917 2543 2039 2593 talia
2070 2541 2137 2594 tle

554 2634 798 2688 interiori
831 2636 1053 2689 homine
1096 2634 1262 2687 relata
1300 2642 1449 2687 sunt.
1480 2631 1600 2687 Jam
1643 2650 1767 2687 vero
1793 2634 1945 2701 juxta
1989 2648 2137 2686 eam-

554 2726 677 2780 dem
714 2725 978 2780 rationem
1030 2725 1231 2780 fuerint
1271 2726 1436 2778 etiam
1476 2724 1723 2794 qurcdam
1771 2725 2005 2778 hominis
2055 2724 2138 2777 in-

560 2820 699 2873 terni
731 2834 877 2885 ossa,
916 2821 1113 2889 quibus
1161 2819 1437 2887 colligatio
1476 2818 1872 2886 harmoniaque
1906 2817 2135 2871 faculta-

555 2920 669 2966 tum
700 2912 895 2965 anitme
934 2913 1261 2967 continetur.
1293 2912 1361 2965 Et
1390 2910 1849 2979 quemadmodum
1886 2924 2005 2964 ossa
2048 2907 2135 2961 (ir-

556 3003 747 3057 mitate
770 3003 983 3072 propria
1008 3001 1380 3054 etmnnuniunt
1404 3000 1651 3054 carnium
1682 3000 2132 3055 teneritudinem:

560 3096 639 3149 sic
669 3104 722 3148 et
757 3093 809 3146 in
851 3091 1085 3146 Ecclesia
1110 3101 1237 3145 sunt
1264 3092 1505 3161 quidam,
1541 3092 1630 3161 qui
1666 3090 1734 3144 ob
1774 3092 2134 3147 constantiam

557 3200 711 3240 suam
759 3184 1016 3238 debilium
1059 3182 1461 3237 imbecillitates
1517 3181 1659 3237 ferre
1694 3193 1937 3252 possunt.
1978 3184 2041 3237 Et
2082 3194 2139 3238 ut

2238 1998 2294 2050 δὲ
2320 1996 2445 2059 τοὺς
2474 1994 2550 2066 μὴ
2590 1994 2813 2064 ἔχοντας
2842 1996 3020 2046 ἐκεῖνα
3051 1994 3118 2046 τά
3144 1988 3257 2046 ὦτα
3295 1992 3345 2046 τί
3376 2010 3577 2063 (gmw;
3612 1996 3685 2045 Οἱ
3726 2011 3837 2046 κω-

2239 2089 2339 2158 φοὶ
2360 2128 2373 2151 ,
2400 2087 2733 2150 ἀκούσατε,
2772 2086 2867 2138 καὶ
2892 2088 2945 2139 οἱ
2971 2086 3212 2154 τυφλοὶ,
3249 2086 3641 2154 ἀναϐλέψατε
3669 2105 3684 2115 ο
3718 2088 3835 2143 καὶ.

2242 2181 2318 2235 Τὸ
2352 2180 2547 2249 στόμα
2572 2196 2692 2248 μου
2718 2176 2953 2246 ἢνοιξιι,
2980 2177 3074 2231 καὶ
3106 2178 3365 2230 euxan
3402 2177 3676 2245 πνεῦμα·
3722 2179 3834 2235 καὶ.

2238 2270 2505 2335 Ὀδόντιις
2532 2267 2892 2337 ἁμαρτωλῶν
2916 2267 3302 2335 συνέτριψας.
3323 2266 3505 2321 Ταῦτα
3525 2268 3636 2337 γάρ
3658 2268 3834 2320 πάντα

2238 2363 2451 2435 εἴρηται
2483 2362 2619 2434 πρὸς
2651 2360 2749 2424 τὰς
2778 2360 3155 2432 ὑπουργούσας
3175 2358 3433 2430 δυνάμεις
3458 2360 3551 2411 ἐπὶ
3580 2360 3687 2429 τὴν
3715 2377 3837 2429 νοτι-

2236 2455 2335 2524 τὴν
2364 2454 2568 2524 τροφὴν
2600 2454 2694 2507 καὶ
2729 2452 2819 2505 τὸν
2842 2453 3028 2523 νοητὸν
3054 2451 3228 2520 λόγον.
3258 2451 3507 2504 Τοιοῦτον
3536 2451 3597 2503 δὲ
3630 2453 3736 2505 καὶ
3756 2454 3831 2509 τὸ.

2245 2546 2362 2612 Τὴν
2386 2547 2623 2599 κοιλίαν
2646 2563 2765 2615 μου
2806 2545 2998 2614 ἀλγῶ·
3037 2544 3129 2598 καὶ
3173 2544 3253 2610 τὸ,
3316 2546 3367 2596 Ὀ
3411 2544 3565 2612 ποῦς
3604 2545 3717 2598 τοῦ
3756 2545 3834 2596 δι-

2239 2638 2409 2691 καίου
2448 2638 2520 2690 οὐ
2546 2636 2631 2705 μὴ
2668 2637 3015 2706 προσκόψῃ.
3095 2637 3279 2690 Πάντα
3308 2636 3418 2708 γὰρ
3452 2637 3543 2688 ἐπὶ
3577 2636 3678 2689 τοῦ
3730 2638 3833 2689 ἔξω

2238 2729 2527 2802 ἀνθρώπου
2568 2730 2913 2783 κατείλεκται
2943 2729 3013 2782 τὰ
3050 2729 3292 2783 τοιαῦτα.
3327 2730 3485 2783 Κατὰ
3520 2729 3580 2782 δὲ
3608 2730 3706 2782 τὸν
3735 2732 3831 2783 αὑ-

2238 2824 2330 2876 τὸν
2361 2823 2517 2893 λόγον
2540 2825 2633 2877 καὶ
2662 2825 2795 2877 ὀστᾶ
2824 2841 2948 2877 τινα
2973 2823 3038 2877 ἂν
3065 2822 3156 2877 τοῦ
3186 2825 3242 2875 ὲν
3272 2823 3349 2893 τῷ
3370 2822 3622 2894 κρυπτῷ,
3654 2826 3719 2875 ὲν
3754 2821 3829 2887 οἷς

2238 2914 2267 2969 6
2293 2915 2585 2989 σύνδεσμος
2607 2918 2701 2971 καὶ
2727 2920 2759 2987 ἡ
2785 2917 3020 2989 ἁρμονία
3041 2916 3149 2969 τῶν
3179 2917 3425 2987 ψυχικῶν
3448 2919 3565 2970 ἐστι
3601 2918 3715 2985 (59)
3746 2918 3831 2969 δυ-

2240 3009 2457 3080 νάμεων
2482 3010 2945 3082 συγκροτουμένη.
2972 3010 3080 3062 Καὶ
3100 3009 3285 3081 ὥσπερ
3314 3010 3379 3062 τά
3409 3009 3543 3062 ὀστᾶ
3566 3013 3635 3080 τῇ
3652 3010 3829 3079 οἰκεία

2239 3102 2454 3173 εὐτονίᾳ
2506 3102 2615 3155 τῶν
2675 3102 2895 3173 σαρκῶν
2932 3102 3267 3172 περιστέλλει
3334 3102 3433 3172 τὴν
3480 3102 3825 3171 ἁπαλότητα,

2239 3193 2381 3247 οὕτω
2405 3197 2499 3248 καὶ
2516 3196 2573 3248 ιν
2596 3199 2660 3266 τῇ
2678 3195 2977 3267 Ἐκκλησία
3010 3196 3115 3248 είσί
3134 3213 3297 3259 τινες,
3321 3196 3368 3248 οἳ
3387 3196 3475 3249 διὰ
3503 3196 3604 3267 τὴν
3621 3198 3829 3250 οἰκείαν

559 3280 700 3332 inter
722 3292 780 3331 se
808 3283 1204 3330 connecmntur
1234 3289 1380 3338 ossa,
1405 3288 1528 3328 cum
1556 3290 1651 3343 per
1681 3288 1875 3329 nervos
1899 3284 1953 3327 et
1981 3274 2134 3328 colli-

2243 3288 2570 3361 στερρότητα
2596 3288 2662 3341 τὰ
2694 3288 3046 3360 ὑστερήματα
3096 3288 3349 3342 δύνανται
3392 3289 3501 3342 τῶν
3546 3290 3831 3343 ἀσθενούν-

556 3368 797 3439 gationes
836 3382 930 3437 per
964 3375 1177 3419 artuum
1231 3366 1649 3422 commissuras
1675 3366 1818 3419 inter
1858 3380 1916 3420 se
1951 3366 2133 3418 adluc-

558 3473 814 3518 rescuut:
848 3463 918 3517 ita
939 3475 1153 3531 quoque
1186 3459 1349 3515 luerit
1375 3459 1664 3513 charitatis
1694 3469 1748 3513 et
1772 3460 1918 3528 pacis
1950 3461 2137 3512 vincu-

557 3554 703 3621 lum,
762 3553 1165 3609 concretionem
1235 3552 1522 3619 quamdam
1582 3560 1638 3603 ct
1696 3550 2133 3619 conjunctionem

556 3645 917 3715 spiritualium
968 3644 1171 3698 ossium
1220 3643 1273 3696 in
1320 3642 1411 3696 Dei
1462 3641 1705 3696 Ecclesia
1756 3640 2019 3694 ellicieus.
2062 3640 2137 3693 De

556 3736 818 3805 ejusmodi
871 3736 1116 3796 ossibus,
1170 3734 1236 3786 ah
1276 3732 1555 3787 harmonia
1608 3730 1839 3795 solutis,
1885 3740 1939 3783 et
1993 3729 2138 3784 velut

558 3829 777 3891 luxatis,
811 3828 939 3881 dicit
966 3825 1237 3895 Propheta
1270 3844 1283 3879 :
1336 3824 1606 3891 Dissipata
1648 3833 1770 3875 sunt
1803 3838 1920 3875 ossa
1959 3831 2135 3875 nostra

559 3938 705 3976 secus
746 3920 1010 3988 infernum
1035 3920 1077 3972 ⁸.
1119 3918 1295 3986 Atque
1325 3917 1369 3971 si
1403 3929 1637 3985 unquam
1691 3915 1807 3969 lucc
1847 3927 1968 3967 ossa
2001 3927 2135 3967 con~

561 4015 801 4068 turbatio
836 4012 1325 4082 conquassatioque
1352 4006 1793 4080 apprehenderit,
1824 4020 1989 4061 orans
2017 4007 2093 4059 ait
2118 4023 2132 4060 :

560 4106 707 4162 Sana
741 4122 857 4168 me,
892 4104 1149 4171 Domine,
1183 4104 1431 4171 quoniam
1484 4099 1796 4153 conturbata
1845 4107 1967 4152 sunt
2017 4114 2135 4152 oua

559 4215 675 4253 mea
698 4200 739 4251 ⁷.
770 4197 869 4253 Ubi
902 4212 1029 4251 vero
1053 4196 1391 4251 harmoniam
1413 4192 1685 4264 propriam
1712 4190 2068 4255 servaverint,
2105 4206 2136 4244 a

562 4290 789 4346 Domino
818 4288 1110 4349 custodita,
1144 4303 1212 4340 ne
1238 4302 1402 4338 unum
1428 4285 1644 4351 quidem
1677 4298 1741 4337 ex
1774 4283 1858 4337 his
1886 4291 2135 4337 contere-

562 4394 670 4450 tur,
703 4383 795 4437 sed
826 4382 983 4450 digna
1011 4388 1155 4441 sunt,
1185 4394 1306 4446 qua:
1332 4377 1441 4431 Deo
1468 4377 1692 4445 gloriam
1722 4374 1983 4430 referant.
2013 4373 2139 4427 0m-

560 4480 647 4531 nia
696 4478 856 4540 enim,
910 4474 1104 4541 inquit,
1139 4488 1258 4525 ossa
1290 4488 1406 4524 mea
1457 4470 1628 4523 dicent
1679 4486 1697 4523 :
1747 4467 1993 4533 Domine,
2027 4466 2135 4520 Do-

561 4569 719 4630 mine,
756 4568 874 4637 quis
906 4566 1095 4619 similis
1134 4564 1227 4616 tibi
1252 4563 1308 4616 ’ἲ
1341 4561 1534 4617 Vidisti
1565 4561 1910 4615 rationalium
1932 4561 2134 4613 ossium

2240 3399 2345 3434 των
2382 3380 2689 3452 βαστάζειν.
2724 3383 2834 3434 Καὶ
2857 3382 3043 3453 ὥσπερ
3077 3380 3146 3434 τά
3188 3382 3322 3434 ὀστᾶ
3358 3382 3695 3437 συνάπτεται
3735 3384 3828 3435 άλ-

2240 3472 2419 3544 λήλοις
2444 3472 2585 3526 κατὰ
2620 3472 2716 3535 τὰς
2744 3472 3098 3544 διαρθρώσεις
3129 3472 3341 3544 νεύροις
3382 3473 3473 3526 καὶ
3506 3472 3827 3544 συνδέσμοις

2240 3562 2656 3631 ὲπιττεφυκόσιν,
2687 3560 2857 3624 οὕτως
2884 3560 2947 3613 ἂν
2980 3562 3063 3630 εἴη
3093 3562 3185 3614 καὶ
3204 3564 3231 3614 6
3250 3563 3347 3631 τῆς
3368 3559 3590 3628 ἀγάπης
3616 3563 3713 3611 καὶ
3733 3561 3827 3628 τῆς

2241 3652 2461 3725 εἰρήνης
2482 3649 2793 3720 σύνδεσμος,
2810 3650 3085 3719 συμφυΐαν
3102 3648 3221 3701 τινα
3236 3653 3329 3701 καὶ
3343 3648 3535 3700 ἕνωσιν
3551 3647 3662 3699 τῶν
3676 3664 3828 3699 πνευ-

2245 3744 2488 3815 ματικῶν
2505 3742 2703 3796 ὀστέων
2732 3744 2790 3795 ὲν
2816 3746 2881 3813 τῇ
2900 3740 3194 3812 Ἐκκλησία
3216 3740 3308 3793 τοῦ
3328 3739 3460 3792 Θεοῦ
3485 3756 3618 3792 κατε
3630 3740 3824 3810 ργαςὸ-

2246 3853 2423 3907 μενος.
2444 3836 2515 3887 Πε
2527 3836 2578 3906 ρὶ
2598 3836 2799 3887 τούτων
2821 3834 2927 3887 τῶν
2948 3835 3148 3887 ὀστέων
3174 3833 3281 3886 τῶν
3302 3832 3575 3903 λυομένων
3600 3832 3710 3885 ἀπὸ
3732 3834 3826 3903 τῆς

2244 3926 2525 3997 ἁρμονίας.
2541 3928 2633 3979 καὶ
2648 3926 2808 3997 οἱονεὶ
2826 3924 2987 3995 ἐξάρο
2995 3940 3103 3993 ρων
3122 3924 3442 3995 γινομένων,
3464 3925 3630 3994 φησιν
3645 3927 3673 3977 6
3690 3925 3826 3994 Ιῖρο-

2244 3996 2422 4089 φήτης
2442 4033 2455 4047 °
2483 3996 3041 4084 Διεσκορξτίσθησαν
3066 4016 3175 4086 (40)
3202 4016 3274 4069 τὰ
3300 4015 3451 4069 ὀστᾶ
3474 4014 3647 4085 ἡμῶν
3670 4016 3825 4082 παρὰ

2242 4111 2349 4164 τὸν
2384 4109 2560 4177 ᾅδην.
2591 4109 2699 4162 Καὶ
2730 4096 2823 4162 ὲάν
2850 4108 2979 4160 ποτέ
3008 4124 3068 4175 γε
3116 4108 3324 4179 ταραχὴ
3371 4107 3511 4161 αὐτὰ
3550 4107 3645 4160 καὶ
3688 4124 3823 4176 κρα-

2242 4204 2445 4274 δασμὸς
2477 4203 2779 4276 καταλάϐῃ,
2820 4202 3109 4273 εὐχόμενος
3136 4200 3281 4269 λέγει
3301 4216 3314 4229 ’
3354 4201 3545 4255 Ἰασαί
3563 4218 3643 4270 με
3667 4240 3681 4261 ,
3712 4202 3824 4253 Κύ-

2234 4314 2348 4364 ριε,
2374 4296 2461 4349 ὅτι
2498 4296 2794 4365 ἐταράχθη
2820 4295 2890 4349 τὰ
2918 4295 3067 4347 ὀστᾶ
3088 4313 3226 4363 μου.
3265 4294 3429 4347 Ὅταν
3461 4294 3515 4345 δὲ
3549 4293 3696 4363 σώζῃ
3728 4293 3822 4361 τὴν

2242 4389 2444 4441 οἰκείαν
2484 4387 2766 4459 ἁρμονίαν,
2800 4386 3172 4456 φυλαττόμενα
3205 4384 3308 4438 ὑπὸ
3336 4385 3427 4437 τοῦ
3452 4383 3677 4455 Κυρίου,
3702 4382 3823 4433 065s

2243 4482 2300 4534 ἓν
2333 4482 2511 4534 αὐτῶν
2547 4481 2991 4552 συντριϐήσεται.
3024 4478 3136 4532 ἀλλ’
3170 4478 3297 4544 ἄξιά
3335 4480 3449 4530 ἐστι
3494 4476 3652 4541 δόξαν
3697 4478 3823 4528 ἁνα-

2244 4574 2428 4643 φέρειν
2474 4572 2553 4641 τῷ
2591 4571 2729 4641 Θεῷ.
2778 4570 2979 4623 Πάντα
3024 4570 3169 4638 γὰρ,
3203 4568 3354 4637 φησι,
3400 4568 3471 4621 τὰ
3504 4565 3657 4620 ὀστᾶ
3704 4583 3822 4635 μου

562 4660 847 4715 naturam?
876 4659 1150 4715 Fortassis
1184 4669 1366 4711 autem
1392 4655 1633 4710 Ecclesia
1663 4655 1835 4723 possit
1863 4653 2048 4706 dicere
2074 4654 2135 4705 il-

2243 4661 2443 4729 ἐροῦσι
2464 4678 2476 4691 ·
2503 4663 2701 4729 Κύριε,
2735 4662 2943 4728 Κύριε,
2990 4660 3081 4724 τίς
3106 4659 3215 4727 (41)
3259 4659 3459 4728 ὅμοιός
3498 4672 3636 4718 aet;
3671 4651 3822 4717 Εἶδες

1182 4799 1227 4832 ⁸⁸
1254 4797 1395 4852 Psal.
1422 4811 1576 4857 xvm,
1606 4795 1659 4847 9.
1765 4796 1809 4826 θ’
1848 4795 1981 4847 [.uc.
2014 4810 2026 4836 η

1182 4872 1314 4918 ³1ὀν.
1350 4884 1428 4918 Ill.
1456 4868 1547 4918 25.
1625 4866 1644 4896 ⁶
1668 4864 1809 4918 Psal.
1840 4880 1962 4918 CXL.
1997 4865 2026 4916 7

1710 4883 1809 4919 sat.
1840 4883 1962 4929 CXL,
2006 4883 2048 4921 ι.

631 4800 674 4832 ⁸⁷
708 4801 881 4855 Eccle.
918 4815 979 4859 ιι,
1022 4800 1110 4855 ﬂ.

564 4869 805 4925 ‘Jeretn.
837 4887 910 4935 tv,
936 4872 1022 4925 l9.
1098 4872 1119 4901 ⁸
1156 4870 1314 4925 Prov.
1350 4884 1428 4932 ιιι,
1456 4868 1547 4921 25.

639 4990 753 5062 ('56)
786 4991 879 5062 Sic
920 5007 1053 5045 mss.
1087 5002 1317 5059 septem.
1350 4989 1531 5044 Editio
1566 4987 1743 5043 Paris.
1776 4986 1964 5059 ὥσπερ
1987 4988 2015 5038 ὁ
2048 4987 2140 5040 ἄν·

562 5061 779 5135 θριέίτξος
795 5061 1011 5135 λέγεται
1040 5065 1073 5132 ὴ
1098 5063 1264 5133 ψυχήν
1299 5070 1405 5135 0“;-

638 5133 751 5201 (57)
778 5127 924 5185 Satis
964 5127 1258 5187 verisimile
1301 5131 1471 5185 videri
1508 5139 1684 5198 potest
1734 5128 1874 5201 μέρη
1911 5143 2007 5195 pro
2041 5127 2141 5201 μέέ

565 5204 631 5273 λη
656 5198 951 5271 legendum
977 5217 1117 5256 esse.
1146 5204 1283 5271 Apte
1313 5202 1456 5254 cnim
1484 5198 1743 5273 dicimus,
1766 5198 1949 5273 Partes
1977 5199 2142 5273 animi

564 5269 844 5341 praecipua:
876 5284 895 5323 :
934 5287 1038 5325 non
1070 5269 1215 5342 apte,
1253 5272 1448 5342 necde
1486 5287 1659 5332 tnorc,
1689 5269 1925 5342 Metnbra
1954 5269 2138 5342 animi

565 5338 853 5412 pra'cipua.
889 5338 1264 5412 (ionject'uram
1289 5341 1531 5411 adjuvat,
1562 5342 1705 5410 quod
1737 5340 2035 5412 (lorum-ius
2057 5338 2135 5412 ita

568 5408 766 5482 legisse
809 5408 1076 5479 putandus
1121 5414 1213 5476 sit,
1244 5408 1369 5465 cuni
1416 5408 1693 5482 verterit:
1751 5409 1942 5482 Partes
1969 5408 2135 5474 ipsius

572 5480 835 5556 [anima].
865 5484 997 5538 Cum
1031 5493 1208 5538 tamen
1243 5484 1331 5556 hic
1368 5493 1559 5556 agatur
1592 5481 1659 5556 tle
1690 5480 2135 5556 nomiue_impro-

611 5557 689 5607 rio
716 5565 767 5608 el
795 5547 1101 5623 ‘a'quivoco,
1133 5553 1351 5608 dttbium
1386 5547 1489 5605 rion
1524 5550 1963 5623 [tabemtts,_qtt_in
2000 5547 2134 5619 μέλη

611 5571 689 5607 rto
716 5570 767 5608 et
814 5571 1101 5623 a'quivoco,
1133 5570 1351 5608 ouutum
1386 5570 1489 5605 non
1525 5570 1803 5611 navemus,
1836 5570 1963 5617 qtuu
2000 5570 2134 5619 μελη

567 5570 675 5680 an
707 5626 823 5679 loco
857 5628 956 5696 legi
1002 5634 1269 5694 oporteat.
1303 5624 1525 5696 Accedit
1552 5620 1694 5690 quod
1739 5619 1877 5691 μέλη
1904 5620 1954 5671 in
2005 5634 2135 5673 mss.

574 5697 797 5764 perinde
824 5694 983 5764 atque
1013 5697 1064 5747 in
1098 5696 1258 5749 editis
1290 5694 1607 5762 reperiatur.

642 5765 754 5833 (38)
816 5758 950 5819 Editi
999 5775 1051 5819 et
1107 5766 1235 5833 lies.
1294 5758 1522 5833 quartus
1570 5764 1628 5815 ὲν
1677 5763 1743 5833 τῇ
1793 5758 2139 5833 κεφᾲαλῇᾎᾹῐ

572 5850 705 5888 mss.
738 5830 993 5904 'quinque
1047 5846 1101 5887 et
1138 5830 1326 5890 ed—itio'
1356 5836 1594 5887 Romana
1652 5830 2136 5904 év"xchat1fj.blox

574 5906 705 5959 editi
758 5901 902 5974 λέγει
947 5905 1144 5975 ὁμοίως
1196 5906 1316 5968 τούς
1366 5921 1423 5957 τε
1473 5904 1572 5975 τῆς
1632 5904 1832 5974 σαρκὸς
1896 5903 1988 5955 καὶ
2032 5901 2138 5971 ψυ-

1765 4796 1809 4826 ⁰⁹
1848 4792 1981 4847 Luc.
2014 4810 2132 4854 vm.
2174 4795 2225 4850 8.

1774 4864 1809 4919 l.
1840 4880 1962 4920 CXL.
1997 4865 2048 4920 7.
2122 4867 2141 4896 "
2182 4868 2225 4920 Pi

2202 4869 2323 4922 ’sal.
2342 4866 2429 4931 'vt,
2470 4870 2524 4922 5.

2309 4798 2455 4850 ‘lsa.
2484 4814 2614 4861 χιιι,
2649 4797 2733 4851 l8.
2793 4799 2812 4828 ’
2840 4797 2978 4851 Psal.
3012 4812 3200 4861 cxvm,
3248 4795 3367 4848 131.
3448 4794 3467 4824 ³
3490 4792 3634 4848 Psal.
3660 4809 3741 4855 tu,
3768 4793 3815 4848 8.

2598 4870 2620 4900 ⁸
2650 4869 2790 4923 Psal.
2819 4884 3001 4933 XXXIV,
3038 4868 3123 4923 l8.

2250 4991 2373 5061 χῆε.
2404 4992 2471 5043 At
2502 5007 2629 5047 mss.
2667 5001 2869 5059 septem
2902 4992 2997 5051 ita,
3036 5002 3095 5044 ut
3124 4994 3389 5061 edendum
3419 5002 3754 5061 curavimus.

2323 5063 2436 5131 (59)
2467 5064 2622 5115 Deest
2666 5058 2781 5113 ὲστί
2820 5064 2869 5113 in
2902 5064 3085 5114 multis
3132 5077 3258 5113 mss.
3296 5059 3429 5131 Mox
3481 5060 3611 5131 editi
3648 5058 3821 5124 οἰκείᾳ

2248 5126 2491 5203 δυνάμει.
2544 5136 2611 5184 At
2662 5149 2790 5185 mss.
2819 5142 3021 5203 septem
3048 5131 3223 5202 οἰκείᾳ
3256 5127 3489 5203 εὐτονίᾳ.
3517 5126 3818 5203 _Reg._tc~r.

2253 5207 2358 5257 tius
2385 5199 2459 5275 ’τῇ
2491 5202 2596 5273 ἰδίᾳ
2628 5202 2861 5275 εὐτονία.
2886 5199 3013 5275 Nec
3048 5204 3119 5275 ita
3163 5199 3330 5275 multo
3361 5199 3482 5265 post
3509 5199 3817 5275 itieltl_lit‘l:.

2250 5268 2602 5329 tertitts'cutit
2654 5268 2892 5327 editione
2937 5271 3101 5326 Basil.
3159 5270 3413 5324 δύνανται
3467 5268 3575 5320 τῶν
3622 5270 3816 5320 ἀδυνα-

2244 5361 2352 5396 των
2361 5383 2373 5396 .

2316 5414 2427 5483 (40)
2452 5412 2521 5465 Ita
2555 5427 2684 5465 mss.
2736 5429 2851 5466 st-x.
2890 5413 3029 5466 Editi
3067 5423 3128 5476 et,
3163 5412 3313 5467 Colb.
3351 5411 3576 5483 quintus
3605 5407 3816 5483 et_LX.\'

2244 5480 2657 5555 διεσκορπίσθη.
2692 5484 2888 5538 Statim
2940 5498 3072 5539 mss.
3103 5485 3346 5554 quinque
3375 5481 3505 5533 πστέ
3538 5497 3624 5541 γε.
3664 5480 3820 5535 Deest

2283 5572 2308 5607 ε
2343 5556 2393 5607 in
2423 5556 2604 5608 editis.

2283 5573 2308 5607 ε
2434 5573 2451 5590 τ
2541 5574 2549 5603 |
2589 5593 2604 5607 ο

2245 5573 2279 5624 γ
2320 5573 2603 5693 (ἳίῖιίίίιίῗί
2644 5633 2698 5677 et
2756 5625 3048 5679 Colbertini
3102 5625 3295 5677 tertius
3348 5632 3402 5676 et
3447 5622 3668 5689 quintus
3701 5635 3817 5675 cum

2245 5692 2634 5767 CoislaKtipte,
2686 5696 2879 5767 Κύριε,
2908 5693 3383 5767 τίςηινοινκυριε
3427 5693 3594 5767 semel
3624 5692 3822 5767 legitur

2251 5770 2302 5819 in
2326 5764 2487 5828 LXX,
2521 5762 2575 5818 et
2607 5768 2657 5818 iu
2697 5762 2819 5820 aliis
2856 5782 2984 5818 mss.
3018 5764 3127 5821 Nec
3152 5762 3402 5821 dissentit
3427 5762 3691 5832 Vulgata,
3714 5762 3814 5815 Do-

2249 5841 2407 5903 mine,
2438 5837 2553 5905 quis
2589 5836 2776 5891 similis
2824 5837 2962 5891 tibi?
