4008 6402
457 305 562 360 387

481 529 787 544 οι*-

911 691 976 747 IN
1017 689 1349 747 PSALMUM
1381 688 1570 744 XLIV.

459 830 524 884 In
556 829 729 894 ﬁnem,
759 845 854 897 pro
899 829 966 880 iis
1001 830 1089 898 qui
1135 823 1752 898 inunutabuntur,‘ﬁliis
1794 822 1934 875 Core
1970 823 2038 874 ad

752 894 1091 960 intellectum,
1125 900 1385 952 canticum
1417 913 1510 964 pro
1543 894 1755 950 dilecto.

531 1010 585 1064 l.
617 1008 840 1064 Videtur
868 1018 922 1063 et
950 1009 1038 1063 hic
1080 1007 1417 1078 psalmusad
1455 1005 1839 1076 perﬁciendam
1879 1017 2040 1059 natu-

459 1118 575 1156 ram
604 1103 892 1156 humanam
920 1101 1148 1156 idoneus
1172 1116 1312 1165 esse,
1347 1109 1508 1170 atque
1533 1099 1598 1154 iis
1621 1099 1712 1169 qui
1737 1101 2035 1153 seeumlnm

459 1195 712 1249 virtutem
754 1194 937 1248 vivere
986 1202 1324 1257 statuerunt,
1369 1192 1436 1246 ad
1486 1191 1828 1262 propositum
1879 1190 2038 1244 ﬁnem

459 1286 852 1356 assequendum
898 1286 1068 1340 utilis.
1122 1283 1256 1338 Nam
1313 1284 1724 1354 proﬁcientibus
1770 1299 1907 1353 opus
1957 1292 2042 1336 est

459 1378 706 1433 ductrina
743 1378 812 1433 ad
839 1376 1254 1448 perfectionem,
1284 1390 1446 1446 quam
1479 1376 1567 1430 hic
1604 1375 1847 1445 psalmus
1881 1374 2038 1427 exhi-

457 1473 571 1536 bet,
600 1470 1046 1540 comparandam.
1080 1469 1208 1536 Ejus
1239 1475 1419 1523 autem
1452 1466 1735 1536 inscriptio
1765 1467 1878 1520 haec
1913 1475 1995 1519 est
2024 1489 2034 1520 :

457 1561 526 1616 1η
562 1562 718 1632 ﬁnem
769 1578 864 1632 pro
910 1561 974 1616 iis
1019 1561 1107 1632 qui
1160 1559 1601 1614 immittebantur.
1650 1557 1815 1613 Tecte
1858 1568 2037 1612 autem

457 1655 612 1720 dixit,
653 1671 749 1724 pro
791 1655 1112 1710 hominibus.
1159 1651 1270 1710 Nos
1319 1652 1489 1717 enim,
1522 1651 1760 1707 maxime
1795 1651 2036 1707 omnium

460 1749 837 1813 rationalium,
883 1747 1242 1804 varietatibus
1293 1761 1358 1802 ac
1400 1746 1793 1801 mutationibus
1847 1747 2037 1803 diebus

457 1839 684 1910 singulis
712 1855 776 1896 ac
805 1838 921 1895 fere
954 1840 1104 1895 horis
1134 1837 1474 1908 subjicimur.
1514 1837 1701 1908 Neque
1736 1838 1880 1894 enim
1916 1853 2038 1894 cor-

460 1947 590 2001 pore
640 1947 814 2002 neque
867 1940 1047 1987 mente
1096 1931 1257 1986 iidem
1307 1945 1407 1986 nos
1443 1945 1652 1986 sumus.
1689 1928 1796 1986 Sed
1839 1945 2036 2002 corpus

1811 297 1868 351 S.
1909 297 1950 350 Β
1967 295 2150 350 'tSlLII
2195 295 2410 352 MAGNI

3642 305 3747 356 3.88

2305 519 2662 533 ——'—————.

2663 526 3003 535 ...ρ’-...αμο-
3035 529 3711 547 ~—————————~.,——

2534 681 2647 737 ἘΙΣ
2687 684 2818 737 ΤοΝ
2873 683 2982 738 ΜΔ⁹
3021 685 3350 742 ΨΑΛΜΟΝ.

2139 817 2243 900 Εἰς
2264 816 2334 897 τὸ
2362 816 2567 900 τέλος,
2598 817 2750 900 ὑπξγ)
2791 817 2910 871 τῶν
2937 819 3568 900 ,ἀέλοιωθησομένωη
3620 823 3752 900 τρῖς

2178 887 2332 952 υἱοῖς
2351 887 2502 955 Κορὲ
2517 891 2604 952 εἰς
2622 889 2901 955 σύνεσιν,
2918 889 3042 958 ᾠδὴ
3061 891 3212 960 ὑπὲρ
3238 887 3347 946 tot?
3367 893 3707 962 ἀγαπητοῦ.

2218 1003 2269 1055 1.
2312 1002 2566 1055 Φαίνεται
2607 1002 2706 1072 μὲν
2741 1002 2835 1055 καὶ
2877 996 3032 1066 οὗτος
3077 1007 3105 1056 6
3139 1005 3354 1076 ψαλμδς
3391 1007 3748 1072 τελειωτικός

2141 1113 2226 1158 τις
2265 1093 2341 1147 ὢν
2371 1096 2473 1166 τῆς
2503 1094 2852 1166 ἀνθρωπίνης
2881 1094 3119 1164 φύσεως,
3165 1097 3259 1150 καὶ
3297 1099 3378 1162 είς
3414 1100 3474 1152 τὸ
3517 1103 3741 1171 προκεί-

2145 1205 2305 1259 μενον
2333 1187 2486 1250 τέλος
2507 1190 2618 1250 τοῖς
2644 1187 2765 1241 κατ’
2794 1187 2999 1260 ἀρετὴν
3025 1187 3175 1258 βιοῦν
3204 1193 3617 1263 προῃρημένοις
3642 1191 3747 1263 τὴν

2142 1281 2411 1351 ὠφέλειαν
2439 1281 2833 1352 παρεχόμενος.
2865 1281 2992 1344 Τοῖς
3032 1280 3142 1352 γὰρ
3168 1285 3538 1353 προκόπτουσι
3574 1286 3746 1358 χρεία

2140 1376 2241 1444 τῆς
2271 1376 2350 1438 είς
2371 1373 2432 1426 τὸ
2459 1373 2812 1442 τελειωθῆναι
2840 1373 3208 1438 διδασκαλίας,
3241 1376 3306 1446 ἢν
3338 1378 3366 1428 ό
3395 1377 3610 1448 ψαλμὺς
3649 1374 3748 1429 οὗ.

2140 1485 2232 1530 τος
2259 1467 2583 1538 παρέχεται,
2612 1467 2927 1537 ἐπιγραφὴν
2947 1466 3085 1536 ἔχων
3103 1506 3119 1531 ,
3146 1469 3253 1534 Εις
3278 1469 3343 1522 τὸ
3372 1469 3547 1538 τέλος
3577 1474 3746 1544 ὑπὲρ

2141 1558 2260 1613 τῶν
2311 1558 2910 1627 ἁλλοιωθησομέιιων.
2969 1561 3387 1631 Κεκρυμμένως
3439 1563 3495 1616 δὲ
3555 1562 3740 1632 εἶπεν,

2139 1651 2292 1720 ὑπὲρ
2320 1651 2439 1705 τῶν
2466 1649 2813 1720 ἀνθρώπων.
2852 1652 3045 1722 Ἡμεῖς
3075 1652 3184 1723 γάρ
3211 1655 3378 1722 ὲσμεν
3405 1657 3454 1707 οἱ
3488 1656 3737 1726 μάλιστα

2140 1745 2360 1798 πάντων
2384 1743 2492 1796 τῶν
2522 1742 2759 1812 λογικῶν
2791 1741 3112 1797 ἀλλοιώσεσί
3146 1761 3205 1796 τε
3237 1744 3333 1798 καλ⁸
3360 1751 3586 1816 τροπαῖς
3611 1751 3742 1812 ταῖς

2140 1839 2225 1908 ἐφ’
2271 1837 2511 1908 ἑκάστης
2549 1837 2767 1908 ἡμέρας
2808 1838 2903 1890 καὶ
2939 1837 3088 1908 ὥρας
3129 1837 3315 1908 σχεδὸν
3358 1839 3736 1912 ὑποκείμεναι.

2141 1931 2279 1985 Οὔτε
2313 1930 2421 2003 γὰρ
2466 1929 2677 2002 σώματι
2717 1930 2842 1983 οὔτε
2881 1929 3075 2002 γνώμῃ
3117 1933 3165 1984 οἱ
3211 1931 3363 1983 αύτοί
3401 1932 3566 2001 ἐσμεν
3597 1937 3738 1988 gap-

456 2025 672 2094 quidem
707 2033 947 2078 nostrum
979 2037 1198 2093 semper
1222 2023 1426 2078 ﬂuxum
1459 2038 1523 2079 ac
1550 2023 1897 2094 dissipationi
1939 2023 2033 2078 ob-

2138 2026 2270 2089 τοῖς,
2303 2022 2439 2076 ἀλλὰ
2463 2023 2525 2076 τὸ
2563 2023 2662 2092 μὲν
2692 2022 2854 2094 σῶμα
2887 2025 2920 2094 η
2931 2023 3067 2095 μῶν,
3095 2023 3182 2077 ἀεὶ
3219 2024 3340 2094 ῥέον
3382 2024 3478 2076 καὶ
3509 2029 3743 2083 σκεδαν-

458 2115 676 2172 noxium
704 2115 757 2170 in
783 2124 930 2170 motu
956 2131 1018 2171 ac
1036 2116 1338 2172 mutatione
1361 2124 1633 2179 versatur,
1659 2125 1752 2170 aut
1774 2131 1839 2171 ex
1870 2130 2037 2186 parvo

459 2208 633 2279 majus
667 2205 888 2275 factum,
927 2215 1021 2261 aut
1051 2223 1119 2262 ex
1153 2207 1399 2277 perfecto
1431 2207 1498 2260 ad
1537 2207 1802 2261 minorem
1834 2207 2034 2262 molem

456 2309 816 2356 contractum.
854 2298 969 2354 Non
998 2301 1142 2354 enim
1174 2314 1311 2370 puer
1338 2299 1428 2369 qui
1459 2298 1571 2368 jam
1603 2299 1846 2354 scholam
1879 2299 2034 2367 petit,

455 2406 512 2450 et
541 2397 608 2449 ad
636 2403 784 2450 artes
809 2409 870 2450 ac
889 2394 1204 2464 disciplinas
1229 2394 1604 2466 percipiendas
1627 2395 1855 2450 idoneus
1884 2395 2038 2450 inve-

457 2485 622 2551 nitur,
653 2484 790 2540 idem
821 2493 906 2540 est
941 2499 1005 2539 ac
1034 2484 1126 2540 ille
1168 2485 1259 2554 qui
1299 2499 1474 2556 nuper
1513 2494 1675 2540 natus
1719 2492 1804 2540 est
1833 2485 2031 2542 infans.

454 2577 606 2632 Alius
631 2586 808 2632 autem
840 2591 1031 2632 rursus
1064 2576 1132 2631 ab
1165 2576 1258 2631 illo
1290 2585 1371 2632 est
1405 2577 1524 2631 sine
1558 2575 1721 2632 dubio
1768 2576 2033 2648 ephebus,

455 2670 545 2736 qui
581 2669 694 2738 jam
749 2668 1019 2740 iuveniles
1065 2667 1488 2725 exercitationes
1535 2669 1774 2741 experiri
1834 2679 2031 2735 potest.

453 2769 630 2832 Atque
657 2762 726 2818 ab
759 2761 968 2832 ephebo
1006 2761 1143 2816 alius
1171 2773 1254 2818 est
1297 2762 1400 2826 vir,
1449 2772 1504 2817 et
1536 2761 1792 2816 ﬁrmitate
1822 2773 1878 2818 et
1917 2779 2034 2818 nia-

455 2855 734 2926 gnitu'dine
784 2856 1052 2924 corporis,
1098 2863 1154 2909 et
1207 2854 1435 2910 rationis
1475 2852 1834 2925 perfectione.
1897 2855 2033 2910 Cum

454 2959 630 3004 autem
665 2947 732 3002 ad
761 2947 1000 3018 vigorem
1033 2948 1376 3017 pervenerit,
1429 2957 1591 3018 atque
1617 2949 1797 3003 aetatis
1824 2949 2036 3003 stabili-

456 3048 618 3092 tatem
649 3038 813 3091 fuerit
845 3045 1187 3100 consecutus,
1221 3036 1414 3092 iterum
1456 3034 1714 3104 paulatim
1749 3035 1919 3089 minui
1954 3036 2036 3089 in-

451 3129 606 3198 cipit,
639 3127 912 3183 dilfluente
936 3126 1138 3181 sensim
1163 3126 1412 3194 corporis
1443 3125 1612 3196 ipsius
1641 3126 1846 3196 vigore,
1872 3135 2035 3195 atque

453 3219 731 3290 corporeis
761 3218 966 3274 viribus
993 3217 1470 3280 decrescentibus;
1515 3216 1690 3273 donec
1718 3233 1830 3287 prae
1874 3231 2034 3272 sene-

452 3326 601 3369 rtute
630 3315 967 3376 incurvatus,
995 3310 1240 3366 ultimam
1265 3311 1464 3365 virium
1490 3311 1882 3366 detractionem
1906 3325 2030 3381 per-

453 3407 704 3475 patiatur.
737 3404 846 3460 Nos
879 3418 1006 3475 ergo
1033 3417 1222 3458 sumus
1248 3403 1340 3472 qui
1373 3411 1682 3467 mutantur;
1710 3417 1774 3456 ac
1806 3417 1904 3458 nos
1933 3402 2026 3456 ho-
2057 3396 2100 3456 C

453 3502 628 3556 mines
659 3513 752 3569 per
782 3498 924 3553 hanc
951 3511 1133 3553 vocem
1163 3496 1250 3552 hic
1273 3495 1513 3566 psalmus
1544 3495 1822 3565 sapienter
1857 3496 2028 3565 signi-

450 3591 653 3644 "tit-avit.
709 3586 826 3644 Non
877 3588 1022 3644 enim
1080 3588 1435 3642 mutationem
1486 3588 1782 3642 admittunt
1830 3589 2031 3658 angeli.

453 3682 642 3736 Nullus
665 3681 810 3736 enim
848 3681 992 3736 inter
1011 3680 1131 3736 illos
1158 3695 1292 3752 puer
1315 3691 1423 3742 est.
1460 3679 1640 3735 nullus
1670 3680 1986 3735 adolescens
2016 3721 2032 3746 ,

451 3789 619 3830 senex
639 3773 858 3828 nullus:
889 3774 981 3830 sed
1005 3774 1057 3828 in
1087 3787 1194 3844 quo
1223 3781 1367 3827 statu
1397 3775 1464 3827 ab
1493 3773 1650 3826 initio
1689 3773 1856 3827 creati
1883 3783 2030 3836 sunt,

454 3868 506 3920 in
539 3881 603 3921 eo
631 3875 984 3936 permanent;
1013 3881 1134 3922 cum
1158 3881 1346 3921 eorum
1377 3865 1683 3920 substantia
1717 3865 1942 3934 simplex
1979 3875 2033 3919 et

452 3958 804 4013 immutabilis
836 3967 1220 4014 conservetur.
1251 3957 1362 4013 Nos
1397 3967 1577 4013 autem
1615 3967 1912 4022 mutamur,
1946 3973 2033 4013 se-

451 4049 685 4102 cundum
707 4062 904 4118 corpus
925 4048 1170 4119 quidem,
1195 4049 1269 4104 uti
1293 4058 1567 4104 ostensum
1595 4057 1709 4110 est;
1734 4050 2028 4102 secundum

452 4139 686 4194 animam
703 4153 842 4194 vero
871 4147 927 4194 et
949 4139 1260 4195 interiorem
1289 4141 1584 4206 hominem,
1614 4139 1774 4211 159
1809 4147 2030 4195 senten-

451 4232 554 4284 tias
570 4246 671 4284 una
690 4245 808 4285 cum
827 4229 1195 4286 accidentibus
1207 4231 1368 4287 rebus
1381 4239 1877 4300 semperconnnuta
1888 4247 2027 4286 inus.

449 4323 552 4377 Alii
586 4338 818 4394 namque
843 4338 1030 4379 sumus
1055 4324 1183 4378 dum
1209 4324 1474 4390 lretamur,
1507 4324 1800 4393 omniaque
1834 4323 1888 4378 in
1920 4325 2028 4378 vita

449 4415 604 4470 nobis
629 4415 858 4470 feliciter
883 4415 1218 4471 succedunt:
1250 4415 1340 4470 alii
1370 4431 1495 4471 vero
1526 4415 1870 4471 calamitosis
1897 4426 2031 4471 tem-

448 4507 690 4574 poribus,
730 4522 851 4561 cum
887 4509 938 4561 in
975 4507 1183 4578 aliquas
1226 4522 1314 4562 res
1345 4508 1608 4563 adversas
1653 4508 2027 4562 inciderimus.

446 4598 804 4658 lmmutamur
823 4610 877 4656 et
895 4601 948 4655 in
972 4600 1075 4668 ira,
1099 4601 1270 4657 ferino
1290 4602 1523 4670 quodam
1543 4609 1688 4656 statu
1724 4612 2025 4671 assumpto.

446 4688 798 4744 lminutamur
847 4700 905 4745 et
952 4691 1006 4745 in
1050 4694 1548 4763 concupiscentiis,
1594 4692 1767 4748 brutis
1821 4693 2027 4770 similes

442 4781 638 4845 etfecﬁ,
675 4798 771 4852 per
799 4785 922 4840 vitae
950 4784 1250 4843 libidinem.
1276 4785 1410 4855 Equi
1437 4786 1491 4839 in
1520 4785 1753 4840 feminas
1781 4785 2027 4842 furentes

442 4877 570 4933 facti
625 4887 753 4931 sunt
812 4879 879 4946 ii,
928 4879 1020 4949 qui
1064 4893 1249 4934 amore
1297 4893 1526 4932 uxorum
1577 4878 1811 4948 prmimi
1875 4879 2026 4934 insa-

443 4974 596 5026 niunt
623 4972 687 5025 “.
739 4971 804 5026 Et
844 4972 1062 5027 dolosus
1107 4973 1320 5041 quidem
1354 4973 1497 5043 vulpi
1527 4982 1910 5040 comparatur,
1948 4973 2023 5028 uti

445 5063 683 5119 Herodes
709 5063 752 5096 "
779 5083 793 5117 :
833 5065 1114 5130 impudens
1138 5081 1267 5119 vero
1295 5067 1447 5120 canis
1478 5075 1722 5126 vocatur,
1761 5076 1818 5120 ut
1847 5064 2017 5119 Nabal

438 5153 738 5210 Carmelius
783 5154 847 5207 ".
901 5151 1065 5209 Vides
1119 5157 1433 5210 varietatem
1487 5172 1552 5212 ac
1612 5158 2018 5212 immutationis

439 5260 636 5303 nostra:
665 5245 1075 5302 diversitatem?
1105 5247 1384 5302 Admirare
1413 5248 1573 5318 igitur
1596 5265 1718 5304 eum
1751 5251 1841 5319 qui
1877 5266 2021 5305 com-

440 5341 596 5394 mode
641 5340 1132 5406 convenienterque
1190 5339 1326 5391 hauc
1380 5341 1537 5394 nobis
1592 5342 2012 5413 appellationem

436 5431 663 5500 aptavit.

2139 2116 2390 2188 νύμενον,
2422 2118 2479 2169 ὲν
2507 2116 2720 2186 κινήσει
2743 2116 2862 2168 ἐστὶ
2899 2117 2993 2169 καὶ
3018 2116 3311 2187 μεταϐολῇ,
3339 2115 3370 2186 ἢ
3398 2117 3504 2168 ἀπὸ
3535 2121 3739 2188 μικροῦ

2139 2211 2221 2273 είς
2245 2208 2306 2261 τὺ
2331 2207 2515 2280 μεῖζον
2549 2207 2659 2278 (50)
2691 2208 3010 2278 αὐξόμενον,
3038 2210 3070 2280 ἢ
3113 2208 3221 2262 ἀπὸ
3242 2207 3336 2261 τοῦ
3367 2206 3577 2260 τελείου
3600 2209 3742 2277 πρὸς

2137 2302 2199 2356 τὺ
2232 2300 2450 2355 ἔλαττον
2485 2300 2931 2371 συστελλόμενον.
2965 2303 3038 2354 Ού
3079 2300 3188 2372 γὰρ
3231 2303 3258 2353 6
3300 2299 3465 2363 αύτός
3497 2301 3615 2352 ἐστι
3658 2300 3743 2369 τῷ

2138 2393 2414 2463 ἀρτιγενεῖ
2437 2391 2630 2461 παιδίῳ
2660 2394 2688 2445 6
2717 2393 2796 2454 εἰς
2824 2392 3197 2445 διδασκαλεῖον
3225 2390 3425 2460 φοιτῶν
3450 2391 3551 2462 ἤδη
3584 2393 3740 2456 παῖς,

2138 2487 2231 2542 καὶ
2251 2486 2394 2559 πρὸς
2427 2486 2528 2549 τὰς
2558 2486 2666 2540 τῶν
2694 2485 2902 2556 τεχνῶν
2929 2486 3025 2538 καὶ
3061 2485 3403 2556 μαθημάτων
3435 2484 3744 2556 ἀναλήψεις

2138 2581 2460 2652 ἐπιτηδείως
2486 2579 2626 2650 ἔχων
2647 2595 2660 2610 ⁸
2684 2580 2878 2651 ἔτερος
2906 2579 2963 2632 δὲ
3001 2578 3162 2632 πάλιν
3204 2577 3357 2649 παρὰ
3387 2577 3577 2631 τοῦτον
3601 2581 3739 2649 ὁμο⁸

2136 2676 2480 2746 λογουμένως
2504 2675 2650 2730 ἐστὶν
2677 2677 2705 2728 6
2728 2673 2951 2744 ἔφηϐος,
2996 2673 3097 2744 ἤδη
3124 2671 3234 2724 τῶν
3259 2671 3522 2725 νεανικῶν
3569 2672 3739 2725 ἄπτε-

2140 2769 2262 2823 σθαι
2282 2769 2600 2839 δυνάμενος.
2629 2768 2740 2821 Καὶ
2767 2765 2920 2838 παρά
2957 2765 3046 2819 τὸν
3090 2764 3294 2836 ἔφηϐον
3334 2766 3363 2817 ὁ
3394 2765 3533 2837 ἀνὴρ
3573 2764 3740 2828 ἄλλος

2136 2861 2220 2925 τίς
2249 2863 2364 2914 ἐστι
2389 2862 2481 2915 καὶ
2512 2861 2832 2933 στερρότητι
2865 2858 2960 2912 καὶ
2987 2857 3205 2928 μεγέθει
3238 2857 3508 2928 σώματος,
3537 2858 3635 2909 καὶ
3665 2862 3733 2928 τῇ

2136 2953 2228 3007 τοῦ
2264 2952 2424 3022 λόγου
2453 2951 2870 3024 συμπληρώσει.
2901 2951 2996 3013 Εἰς
3019 2951 3207 3020 ἀκμὴν
3234 2949 3290 3002 δὲ
3325 2947 3516 3012 ἐλθὼν,
3549 2949 3645 3002 καὶ
3671 2950 3734 3002 τὸ

2139 3047 2402 3117 στάσιμον
2429 3047 2529 3117 τῆς
2553 3045 2774 3116 ἡλικίας
2801 3042 3112 3108 ἀπολαϐὼν,
3143 3043 3305 3098 πάλιν
3331 3043 3558 3114 ἄρχεται
3587 3043 3733 3097 κατὰ

2137 3141 2336 3212 μικρὸν
2396 3139 2649 3210 ὑφαιρεῖν
2702 3136 2838 3208 πρὸς
2892 3135 2954 3189 τὸ
3027 3135 3288 3201 ἔλαττον,
3351 3135 3734 3208 ὑπορρεούσης

2136 3231 2284 3303 αὐτῷ
2333 3231 2637 3302 λεληθότως
2688 3229 2784 3300 τῆς
2831 3227 2923 3281 τοῦ
2963 3227 3216 3298 σώματος
3259 3226 3447 3293 ἕξεως,
3485 3227 3579 3280 καὶ
3618 3227 3733 3280 τῶν

2138 3324 2466 3396 σωματικῶν
2488 3323 2656 3376 τόνων
2689 3323 2909 3375 ὲλαττου
2920 3320 3118 3391 μένων,
3152 3320 3256 3383 ἕως
3289 3320 3375 3383 ἂν,
3411 3318 3518 3371 ὑπὸ
3540 3320 3735 3390 γήρως

2137 3413 2572 3485 κατακαμῳθεῖς,
2615 3411 2712 3484 τὴν
2747 3412 2826 3475 εἰς
2859 3409 3086 3480 ἔσχατον
3116 3409 3397 3480 δυνάμεως
3439 3410 3732 3480 ύςαίρεσιν

2138 3505 2428 3576 ὑπομείνῃ.
2482 3504 2674 3574 Ἡμεῖς
2703 3503 2884 3554 τοίνυν
2913 3501 3079 3570 ἐσμὲν
3109 3503 3158 3553 οἱ
3207 3499 3598 3570 ἁλλοιούμενοι,
3637 3500 3734 3552 καὶ

2139 3597 2318 3667 σοφῶς
2338 3597 2488 3669 ἡμᾶς
2511 3597 2639 3658 τοὺς
2666 3591 2989 3665 ἀνθρώπους
3013 3591 3100 3645 διὰ
3125 3592 3225 3662 τῆς
3251 3590 3435 3661 φωνῆς
3460 3591 3668 3661 ταύτης
3693 3591 3732 3642 ύ

2133 3690 2348 3762 ψαλμὺς
2377 3687 2733 3761 παρῃνίξατο.
2760 3687 2835 3740 Ού
2866 3684 2974 3757 γὰρ
3002 3683 3224 3754 ἄγγελοι
3257 3672 3600 3756 ἐπιδέχονται
3626 3685 3730 3755 τὴν

2135 3783 2441 3838 ἀλλοίωσιν.
2479 3781 2667 3844 Οὐδεὶς
2695 3779 2804 3851 γὰρ
2834 3778 2963 3850 παρ’
2991 3777 3221 3841 ἐκείνοις
3251 3779 3400 3840 παῖς,
3443 3775 3564 3828 οὐδὲ
3600 3793 3728 3828 νεα-

2134 3876 2341 3938 νίσκος,
2381 3874 2501 3928 οὐδὲ
2543 3872 2857 3944 πρεσϐύτης
2889 3871 3022 3942 (51),
3067 3870 3182 3925 ἀλλ’
3207 3871 3264 3924 ὲν
3292 3865 3434 3944 ᾗπερ
3463 3868 3522 3936 ἐξ
3547 3869 3729 3940 ἀρχῆς

2135 3967 2464 4037 ἐκτίσθησαν
2502 3965 2854 4028 καταστάσει,
2893 3964 2950 4016 ὲν
2989 3961 3162 4034 ταύτῃ
3196 3961 3560 4032 διαμένουσιν,
3597 3962 3728 4014 ἀκε-

2136 4061 2294 4133 ραίας
2333 4061 2516 4123 αὐτοῖς
2547 4059 2642 4112 καὶ
2683 4056 2956 4128 ἀτρέπτοιο
2987 4055 3086 4127 τῆς
3128 4054 3436 4117 συστάσεως
3477 4051 3726 4123 σωζομέ-

2133 4170 2252 4224 νης.
2305 4151 2497 4222 Ἡμεῖς
2540 4150 2597 4204 δὲ
2647 4145 3044 4218 ἀλλοιούμεθα,
3097 4146 3234 4199 κατὰ
3291 4145 3388 4216 μὲν
3433 4144 3494 4197 τὸ
3536 4144 3722 4214 σῶμα,

2133 4246 2208 4309 ὡς
2231 4245 2522 4306 δέδεικται,
2549 4241 2690 4295 κατὰ
2727 4240 2782 4293 δὲ
2814 4241 2912 4310 τὴν
2936 4239 3112 4310 ψυχὴν
3139 4238 3233 4291 καὶ
3259 4237 3351 4289 τὸν
3374 4235 3479 4288 ἔσω
3504 4235 3709 4306 ἅνθρω-

2135 4354 2255 4403 πον,
2303 4339 2413 4400 τοῖς
2456 4333 2542 4387 ἀεὶ
2590 4331 2995 4404 προσπίπτουσι
3036 4328 3329 4400 πράγμασι
3381 4342 3705 4395 συμμετατι-

2133 4429 2315 4491 θέντες
2345 4428 2442 4489 τὰς
2471 4426 2728 4486 διανοίας.
2767 4420 2948 4475 ’Λλλοι
2985 4421 3081 4491 μὲν
3111 4421 3221 4490 γάρ
3258 4420 3422 4488 ἐσμεν
3454 4416 3719 4486 εὐθυμοῦ-

2137 4538 2306 4592 μενοι,
2337 4519 2432 4573 καὶ
2458 4519 2674 4572 πάντων
2702 4518 2831 4586 ἡμῖν
2854 4514 2961 4568 τῶν
2991 4513 3133 4567 κατὰ
3159 4512 3249 4564 τὸν
3282 4510 3395 4582 βίον
3416 4509 3558 4563 κατὰ
3589 4511 3722 4580 ῥοῦν

2133 4612 2431 4684 προϊόντων
2462 4627 2474 4639 °
2501 4609 2649 4663 ἄλλοι
2687 4609 2743 4661 δὲ
2786 4610 2842 4661 ὲν
2877 4609 2989 4670 τοῖς
3024 4604 3430 4676 περιστατικοῖς
3477 4604 3717 4672 καιροῖς,

2133 4705 2352 4758 ἐπειδάν
2392 4721 2496 4756 τινι
2538 4702 2645 4753 τῶν
2685 4699 2999 4770 ἀϐουλήτων
3052 4695 3535 4768 προσπταίσωμεν.
3597 4694 3719 4747 Ἀλ-

2127 4793 2414 4866 λοιούμεθα
2446 4793 2502 4846 δὲ
2532 4794 2624 4845 καὶ
2662 4791 2803 4844 κατᾶ
2829 4791 2928 4853 τὰς
2961 4787 3151 4862 ὀργὰς,
3187 4786 3425 4858 θηριώδη
3457 4786 3577 4839 τινὰ
3610 4804 3714 4840 και

2126 4892 2388 4945 τάστασιν
2437 4884 2931 4959 ἀναλαμϐάνοντες.
2987 4879 3371 4952 Ἀλλοιούμεθα
3423 4880 3518 4932 καὶ
3571 4880 3715 4932 κατά

2125 4983 2226 5046 τὰς
2278 4979 2592 5050 ἐπιθυμίας,
2648 4975 2939 5046 κτηνὼδεις
2982 4975 3256 5044 γινόμενοι
3308 4972 3397 5025 διὰ
3438 4969 3533 5024 τοῦ
3588 4973 3714 5024 καθ’

2126 5071 2318 5143 ἡδονὴν
2351 5069 2484 5140 βίον.
2524 5069 2710 5120 Ἰπποι
2742 5066 3072 5138 θηλυμανεῖς
3119 5064 3457 5136 ἐγενήθησαν
3499 5064 3551 5115 οξ
3592 5068 3713 5126 ταῖς

2127 5162 2341 5232 γυναιξὶ
2367 5161 2476 5214 τῶν
2510 5159 2734 5231 πλησίον
2766 5158 3197 5228 ἐπιμαινόμενοι.
3229 5155 3338 5210 Καὶ
3365 5158 3394 5208 6
3431 5154 3528 5225 μὲν
3563 5155 3711 5209 δολε-

2134 5259 2225 5329 ρὸς
2257 5254 2500 5309 ἀλώπεκι
2534 5250 2945 5326 παρεικάζεται,
2977 5251 3052 5314 ὡς
3095 5248 3338 5320 Ἡρώδης
3358 5265 3370 5278 ο
3402 5251 3431 5301 ό
3470 5247 3527 5300 δὲ
3563 5249 3713 5301 ἀναι-

2130 5351 2225 5422 δὴς
2263 5348 2408 5402 κύων
2451 5345 2940 5419 προσαγορεύεται,
2980 5342 3056 5405 ὼς
3088 5340 3276 5396 Νάϐαλ
3304 5343 3332 5394 6
3363 5341 3708 5413 Καρμήλιος.

2146 5444 2305 5515 Ὁρᾷς
2350 5442 2414 5494 τὸ
2457 5439 2699 5494 ποικίλον
2751 5437 2844 5490 καὶ¹
2895 5435 3174 5498 πολυειδὲς
3229 5434 3326 5505 τῆς
3373 5432 3712 5499 ἀλλοιώσεως

438 5525 636 5598 ἡμῶνς
673 5527 962 5600 Θαύμασον
986 5523 1078 5582 οὖν
1106 5529 1197 5582 τὸν
1236 5532 1559 5603 προσφόρως
1597 5533 1697 5604 τὴν
1739 5543 2109 5613 προσηγορίαν
2136 5539 2340 5609 ταύτην
2369 5539 2501 5607 ἡμῖν
2532 5534 2945 5604 ὲφαρμόσαντα.

509 5662 552 5695 ¹⁵
594 5663 705 5722 Jcr.
755 5680 808 5730 v,
853 5666 906 5721 8.
986 5667 1029 5697 ⁸⁸
1068 5649 1222 5734 Luca,
1253 5683 1373 5732 xm,
1418 5667 1506 5722 5‘2.
1587 5670 1629 5700 ¹⁶
1669 5670 1687 5724 l
1730 5671 1864 5743 Reg.
1915 5691 2042 5741 xxv,

511 5779 622 5841 [50)
659 5777 788 5857 Iieg.
817 5788 1042 5857 quartus
1071 5782 1298 5857 et_Colb.
1330 5794 1520 5857 sextus,
1542 5786 1677 5855 πρὸς
1711 5786 1768 5839 τδ
1804 5789 2006 5857 μεῖζον.

437 5849 635 5904 Ibidem
667 5846 800 5915 Reg.
846 5851 1034 5906 leuius
1067 5847 1447 5924 αὐξανόμενον.
1512 5846 1707 5912 Statim
1756 5846 1996 5929 quinque
2056 5897 2060 5902 -

2121 5805 2248 5844 mss.
2286 5787 2421 5859 πρὸς

2125 5717 2139 5741 ,
2183 5693 2290 5745 seq.
2328 5671 2505 5726 LXX.

2457 5788 2514 5840 τὸ
2550 5787 2790 5842 ἔλαττον.

2169 5859 2296 5929 ’(51)
2329 5855 2482 5916 Coll).
2509 5861 2716 5929 primus
2746 5855 3135 5928 πρεσϐύτερος.
