4008 6402
252 396 358 452 589

1364 387 1649 444 HOMILIA
1692 387 1756 441 IN
1798 385 2127 442 PSALMUM
2169 374 2355 434 XLIV.

3396 391 3501 444 590

323 510 378 565 2.
419 509 616 579 Διόπερ
647 506 789 557 δοκεῖ
832 504 920 574 μοί
948 521 1031 567 τις
1064 504 1171 556 τῶν
1200 506 1551 576 ἑρμηνευτων
1592 506 1704 577 (52)
1734 524 1829 559 κα-

2006 502 2061 557 2.
2104 501 2283 567 Quare
2320 500 2533 554 videtur
2572 500 2701 554 mihi
2747 502 2963 571 quidam
2995 503 3258 572 interpres
3283 503 3418 557 belle
3448 513 3499 558 et

250 604 361 666 λῶς
404 602 497 653 καὶ
540 595 843 658 εὖθ’-ἀϐόλοις
890 595 988 666 τὴν
1034 596 1205 667 αὐτὴν
1240 596 1478 650 διάνοιαν
1522 598 1588 650 δι’
1639 597 1832 669 ἑτέρας

251 688 622 765 προσηγορίας
656 687 1008 740 ἑκδεδωκὲναι
1029 729 1043 751 ,
1072 690 1190 743 ἀντὶ
1216 688 1332 753 τοῦ,
1373 690 1552 759 ’Υπὲρ
1582 690 1701 744 τῶν
1725 692 1835 744 ἀλ-

250 779 776 847 λοιωθησομένων,
811 779 977 832 εἰπὼν
1010 782 1188 844 αὐτὸς,
1236 781 1415 849 ’Υπὲρ
1442 781 1559 834 τῶν
1590 783 1828 849 κρίνων.

252 876 328 927 Τὸ
359 874 645 944 ὠκύμορον
676 872 782 923 τῶν
810 872 1015 925 ἀνθέων
1046 874 1157 941 (55)
1189 873 1334 939 ἄξιον
1365 874 1581 943 ἐνόμισε
1616 874 1833 944 συγκρί-

250 966 532 1036 νεσθαιτῷ
568 968 815 1036 ἑπικήρῳ
834 968 932 1036 τῆς
962 966 1309 1037 ἀνθρωπίνης
1343 967 1577 1035 φύσεως.
1615 965 1832 1035 Ἐπειδὴ

249 1057 307 1109 δὲ
338 1058 416 1119 εἰς
444 1056 533 1108 τὸν
566 1055 826 1126 μέλλοντα
855 1056 1043 1126 χρόνον
1073 1056 1387 1124 ἐγκέκλιται
1416 1060 1447 1127 ἡ
1484 1056 1635 1126 φωνὴ
1669 1055 1833 1127 (εἴρη-

248 1164 341 1200 ται
372 1148 481 1219 γὰρ
526 1146 705 1213 ’Υπὲρ
734 1145 851 1199 τῶν
880 1147 1471 1217 ἀλλοιωθησομένων,
1496 1148 1569 1212 ὡς
1605 1148 1832 1218 ὕστερόν

251 1258 384 1294 ποτε
414 1241 511 1310 τῆς
545 1236 881 1302 ἀλλοιώσεως
922 1239 1124 1310 ταύτης
1170 1240 1604 1311 ἁναφαινομένης
1638 1241 1767 1311 ἡμῖν
1790 1241 1829 1312 ),

251 1329 677 1400 ἐπισκεψώμεθα
702 1336 909 1401 μήποτε
932 1329 1021 1383 τδν
1043 1331 1142 1399 τῆς
1166 1332 1509 1395 ἀναστάσεως
1536 1333 1667 1401 ἡμῖν
1696 1348 1833 1400 παρ-

252 1424 558 1476 αινίσσεται
604 1421 782 1489 λόγον,
825 1423 881 1473 ἑν
976 1423 1008 1492 ἡ
1040 1422 1325 1486 ἀλλοίωσις
1353 1425 1486 1494 ἡμῖν
1510 1423 1794 1495 δοθήσεται
1814 1442 1829 1457 ’

251 1518 539 1578 ἀλλοίωσις
559 1515 616 1568 δὲ
643 1515 737 1567 ἐπὶ
765 1516 825 1567 τὸ
858 1514 1063 1584 βέλτιον
1103 1517 1197 1569 κα)⁵
1226 1518 1613 1588 πνευματικόν.
1661 1519 1832 1571 Σπεί-

243 1626 416 1678 ρεται
447 1609 576 1676 γὰρ,
622 1606 806 1677 φησὶν,
844 1607 913 1659 ἐν
940 1606 1149 1676 φθορᾷ,
1189 1609 1473 1676 ἐγείρεται
1501 1610 1569 1663 ἐν
1612 1611 1832 1678 ἀφθαρο

254 1703 383 1769 σίᾳ.
426 1700 586 1769 Ὁρᾷς
616 1698 713 1771 τὴν
742 1699 1060 1764 ἀλλοίωσιν;
1096 1701 1403 1769 Σπείρεται
1434 1702 1502 1754 ἐν
1528 1702 1827 1768 ἀσθενείᾳ,

253 1795 539 1862 ἐγείρεται
574 1793 645 1845 ἐν
684 1792 954 1861 δυνάμει.
990 1794 1299 1861 Σπείρεται
1343 1793 1513 1862 σῶμα
1546 1796 1826 1864 ψυχικὸν,

252 1889 539 1956 ἐγείρεται
568 1886 741 1955 σῶμα
773 1890 1207 1954 πνευματικόν⁴⁶
1255 1888 1341 1939 ὅτε
1390 1887 1485 1938 καὶ
1527 1887 1673 1938 πᾶσα
1702 1887 1832 1955 ἡμῖν

256 1982 291 2051 ἡ
345 1977 623 2050 σωματικὴ
664 1978 842 2041 κτίσις
882 1978 1304 2035 συναλλοιοῦται.
1348 1979 1458 2032 Καὶ
1499 1978 1609 2048 γὰρ
1646 1979 1740 2030 καὶ
1767 1980 1832 2030 Οἱ

254 2073 498 2141 οὐρανοί
539 2071 619 2137 ὠς
667 2071 899 2140 ἱμάτιον
951 2071 1495 2136 παλαιωθήσονται.
1548 2069 1645 2124 καὶ
1690 2068 1833 2121 ὡσεὶ

258 2166 635 2232 περιϐόλαιον
666 2164 918 2227 ἀλλάξει
948 2164 1057 2233 (34)
1085 2164 1305 2237 αὐτοὺς
1340 2168 1371 2217 ό
1399 2164 1563 2228 Θεὸς,
1602 2162 1696 2215 καὶ
1726 2162 1833 2215 ἀλο

256 2256 645 2326 λαγήσονται.
696 2257 827 2309 Τότε
872 2258 964 2309 καὶ
1010 2258 1039 2308 ὁ
1077 2257 1226 2326 ἣλιος
1254 2255 1406 2308 ἔσται
1448 2254 1832 2308 ὲπταπλασίων

256 2350 476 2413 ἑαυτοῦ,
510 2348 651 2403 κατὰ
680 2348 770 2401 τὸν
807 2349 1056 2411 Ἡσαΐαν,
1084 2349 1176 2402 καί
1204 2351 1237 2419 ἡ
1270 2349 1463 2417 σελήνη
1490 2345 1631 2399 κατὰ
1656 2346 1715 2399 τὸ
1739 2345 1832 2398 νῦν

258 2444 502 2513 ὑπάρχον
547 2439 774 2510 μέγεθος
800 2440 891 2492 τοῦ
921 2440 1093 2511 ἡλίου.
1136 2439 1351 2509 Ἐπειδὴ
1381 2438 1435 2491 δὲ
1470 2439 1529 2490 οὐ
1575 2438 1710 2489 πᾶσι
1737 2435 1829 2502 γέ-

253 2551 497 2607 γραπται
530 2534 599 2586 τὰ
641 2533 796 2601 λόγια
823 2532 914 2586 τοῦ
954 2532 1087 2585 Θεοῦ
1110 2574 1124 2595 ,
1156 2532 1293 2585 ἀλλὰ
1320 2535 1431 2594 τοῖς
1463 2530 1675 2600 ἔχουσιν
1718 2523 1831 2581 ὦτα

254 2627 397 2680 κατὰ
434 2626 524 2678 τὸν
573 2625 682 2677 ἔσω
727 2624 1031 2696 ἄνθρωπον,
1089 2625 1216 2689 Τοῖς
1252 2622 1832 2690 ἁλλοιωθησομένοις

253 2715 586 2785 ἐπέγραψεν·
614 2714 688 2777 ὡς
709 2710 1007 2783 οἷμαι,τοῖς
1030 2714 1234 2765 ἑαυτῶν
1253 2712 1670 2783 ἐπιμελομένοις
1697 2712 1829 2782 (55),

256 2805 353 2857 καὶ
380 2804 465 2856 ἀεὶ
489 2802 575 2856 διὰ
604 2803 713 2856 τῶν
736 2804 1054 2873 γυμνασίων
1076 2803 1175 2871 τῆς
1198 2801 1478 2866 εὐσεϐείας
1504 2802 1596 2854 ἑπὶ
1622 2802 1681 2854 τὸ
1711 2804 1829 2871 μεῖν

256 2896 350 2961 ζον
376 2896 793 2967 προκόπτουσιν.
813 2895 958 2965 Αὕτη
979 2895 1084 2965 γάρ
1100 2896 1295 2965 ἑστινὴ
1324 2895 1582 2965 καλλίστη
1614 2894 1834 2947 ἀλλοίω-

256 3005 364 3051 σις,
410 2989 475 3057 ῆν
525 2990 557 3058 ἡ
609 2986 759 3051 δεξιὰ
802 2985 1086 3057 χαρίζεται
1136 2987 1229 3039 τοῦ
1281 2986 1570 3055 ’Υψίστουο
1626 2980 1694 3057 ἦς
1738 2986 1834 3038 καὶ

254 3081 284 3132 ὁ
323 3078 588 3150 μακάριος
631 3079 795 3131 Δαϐὶδ
842 3078 1127 3149 ἑπῄσθετο,
1174 3080 1297 3142 ὅτε,
1347 3078 1680 3148 γευσάμενος
1726 3078 1833 3130 τῶν

256 3171 439 3225 καλῶν
483 3172 579 3241 τῆς
608 3172 839 3242 ἀρετῆς,
885 3175 993 3235 τοῖς
1040 3172 1345 3243 ἔμπροσθεν
1395 3172 1720 3238 ἑπεξὲτεινε.
1769 3171 1832 3224 Τί

254 3267 367 3337 γάρ
400 3283 565 3336 φησι;
615 3268 725 3320 Καὶ
751 3264 889 3319 εἶπα
909 3286 920 3297 ·
966 3268 1095 3322 Νῦν
1120 3267 1427 3337 ἠρξάμην·
1464 3268 1617 3335 αὕτη
1648 3266 1685 3334 ἢ
1722 3268 1831 3320 άλ-

252 3358 501 3422 λοίωσις
531 3356 642 3425 τῆς
676 3357 876 3423 δεξιᾶς
906 3358 1010 3411 τοῦ
1053 3359 1353 3426 Ὑψίστου.
1390 3359 1551 3411 Ὥστε
1581 3360 1609 3411 ὁ
1638 3357 1835 3429 προκό-

256 3458 409 3493 πτων
444 3443 523 3504 εἰς
552 3441 750 3513 ἀρετὴν
777 3443 877 3495 οὐκ
923 3442 1068 3495 ἔστιν
1099 3444 1185 3495 ὅτε
1215 3445 1312 3496 οὐκ
1350 3443 1675 3496 ἀλλοιοῦται.
1705 3444 1836 3495 Ὅτε

254 3534 364 3601 γὰρ
387 3531 570 3600 ἤμην,
595 3533 749 3603 φησὶ,
768 3533 1003 3600 νήπιος,
1026 3535 1291 3589 ἐλάλουν
1309 3536 1387 3601 ὠς
1413 3535 1650 3604 νήπιος,
1673 3536 1840 3604 ἐφρό-

254 3640 407 3676 νουν
442 3622 522 3687 ὼς
553 3622 788 3688 νήπιος,
818 3622 1164 3693 ἐλογιζόμην
1188 3625 1268 3689 ὼς
1310 3624 1546 3691 νήπιος.
1598 3625 1734 3678 Ὅτε
1771 3626 1839 3677 δὲ

253 3714 471 3784 γέγονα
492 3714 666 3783 ἀνὴρ,
693 3716 1033 3785 κατήργηκα
1052 3717 1122 3770 τὰ
1147 3716 1252 3769 τοῦ
1274 3718 1514 3785 νηπίου.
1538 3716 1647 3770 Καὶ
1668 3717 1832 3770 πάλιν

253 3806 544 3876 γενόμενος
574 3807 731 3879 ἀνὴρ,
770 3810 867 3878 οὐχ
899 3810 1081 3862 ἵστατο
1109 3808 1215 3879 (56)
1242 3812 1342 3880 τῆς
1369 3810 1668 3881 ἐνεργείας,
1697 3811 1833 3864 ἀλλὰ

259 3898 384 3952 Τῶν
422 3900 671 3954 ὄπισθεν
706 3902 1250 3971 ἐπιλανθανόμενος
1273 3942 1287 3965 ,
1328 3903 1424 3956 καί
1462 3904 1585 3961 τοῖς
1617 3905 1832 3973 ἔμπρο-

253 3994 407 4045 σθεν
458 3992 969 4063 ἐπεκτεινόμενος,
1005 3996 1152 4049 κατὰ
1185 3996 1419 4049 σκοπὸν
1467 3997 1688 4050 ἐδίωκεν
1733 4000 1830 4051 ἐπὶ

254 4081 323 4135 τὸ
348 4082 633 4151 ,ϐραϐεῖον
655 4084 762 4152 τῆς
787 4086 906 4139 ἅνω
935 4087 1226 4155 κλήσεως.
1273 4088 1577 4152 Ἀλλοίωσις
1602 4085 1693 4143 οὖν
1718 4091 1831 4143 ἐστι

253 4173 350 4225 τοῦ
381 4173 485 4226 ἔσω
510 4174 796 4245 ἀνθρώπου
828 4177 1285 4247 ἁνακαινουμένου
1308 4178 1490 4250 ἡμέρᾳ
1514 4180 1608 4233 καὶ
1626 4180 1829 4252 ἡμέρᾳ.

266 4265 420 4317 Ἐπεὶ
439 4261 531 4318 οὖν
562 4266 923 4335 ἀπαγγέλλειν
949 4271 1081 4340 ἡμῖν
1115 4270 1293 4339 μέλλει
1322 4271 1390 4323 τὰ
1415 4273 1543 4342 περ).
1572 4273 1665 4325 τοῦ
1699 4276 1835 4341 ἁγα-

256 4356 451 4427 πητοῦ,
476 4357 535 4420 ὃς
563 4358 661 4429 τὴν
691 4361 998 4431 οἰκονομίαν
1030 4363 1127 4433 τῆς
1155 4362 1481 4433 σαρκώσεως
1507 4364 1646 4434 ὑπὲρ
1679 4365 1833 4435 ἡμῶν

256 4448 561 4515 ἀνεδέξατο,
606 4450 746 4523 ὑπὲρ
774 4454 883 4506 τῶν
912 4454 1081 4520 ἀξίων
1106 4455 1204 4526 τῆς
1244 4455 1461 4526 χάριτος
1500 4455 1703 4529 ταύτης
1736 4458 1834 4526 τὴν

329 4586 373 4617 ’⁷
414 4585 580 4643 lCor.
612 4603 705 4647 xv,
732 4588 822 4641 42.
921 4588 963 4619 ¹⁸
1004 4590 1131 4643 ibid.
1160 4590 1252 4652 45,
1282 4590 1371 4644 44.

258 4670 377 4721 χιιι,
434 4658 521 4712 ll.
598 4659 644 4689 ²³
676 4658 907 4729 Philipp.
946 4673 1025 4723 ιιι,
1055 4661 1258 4725 15,14.
1335 4661 1443 4716 “ll
1478 4660 1599 4716 Cor.
1629 4679 1701 4728 tv,
1737 4664 1823 4717 l6.

1450 4592 1491 4623 ¹⁹
1533 4592 1672 4645 Psal.
1722 4590 1910 4653 cr,‘27.

1934 593 2179 663 apposite
2217 592 2460 647 eamdem
2510 593 2831 646 sententiam
2876 593 2995 647 aliis
3046 598 3226 650 verbis
3276 612 3498 665 expres-

1934 686 2104 749 sisse,
2143 686 2266 737 dttm
2320 685 2437 739 loco
2485 684 2590 738 Pro
2621 686 2684 738 iis
2712 688 2799 755 qui
2827 688 3241 741 immutabuntur
3272 705 3289 742 :
3331 693 3454 743 dicit
3485 731 3498 753 ,

1936 775 2042 829 Pro
2075 777 2222 829 (iliis.
2263 775 2477 830 Florem
2531 777 2776 831 videlicet
2808 780 2915 833 cito
2960 791 3383 836 marcescentem
3417 785 3498 834 di-

1933 883 2094 935 gnum
2136 871 2364 938 putavit,
2399 869 2488 936 qui
2524 876 2731 921 natura:
2766 870 3013 923 humanm
3050 870 3324 940 fragilitati
3356 888 3500 927 com—

1933 969 2234 1028 pararetur.
2288 959 2555 1023 Quouiatu
2609 971 2784 1013 autem
2833 961 2946 1015 lucc
2990 978 3091 1016 vox
3143 964 3208 1015 ad
3263 963 3501 1017 futurum

1936 1060 2147 1117 tempus
2201 1049 2497 1104 inﬂectitur
2537 1051 2781 1119 (dictum
2822 1061 2905 1105 est
2953 1053 3096 1106 enim
3140 1051 3247 1107 Pro
3286 1056 3367 1108 his
3414 1058 3503 1125 qui

1934 1140 2373 1204 immutabuntur,
2450 1150 2704 1209 tanquam
2772 1142 2824 1195 in
2887 1154 3157 1210 posterum
3214 1145 3504 1214 aliquando

1936 1230 2162 1285 mutatio
2201 1232 2385 1286 istluec
2420 1233 2578 1287 nobis
2615 1234 2938 1288 declaranda
2979 1237 3091 1304 sit)
3134 1255 3145 1289 :
3190 1240 3501 1293 considere-

1934 1337 2053 1375 mus
2084 1338 2209 1374 num
2242 1324 2656 1378 resurrectionis
2682 1325 2983 1378 doctrinam
3014 1327 3168 1380 nobis
3201 1327 3417 1389 iudicet,
3451 1331 3501 1380 in

1932 1428 2037 1481 qua
2086 1414 2310 1468 mutatio
2360 1415 2518 1470 nobis
2566 1417 2816 1482 dabitur;
2866 1417 3169 1471 immutatio
3216 1429 3394 1473 autem
3450 1420 3502 1472 in

1933 1504 2131 1572 aliquid
2162 1506 2350 1560 melius
2383 1515 2545 1573 atque
2577 1507 2878 1577 spirituale.
2911 1508 3053 1562 Nam
3082 1510 3391 1573 seminatur,
3425 1512 3505 1564 in-

1933 1597 2048 1665 quit
2074 1598 2141 1659 ³⁷,
2181 1598 2235 1650 in
2252 1600 2600 1667 corruptione,
2636 1600 2865 1669 resurgit
2888 1600 2941 1653 in
2981 1601 3501 1664 incorruptibilitale.

1934 1685 2201 1756 Perspicis
2235 1689 2584 1742 mutationem
2606 1690 2630 1743 ?
2650 1688 2966 1758 ‘Seminatur
2987 1693 3041 1745 in
3066 1692 3395 1758 inﬁrmitate,
3426 1711 3505 1746 re-

1933 1778 2098 1847 surgit
2118 1779 2172 1831 in
2190 1780 2441 1845 potentia.
2462 1778 2770 1833 Seminatur
2793 1796 2979 1850 corpus
3004 1783 3252 1846 animale,
3279 1786 3505 1851 resurgit

1864 1871 1905 1925 Β
1934 1884 2122 1937 corpus
2172 1869 2446 1936 spirituale
2486 1869 2561 1935 ¹⁸;
2608 1884 2716 1939 quo
2764 1880 3003 1940 tempore
3042 1875 3203 1926 etiam
3246 1888 3503 1942 corporea

1935 1962 2116 2015 omnis
2162 1972 2411 2017 creatura
2449 1964 2728 2018 nobiscum
2772 1965 3166 2018 immutahitur.
3213 1965 3505 2021 Enimvero

1932 2053 2059 2108 Coeli
2091 2069 2307 2123 quoque
2354 2056 2486 2109 sicut
2524 2057 2884 2110 vestimentum
2920 2068 3256 2122 veterascent,
3293 2071 3338 2112 et
3372 2056 3502 2113 sicu‘

1930 2146 2249 2211 apertorium
2279 2148 2500 2201 mutabit
2524 2164 2610 2202 eos
2630 2147 2792 2215 Deus,
2817 2157 2861 2202 el
2891 2150 3236 2203 mutabuntur
3256 2150 3319 2205 ".
3354 2152 3506 2206 Tunc

1932 2246 1987 2290 et
2016 2238 2093 2290 sol
2117 2238 2360 2307 septuplo
2384 2240 2555 2305 major
2580 2255 2639 2294 se
2663 2240 2777 2310 ipso
2801 2241 2926 2305 erit,
2950 2243 3244 2296 secundum
3279 2243 3501 2309 Isaiam;

1931 2340 1983 2383 et
2014 2331 2116 2384 erit
2146 2330 2285 2386 luna:
2310 2334 2643 2403 magnitudo,
2675 2350 2791 2405 qua:
2814 2350 2954 2389 nunc
2982 2335 3109 2389 solis
3134 2336 3201 2388 ὀ.
3234 2336 3499 2401 Quoniam

1934 2430 2110 2476 autem
2148 2439 2252 2477 non
2294 2427 2547 2480 omnibus
2583 2425 2793 2496 eloquia
2841 2427 2937 2481 Dei
2975 2429 3173 2495 scripta
3214 2441 3371 2491 sunt,
3412 2432 3506 2483 sed

1935 2514 2261 2570 habentibus
2308 2531 2470 2571 aures
2519 2518 2813 2571 secundum
2847 2520 3157 2573 interiorem
3208 2519 3503 2583 hominem,

1936 2606 2339 2675 inscriptionem
2369 2609 2570 2677 posuit,
2602 2607 2709 2663 l‘ro
2741 2611 2805 2662 iis
2835 2611 2924 2678 qui
2947 2611 3393 2677 immutabuntur;
3427 2615 3506 2665 ni-

1935 2697 2156 2762 mirum,
2195 2708 2251 2751 ut
2290 2699 2549 2764 arbitror,
2581 2716 2677 2768 pro
2716 2700 2782 2753 iis
2809 2700 2898 2770 qui
2932 2702 3011 2754 sui
3051 2701 3292 2768 ipsorqu
3321 2718 3505 2755 curam

1933 2800 2147 2859 gerunt,
2194 2792 2394 2861 quique
2430 2806 2523 2861 per
2551 2792 2807 2847 exercitia
2857 2793 3073 2861 pietatis
3098 2808 3310 2861 semper
3336 2798 3507 2864 magis

1935 2897 1998 2936 ac
2033 2881 2203 2949 magis
2236 2883 2548 2951 proficiunt.
2579 2881 2703 2935 Haec
2735 2892 2815 2937 est
2844 2886 2985 2938 enim
3021 2887 3219 2953 optima
3255 2887 3507 2939 immutu-

1937 2974 2033 3039 tio,
2061 2989 2220 3043 qnam
2257 2975 2483 3043 largitur
2520 2974 2785 3029 Altissitni
2823 2978 3080 3041 dextera;
3130 2992 3291 3045 quant
3340 2979 3505 3032 etiam

1937 3065 2131 3119 beatus
2160 3066 2323 3119 David
2363 3076 2617 3135 expertus
2651 3076 2731 3119 est
2762 3076 2894 3132 tum,
2920 3082 3041 3119 cum
3079 3068 3380 3133 degusuatis
3414 3068 3509 3122 bo-

1940 3158 2023 3212 nis
2069 3159 2318 3222 virtutis,
2351 3159 2416 3211 ad
2459 3160 2730 3213 anteriora
2773 3173 2831 3213 se
2878 3161 3139 3214 extendit.
3177 3161 3313 3226 Quid
3361 3164 3506 3216 enim

1936 3254 2042 3308 ait?
2075 3252 2143 3306 Et
2178 3254 2312 3319 dixi,
2348 3255 2503 3310 Nunc
2536 3254 2666 3321 σοι)ιί
2693 3266 2712 3305 :
2746 3258 2855 3307 Ita-c
2890 3255 3113 3308 mutatio
3145 3255 3378 3308 dextera:
3406 3256 3505 3306 Λι-

1936 3349 2122 3401 tissimt
2150 3348 2217 3402 ²¹.
2271 3348 2449 3415 Quare
2494 3349 2585 3417 qui
2631 3348 2683 3401 in
2724 3349 2924 3403 virtute
2974 3363 3288 3416 progressus
3341 3347 3504 3414 facit,

1938 3455 2212 3510 nunquam
2240 3456 2346 3494 non
2394 3440 2728 3494 immolatur.
2760 3439 2891 3493 Cum
2918 3440 3077 3503 enim,
3114 3440 3308 3508 inquit,
3340 3456 3505 3493 essent

1938 3532 2208 3600 parvulus,
2228 3531 2477 3601 loquebar
2496 3540 2552 3584 ut
2572 3532 2841 3599 parvulus,
2860 3533 3123 3600 sapiebam
3144 3544 3195 3584 ttt
3230 3532 3503 3601 parvulus,

1941 3622 2231 3692 cogitabam
2250 3630 2306 3674 ut
2324 3622 2593 3690 parvulus.
2623 3621 2847 3687 Quando
2878 3630 3052 3675 autem
3080 3622 3251 3687 (actus
3272 3639 3386 3675 sum
3406 3626 3505 3685 vir,

1937 3708 2181 3759 eracuavi
2220 3724 2336 3775 qua:
2381 3719 2530 3760 erant
2570 3710 2775 3774 parvuli
2805 3710 2871 3764 ".
2918 3709 2984 3763 Et
3019 3709 3213 3764 iterum
3255 3725 3379 3764 cum
3424 3713 3508 3763 vir

1938 3800 2110 3851 factus
2145 3808 2319 3859 esset,
2347 3798 2503 3852 finem
2541 3800 2730 3867 agendi
2764 3814 2866 3853 non
2896 3798 3021 3853 fecit
3044 3839 3060 3864 ,
3096 3802 3186 3853 sed
3217 3816 3278 3853 ea
3312 3799 3444 3864 Qua:
3473 3820 3506 3855 a

1935 3899 2079 3959 tergo
2111 3901 2229 3943 sunt
2266 3892 2565 3944 obliviscens
2588 3932 2601 3954 ,
2646 3902 2692 3944 et
2721 3892 2879 3962 160
2914 3892 2983 3944 ad
3019 3909 3078 3946 ea
3113 3909 3228 3962 quae
3259 3911 3291 3946 a
3332 3894 3507 3963 [route

1936 3991 2055 4035 sunt
2125 3983 2346 4050 enitens,
2403 3985 2567 4052 juxta
2615 3985 2946 4053 propositum
2996 3985 3378 4055 insequebatur
3435 3985 3504 4038 ad

1935 4073 2169 4127 brevium
2192 4090 2429 4143 superna:
2455 4075 2738 4127 vocationis
2765 4074 2831 4127 ”.
2868 4073 3171 4129 immutatio
3207 4076 3370 4145 igitur
3398 4087 3500 4137 est,

1932 4179 2052 4217 eum
2100 4165 2344 4218 internus
2394 4166 2554 4217 homo
2598 4166 2666 4217 de
2700 4164 2787 4217 die
2826 4165 2877 4217 iu
2918 4165 3056 4218 diem
3108 4178 3399 4218 renovatur
3430 4166 3501 4215 ⁷³.

1931 4256 2193 4321 Quoniam
2239 4271 2369 4310 vero
2403 4255 2673 4324 Propheta
2713 4257 3060 4309 nuntiaturus
3106 4257 3259 4311 nobis
3292 4266 3463 4310 estea
3484 4297 3499 4318 ,

1930 4362 2049 4415 qua:
2097 4357 2340 4417 spectant
2378 4349 2445 4401 ad
2480 4347 2755 4411 dilectum,
2796 4347 2885 4415 qui
2923 4349 3378 4413 dispensationem
3418 4349 3503 4399 in-

1932 4438 2264 4493 carnatiouis
2292 4453 2388 4508 pro
2411 4439 2567 4492 nobis
2590 4439 2849 4508 suscepit,
2884 4453 2982 4508 pro
3007 4440 3071 4492 iis
3099 4440 3189 4508 qui
3222 4440 3326 4494 isto
3351 4438 3502 4507 digni

2549 4594 2593 4625 ¹¹
2636 4591 2776 4647 Psal.
2828 4609 3013 4659 Lxxvt,
3074 4593 3159 4647 ll.
3236 4595 3280 4626 “
3321 4592 3340 4646 Ι
3375 4595 3501 4651 Cor.

1991 4596 2035 4626 ὀ
2064 4594 2162 4649 Isa.
2198 4610 2326 4659 xxx,
2380 4591 2473 4648 26.

330 4774 440 4845 (52)
501 4775 722 4831 Videtur
768 4777 1114 4848 scriptorﬂde
1165 4781 1458 4847 interprete
1512 4783 1702 4846 Aquila
1744 4784 1823 4834 lo-
1858 4787 1901 4841 ῐ)
1933 4783 2043 4836 lmo
2065 4793 2194 4832 vero
2233 4779 2500 4847 interpres
2527 4774 2852 4830 Theodoreti
2897 4786 3165 4848 putandus
3188 4787 3269 4833 est
3309 4780 3503 4848 legisse

256 4848 371 4922 qui,
395 4847 548 4922 cujus
580 4849 692 4922 btet:
728 4856 853 4922 su_u_t
903 4849 962 4922 in
984 4846 1239 4922 Hexaplis
1271 4864 1289 4900 :
1310 4846 1415 4920 Τῷ
1452 4852 1710 4922 νικοποιῷ
1732 4853 1825 4920 ἐπὶ

253 4914 371 4993 τοῖς
394 4915 736 4993 κρίνοιςςᾼτῶνΔ
755 4918 883 4969 υἱῶν
920 4918 1085 4993 Κορὲ,
1106 4914 1463 4993 ἐπιστήμονος
1492 4918 1642 4992 ᾆσμα
1662 4914 1827 4993 προσὀ

257 4985 482 5067 φιλίαςε
546 4985 743 5068 Victo-ri.
776 5004 930 5056 super
969 4985 1094 5041 liltis
1140 4985 1375 5056 [illorum
1412 4985 1579 5055 Coie,
1613 4985 1826 5047 sciéutis

255 5069 516 5111 canticum
547 5068 811 5110 anucmtr.

330 5128 442 5196 (55)
489 5128 639 5181 Colb.
691 5128 911 5194 quintus
959 5144 1078 5181 cum
1108 5128 1241 5196 Reg.
1280 5131 1437 5184 tertio
1462 5130 1656 5184 ἀνθῶν.
1695 5132 1815 5187 Mox

261 5198 413 5270 Regii
435 5200 625 5270 tertius
653 5209 708 5270 et
733 5208 919 5251 sextus
940 5198 1015 5260 ὡς
1038 5200 1117 5261 είς
1142 5199 1389 5270 ὕστερον.

330 5267 443 5336 (54)
462 5267 612 5336 Regii
633 5268 858 5334 primus,
878 5271 1096 5334 quintus
1112 5280 1165 5323 et
1193 5267 1377 5323 sextus
1399 5285 1518 5324 cum
1542 5273 1700 5325 editis
1723 5272 1815 5324 ἀλ-

258 5336 429 5401 λάξει,
453 5337 787 5408 ιιιιιιιιὺὶι.ίΑι
819 5338 1108 5391 Colbertini
1138 5341 1363 5406 primus,
1396 5342 1612 5408 quintus
1640 5352 1691 5394 el
1725 5358 1812 5397 se-

260 5410 459 5475 ptimus
498 5422 622 5460 cum
651 5407 772 5459 aliis
806 5408 974 5461 tribus
1008 5410 1185 5475 Regiis
1210 5410 1394 5473 ἑλίξει,
1415 5407 1601 5465 volvet.
1638 5412 1698 5465 Et
1740 5414 1811 5466 ita

259 5492 474 5547 quoque
500 5477 694 5548 legitur
724 5478 1047 5548 inﬁmargiue
1073 5479 1220 5548 Regii
1245 5482 1404 5533 sexti.
1446 5481 1596 5535 Coll).
1625 5492 1812 5536 sextus

260 5545 363 5619 una
390 5545 686 5619 eum_LXX
715 5545 1135 5612 ἑλίξειςξυοίυεε.
1157 5545 1554 5612 Ἦιεοάοτειιιδ,
1586 5553 1676 5619 qui
1705 5554 1818 5618 ipse

259 5614 632 5691 legitﬁltistc,
682 5619 865 5691 volves,
908 5620 1063 5670 docet
1105 5620 1486 5691 Symmachum
1536 5614 1818 5691 scripsi-sse

258 5687 527 5762 ρλλάξεις,
548 5688 795 5762 mutabis1
817 5688 1096 5762 Mouemttr
1120 5687 1170 5741 in
1208 5690 1477 5754 llexaplis,
1534 5687 1818 5762 legi-apud

260 5757 655 5811 'l'beodoretum
687 5757 899 5823 ἑλίξεις,
931 5759 1096 5809 volves
1117 5775 1134 5810 :
1163 5764 1255 5814 sed
1299 5762 1466 5814 videri
1497 5757 1614 5827 ejus
1652 5757 1821 5815 inter-

259 5836 467 5897 pretem
510 5827 633 5882 aliut
664 5827 852 5898 legisse
879 5827 1146 5895 ἀλλάξεις,
1191 5846 1309 5885 cum
1344 5841 1537 5897 vertat,
1572 5834 1816 5887 mutubis.

1935 4852 2151 4915 ἑλίξεις,
2182 4864 2300 4901 cum
2329 4858 2526 4909 vertat,
2570 4849 2759 4901 volves.
2794 4847 2908 4901 Non
2948 4847 3237 4902 diliitcmnr
3262 4854 3499 4916 quidem,

1934 4918 2256 4975 Theodoreti
2279 4919 2646 4986 interpretem,
2665 4933 2785 4970 cum
2808 4920 2965 4969 verba
2994 4918 3299 4986 Symmachi
3328 4932 3503 4973 verte-

1937 5003 2037 5051 ret,
2082 4990 2383 5056 st~ripsisse.
2438 4988 2660 5039 mutabis
2697 4988 2836 5041 :sed
2873 5002 2994 5040 cum
3024 4989 3136 5054 ipsa
3177 4988 3499 5045 Theodoreti

1934 5061 2096 5115 verba
2117 5059 2345 5111 reddidit
2363 5057 2572 5119 Latine,
2597 5073 2717 5110 eum
2742 5069 2865 5109 tunc
2884 5058 3052 5111 volves
3084 5060 3370 5126 scripsisse
3384 5062 3500 5127 piu-
3560 5094 3563 5097 -

1936 5148 2000 5184 ne
2024 5137 2255 5183 constat.
2286 5127 2424 5195 Lege
2444 5128 2836 5181 Theodoretutu
2864 5130 2915 5179 in
2944 5142 3083 5180 vers.
3115 5129 3183 5183 27
3208 5131 3396 5193 psalttt.
3426 5145 3498 5181 Cl.

1925 5201 2207 5255 Ascribatn
2237 5198 2448 5250 Eusebii
2489 5198 2678 5258 verba,
2705 5212 2825 5264 quae
2856 5200 2969 5250 haec
3005 5210 3133 5249 sunt
3170 5217 3182 5251 :
3212 5199 3319 5250 Καὶ
3358 5199 3488 5249 πάν-

1920 5288 2011 5331 τες
2036 5270 2112 5331 ὡς
2141 5267 2353 5337 ἱμάτιον
2372 5266 2860 5336 παλαιωθήσονται,
2886 5264 3127 5320 καὶὼσεὶ
3156 5283 3223 5319 πε
3234 5268 3502 5337 ριὸὀλαιον

1922 5342 2113 5407 ἑλίξεις
2147 5337 2362 5399 αὐτοὺς,
2426 5337 2521 5390 καὶ
2584 5337 2959 5408 ἑλιχθήσονται
2998 5357 3010 5391 :
3061 5338 3124 5390 Et
3157 5354 3331 5389 omnes
3364 5340 3499 5390 sicut

1920 5414 2279 5464 vestimentum
2308 5416 2644 5470 veterascent,
2674 5419 2719 5460 et
2755 5409 2888 5461 velut
2912 5410 3160 5460 amictum
3190 5408 3359 5460 volves
3388 5425 3499 5471 eos,

1919 5493 1965 5534 et
1990 5481 2272 5532 volvantur.

1989 5550 2101 5619 (55)
2130 5550 2201 5602 lta
2231 5562 2358 5619 mss.
2390 5548 2457 5619 At
2487 5548 2615 5602 editi
2636 5547 3124 5619 éntttalouttévog.
3145 5546 3342 5619 Ibidem
3361 5547 3495 5608 Reg.

1923 5616 2111 5672 tertius
2148 5619 2238 5670 καὶ
2270 5618 2355 5669 ἀεὶ
2397 5617 2483 5669 διὰ
2517 5619 2626 5670 τῶν
2666 5616 2905 5688 γνησίων
2944 5618 3043 5683 τῆς
3078 5616 3379 5682 εὐσεϐείας,
3412 5634 3503 5685 per

1925 5706 2094 5741 veram
2125 5691 2388 5754 pietatem,
2418 5703 2535 5750 seu,
2585 5706 2677 5754 per
2703 5705 2819 5741 vera
2864 5690 3070 5746 pietatis
3106 5703 3282 5750 opera.
3312 5690 3500 5745 Lectio

1926 5761 2029 5812 alia
2062 5758 2376 5825 γυμνασίων
2408 5762 2647 5825 apposita
2680 5770 2761 5811 est
2789 5761 2853 5810 ad
2890 5759 3207 5822 marginem.

2002 5776 2029 5810 a
2062 5776 2126 5825 γυ
2176 5776 2376 5809 νασιων
2408 5776 2647 5825 :Ipposttu
2680 5776 2761 5811 eat
2789 5776 2853 5810 att
2890 5776 3049 5822 tuargt

1999 5829 2110 5897 (56)
2136 5776 2264 5898 βίος.
2299 5828 2489 5881 tertius
2514 5828 2707 5899 ᾔσθετο
2738 5843 2832 5897 pro
2851 5829 3049 5880 ἵστατο.
