4008 6402
285 385 395 440 593

1402 380 1689 436 HOMILIA
1730 382 1794 438 IN
1835 384 2169 443 PSALMUM
2218 378 2405 438 XLIV.

3435 377 3541 436 594

285 500 536 569 λέγεσθαι
564 498 735 554 ταῦτα
773 500 898 571 περὶ
931 497 1024 553 τοῦ
1059 500 1116 551 ὲν
1150 498 1293 570 ἀρχῇ
1325 495 1476 561 ὄντος
1520 497 1657 568 πρὸς
1702 496 1864 550 αὑτὸν

1967 514 2098 553 sona
2126 498 2306 555 Patris
2341 500 2407 555 de
2450 497 2631 554 Verbo
2675 497 2814 568 apud
2846 497 3018 568 ipsum
3058 496 3111 550 in
3147 494 3413 567 principio
3444 508 3541 546 ex-

287 596 481 663 Λόγου,
527 592 584 644 ὃν
624 592 689 645 ἐκ
734 590 835 662 τῆς
886 592 1048 646 οἱονεὶ
1105 590 1333 662 καρδίας
1385 589 1482 643 καὶ
1524 588 1705 642 αὐτῶν
1755 587 1863 642 τῶν

284 684 628 752 σπλάγχνων,
672 682 826 751 φασὶ,
871 683 1157 754 προήγαγε
1185 680 1296 753 (62)
1320 699 1333 712 ·
1374 682 1469 735 καὶ
1505 681 1615 735 ἀπὸ
1652 679 1865 752 ἀγαθῆς

281 776 509 848 καρδίας
529 774 732 843 ἀγαθὸς
760 776 917 844 λόγος
946 776 1242 847 προῆλθενο
1278 775 1402 847 ἐμοὶ
1438 775 1493 828 δὲ
1518 776 1666 828 δοκεῖ
1692 773 1865 827 ταῦτα

280 870 376 923 ἐπὶ
416 868 477 922 τὺ
513 868 849 940 προφητικὸν
885 868 1251 940 ἀναφέρεσθαι
1295 867 1605 938 πρόσωπον.
1638 867 1719 921 Τὰ
1755 866 1865 938 γὰρ

278 961 477 1032 ἑφεξῆς
509 959 605 1013 τοῦ
638 961 801 1033 ῥητοῦ
831 960 1013 1014 οὐκέτι
1038 961 1238 1031 ὁμοίως
1272 959 1578 1030 ἐξομαλίζει
1607 962 1739 1031 ἡμῖν
1766 960 1865 1029 τὴν

229 1085 236 1091 .
278 1056 410 1127 περὶ
448 1053 538 1108 τοῦ
587 1054 798 1126 [ἰατρὸς
832 1053 1111 1125 ἐξήγησιν.
1164 1052 1300 1106 Οὔτε
1335 1053 1444 1124 γὰρ
1488 1052 1554 1106 ἂν
1594 1053 1724 1125 περὶ
1763 1052 1865 1122 τῆς

278 1148 475 1202 ἑαυτοῦ
504 1146 754 1219 γλώσσης
780 1148 808 1199 6
837 1147 1025 1218 Πατὴρ
1052 1144 1225 1211 εἶπεν,
1252 1147 1335 1201 ὅτι
1363 1147 1473 1217 (65)
1513 1148 1585 1202 Ἡ
1615 1146 1866 1219 γλῶσσά

271 1255 393 1307 μου
448 1235 719 1306 κάλαμος
772 1236 1154 1305 γραμματέως
1218 1236 1584 1306 ὀξυγράερου.
1638 1238 1867 1305 Ὠραῖος

278 1330 491 1384 κάλλει
529 1328 688 1398 παρὰ
725 1329 865 1394 τοὺς
908 1328 1076 1396 υἱοὺς
1113 1330 1232 1383 τῶν
1263 1329 1608 1398 ἀνθρώπων.
1654 1334 1727 1384 υύ
1758 1332 1865 1402 γὰρ

277 1426 345 1476 ἐκ
365 1422 463 1493 τῆς
483 1422 621 1493 πρὸς
639 1423 765 1486 τοὺς
786 1422 1103 1494 ἀνθρώπους
1122 1424 1457 1495 συγκρίσεως
1479 1424 1576 1495 τὴν
1593 1425 1865 1499 ὑπεροχὴν

277 1513 373 1568 τοῦ
397 1514 625 1580 κάλλους
647 1515 778 1584 ἔχει.
800 1514 909 1568 Καὶ
927 1516 1132 1586 προϊών
1154 1533 1287 1584 φησι
1307 1531 1321 1545 ·
1344 1514 1445 1568 Διὰ
1463 1516 1639 1571 τοῦτο
1659 1516 1867 1585 ἕχρισέ

277 1622 354 1660 σε
381 1609 415 1661 ὁ
439 1605 603 1670 Θεὸς.
636 1609 668 1660 ό
702 1608 848 1672 Θεός
886 1623 1025 1671 σου,
1074 1607 1284 1661 ἔλαιον
1315 1607 1749 1677 ἀγαλλιάσεως.
1788 1610 1863 1663 Οὐ

278 1699 389 1771 γὰρ
423 1695 574 1754 εἶπεν
594 1717 608 1731 ·
644 1702 880 1771 Ἐχρισέι
906 1718 963 1754 σε
992 1703 1103 1771 ἐγὼ
1133 1705 1160 1756 6
1184 1701 1484 1767 Θεὸς,ἀλλ’,
1508 1703 1749 1773 Ἕχρισέ
1768 1720 1861 1758 σε’

278 1792 420 1845 ὥστε
461 1795 525 1847 ὲκ
560 1792 749 1847 τούτου
788 1794 1157 1867 παρίστασθαι
1199 1795 1389 1867 ἓτερον
1426 1794 1564 1849 εἶναι
1599 1795 1661 1848 τὸ
1692 1794 1869 1849 διαλε-

1964 594 2193 649 sisteute
2227 594 2330 648 dici
2359 611 2377 650 :
2407 594 2572 664 quod,
2595 593 2869 663 inquiunt,
2896 590 3045 644 velut
3079 604 3145 643 ex
3189 591 3351 643 corde
3390 595 3444 643 et
3474 598 3542 639 ex

1967 684 2102 753 ipsis
2152 685 2454 740 visceribus
2511 683 2793 754 produxit;
2849 690 3012 750 atque
3068 695 3132 735 ex
3182 680 3323 734 bono
3381 680 3544 734 curde

1968 776 2167 829 homun
2195 776 2415 830 verbum
2442 774 2660 845 prodiit.
2688 773 2814 828 Mihi
2837 787 2965 827 vero
2983 772 3231 827 videntur
3252 769 3365 823 hzec
3384 769 3537 840 16],

1967 868 2033 920 ad
2082 865 2367 934 Prophetae
2415 881 2700 936 personam
2745 863 3025 919 referenda
3077 875 3218 916 esse.
3256 859 3387 912 Nam
3422 875 3542 928 qua:

1969 961 2109 1013 hanc
2139 960 2395 1028 deinceps
2442 959 2764 1013 sententiam
2810 964 3132 1027 sequuntur,
3172 968 3277 1007 non
3314 951 3543 1021 amplius

1966 1069 2119 1119 aeque
2154 1053 2369 1123 planam
2401 1053 2661 1107 exhibent
2682 1051 2839 1106 nobis
2870 1052 2936 1104 de
2964 1047 3125 1103 Patre
3151 1047 3540 1103 narrationem.

1967 1144 2154 1215 Neque
2187 1146 2330 1199 etiim
2368 1147 2433 1200 de
2481 1159 2577 1199 sua
2630 1144 2800 1213 ipsius
2849 1142 3030 1212 lingua
3078 1139 3239 1195 Pater
3288 1138 3540 1193 dixerit:

1970 1238 2173 1307 Lingua
2232 1253 2350 1291 mea
2412 1236 2648 1290 calamus
2707 1234 2894 1289 scriba:
2938 1233 3180 1287 velociter
3243 1230 3539 1285 scribentis.

1968 1329 2135 1384 VERS.
2165 1329 2218 1382 5.
2248 1327 2524 1395 Speciosus
2574 1326 2748 1396 {arma
2781 1343 2890 1393 pra:
2935 1326 3063 1393 filiis
3092 1325 3383 1379 hominum.
3424 1319 3541 1376 Non

1965 1425 2107 1478 enim
2152 1419 2569 1490 pulchritudinis
2604 1418 2968 1488 praestantiam
3013 1434 3077 1472 ex
3116 1416 3354 1471 humana
3404 1428 3545 1469 com-

1969 1513 2248 1584 paratione
2271 1520 2570 1564 mutuatur.
2598 1508 2663 1563 Et
2694 1522 3013 1580 progressus
3042 1508 3119 1561 ait
3151 1507 3192 1538 ³¹
3221 1527 3233 1561 :
3260 1503 3543 1574 Propterea

1968 1603 2121 1657 unxit
2156 1612 2203 1655 te
2235 1600 2373 1653 Deus
2401 1640 2417 1667 ,
2451 1599 2595 1653 Deus
2636 1608 2756 1652 tuus
2782 1639 2798 1665 ,
2830 1598 2945 1651 oleo
2982 1596 3203 1651 lwtitiw.
3233 1592 3351 1649 Non
3398 1592 3541 1649 enim

1967 1693 2126 1757 dixit,
2158 1692 2298 1749 Unxi
2336 1701 2387 1745 te
2412 1706 2513 1761 ego
2548 1691 2720 1757 Deus,
2751 1690 2880 1756 sed,
2914 1687 3078 1743 Unxit
3109 1700 3155 1743 te
3196 1687 3372 1753 Deus;
3410 1685 3545 1741 adeo

1968 1797 2027 1842 ut
2055 1802 2123 1842 ex
2153 1788 2257 1841 hoc
2284 1794 2497 1841 constet
2525 1784 2686 1839 aliam
2718 1799 2840 1839 esse
2880 1783 3190 1854 loquentem
3229 1795 3540 1852 personam.

280 1890 511 1960 γόμενον
556 1888 867 1960 πρόσωπον.
916 1890 1073 1942 Ποῖον
1114 1884 1208 1943 οὖν
1242 1891 1359 1943 ὲστι
1389 1888 1547 1942 τοῦτο
1584 1888 1615 1959 ἦ
1656 1888 1685 1940 6
1720 1888 1864 1959 Προ-

1968 1880 2097 1947 Qum
2124 1879 2289 1950 igitur
2318 1879 2431 1933 haec
2461 1890 2563 1943 est,
2595 1877 2694 1932 nisi
2726 1876 2994 1946 Propheta
3021 1875 3156 1945 ipse,
3182 1873 3271 1943 qui
3307 1872 3542 1926 aillatum

280 1984 462 2054 φήτης
488 1985 516 2037 6
543 1984 798 2053 χωρήσας
825 1983 923 2056 τὴν
950 1981 1042 2036 τοῦ
1069 1982 1227 2050 ἁγίου
1252 1982 1568 2053 Πνεύματος
1598 1982 1677 2045 είς
1704 1981 1865 2034 αὐτὸν

278 2076 580 2147 γενομένην
598 2075 912 2147 ὲνέργειαν;
943 2075 1359 2143 Ἕξηρεύξατο,
1380 2075 1565 2148 φησὶν,
1589 2076 1627 2142 ἠ
1655 2073 1867 2143 καρδία

271 2188 395 2241 μου
419 2171 607 2239 λόγον
630 2171 875 2240 ἀγαθόν.
908 2171 1125 2243 Ἐπειδὴ
1146 2172 1255 2244 γὰρ
1282 2174 1316 2243 ἡ
1351 2172 1520 2243 ὲρυγή
1552 2172 1667 2225 ἐστι
1703 2170 1868 2225 πνεῦ-

280 2278 359 2331 μα
390 2262 623 2334 κρύφιον
651 2262 792 2317 κατά
824 2264 922 2336 τὴν
957 2263 1107 2329 ζέσιν
1138 2264 1239 2335 τῆς
1278 2264 1488 2336 τροφῆς
1519 2265 1867 2338 ἀπορρηγνυ-

278 2354 458 2424 μένων
488 2356 596 2410 τῶν
629 2357 995 2429 πομφολύγων
1028 2357 1121 2411 ἐπὶ
1152 2357 1213 2411 τὸ
1258 2357 1370 2412 ἄνω
1401 2356 1808 2429 διαπνεόμενον,
1838 2359 1867 2412 6

274 2448 507 2518 τραφεὶς
533 2449 612 2521 τῷ
642 2450 805 2514 ζῶντι
837 2450 987 2520 ἄρτῳ
1009 2450 1085 2521 τῷ
1107 2452 1172 2505 ὲκ
1196 2451 1289 2505 τοῦ
1311 2450 1543 2522 οὐρανοῦ
1570 2450 1865 2505 καταϐάντι

275 2541 375 2595 καὶ
401 2540 598 2595 διδόντι
632 2541 778 2614 ζωὴν
804 2541 883 2612 τῷ
911 2542 1122 2613 κόσμῳ,
1159 2542 1251 2596 καὶ
1277 2544 1304 2595 ό
1335 2542 1671 2614 ἐμπλησθεὶς
1705 2544 1867 2597 παντὶ

277 2634 487 2705 ῥήματι
518 2634 934 2707 ἐκπορευομένῳ
966 2634 1055 2688 διὰ
1105 2634 1371 2704 στόματος
1405 2635 1563 2700 Θεοῦ,
1596 2636 1740 2689 κατὰ
1766 2636 1866 2707 τὴν

272 2723 377 2794 τῆς
415 2723 638 2794 Γραφῆς
695 2724 896 2796 συνήθη
943 2724 1323 2796 τροπολογίαν,
1373 2725 1407 2796 ἠ
1455 2728 1724 2796 τραφεῖσα
1752 2728 1866 2791 τοῖς

274 2816 444 2886 ἱεροῖς
494 2816 779 2887 μαθήμασι
841 2817 1026 2889 ψυχὴ,
1082 2816 1389 2889 πρόσφορον
1441 2820 1554 2881 τοῖς
1612 2817 1865 2889 βρώμασι

276 2910 524 2980 προῖεται
559 2908 656 2981 τὴν
706 2910 927 2981 ἐρυγήν.
967 2910 1067 2963 Διὰ
1105 2910 1286 2974 τοῦτο,
1327 2910 1516 2979 ἐπειδὴ
1558 2909 1749 2981 λογικὴ
1794 2904 1865 2982 ἦν

275 3002 371 3053 καὶ
403 3001 581 3072 ἀγαθὴ
605 3004 637 3073 ἡ
666 3003 861 3074 τροφὴ,
885 3002 1042 3071 λόγον
1070 3003 1272 3072 ἀγαθὸν
1296 3003 1643 3074 ἐξερεύγεται
1672 3005 1699 3057 6
1725 3004 1865 3076 Προ-

275 3095 476 3165 φήτης.
528 3094 589 3147 '0
629 3095 739 3167 γὰρ
770 3094 993 3164 ἀγαθὸς
1035 3095 1346 3164 ἅνθρωπος
1373 3097 1441 3150 ἐκ
1481 3096 1589 3151 τοῦ
1638 3096 1863 3165 ἀγαθοῦ

1967 1973 2205 2042 Spiritus
2264 1971 2437 2027 sancti
2491 1972 2544 2025 in
2586 1985 2644 2025 se
2674 1968 2926 2024 diﬂ‘usum
2976 1966 3220 2035 recepit?
3270 1963 3543 2020 Eructavit

1967 2082 2059 2120 cor
2082 2082 2273 2130 meum,
2317 2063 2514 2133 inquit,
2546 2064 2755 2118 verbum
2783 2062 2992 2115 bonum.
3020 2059 3151 2115 Cum
3184 2057 3328 2112 enim
3361 2064 3545 2111 ructus

1966 2159 2127 2212 ﬂatus
2167 2158 2240 2213 sit
2267 2156 2512 2212 occultus
2536 2193 2551 2220 ,
2579 2154 2673 2225 qui
2699 2195 2714 2221 ,
2742 2153 2903 2208 bullis
2946 2152 3015 2207 ob
3052 2150 3252 2221 sumpti
3302 2146 3545 2203 alimenti

1967 2252 2237 2308 fervorem
2285 2248 2695 2319 erumpentibus
2724 2286 2741 2312 ,
2785 2261 3000 2301 sursum
3042 2258 3232 2299 versus
3273 2240 3543 2305 diﬂlatur;

1966 2344 2058 2415 qui
2108 2343 2342 2398 nutritus
2388 2351 2475 2397 est
2529 2354 2667 2411 pane
2718 2338 2813 2395 illo
2862 2338 3111 2401 vivente,
3144 2335 3235 2405 qui
3293 2333 3359 2388 de
3405 2330 3545 2388 crelo

1968 2439 2271 2505 descendit,
2300 2439 2499 2507 datque
2521 2436 2687 2490 vitam
2714 2434 2916 2489 mundo
2945 2430 3013 2497 δ’,
3044 2440 3097 2487 et
3118 2427 3263 2485 omni
3286 2424 3450 2480 verbo
3476 2439 3545 2480 ex

1966 2548 2063 2589 ore
2096 2531 2189 2588 Dei
2217 2530 2516 2602 prodeunte
2542 2529 2589 2561 ³³
2616 2537 2892 2585 saturatos
2914 2535 3015 2589 εει,
3042 2521 3194 2593 juxta
3227 2520 3542 2577 cdbsuetam

1968 2625 2263 2694 Scriptura:
2292 2622 2667 2692 tropologiam,
2703 2623 2883 2675 anima
2904 2663 2918 2689 ,
2951 2618 3192 2690 inquam,
3224 2614 3395 2668 sacris
3418 2626 3545 2667 enu-

1968 2720 2092 2773 trita
2124 2714 2446 2785 disciplinis,
2477 2712 2886 2769 convenientem
2915 2709 3110 2766 eduliis
3143 2715 3358 2761 ructum
3388 2704 3544 2759 emit-

1967 2812 2049 2867 tit.
2101 2811 2446 2880 Quapropter
2497 2823 2620 2863 cum
2676 2803 2937 2878 spiritalis
2981 2811 3156 2869 esset,
3200 2798 3544 2871 Optimusque

1964 2904 2142 2967 cibus,
2167 2902 2433 2973 PrOpheta
2460 2901 2682 2956 verbum
2711 2902 2906 2954 bonurn
2929 2904 3166 2950 eructat.
3195 2892 3374 2947 Bone;
3398 2891 3542 2945 enim

1964 2997 2118 3049 homo
2149 3010 2214 3049 ea:
2240 2993 2372 3047 bono
2403 2991 2583 3046 cordis
2614 2989 2696 3045 sui
2734 2992 2981 3043 thesauro
3022 2986 3213 3039 bonum
3246 2981 3446 3053 profert
3474 2979 3540 3035 “.

1966 3087 2288 3155 Quaeramus
2318 3087 2500 3155 itaque
2527 3093 2581 3137 et
2607 3097 2708 3136 nos
2744 3097 2772 3134 a
2807 3078 2974 3135 Verbo
3004 3077 3207 3140 cibum,
3242 3076 3308 3127 ad
3346 3073 3546 3127 anima-

276 3187 587 3256 θησαυροῦ
616 3166 717 3258 τῆς
748 3187 975 3260 καρδίας
1007 3188 1172 3242 αὐτοῦ
1203 3189 1483 3259 προφέρει
1508 3191 1576 3245 τὸ
1609 3192 1858 3263 ἀγαθόν.

1967 3201 2083 3239 rum
2129 3192 2437 3238 nostrarum
2481 3178 2820 3235 saturitatem
2856 3174 3065 3247 (Justus
3101 3171 3276 3235 enim,
3319 3166 3539 3236 inquit,

274 3281 610 3351 Ζητήσωμεν
638 3257 732 3334 οὗν
780 3257 873 3335 καὶ
898 3281 1063 3352 ἡμεῖς
1089 3282 1189 3352 τὴν
1217 3257 1332 3337 ἀπὸ.
1352 3257 1446 3337 τοῦ
1475 3284 1633 3352 λόγου
1654 3257 1864 3356 τροφὴν

1967 3276 2239 3333 comedens
2284 3273 2459 3343 implet
2505 3273 2736 3326 animam
2780 3283 2930 3323 suam
2958 3264 3051 3333 ³³),
3096 3274 3153 3318 ιιι
3182 3275 3281 3333 pro
3334 3257 3546 3313 ratione

275 3374 355 3434 εἰς
393 3372 672 3444 πλήρωσιν
696 3372 803 3426 τῶν
832 3372 1019 3442 ψυχῶν
1054 3375 1209 3446 ἡμῶν
1240 3378 1495 3445 (Δίκαιος
1529 3377 1859 3448 γὰρφησὶν,

271 3463 515 3527 ἐσθίων,
560 3465 899 3534 ἐμπίπλησι
930 3467 1046 3537 τὴν
1085 3468 1302 3538 ψυχὴν
1344 3470 1574 3537 αὐτοῦ),
1606 3471 1690 3523 ἵνα
1721 3468 1865 3524 κατὰ

272 3554 374 3624 τὴν
399 3553 688 3623 ἀναλογίαν
722 3548 796 3609 ὧν
828 3558 1162 3628 τρεφόμεθα.
1197 3559 1258 3611 οὐ
1298 3560 1390 3612 τὸν
1420 3560 1652 3629 τυχόντα
1682 3560 1861 3630 λόγον,

273 3643 413 3700 ἀλλὰ
444 3644 645 3714 ἀγαθὸν
674 3648 1105 3720 ἀναπέμπωμεν.
1146 3650 1205 3704 '0
1234 3650 1345 3723 γὰρ
1376 3651 1615 3723 πονηρὸς
1645 3651 1861 3725 ἀνθρω-

274 3753 399 3801 ττος,
453 3738 557 3791 ὑπὸ
616 3740 903 3812 μοχθηρῶν
935 3741 1221 3811 δογμάτων
1259 3743 1613 3816 ἀνατραφεὶς,
1647 3744 1865 3819 ἐξερεύ-

274 3844 431 3897 γεται
464 3832 529 3901 τῇ
566 3831 764 3903 καρδίᾳ
808 3831 965 3903 λόγον
1009 3834 1266 3905 πονηρόν.
1298 3836 1409 3907 Οὐχ
1440 3839 1572 3909 ὁρᾷς
1605 3840 1766 3891 ὁποῖα
1794 3838 1863 3892 τά

277 3919 521 3990 στόματα
551 3922 659 3976 τῶν
690 3925 980 3995 αἱρετικῶν
1005 3926 1405 4000 ἀπερεύγεται;
1432 3930 1507 3993 ὼς
1533 3929 1746 4000 χαλεπά
1769 3932 1865 3985 καὶ

160 4009 171 4018 ’
272 4008 509 4084 δυσώδη.
568 4015 767 4087 πολλήν
818 4034 942 4071 τινα
985 4020 1085 4089 τὴν
1128 4022 1185 4074 ὲν
1235 4020 1314 4092 τῷ
1362 4020 1516 4092 βάθει
1571 4022 1724 4079 νόσον
1756 4023 1865 4077 τῶν

271 4103 477 4159 ἀθλίων
507 4108 952 4179 κατηγοροῦντας
997 4111 1059 4164 '0
1105 4112 1215 4183 γὰρ
1260 4100 1866 4184 πονηρὸςάγθρωπος

271 4192 345 4249 ἐκ
375 4195 483 4249 τοῦ
513 4199 781 4266 πονηροῦ
807 4202 1114 4270 θησαυροῦ
1144 4206 1243 4275 τῆς
1272 4204 1497 4277 καρδίας
1526 4206 1689 4260 αὑτοῦ
1720 4221 1863 4276 προ-

273 4288 441 4358 φέρει
463 4288 531 4342 τὸ
551 4292 839 4358 πονηρόν.
857 4293 948 4366 Μὴ
970 4293 1034 4367 δὴ
1061 4291 1174 4359 οὖν,
1194 4296 1526 4369 κνηθόμενος
1549 4299 1647 4371 τὴν
1673 4301 1863 4373 ἀκοὴν,

276 4379 655 4452 ἑπισωρεύσῃς
674 4381 885 4453 σεαυτῷ
898 4384 1269 4449 διδασκάλους,
1293 4386 1448 4441 νόσον
1469 4389 1865 4459 ἐνεργάσασθαι

1963 3386 2150 3427 eorum
2204 3368 2402 3439 quibus
2456 3364 2674 3430 alimur,
2704 3377 2811 3418 non
2869 3358 3133 3430 vulgare,
3186 3354 3281 3410 sed
3342 3351 3544 3406 bonum

1963 3466 2188 3519 verbum
2240 3461 2577 3515 emittamus.
2630 3452 2768 3509 Nam
2809 3452 2987 3509 malus
3030 3450 3229 3512 homo,
3278 3440 3546 3513 degmatis

1966 3559 2147 3630 pravis
2176 3556 2469 3619 enutritus,
2502 3568 2571 3609 ex
2602 3552 2767 3608 corde
2800 3562 3025 3619 pravum
3055 3543 3278 3599 verbum
3310 3544 3543 3594 eructat.

1966 3651 2095 3707 Non
2120 3648 2270 3705 vides
2297 3646 2477 3717 qualia
2512 3651 2764 3700 eructent
2793 3656 2886 3693 ora
2924 3631 3343 3693 htereticorum?
3382 3642 3543 3699 quam

1966 3742 2184 3815 gravia,
2222 3754 2385 3808 quam
2418 3736 2581 3791 fetida
2606 3775 2623 3802 ,
2665 3745 2917 3801 maguum
2962 3724 3248 3798 quemdam
3297 3719 3545 3776 morbum

1969 3811 2020 3890 in
2066 3836 2256 3890 intimo
2308 3830 2631 3887 miserorum
2686 3824 2902 3880 illorum
2937 3828 3158 3891 pectore
3210 3811 3546 3870 indicantia?

1969 3928 2114 3983 Nam
2143 3924 2316 3980 malus
2352 3924 2508 3977 homo
2536 3934 2601 3974 ex
2635 3917 2777 3973 malo
2810 3914 2994 3971 cordis
3024 3910 3110 3967 sui
3153 3910 3403 3964 thesauro
3433 3919 3548 3972 pro-

1968 4019 2069 4090 fert
2091 4016 2288 4070 malum
2316 4013 2384 4068 ³⁸.
2410 4011 2488 4065 Ne
2518 4011 2679 4082 igitur
2706 4006 2958 4078 pruriens
2980 4001 3224 4066 auribus,
3254 4009 3546 4055 coacerves

1969 4088 2065 4164 tibi
2117 4107 2408 4177 magistros
2437 4103 2514 4170 ⁸⁷,
2541 4101 2633 4171 qui
2679 4097 2981 4155 visceribus
3022 4095 3129 4150 tuis
3167 4092 3417 4148 morbum
3458 4088 3545 4142 in-

1968 4202 2112 4256 ferre
2142 4200 2392 4265 valeant,
2422 4196 2628 4265 tibique
2673 4206 2964 4263 pravorum
3009 4186 3295 4245 verborum
3335 4192 3545 4237 ructum

1968 4308 2177 4357 creare,
2219 4292 2289 4345 ob
2318 4303 2437 4359 quae
2464 4288 2516 4342 in
2542 4287 2631 4342 die
2655 4285 2844 4353 judicii
2875 4278 3381 4337 condemnationem
3429 4273 3547 4326 sub-

1971 4387 2146 4441 iturus
2164 4385 2261 4439 sis.
2290 4381 2373 4435 Ea:
2393 4380 2565 4434 verbis
2590 4379 2729 4432 enim
2749 4377 2875 4440 tuis,
2906 4374 3102 4443 inquit,
3125 4366 3505 4441 justi/icaberis
3528 4403 3544 4428 ,

274 4476 390 4535 τοῖς
413 4474 765 4569 ’σπλάγχνοις
814 4493 906 4529 σου
936 4477 1284 4549 δυναμένους,
1339 4480 1433 4534 καὶ
1478 4483 1731 4557 πονηρῶν
1781 4500 1864 4539 σοι

1969 4492 2014 4534 et
2049 4495 2114 4533 ea:
2130 4477 2295 4532 verbis
2323 4476 2425 4528 tuis
2447 4470 2876 4528 condemnaberis
2902 4469 2968 4523 ³⁸.
2988 4468 3120 4522 Dico
3140 4482 3233 4536 ego
3255 4478 3408 4533 opera
3429 4475 3543 4512 mea

279 4558 540 4639 ῥημάτων
572 4570 775 4641 ὲρυγὴν
810 4570 1140 4642 προξενῆσαι
1169 4572 1305 4639 (64),
1338 4573 1407 4628 δι’
1442 4567 1517 4629 ὧν
1548 4553 1767 4647 μέλλεις
1804 4579 1863 4632 ὲν

1968 4573 2097 4641 regi.
2128 4570 2358 4625 Maxime
2398 4567 2618 4623 adducit
2645 4580 2782 4627 nos,
2822 4572 2880 4617 ut
2928 4561 3207 4632 Prophetas
3251 4565 3541 4627 personam

275 4663 342 4731 τῇ
375 4660 559 4733 ἡμέρᾳ.
582 4664 681 4732 τῆς
709 4663 941 4733 κρίσεως
963 4664 1444 4731 καταδικάζεσθαι.
1486 4668 1579 4721 Ἐκ
1601 4667 1713 4739 γὰρ
1742 4668 1863 4723 τῶν

275 4754 477 4822 λόγων
508 4770 646 4820 σου,
683 4756 837 4827 φησὶ,
881 4755 1272 4827 δικαιωθήσῃ,
1302 4759 1401 4813 καὶ
1427 4760 1499 4813 ἐκ
1528 4760 1646 4816 τῶν
1668 4764 1867 4833 λόγων

276 4862 396 4900 σου
441 4845 957 4917 καταδικασθήσῃ.
1002 4848 1167 4920 Λέγω
1197 4850 1312 4921 ἐγὼ
1342 4850 1414 4905 τὰ
1444 4852 1587 4922 ἔργα
1620 4872 1741 4923 μου
1781 4853 1862 4920 τῷ

270 4936 541 5002 βασιλεῖ.
577 4939 727 4992 Πάνυ
757 4939 1023 5011 προσάγει
1053 4942 1201 5013 ἡμᾶς
1249 4944 1315 5014 τῇ
1363 4942 1574 5015 διανοίᾳ
1602 4942 1695 4997 τοῦ
1729 4961 1862 5015 προ-

278 5028 513 5100 φητικοῦ
542 5030 836 5102 προσώπου
863 5034 958 5087 καὶ
985 5032 1141 5087 τοῦτο
1165 5034 1227 5088 τὺ
1254 5035 1403 5107 ῥῆμα
1424 5051 1438 5065 ⁸
1464 5033 1627 5106 Λέγω
1645 5036 1760 5107 ἐγὼ
1793 5038 1864 5092 τὰ

276 5125 421 5193 ἔργα
449 5142 570 5193 μου
617 5123 697 5191 τῷ
728 5126 1009 5189 ,βασιλεῖ’
1045 5128 1166 5181 ἀντὶ
1212 5128 1329 5190 τοῦ,
1369 5130 1863 5200 Ἐξομολογὴσομαι

276 5217 358 5288 τῷ
390 5220 573 5289 κριτῇ,
622 5220 717 5274 καὶ
749 5219 1119 5292 προλαμϐάνω
1149 5222 1243 5275 τὸν
1289 5225 1613 5295 κατήγορον,
1646 5222 1735 5277 διὰ
1765 5216 1867 5293 τῆς

281 5312 544 5384 περὶτῶν
578 5312 729 5368 ἰδίων
747 5312 925 5386 ἔργων
959 5314 1317 5385 ἀπαγγελίας.
1356 5315 1607 5388 Ἐντολὴν
1646 5316 1755 5389 γὰρ
1787 5318 1866 5370 εί⁹

1971 4665 2355 4734 intelligamus,
2394 4669 2447 4717 et
2478 4660 2581 4713 hoc
2615 4658 2838 4712 verbum
2872 4673 2885 4709 :
2935 4654 3065 4707 Dico
3101 4668 3194 4722 ego
3234 4663 3392 4718 opera
3431 4661 3545 4697 mea

1972 4758 2124 4827 regi:
2173 4758 2275 4810 hoc
2318 4760 2445 4817 est,
2476 4747 2786 4805 Coutitebor
2831 4743 3038 4814 iudici,
3093 4750 3151 4796 et
3178 4744 3547 4794 accusatorem

1970 4859 2308 4906 antevertam
2330 4884 2346 4907 ,
2383 4858 2501 4915 per
2530 4855 2753 4912 aperum
2801 4837 3142 4909 propriorum
3197 4831 3546 4888 delationem.

1972 4942 2077 5013 Ipsi
2118 4942 2262 4997 enim
2309 4938 2625 4994 mandatum
2659 4933 3002 5004 accepimus,
3043 4927 3184 4998 quod
3226 4925 3306 4981 sic
3335 4924 3498 4978 habet
3532 4936 3545 4971 :

1973 5012 2069 5093 Dic
2112 5045 2167 5088 tu
2217 5033 2420 5103 primus
2465 5030 2770 5099 iniquitates
2809 5036 2963 5089 tuas,
3019 5030 3079 5078 ut
3120 5016 3433 5092 justiﬁceris
3480 5012 3547 5067 ³³.

1975 5132 2176 5201 Lingua
2230 5145 2346 5182 mea
2411 5127 2646 5179 calamus
2710 5123 2896 5177 scriba:
2953 5118 3200 5175 velociter
3254 5111 3548 5170 scribentis.

1974 5222 2438 5292 Quemadmodum
2473 5220 2715 5275 calamus
2746 5217 3166 5271 instrumentum
3210 5220 3294 5265 est
3322 5207 3553 5274 scripto-

1975 5317 2145 5379 rium,
2181 5327 2341 5384 quem
2377 5312 2537 5384 periti
2573 5309 2857 5380 cujusdam
2900 5323 3093 5364 manus
3140 5312 3321 5361 movet
3349 5302 3416 5357 ad
3446 5302 3554 5355 for-

353 5519 393 5551 "
425 5516 577 5575 Joan.
614 5533 703 5585 xv,
734 5518 789 5575 8.
864 5517 911 5550 "
944 5517 1098 5573 Joan.
1128 5534 1202 5581 vt,
1233 5517 1322 5576 55.
1400 5520 1445 5551 ³³
1479 5519 1630 5574 Deut.
1660 5536 1779 5585 vui,
1816 5521 1873 5583 3;
1917 5520 2100 5575 Matth.
2147 5535 2217 5582 tv,
2264 5521 2317 5575 ι.
2395 5522 2441 5552 ³⁸
2482 5517 2667 5579 Matth.
2705 5534 2779 5575 stt
2805 5560 2820 5585 ,
2866 5515 2955 5573 35.
3033 5516 3078 5549 ³⁸
3105 5515 3264 5572 Prov.
3307 5529 3426 5575 xm,
3460 5490 3571 5566 25.

280 5591 327 5623 ²³
357 5590 549 5644 Matth.
583 5606 681 5656 xu,
705 5589 798 5645 55.
873 5589 916 5621 ³⁷
943 5588 1146 5645 ll'l‘itn.
1172 5606 1255 5656 tv,
1282 5592 1334 5646 5.
1414 5590 1458 5623 ³⁸
1498 5590 1689 5647 Matth.
1735 5607 1807 5646 xu
1836 5634 1848 5657 ,

1967 5631 1977 5646 .
2054 5592 2097 5623 ”
2131 5592 2232 5648 lsa.
2262 5608 2392 5648 xuii
2414 5633 2430 5660 ,
2461 5591 2551 5646 26.

502 5765 633 5853 βρς.
662 5767 927 5849 secundus
956 5767 1299 5853 σπλάγχνιον,
1320 5772 1865 5853 φησὶ,ῃπροςήγαγεν.

358 5842 471 5909 (ϋῖι)
502 5840 592 5892 Sic
618 5840 852 5908 quinque
874 5855 1005 5895 mss.
1041 5842 1196 5897 Deest
1224 5842 1305 5895 ὅτι
1344 5840 1396 5899 in
1418 5840 1594 5898 editis.

2053 5772 2165 5849 (Gil
2326 5770 2477 5849 Regii
2505 5770 2851 5849 sccuu_dus_et
2884 5769 3074 5826 tertius
3106 5785 3226 5826 cum
3260 5769 3409 5825 Colb.
3443 5771 3555 5842 pri~

1979 5839 2085 5899 me.
2124 5843 2299 5898 Editiu
2338 5842 2509 5895 Petis.
2551 5839 2932 5912 προξενοῦσαι.
