4008 6402
338 430 442 486 357

1396 428 1682 484 HOMILlA
1722 426 1789 483 IN
1828 424 2155 483 PSALMUM
2193 420 2374 478 XLIV.

3494 432 3598 486 5‘28

341 544 419 613 τῷ
455 543 672 614 σταυρῷ
719 542 813 596 τοῦ
870 543 1127 613 Χριστοῦ,
1181 538 1261 607 οἷς
1316 544 1632 617 ἐφανερώθη
1694 543 1780 597 διὰ
1831 542 1904 596 τοῑ

2030 543 2299 599 cationem
2352 541 2637 598 stultitiam
2685 540 2969 596 nominant
3008 542 3055 574 δι
3087 560 3100 597 :
3143 558 3242 599 nos
3274 558 3401 599 vero
3429 547 3517 614 qui
3544 545 3594 599 in

344 635 657 705 Πνεῦματος
689 635 757 687 τὰ
788 637 891 688 ὑπὸ
923 634 1015 691 τοῦ
1042 635 1175 689 Θεοῦ
1209 636 1532 706 χαρισθέντα
1564 637 1713 706 ἡμῖν,
1739 636 1839 687 οὐκ
1863 636 1920 687 ὲν

340 725 607 787 διδακτοῖς
659 724 1003 797 ἀνθρωπίνης
1058 726 1249 794 σοφίας
1297 727 1497 795 λόγοις,
1550 727 1790 797 οἴδαμεν,
1839 727 1919 779 ὅτι

340 815 568 867 πλουσία
597 816 755 887 χάρις
784 818 933 869 ἐστὶν
960 818 1302 888 ὲκκεχυμένη
1331 818 1481 888 παρὰ
1512 818 1647 870 Θεοῦ
1688 818 1779 870 ἐπὶ
1808 820 1920 881 τοῖς

340 906 469 976 περὶ
502 906 736 977 Χριστοῦ
784 906 979 975 λόγοις.
1023 908 1119 960 Διὰ
1154 907 1308 961 τοῦτο
1353 909 1409 960 ὲν
1443 908 1606 979 ὀλίγῳ
1634 908 1711 979 τῷ
1742 908 1919 978 χρόνῳ

338 999 515 1050 πᾶσαν
563 999 745 1067 σχεδὸν
796 1000 894 1069 τὴν
940 1000 1267 1070 οἰκουμένην
1305 1000 1485 1069 διῆλθε
1526 1001 1586 1052 τὸ
1637 1002 1915 1071 κήρυγμα,

336 1088 524 1159 ἐπειδὴ
562 1090 787 1144 πλουσία
830 1091 923 1143 καὶ
966 1090 1193 1161 ἄφθονος
1227 1095 1258 1164 ἡ
1295 1093 1452 1164 χάρις
1495 1093 1785 1162 ἐκκέχυται
1826 1092 1917 1145 ἐπὶ

334 1183 461 1247 τοὺς
483 1184 729 1254 κήρυκας
755 1183 845 1237 τοῦ
870 1185 1221 1255 Εὑαγγελίου,
1254 1184 1346 1250 οὒς
1382 1188 1474 1238 καὶ
1502 1186 1651 1256 χείλη
1681 1185 1914 1256 Χριστοῦ

334 1278 617 1351 ὠνόμασεν
657 1285 690 1353 ή
739 1284 951 1355 Γραφή.
990 1284 1087 1337 Διὰ
1128 1284 1284 1337 τοῦτο
1319 1284 1376 1335 ἐν
1424 1284 1916 1353 εὐκαταφρονήτως

333 1371 609 1438 λεξειδίοις
642 1375 774 1427 πολὺ
817 1375 878 1427 τὸ
921 1376 1133 1444 ἀγωγὸν
1164 1376 1273 1445 (70)
1320 1375 1415 1428 καὶ
1461 1375 1597 1447 πρὸς
1644 1374 1915 1445 σωτηρίαν

330 1464 487 1517 ὁλκὸν
517 1465 630 1534 ἔχει
679 1465 771 1518 τοῦ
816 1467 1150 1535 Εὐαγγελίου
1194 1469 1255 1520 τὸ
1298 1469 1576 1537 κήρυγμα.
1608 1467 1718 1520 Καὶ
1765 1468 1915 1520 πᾶσα

329 1554 475 1626 ψυχὴ
505 1556 837 1626 κεκράτηται
867 1556 1129 1626 δόγμασιν
1173 1557 1468 1628 ἀκινήτοις,
1506 1555 1596 1609 διὰ
1628 1557 1727 1627 τῆς
1761 1557 1915 1627 χάρι-

329 1664 423 1709 τος
454 1646 591 1717 πρὸς
636 1647 732 1717 τὴν
775 1647 1065 1700 ἀσάλευτον
1093 1650 1171 1711 είς
1206 1649 1437 1719 Χριστὸν
1466 1650 1644 1702 πίστιν
1674 1649 1915 1718 βεϐαιου-

332 1738 492 1809 μένη.
528 1740 687 1792 Ὅθεν
716 1740 879 1810 φησιν
923 1742 950 1793 ὁ
996 1740 1343 1804 Ἀπόστολος·
1378 1741 1457 1793 Δι’
1513 1737 1585 1797 οὗ
1621 1742 1915 1811 ἐλάϐομεν

332 1829 506 1897 χάριν
534 1829 628 1881 καὶ
665 1829 1023 1898 ἀποστολὴν
1051 1833 1138 1897 εὶς
1186 1830 1465 1897 ὑπακοὴν
1494 1834 1753 1896 πίστεως
1772 1848 1785 1862 ·
1819 1832 1913 1885 καὶ

2023 650 2184 690 cruce
2220 635 2423 690 Christi
2462 634 2760 705 gloriamur
2784 632 2853 697 ⁸⁸,
2880 632 3075 702 quibus
3107 635 3443 690 manifestata
3473 648 3598 689 sunt

2020 739 2117 793 per
2150 726 2409 795 Spiritum
2436 740 2520 788 ea,
2554 740 2673 794 qua:
2705 724 2899 778 donata
2935 734 3061 779 sunt
3084 725 3239 777 nobis
3267 740 3296 777 a
3333 726 3459 789 Deo,
3489 742 3592 780 non

2022 814 2279 869 indoctis
2345 815 2594 868 humana:
2655 814 2933 883 sapientiae
2996 815 3173 869 verbis
3199 813 3280 878 ⁸⁸,
3345 817 3593 870 novimus

2020 905 2249 975 gratiam
2277 920 2419 967 eam,
2458 921 2577 974 quae
2607 919 2635 958 a
2674 906 2779 961 Deo
2811 905 2862 958 in
2901 904 3114 958 traditis
3141 905 3206 959 de
3247 905 3461 960 Christo
3493 908 3591 961 do-

2020 996 2208 1051 ctrinis
2240 993 2430 1050 diffusa
2459 995 2590 1062 l‘uit,
2624 996 2841 1050 divitem
2875 1010 3013 1050 esse.
3056 993 3413 1061 Quamobrem
3443 997 3588 1050 brevi

2021 1096 2269 1156 tempore
2312 1086 2365 1140 in
2408 1088 2718 1142 universum
2772 1102 2937 1157 prope
2978 1094 3241 1139 terrarum
3278 1086 3462 1140 orbem
3503 1086 3591 1142 illa

2018 1179 2333 1251 praedicatio
2362 1179 2635 1248 pervenit,
2656 1188 2936 1248 propterea
2968 1177 3108 1245 quod
3140 1177 3289 1230 dives
3331 1186 3383 1231 et
3416 1178 3584 1231 abun-

2018 1271 2153 1326 dans
2183 1271 2359 1342 gratia
2396 1270 2564 1325 eﬂ‘usa
2594 1280 2679 1326 est
2724 1271 2775 1325 in
2808 1268 3081 1339 Evangelii
3128 1284 3421 1337 prazcones,
3456 1285 3590 1337 quos

2018 1363 2183 1419 etiam
2229 1362 2431 1417 Christi
2480 1361 2620 1416 labia
2673 1359 2954 1429 Scriptura
3010 1359 3305 1413 nominavit
3337 1359 3402 1413 ⁸⁷.
3440 1360 3588 1425 Qua—

2015 1464 2239 1525 propter
2289 1454 2567 1525 Evangelii
2629 1452 2937 1523 praedicatio
2990 1451 3044 1504 in
3093 1450 3587 1521 contemptibilibus

2017 1547 2361 1602 dictiunculls
2415 1547 2522 1599 vim
2572 1545 2794 1599 multam
2849 1543 3011 1597 habet
3055 1541 3411 1612 persuadendi
3441 1552 3494 1597 et
3519 1547 3585 1595 ad

2016 1638 2244 1694 salutem
2308 1637 2585 1693 illiciendi.
2635 1636 2702 1690 Et
2749 1636 2927 1690 anima
2991 1636 3169 1691 omnis
3221 1635 3587 1690 immobilibus

2019 1729 2287 1799 dogmatis
2316 1729 2539 1784 subacta
2564 1736 2667 1791 est,
2694 1743 2789 1797 per
2820 1728 3047 1797 gratiam
3084 1728 3138 1782 in
3181 1728 3494 1782 inconcussa
3533 1730 3583 1780 in

2016 1822 2296 1879 Christum
2356 1822 2458 1875 [ide
2512 1822 2853 1877 conﬁrmata.
2922 1820 3071 1876 Unde
3124 1820 3199 1873 ait
3254 1818 3580 1888 Apostolus:

331 1920 524 1973 πάλιν·
564 1922 998 1989 Περισσότερον
1044 1920 1244 1975 αὐτῶν
1281 1921 1523 1975 πάντων
1571 1922 1904 1976 ἐκοπίασα·

2015 1909 2119 1965 Per
2137 1928 2287 1981 quem
2317 1911 2612 1979 accepimus
2639 1911 2866 1981 gratiam
2892 1918 2941 1963 et
2971 1910 3346 1978 apostolatum,
3378 1918 3435 1962 ut
3465 1908 3584 1962 obe-

328 2014 443 2066 οὐκ
472 2010 585 2082 ἐγὼ
621 2010 708 2079 δὲ,
736 2012 873 2066 ἀλλ’
898 2014 935 2081 ἠ
966 2012 1138 2082 χάρις
1168 2012 1274 2067 τοῦ
1314 2014 1476 2078 Θεοῦ,
1517 2014 1555 2082 ἡ
1596 2013 1717 2068 σὺν
1755 2015 1906 2083 ἐμοί.

396 2254 448 2308 5.
492 2255 779 2324 Ἕξεχύθη
827 2256 1000 2325 χάρις
1029 2259 1099 2313 ἐν
1131 2258 1367 2327 χείλεσι
1403 2274 1553 2313 σου·
1597 2259 1697 2313 διὰ
1731 2261 1912 2315 τοῦτο

322 2348 623 2416 εὐλόγησέ
658 2365 731 2402 σε
761 2352 793 2402 ό
835 2350 980 2415 Θεὸς
1006 2353 1094 2415 εις
1138 2351 1244 2404 τὸν
1273 2349 1476 2404 αἰῶνα.
1508 2351 1820 2422 Γέγραπται
1849 2354 1907 2406 ὲν

323 2435 401 2506 τῷ
433 2437 765 2508 Εὐαγγελίῳ,
793 2440 875 2492 ὅτι
909 2439 1263 2508 Ἐθαύμαζον
1285 2440 1382 2494 ἐπὶ
1420 2440 1542 2507 τοῖς
1568 2443 1772 2510 λόγοις
1798 2440 1908 2509 τῆς

322 2526 565 2595 χάριτος
587 2527 709 2594 τοῖς
734 2529 1229 2600 ἐκπορευομένοις
1254 2530 1349 2583 διὰ
1375 2534 1672 2601 στόματος
1695 2530 1903 2585 αὐτοῦ.

320 2621 521 2692 Διόπερ
547 2620 893 2691 ἐμφαντικῶς
916 2624 944 2675 ὁ
969 2622 1201 2693 ψαλμὸς,
1233 2623 1296 2676 τὸ
1327 2623 1532 2693 πλῆθος
1551 2624 1665 2694 τῆς
1683 2624 1906 2695 χάριτος

318 2712 428 2767 τῶν
478 2713 629 2783 παρὰ
656 2713 749 2767 τοῦ
792 2715 996 2787 Κυρίου
1045 2716 1202 2787 ήμῶν
1247 2716 1506 2787 ῥημάτων
1556 2716 1905 2785 παραστῆσαι

322 2802 662 2874 βουλόμενος,
713 2804 1000 2874 Ἐξεχύθη
1041 2805 1213 2873 χάρις
1249 2806 1319 2859 ἐν
1342 2805 1467 2870 τοῖς
1495 2806 1731 2874 χείλεσι
1766 2821 1904 2868 σου,

318 2886 464 2958 εἷπε,
486 2893 573 2946 διὰ
600 2893 660 2945 τὸ
692 2894 922 2969 ἄφθονον
948 2894 1049 2965 τῆς
1072 2898 1129 2947 ὲν
1160 2894 1237 2965 τῷ
1265 2895 1407 2966 λόγῳ
1443 2895 1685 2967 χάριτος.
1714 2896 1906 2950 Εὐλέ-

318 2985 471 3054 γησέ
504 3002 599 3052 σε,
629 2987 812 3056 φησὶν,
834 2989 865 3039 d
890 2985 1034 3053 Θεὸς
1053 2989 1139 3053 εὶς
1165 2986 1271 3040 τὸν
1290 2987 1497 3045 annva.
1526 2987 1693 3058 Δῆλον
1718 2988 1795 3051 δὲ,
1821 2988 1903 3040 ὃτι

316 3079 412 3131 ἐπὶ
454 3078 515 3131 τὸ
565 3078 903 3149 ἀνθρώπινον
948 3080 1052 3151 χρὴ
1103 3080 1473 3151 ἀναφέρεσθαι
1522 3079 1715 3145 ταῦτα,
1759 3078 1904 3133 καθὰ

316 3170 615 3242 προκόπτει
652 3172 837 3240 σοφίᾳ
872 3171 971 3225 καὶ
994 3173 1203 3239 ἡλικίᾳ
1243 3171 1341 3226 καὶ
1361 3171 1575 3241 χάριτι.
1601 3170 1754 3225 Κατὰ
1773 3170 1899 3225 τοῦ-

2011 2006 2193 2057 diatur
2222 2005 2349 2072 fidei
2377 2005 2442 2058 ⁸⁸.
2470 2003 2536 2058 Et
2566 2020 2755 2059 rursus
2782 2004 3188 2062 :Abundantius
3210 2002 3315 2055 illis
3345 2001 3583 2055 omnibus

2010 2094 2280 2159 laboravi;
2318 2111 2421 2149 non
2468 2111 2560 2164 ego
2602 2105 2807 2162 autem,
2858 2096 2948 2150 sed
2988 2094 3160 2166 gratia
3194 2092 3319 2156 Det,
3356 2109 3472 2163 qua:
3508 2103 3583 2147 est

2006 2200 2206 2238 mecum
2243 2185 2309 2239 δ’.

2079 2278 2133 2331 5.
2176 2276 2386 2346 οἱῙῙιιδιι
2435 2287 2510 2331 est
2560 2278 2733 2347 gratia
2783 2278 2840 2330 in
2884 2276 3039 2329 labiis
3093 2275 3196 2329 tuis
3238 2292 3257 2328 :
3308 2281 3582 2341 propterea

2008 2370 2268 2423 benedixit
2302 2380 2347 2422 te
2377 2368 2512 2422 Deus
2541 2371 2595 2422 in
2619 2380 2892 2423 wternnm.
2916 2367 3186 2437 Scriptum
3214 2376 3297 2422 est
3325 2367 3378 2422 in
3399 2366 3580 2421 Evan-

2007 2457 2168 2525 gelio,
2198 2458 2339 2527 quod
2370 2458 2706 2511 Mirabantur
2738 2459 2791 2512 in
2820 2456 2986 2512 verbis
3022 2458 3227 2527 gratiae,
3255 2473 3370 2527 qua:
3396 2473 3581 2521 proce-

2006 2548 2195 2603 debant
2243 2550 2307 2604 de
2351 2566 2441 2602 ore
2490 2550 2657 2617 ipsius
2683 2551 2750 2605 ⁸ο.
2792 2550 3152 2618 Quamobrem
3210 2550 3582 2621 signiﬁcanter

2007 2639 2402 2694 multitudinem
2438 2642 2625 2708 gratiae
2647 2641 2932 2696 verborum
2958 2642 3167 2697 Domini
3198 2644 3366 2696 nostri
3403 2652 3582 2697 osten-

2007 2731 2135 2785 dere
2177 2730 2361 2786 volens
2387 2733 2630 2801 psalmus
2652 2774 2666 2797 ,
2708 2732 2917 2802 Diﬂ'usa
2950 2743 3067 2799 est,
3095 2734 3289 2804 inquit,
3321 2733 3494 2802 gratia
3524 2734 3579 2787 in

2004 2822 2158 2877 labiis
2192 2824 2316 2888 tuis,
2345 2823 2414 2878 ob
2445 2826 2629 2893 gratiae
2668 2839 2787 2893 qua:
2815 2825 2866 2880 in
2900 2840 3150 2881 sermone
3172 2836 3253 2880 est
3281 2826 3579 2879 exuberan-

2006 2922 2113 2968 tetn
2147 2915 2379 2983 e0piam.
2410 2898 2692 2968 Benedixit
2727 2926 2775 2969 te
2797 2915 2957 2981 Deus,
2996 2917 3192 2987 inquit,
3217 2917 3271 2969 in
3300 2928 3576 2969 wternum.

2004 3002 2187 3057 Palam
2212 3013 2294 3058 est
2318 3014 2497 3059 autem
2530 3006 2644 3059 lucc
2674 3007 2739 3060 ad
2774 3007 3160 3061 humanitatem
3197 3007 3412 3072 referri,
3438 3021 3576 3074 qua-

2006 3104 2158 3151 tenus
2190 3097 2403 3166 prolicit
2435 3099 2695 3164 sapientia
2718 3110 2766 3153 et
2809 3110 2961 3153 ιειιιιε
2986 3109 3033 3153 et
3065 3105 3241 3169 gratia
3270 3100 3338 3165 5';
3383 3115 3573 3154 secun-

2003 3188 2131 3241 dum
2163 3203 2364 3257 quam,
2397 3189 2745 3260 intelligimus
2775 3194 3002 3261 gratiam
3042 3206 3255 3261 quoque
3303 3206 3402 3245 ceu
3435 3206 3574 3258 pra:-

313 3280 375 3315 το
405 3262 515 3332 (71)
552 3263 729 3332 δῆλον,
772 3264 855 3316 ὅτι
883 3263 976 3316 καὶ
1010 3258 1708 3334 ἆθλονλάνδραγαθημάτων
1749 3262 1899 3334 αὑτῷ

2009 3275 2283 3331 clarorum
2334 3277 2635 3334 facinorum
2694 3280 2969 3348 praxmium
3036 3281 3085 3333 ei
3141 3281 3319 3334 datam
3385 3280 3572 3334 fuisse.

315 3352 542 3422 νοοῦμεν
583 3353 829 3413 δεδόσθαι
870 3354 966 3424 τὴν
1014 3354 1193 3425 χάριν.
1226 3356 1447 3425 ’Ὅμοιον
1486 3355 1543 3407 δὲ
1588 3355 1760 3426 τούτῳ
1800 3354 1894 3407 τό·

326 3446 674 3516 Ἠγάπησας
704 3446 1116 3515 δικαιοσύνην,
1151 3447 1253 3500 καὶ
1278 3448 1575 3517 ἐμίσησας
1610 3449 1893 3517 ἀνομίαν·

312 3537 410 3591 διὰ
446 3539 622 3593 τοῦτο
654 3539 859 3608 ἕχρισέ
887 3554 960 3593 σε
992 3542 1024 3593 ό
1070 3538 1231 3605 Θεὸς,
1263 3540 1296 3593 ὁ
1336 3540 1480 3605 Θεός
1517 3555 1656 3605 σου,
1693 3541 1898 3593 ἔλαιον

312 3630 730 3699 ἀγαλλιάσεως
763 3631 921 3699 παρὰ
960 3630 1100 3695 τοὺς
1124 3632 1417 3700 μετόχους
1447 3646 1584 3685 σου.
1624 3627 1691 3702 ᾯ
1722 3650 1897 3705 παρα-

313 3721 543 3791 πλήσιόν
573 3723 687 3775 ἐστι
720 3724 813 3775 καὶ
840 3722 899 3775 τὸ
922 3722 1302 3792 Φιλιππησίοις
1345 3721 1495 3793 παρὰ
1518 3723 1732 3776 Παύλου
1762 3740 1896 3793 γρασ

313 3812 435 3881 φὲν,
460 3814 541 3865 ὃτι
577 3814 1003 3867 Ἐταπείνωσεν
1030 3812 1247 3867 ἑαυτὸν
1276 3816 1595 3884 γενόμενος
1625 3814 1895 3881 ὑπήκοος

309 3902 484 3971 μέχρι
517 3906 796 3968 θανάτου,
841 3904 1100 3959 θανάτου
1140 3904 1209 3959 δὲ
1248 3905 1537 3974 σταυροῦ,
1583 3906 1677 3960 διὸ
1726 3906 1827 3959 καὶ
1863 3911 1895 3961 ὁ

315 3992 460 4057 Θεὸς
509 3992 696 4046 αὐτὸν
742 3995 1165 4062 ὑπερύψωσεν.
1212 3995 1374 4048 Ὥστε
1430 3995 1585 4065 δῆλον
1629 3994 1763 4064 (72),
1814 3997 1894 4049 ὃτι

310 4082 486 4139 ταῦτα
510 4085 636 4156 περὶ
664 4084 757 4139 τοῦ
788 4084 929 4139 κατὰ
951 4086 1042 4139 τὸν
1070 4087 1297 4158 Σωτῆρα
1324 4086 1610 4158 ἀνθρώπου
1637 4087 1853 4155 λέγεται
1877 4105 1890 4117 ·

311 4178 347 4249 ἢ
386 4177 571 4248 ἐπειδὴ
618 4180 651 4249 ὴ
711 4179 1007 4250 Ἐκκλησία
1040 4179 1199 4251 σῶμά
1241 4182 1358 4233 ἐστι
1398 4180 1494 4233 τοῦ
1544 4180 1771 4251 Κυρίου,
1800 4182 1895 4234 καὶ

312 4269 474 4333 αὐτὸς
500 4268 708 4340 κεφαλὴ
741 4270 841 4339 τῆς
875 4271 1198 4342 Ἐκκλησίας
1220 4291 1232 4303 ·
1262 4273 1449 4344 ὥσπερ
1476 4272 1894 4344 ἀποδεδώκαμεν

313 4360 463 4431 χείλη
491 4355 629 4414 εἶναι
653 4361 747 4413 τοῦ
776 4362 1011 4431 Χριστοῦ
1043 4364 1168 4426 τοὺς
1196 4363 1665 4434 ὑπηρετουμένους
1698 4363 1773 4435 τῷ
1804 4366 1895 4417 οὑ-

1989 3459 2283 3529 justitiam,
2336 3470 2387 3515 et
2439 3462 2597 3516 adisti
2652 3462 3018 3530 iniquitatem;

1999 3365 2170 3437 Hujus
2212 3368 2368 3439 163
2412 3380 2589 3424 autem
2645 3372 2821 3426 simile
2857 3382 2943 3427 est
2982 3371 3109 3426 illud
3148 3374 3193 3405 ⁵⁸
3254 3390 3268 3426 :
3334 3371 3573 3426 Dilexisti

3093 3467 3364 3532 propterea
3421 3464 3573 3518 unxit

2000 3562 2048 3605 te
2096 3551 2263 3615 Deus,
2320 3551 2609 3607 Deustuns
2664 3555 2775 3608 oleo
2832 3556 3034 3608 laetitia
3081 3572 3191 3623 pra:
3247 3558 3571 3610 consortibus

1998 3645 2124 3697 tuis.
2159 3644 2254 3698 Cui
2296 3642 2456 3699 alline
2496 3656 2579 3700 est
2614 3656 2665 3700 et
2704 3646 2834 3701 illud
2882 3647 3312 3717 Philippensibus
3349 3664 3376 3701 a
3407 3648 3571 3701 Paulo

1997 3738 2297 3805 scriptum:
2346 3734 2660 3792 Humiliavit
2718 3740 3052 3805 semetipsum
3100 3739 3272 3806 factus
3327 3741 3570 3794 obediens

1998 3844 2159 3896 usque
2206 3829 2275 3881 ad
2314 3839 2554 3893 mortem,
2608 3841 2828 3884 mortem
2882 3840 3058 3883 autem
3108 3833 3300 3895 crucis,
3362 3845 3572 3903 propter

1994 3920 2132 3988 quod
2161 3929 2207 3972 et
2236 3919 2377 3973 Deus
2398 3920 2651 3974 exaltabit
2681 3921 2833 3974 illum
2853 3922 2920 3976 ⁵³.
2962 3922 3140 3989 Quare
3175 3922 3344 3992 liquet
3383 3926 3567 3978 isthzec

1996 4009 2063 4063 de
2097 4008 2377 4063 Salvatore
2404 4020 2463 4063 ut
2490 4010 2708 4065 homine
2728 4010 2877 4067 dici:
2917 4022 3010 4066 aut
3046 4014 3300 4082 quoniam
3328 4014 3566 4069 Ecclesia

1996 4113 2191 4168 corpus
2238 4108 2323 4155 est
2344 4098 2555 4153 Domini
2578 4138 2594 4167 ,
2628 4108 2682 4155 et
2708 4102 2820 4169 ipse
2855 4112 3018 4171 caput
3040 4101 3295 4158 Ecclesia:
3322 4121 3338 4158 :
3366 4119 3559 4171 quem-

1994 4192 2281 4247 admodum
2350 4193 2584 4248 cmlestis
2648 4194 2795 4248 verbi
2870 4195 3142 4250 ministros
3225 4194 3365 4249 labia
3445 4210 3567 4250 esse

1995 4283 2195 4339 Christi
2232 4285 2469 4339 diximus
2506 4285 2607 4355 (uti
2644 4295 2761 4339 erat
2791 4285 2988 4341 Paulus
3033 4290 3085 4342 in
3120 4300 3179 4341 se
3214 4288 3328 4358 ipso
3361 4289 3565 4342 habens

1994 4375 2271 4431 Christutn
2317 4376 2625 4445 loquentem
2657 4378 2702 4411 ⁸⁸
2728 4419 2742 4443 ,
2781 4390 2833 4433 et
2874 4380 2918 4433 si
2960 4382 3079 4449 quis
3117 4382 3189 4435 illi
3222 4396 3321 4450 par
3368 4382 3566 4434 virtute

317 4453 483 4523 ρανίῳ
512 4452 655 4523 λόγῳ
683 4453 891 4525 (ὥσπερ
937 4452 1149 4517 Παῦλος
1196 4456 1253 4507 ὲν
1287 4454 1462 4525 ἑαυτῷ
1500 4455 1638 4525 ἔχων
1663 4456 1775 4526 (75)
1801 4457 1893 4511 τὸν

2009 4470 2098 4539 est)
2150 4484 2165 4521 :
2217 4470 2297 4524 sic
2361 4470 2525 4524 etiam
2571 4470 2777 4540 reliqua
2838 4473 3084 4542 corporis
3135 4474 3336 4527 Christi
3400 4489 3566 4528 metu-

311 4543 546 4615 Χριστὸν
597 4543 879 4607 λαλοῦντα,
935 4546 1031 4599 καὶ.
1073 4546 1126 4597 εἴ
1174 4563 1256 4610 τις
1304 4546 1496 4618 ἐκείνῳ
1544 4547 1642 4617 τὴν
1689 4548 1889 4621 ἀρετὴν

2009 4576 2089 4615 πει
2165 4576 2354 4617 sumus
2407 4572 2670 4631 quotquot
2734 4565 3079 4619 credidimus.
3152 4565 3208 4620 Si
3264 4565 3386 4635 quis
3439 4582 3565 4635 ergo

312 4639 749 4710 παραπλήσιος)⁶
786 4636 926 4691 οὕτω
966 4638 1158 4692 καὶτὰ
1198 4639 1358 4694 λοιπὰ
1403 4639 1539 4710 μέλη
1565 4639 1655 4694 τοῦ
1704 4640 1888 4713 σώμα-

2009 4656 2180 4709 datam
2217 4654 2477 4709 Ecclesia:
2518 4656 2945 4713 benedictionem
3010 4659 3078 4712 ad
3150 4659 3432 4714 Dominum
3476 4674 3563 4714 re-

308 4748 403 4795 τος
449 4729 549 4787 τοῦ,
594 4730 870 4804 Χριστοῦ,
922 4733 970 4785 oi
1023 4730 1211 4795 καθεῖς
1282 4732 1389 4787 τῶν
1450 4734 1887 4787 πεπιστευκότων

2009 4747 2217 4812 .ulerit,
2278 4747 2324 4802 is
2375 4747 2688 4817 neutiquam
2748 4748 3102 4805 aberraverit.
3148 4751 3284 4807 Illud
3346 4754 3560 4823 itaque,

310 4823 495 4894 ἐσμέν.
548 4824 657 4894 Τὴν
702 4820 794 4877 οῦν
839 4826 906 4895 τῇ
968 4824 1265 4897 Ἐκκλησία
1307 4825 1591 4898 διδομένην
1638 4825 1885 4896 εὐλογίαν

2009 4839 2271 4895 Benedixit
2310 4848 2359 4894 te
2383 4838 2544 4904 Deus,
2577 4841 2630 4894 id
2676 4851 2780 4905 est,
2822 4844 3062 4897 membra
3122 4853 3230 4905 tua.
3266 4854 3319 4902 et
3368 4820 3565 4917 corpus

309 4913 526 4967 intcbv
550 4913 755 4985 Κύριον
792 4915 820 4967 ό
852 4914 1143 4985 ἀναφέρων
1172 4915 1269 4986 οὐχ
1305 4916 1613 4989 ἁμαρτήσει
1638 4916 1770 4989 (7-4).
1808 4917 1882 4971 Τὸ

2015 4947 2137 4985 uum
2163 4931 2404 5002 implevit
2433 4932 2589 4987 bonis
2613 4935 2746 4998 suis,
2775 4935 2830 4987 in
2866 4946 3140 5002 (uernum,
3162 4940 3263 4994 hoc
3281 4949 3385 5003 est,
3413 4943 3463 4994 in
3490 4942 3566 4993 in.

308 5000 423 5068 οὖν,
458 5004 772 5075 Εὺλόγησέ
801 5020 875 5060 σε
904 5009 936 5060 ό
968 5006 1130 5073 Θεὸς,
1153 5009 1421 5074 τουτέστι,
1453 5010 1534 5063 Τὰ
1565 5010 1702 5081 μέλη
1722 5010 1788 5064 τὰ
1812 5011 1878 5065 σὰ

2009 5025 2225 5079 initum.
2241 5000 2422 5080 iVBBS.
2447 5025 2500 5088 4,
2520 5025 2571 5079 5.
2594 5027 2879 5097 Accingere
2900 5028 3076 5099 gladio
3100 5000 3187 5083 tuo
3211 5000 3382 5100 super:
3391 5034 3564 5101 femur

309 5097 405 5151 καὶ
433 5096 492 5149 τὸ
519 5095 679 5166 σῶμα
705 5098 766 5150 τὸ
795 5098 886 5152 σὺν
911 5098 1198 5171 ἐπλήρωσε
1220 5098 1328 5153 τῶν
1363 5100 1493 5171 παρ’
1523 5100 1715 5155 ἑαυτοῦ
1743 5102 1880 5168 ἀγα-

2010 5119 2565 5187 num,potentissime.
2593 5095 2777 5191 Specie
2813 5132 2901 5175 tua
2935 5134 2981 5176 et
3018 5124 3407 5191 pulchritudine
3447 5139 3557 5182 tua.

376 5297 422 5373 ξ’
449 5297 463 5349 Ι
495 5297 619 5352 Cor.
648 5295 859 5373 13⁸21..Δ
893 5301 953 5373 ,⁸³
980 5299 1264 5373 ϐειιιιιεξιι,
1292 5299 1378 5356 ib.
1456 5304 1501 5336 “
1529 5304 1544 5357 Ι
1577 5303 1701 5357 Cor.
1736 5305 1904 5366 11,12.

2012 5344 2025 5357 .
2101 5304 2145 5336 "
2180 5302 2308 5357 an.
2338 5322 2391 5369 κ,
2425 5306 2513 5361 16.
2589 5307 2632 5338 ⁸⁸
2668 5308 2825 5361 Rom.
2856 5324 2895 5373 ι,
2922 5309 2976 5363 5.
3067 5308 3110 5339 ⁸⁸
3149 5307 3313 5362 lCor.
3347 5310 3537 5366 ΠΛΟ

306 5366 351 5405 ⁸ο
381 5367 514 5421 Luc.
549 5383 621 5433 Iv,
652 5369 741 5422 22.
818 5369 862 5400 ⁸¹
892 5368 1021 5427 Luc.
1056 5389 1117 5440 tt,
1146 5370 1233 5425 52.
1308 5373 1354 5404 ⁸³
1390 5373 1543 5431 Vers.
1579 5374 1630 5428 8.
1707 5376 1750 5405 ⁸³
1774 5374 1904 5429 Phili

2032 5390 2094 5440 tt,
2121 5375 2175 5441 8,
2203 5374 2255 5427 9.
2335 5366 2449 5430 “'ll
2472 5378 2595 5432 Cor.
2634 5394 2749 5441 xm,
2772 5379 2825 5431 5.

2202 5513 2341 5586 Beg.
2371 5516 2563 5586 tertius
2588 5514 2711 5568 ὅθεν
2728 5515 2908 5586 δῆλον.

2049 5582 2158 5651 (75)
2201 5582 2277 5636 ita
2310 5584 2460 5636 multi
2502 5602 2631 5639 mss.
2667 5582 2791 5640 cuni
2818 5586 3055 5642 editione
3096 5586 3258 5643 Basil.
3291 5589 3360 5644 At
3388 5592 3551 5647 editi:

1686 5651 1878 5720 φολκὸν
1978 5651 2149 5725 Paris.
2218 5656 2273 5705 ὲν
2303 5654 2449 5723 αὐτῷ
2474 5655 2633 5725 ἔχων.

2049 5722 2160 5796 (74)
2188 5722 2542 5796 lleg._tertius
2584 5727 2682 5795 οὐχ
2715 5726 3074 5796 ἀμαρτήσεις.
3112 5728 3213 5781 Alii
3266 5731 3368 5783 duo
3422 5750 3547 5787 inst.

1978 5794 2076 5861 οὐχ
2128 5793 2438 5871 ἁμαρτήσῃ.
2491 5793 2967 5871 Ἰαίςῆιι”ιοιει·ο’ςυιιι
3028 5802 3209 5869 ttegiis
3256 5816 3450 5871 quarto
3501 5817 3552 5857 ct

1980 5873 2133 5918 sexto
2167 5864 2263 5932 οὐχ
2292 5865 2401 5932 ἁμα
2414 5865 2618 5935 ρτήσει.

378 5505 697 5577 (701Editio
741 5503 904 5560 Basil.
947 5514 1000 5558 et
1031 5516 1264 5576 quatuor
1314 5523 1444 5562 mss.
1474 5508 1712 5577 ἀγωγόν.
1751 5510 1878 5564 ΕιΙί-

307 5576 541 5631 ιῑιινρτυ
573 5576 746 5629 Paris.
786 5584 841 5629 et
886 5585 998 5647 tres
1034 5593 1163 5630 mss.
1202 5579 1510 5647 ἐπαγωγόν.
1561 5576 1681 5634 Mox
1713 5581 1879 5633 editio

306 5648 470 5731 ttasil.
503 5657 556 5701 et
577 5662 669 5701 sex
709 5660 839 5700 mss.
860 5646 1018 5699 ὁλκὸν
1049 5646 1181 5715 ἔχει.
1231 5646 1415 5703 ΕιΙὶιὶοί
1449 5649 1621 5705 Paris.
1654 5652 1678 5702 ἐ

304 5733 326 5768 ε
357 5735 491 5861 ﬁtfit)
538 5784 929 5861 Collttpritnﬂns
970 5787 1091 5861 καθ’
1134 5789 1181 5843 ὅ.
1230 5789 1424 5845 Statim
1456 5801 1690 5861 quatuor
1746 5807 1873 5848 mss.

304 5856 478 5925 τούτῳ
512 5858 589 5910 τό.
619 5858 752 5910 Etlili
780 5857 941 5909 τοῦτο
973 5859 1067 5927 τῷ.
