3978 6410
317 375 422 434 ιοι

1371 383 1663 443 HOMILIA
1703 387 1768 444 IN
1803 389 2133 448 PSALMUM
2177 385 2358 442 XLIV.

3455 406 3561 460 to?

317 508 418 563 νην
463 488 614 544 ποιοῦ
647 492 746 563 τὴν
782 493 1119 566 ἐπιμέλειαν.
1158 499 1326 552 Τοῦτο
1352 500 1460 573 γὰρ
1488 502 1606 556 ὁδὸν
1648 504 1740 556 καὶ
1771 501 1878 574 δρός

1999 503 2116 561 lens
2163 520 2284 562 esse
2337 507 2626 573 videatur.
2662 511 2804 580 quod
2855 510 3171 581 imperative
3218 513 3418 569 dictum
3468 520 3560 585 sit,

323 603 422 656 μον
455 585 679 654 παρέξει
700 587 778 657 τῷ
800 586 1134 660 κηρύγματι,
1167 593 1259 647 καὶ
1290 594 1499 658 πάντας
1543 594 1800 659 ὑποτάξει
1822 597 1889 665 τῇ

1997 595 2255 667 Prospere
2290 601 2535 667 procede,
2547 618 2670 658 cum
2699 618 2761 658 ea
2783 619 2901 672 quae
2925 613 3199 673 optantur,
3222 622 3432 676 semper
3463 611 3561 664 hnc

324 677 574 747 βασιλείᾳ
615 695 728 730 σου.
755 681 846 750 Μὴ
878 680 1128 745 ξενιζέτω
1166 682 1222 735 δὲ
1252 685 1399 756 ἡμᾶς
1427 685 1488 738 τὸ
1513 687 1878 766 προστατικῶς

1993 689 2154 743 modo
2181 688 2412 760 ﬁgurare
2443 691 2720 762 Scriptura
2768 693 2962 750 soleat.
2995 694 3257 750 Nimirum
3278 737 3294 760 ,
3323 696 3448 752 Fiat
3476 716 3563 752 vo-

319 767 572 834 λέγεσθαι
616 769 697 833 τὸ,
749 772 1109 837 Κατευοδοῦ,
1169 773 1259 827 διὰ
1317 775 1414 846 τὴν
1464 765 1751 849 συνήθειάν
1792 779 1878 849 τῆς

1990 779 2164 836 luntas
2209 791 2304 834 tua
2332 783 2400 847 ”,
2429 798 2548 852 pro,
2591 786 2795 839 utinam
2824 786 2936 855 ﬁat.
2979 784 3110 842 Item
3148 803 3164 840 τ
3197 789 3445 843 Adueniat
3479 807 3562 844 re-

318 861 540 932 Γραφῆς
566 860 738 925 οὕτως
768 863 854 917 ἀεὶ
883 865 1320 940 σχηματιζούσης
1342 869 1410 922 τά
1439 871 1891 939 εὐκτικά.Γενη-

316 951 472 1018 θήτω
500 953 606 1024 γάρ
629 953 694 1006 τὸ
721 953 948 1024 θέλημά
976 972 1112 1024 σου,
1141 960 1262 1012 ἀντὶ
1288 961 1401 1025 τοῦ,
1435 964 1708 1032 γενηθείη
1730 979 1743 992 ·
1773 964 1888 1027 καὶ,

330 1043 574 1098 Ἐλθέτω
605 1047 642 1112 ὴ
669 1047 958 1110 βασιλεία
978 1065 1114 1116 σου,
1145 1053 1266 1106 ἀντὶ
1295 1053 1410 1118 τοῦ,
1429 1055 1592 1110 ἔλθοι
1613 1055 1746 1127 (81).

384 1136 437 1191 6.
472 1136 714 1192 Ἕνεκεν
739 1140 1024 1210 ἀληθείας
1055 1143 1153 1198 καὶ
1169 1147 1502 1214 πραότητος
1530 1147 1627 1202 καὶ
1663 1147 1887 1202 δικαιο-

314 1231 511 1298 σύνης
531 1247 546 1262 ο
577 1232 676 1286 καὶ
699 1231 984 1302 ὁδηγήσει
1009 1251 1081 1290 σε
1113 1239 1466 1308 θαυμαστῶς
1491 1242 1530 1309 ὴ
1561 1240 1728 1305 δεξιά
1748 1256 1884 1294 σου.

314 1322 486 1375 Πάλιν
514 1325 542 1376 ὁ
575 1324 729 1393 λόγος
751 1329 947 1398 ὁμοίως
973 1331 1392 1400 ἐσχημάτισται,
1423 1332 1665 1404 ὡσπερεὶ
1698 1333 1888 1403 μισθὸν

313 1413 483 1468 ταῦτα
526 1416 891 1487 λαμϐάνοντος
917 1421 1010 1474 τοῦ
1064 1421 1291 1494 Κυρίου,
1315 1423 1378 1476 τὸ
1417 1424 1886 1478 κατευοδοῦσθαι

313 1508 409 1560 καὶ
436 1508 815 1574 βασιλεύειν,
855 1513 1007 1578 ὑπὲρ
1046 1513 1350 1581 ἀληθείας,
1399 1514 1499 1568 καὶ
1529 1518 1885 1584 πραότητος,

311 1599 412 1653 καὶ
435 1599 845 1671 δικαιοσύνης.
877 1606 968 1657 Δεί
992 1606 1050 1659 δὲ
1089 1607 1228 1660 οὕτω
1255 1609 1396 1661 νοεῖν
1420 1624 1432 1637 ·
1471 1609 1552 1662 ὅτι
1587 1609 1772 1679 ἐπειδὴ
1808 1607 1887 1680 τῷ

309 1691 493 1761 ψεύδει
520 1693 974 1766 προδιέστραπται
993 1697 1059 1750 τὰ
1088 1697 1422 1770 ἀνθρώπινα,
1451 1700 1536 1752 ἴνα
1563 1699 1886 1772 ὲπισπείρῃς

308 1785 410 1856 τὴν
433 1785 707 1857 ἀλήθειαν,
732 1787 982 1856 βασίλευε
1011 1792 1070 1842 ὲν
1094 1792 1206 1853 τοῖς
1238 1790 1548 1862 ἀνθρώποις
1577 1794 1691 1855 τοῖς
1731 1792 1883 1862 βασι-

307 1873 618 1946 λευομένοις
651 1877 753 1930 ὑπὸ
777 1879 876 1948 τῆς
900 1880 1174 1951 ἁμαρτίας
1193 1898 1207 1912 ο
1255 1882 1319 1934 σὺ
1352 1881 1460 1954 γὰρ
1491 1878 1541 1935 εἴ
1570 1884 1604 1955 ἠ
1631 1883 1876 1956 ἀλήθεια.

309 1969 445 2033 Καὶ,
473 1969 724 2024 Ἕνεκεν
767 1973 1118 2040 πραότητος,
1157 1975 1242 2027 ἵνα
1274 1973 1354 2045 τῷ
1391 1975 1536 2030 κατὰ
1591 1976 1652 2028 σὲ
1676 1976 1882 2029 ὑποδείο

307 2075 480 2129 γματι
502 2061 700 2125 πάντες
714 2063 792 2127 εἰς
808 2063 1108 2117 ἐπιείκειαν
1124 2065 1218 2117 καὶ
1232 2065 1575 2136 χρηστότητα
1591 2065 1877 2136 προαχθῶ-

308 2173 362 2208 σι
392 2155 522 2225 (82).
556 2158 644 2209 Διὸ
670 2159 766 2212 καὶ
820 2160 848 2211 ὁ
875 2158 1079 2229 Κύριος
1109 2159 1291 2228 ἔλεγε·
1329 2159 1556 2214 Μάθετε
1583 2161 1684 2214 ἀπ’
1710 2161 1876 2230 ἐμοῦ,

307 2246 395 2299 ὅτι
421 2245 609 2315 πρᾶός
650 2251 766 2318 εἰμι
804 2249 902 2304 καὶ
927 2250 1206 2316 ταπεινὸς
1229 2251 1304 2320 τῇ
1327 2252 1561 2320 καρδίᾳ.
1597 2253 1706 2306 Καὶ
1742 2253 1877 2306 ἀπό-

304 2337 470 2403 δειξιν
517 2340 806 2410 παρείχετο
855 2340 958 2410 τῆς
1030 2341 1336 2412 πραότητος
1396 2344 1482 2395 ἐπ’
1541 2343 1720 2398 αὐτῶν
1768 2341 1878 2397 τῶν

306 2431 484 2502 ἔργων
505 2447 520 2462 ο
551 2431 980 2504 λοιδορούμενος,
1007 2431 1248 2486 ἐσιώπα·
1282 2435 1694 2504 μαστιζόμενος,
1728 2437 1878 2506 ἠνεί-

305 2540 452 2593 χετο.
483 2524 596 2576 Καὶ
639 2524 926 2594 ὁδηγήσει
961 2542 1036 2580 σε
1069 2526 1424 2596 θαυμαστῶς
1456 2527 1493 2594 ri
1540 2527 1710 2591 δεειά
1737 2543 1876 2584 σου.

305 2617 440 2686 Οὐχὶ
473 2616 664 2682 στῦλος
719 2618 968 2688 νεφέλης,
1016 2619 1134 2672 οὐδὲ
1187 2619 1464 2690 φωτισμὸς
1515 2621 1704 2691 πυρὸς,
1760 2621 1878 2675 ἀλλ’

304 2709 442 2779 αὑτὴ
471 2711 504 2781 ἡ
537 2709 688 2776 δεξιά
720 2727 835 2765 σου.
893 2713 970 2765 Τὰ
1005 2711 1164 2780 ,ϐέλη
1217 2727 1335 2766 σου
1365 2713 1731 2782 ἠκονημένα,
1771 2714 1877 2769 δυ-

304 2799 446 2852 νατέ
470 2800 601 2870 (85).
631 2801 770 2874 Βέλη
806 2800 901 2854 τοῦ
929 2801 1155 2857 δυνατοῦ
1189 2803 1504 2874 ἠκονημένα
1535 2805 1684 2858 ἐστὶν
1716 2806 1766 2858 0i
1791 2805 1880 2858 εῦ-

307 2909 486 2963 στοχοι
537 2893 719 2961 λόγοι,
771 2895 821 2946 οί
866 2893 1281 2965 καθικνούμενοι
1345 2895 1444 2966 τῆς
1499 2895 1724 2966 καρδίας
1771 2896 1882 2950 τῶν

304 2986 693 3056 ἀκροωμένων,
725 2987 1010 3056 βάλλοντες
1039 2988 1131 3040 καὶ
1154 2986 1550 3060 τιτρώσκοντες
1595 2988 1692 3051 τὰς
1726 2989 1878 3044 εὐαι-

306 3077 534 3148 σθήτους
551 3077 746 3147 ψυχάς.
771 3080 947 3148 Λόγοι
978 3079 1109 3148 γὰρ,
1139 3079 1293 3150 φησι,
1319 3077 1528 3148 σοφῶν
1547 3080 1627 3145 ὠς
1647 3078 1720 3133 τὰ
1733 3080 1881 3144 ,βού-

1992 888 2146 940 gnum
2191 883 2339 927 tuum
2369 874 2436 940 “,
2471 889 2590 943 pro,
2626 877 2829 929 utinam
2851 877 3113 932 adveniat.

2059 1144 2112 1198 6.
2145 1139 2368 1215 Propter
2396 1147 2681 1214 ueritatem,
2699 1156 2746 1201 et
2789 1151 3242 1205 mansuetudinem
3266 1191 3281 1213 ,
3321 1161 3368 1204 et
3395 1152 3561 1220 justi-

1986 1237 2115 1290 tiam
2142 1253 2163 1302 ;
2196 1247 2242 1292 et
2281 1237 2495 1292 deducet
2528 1247 2575 1292 te
2623 1240 2936 1295 mirabiliter
2972 1242 3184 1296 dextera
3211 1254 3323 1298 tua.
3354 1244 3560 1300 Rursus

1987 1326 2074 1380 ltic
2121 1341 2301 1381 sermo
2349 1327 2610 1398 ﬁguratus
2660 1338 2775 1396 est,
2805 1331 3026 1400 perinde
3073 1347 3139 1386 ac
3191 1336 3237 1387 si
3296 1333 3557 1389 Dominus

1987 1419 2251 1473 mercedis
2289 1418 2409 1474 loco
2460 1421 2692 1490 accipiat
2736 1422 2860 1485 illa,
2891 1440 3132 1493 prospere
3162 1427 3458 1493 procedere,
3508 1437 3556 1481 et

1987 1525 2225 1579 regnare,
2277 1524 2489 1578 nempe,
2532 1523 2741 1582 prOpter
2781 1515 3066 1580 ueritatem,
3096 1526 3144 1569 et
3191 1520 3556 1572 mansuetudi-

1987 1619 2127 1666 nem,
2159 1613 2207 1658 et
2227 1603 2516 1672 justitiam.
2546 1606 2768 1674 Oportet
2789 1618 2966 1663 autem
2994 1610 3292 1680 intelligere
3317 1611 3418 1667 hoc
3443 1628 3557 1665 mo-

1987 1695 2056 1749 do
2093 1711 2105 1746 :
2136 1696 2388 1764 quoniam
2413 1709 2500 1750 res
2532 1695 2779 1750 humana:
2819 1698 3044 1752 inversa:
3083 1711 3210 1753 sunt
3251 1701 3553 1769 mendacio,

1988 1793 2047 1838 ut
2076 1799 2224 1840 seras
2246 1785 2553 1849 veritatem.
2572 1800 2736 1854 regna
2767 1786 2819 1840 in
2845 1787 3154 1844 hominibus
3175 1799 3397 1858 peccato
3425 1794 3555 1846 sub-

1977 1878 2137 1948 jectis
2171 1895 2185 1933 :
2220 1887 2273 1932 ιιι
2316 1878 2460 1933 enim
2508 1894 2567 1934 es
2598 1877 2714 1950 ipsa
2758 1882 2982 1935 veritas.
3019 1882 3110 1945 Et,
3166 1879 3386 1949 Propter
3413 1900 3558 1938 man-

1981 1971 2332 2034 suetudinem,
2367 1983 2424 2026 ut
2466 1987 2656 2028 omnes
2706 1973 2956 2041 exemplo
2989 1981 3078 2027 tuo
3117 1973 3182 2028 ad
3208 1974 3554 2029 clementiam

1979 2074 2034 2120 et
2085 2065 2382 2122 bonitatem
2413 2066 2794 2136 perducantur.
2844 2066 3206 2133 Quamobrem
3256 2069 3418 2122 etiam
3454 2066 3559 2122 Do-

1980 2155 2156 2211 minus
2195 2156 2406 2210 dicebat
2432 2173 2446 2209 :
2476 2154 2669 2209 Discite
2695 2172 2726 2209 a
2749 2173 2830 2209 me
2855 2159 2992 2226 quod
3020 2158 3159 2210 utilis
3180 2173 3294 2212 sum
3320 2171 3368 2212 et
3386 2158 3559 2210 Immi-

1978 2245 2044 2299 lis
2076 2246 2230 2301 corde
2276 2247 2342 2299 “.
2374 2244 2516 2316 Quin
2557 2254 2614 2301 et
2668 2247 2827 2300 istam
2875 2247 3347 2307 mansuetudinem
3396 2246 3558 2300 factis

1978 2340 2114 2408 ipsis
2142 2340 2378 2396 ostendit
2411 2359 2424 2395 :
2461 2339 2660 2410 quippe
2695 2339 2908 2395 tacebat
2935 2341 3198 2396 conviciis
3228 2340 3512 2396 lacessitus
3537 2334 3559 2390 in

1977 2431 2161 2502 ﬂagris
2198 2447 2392 2499 caesus,
2430 2432 2754 2502 perferebat.
2785 2431 2852 2486 Et
2901 2433 3116 2488 deducet
3165 2443 3212 2488 te
3247 2435 3560 2488 mirabiliter

1979 2526 2192 2580 dextera
2215 2536 2328 2580 tua.
2348 2525 2466 2580 Non
2496 2525 2746 2581 columna
2777 2527 2956 2593 nubis,
2978 2542 3083 2581 non
3119 2527 3258 2598 ignis
3283 2527 3558 2596 splendor,

1978 2618 2071 2670 sed
2096 2616 2207 2685 ipsa
2239 2618 2463 2672 dextera
2515 2627 2629 2673 tua.
2665 2620 2825 2674 Vens.
2854 2618 2907 2674 6.
2958 2618 3181 2691 Sagitta:
3229 2631 3332 2674 tuae
3365 2630 3556 2685 atutcc,

1978 2709 2357 2776 potentissime.
2384 2711 2571 2765 Acuta:
2614 2712 2847 2780 potentis
2877 2713 3090 2782 sagitta:
3122 2727 3399 2766 sermones
3431 2720 3560 2766 sunt

1979 2801 2209 2868 appositi
2249 2815 2314 2856 ac
2345 2802 2593 2868 solertes,
2625 2805 2714 2872 qui
2753 2805 3060 2858 auditorum
3096 2806 3407 2874 pertinguttt
3436 2820 3557 2858 cor-

1979 2894 2068 2959 da,
2103 2895 2406 2966 feriuntque
2435 2907 2493 2952 et
2537 2897 2786 2951 sauciant
2833 2898 3045 2952 animas
3099 2911 3259 2952 sensu
3313 2895 3458 2951 facili
3494 2909 3558 2949 ac

1981 2993 2228 3054 prompto
2271 2986 2541 3053 praeditas.
2594 2985 2760 3039 Verba
2808 2989 2966 3049 enim,
2996 2985 3190 3056 inquit,
3216 2988 3556 3056 sapientium,

1979 3076 2116 3130 sicut
2139 3077 2336 3130 stimuli
2370 3076 2561 3130 bonum
2591 3077 2657 3132 θ’.
2685 3079 2864 3144 Quare
2897 3089 2952 3133 et
2989 3078 3272 3133 Psalmista
3299 3093 3328 3131 a
3358 3078 3557 3134 dolosis

303 3185 537 3237 κεντρα.
579 3170 671 3223 Διὸ
701 3170 796 3223 καὶ
835 3171 864 3222 ὁ
910 3170 1211 3241 Ψαλμῳδὸς
1261 3170 1524 3241 ρυσθῆναί
1578 3187 1710 3224 ποτε
1769 3171 1878 3225 ἀπὸ

1984 3167 2287 3223 hominibus
2337 3169 2512 3223 aetatis
2563 3185 2674 3224 suae
2711 3169 3002 3239 aliquando
3052 3170 3269 3224 liberari
3310 3170 3555 3239 cupiens,

301 3260 411 3314 τῶν
433 3259 664 3331 δολερῶν
695 3261 805 3315 τῶν
837 3261 974 3314 κατὰ
1007 3260 1104 3332 τὴν
1130 3260 1326 3330 γενεὰν
1353 3258 1518 3314 αὑτοῦ
1563 3261 1874 3332 εὐχόμενος,

303 3355 384 3417 είς
419 3354 714 3425 θεραπείαν
752 3352 1006 3424 γλώσσης
1034 3353 1214 3416 δολίας
1246 3352 1314 3406 τὰ
1357 3352 1486 3424 βέλη
1531 3353 1626 3408 τοῦ
1651 3353 1876 3408 δυνατοῦ

299 3447 618 3520 1Ιιιιονημένα
655 3446 826 3517 ζητεῖ.
867 3445 1145 3516 Ἐπιζητεῖ
1179 3445 1235 3498 δὲ
1291 3446 1386 3498 καὶ
1421 3447 1548 3509 τοὺς
1599 3445 1876 3518 ἄνθρακας

302 3541 562 3612 παρεῖναι
608 3538 749 3604 τοὺς
797 3537 1116 3607 ἐρημικούς
1137 3554 1150 3567 ·
1185 3537 1325 3591 ὥστε
1363 3538 1503 3591 ὅσων
1539 3538 1605 3592 ἂν
1635 3539 1709 3610 μὴ
1746 3539 1878 3592 καθ-

301 3630 509 3700 ἅψηται
539 3627 625 3681 διὰ
649 3626 749 3699 τὴν
775 3624 1029 3697 πώρωσιν
1051 3625 1149 3696 τῆς
1178 3625 1403 3697 καρδίας
1427 3627 1494 3680 τὰ
1513 3626 1704 3696 λογικά
1724 3627 1875 3700 βέλη,

302 3717 510 3782 τούτοις
533 3717 755 3788 ἑτοίμην
779 3712 918 3770 εἶναι
944 3715 1041 3787 τὴν
1073 3714 1312 3780 κόλασιν,
1337 3716 1404 3787 ἢν
1437 3716 1530 3768 καὶ
1557 3717 1877 3786 ἐρημικοὺς

303 3814 578 3885 ἄνθρακας
627 3812 1087 3883 προσηγόρευσεν.
1124 3808 1281 3864 Ὅσοι
1335 3810 1444 3884 γάρ
1494 3813 1734 3884 ἐρήμους
1782 3812 1876 3868 τοῦ

303 3903 437 3957 Θεοῦ
461 3903 800 3972 κατέστησαν
815 3902 1064 3965 ἑαυτοὺς,
1084 3900 1292 3964 τούτοις
1315 3902 1608 3970 ἀναγκαῖος
1634 3905 1661 3956 ὁ
1686 3903 1876 3975 εὐτρε-

304 3994 510 4065 πισμὸς
544 3993 651 4046 τῶν
674 3991 959 4064 ἐρημικῶν
989 3991 1296 4064 ἀνθράκων.
1338 3992 1453 4046 Νῦν
1491 3989 1583 4046 οὖν
1628 3993 1875 4064 Τὰβέλη

301 4099 420 4138 σου
448 4081 814 4152 ἠκονημένα.
852 4083 947 4137 Ἐκ
970 4082 1175 4136 τούτων
1208 4083 1316 4137 τῶν
1353 4082 1522 4153 βελῶν
1550 4084 1877 4156 τιτρώσκον-

303 4195 392 4230 ται
425 4177 481 4229 ai
517 4176 955 4248 παραδεξάμεναι
982 4176 1082 4245 τὴν
1122 4175 1304 4228 πίστιν
1335 4175 1526 4248 ψυχαὶ,
1561 4177 1653 4231 καὶ
1677 4180 1755 4242 είς
1779 4179 1877 4252 τὴν

303 4271 478 4342 ἄκραν
513 4271 605 4324 τοῦ
638 4270 771 4324 Θεοῦ
801 4271 1023 4341 ἀγάπην
1054 4270 1404 4324 ὲκκαυθεῖσαι
1442 4271 1658 4340 λέγουσι
1708 4290 1878 4346 παρα-

303 4362 545 4434 πλησίως
573 4364 639 4432 τῇ
669 4361 853 4433 νύμφῃ
875 4362 954 4424 τὸ,
982 4360 1312 4431 Τετρωμένη
1342 4362 1577 4432 ἀγάπης
1595 4363 1709 4434 ἐγώ
1735 4367 1873 4435 ειμι.

315 4453 727 4525 ,Ανεκδιήγητον
755 4453 812 4506 δὲ
845 4453 939 4507 καὶ
976 4454 1217 4525 ἄρρητον
1253 4455 1314 4507 τὸ
1345 4455 1439 4506 τοῦ
1466 4454 1622 4523 λόγου
1651 4455 1872 4520 κάλλος,

1979 3270 2168 3316 acutas
2201 3261 2439 3330 potentis
2467 3259 2696 3330 sagittas
2725 3263 2984 3331 exquirit,
3009 3277 3108 3332 pro
3141 3262 3340 3332 lingua:
3364 3261 3560 3317 dolosae

1977 3351 2239 3407 remedio.
2273 3351 2478 3419 Quaerit
2526 3353 2710 3407 itidem
2767 3354 3029 3408 carbones
3073 3354 3263 3408 adesse
3304 3353 3538 3406 desolato

1978 3443 2082 3497 rios
2101 3442 2171 3508 ⁸³,
2205 3453 2267 3498 ut
2321 3457 2460 3512 quos
2505 3441 2575 3496 ob
2627 3443 2888 3499 callosam
2923 3445 3106 3500 cordis
3155 3444 3409 3500 duritiem
3449 3458 3558 3497 non

1977 3545 2207 3606 tangunt
2251 3534 2562 3606 spirituales
2612 3536 2860 3606 sagittae,
2899 3537 2964 3591 iis
3020 3547 3305 3605 parentum
3338 3536 3408 3591 sit
3434 3551 3560 3604 sup-

1975 3627 2220 3697 plicium,
2258 3627 2400 3697 quod
2445 3628 2708 3682 carbones
2735 3627 2902 3682 etiam
2947 3628 3299 3684 desolatorios
3329 3628 3562 3698 appella-

1975 3722 2054 3776 vit
2096 3720 2419 3790 Quicunque
2446 3719 2590 3775 enim
2622 3719 2792 3776 Deum
2832 3720 3144 3787 deseruere,
3171 3722 3238 3776 iis
3263 3722 3558 3776 carbonum

1977 3814 2424 3872 desolatoriorum
2455 3823 2747 3884 apparatus
2778 3814 3120 3869 necessarius
3140 3823 3243 3869 est.
3277 3812 3431 3868 Nunc
3463 3815 3561 3883 igi-

1981 3916 2066 3963 tur
2091 3906 2314 3976 Sagitta:
2345 3915 2451 3960 tua.-
2477 3915 2668 3961 acute.
2689 3904 2818 3974 Quae
2850 3906 3012 3962 tidem
3066 3906 3387 3976 amplexata:
3433 3917 3562 3963 sunt

1978 3999 2190 4064 animae,
2211 4000 2293 4055 bis
2311 3997 2624 4054 sanciantur
2638 3999 2851 4068 sagittis
2869 4015 2884 4064 ;
2903 4011 2957 4055 et
2975 3999 3063 4054 ubi
3085 4013 3296 4054 summa
3315 4000 3368 4053 in
3389 3998 3558 4054 Deum

1977 4091 2244 4147 cbaritate
2265 4089 2588 4157 exarserint,
2623 4090 2828 4160 pariter
2854 4105 2920 4146 ac
2943 4106 3139 4162 sponsa
3174 4094 3396 4147 dicunt:
3428 4090 3564 4145 Vul-

1977 4193 2162 4237 nerata
2193 4184 2450 4238 charitate
2475 4199 2569 4254 ego
2596 4199 2712 4238 sum
2734 4183 2802 4238 “.
2823 4183 2992 4240 Porro
3015 4184 3167 4240 verbi
3189 4185 3557 4254 pulchritudo,

1977 4277 2255 4346 sapientia
2282 4276 2511 4346 species,
2529 4291 2593 4332 ac
2621 4275 2715 4331 Dei
2739 4276 2790 4331 in
2819 4277 2988 4347 ipsius
3012 4277 3244 4348 imagine
3272 4277 3444 4333 forma
3478 4278 3560 4330 in-

1977 4368 2310 4437 explicabilis
2332 4380 2417 4426 est
2455 4385 2522 4425 ac
2563 4369 2872 4426 ineﬂabilis.
2909 4369 3058 4425 Beati
3091 4371 3276 4441 igitur,
3316 4371 3408 4440 qui
3437 4385 3562 4426 con-

1981 4462 2300 4532 templanda:
2354 4477 2498 4517 verae
2532 4461 2678 4518 illius
2718 4462 3140 4531 pulchritudinis
3191 4472 3320 4518 sunt
3355 4463 3555 4530 cupidi.

302 4548 396 4600 καὶ
446 4523 630 4618 ήτῆςί
653 4546 843 4614 σοφίας
885 4523 1177 4618 ὡραιότης,
1213 4548 1307 4602 καὶ
1344 4550 1376 4621 η
1409 4547 1502 4602 τοῦ
1535 4549 1671 4603 Θεοῦ
1707 4552 1764 4604 ὲν
1806 4553 1874 4622 τῇ

1984 4523 2118 4610 Nam
2145 4555 2289 4610 velut
2320 4554 2447 4611 buic
2473 4555 2674 4625 alligati
2713 4523 2808 4625 per
2837 4555 3208 4620 dilectionem,
3252 4555 3561 4610 caelestem-

302 4638 471 4691 εικόνι
504 4637 669 4691 αὐτοῦ
702 4639 903 4710 μορφή.
955 4640 1231 4712 Μακάριοι
1260 4636 1374 4708 οὖν,
1402 4642 1452 4694 οί
1479 4641 1574 4695 τοῦ
1620 4643 1875 4713 ἀληθινοῦ

300 4731 530 4793 κάλλους
554 4729 960 4801 φιλοθεάμονες,
981 4731 1158 4784 Οίονεὶ
1182 4732 1290 4804 γάρ
1325 4733 1708 4804 προσδεθέντες
1728 4733 1877 4806 αύτῷ

299 4823 390 4877 διά
422 4822 522 4893 τῆς
553 4824 794 4894 ἀγάπης,
831 4825 925 4876 καὶ¹
956 4822 1044 4876 τὸν
1073 4827 1391 4897 ἐπουράνιον
1423 4827 1514 4881 καὶ
1540 4828 1875 4900 μακαριστὸν

300 4912 535 4986 ἐρῶντες
569 4914 768 4985 ἔρωτα,
805 4914 1248 4969 ἐπιλανθάνονται
1283 4917 1380 4986 μὲν
1419 4918 1635 4973 οἰκείων
1663 4921 1756 4972 καὶ
1790 4919 1875 4986 φί-

299 5009 438 5062 λωνο
473 5008 918 5064 ἐπιλανθάνονται
956 5008 1012 5061 δὲ
1047 5009 1195 5062 οἴκου
1241 5010 1334 5062 καὶ
1370 5011 1686 5081 περιουσίας
1731 5014 1874 5069 άπά-

301 5118 428 5173 σης·
460 5100 806 5171 ἐκλαθόμενοι
829 5099 885 5154 δὲ
915 5101 1122 5171 καὶτῆς
1151 5102 1464 5173 σωματικῆς
1492 5104 1569 5166 εις
1590 5103 1651 5157 τὸ
1674 5104 1873 5158 ἐσθίειν

1982 4663 2087 4718 que
2115 4655 2168 4704 et
2188 4647 2348 4719 plane
2375 4651 2591 4704 beatum
2639 4658 2882 4703 amantes
2913 4663 3149 4702 amorem
3175 4687 3189 4712 ,
3231 4648 3559 4718 propinquo-

1986 4757 2104 4797 rum
2127 4740 2521 4796 obliviscuntur
2546 4749 2602 4795 et
2626 4738 2961 4794 amicorum:
3008 4740 3135 4795 item
3183 4739 3371 4794 domus
3418 4739 3557 4794 obli-

1980 4831 2262 4887 viscantur
2294 4835 2348 4885 et
2372 4842 2535 4898 opum
2577 4828 2858 4894 omnium;
2896 4828 3005 4883 imo
3037 4825 3194 4898 165
3229 4829 3391 4880 etiam
3437 4840 3560 4880 cor-

1980 4922 2223 4992 poralem
2261 4920 2458 4976 edendi
2499 4929 2554 4975 et
2584 4919 2804 4976 bibendi
2850 4921 3225 4976 necessitatem
3255 4917 3428 4983 obliti,
3457 4918 3558 4973 soli

1981 5013 2164 5070 divino
2197 5027 2262 5070 ac
2297 5025 2434 5082 puro
2471 5011 2643 5066 amori
2697 5009 2837 5066 afﬁxi
2872 5021 3017 5066 sunt.
3054 5010 3353 5081 Intelligere
3379 5018 3554 5064 autem

1978 5106 2154 5176 possis
2179 5104 2401 5175 sagittas
2435 5112 2621 5158 acutas
2649 5116 2742 5158 eos
2771 5104 2957 5168 etiam,
2983 5103 3074 5174 qui
3099 5102 3166 5157 ad
3197 5101 3554 5158 disseminan-

371 5285 417 5316 "
447 5283 636 5338 Matth.
662 5299 734 5350 vr,
763 5283 850 5352 10.
927 5285 971 5314 ⁸ο
1003 5282 1132 5338 ibid.
1208 5282 1252 5314 “
1279 5281 1466 5338 Matth.
1486 5299 1565 5350 xl,
1599 5283 1688 5339 29.
1766 5288 1810 5317 “
1841 5284 2023 5344 Eccle.
2050 5302 2150 5353 xit,
2179 5286 2262 5340 ll.
2342 5284 2386 5316 "
2410 5283 2557 5340 Psal.
2583 5298 2730 5349 cxtx,
2756 5284 2811 5338 4.
2888 5284 2931 5316 ⁸⁸
2965 5285 3120 5340 Cant.
3156 5301 3214 5349 ll,
3245 5283 3297 5337 5.

373 5419 487 5489 (8|)
523 5420 613 5474 Sic
651 5419 891 5488 quinque
941 5435 1072 5473 mss.
1120 5434 1241 5474 cum
1289 5421 1524 5474 editione
1587 5420 1754 5476 Basil.
1804 5423 1875 5477 At

299 5493 472 5545 editio
507 5490 680 5545 Paris.
724 5490 872 5560 ἔλθῃ.
903 5491 1010 5543 Nec
1038 5493 1111 5542 ita
1130 5491 1298 5542 multo
1322 5501 1445 5560 post
1466 5491 1706 5558 quinque
1740 5507 1873 5546 mss.

312 5563 481 5634 ’Υπὲρ
503 5560 778 5632 ἀληθείας.
796 5550 933 5634 Εξιιιὶ
954 5561 1179 5634 Ἕνεκεν
1211 5550 1497 5634 ἀληθείαςί
1522 5550 1715 5614 Statim
1745 5577 1880 5634 qun-

303 5641 426 5685 tuor
454 5631 599 5685 inss.
621 5647 742 5702 cum
769 5631 1004 5684 editione
1025 5631 1187 5702 Basil.
1209 5631 1725 5702 προσδιέστραπται.
1754 5633 1878 5685 Edi-

301 5706 379 5754 tio
447 5717 574 5757 vero
643 5701 816 5754 Paris.
873 5717 994 5754 cum
1047 5699 1198 5755 Colb.
1254 5699 1412 5755 sexto
1480 5699 1873 5774 προσδιέστρα-

299 5790 424 5826 πτο.

372 5843 482 5914 (8⁵2)
502 5842 639 5898 Editi
669 5842 977 5912 ἐναχθῶπιν.
1006 5842 1068 5896 At
1093 5858 1219 5898 mss.
1242 5842 1471 5912 quinque
1506 5841 1866 5912 προαχθῶσι-φ.

2056 5423 2166 5493 (83)
2192 5423 2266 5476 Ita
2300 5437 2516 5491 quoque
2541 5421 2742 5493 legitur
2769 5420 2907 5489 apud
2935 5417 3098 5493 LXX,
3133 5421 3228 5473 sed
3257 5433 3440 5493 vocem
3462 5418 3550 5471 δυ-

1985 5494 2115 5548 νατέ
2140 5489 2245 5548 non
2276 5489 2521 5558 agnoscit
2539 5489 2942 5554 Eusebiusmec
2965 5490 3182 5544 dubium
3202 5491 3329 5558 quin
3359 5489 3551 5544 abesse

1989 5573 2258 5632 Oporteat.
2301 5563 2464 5617 Notat
2518 5563 2664 5617 enim
2718 5561 3080 5630 Hieronymus
3114 5559 3177 5632 ad
3210 5558 3458 5632 suniam,
3487 5560 3545 5632 id

1984 5628 2306 5689 vocabulum
2338 5634 2666 5698 redundare,
2693 5640 2857 5700 atque
2886 5628 3231 5700 e‘superiore
3255 5629 3372 5684 loco
3396 5628 3550 5684 addi~

1981 5716 2294 5845 ωἳὲδεῧῗχ
2335 5774 2528 5844 λογικά
2565 5775 2616 5829 in
2648 5770 2915 5850 aliquibus
2955 5786 3084 5827 mss.
3118 5783 3225 5827 non
3257 5769 3540 5840 reperitur.
