3978 6410
310 404 418 459 403

1343 410 1635 466 HOMILIA
1675 412 1742 466 ΙΝ
1784 412 2120 472 ΙΨΞΔΒΜΒΜ
2160 413 2346 474 XLW.

3468 431 3574 486 406

326 519 541 591 Ἐπειδὴ
570 520 677 573 ἔδει
706 523 1038 593 σχηματίσαι
1062 524 1124 578 τὸ
1154 525 1379 581 τυπικὸν
1396 527 1623 597 χρίσμα,
1655 528 1894 593 καὶτοὺς

2002 535 2232 589 chrisma
2274 534 2482 605 typicos
2518 544 2629 591 tum
2657 524 2941 607 pontifices
2970 547 3078 595 tum
3104 555 3256 613 reges
3294 544 3577 601 adumbra-

312 614 577 677 τυπικοὺς
609 616 900 687 ἀρχιερέας
930 621 1022 672 καὶ
1053 618 1326 690 βασιλέας,
1361 620 1586 693 ὲχρίσθη
1640 621 1719 692 τῷ
1761 622 1891 698 ἀλη-

312 707 444 777 θινῷ
492 708 753 780 χρίσματι
805 712 837 781 ἡ
896 710 1033 783 σὰρξ
1080 711 1173 765 τοῦ
1221 713 1452 785 Κυρίου,
1494 716 1560 785 τῇ
1594 715 1688 767 τοῦ
1729 716 1888 783 ἁγίου

316 800 630 870 Πνεύματος
692 803 771 865 είς
822 803 990 875 αὐτὴν
1025 804 1311 877 ἐπιδημίᾳ,
1346 807 1483 877 ὅπερ
1516 793 1890 877 ἀγαλλιάσεως

311 891 487 945 ἔλαιον
510 894 968 966 προσηγόρευται.
1017 896 1272 967 Ἐχρίσθη
1307 897 1364 950 δὲ
1396 880 1720 967 παρὰντοὺς
1754 917 1889 968 μετ-

310 983 494 1050 όχους
540 984 741 1037 αὐτοῦ’
784 987 1082 1051 τουτέστιν,
1137 989 1278 1059 ὑπὲρ
1330 991 1538 1055 πάντας
1570 992 1890 1063 ἀνθρώπους

308 1076 435 1138 τοὺς
498 1076 821 1147 μετέχοντας
858 1078 953 1133 τοῦ
994 1080 1253 1153 Χριστοῦ.
1305 1082 1451 1137 Διότι
1502 1084 1731 1148 ἐκείνοις
1789 1085 1887 1155 μὲν

313 1167 513 1238 μερική
542 1186 625 1232 τις
670 1169 869 1223 ἐδίδοτο
902 1170 1222 1241 Πνεύματος
1258 1175 1531 1239 κοινωνία,
1577 1176 1671 1228 ἐπὶ
1701 1176 1758 1228 δὲ
1796 1176 1888 1230 τὸν

311 1256 439 1309 Υἱὸν
491 1256 587 1309 τοῦ
630 1258 764 1312 Θεοῦ
801 1259 1059 1316 κατελθὸν
1101 1263 1164 1315 τὸ
1202 1264 1427 1335 Πνεῦμα
1472 1265 1532 1319 τὸ
1574 1265 1759 1335 ἆγιον,
1812 1266 1888 1331 ὥς

308 1361 476 1415 φησιν
530 1346 802 1419 Ἰωάννης,
859 1352 1134 1421 Ἔμεινεν
1181 1355 1275 1407 ἐπ’
1316 1357 1523 1411 αὐτόν.
1578 1358 1775 1423 Καλῶς
1831 1359 1887 1412 δὲ

308 1437 684 1505 ἀγαλλιάσεως
743 1442 921 1496 ἔλαιον
985 1446 1044 1498 τὸ
1103 1446 1329 1517 Πνεῦμα
1379 1450 1884 1521 προσαγορεύεται,

307 1530 494 1601 ἐπειδὴ
530 1532 624 1584 καὶ
660 1527 741 1598 εἷς
770 1534 877 1588 τῶν
912 1538 1015 1590 ὑπὸ
1049 1538 1142 1592 τοῦ
1173 1540 1490 1612 Πνεύματος
1526 1543 1683 1611 ἁγίου
1714 1561 1889 1616 γεωρ-

307 1622 589 1692 γουμένων
625 1627 852 1696 καρπῶν
881 1630 1028 1683 ἐστιν
1070 1632 1105 1702 ἡ
1146 1634 1311 1703 χαρά.
1361 1634 1580 1707 Ἐπειδὴ
1612 1635 1668 1689 δὲ
1698 1637 1889 1707 μικτός

305 1713 452 1765 ἐστιν
472 1714 500 1765 ὁ
530 1718 657 1786 περὶ
681 1715 775 1770 τοῦ
808 1720 1063 1792 Σωτῆρος
1088 1723 1244 1792 λόγος
1269 1725 1359 1778 διά
1380 1744 1439 1779 τε
1468 1726 1566 1797 τὴν
1590 1728 1750 1797 φύσιν
1786 1729 1888 1799 τῆς

305 1804 581 1878 θεότητος,
620 1810 715 1862 καὶ
762 1812 861 1883 τὴν
891 1815 1205 1887 οἰκονομίαν
1254 1822 1352 1889 τῆς
1400 1821 1883 1893 ὲνανθρωπήσεως,

1991 637 2249 693 ret,caro
2294 627 2506 681 Domini
2552 643 2682 684 vero
2726 631 3023 685 chrismate
3073 633 3289 688 inuncta
3320 645 3420 699 est,
3460 636 3577 706 ipse

1991 720 2163 775 sancti
2196 719 2434 788 Spiritus
2462 720 2514 774 in
2551 736 2668 775 eam
2693 723 2923 777 adventu
2966 742 2978 777 :
3007 725 3147 792 quod
3177 724 3379 781 laetitize
3399 728 3573 782 oleum

1993 811 2320 880 appellatum
2357 820 2459 867 est.
2494 811 2700 868 Unctus
2730 824 2817 869 est
2861 824 3042 868 autem
3091 832 3200 884 prta
3244 819 3573 871 consortibus

1991 908 2124 971 suis,
2154 908 2254 962 hoc
2292 918 2393 972 est,
2428 921 2537 976 pra:
2592 909 2847 963 omnibus
2905 910 3213 965 hominibus
3247 912 3338 981 qui
3373 912 3571 968 Christi

1989 1009 2116 1054 sunt
2159 999 2467 1067 participes.
2502 997 2636 1053 Nam
2678 1000 2781 1055 illis
2822 1001 3036 1069 quidem
3083 1002 3262 1070 aliqua
3300 1003 3572 1060 tribueba-

1992 1098 2081 1143 tur
2110 1089 2347 1158 Spiritus
2375 1090 2822 1157 communicatio;
2850 1084 2905 1146 οἰ
2928 1106 3054 1147 vero
3088 1092 3320 1162 Spiritus
3350 1105 3571 1150 sanctus

1992 1182 2045 1236 in
2091 1183 2183 1237 Dei
2230 1182 2421 1237 Filium
2462 1183 2814 1250 descendens,
2862 1194 2919 1237 ut
2971 1186 3046 1239 ait
3086 1186 3357 1250 Joannes,
3402 1186 3576 1253 Super

1988 1274 2161 1342 ipsum
2186 1275 2377 1327 ntansit
2396 1274 2460 1327 ⁸³.
2494 1275 2663 1330 Recte
2689 1283 2868 1329 autem
2901 1274 3136 1347 Spiritus
3163 1278 3338 1332 oleum
3379 1278 3576 1332 lmtitia:

1988 1365 2319 1429 nominatur,
2338 1380 2460 1420 eum
2487 1380 2717 1422 unusex
2746 1366 3012 1422 fructibus
3038 1384 3174 1438 quos
3201 1380 3420 1424 sanctus
3447 1368 3573 1434 Spi-

1990 1459 2126 1511 ritus
2149 1457 2430 1527 producit,
2467 1458 2721 1528 gaudium
2747 1461 2818 1515 sit
2850 1461 2920 1516 "°.
2948 1461 3110 1533 136
3142 1462 3402 1528 Quoniam
3445 1477 3575 1515 vero

1988 1550 2180 1604 mistus
2210 1558 2295 1603 est
2327 1548 2395 1604 de
2429 1549 2723 1605 Servatore
2765 1567 2969 1616 sermo,
3006 1564 3226 1622 propter
3275 1553 3575 1607 divinitatis

1989 1652 2237 1697 naturam
2268 1652 2322 1698 et
2356 1643 2748 1699 incarnationis
2782 1645 3258 1715 dispensationem,
3292 1661 3476 1699 rursus
3508 1647 3573 1697 ad

1988 1733 2084 1787 Dei
2137 1733 2529 1787 humanitatem
2582 1733 2915 1803 respiciens,
2946 1734 3073 1788 ait:
3126 1735 3372 1789 Dilexisti
3412 1734 3576 1801 justi-

1991 1826 2139 1891 tiam,
2164 1833 2214 1880 et
2245 1825 2405 1879 odisti
2451 1825 2783 1896 iniquitatem
2817 1844 2837 1892 ;
2878 1827 3100 1895 perinde
3135 1828 3287 1896 quasi
3323 1828 3524 1881 diceret
3556 1842 3571 1880 :

307 1898 469 1951 πάλιν
501 1902 581 1964 εἰς
613 1903 675 1955 τὸ
703 1904 1043 1977 ἀνθρώπινον
1076 1910 1169 1962 τοῦ
1193 1911 1326 1964 Θεοῦ
1345 1913 1882 1984 ἀποδλέψας,φησίν’

2002 1915 2204 1986 Reliqui
2233 1915 2450 1985 quidem
2497 1916 2743 1972 homines
2768 1916 2954 1972 labore
2980 1920 3351 1987 exercitioque
3391 1928 3446 1972 et
3488 1927 3573 1972 at-

319 1990 666 2061 Ἢγάπησας
692 1996 1108 2067 δικαιοσύνην,
1133 2003 1230 2055 καὶ
1252 2004 1552 2073 ἐμίσησας
1595 2007 1851 2076 ἀνομίαν
1870 2026 1885 2039 ·

304 2084 428 2138 ἀντὶ
467 2086 581 2153 τοῦ,
606 2091 669 2142 Οί
704 2090 803 2160 μὲν
832 2092 1008 2148 λοιποὶ
1040 2095 1319 2168 ἅνθρωποι
1353 2100 1501 2170 πόνῳ
1521 2101 1618 2156 καὶ
1653 2101 1885 2173 ἀσκήσει

304 2177 400 2229 καὶ
436 2185 675 2253 προσοχῇ
701 2184 960 2251 πολλάκις
987 2190 1309 2260 κατορθοῦσι
1336 2191 1433 2262 τὴν
1467 2193 1604 2264 πρὸς
1628 2193 1690 2246 τὸ
1721 2194 1885 2248 καλὸν

302 2268 564 2338 διάθεσιν,
599 2274 691 2328 καί
723 2276 821 2347 τὴν
866 2277 975 2334 τῶν
1009 2279 1230 2350 φαύλων
1279 2282 1663 2356 ἀποστροφήν·
1701 2285 1782 2338 σοὶ
1825 2286 1883 2339 δὲ

305 2367 506 2437 φυσική
542 2365 623 2430 τίς
640 2369 754 2421 ἐστι
781 2370 915 2443 πρὸς
934 2372 995 2426 τὸ
1022 2374 1225 2442 ἀγαθὸν
1254 2378 1287 2446 ἡ
1318 2376 1612 2443 οἰκείωσις,
1631 2378 1723 2431 καὶ
1747 2379 1882 2450 πρὸς

303 2458 406 2527 τὴν
436 2461 666 2530 ἀνομίαν
714 2464 747 2532 ἡ
787 2463 1160 2537 ἀλλοτρίωσις.
1217 2469 1326 2523 Καὶ
1374 2470 1505 2541 ἡμῖν
1555 2471 1613 2524 δὲ
1654 2471 1767 2543 (91)
1818 2472 1880 2526 οὐ

305 2548 540 2619 χαλεπὸν
565 2551 903 2625 βουληθεῖσιν
921 2556 1209 2612 ἀναλαϐεῖν
1223 2561 1322 2631 τὴν
1340 2561 1477 2631 πρὸς
1495 2562 1593 2632 τὴν
1614 2561 1887 2615 δικαιοσύ-

306 2658 404 2713 νην
425 2643 670 2715 ἀγάπην,
699 2648 793 2699 καὶ
824 2647 884 2700 τὸ
916 2649 1051 2719 πρὸς
1089 2652 1188 2723 τὴν
1221 2654 1452 2723 ἀνομίαν
1486 2657 1662 2725 μῖσος.
1694 2656 1884 2709 Πᾶσαν

304 2735 416 2807 γὰρ
443 2735 671 2809 δύναμιν
696 2742 723 2794 ὁ
749 2739 881 2804 Θεὸς
910 2744 1196 2814 χρησίμως
1225 2745 1393 2799 ἔδωκε
1407 2749 1472 2817 τῇ
1504 2748 1694 2820 λογικῇ
1713 2748 1882 2819 ψυχῇ’

218 2882 223 2896 ,
303 2828 494 2901 ὥσπερ
522 2832 622 2904 τὴν
650 2832 744 2886 τοῦ
779 2836 1019 2909 ἀγαπᾷν,
1053 2837 1196 2891 οὕτω
1216 2840 1311 2893 καὶ
1339 2841 1439 2912 τὴν
1460 2839 1552 2894 τοῦ
1588 2844 1784 2911 μισεῖψ
1803 2842 1889 2895 ἵνα

306 2919 448 2991 λόγῳ
476 2921 824 2994 εύθυνόμενοι
857 2928 1161 3000 ἀγαπῶμεν
1204 2932 1301 3002 μὲν
1330 2933 1428 3004 τὴν
1466 2933 1687 3005 ἀρετὴν,
1723 2934 1890 3004 μισῶ-

308 3030 410 3082 μεν
432 3014 597 3086 δὲτὴν
627 3018 844 3072 κακίαν.
880 3021 1035 3076 Ἐστι
1062 3024 1170 3095 γάρ
1202 3042 1333 3078 ποτε
1368 3026 1460 3078 καὶ
1478 3026 1777 3089 ὲπαινετῶς
1805 3025 1885 3097 τῷ

1992 2007 2233 2061 tentione
2261 2007 2579 2076 plerumque
2622 2007 2840 2062 virtutis
2880 2008 3123 2063 habitum
3180 2017 3570 2078 assequuntur,

1989 2098 2395 2169 abhorrentqne
2430 2114 2460 2153 a
2508 2099 2690 2165 vitiis;
2726 2100 2819 2153 tibi
2862 2115 2993 2155 vero
3030 2101 3292 2155 naturalis
3329 2101 3574 2170 qumdatn

1985 2198 2070 2246 est
2124 2205 2245 2245 cum
2302 2190 2446 2246 bono
2491 2190 2801 2259 coniunctio
2838 2207 2902 2248 ae
2948 2194 3315 2260 necessitudo,
3367 2196 3572 2250 aliena-

1986 2283 2170 2352 tioque
2210 2284 2278 2338 ab
2326 2282 2954 2351 iniquitate.Quinetiam
3004 2285 3175 2349 nobis,
3195 2287 3239 2340 si
3284 2287 3571 2350 volumus,

1991 2374 2205 2431 difficile
2272 2390 2377 2430 non
2428 2385 2510 2431 est
2552 2386 2804 2431 amorem
2863 2376 3117 2447 iustitiae,
3167 2388 3221 2432 et
3272 2379 3577 2447 iniquitatis

1990 2469 2175 2525 odium
2209 2467 2507 2537 suscipere.
2548 2466 2775 2523 Omnem
2810 2469 2953 2523 enim
2985 2468 3295 2524 facultatem
3327 2470 3575 2524 rationali

1992 2560 2186 2614 anima:
2243 2558 2447 2613 utiliter
2481 2559 2627 2612 dedit
2662 2558 2845 2625 Deus;
2878 2571 2937 2614 ut
2988 2564 3209 2624 amoris,
3239 2561 3311 2615 ita
3361 2576 3578 2631 quoque

1991 2654 2101 2708 odii
2145 2671 2161 2707 :
2200 2661 2261 2706 ut
2306 2651 2519 2707 ratione
2559 2652 2753 2707 directi
2790 2653 3079 2724 diligamus
3131 2653 3421 2716 virtutem,
3454 2653 3579 2707 odio

1994 2761 2126 2802 vero
2163 2745 2462 2802 habeamus
2513 2745 2879 2815 iniquitatem.
2928 2744 3079 2800 Licet
3107 2745 3248 2799 enim
3287 2745 3579 2812 aliquando

1997 2839 2160 2894 etiam
2207 2836 2549 2892 laudabiliter
2578 2836 2702 2891 odio
2736 2836 2833 2889 uti.
2873 2835 3061 2889 Nonne
3104 2853 3191 2889 eos
3225 2837 3315 2905 qui
3362 2838 3581 2889 oderant

1993 2940 2063 2994 te,
2088 2929 2328 2996 Domine,
2353 2930 2475 2982 odio
2502 2928 2690 2993 habui,
2722 2938 2771 2981 et
2812 2944 2967 2995 super
2996 2927 3236 2981 inimicos
3280 2937 3397 2981 tuos
3433 2929 3580 2981 tabe-

1990 3024 2192 3078 scebam
2224 3023 2249 3076 .7
2275 3019 2519 3090 Perfecto
2558 3020 2678 3074 odio
2708 3020 2921 3073 oderam
2953 3018 3072 3073 illos
3100 3020 3167 3072 π.

309 3104 457 3172 μίσει
488 3108 814 3177 χρήσασθαι.
851 3111 998 3179 Οὐχὶ
1057 3114 1199 3180 τοὺς
1230 3116 1570 3184 μισοῦντας
1625 3132 1720 3183 σε,
1756 3117 1955 3186 Κύριε,
1994 3115 2297 3184 ἐμίσησα,
2352 3111 2451 3166 καὶ
2504 3112 2605 3165 ἐπὶ
2648 3111 2790 3178 τοὺς
2839 3110 3091 3181 ἐχθρούς
3144 3125 3260 3166 σου
3303 3110 3584 3178 ἐξετηκό-

300 3197 594 3267 μην(92);
632 3198 868 3255 Τέλειον
883 3204 1065 3272 μῖσος
1080 3207 1336 3276 ἐμίσουν
1368 3210 1610 3275 αὐτούς.

380 3286 433 3341 9.
452 3291 695 3359 Σμύρνα
726 3293 822 3349 καὶ
845 3296 1073 3366 στακτὴ
1096 3299 1195 3351 καὶ
1216 3301 1448 3355 κασσία
1468 3302 1587 3356 ἀπὸ
1614 3300 1736 3355 τῶν
1764 3305 1894 3372 ίμα-

2068 3297 2123 3353 9.
2165 3295 2333 3351 Vims.
2360 3294 2413 3359 9,
2446 3294 2536 3350 ‘10.
2580 3292 2801 3362 Myrrha
2830 3302 2877 3346 et
2909 3300 3056 3362 gutta
3089 3301 3137 3345 et
3179 3292 3323 3346 casia
3363 3308 3393 3344 a
3432 3294 3585 3347 vesti-

309 3382 451 3436 τίων
470 3398 588 3438 σου
615 3386 732 3439 ἀπὸ
749 3386 991 3457 ,ϐἀρεων
1013 3393 1453 3462 ἐλεφαντίνων,
1485 3395 1551 3459 ἐξ
1580 3388 1668 3448 ὧν
1682 3398 1895 3466 εὔερρα⁸

308 3474 426 3526 νάν
447 3489 521 3528 σε
547 3479 866 3549 θυγατέρες
880 3483 1195 3546 βασιλέων
1213 3486 1283 3539 ἐν
1300 3486 1377 3553 τῇ
1404 3486 1541 3556 τιμῆ
1576 3503 1713 3543 σου.
1735 3488 1898 3542 Ὑπο-

311 3567 652 3625 καταῦαίνων
680 3571 991 3638 ἀκολούθως
1033 3576 1060 3627 ὁ
1087 3577 1427 3648 προφητικὸς
1448 3576 1623 3646 λόγος,
1654 3578 1750 3632 καὶ
1765 3581 1897 3634 πᾶσι

309 3661 424 3723 τοῖς
438 3660 579 3715 κατά
598 3662 694 3734 τὴν
716 3665 1030 3737 οἰκονομίαν
1047 3668 1450 3740 προεπιϐαλὼν,
1464 3669 1542 3740 τῷ
1564 3672 1899 3743 ὲνατενισμῷ

311 3750 406 3805 τοῦ
449 3754 767 3826 Πνεύματος
805 3758 914 3829 (9'5)
956 3758 1049 3813 τοῦ
1098 3760 1575 3825 ἀποκαλύπτοντος
1629 3763 1779 3832 αὐτῷ
1829 3764 1900 3819 τά

313 3843 554 3913 κρυπτὰ,
586 3841 750 3917 ἦλθεν
783 3849 876 3903 ἐπὶ
918 3850 980 3903 τὸ
1022 3850 1229 3915 πάθοςο
1286 3854 1528 3921 Σμύρνα
1572 3853 1704 3925 γὰρ,
1743 3857 1897 3925 φησι,

313 3935 410 3987 καὶ
442 3938 673 4006 στακτὴ
707 3940 807 3995 καὶ
838 3944 1067 3997 κασσία
1094 3944 1212 3998 ἀπὸ
1240 3944 1359 3997 τῶν
1387 3945 1631 4013 ἱματίων
1649 3961 1786 4000 σου.
1836 3947 1900 4000 Ἦ

317 4030 415 4102 μὲν
446 4023 539 4086 οὖν
574 4030 788 4102 σμύρνα
825 4034 906 4085 ὅτι
938 4034 1118 4104 ταφῆς
1149 4035 1264 4087 ἐστι
1300 4034 1587 4106 σύμϐολον,
1630 4037 1724 4089 καὶ
1754 4038 1782 4089 ὁ
1813 4037 1902 4088 εύ-

313 4124 643 4197 αγγελιστὴς
664 4127 696 4195 ἡ
708 4126 813 4194 μᾶς
866 4126 1117 4198 Ἰωάννης
1151 4127 1408 4193 ἐδίδαξεν,
1436 4130 1606 4181 εἰπὼν
1639 4129 1744 4182 ὑπὸ
1788 4130 1902 4182 Ἰω-

317 4218 428 4289 σὴφ
465 4218 558 4271 τοῦ
612 4217 968 4289 Ἀριμαθαίου
1016 4220 1432 4289 ὲντεταφιάσθαι
1477 4222 1614 4291 μετά
1654 4220 1902 4294 σμύρνης

316 4312 408 4365 καὶ
450 4311 634 4381 ἀλόης.
684 4312 749 4364 Ἥ
783 4312 839 4365 δὲ
880 4312 1085 4383 στακτὴ
1141 4314 1235 4367 καὶ
1286 4314 1422 4385 αὑτὴ
1471 4314 1720 4385 σμύρνης
1756 4315 1902 4369 ἐστὶν

317 4404 457 4469 εἶδος
506 4405 565 4459 τὸ
597 4405 941 4459 λεπτότατον.
986 4404 1356 4469 Ἐκθλιὸἐντος
1396 4405 1505 4476 γὰρ
1550 4406 1643 4459 τοῦ
1678 4406 1903 4477 ἀρώμα-

314 4516 428 4563 τος,
451 4500 574 4552 ὅσον
606 4500 704 4570 μὲν
727 4497 890 4552 αὐτοῦ
919 4498 1099 4569 ῥυτὸν,
1133 4499 1212 4561 είς
1238 4498 1336 4570 τὴν
1372 4498 1607 4568 στακτὴν
1632 4499 1902 4571 ἀπομερί-

318 4593 499 4652 (star
536 4592 597 4647 τὸ
617 4592 673 4645 δὲ
703 4591 1008 4662 παχύτερον
1031 4590 1142 4659 (94)
1166 4591 1439 4662 ἀπομένον
1466 4590 1684 4662 σμύρνα
1702 4609 1904 4663 προσα-

2004 3390 2193 3444 mentis
2222 3390 2328 3442 tuis
2356 3404 2387 3441 a
2421 3386 2665 3441 domibus
2693 3386 2954 3451 eburneis,
2979 3401 3043 3439 ea:
3071 3386 3262 3455 quibus
3300 3384 3586 3439 delectave-

2006 3494 2127 3539 runt
2164 3493 2211 3537 te
2245 3483 2373 3550 ﬁlias
2404 3497 2581 3550 regum
2610 3482 2664 3532 in
2698 3478 2896 3532 honore
2931 3488 3040 3532 tuo.
3084 3477 3437 3546 Propltetieus
3470 3492 3586 3530 ser-

2007 3591 2095 3630 mo
2123 3573 2385 3644 paulatim
2416 3571 2609 3625 ordine
2637 3569 2997 3634 descendens,
3030 3582 3094 3621 ac
3132 3568 3281 3637 prius
3312 3582 3373 3620 ea
3404 3568 3583 3620 omnia

2006 3679 2126 3735 qua:
2154 3664 2222 3718 ad
2260 3660 2657 3718 incarnationis
2687 3660 3146 3729 dispensationem
3182 3660 3431 3721 attinent,
3460 3673 3587 3727 pro-

2007 3765 2246 3821 secutus,
2284 3753 2593 3809 vehementi
2629 3752 2862 3821 quodam
2893 3750 3128 3820 Spiritus
3157 3752 3205 3804 ei
3239 3750 3452 3804 occulta
3495 3766 3585 3806 re-

2008 3849 2236 3904 velanlis
2266 3847 2471 3911 atllatn,
2493 3845 2639 3901 venit
2672 3846 2738 3898 ad
2770 3844 3078 3913 passionem
3116 3862 3128 3897 :
3165 3842 3382 3913 Myrrha
3415 3844 3584 3906 enim,

2010 3942 2205 4011 inquit,
2238 3950 2286 3995 et
2338 3948 2488 4010 gutta
2531 3948 2579 3991 et
2634 3938 2781 3991 casia
2829 3953 2860 3989 a
2907 3937 3223 3989 uestimentis
3255 3936 3377 3989 tuis.
3432 3933 3585 4000 Quod

2008 4035 2226 4105 quidem
2281 4033 2501 4104 myrrha
2556 4029 2858 4102 symbolum
2912 4031 2983 4083 sit
3038 4028 3360 4098 sepulturae,
3419 4025 3585 4081 etiam

2010 4127 2339 4199 evangelista
2392 4126 2628 4182 Joannes
2679 4141 2776 4180 nos
2827 4125 3031 4187 docuit,
3061 4122 3151 4192 qui
3202 4121 3347 4177 dicat
3384 4135 3510 4174 eum
3557 4138 3585 4171 a

2017 4221 2217 4290 Joseph
2244 4221 2311 4274 ab
2332 4220 2658 4274 Arimathtea
2694 4234 2814 4273 cum
2846 4216 3063 4291 myrrha
3093 4226 3146 4270 et
3177 4216 3293 4270 aloe
3316 4213 3587 4283 sepultum

2009 4331 2131 4370 esse
2157 4316 2226 4369 ".
2264 4313 2427 4369 Gutta
2463 4328 2590 4368 vero
2621 4312 2783 4368 etiam
2831 4313 2948 4381 ipsa
2994 4310 3231 4381 myrrha:
3264 4309 3473 4377 species
3506 4316 3590 4361 est

2014 4407 2348 4463 tenuissima.
2396 4407 2689 4476 Postquam
2720 4405 2862 4460 enim
2917 4415 3198 4459 contusum
3246 4410 3329 4457 est
3375 4414 3588 4465 aroma,

2010 4500 2271 4570 quidquid
2324 4500 2378 4554 in
2419 4516 2483 4555 eo
2528 4508 2611 4553 est
2658 4497 2868 4568 liquidi,
2908 4496 2960 4550 in
3013 4505 3222 4566 guttam
3273 4501 3588 4563 separatur,

2013 4596 2153 4663 quod
2193 4595 2432 4650 crassius
2472 4604 2742 4663 superest,
2783 4592 2999 4664 myrrha
3048 4591 3368 4661 appellatur.
3404 4588 3592 4659 Itaque

390 4747 433 4779 ⁶⁹
459 4745 613 4802 Joan.
660 4762 698 4811 ι,
734 4747 822 4804 52.
900 4749 945 4779 ⁷⁰
974 4747 1092 4803 Gal.
1124 4764 1176 4813 v,
1208 4749 1296 4806 22.
1372 4749 1415 4782 ⁷⁸
1443 4748 1582 4804 Psal.
1607 4764 1869 4815 cxxxvut,

2023 4752 2113 4807 ‘22.
2194 4753 2239 4783 ⁷⁸
2268 4751 2423 4809 Joan.
2456 4767 2571 4816 nx,
2602 4751 2692 4805 59.

391 4910 501 4982 (9|)
537 4911 739 4966 Vocula
770 4912 828 4964 δέ
856 4912 1013 4967 abest
1043 4912 1113 4966 ab
1145 4912 1388 4968 editione
1416 4913 1583 4968 Basil.
1614 4922 1668 4968 et
1705 4914 1773 4969 ab
1806 4914 1904 4969 ali-
1934 4913 1983 4973 Ι)
2012 4914 2084 4967 ita
2141 4914 2276 4968 nihil
2321 4926 2507 4968 vetare
2537 4915 2756 4982 videtur
2799 4912 3087 4980 quominus
3142 4911 3210 4965 de
3254 4909 3344 4965 illo
3384 4908 3587 4979 priore,

361 4984 518 5037 nibus
549 4997 680 5036 tuss.

318 4999 518 5053 quibus
549 4999 680 5036 tuss.

393 5052 504 5126 (92)
548 5052 680 5126 _|lla,
735 5053 830 5126 xui.
864 5053 963 5126 sui.
984 5056 1110 5126 τοὺς
1138 5053 1366 5126 ἐχθρούς
1404 5073 1498 5109 σου
1541 5054 1903 5126 ἐξετηκόμην,

325 5124 509 5179 addita
542 5123 706 5178 fuisse
741 5125 968 5179 editioni
1014 5123 1275 5181 Basil.ex
1310 5125 1451 5181 Oliv.
1481 5137 1537 5182 et
1558 5123 1783 5193 Anglic.
1805 5123 1904 5181 do-

322 5205 408 5249 ret
447 5195 528 5248 vir
556 5193 926 5262 peritissimus
958 5196 1203 5251 Ducazus.
1236 5194 1397 5250 Notat
1421 5208 1602 5252 tamen
1635 5198 1776 5250 idem
1816 5198 1907 5251 ille

321 5265 502 5337 legiiin
529 5264 667 5337 Oliv.
695 5266 787 5318 ἐπὶ
816 5269 929 5337 τοῖς
958 5266 1175 5337 ἐχθροῖς
1208 5284 1321 5328 σου,
1353 5285 1479 5333 non,
1505 5268 1641 5322 utin
1678 5268 1907 5337 vulgatis

322 5336 499 5398 libris,
524 5336 619 5388 ἐπὶ
650 5340 777 5400 τοὺς
812 5336 1041 5406 ἐχθρούς
1064 5336 1193 5395 σου.
1252 5339 1323 5391 Ea
1380 5352 1563 5392 autem
1605 5354 1726 5407 qnte
1763 5336 1905 5391 vitti-

324 5422 447 5460 mus
474 5408 809 5474 exemplaria
842 5424 946 5460 non
978 5410 1311 5464 conveniunt
1354 5409 1496 5463 inter
1541 5424 1620 5463 se.
1673 5409 1727 5463 ln
1783 5410 1906 5462 aliis

323 5477 470 5532 enim
509 5479 672 5531 verba
724 5479 835 5541 illa,
878 5477 973 5531 καὶ
1029 5479 1121 5532 ἐπὶ
1171 5480 1316 5541 τούς,
1372 5492 1506 5539 ete..
1561 5479 1907 5548 reperiuntur

323 5547 543 5615 quidem
578 5562 592 5599 :
630 5549 723 5602 sed
751 5550 800 5602 in
836 5550 960 5602 aliis
991 5565 1095 5603 non
1126 5552 1314 5615 paucis
1345 5547 1758 5605 desiderantur.
1792 5549 1902 5602 lbi-

325 5620 447 5689 detn
484 5628 613 5689 post
655 5619 766 5684 illa,
803 5619 1025 5689 ἐμίσουν
1056 5620 1274 5685 αὐτούς,
1313 5622 1577 5688 scriptum
1630 5620 1907 5673 invenitur

325 5688 379 5741 in
407 5688 736 5762 Colltertinis
767 5688 943 5756 primo
971 5699 1026 5743 et
1065 5702 1221 5744 sexto
1264 5694 1344 5754 εἰς
1386 5692 1616 5762 ἐχθροὺς
1654 5690 1905 5759 ἐγένοντό

327 5775 439 5831 μοι,
492 5758 704 5813 Inimici
735 5762 865 5827 facti
915 5770 1035 5831 sunt
1076 5763 1229 5815 milii.
1282 5763 1387 5815 Sed
1417 5758 1901 5831 "(litetuadmntlnnt

326 5829 575 5901 ultimum
624 5832 775 5890 illud.
811 5833 891 5894 είς
934 5830 1163 5901 ἐχθροὺς
1200 5829 1591 5900 ἐγένοντόμοι,
1624 5833 1771 5886 credi
1804 5848 1899 5899 p0-

328 5910 430 5966 tt‘st
457 5916 522 5957 ex
554 5900 739 5958 Btbliis
774 5900 1045 5972 adjecth
1077 5901 1245 5960 fuisse
1296 5904 1362 5959 ab
1411 5904 1590 5974 aliquo
1626 5904 1848 5959 librario
1883 5919 1895 5954 :

2012 4986 2107 5039 καὶ
2130 4985 2224 5037 ἐπὶ
2253 4986 2381 5057 τοὺς
2410 4986 2637 5057 ἐχθροὺς
2666 4981 3045 5057 ἐξετηκόμην,
3066 4982 3205 5037 idem
3233 4995 3446 5057 quoque
3469 4996 3593 5034 seu.-

2017 5058 2232 5109 tiatnus.
2286 5055 2415 5111 Utut
2440 5053 2553 5113 huic
2577 5066 2726 5118 sunt,
2766 5056 3215 5121 uihilqnidquam
3254 5053 3588 5104 incontextn

2002 5127 2367 5180 mutavimus.
2428 5127 2581 5193 Quod
2640 5126 2785 5179 enim
2845 5120 3147 5179 addendum
3191 5121 3460 5193 judicavit
3517 5120 3586 5181 is,

2012 5212 2172 5265 quem
2207 5197 2367 5250 modo
2405 5192 2539 5264 dixi,
2582 5197 2665 5250 vir
2722 5195 3147 5260 eruditissimus,
3176 5195 3227 5247 id
3270 5192 3391 5246 sine
3438 5199 3591 5245 certo

2015 5277 2339 5337 argumento
2373 5267 2607 5336 expungi
2639 5266 2836 5321 debere
2861 5282 2966 5337 non
2995 5276 3266 5337 putamus:

2087 5332 2198 5409 (95)
2221 5332 2607 5392 Vehementein
2631 5339 2918 5407 quemdam
2945 5332 3178 5404 Spiritus
3198 5332 3433 5409 amatum
3460 5345 3594 5385 voce

2014 5400 2353 5481 ένατενισμῷ
2391 5400 2688 5481 significari
2719 5400 3019 5481 obscurum
3055 5421 3160 5458 non
3202 5413 3305 5457 est.
3340 5400 3595 5481 Yerterat

2014 5470 2285 5551 interpres
2326 5470 2506 5545 vetus,
2537 5477 2771 5551 Spiritus
2830 5477 3147 5551 intentione,
3171 5490 3278 5527 nun
3326 5470 3433 5551 alio
3469 5474 3594 5551 qui:

2009 5545 2174 5623 dem;
2205 5559 2355 5623 puto,
2394 5545 2604 5623 sensu:
2641 5550 2735 5623 sed
2765 5549 3016 5623 ambigue
3055 5555 3109 5598 et
3136 5545 3451 5623 improprie:
3488 5545 3594 5623 rTqb

2008 5613 2306 5689 ἀτενίσμῷ
2343 5613 2481 5674 ⁷τοῦ
2542 5613 2939 5681 Πνεύιιατοςξ
2970 5614 3298 5689 vertendum
3357 5613 3591 5678 videtur,

2007 5684 2228 5756 accepta
2254 5684 2285 5744 α
2320 5694 2509 5757 spiritu
2542 5690 3006 5755 contemplatione.
3046 5684 3256 5738 Manu.

2047 5786 2053 5794 ’
2080 5750 2191 5830 (9ο)
2220 5750 2362 5815 Editi
2390 5762 2559 5832 παχύ.
2585 5762 2653 5815 At
2688 5750 3088 5832 qll'ittqueAIIISb‘.
3125 5755 3455 5832 παχύτερον.
3475 5750 3599 5807 Sta-

2008 5832 2103 5885 tim
2139 5828 2266 5884 editi
2300 5828 2561 5887 ἀποπνέει
2604 5832 2721 5903 μέν.
2784 5830 2984 5886 Vocula
3019 5828 3115 5899 μέν
3149 5830 3298 5886 deest
3350 5828 3403 5883 in
3458 5840 3591 5882 mss.

2006 5918 2113 5957 non
2151 5917 2339 5971 paucis
