3978 6410
413 357 506 412 ιιι

1723 346 1781 402 S.
1822 342 2068 398 BASILII
2109 340 2324 396 MAGNI

3552 340 3663 400 4ιί

411 475 690 534 obsecuta.
718 481 773 525 et
803 470 967 524 oblita
1005 468 1182 539 populi
1226 468 1306 522 sui
1351 475 1406 520 et
1448 465 1640 518 domus
1671 464 1841 534 patris
1869 463 1976 525 sui,

2086 460 2327 514 παλαιῶν
2360 459 2703 528 διδαγμάτων
2739 458 2837 529 τῆς
2878 457 3159 530 πονηρίας,
3191 456 3552 512 ὑπακούσασα
3584 458 3663 526 τῷ

413 574 598 618 narrat
647 578 765 632 qua:
815 563 984 631 ipsam
1037 570 1284 630 spectant
1335 558 1572 628 Spiritus
1625 567 1866 610 sanctus.
1915 554 1981 608 Et

411 656 668 724 quoniam
699 656 1032 709 reconditam
1060 652 1378 706 munditiam
1403 651 1546 704 illius
1569 649 1703 702 vidit
1729 663 1744 702 :
1772 647 1978 712 Omnis,

413 747 609 814 inquit,
637 746 806 816 gloria
825 745 954 814 ﬁlia:
983 745 1139 813 regis,
1166 745 1218 798 id
1242 754 1345 806 est,
1376 757 1584 812 sponsae
1606 733 1830 803 Christi,
1863 753 1982 808 quae

416 838 637 890 tandem
670 851 766 907 per
791 835 1131 904 adoptionem
1162 834 1269 887 lilia
1305 835 1446 903 regis
1484 829 1672 887 eﬂ'ecta
1719 832 1808 893 sit,
1838 830 1981 882 intus

414 938 512 982 est.
544 926 845 983 Hortamur
873 927 987 980 haec
1017 927 1200 989 verba,
1235 934 1294 978 ιιι
1333 924 1399 978 ad
1433 924 1618 977 intima
1654 922 1984 976 ecclesiasti-

415 1036 494 1074 cae.
518 1019 703 1091 gloriae
727 1033 922 1073 arcana
951 1027 1318 1086 penetremus,
1345 1014 1488 1084 quod
1513 1028 1722 1082 sponsa:
1748 1011 1983 1081 pulchri-

419 1118 548 1167 tudo
580 1113 724 1166 intus
755 1111 1004 1165 exsistat.
1038 1107 1137 1174 Qui
1172 1107 1317 1160 enim
1364 1121 1423 1161 se
1466 1106 1696 1160 adornat
1733 1104 1878 1158 Patri
1929 1105 1982 1157 in

419 1203 737 1257 abscondito
789 1199 989 1254 videnti
1023 1198 1090 1262 ⁷⁸,
1123 1206 1500 1267 precaturque,
1537 1205 1593 1250 et
1640 1196 1817 1251 omnia
1864 1209 1984 1265 per-

415 1293 551 1364 agit,
587 1307 692 1346 non
737 1300 794 1345 ut
834 1291 1080 1344 videatur
1116 1290 1182 1343 ab
1213 1289 1521 1343 hominibus
1547 1288 1616 1355 "’,
1653 1288 1744 1342 sed
1791 1298 1848 1341 ut
1883 1286 1984 1342 soli

418 1383 525 1436 Deo
561 1382 908 1445 innotescat;
963 1380 1009 1434 is
1055 1379 1278 1448 perinde
1324 1393 1387 1431 ac
1429 1379 1571 1447 regis
1611 1378 1717 1430 lilia
1760 1377 1982 1445 gloriam
2017 1431 2020 1434 ⁴

415 1490 630 1529 omnem
674 1473 1004 1527 intrinsecus
1048 1472 1232 1526 liabet.
1261 1471 1397 1537 Quin
1429 1471 1592 1524 etiam
1630 1469 1854 1525 ﬁmbria:
1887 1485 1983 1522 au-

420 1582 524 1621 rea
574 1566 772 1636 quibus
827 1573 936 1618 tota
986 1564 1392 1617 circumamicta
1445 1571 1527 1615 est
1574 1576 1638 1616 ac
1686 1563 1982 1631 variegata,

415 1659 562 1712 intus
591 1666 738 1711 sunt.
773 1655 918 1710 Nihil
957 1669 1172 1724 qumras
1206 1653 1257 1706 in
1297 1663 1523 1708 externo
1554 1667 1687 1707 auro
1712 1662 1764 1706 et
1792 1668 1985 1722 corpo-

416 1751 517 1805 rali
560 1752 819 1804 varietate
869 1767 882 1801 :
937 1746 1032 1801 sed
1083 1747 1339 1800 amictum
1385 1747 1670 1814 quemdam
1723 1744 1981 1812 iutellige,

2084 551 2390 622 διδάγματι,
2420 552 2513 604 καὶ
2541 549 2905 621 ἐπιλαθομένη
2933 549 3026 603 τοῦ
3055 549 3184 602 λαοῦ
3215 549 3408 618 αὐτῆς,
3442 549 3539 601 καὶ
3568 548 3659 600 τοῦ

2081 643 2231 698 οἴκου
2268 642 2362 696 τοῦ
2394 642 2595 714 πατρὸς
2623 643 2810 712 αὐτῆς,
2841 642 3104 712 διηγεῖται
3151 642 3218 694 τὰ
3245 643 3371 713 περὶ
3398 643 3573 712 αὐτῆς
3602 642 3665 693 τὸ

2085 736 2306 807 Πνεῦμα
2339 737 2400 788 τὸ
2429 735 2600 804 ἆγιον.
2625 738 2735 790 Kal.
2763 735 2949 806 ἐπειδὴ
2975 731 3083 788 εἶδε
3113 737 3210 808 τὴν
3244 738 3303 789 ἐν
3326 735 3404 807 τῷ
3431 736 3666 806 κρυπτῷ

2082 830 2450 901 καθαρότητα,
2498 827 2692 892 Πᾶσα,
2747 829 2930 900 φησὶν,
2977 830 3014 896 ἡ
3041 828 3189 892 δόξα
3218 828 3329 896 τῆς
3368 827 3663 897 θυγατρὸς

2082 920 2188 973 τοῦ
2215 919 2536 985 βασιλέως,
2578 921 2821 974 τουτέστι
2854 921 2953 990 (8),
3005 920 3102 990 τῆς
3145 919 3380 991 Χριστοῦ
3414 921 3660 989 νύμφης,

2081 1015 2180 1082 τῆς
2208 1013 2501 1082 γενομένης
2526 1011 2708 1066 λοιπὸν
2740 1012 2827 1065 διὰ
2853 1013 2952 1083 τῆς
2974 1013 3241 1076 υἱοθεσίας
3270 1011 3542 1082 θυγατρὸς
3565 1011 3662 1064 τοῦ

2086 1101 2366 1171 βασιλέως,
2395 1102 2594 1156 ἔσωθέν
2619 1104 2754 1155 ἐστι.
2789 1104 3092 1176 Προτρέπει
3122 1106 3150 1157 6
3179 1103 3333 1172 λόγος
3363 1104 3457 1156 ἐπὶ
3476 1104 3546 1156 τὰ
3574 1105 3661 1156 ὲν-

2082 1198 2286 1252 δοτάτω
2325 1199 2520 1266 χωρεῖν
2552 1195 2650 1266 τῆς
2675 1194 3138 1265 ,ἐκκλησιαστικῆς
3169 1195 3328 1264 δόξης
3359 1197 3657 1266 μυστήρια,

2083 1289 2157 1353 ὡς
2187 1289 2332 1342 ἔνδον
2361 1289 2510 1351 ὄντος
2543 1287 2635 1340 τοῦ
2674 1286 2901 1350 κάλλους
2926 1287 3027 1356 τῆς
3059 1287 3297 1356 νύμφης.
3339 1285 3398 1341 '0
3425 1286 3538 1357 γὰρ
3568 1287 3661 1338 εύ-

2081 1381 2354 1453 τρεπίζων
2403 1380 2593 1434 ἑαυτὸν
2625 1380 2702 1450 τῷ
2730 1381 2904 1451 Πατρὶ
2934 1379 3011 1450 τῷ
3046 1380 3292 1450 βλέποντι
3331 1380 3388 1430 ὲν
3419 1379 3498 1450 τῷ
3521 1396 3659 1452 κρυ-

2084 1474 2222 1544 πτῷ,
2247 1473 2340 1527 καὶ
2364 1471 2809 1543 προσευχόμενος,
2841 1471 2934 1524 καὶ
2957 1471 3132 1523 πάντα
3155 1471 3409 1541 πράσσων
3430 1471 3493 1522 ού
3516 1469 3659 1539 πρὸς

2082 1569 2143 1620 τὸ
2183 1566 2440 1635 θεαθῆναι
2493 1568 2604 1627 τοῖς
2646 1561 2970 1635 ἀνθρώποις,
3023 1562 3157 1616 ἀλλὰ
3207 1562 3341 1633 πρὸς
3401 1561 3461 1614 τὸ
3509 1561 3658 1632 μόνῳ

2086 1657 2463 1730 φανερωθῆναι
2496 1656 2613 1727 Θεῴ
2633 1673 2644 1684 ·
2683 1648 2837 1718 οὗτος
2870 1655 2980 1725 ἔχει
3013 1655 3192 1708 πᾶσαν
3216 1655 3314 1725 τὴν
3345 1653 3501 1718 δόξαν
3526 1654 3658 1706 ἐσω-

2087 1750 2197 1813 θεν,
2229 1749 2303 1812 ὡς
2320 1749 2412 1801 καὶ
2438 1751 2469 1818 ἡ
2497 1745 2741 1816 θυγάτηρ
2762 1743 2856 1796 τοῦ
2887 1744 3164 1815 βασιλέως.
3193 1743 3302 1795 Καὶ
3322 1741 3391 1794 τὰ
3411 1757 3658 1812 κροσσω-

414 1844 506 1910 qui
546 1842 743 1911 dignus
799 1841 868 1894 sit
913 1839 1003 1908 qui
1053 1854 1174 1893 cum
1216 1838 1305 1906 qui
1358 1837 1646 1890 secundum
1686 1835 1981 1890 conditoris

2086 1844 2148 1897 τὰ
2172 1843 2350 1895 τοίνυν
2381 1840 2447 1893 τὰ
2476 1841 2550 1909 (9)
2574 1839 2767 1909 χρυσᾶ,
2796 1832 2875 1914 οἷς
2919 1835 3302 1907 περιϐέϐληται
3341 1836 3432 1885 καί⁵
3467 1834 3658 1885 πεποῖς

414 1932 706 2002 imaginem
739 1939 815 1983 est
852 1938 1100 1992 exornet,
1129 1937 1187 1982 ut
1211 1930 1286 1982 ait
1308 1928 1595 1996 Apostolus
1626 1944 1638 1980 :
1667 1925 1984 1993 Exspatian-

415 2033 491 2075 tes
525 2031 743 2076 veterem
772 2020 1060 2084 Ιιοηιίηεηι,
1085 2027 1132 2072 et
1167 2020 1436 2072 induentes
1471 2033 1678 2080 novum,
1706 2018 1797 2085 qui
1831 2011 1984 2070 reno-

415 2125 570 2168 uatur
592 2113 658 2166 ad
684 2114 1005 2183 agnitionem
1027 2111 1314 2165 secundum
1347 2111 1595 2163 creatoris
1619 2111 1894 2179 imaginem
1913 2109 1980 2164 ⁸ο.

423 2203 508 2266 Ει,
545 2203 635 2270 qui
681 2199 853 2255 induit
895 2199 1108 2253 Viscera
1155 2200 1553 2264 misericordiw,
1592 2200 1981 2268 benignitatem,

417 2293 787 2358 humilitatem,
831 2292 1162 2360 patientiam,
1208 2291 1658 2344 mansuetudinem
1691 2291 1761 2355 ³⁸,
1806 2290 1850 2345 is
1903 2291 1985 2345 in-

417 2385 685 2438 trinsecus
718 2383 948 2437 amictus
982 2391 1084 2450 est,
1118 2391 1174 2436 et
1208 2383 1501 2436 secundum
1540 2382 1856 2436 interiorem
1888 2383 1985 2437 ho-

416 2476 616 2530 minem
656 2484 902 2529 ornatus.
934 2473 1042 2528 Sed
1076 2484 1129 2528 et
1165 2470 1362 2528 Paulus
1397 2474 1672 2538 admonet,
1706 2484 1764 2527 ut
1794 2473 1986 2527 indua-

417 2582 535 2622 mus
568 2566 854 2622 Dominum
886 2563 1072 2619 Jesum
1101 2564 1173 2630 ⁸⁵³,
1209 2581 1314 2620 ιιοιι
1355 2564 1649 2618 secundum
1699 2574 1983 2619 externum

415 2657 712 2722 hominem,
750 2659 842 2712 sed
894 2667 952 2711 ut
1004 2669 1238 2712 mentem
1290 2665 1530 2710 nostram
1575 2657 1668 2711 Dei
1723 2658 1984 2712 memoria

415 2752 792 2822 circnmtegat.
842 2750 1092 2805 Arbitror
1147 2758 1326 2804 autem
1394 2749 1694 2820 spiritalem
1760 2751 1983 2819 praetexi

417 2851 646 2906 vestem,
681 2857 800 2895 cum
847 2840 990 2895 actio
1032 2839 1291 2895 doctrina:
1325 2842 1486 2896 verbo
1519 2856 1700 2896 comes
1741 2842 1984 2912 adiungi-

418 2943 527 2986 tur.
553 2931 1016 2998 Quemadmodum
1063 2931 1205 2986 enim
1238 2932 1537 3002 corporalis
1567 2933 1730 2987 vestis
1762 2934 1981 3000 texitur,

417 3039 539 3080 cum
576 3025 892 3094 subtegmen
928 3023 1220 3078 innectitur
1249 3023 1489 3090 stamiui,
1527 3025 1600 3078 ita
1635 3025 1724 3080 ubi
1758 3027 1981 3079 verbum

419 3114 716 3184 praecessit,
755 3115 802 3168 si
847 3117 1005 3169 modo
1055 3115 1296 3170 actiones
1342 3126 1714 3172 consentaneae
1763 3117 1982 3184 subjun-

418 3215 635 3278 gantur,
658 3206 1072 3261 venustissimus
1093 3207 1320 3262 amictus
1344 3208 1536 3262 animae
1561 3207 1750 3261 conﬁci
1782 3218 1978 3277 potest,

418 3299 575 3368 cujus
604 3297 812 3353 scilicet
839 3299 946 3352 vita
990 3313 1057 3353 ex
1086 3300 1400 3370 praascripto
1431 3300 1646 3354 virtutis
1686 3310 1827 3365 acta,
1862 3315 1982 3356 ser-

421 3405 582 3445 mone
609 3399 664 3446 et
689 3405 853 3462 opere
877 3393 1231 3460 compleatur.
1263 3393 1513 3448 Fimbria:
1543 3404 1717 3448 autem
1753 3395 1984 3463 pendent

420 3498 451 3536 a
495 3483 718 3548 vestitu,
751 3484 1060 3553 spirituales
1108 3495 1163 3538 et
1200 3486 1280 3539 hae
1319 3487 1466 3553 ipsae,
1502 3488 1570 3541 ob
1605 3489 1764 3556 idque
1807 3503 1985 3542 aureae

419 3591 541 3631 esse
588 3577 863 3631 dicuntur.
917 3575 1182 3643 Quoniam
1235 3592 1366 3631 sane
1417 3578 1640 3632 verbum
1687 3580 1859 3648 majus
1902 3588 1985 3634 est

419 3684 608 3738 opere,
650 3668 853 3724 idcirco
879 3680 961 3725 est
992 3670 1138 3724 velut
1173 3668 1381 3722 ﬁmbria
1407 3671 1651 3738 quaedam
1681 3685 1710 3724 a
1771 3680 1982 3726 textu-ra

422 3761 490 3814 ad
516 3761 782 3816 actionem
815 3762 1142 3816 redundans.
1199 3761 1512 3830 Sequuntur
1558 3772 1734 3816 autem
1773 3762 1983 3817 Domini

421 3866 675 3920 sponsam
712 3850 907 3905 anima:
929 3851 1192 3920 quaedam,
1223 3866 1340 3919 qua:
1361 3851 1658 3906 seminibus
1685 3853 1983 3906 alienarum

425 3944 795 3998 doctrinarum
831 3943 972 3998 baud
1020 3945 1310 4014 susceptis,
1357 3943 1687 3998 adducentur
1745 3944 1876 4014 regi,
1906 3958 1987 3998 se-

428 4043 655 4102 quentes
679 4049 955 4103 sponsam.
995 4036 1099 4090 Sed
1129 4045 1182 4091 et
1209 4036 1431 4090 audiant
1470 4052 1589 4105 qua:
1623 4036 1982 4106 virginitatem

432 4124 657 4178 Domino
689 4132 970 4189 voverunt,
1006 4126 1148 4194 quod
1181 4125 1415 4196 virgines
1455 4128 1565 4195 regi
1598 4127 1936 4180 adducentur
1967 4143 1982 4194 ;

427 4218 682 4286 virgines,
708 4217 947 4287 inquam,
978 4232 1095 4287 qua:
1127 4219 1384 4287 proximae
1411 4227 1535 4272 sunt
1565 4217 1845 4286 Ecclesiae,
1867 4235 1986 4289 qua:

426 4322 547 4382 post
576 4313 745 4382 ipsam
771 4321 1092 4381 sequuntur,
1124 4327 1223 4367 nec
1245 4312 1497 4366 aberrant
1526 4313 1594 4366 ab
1616 4312 1986 4368 ecclesiastica

426 4403 733 4472 disciplina.
758 4402 922 4456 Vens.
945 4400 1029 4455 16,
1067 4402 1404 4456 Adducentur
1433 4401 1590 4472 169
1627 4411 1799 4456 autem
1823 4403 1988 4472 virgi'

2082 1934 2261 1988 κιλται
2294 1932 2411 2004 ὅλη,
2448 1929 2667 1984 ἔσωθεν.
2704 1929 2885 2000 Μηδὲν
2927 1926 3078 1996 ζήτει
3123 1929 3179 1978 ἐν
3218 1925 3295 1995 τῷ
3327 1924 3428 1991 ἔξω
3469 1925 3659 1996 χρυσῴ

2082 2027 2176 2079 καὶ
2198 2029 2263 2096 τῇ
2294 2025 2572 2094 σωματικῇ
2611 2021 2850 2092 ποικιλία
2869 2037 2882 2051 ο
2913 2019 3047 2073 ἀλλὰ
3080 2017 3365 2088 περιϐολὴν
3393 2018 3500 2070 νόει
3533 2017 3661 2069 τινὰ

2083 2118 2236 2186 ἀξίαν
2281 2116 2560 2186 κοσμῆσαι
2600 2115 2689 2167 τὸν
2725 2114 2844 2166 κατ’
2877 2112 3057 2164 εἰκόνα
3095 2109 3185 2162 τοῦ
3226 2110 3526 2172 κτίσαντος,
3581 2108 3660 2171 ὣς

2083 2225 2248 2280 φησιν
2293 2211 2321 2261 6
2359 2206 2710 2269 Ἀπόστολος’
2774 2203 3195 2272 Ἐκδυσάμενοι
3240 2202 3345 2255 τὸν
3395 2203 3662 2255 παλαιὸν

2082 2302 2413 2369 ἄνθρωπον,
2464 2299 2559 2351 καὶ
2605 2295 2999 2366 ἐνδυσάμενοι
3039 2294 3148 2348 τὸν
3182 2292 3342 2358 νέον,
3371 2296 3477 2348 τὸν
3512 2295 3662 2348 dra-

2082 2393 2477 2461 καινούμενον
2524 2393 2610 2454 εἰς
2639 2389 2966 2457 ἐπίγνωσιν
3004 2389 3129 2441 κατ’
3157 2388 3357 2440 εἰκόνα
3399 2386 3506 2440 τοῦ
3533 2388 3662 2439 κτί-

2083 2501 2327 2550 σαντος.
2375 2484 2484 2536 Καὶ
2521 2486 2548 2536 6
2583 2482 2936 2552 ἐνδυσάμενος
2965 2481 3019 2533 δὲ
3053 2480 3162 2550 (10)
3216 2478 3541 2550 Σπλάγχνα
3580 2483 3663 2533 οι.

2083 2575 2346 2644 κτιρμοῦ,
2381 2577 2779 2643 χρηστότητα,
2814 2573 3390 2641 ταπεινοφροσύνην,
3430 2587 3661 2638 μακρο-

2084 2667 2322 2735 θυμίαν,
2353 2665 2674 2733 πραότητα,
2727 2663 2935 2716 ἔνδοθεν
2991 2662 3394 2734 περιϐέϐληται,
3423 2662 3519 2714 καὶ
3564 2661 3659 2712 τὸν

2084 2758 2190 2812 ἔσω
2217 2758 2498 2830 ἄνθρωπον
2519 2757 2870 2827 κεκόσμηται.
2900 2755 3009 2809 Καὶ
3030 2756 3058 2806 6
3085 2753 3294 2816 Παῦλος
3320 2753 3376 2806 δέ
3402 2756 3661 2823 παραινεῖ

2084 2847 2400 2901 ἐνδύσασθαι
2431 2847 2538 2919 (Η)
2569 2846 2656 2899 τὸν
2681 2847 2883 2918 Κύριον
2923 2844 3147 2916 Ἰησοῦν,
3176 2845 3235 2896 ού
3269 2844 3408 2897 κατὰ
3438 2844 3527 2896 τὸν
3553 2843 3660 2906 ἔξω

2083 2939 2386 3011 ἄνθρωπον,
2416 2939 2531 2993 ἀλλ’
2556 2940 2641 2992 ἵνα
2667 2939 2756 2991 τὸν
2791 2939 2914 2990 νοῦν
2938 2937 3091 3008 ἡμῶν
3117 2940 3148 3006 ή
3178 2937 3270 2989 τοῦ
3296 2934 3429 2988 Θεοῦ
3467 2938 3657 3006 μνήμη

2083 3029 2484 3104 περισκεπάζῃ.
2560 3025 2726 3100 Οἶμαι
2791 3029 2846 3082 δὲ
2902 3029 2962 3081 τὸ
3015 3027 3382 3098 πνευματικὸν
3441 3027 3660 3096 ἱμάτιον

2083 3111 2480 3195 ἐξυφαίνεσθαι,
2521 3127 2647 3179 ὅταν
2693 3125 2770 3197 τῷ
2816 3122 3104 3194 διδακτικῴ
3135 3121 3275 3193 λόγῳ
3306 3123 3338 3192 ἡ
3371 3121 3659 3184 ἀκόλουθος

2085 3216 2445 3288 ἐπιπλέκηται
2491 3214 2706 3286 πρᾶξις.
2757 3215 2964 3284 Ὥσπερ
3010 3213 3118 3283 γὰρ
3158 3211 3236 3282 τῷ
3279 3212 3505 3282 στήμονι
3558 3211 3660 3279 τῆς

2086 3308 2289 3380 κρόκης
2310 3307 2741 3378 ἐπιπλεκομένης
2755 3306 2816 3358 τὸ
2849 3303 3156 3375 σωματικὸν
3190 3301 3400 3374 ἱμάτιον
3433 3301 3658 3370 ἐξυφαί-

2086 3416 2264 3454 νεταισ
2296 3398 2438 3453 οὓτω
2466 3398 2558 3451 τοῦ
2592 3398 2751 3467 λόγου
2785 3395 3218 3470 προῦφεστῶτος,
3260 3397 3308 3448 εἰ
3351 3393 3659 3456 ἀκολούθως

2087 3492 2143 3545 αἱ
2171 3487 2396 3560 πράξεις
2428 3490 2734 3557 ἐπάγοιντο,
2770 3487 3069 3558 σεμνοτάτη
3104 3504 3187 3551 τις
3225 3485 3289 3539 ἂν
3322 3487 3534 3553 γένοιτο
3564 3503 3661 3537 πε-

2090 3579 2276 3652 ριϐολὴ
2325 3579 2424 3649 τῆς
2465 3569 2661 3650 ψυχῆς,
2697 3579 2837 3650 λόγῳ
2872 3579 2966 3633 καὶ
3008 3579 3153 3650 ἔργῳ
3184 3577 3273 3630 τὸν
3310 3577 3429 3630 κατ’
3456 3578 3661 3647 ἀρετὴν

2090 3672 2201 3744 βίον
2243 3671 2782 3744 συμπεπληρωμένον
2819 3671 3065 3741 ἐχούσης.
3098 3670 3336 3740 Κροσσο“ι
3367 3668 3423 3721 δὲ
3452 3670 3663 3722 ἀπαιω·

2091 3764 2307 3834 ροῦνται
2365 3759 2453 3817 τοῦ
2513 3763 2749 3833 ἱματίου,
2797 3763 2977 3834 νοητοὶ
3032 3762 3124 3814 καὶ
3170 3754 3348 3813 οὗτοι·
3415 3759 3496 3812 διὸ
3566 3762 3661 3812 καὶ

2088 3857 2278 3926 χρυσοῖ
2324 3852 2459 3908 εἶναι
2507 3853 2772 3922 λέγονται.
2831 3853 3154 3924 Ἐπειδήπερ
3197 3855 3225 3904 ὁ
3254 3851 3408 3918 λόγος
3456 3849 3659 3903 πλείων

2088 3947 2206 4000 ἐστὶ
2247 3946 2341 4000 τοῦ
2399 3948 2580 4019 ἔργου,
2613 3946 2775 4000 οἱονεὶ
2817 3945 3044 4016 κροσσός
3077 3945 3160 4009 τίς
3214 3946 3361 3997 ἐστιν
3409 3943 3514 3996 ἀπὸ
3561 3942 3658 3994 τοῦ

2090 4041 2225 4111 πρὸς
2252 4041 2352 4110 τὴν
2393 4037 2587 4108 πρᾶξιν
2631 4039 2943 4108 ὑφάσματος
2990 4035 3348 4108 περισσεύων.
3392 4035 3658 4086 ’Ἑπονται

2089 4133 2146 4186 δέ
2183 4135 2247 4202 τῇ
2281 4131 2467 4204 νύμφῃ
2510 4125 2602 4184 τοῦ
2635 4129 2837 4201 Κυρίου
2872 4129 3039 4198 ψυχαί
3073 4146 3235 4189 τινες,
3266 4130 3321 4179 αἱ
3365 4126 3438 4196 μὴ
3474 4143 3656 4196 παρα-

2090 4205 2378 4292 δεξάμεναι
2417 4221 2702 4291 σπέρματα
2737 4220 2844 4291 (12)
2891 4221 3062 4288 λόγων
3108 4217 3422 4288 ἀλλοτρίων,
3458 4216 3658 4276 αἵτινες

2092 4313 2548 4383 ἀπενεχθήσονται
2591 4311 2668 4382 τῷ
2717 4311 2953 4382 βασιλεῖ,
2996 4309 3379 4364 ἀκολουθοῦσαι
3423 4311 3488 4379 τῇ
3528 4308 3660 4377 νύμ-

2093 4421 2187 4478 φῃ.
2226 4405 2596 4458 Ἀκουέτωσαν
2629 4405 2684 4457 δὲ
2718 4403 2811 4456 καὶ
2841 4405 2895 4456 αἱ
2934 4403 3030 4474 τὴν
3064 4402 3356 4472 παρθενίαν
3388 4399 3658 4467 ἐπαγγελ-

429 4508 522 4548 nes
565 4495 619 4546 in
658 4493 843 4548 (latitia
869 4504 916 4548 et
951 4493 1321 4558 exsultatione,
1363 4493 1618 4546 ducentur
1651 4494 1705 4548 in
1739 4495 1985 4564 templum

2091 4496 2310 4568 λόμεναι
2342 4496 2418 4567 τῷ
2446 4497 2653 4568 Κυρίῳ,
2680 4497 2761 4549 ὅτι
2789 4496 3042 4566 παρθένοι
3073 4492 3530 4564 ἁπενεχθήσονται
3575 4491 3655 4559 τῷ

429 4587 584 4654 regis.
617 4584 731 4640 Non
755 4602 875 4651 qua:
909 4596 1109 4641 coacta!
1140 4585 1502 4656 virginitatem
1533 4585 1836 4651 subierunt,
1876 4601 1984 4641 non

430 4692 549 4744 qua:
583 4692 648 4730 ex
675 4677 892 4731 tristitia
922 4686 1016 4731 aut
1044 4678 1371 4732 necessitate
1411 4685 1615 4731 castam
1648 4677 1812 4730 vitam
1862 4683 1989 4730 sunt

433 4766 688 4836 atnplexte
714 4785 726 4821 :
760 4771 852 4823 sed
871 4783 992 4837 qua:
1019 4769 1070 4823 in
1099 4769 1280 4824 ltetitia
1298 4776 1352 4823 et
1377 4768 1738 4823 exsultatione
1762 4769 1832 4822 ob
1859 4781 1989 4837 prm-

427 4858 636 4913 clarum
665 4858 766 4913 boc
803 4861 1014 4914 facinus
1055 4861 1308 4930 gaudent,
1359 4861 1441 4914 lue
1476 4860 1816 4934 adducentur
1851 4859 1986 4927 regi,

429 4952 801 5020 ducenturque
847 4967 951 5006 non
1002 4953 1054 5005 in
1107 4951 1378 5020 vulgarem
1411 4951 1608 5017 locum,
1644 4951 1736 5006 sed
1771 4951 1822 5005 in
1852 4959 1990 5004 tem-

430 5043 574 5114 plum
631 5043 799 5110 regis.
833 5043 964 5097 Nam
997 5059 1122 5098 vasa
1152 5059 1330 5110 sacra,
1364 5060 1486 5115 qua:
1533 5059 1639 5100 non
1687 5043 1993 5114 inquinavit

508 5244 553 5275 ⁷⁸
589 5241 780 5296 Matth.
815 5256 887 5309 vr,
918 5240 977 5308 4,
1011 5239 1064 5296 6.
1140 5242 1184 5274 ⁷⁹
1215 5241 1348 5297 ibid.
1380 5243 1432 5299 1.

504 5398 570 5472 (8)
597 5399 789 5472 Totum
810 5398 963 5472 illud,
985 5399 1083 5470 τῆς
1111 5398 1378 5472 θυγατρὸς
1402 5399 1496 5472 τοῦ
1518 5399 1804 5469 βασιλέως,
1834 5417 1990 5452 τουτ-

427 5469 564 5532 έστι,
608 5471 660 5522 in
691 5471 891 5524 nostris
924 5469 1126 5539 septem
1159 5469 1296 5523 mss.
1322 5471 1684 5525 desideratur.

499 5539 574 5607 (9)
596 5541 699 5611 Sic
729 5556 860 5611 mss.
887 5543 1148 5611 quinque.
1178 5539 1318 5593 Editi
1360 5539 1644 5611 κροσσωτὰ
1670 5539 1726 5592 δέ
1758 5540 1843 5593 τά.

501 5609 611 5675 (10)
643 5610 714 5661 Ita
775 5609 927 5678 Regii
977 5613 1264 5672 secundus,
1298 5609 1524 5678 quartus
1566 5623 1621 5664 et
1665 5619 1846 5662 sextus
1872 5625 1994 5662 cum

429 5677 947 5750 Celbertinissexto
996 5696 1052 5734 et
1111 5677 1358 5750 septimo.
1397 5678 1592 5734 Vocula
1647 5679 1704 5731 δέ
1757 5685 1908 5731 deest
1943 5681 1994 5750 in

428 5747 610 5803 editis.
676 5746 877 5804 Ibidem
924 5750 1054 5806 editi
1112 5746 1185 5806 ct'
1213 5752 1448 5822 quinque
1503 5767 1632 5807 mss.
1682 5747 1994 5819 οἰκτιρμοῦ.

1507 5242 1551 5275 ⁸ο
1577 5241 1736 5297 Colos
1767 5257 1848 5308 ιιι,
1879 5242 1933 5308 9,
1969 5241 2057 5298 10.

2094 4588 2331 4659 βασιλεῖ’
2365 4588 2622 4659 παρθένοι
2648 4587 2724 4651 δὲ,
2758 4588 2812 4640 αἱ
2847 4586 3068 4656 πλησίον
3099 4581 3254 4638 οὖσαι
3282 4584 3381 4653 τῆς
3428 4582 3658 4651 Ἐκκλη-

2094 4680 2235 4744 σίας,
2275 4681 2330 4732 al.
2356 4679 2528 4734 ὀπίσω
2559 4679 2726 4749 αὐτῆς
2772 4679 3051 4748 ἑπόμεναι,
3082 4678 3175 4730 καὶ
3210 4675 3284 4746 μὴ
3331 4674 3655 4728 ἀποπλανὼ-

2097 4789 2254 4843 μεναι
2288 4771 2389 4841 τῆς
2419 4771 2872 4840 ἐκκλησιαστικῆς
2897 4769 3162 4833 εὐταξίας.
3199 4767 3658 4836 Ὰπενεχθήσον-

2094 4879 2188 4915 ται
2232 4859 2299 4912 δὲ
2335 4861 2391 4914 αἱ
2431 4860 2686 4931 παρθένοι
2728 4859 2797 4911 ἐν
2852 4861 3196 4928 εὐφροσύνῃ
3229 4858 3325 4912 καὶ
3369 4856 3655 4926 ἀγαλλιά-

2094 4970 2208 5016 σει,
2233 4952 2604 5021 ἁχθήσονται
2641 4955 2727 5018 εἰς
2757 4951 2906 5006 ναὸν
2932 4951 3254 5016 βασιλέως.
3282 4951 3394 5020 Ούχ
3423 4953 3477 5003 αἱ
3523 4967 3656 5004 κατ-

2095 5044 2524 5117 ηναγκασμένως
2576 5043 2898 5098 ὑπελθοῦσαι
2937 5045 3034 5116 τὴν
3080 5043 3395 5116 παρθενίαν,
3438 5042 3558 5096 οὐδὲ
3603 5044 3658 5095 αἱ

2133 5243 2176 5274 ⁸¹
2212 5241 2339 5297 ibid.
2373 5242 2457 5296 12.
2533 5242 2578 5274 θ’
2611 5241 2767 5297 Rom.
2801 5259 2918 5309 χιιι,
2951 5243 3037 5297 14.

2101 5400 2494 5474 Βεεη-ἓ-Λιιιιιη
2549 5401 2764 5474 vulgato
2813 5412 2967 5474 textu
3022 5402 3210 5466 Graeco
3271 5403 3589 5474 οἰκτιρμῶν.

2173 5471 2284 5540 (Η)
2319 5471 2407 5524 Sic
2446 5471 2595 5540 Regii
2626 5471 2915 5536 secundus,
2944 5484 3171 5541 quartus
3200 5484 3254 5525 et
3292 5471 3477 5526 sextus
3511 5489 3660 5541 a-que

2103 5556 2167 5595 ac
2215 5542 2506 5612 Colliertiui
2566 5543 2794 5608 primus,
2837 5553 3022 5596 sextus
3067 5555 3122 5598 et
3183 5545 3467 5612 septimus.
3517 5545 3658 5599 Editi

2097 5627 2225 5665 vero
2260 5627 2381 5662 cum
2415 5611 2543 5677 Reg.
2583 5613 2772 5680 quinto
2798 5612 3110 5668 ἐνδύσασθε.

2167 5680 2279 5749 (12)
2313 5681 2450 5764 Editi
2474 5698 2602 5751 cum
2625 5699 2730 5738 uno
2751 5694 2849 5737 aut
2875 5684 3044 5740 altero
3070 5700 3168 5740 ms.
3201 5683 3440 5755 σπέρμα.
3471 5684 3537 5738 Αι
3565 5699 3657 5738 sex

2100 5767 2231 5805 n'.ss.
2261 5767 2571 5821 σπερματα.
