3978 6410
249 378 352 430 413
1345 378 1624 435 HOMILIA
1667 379 1734 434 IN
1768 380 2094 437 PSALMUM
2121 379 2303 435 XLIV.

3392 395 3495 446 bii

243 498 312 550 ὲκ
353 494 528 566 λύπης
572 495 606 568 ἢ
642 493 702 560 ἐξ
747 498 991 569 ἀνάγκης
1034 499 1462 572 καταδεξάμεναι
1504 501 1596 554 τὸν
1629 501 1810 571 asp.va

1925 503 2191 557 humanus
2222 519 2369 570 usus,
2402 503 2456 558 in
2483 514 2672 559 sancta
2705 516 3017 562 sanctorum
3053 508 3491 570 introducentm-,

245 589 382 661 βίον,
421 588 536 642 ἀλλ’
578 591 635 640 ai
668 590 725 641 ὲν
755 590 1059 662 εὐφροσύνῃ
1108 592 1201 644 καὶ
1248 592 1564 661 ἀγαλλιάσει
1608 595 1700 647 ἐπὶ
1743 594 1820 664 τῷ

244 681 472 752 τοιούτῳ
534 679 912 752 κατορθώματι
977 682 1264 753 χαίρουσαι
1315 683 1460 755 (15),
1505 677 1665 737 αὗται
1714 685 1821 737 ἀπ-

243 775 622 846 ενεχθήσονται
653 773 732 843 τῷ
767 773 990 843 βασιλεῖ,
1022 773 1115 826 καὶ
1136 774 1462 846 ἀχθήσονται
1496 777 1596 830 οὐκ
1625 777 1706 839 είς
1730 775 1820 829 τὸν

241 865 474 935 τυχόντα
495 863 679 930 τόπον,
707 863 820 916 ἀλλ’
865 865 944 928 είς
971 863 1062 918 τὸν
1106 864 1234 919 ναὸν
1279 866 1373 919 τοῦ
1415 867 1696 937 βασιλέως.
1738 866 1819 921 Τά

241 959 352 1028 γὰρ
412 955 660 1028 ἱερατικά
714 956 916 1026 σκεύη,
967 955 1002 1010 ἃ
1040 957 1138 1010 οὐκ
1187 957 1446 1029 ὲμόλυνεν
1504 958 1816 1030 ἀνθρωπίνη

241 1048 458 1119 χρῆσις,
490 1051 569 1110 είς
612 1048 680 1102 τὰ
713 1047 844 1117 ἅγια
885 1049 994 1102 τῶν
1023 1049 1190 1118 ἁγίων
1229 1051 1686 1123 είσενεχθήσεται,
1723 1052 1819 1104 καὶ⁵

241 1141 490 1205 ἐξουσίαν
531 1140 641 1208 ἕξει
672 1142 770 1213 τῆς
810 1143 890 1204 είς
933 1142 1002 1196 τά
1049 1142 1217 1196 ἄδυτα
1251 1143 1508 1215 παρόδου,
1549 1144 1683 1196 ὅπου
1733 1143 1820 1214 βέ-

1925 595 2114 665 eisque
2136 595 2320 650 licebit
2358 597 2424 651 ad
2447 597 2606 668 adyta
2633 600 2914 666 accedere,
2946 600 3035 655 ubi
3078 589 3288 670 prol‘ani
3327 607 3491 673 pedi-s-

1924 702 2033 741 non
2066 688 2438 743 ambulabunt.
2472 691 2682 756 Quanta
2711 700 2888 746 autem
2933 707 3018 748 res
3055 693 3127 747 sit
3157 695 3208 748 in
3239 699 3491 763 templum

1927 779 2074 849 regis
2111 781 2324 844 adduci,
2353 781 2620 851 Propheta
2673 783 2786 853 ipse
2831 784 3092 849 ostendit,
3140 801 3236 853 pro
3286 801 3346 840 se
3380 787 3532 858 ipso.

1924 885 2088 926 orans
2116 885 2180 927 ac
2205 874 2388 928 dicens
2401 873 2480 928 "2
2507 872 2677 928 Unam
2700 877 2826 944 petii
2842 875 3136 942 a.Domino,
3159 877 3291 930 hanc
3323 880 3495 943 requi-

1924 979 2038 1016 ram
2063 979 2084 1018 :
2111 975 2164 1018 ut
2187 966 2469 1021 inhabitem
2499 967 2552 1020 in
2582 968 2737 1021 domo
2761 967 2974 1022 Domini
3022 969 3258 1022 omnibus
3306 969 3488 1022 diebus

1923 1056 2043 1110 vita:
2072 1075 2234 1124 mete;
2259 1069 2313 1113 ut
2347 1060 2552 1114 videam
2579 1061 2892 1131 voluptatem
2938 1060 3172 1127 Domini,
3210 1072 3256 1115 et
3288 1061 3488 1115 visiten‘t

1925 1149 2170 1216 templum
2199 1150 2332 1221 ejus.

241 1232 396 1303 6η).οι
437 1231 594 1294 πόδες
619 1232 678 1284 ού
708 1233 1186 1303 περιπατήσουσιν.
1225 1213 1439 1288 Ἦλίκον
1470 1235 1526 1288 δέ
1558 1236 1674 1288 ὲστι
1715 1213 1774 1287 τὸ
1812 1213 2040 1306 ἀχθῆναι
2073 1242 2154 1304 είς
2184 1213 2308 1295 ναὸν
2343 1243 2627 1314 βασιλέως,
2657 1246 2685 1297 ὁ
2717 1213 3322 1316 Προφήτηςιδείκνυσιν,
3349 1243 3490 1312 ὑπὲρ

239 1323 434 1377 ἑαυτοῦ
468 1324 900 1394 προσευχόμενος
952 1327 1046 1378 καὶ
1110 1325 1317 1394 λέγων’
1355 1328 1516 1382 Μίαν
1551 1325 1878 1397 ᾐτησάμην
1915 1330 2077 1398 παρὰ
2118 1334 2360 1402 Κυρίου,
2403 1337 2628 1403 ταύτην
2666 1334 2929 1402 ζητήσω·
2971 1335 3036 1388 τὸ
3085 1334 3380 1388 κατοικεῖν
3413 1354 3488 1404 με

235 1427 308 1474 ἐν
331 1421 475 1486 olunt
503 1420 721 1488 Κυρίου
748 1420 950 1486 πάσας
979 1419 1086 1487 τὰς
1118 1421 1342 1490 ἡμέρας
1363 1422 1472 1492 τῆς
1498 1421 1647 1492 ζωῆς
1668 1441 1809 1492 μου,
1847 1423 1954 1478 τοῦ
2020 1428 2259 1496 θεωρεῖν
2312 1447 2389 1498 με
2423 1430 2533 1501 (ib)
2566 1429 2678 1498 τὴν
2712 1430 3076 1497 τερπνότητα
3105 1429 3348 1497 Κυρίου,
3388 1429 3485 1481 καὶ

236 1515 703 1568 ἐπισκέπτεσθαι
728 1514 834 1568 τὸν
859 1515 1011 1569 ναὸν
1036 1516 1246 1571 αὐτοῦ.

311 1608 397 1661 12.
443 1608 588 1662 Ἀντί
625 1607 744 1661 τῶν
788 1610 1057 1678 πατέρων
1098 1625 1216 1665 σου
1263 1611 1678 1683 ἐγεννήθησαν
1705 1615 1815 1686 (15)

234 1705 290 1755 οἶ
331 1701 449 1754 υἱοί
489 1714 638 1754 σουο
681 1702 1083 1771 καταστήσεις
1124 1705 1346 1772 αὐτοὺς
1382 1705 1676 1776 ἄρχοντας
1716 1708 1815 1762 ἐπὶ

1992 1615 2079 1670 19..
2105 1614 2269 1668 Vnus.
2297 1612 2383 1667 17.
2419 1611 2527 1666 Pro
2557 1611 2792 1681 patribus
2824 1612 2928 1664 tuis
2960 1611 3070 1664 nati
3103 1620 3220 1664 sunt
3243 1609 3343 1677 ﬁlii
3367 1610 3445 1661 tui
3469 1625 3486 1660 :

1922 1708 2200 1762 constitues
2213 1723 2298 1759 eos
2311 1707 2566 1774 principes
2593 1721 2746 1770 super
2769 1721 2966 1757 onmem
2993 1713 3205 1756 terram.
3238 1704 3488 1769 Quando—

235 1790 445 1846 πᾶσαν
463 1792 576 1861 τὴν
586 1791 718 1863 γῆν.
737 1795 950 1868 Ἐπειδὴ
970 1798 1080 1851 ἄνω
1103 1798 1445 1871 προσετάχθη
1469 1798 1810 1853 ἐπιλαθέσθαι

1920 1800 2134 1869 quidem
2180 1814 2342 1866 supra
2378 1807 2703 1866 praeceptum
2759 1806 2844 1850 est
2875 1797 2922 1850 ei
2971 1806 3027 1849 ut
3074 1796 3488 1849 oblivisceretur

236 1881 331 1935 τοῦ
370 1883 519 1949 λαοῦ,
560 1884 654 1938 καὶ
691 1885 784 1939 τοῦ
815 1886 965 1941 οἴκου
1013 1887 1106 1941 τοῦ
1158 1892 1398 1963 πατρὸς,
1440 1892 1520 1954 είς
1548 1892 1813 1945 ἀντίδοσιν

235 1976 338 2047 τῆς
368 1977 612 2048 ὑπακοῆς
644 1977 739 2031 νῦν
776 1979 898 2033 ἀντὶ
923 1977 1030 2034 τῶν
1060 1982 1311 2053 πατέρων
1344 1982 1608 2054 λαμϐάνει
1644 1984 1812 2048 υἱοὺς,

233 2067 296 2119 ἐν
351 2067 686 2138 τηλικούτοις
737 2067 1008 2141 ἀξιώμασι
1054 2071 1483 2144 διαπρέποντας,
1528 2072 1668 2126 ὥστε
1710 2091 1814 2128 κα-

233 2159 498 2228 ταστῆναι
536 2159 646 2231 (16)
694 2163 890 2225 αὐτοὺς
941 2163 1238 2232 ἄρχοντας
1283 2165 1379 2218 ἐπὶ
1436 2165 1642 2220 πᾶσαν
1700 2165 1815 2234 τὴν

236 2248 372 2320 γῆν.
423 2250 576 2315 Τίνες
629 2249 722 2306 οὖν
769 2255 819 2306 οί
863 2254 968 2308 olei.
1014 2257 1111 2324 τῆς
1168 2257 1527 2329 Ἐκκλησίας;
1563 2260 1718 2312 Ἤτοι
1763 2262 1813 2313 oi

236 2342 344 2395 υἱοὶ
393 2343 483 2396 τοῦ
531 2346 886 2414 Εὐαγγελίου,
934 2348 984 2400 οί
1017 2347 1199 2419 πάσης
1243 2349 1343 2419 τῆς
1388 2351 1492 2420 τῆς
1525 2349 1807 2422 ἄρξαντες.

235 2437 344 2500 Εἰς
380 2433 586 2489 πᾶσαν
613 2437 742 2510 γάρ,
778 2439 932 2508 φησι,
962 2438 1074 2508 τὴν
1102 2439 1465 2510 οὶκουμένην
1496 2440 1750 2509 ἐξῆλθεν
1779 2445 1812 2495 ό

235 2529 497 2598 φθόγγος
524 2530 752 2585 αὐτῶν·
785 2533 906 2604 καὶ,
938 2533 1428 2601 Καθεσθήσονται
1455 2535 1552 2588 ἐπὶ
1583 2534 1811 2589 δώδεκα

237 2621 520 2689 θρόνους,
560 2624 656 2678 καί
710 2625 985 2692 κρινοῦσι
1030 2626 1135 2692 τὰς
1177 2625 1403 2680 δώδεκα
1448 2627 1648 2696 φυλὰς
1703 2627 1810 2681 τοῦ

249 2714 518 2782 Ἰσραήλ.
573 2715 694 2769 Ἐὰν
739 2716 795 2768 δέ
842 2708 933 2780 ’τις
985 2719 1224 2789 πατέρας
1262 2717 1359 2789 τῆς
1404 2717 1622 2789 νύμφης
1671 2717 1811 2792 λάϐῃ

233 2803 364 2866 τοὺς
391 2805 753 2877 πατριάρχας,
797 2806 892 2860 καὶ
916 2806 1088 2871 οὕτως
1117 2810 1146 2860 ό
1171 2807 1326 2876 λόγος
1353 2808 1461 2863 τῶν
1497 2809 1810 2863 ἀποστόλων

234 2894 300 2945 οὐ
329 2894 625 2948 διαπίπτει.
663 2896 809 2949 Ἀντὶ
853 2895 962 2968 γὰρ
1004 2897 1227 2951 ἐκείνων
1272 2899 1637 2969 ἐγεννήθησαν
1672 2901 1808 2970 αὐτῇ

234 2987 344 3038 υἱοὶ
383 2986 471 3040 διὰ
513 2987 606 3040 τοῦ
656 2988 926 3059 Χριστοῦ,
965 2991 1014 3043 oi
1072 2988 1351 3052 ποιοῦντες
1407 2989 1475 3043 τά
1523 2991 1660 3059 ἔργα
1715 2989 1808 3042 τοῦ

247 3075 530 3148 Ἀϐραάμ·
578 3079 670 3132 καὶ
715 3078 802 3132 διὰ
845 3079 999 3132 τοῦτο
1047 3081 1276 3152 ἰσότιμοι
1312 3081 1494 3145 αὐτοῖς
1536 3082 1808 3154 χρηματί-

1916 1893 2095 1963 populi
2133 1901 2186 1945 et
2217 1893 2407 1945 domus
2438 1890 2631 1959 patris,
2662 1889 2712 1942 in
2742 1889 3064 1942 obedientim
3089 1888 3485 1940 remuneratio-

1916 2002 2036 2040 nem
2068 2000 2210 2038 nunc
2248 2000 2346 2051 pro
2374 1984 2620 2052 patribus
2649 1983 2848 2051 accipit
2881 1981 3018 2034 ﬁlios
3058 1982 3218 2034 tantis
3251 1982 3484 2048 dignita-

1914 2077 2060 2130 tibus
2113 2076 2425 2143 insignitos,
2487 2084 2545 2126 ut
2602 2075 2998 2126 constituantur
3044 2073 3302 2137 principes
3333 2087 3488 2136 super

1914 2182 2115 2220 omnem
2147 2173 2359 2217 terram.
2393 2164 2491 2229 Qui
2517 2174 2640 2217 sunt
2682 2165 2846 2231 igitur
2875 2161 3130 2215 Ecclesiae
3165 2162 3291 2215 lilii?
3317 2161 3482 2214 Nimi-

1914 2272 2030 2308 rum
2066 2254 2337 2322 Evangelii
2379 2254 2497 2317 lilii,
2547 2253 2638 2321 qui
2679 2252 2796 2306 orbi
2835 2253 3085 2306 Universo
3123 2253 3480 2320 imperarunt.

1914 2347 1979 2402 In
2003 2362 2202 2399 omnem
2222 2346 2385 2405 enim,
2408 2345 2600 2413 inquit.
2627 2352 2819 2396 terram
2843 2344 3002 2395 exivit
3029 2358 3184 2394 sonus
3212 2359 3390 2395 eorum
3408 2343 3479 2410 3‘;

1911 2450 1986 2504 et,
2023 2438 2286 2493 Sedebunt
2327 2455 2481 2504 super
2514 2438 2786 2489 duodecim
2819 2438 3053 2501 thronos,
3092 2447 3140 2489 et
3165 2435 3482 2504 judicabant

1911 2530 2184 2582 duodecim
2222 2530 2385 2581 tribus
2408 2527 2580 2582 Israel
2610 2528 2676 2582 ⁸⁸.
2712 2528 2767 2582 Si
2798 2529 2921 2598 quis
2953 2539 3130 2581 autem
3157 2543 3366 2597 sponsa:
3390 2544 3484 2596 pn-

1913 2631 2021 2676 tres
2052 2621 2312 2691 intelligat
2343 2622 2699 2690 patriarchas,
2729 2622 2797 2675 ita
2817 2636 3029 2690 quoque
3066 2620 3332 2674 intellecta
3362 2619 3513 2673 sen-'

1912 2717 2080 2770 tentia
2115 2717 2182 2769 ab
2218 2715 2475 2783 apostolis
2506 2715 2678 2769 aliena
2706 2731 2808 2768 non
2838 2725 2938 2768 est.
2966 2713 3098 2767 Nam
3124 2729 3223 2782 pro
3247 2713 3478 2766 illisnati

1911 2815 2033 2861 sunt
2057 2817 2109 2860 et
2143 2807 2234 2860 lilii
2253 2821 2347 2876 per
2368 2806 2660 2873 Christum,
2691 2806 2949 2861 facientes
2978 2821 3137 2876 opera
3162 2807 3395 2859 Abrahae
3411 2806 3479 2867 ⁸⁸,

1910 2905 1963 2949 et
1987 2896 2106 2949 ideo
2133 2910 2284 2963 aeque
2313 2896 2563 2950 honorati
2596 2910 2659 2950 ac
2692 2895 2815 2963 ipsi,
2845 2894 2986 2962 quod
3027 2898 3212 2946 eadem
3245 2903 3476 2961 egerunt

1912 3001 2034 3056 qua:
2067 2987 2164 3049 illi,
2217 2987 2285 3041 ob
2323 3001 2442 3055 qme
2492 2986 2788 3040 honoribus
2831 2985 3041 3056 magnis
3087 2984 3287 3054 dignati
3350 2995 3478 3036 sunt

1911 3088 2116 3150 patres.
2142 3077 2422 3148 Principes
2445 3093 2574 3134 vero
2604 3079 2871 3132 universa:
2915 3088 3071 3131 terra:
3107 3085 3232 3130 sunt
3282 3077 3480 3137 sancti,

236 3169 423 3233 ζοντες
463 3170 597 3241 (17),
635 3173 697 3224 ὲκ
726 3170 817 3224 τοῦ
865 3173 1223 3242 πεποιηκέναι
1252 3171 1318 3226 τὰ
1364 3171 1502 3226 αὐτὰ
1549 3175 1807 3239 ἐκείνοις,

1917 3173 1980 3228 ob
2012 3188 2162 3226 suam
2188 3188 2308 3226 eum
2342 3172 2484 3226 bono
2513 3171 2990 3234 necessitudinem,
3050 3184 3173 3223 cum
3212 3169 3323 3235 ipsa
3353 3168 3478 3221 boni

235 3260 332 3331 ἀφ’
356 3254 430 3316 ὧν
471 3261 578 3316 τῶν
617 3263 864 3333 μεγάλων
896 3265 1069 3336 τιμῶν
1111 3265 1422 3338 ἠξιώθησαν
1461 3267 1510 3319 oi
1552 3266 1805 3337 πατέρες.

239 3354 532 3424 ’Ἄρχοντες
573 3354 753 3425 μέντοι
782 3356 917 3408 εἰσιν
950 3356 1168 3428 άπάσης
1195 3360 1291 3428 τῆς
1331 3357 1437 3427 γῆς
1466 3359 1516 3410 οἱ
1545 3357 1689 3426 ἅγιοι
1718 3357 1806 3410 διὰ

233 3445 338 3514 τὴν
378 3445 513 3517 πρὸς
549 3447 610 3500 τὸ
650 3448 810 3502 καλὸν
843 3450 1138 3512 οίκείωσιν,
1179 3450 1347 3520 αὐτῆς
1384 3449 1484 3519 τῆς
1511 3450 1606 3503 τοῦ
1643 3449 1806 3503 καλοῦ

237 3538 454 3608 φύσεως
490 3538 860 3612 περιτιθείσης
893 3541 1076 3605 αὐτοῖς
1125 3541 1186 3594 τὸ
1232 3545 1519 3612 πρωτεῖον,
1561 3542 1634 3606 ὡς
1663 3559 1812 3613 περι-

235 3625 401 3698 έθηκε
426 3627 504 3699 τῷ
539 3627 731 3682 Ἰακὼὸ
762 3629 860 3699 τὴν
901 3627 1042 3682 κατά
1071 3629 1162 3682 τοῦ
1199 3629 1365 3682 Ἥσαῦ
1411 3630 1678 3696 ἐξουσίαν.
1708 3631 1810 3683 Γί-

234 3737 348 3773 νου
384 3718 513 3790 γὰρ,
547 3721 700 3792 φησι,
741 3722 945 3790 κύριος
984 3720 1090 3774 τοῦ
1128 3720 1394 3792 ἀδελφοῦ
1435 3739 1570 3778 σου.
1599 3723 1659 3776 Οἱ
1697 3721 1808 3774 τοί--

235 3826 329 3861 νυν
361 3809 591 3881 ἰσότιμοι
633 3813 744 3874 τοῖς
785 3810 1021 3880 πατράσι
1070 3813 1349 3882 γενόμενοι
1394 3812 1524 3881 (18),
1571 3813 1664 3865 καὶ
1709 3811 1807 3884 τὴν

237 3900 380 3954 κατὰ
409 3902 625 3956 πάντων
654 3902 925 3975 ὑπεροχὴν
959 3901 1048 3956 διὰ
1074 3905 1174 3976 τὴν
1206 3905 1304 3975 τῆς
1335 3904 1532 3974 ἀρετῆς
1576 3904 1808 3976 ἄσκησιν

235 3988 665 4058 προσλαβόντες,
700 3991 798 4045 καὶ
838 3992 943 4045 υἱοὶ
973 3992 1074 4058 τῆς
1119 3991 1359 4064 Χριστοῦ
1404 3991 1621 4064 νύμφης
1669 3995 1803 4060 εἰσὶ,

234 4079 344 4130 καὶ·
379 4078 530 4149 παρὰ
562 4083 661 4150 τῆς
713 4080 849 4143 ἰδίας
898 4083 1100 4152 μητρὸς
1150 4082 1501 4137 καθίστανται
1548 4082 1806 4154 ἄρχοντες

235 4170 330 4222 ἐπὶ
365 4171 542 4225 πᾶσαν
581 4171 680 4242 τὴν
713 4171 836 4240 γῆν.
865 4172 1064 4225 Σκόπει
1092 4172 1148 4224 δέ
1183 4189 1272 4244 μοι
1300 4172 1395 4245 τὴν
1433 4172 1678 4240 ἐξουσίαν
1706 4175 1806 4245 τῆς

238 4261 529 4331 βασιλίδος,
567 4264 666 4333 ὅση
704 4280 789 4326 τις
827 4264 916 4316 ἐπ’
956 4265 1125 4336 αὐτῆς
1158 4265 1308 4317 ἐστι·
1345 4268 1667 4336 χειροτονεῖν
1709 4267 1808 4339 ἀρ-

237 4370 431 4424 χοντας
457 4355 548 4408 ἐπὶ
582 4358 762 4409 πᾶσαν
793 4355 888 4427 τὴν
916 4357 1037 4428 γῆν.
1069 4356 1505 4427 Μνησθήσομαι
1529 4358 1635 4412 τοῦ
1675 4359 1806 4413 ὀνό-
1843 4352 1851 4363 ’

230 4448 420 4513 ματός
455 4463 571 4502 σου
605 4448 674 4501 ἐν
709 4447 874 4517 πάσῃ
911 4446 1088 4518 γενεᾷ
1115 4449 1214 4501 καί
1258 4448 1452 4518 γενεᾷ.
1484 4449 1588 4503 Διὰ
1630 4452 1804 4505 τοῦτο

1916 3274 2108 3322 natura
2137 3265 2218 3320 eis
2254 3264 2618 3335 principatum
2672 3265 2896 3329 tribuat,
2937 3265 3079 3318 sicut
3102 3262 3304 3317 Jacobo
3332 3271 3482 3332 pote-

1913 3365 2109 3412 statem
2145 3356 2198 3410 in
2233 3356 2408 3425 ipsum
2440 3355 2580 3410 Esau
2613 3357 2859 3426 pra-ltuit.
2916 3354 3047 3409 Fias
3077 3356 3243 3418 enim,
3287 3355 3480 3424 inquit.

1915 3446 2158 3500 dominus
2185 3445 2367 3515 fratris
2395 3446 2473 3499 tui
2495 3445 2562 3500 ⁸⁷.
2594 3445 2912 3512 Quicunque
2947 3446 3112 3514 igitur
3142 3446 3352 3500 honore
3383 3462 3480 3516 pa-

1915 3538 2087 3592 tribus
2124 3551 2282 3608 pares
2304 3537 2434 3592 facti
2466 3546 2610 3604 sunt,
2649 3547 2813 3606 atque
2840 3554 2936 3607 per
2963 3538 3177 3592 virtutis
3211 3540 3477 3592 exercita-

1917 3630 2116 3683 tionem
2145 3627 2396 3682 omnibus
2425 3628 2820 3697 praestiterunt,
2855 3639 2908 3684 et
2939 3629 3031 3682 ﬁlii
3077 3643 3287 3696 sponsae
3313 3629 3477 3682 Chri-

1914 3722 1984 3777 sti
2013 3729 2161 3786 sunt,
2187 3729 2240 3774 et
2261 3735 2289 3772 a
2324 3719 2538 3790 propria
2564 3730 2736 3774 matre
2759 3721 3034 3789 principes
3074 3735 3236 3788 super
3262 3733 3478 3773 omnem

1915 3818 2118 3864 terram
2182 3809 2605 3865 constituuntur.
2677 3809 2850 3864 Velim
2909 3820 3107 3863 autem
3166 3810 3481 3863 consideres

1913 3912 2116 3973 quanta
2140 3903 2210 3958 sit
2245 3905 2445 3972 reginae
2467 3911 2730 3974 potestas,
2759 3903 2839 3957 sic
2870 3911 2929 3956 ut
2949 3911 3097 3956 creet
3130 3917 3193 3956 ac
3217 3901 3481 3970 praeﬁciat

1913 3996 2187 4066 principes
2217 4011 2379 4067 super
2407 4011 2620 4050 omnem
2675 4005 2894 4050 terram.
2945 3993 3106 4050 Vsus.
3148 3995 3231 4050 l8.
3272 3993 3482 4048 Memor

1911 4103 2001 4142 ero
2036 4089 2260 4142 nominis
2290 4089 2367 4141 tui
2405 4089 2460 4141 in
2509 4089 2650 4143 ontni
2680 4089 3010 4158 generatione
3048 4096 3099 4141 et
3123 4091 3480 4157 generatione.

1915 4175 2201 4246 PrOpterea
2228 4178 2411 4248 populi
2440 4179 2828 4247 conﬁtebuntur
2853 4180 2951 4233 tibi
2988 4181 3044 4232 in
3075 4178 3325 4233 sweulum
3351 4188 3399 4230 et
3424 4179 3480 4232 in

1911 4266 2162 4322 circulum
2207 4269 2412 4323 saeculi.
2439 4268 2568 4324 Post
2615 4271 2799 4324 omnia
2852 4281 3104 4339 tanquam
3131 4285 3198 4324 ex
3226 4269 3482 4323 Ecclesiae

1913 4375 2139 4429 persona
2168 4361 2367 4416 dictum
2395 4371 2478 4416 est
2511 4361 2662 4431 illud,
2698 4361 2903 4416 Memor
2935 4379 3024 4415 ero
3063 4361 3289 4414 nominis
3325 4360 3403 4412 tui
3425 4361 3479 4412 in

1911 4453 2053 4506 omni
2085 4455 2415 4522 generatione
2437 4465 2484 4507 et
2518 4455 2870 4524 generatione.
2897 4454 3026 4521 Qua:
3057 4465 3233 4508 autem
3261 4463 3344 4508 est
3367 4453 3481 4508 haec

233 4540 370 4593 λαοὶ
408 4540 956 4611 ἐξομολογήσονται
983 4555 1081 4594 σοι
1105 4543 1193 4606 εις
1217 4540 1324 4595 τὸν
1355 4541 1538 4597 αἰῶνα
1577 4543 1673 4597 καί
1711 4546 1805 4611 εἰς

1917 4544 2164 4598 Ecclesia:
2193 4545 2492 4600 memoria?
2517 4546 2798 4603 Confessio
2824 4548 3163 4619 populorum.

234 4631 344 4685 τὸν
381 4630 566 4685 αἰῶνα
592 4631 698 4684 τοῦ
735 4630 965 4698 αἰῶνος.
1000 4632 1122 4686 Ἐπὶ
1155 4633 1320 4685 πᾶσιν
1353 4633 1428 4697 ὡς
1459 4635 1524 4688 ὲκ
1561 4634 1856 4705 προσώπου
1899 4637 2000 4706 τῆς
2033 4637 2354 4709 Ἐκκλησίας
2378 4641 2406 4692 ὁ
2443 4639 2599 4708 λόγος
2637 4641 2870 4712 εἴρηται,
2916 4641 2997 4693 δτι
3041 4638 3480 4707 Μνησθήσομαι

233 4723 340 4777 τοῦ
377 4724 667 4792 ὀνόματός
701 4737 817 4777 σου
845 4722 914 4775 ἑν
945 4722 1110 4793 πάσῃ
1142 4723 1320 4793 γενεᾷ
1349 4725 1446 4780 καί
1486 4724 1680 4796 γενεᾷ.
1710 4728 1804 4792 Τίς
1845 4728 1902 4782 δέ
1943 4731 2088 4782 ἐστιν
2127 4732 2160 4801 ἡ
2206 4729 2309 4799 τῆς
2343 4730 2666 4803 Ἐκκλησίας
2727 4734 2948 4805 μνήμῃ
2987 4733 3050 4785 Ἦ
3097 4732 3481 4806 ἐξομολόγησις

235 4819 344 4872 τῶν
373 4819 538 4874 λαῶν.

305 4977 522 5031 l"Ps-al.
576 4994 723 5044 xxvr,
775 4977 831 5031 4.
909 4978 956 5009 ⁸⁵
1010 4977 1158 5032 Psal.
1208 4992 1368 5043 xvm,
1403 4977 1458 5033 5.
1532 4977 1578 5011 ⁸⁸
1608 4975 1799 5032 Matth.
1828 4977 2057 5042 xtx,28.

311 5125 425 5195 (l5)
449 5122 545 5179 Vir
577 5124 791 5195 quidem
829 5122 1197 5195 doctissimus,
1227 5132 1368 5195 teste
1415 5123 1632 5195 Duczeo,
1665 5137 1798 5195 con-

231 5191 436 5261 iecerat
468 5195 540 5248 ita
567 5191 957 5248 emendandum
992 5208 1135 5257 esse,
1165 5193 1256 5245 ὲπὶ
1287 5192 1347 5246 τὸ
1376 5191 1584 5264 τοιοῦτο
1609 5193 1801 5264 κατόρ-

236 5266 399 5336 θωμα
428 5263 700 5336 χωρούσαι
729 5265 867 5336 '_sed
902 5265 1132 5336 Duemus
1154 5267 1269 5332 ipse
1307 5263 1578 5336 vulgatam
1611 5264 1800 5318 lectio-

236 5332 382 5397 nem,
410 5332 610 5404 sane
634 5333 859 5403 τοιούτῳ
901 5332 1282 5404 κατορθώματι
1319 5333 1624 5405 χαίρουσαι,
1670 5336 1801 5405 reti-

237 5407 468 5459 r—endam
498 5403 731 5468 censuit,
768 5408 834 5458 ad
886 5403 1047 5473 idque
1085 5403 1426 5471 probandum
1485 5403 1798 5458 testimonio

234 5477 442 5531 codicis
472 5475 610 5528 Oliv.
637 5489 766 5528 usus
801 5481 886 5527 est
919 5473 1035 5527 :cni
1061 5474 1230 5528 codici
1264 5474 1386 5527 addi
1410 5483 1635 5542 possunt
1660 5473 1794 5542 Reg.

234 5556 484 5614 q'mrIuS.
524 5545 676 5600 Colb.
700 5554 886 5614 sextus
910 5553 964 5597 et
997 5543 1086 5595 alii
1116 5544 1379 5598 nonnulli.

308 5615 420 5686 (1.4)
447 5614 537 5671 Sic
570 5615 735 5670 editio
771 5613 932 5668 Basil.
977 5624 1033 5667 et
1073 5629 1200 5669 mss.
1235 5615 1496 5685 quinque.
1529 5615 1688 5671 Deest
1728 5628 1795 5684 με

2162 4977 2388 5032 M.lozm.
2437 4994 2552 5046 vni,
2583 4977 2652 5034 59
2747 4978 2789 5010 ⁸⁷
2842 4979 3172 5043 Gen.x.\'vu,
3204 4981 3295 5036 29.

1907 5122 1960 5194 in
1992 5123 2231 5178 editione
2268 5123 2445 5194 Paris.
2479 5122 2682 5181 Ibidem
2734 5123 2868 5194 Reg.
2909 5124 3179 5180 secundus
3211 5121 3303 5176 τὸν
3352 5119 3479 5174 ναὸν

1904 5192 1996 5245 τὸν
2029 5193 2183 5247 ἅγιον
2204 5191 2390 5247 αὑτοῦ.

1981 5211 1996 5245 Ι
2029 5211 2061 5246 α
2107 5211 2183 5246 ιον
2204 5211 2390 5247 αυτου.

1981 5211 2098 5335 (ίὸζ
2127 5264 2484 5335 βοόὶεοβιιοοε
2507 5263 2863 5335 ἐγενήθησαν,
2902 5264 3030 5334 facti
3054 5271 3196 5335 sunt.

2003 5333 2092 5404 16)
2125 5333 2216 5388 Sic
2248 5333 2377 5404 nugs.
2406 5333 2668 5404 quinque.
2693 5333 2830 5389 Editi
2863 5333 2938 5397 ὡς
2973 5333 3336 5401 καταστῆναι.

2007 5401 2090 5474 l7)
2125 5405 2232 5475 Siet
2249 5401 2398 5475 Regii
2423 5401 2725 5468 secundus,
2755 5409 2948 5458 tertius
2993 5415 3046 5456 et
3082 5412 3308 5475 quartus
3353 5416 3476 5457 eum

1903 5469 2229 5558 Colbglrtiﬁls
2253 5469 2428 5558 priino
2458 5485 2512 5529 et
2543 5475 2894 5558 sexto.iEdIi.ti.
2915 5469 3367 5558 χρηματίζουσιν.

1977 5545 2088 5616 (18)
2121 5541 2222 5624 ,δίο
2245 5541 2477 5616 Quatuor
2511 5561 2642 5601 mss.
2669 5549 2740 5601 At
2767 5545 2894 5601 editi
2915 5541 3227 5613 γινόμενοι.
