3978 6410
474 417 584 476 MS

1788 412 1846 469 S.
1891 409 2135 463 BASILII
2180 407 2391 463 MAGNI

3646 408 3745 464 “6

489 548 3722 578 MM

870 657 1030 727 170
1055 653 1119 709 IN
1149 654 1476 709 PSALMUM
1508 651 1666 709 XLV.

583 775 650 828 In
670 774 829 844 ﬁnem
857 790 953 843 pro
981 772 1110 843 ﬁliis
1135 770 1268 826 Core
1290 786 1309 824 :
1342 786 1435 839 pro
1457 768 1665 823 arcanis
1692 768 1944 837 psalmus.

553 908 606 965 l.
664 905 1011 978 Prophetiam
1067 906 1135 961 de
1184 904 1346 959 rebus
1388 919 1507 974 quae
1540 903 1591 957 in
1642 901 1747 957 line
1780 910 2054 956 eventum

480 1009 630 1063 sunt,
671 1000 953 1054 continere
979 998 1111 1053 mihi
1144 997 1361 1052 videtur
1392 997 1481 1051 hic
1508 994 1768 1066 psalmus.
1791 993 1962 1061 Quem
1991 994 2053 1047 li-

478 1108 603 1148 nem
638 1093 864 1147 intuitus
894 1092 1060 1147 etiam
1095 1089 1314 1157 Paulus,
1346 1089 1478 1144 dicit
1504 1106 1518 1144 :
1543 1086 1743 1143 Deinde
1762 1088 1909 1157 ﬁnis,
1934 1102 2053 1140 cum

478 1184 761 1238 tradiderit
821 1200 1042 1254 regnum
1098 1183 1207 1237 Deo
1263 1193 1311 1237 et
1361 1179 1517 1236 Patri
1562 1180 1629 1235 ⁸⁸.
1662 1181 1770 1234 Aut
1797 1179 2051 1249 quoniam

480 1272 723 1326 actiones
774 1283 973 1326 nosua
1005 1272 1280 1326 deducunt
1319 1285 1418 1326 nos
1460 1269 1528 1325 ad
1577 1268 1764 1337 linem,
1797 1283 2055 1341 unaquae-

476 1377 584 1431 que
611 1363 676 1417 ad
710 1362 988 1433 proprium
1016 1362 1120 1417 sibi
1158 1361 1295 1432 ipsi;
1327 1362 1533 1417 idcirco
1561 1360 1705 1417 bona
1732 1361 1953 1431 quidem
1987 1361 2055 1416 ad

478 1453 897 1517 beatitudinem,
925 1453 1064 1507 mala
1087 1468 1217 1509 vero
1241 1453 1306 1507 ad
1323 1463 1585 1507 aeternam
1610 1452 2053 1509 damnationem:

478 1557 534 1600 et
561 1547 817 1616 quoniam
853 1547 1083 1602 consilia
1119 1561 1151 1601 a
1200 1545 1406 1616 Spiritu
1448 1546 1502 1601 in
1560 1546 1661 1601 hoc
1690 1545 1905 1615 psalmo
1936 1555 2055 1601 tra-

477 1637 613 1701 dita,
639 1640 1081 1708 obtemperantes
1108 1638 1176 1693 ad
1202 1640 1401 1695 bonum
1431 1639 1592 1694 linem
1623 1639 1923 1705 deducunt;
1955 1639 2054 1695 bac

475 1731 545 1787 de
578 1745 738 1786 causa
769 1732 1067 1803 inscriptus
1106 1743 1210 1799 est,
1258 1730 1327 1786 In
1356 1732 1540 1803 ﬁnem,
1571 1732 1716 1802 quod
1745 1730 1863 1799 ejus
1896 1732 2058 1787 docu-

478 1832 661 1877 menta
710 1823 777 1878 ad
832 1823 1047 1878 beatum
1073 1824 1323 1879 humana:
1366 1824 1494 1879 vita:
1526 1823 1690 1879 ﬁnem
1724 1823 2050 1879 referantur.

477 1910 588 1967 Pro
616 1914 743 1981 ﬁliis
778 1913 932 1971 Core.
956 1914 1128 1970 Filius
1148 1926 1327 1971 autem
1353 1914 1496 1972 Core
1544 1917 1725 1971 dictus
1751 1924 1837 1971 est
1882 1923 1937 1970 et
1965 1915 2055 1970 hic

2547 647 2655 700 ΕΙΣ
2693 644 2831 701 ΤΟΝ
2872 648 2985 702 ME'
3023 648 3344 705 ΨΛΛΜΟΝ.

2155 741 2260 807 Εἰς
2300 739 2369 793 τὸ
2418 738 2593 806 τέλος
2633 738 2786 807 ὑπὲρ
2832 737 2950 812 τῶν
3001 738 3149 795 υἱῶν
3196 742 3376 810 Κυρέ·
3413 743 3570 812 ὑπὲρ
3624 738 3746 796 τῶν

2665 811 2935 880 κρυφίων
2978 814 3244 881 ψαλμός.

2226 903 2276 958 1.
2309 902 2654 974 Προφητείαν
2694 921 2784 974 μοι
2813 904 2958 957 δοκεῖ
2985 904 3261 976 περιέχειν
3292 908 3321 959 ὁ
3356 904 3575 977 ψαλμδς
3612 907 3745 977 περὶ

2154 996 2262 1051 τῶν
2290 997 2433 1051 κατά
2460 997 2519 1050 τὸ
2546 996 2718 1062 τέλος.
2745 999 2924 1070 Ὅπερ
2951 999 3103 1064 τέλος
3134 999 3292 1063 εἰδὼς
3318 1001 3410 1056 καὶ
3437 1002 3467 1054 ὁ
3506 999 3745 1065 Παῦλος,

2156 1087 2351 1161 φησίν·
2406 1085 2553 1144 Εἶτα
2605 1090 2671 1144 τὸ
2723 1089 2931 1157 τέλος.
2972 1091 3119 1146 ὅταν·
3158 1093 3406 1163 παραδῷ
3452 1097 3567 1166 (19)
3628 1096 3746 1162 τὴν

2148 1181 2479 1245 ,ϐασιλείαν
2504 1182 2585 1247 τῷ
2611 1181 2733 1248 Θεῷ
2759 1183 2857 1237 καὶ
2885 1185 3088 1254 Πατρί.
3119 1186 3190 1238 Ἢ
3218 1186 3403 1259 ἐπειδὴ
3430 1190 3485 1240 αἱ
3512 1188 3747 1259 πράξεις

2156 1270 2313 1345 ἡμῶν
2355 1273 2663 1343 ἀπάγουσιν
2710 1275 2858 1346 ἡμᾶς
2904 1275 3041 1349 πρὸς
3091 1276 3154 1329 τὸ
3201 1277 3375 1344 τέλος,
3422 1280 3632 1351 ἑκάστη
3681 1280 3747 1332 τὸ

2154 1360 2351 1413 οἰκεῖον
2389 1361 2577 1433 ἑαυτῇ,
2606 1362 2638 1431 ἡ
2672 1361 2771 1433 μὲν
2810 1362 2989 1434 ἀγαθὴ
3025 1363 3161 1433 πρὸς
3188 1364 3289 1435 τὴν
3335 1366 3742 1439 μακαριότητα,

2155 1451 2190 1522 ἠ
2236 1452 2293 1506 δὲ
2332 1453 2508 1526 φαύλη
2565 1452 2701 1526 πρὸς
2750 1454 2849 1527 τὴν
2895 1456 3118 1509 αἰωνίαν
3178 1457 3535 1530 κατάκρισινν
3574 1461 3631 1511 αἱ
3685 1459 3744 1511 δὲ

2157 1544 2308 1616 παρά
2332 1544 2426 1598 τοῦ
2466 1544 2784 1616 Πνεύματος
2818 1547 2876 1598 ὲν
2909 1545 2986 1617 τῷ
3036 1545 3238 1618 ψαλμῷ
3279 1549 3457 1620 τούτῳ
3508 1550 3745 1622 παραδι-

2155 1634 2525 1708 δόμεναι,(20)
2572 1635 2874 1707 συμϐουλαὶ
2918 1636 3056 1709 πρὸς
3100 1638 3161 1692 τὸ
3200 1639 3403 1709 ἀγαθὸν
3433 1640 3591 1703 τέλος
3638 1641 3747 1693 ἀπ·-

2157 1724 2352 1794 άγουσι
2395 1727 2521 1790 τοὺς
2554 1726 2938 1797 πειθομένους·
2975 1727 3165 1782 τούτου
3208 1729 3393 1784 ἕνεκεν
3442 1731 3745 1801 ἐπιγέγρα-

2157 1832 2289 1869 πται
2315 1819 2419 1884 Eli;
2443 1817 2510 1871 τὸ
2544 1814 2746 1885 τέλος·
2775 1817 2853 1883 ὡς
2884 1817 2986 1889 τῆς
3022 1820 3302 1893 ἀναφορᾶς
3341 1822 3449 1877 τῶν
3473 1823 3744 1893 armis.

2157 1927 2266 1963 των
2307 1912 2399 1965 ἐπὶ
2433 1912 2493 1965 τὸ
2537 1912 2806 1984 μακάριον
2854 1912 3007 1977 τέλος
3050 1915 3150 1985 τῆς
3192 1914 3541 1986 ἀνθρωπίνης
3593 1914 3743 1984 ζωῆς

477 2006 752 2077 psalmus,
785 2023 923 2077 quos
959 2007 1196 2078 Spiritus
1247 2018 1468 2064 sanctus
1522 2008 1643 2064 ideo
1676 2024 1780 2063 non
1818 2006 2049 2074 dividit,

2160 2002 2529 2076 ὑπαρχούσης.
2570 2004 2751 2074 ’Υπὲρ
2780 2002 2900 2059 τῶν
2935 2003 3081 2060 υἱῶν
3123 2007 3292 2077 qué.
3330 2009 3453 2073 Τοῖς
3493 2010 3552 2064 δὲ
3606 2014 3743 2075 υἱοῖς

477 2098 622 2168 quod
648 2098 791 2152 velut
821 2114 929 2153 una
965 2100 1144 2154 anima
1185 2109 1240 2154 et
1272 2115 1375 2154 una
1407 2114 1539 2155 voce
1574 2116 1698 2154 cum
1730 2099 1877 2154 omni
1913 2101 2055 2155 inter

478 2204 541 2246 se
569 2191 859 2246 concordia
889 2205 1172 2246 sermones
1219 2190 1568 2261 propheticos
1613 2191 1940 2257 emiserunt,
1973 2191 2056 2246 ni-

480 2280 560 2338 hil
582 2282 877 2353 quidquam
907 2283 1015 2338 alio
1032 2292 1231 2352 prater
1247 2282 1383 2337 alios
1406 2282 1768 2347 vaticinante,
1801 2285 1897 2338 sed
1929 2298 2057 2352 pro—

478 2375 701 2444 phetico
733 2376 875 2431 dono
903 2376 1187 2445 aequaliter
1241 2374 1321 2430 eis
1357 2389 1647 2441 concesso,
1690 2375 1758 2429 ob
1791 2374 2057 2445 aaqualem

480 2466 721 2537 ipsorum
772 2467 915 2521 inter
944 2482 1002 2521 se
1056 2466 1110 2521 in
1156 2465 1297 2520 bona
1330 2465 1609 2520 allectum.
1644 2465 1912 2521 Caeterum
1950 2465 2055 2520 Pro

484 2559 698 2612 arcanis
732 2558 908 2614 dictus
944 2567 1030 2613 est
1063 2558 1342 2634 psalmus;
1402 2557 1454 2613 id
1501 2566 1607 2623 est,
1655 2573 1755 2629 pro
1783 2558 2017 2614 occultis
2038 2603 2053 2627 ,

480 2660 538 2707 et
565 2652 862 2707 reconditis
897 2651 951 2705 in
981 2651 1269 2723 mysterio.
1309 2649 1608 2721 Postquam
1646 2661 1828 2706 autem
1871 2652 2059 2722 singu-

480 2744 565 2798 las
613 2741 773 2811 hujus
820 2741 1014 2813 psalmi
1069 2743 1372 2798 sententias
1434 2742 1723 2812 attigeris,
1763 2745 2057 2798 verborum

480 2851 680 2891 arcana
731 2837 1029 2901 docebere;
1056 2850 1120 2890 ac
1153 2836 1335 2891 disces
1362 2850 1467 2890 non
1507 2833 1746 2905 cujusvis
1780 2850 1902 2891 esse
1930 2851 2059 2907 my-

480 2929 646 2984 steria
675 2927 859 2983 divina
889 2927 1273 2999 contemplari,
1306 2927 1401 2984 sed
1431 2927 1550 2996 ejus
1589 2928 1783 2997 solius,
1833 2929 1926 2999 qui
1955 2931 2059 2985 im-

482 3021 667 3090 plendi
708 3021 962 3091 promissi
1009 3035 1277 3090 organum
1328 3020 1659 3075 concinnum
1706 3022 1824 3076 fieri
1864 3022 2056 3091 possit,

482 3115 565 3169 sic
605 3122 663 3168 ut
692 3114 935 3184 psalterii
960 3113 1079 3167 loco
1108 3111 1289 3166 anima
1317 3110 1462 3165 illius
1499 3121 1787 3167 moveatur
1816 3112 1883 3167 ab
1926 3126 2056 3180 ope-

480 3213 643 3259 rante
677 3204 730 3258 in
761 3204 877 3272 ipsa
917 3200 1122 3273 Spiritu
1156 3212 1373 3257 sancto.
1400 3198 1565 3257 Vens.
1613 3200 1672 3256 Ξ.
1714 3201 1857 3258 Deus
1884 3213 2060 3257 noster

481 3297 745 3368 refugium
777 3307 825 3350 et
858 3297 1043 3359 uirtus,
1084 3295 1303 3364 adjutor
1343 3298 1400 3351 in
1449 3296 1910 3363 tribulationibus,
1941 3312 2059 3367 quae

2155 2094 2301 2166 Κορὲ
2333 2097 2426 2150 καὶ
2467 2090 2623 2161 οὗτος
2672 2098 2887 2169 εἴρηται
2916 2101 2943 2153 ὁ
2967 2099 3199 2171 ψαλμὺς,
3226 2101 3319 2166 οὓς
3352 2103 3413 2154 οὑ
3450 2101 3657 2174 διαιρεῖ
3685 2108 3746 2158 τὺ

2156 2183 2385 2257 Πνεῦμα
2418 2186 2479 2239 τὸ
2509 2185 2683 2256 ἆγιον,
2729 2186 2862 2272 διότι
2915 2186 3104 2261 ὥσπερ
3161 2193 3260 2262 μιᾷ
3307 2189 3452 2263 ψυχῇ
3508 2195 3606 2247 καὶ
3643 2198 3759 2265 μιᾷ.⁵

2155 2279 2305 2349 φωνῇ
2361 2277 2499 2350 μετά
2557 2279 2737 2352 πάσης
2781 2280 2881 2351 τῆς
2926 2282 3063 2354 πρὸς
3109 2282 3373 2355 ἀλλήλους
3416 2289 3745 2357 συμφωνίας

2153 2368 2281 2430 τοὺς
2312 2372 2682 2441 προφητικοὺς
2717 2371 2908 2440 λόγους
2945 2373 3194 2446 προΐεντο
3238 2374 3382 2446 (91)·
3435 2378 3610 2449 μηδὲν
3651 2379 3743 2432 τοῦ

2155 2457 2343 2529 ἑτέρου
2375 2458 2552 2513 αὐτῶν
2598 2460 2750 2531 παρά
2796 2463 2922 2524 τοὺς
2966 2461 3186 2528 λοιποὺς
3222 2466 3743 2537 προφητεύσαντος,

2153 2548 2269 2603 ἀλλ’
2298 2549 2412 2602 ῐσου
2455 2551 2638 2613 αὐτοῖς
2674 2551 2769 2605 τοῦ
2799 2554 3138 2625 προφητικοῦ
3182 2556 3522 2629 χαρίσματος
3565 2560 3748 2633 δωρη-

2157 2641 2341 2706 θέντος
2378 2642 2467 2696 διά
2513 2642 2573 2696 τὸ
2619 2643 2732 2697 ἴσον
2776 2645 2955 2699 αὐτῶν
2996 2646 3098 2717 τῆς
3151 2648 3287 2720 πρὸς
3343 2650 3610 2723 ἀλλήλους
3666 2657 3744 2718 εἰς

2156 2735 2226 2790 τὰ
2258 2736 2398 2791 καλά
2440 2735 2754 2801 διαθέσεως.
2786 2737 2966 2808 ’Υπὲρ
3009 2739 3067 2793 δὲ
3108 2738 3228 2793 τῶν
3273 2744 3543 2812 κρυφίων
3590 2746 3747 2817 εἴρῃ-

2154 2846 2244 2883 ται
2293 2831 2323 2883 ὁ
2369 2829 2613 2903 ψαλμός’
2661 2829 2973 2896 τουτέστιν,
3028 2832 3168 2905 ὑπὲρ
3220 2834 3588 2907 ἀπορρήτων,
3652 2841 3747 2892 καὶ

2155 2920 2265 2975 τῶν
2293 2920 2351 2976 ὲν
2384 2922 2669 2994 μυστηρίῳ
2694 2923 3112 2995 κεκρυμμένων.
3142 2926 3438 2997 Γενόμενος
3464 2929 3521 2983 δὲ
3546 2932 3604 2983 ὲν
3636 2932 3748 2993 τοῖς

2156 3014 2300 3069 κατά
2332 3014 2499 3087 μέρος
2531 3017 2717 3086 ῥητοῖς
2749 3014 2844 3068 τοῦ
2870 3016 3110 3089 ψαλμοῦ,
3156 3019 3377 3093 μαθήσῃ
3404 3021 3466 3075 τὸ
3503 3039 3748 3095 κεκρυμρ

2159 3103 2321 3174 μένον
2368 3104 2477 3157 τῶν
2509 3104 2681 3174 λόγων
2702 3122 2715 3135 ·
2750 3105 2847 3159 καὶ
2878 3108 2960 3160 ὅτι
2985 3107 3046 3160 ού
3078 3107 3172 3160 τοῦ
3198 3110 3452 3179 τυχόντος
3482 3112 3632 3164 ἐστὶν
3662 3115 3744 3167 ὲνι

2161 3194 2290 3247 ιδεῖν
2316 3196 2427 3259 τοῖς
2456 3194 2621 3259 θείοις
2664 3196 3002 3267 μυστηρίοις,
3030 3196 3063 3268 ἢ
3095 3197 3257 3268 μόνου
3291 3199 3404 3269 (22)
3446 3200 3541 3253 τοῦ
3585 3200 3747 3254 δυνα-

2161 3285 2321 3357 μένου
2363 3286 2617 3354 γενέσθαι
2644 3288 2745 3359 τῆς
2769 3289 3101 3358 ἐπαγγελίας
3129 3291 3446 3362 ἐναρμόνιον
3487 3293 3745 3367 ὄργανον,

480 3391 791 3447 inuenerunt
820 3405 913 3442 nos
932 3388 1108 3442 nimis.
1138 3387 1359 3443 Auxilio
1385 3388 1556 3444 multo
1578 3403 1715 3457 opus
1740 3397 1823 3442 est
1852 3388 2054 3444 homini

2163 3378 2304 3432 ὥστε
2351 3379 2471 3432 ἀντὶ
2515 3379 2816 3451 ψαλτηρῖου
2866 3382 3127 3436 κινεῖσθαι
3190 3383 3355 3437 αὑτοῦ
3400 3386 3500 3458 τὴν
3565 3387 3747 3459 ψυχὴν

481 3485 654 3549 omni,
690 3484 761 3541 ob
801 3482 1019 3538 insitam
1078 3481 1127 3536 ei
1192 3492 1389 3537 natura
1426 3481 1845 3538 infirmitatem:
1880 3482 2056 3552 siqui-

481 3579 605 3634 dem
648 3576 829 3633 multa:
850 3576 901 3630 ei
939 3573 1200 3630 molestiae
1228 3590 1591 3646 atrumna‘que
1620 3576 1895 3631 accidunt.
1923 3574 2058 3630 Dnm

480 3672 650 3742 igitur
674 3670 743 3726 de
771 3670 1028 3726 omnibus
1076 3667 1483 3725 calamitatibus
1530 3669 1803 3741 refugium
1836 3669 2055 3739 quaerit,

480 3762 639 3833 quasi
690 3761 760 3816 ad
813 3769 987 3816 tutum
1046 3758 1223 3814 locum
1270 3759 1577 3829 aufugiens,
1630 3758 1714 3812 vel
1738 3756 1807 3812 ad
1838 3768 2056 3813 acutum

479 3854 775 3925 quemdam
802 3853 1070 3909 verticem
1105 3853 1233 3909 forti
1268 3866 1426 3907 muro
1470 3850 1896 3918 circumseptum
1937 3861 2060 3905 sese

480 3948 774 4017 recipiens,
810 3957 1035 4018 propter
1083 3948 1321 4002 hostium
1373 3945 1682 4008 incursum,
1719 3942 1793 3996 ita
1837 3942 2057 3997 demum

479 4040 547 4095 ad
579 4040 746 4094 Deum
789 4038 1054 4109 confugit,
1085 4050 1237 4095 ratus
1277 4040 1420 4093 hanc
1461 4035 1634 4090 solam
1665 4033 1769 4089 sibi
1812 4035 2057 4105 requiem

478 4146 624 4200 esse,
676 4132 722 4186 si
762 4131 816 4186 in
864 4132 984 4202 ipso
1019 4139 1355 4202 permaneat.
1419 4127 1707 4197 Refugium
1748 4126 1932 4196 itaque
1987 4125 2057 4181 ad

478 4224 648 4281 Deum
703 4236 914 4296 patere,
970 4226 1024 4279 in
1070 4222 1325 4280 confesso
1347 4228 1432 4277 est
1461 4219 1603 4290 apud
1637 4233 1830 4274 omnes
1859 4236 1873 4275 :
1919 4218 2014 4272 sed
2038 4258 2056 4287 ,

480 4319 628 4390 quod
685 4320 754 4374 ad
800 4316 1068 4372 salvantis
1109 4315 1434 4371 electionem
1467 4311 1688 4375 attinet,
1724 4325 1829 4365 non
1864 4323 2055 4378 parum

478 4410 690 4468 erroris
742 4408 1191 4477 confusionisque
1256 4404 1465 4460 invexit
1511 4401 1793 4458 inimicus.
1839 4400 2053 4456 Etenim

478 4502 611 4559 dum
642 4503 929 4558 insidiatur
956 4500 1106 4555 velut
1135 4498 1333 4563 hostis,
1362 4510 1553 4552 rursus
1592 4493 1794 4565 quibus
1832 4492 2058 4547 insidia-

483 4603 571 4651 tus
594 4602 698 4657 est,
722 4609 817 4649 eos
847 4596 1113 4663 deceptos
1154 4589 1385 4653 inducit,
1429 4596 1487 4643 ut
1521 4587 1588 4642 ad
1626 4599 1688 4641 se
1737 4599 1835 4641 ceu
1867 4593 2057 4639 custo-

479 4687 605 4741 dem
636 4684 972 4756 confugiant.
1005 4682 1185 4750 Quare
1211 4679 1408 4748 duplex
1444 4677 1525 4733 eis
1541 4676 1742 4732 malum
1771 4674 2052 4730 imminet:

479 4776 682 4848 quippe
712 4786 804 4831 aut
832 4791 929 4847 per
957 4776 1069 4830 vim
1096 4773 1413 4843 capiuntur,
1443 4779 1539 4824 aut
1566 4783 1633 4824 ex
1667 4766 1861 4821 fraude
1923 4779 2054 4837 per-

477 4881 631 4927 eunt.
660 4868 792 4923 Eam
811 4869 882 4924 ob
908 4884 1019 4924 rem
1047 4868 1114 4922 ad
1144 4867 1417 4922 daemones
1436 4858 2051 4933 perfugiuntincreduli,

480 4970 538 5016 et
569 4963 638 5016 ad
666 4962 827 5028 idola,
861 4961 973 5016 veri
1003 4962 1096 5016 Dei
1128 4958 1439 5025 cognitione
1469 4970 1535 5009 ex
1572 4953 1718 5008 illata
1746 4951 1851 5008 sibi
1881 4968 1910 5006 a
1938 4953 2056 5006 dia-

476 5053 602 5111 bolo
641 5053 961 5109 confusione
1012 5051 1249 5122 spoliati.
1297 5049 1404 5105 Sed
1433 5056 1485 5103 et
1537 5046 1629 5117 qui
1672 5046 1840 5101 Deum
1874 5060 2050 5117 agno-

477 5157 657 5214 scunt,
690 5147 741 5201 in
773 5145 999 5202 ferendo
1024 5145 1093 5201 de
1122 5145 1282 5201 rebus
1319 5140 1529 5213 judicio
1563 5148 1774 5205 errant,
1810 5138 1936 5196 dum
1965 5137 2052 5193 in-

547 5264 593 5296 "
620 5262 637 5316 Ι
660 5262 785 5320 Cor.
823 5278 919 5329 xv,
947 5261 1037 5317 24.

552 5381 662 5457 (l9)
697 5381 774 5457 Ita
808 5380 1101 5457 Colhertini
1130 5379 1359 5457 primus,
1383 5377 1604 5457 quintus
1626 5383 1680 5429 et
1706 5386 2043 5457 sexituscum

476 5444 684 5508 duobus
720 5453 922 5522 Regiis,
979 5466 1079 5506 nec
1132 5444 1290 5504 aliter
1349 5444 1546 5522 legitur
1595 5446 1734 5513 apud
1784 5444 2041 5522 Paulum,

480 5524 495 5577 Ι
531 5526 655 5578 Cor.
687 5539 776 5589 xv,
801 5516 903 5577 ει.
944 5523 1081 5578 Editi
1120 5535 1245 5574 vero
1264 5516 1564 5586 cnm'Reg.
1594 5516 1831 5589 secundo
1863 5530 2047 5589 παρα-

477 5582 793 5715 διδῴὲξοέ.
826 5606 1014 5649 sextus
1047 5592 1217 5663 prima
1254 5605 1412 5644 manu
1448 5582 1749 5659 παραδιδῷ,
1807 5586 2044 5639 secunda

481 5680 632 5715 παοα
680 5684 727 5715 υ.

481 5680 557 5717 πα
564 5680 727 5719 οαοω.

552 5681 727 5734 ιραοῳ.

552 5733 663 5803 (20)
695 5735 786 5789 Sic
810 5751 941 5789 m-s.
983 5743 1207 5804 septem.
1242 5730 1380 5804 ἰᾷόίιὶ
1416 5743 1544 5804 vero
1576 5725 1868 5804 διδόμεναι.

550 5796 662 5874 (ει)
690 5805 841 5859 Colb.
872 5796 1078 5874 primus
1107 5801 1412 5874 προσίεντο.
1476 5797 1584 5853 Nec
1614 5797 1689 5851 ita
1722 5796 1889 5874 multo
1925 5801 2047 5865 post

486 5865 581 5930 sei
612 5865 739 5932 mss.
770 5877 849 5938 είς
873 5865 967 5930 τά.
1004 5865 1223 5931 Ειιὶιίὐι
1254 5873 1407 5928 Colb.
1442 5880 1628 5925 sextus
1659 5868 1787 5936 περὶ
1820 5865 1908 5924 τά.

2164 3472 2269 3525 ὑπὸ
2314 3470 2408 3525 τοῦ
2474 3472 2825 3544 ἐνεργοῦντος
2881 3475 3020 3545 αὐτῇ
3081 3476 3237 3543 ἁγίου
3305 3475 3647 3547 Πνεύματος.
3686 3481 3745 3532 Ὀ

2163 3563 2309 3629 Θεὸς
2352 3562 2521 3632 ἡμῶν
2565 3563 2879 3635 καταφυγὴ
2928 3567 3027 3620 καὶ
3078 3565 3354 3637 δύναμις.
3394 3568 3631 3638 ,Βοηθὸς
3678 3572 3746 3625 ἐν

2159 3659 2410 3727 (illd-sin
2456 3658 2587 3724 ταῖς
2632 3660 2955 3728 εὑρούσαις
3016 3659 3174 3730 ἡμᾶς
3229 3661 3485 3732 σφόδρα.
3531 3665 3747 3735 Πολλῆς

2160 3747 2414 3823 βοηθείας
2453 3752 2633 3806 δέεται
2679 3754 2788 3816 πᾶς
2826 3752 3131 3825 ἄνθρωπος,
3172 3754 3263 3808 διά
3288 3754 3386 3828 τὴν
3422 3759 3486 3810 ὲκ
3528 3758 3747 3825 φύσεως

2164 3843 2477 3916 προσοῦσαν
2520 3844 2671 3917 αύτῷ
2712 3845 3018 3912 ἀσθένειαν,
3061 3847 3272 3901 πολλῶν
3313 3849 3463 3921 αὐτῷ
3504 3868 3747 3923 προσπι-

2160 3938 2403 3991 πτόντων
2448 3938 2687 4011 ἀνιαρῶν
2733 3940 2828 3993 καὶ
2872 3941 3168 3995 ἐπιπόνων.
3215 3943 3326 4015 Τὴν
3364 3939 3458 3998 οὖν
3510 3946 3626 4015 (25)
3683 3949 3745 3997 ὲκ

2158 4030 2376 4086 πάντων
2440 4030 2550 4084 τῶν
2610 4033 3011 4103 περιπατικῶν
3065 4037 3386 4109 καταφυγὴν
3440 4038 3742 4110 ἐπιζητῶν.

2157 4120 2347 4195 ὥσπερ
2383 4123 2475 4178 ἐπὶ
2516 4124 2712 4180 ἄσυλον
2753 4127 2971 4196 φεύγων
3003 4127 3116 4198 (24)
3153 4130 3373 4201 χωρίον,
3406 4131 3439 4201 ἢ
3478 4132 3571 4185 ἐπί
3616 4150 3741 4186 τινα

2158 4215 2403 4287 κορυφὴν
2444 4216 2623 4284 ὀξεῖαν
2652 4218 2903 4291 καρτερῷ
2944 4220 3113 4290 τείχει
3150 4224 3618 4295 περιειλημμένην
3652 4244 3743 4278 κα·

2156 4308 2468 4378 ταφεύγων,
2498 4309 2587 4365 διά
2618 4311 2717 4383 τὴν
2746 4311 2854 4366 τῶν
2888 4312 3164 4385 πολεμίων
3203 4316 3530 4388 ἐπιδρομήνο
3565 4318 3742 4381 οὕτως

2157 4399 2251 4451 ἐπὶ
2299 4399 2389 4452 τὸν
2435 4400 2567 4455 Θεὸν
2617 4403 2983 4473 καταφεύγει,
3035 4405 3205 4477 μόνην
3249 4402 3386 4461 εἶναι
3436 4408 3741 4480 ἡγούμενος

2156 4490 2460 4546 ἀνάπαυσιν
2487 4493 2583 4565 τὴν
2608 4496 2668 4549 ἐν
2696 4496 2845 4567 αὐτῷ
2876 4497 3155 4569 διαμονήν.
3189 4500 3310 4553 Ὀτι
3354 4500 3454 4570 μὲν
3498 4499 3597 4556 οὖν
3643 4504 3738 4556 ἐπὶ

2156 4584 2248 4637 τὸν
2304 4585 2437 4638 Θεὸν
2494 4588 2527 4656 ὴ
2586 4590 2877 4660 καταφυγὴ
2931 4590 3080 4661 παρά
3142 4594 3306 4647 πᾶσιν
3352 4594 3735 4667 ὡμολόγηται,

2158 4675 2357 4748 πολλὴν
2396 4677 2452 4731 δὲ
2495 4679 2703 4751 πλάνην
2730 4681 2825 4735 καὶ
2869 4681 3127 4752 σύγχυσιν
3159 4686 3187 4736 ὁ
3216 4684 3407 4755 ἐχθρὸς
3445 4687 3736 4756 ἐνεποίησε

2159 4768 2288 4841 περὶ
2323 4768 2420 4842 τὴν
2461 4772 2554 4825 τοῦ
2605 4771 2868 4841 σώζοντος
2912 4776 3161 4848 ἐκλογήν.
3202 4777 3599 4831 Ἑπιϐουλεύων
3629 4780 3737 4850 γὰρ

2158 4860 2237 4924 ὡς
2276 4862 2551 4935 πολέμιος,
2582 4866 2743 4921 πάλιν
2771 4869 2899 4932 τοὺς
2938 4868 3419 4934 ὲπιόουλευθὲντας
3462 4872 3733 4944 ἐξαπατᾷ.

2159 4954 2307 5025 αὐτῷ
2345 4958 2711 5028 προσφεύγειν
2749 4959 2824 5024 ὡς
2854 4961 3075 5031 φύλακι,
3107 4963 3249 5018 ὥστε
3287 4964 3507 5019 διπλοῦν
3552 4969 3737 5031 αὐτοῖς

2162 5046 2542 5115 περιίστασθαι
2588 5050 2651 5103 τὸ
2700 5050 2906 5105 κακόψ
2950 5053 2982 5125 ἢ
3036 5054 3225 5123 βιαίως
3250 5054 3557 5127 ληφθεῖσιν,
3610 5060 3642 5128 ἦ
3682 5061 3736 5124 ἐξ

2159 5137 2376 5211 ἀπάτης
2418 5141 2794 5213 ἀπολομένοις.
2820 5145 2919 5199 Διά
2961 5146 3119 5200 τοῦτο
3163 5148 3299 5220 πρὸς
3338 5149 3601 5221 δαίμονας
3648 5154 3735 5205 καὶ

2224 5370 2336 5452 (ιε)
2369 5368 2548 5452 Editio
2575 5367 2738 5424 Basil.
2761 5378 2816 5425 et
2841 5370 3086 5441 quinque
3112 5385 3250 5427 mss.
3280 5372 3313 5443 ἢ
3336 5374 3522 5443 μόνον.
3561 5374 3734 5429 Editio

2152 5439 2331 5498 Paris.
2368 5439 2547 5510 μόνον.
2995 5439 3011 5441 “
3302 5439 3312 5443 ’
3338 5439 3348 5443 ’

2192 5510 2642 5585 (ἐδηίοᾳιιιειιιι
2675 5505 2770 5585 οὖν
2828 5509 3132 5585 addidimus
3180 5527 3246 5566 ex
3294 5512 3499 5585 Catena
3533 5514 3734 5569 Corde-

2155 5580 2332 5637 riana.
2366 5580 2569 5653 Ibidem
2605 5580 2757 5635 Coll).
2782 5581 3050 5653 septimus
3071 5583 3495 5653 περιπατικῶν.

2224 5648 2537 5727 (ξηβάὶῑὶ
2590 5651 2974 5727 καταφεύγων.
3025 5651 3097 5706 At
3127 5648 3281 5727 Δἰιιεε.
3329 5664 3550 5727 _sep_tem
3607 5658 3739 5727 φείιι

2151 5722 2626 5794 γωνηΛιὶίιιιοιιιο
2669 5734 2790 5791 post
2832 5723 2967 5791 lteg.
3018 5724 3207 5777 tertius
3257 5722 3533 5794 πολεμίων
3572 5722 3714 5785 κατα

2152 5792 2382 5865 δρομήν.

2454 5974 2592 6009 omni.

3773 5260 3787 5320 l
