  <div class='ocr_page' id='page_1' title='image "/cluster/home/n/w/nwhite01/storage/ocr_20150623/29/hvd.32044011320256/642.png"; bbox 0 0 3978 6410; ppageno 0'>
   <div class='ocr_carea' id='block_1_1' title="bbox 247 379 415 438">
    <p class='ocr_par' dir='ltr' id='par_1_1' title="bbox 247 379 415 438">
     <span class='ocr_line' id='line_1_1' title="bbox 247 379 415 438; baseline -0.048 0"><span class='ocrx_word' id='word_1_1' title='bbox 247 379 348 438; x_wconf 80' lang='grc'>11⁸7</span> <span class='ocrx_word' id='word_1_2' title='bbox 406 421 415 430; x_wconf 94' lang='grc'><strong>.</strong></span> 
     </span>
    </p>
   </div>
   <div class='ocr_carea' id='block_1_2' title="bbox 1373 373 2329 434">
    <p class='ocr_par' dir='ltr' id='par_1_2' title="bbox 1373 373 2329 434">
     <span class='ocr_line' id='line_1_2' title="bbox 1373 373 2329 434; baseline 0.001 -6"><span class='ocrx_word' id='word_1_3' title='bbox 1373 373 1656 430; x_wconf 74' lang='lat' dir='ltr'><strong>IlOMlLlA</strong></span> <span class='ocrx_word' id='word_1_4' title='bbox 1695 373 1761 428; x_wconf 82' lang='lat' dir='ltr'><strong>IN</strong></span> <span class='ocrx_word' id='word_1_5' title='bbox 1802 375 2130 434; x_wconf 73' lang='lat' dir='ltr'><strong>PSALMUM</strong></span> <span class='ocrx_word' id='word_1_6' title='bbox 2168 373 2329 430; x_wconf 78' lang='lat' dir='ltr'><strong>XLV.</strong></span> 
     </span>
    </p>
   </div>
   <div class='ocr_carea' id='block_1_3' title="bbox 3372 383 3476 439">
    <p class='ocr_par' dir='ltr' id='par_1_3' title="bbox 3372 383 3476 439">
     <span class='ocr_line' id='line_1_3' title="bbox 3372 383 3476 439; baseline -0.019 0"><span class='ocrx_word' id='word_1_7' title='bbox 3372 383 3476 439; x_wconf 74' lang='lat'><strong>“3</strong></span> 
     </span>
    </p>
   </div>
   <div class='ocr_carea' id='block_1_4' title="bbox 245 489 1806 565">
    <p class='ocr_par' dir='ltr' id='par_1_4' title="bbox 245 489 1806 565">
     <span class='ocr_line' id='line_1_4' title="bbox 245 489 1806 565; baseline -0.006 -13"><span class='ocrx_word' id='word_1_8' title='bbox 245 497 441 552; x_wconf 73' lang='grc' dir='ltr'>εἴδωλα</span> <span class='ocrx_word' id='word_1_9' title='bbox 489 493 598 565; x_wconf 73' lang='grc'>(25)</span> <span class='ocrx_word' id='word_1_10' title='bbox 643 491 1072 562; x_wconf 70' lang='grc' dir='ltr'><strong>καταφεύγουσιν</strong></span> <span class='ocrx_word' id='word_1_11' title='bbox 1111 492 1158 543; x_wconf 82' lang='lat' dir='ltr'><strong>oi</strong></span> <span class='ocrx_word' id='word_1_12' title='bbox 1214 489 1461 552; x_wconf 82' lang='grc' dir='ltr'>ἄπιστοι,</span> <span class='ocrx_word' id='word_1_13' title='bbox 1512 489 1606 542; x_wconf 83' lang='grc' dir='ltr'>τοῦ</span> <span class='ocrx_word' id='word_1_14' title='bbox 1648 490 1806 554; x_wconf 81' lang='grc' dir='ltr'>ὅντως</span> 
     </span>
    </p>
   </div>
   <div class='ocr_carea' id='block_1_5' title="bbox 1911 489 3480 565">
    <p class='ocr_par' dir='ltr' id='par_1_5' title="bbox 1916 489 3480 564">
     <span class='ocr_line' id='line_1_5' title="bbox 1916 489 3480 564; baseline 0.003 -18"><span class='ocrx_word' id='word_1_15' title='bbox 1916 493 2050 546; x_wconf 86' lang='lat' dir='ltr'><strong>scite</strong></span> <span class='ocrx_word' id='word_1_16' title='bbox 2085 491 2236 545; x_wconf 86' lang='lat' dir='ltr'><strong>utilia</strong></span> <span class='ocrx_word' id='word_1_17' title='bbox 2296 489 2592 557; x_wconf 88' lang='lat' dir='ltr'><strong>postulant,</strong></span> <span class='ocrx_word' id='word_1_18' title='bbox 2635 504 2698 543; x_wconf 89' lang='lat' dir='ltr'><strong>ac</strong></span> <span class='ocrx_word' id='word_1_19' title='bbox 2724 491 2972 558; x_wconf 68' lang='lat' dir='ltr'><strong>quredam</strong></span> <span class='ocrx_word' id='word_1_20' title='bbox 3002 503 3194 562; x_wconf 88' lang='lat' dir='ltr'><strong>petunt</strong></span> <span class='ocrx_word' id='word_1_21' title='bbox 3229 506 3286 550; x_wconf 90' lang='lat' dir='ltr'><strong>ut</strong></span> <span class='ocrx_word' id='word_1_22' title='bbox 3311 497 3480 564; x_wconf 81' lang='lat' dir='ltr'><strong>bona,</strong></span> 
     </span>
    </p>
   </div>
   <div class='ocr_carea' id='block_1_6' title="bbox 244 579 1817 655">
    <p class='ocr_par' dir='ltr' id='par_1_6' title="bbox 244 579 1817 655">
     <span class='ocr_line' id='line_1_6' title="bbox 244 579 1817 655; baseline -0.006 -14"><span class='ocrx_word' id='word_1_23' title='bbox 244 585 380 641; x_wconf 80' lang='grc' dir='ltr'>Θεοῦ</span> <span class='ocrx_word' id='word_1_24' title='bbox 413 585 511 655; x_wconf 78' lang='grc' dir='ltr'>τὴν</span> <span class='ocrx_word' id='word_1_25' title='bbox 548 582 746 650; x_wconf 84' lang='grc' dir='ltr'>γνῶσιν</span> <span class='ocrx_word' id='word_1_26' title='bbox 778 583 882 636; x_wconf 78' lang='grc' dir='ltr'><strong>ὑπὸ</strong></span> <span class='ocrx_word' id='word_1_27' title='bbox 925 582 1024 651; x_wconf 82' lang='grc' dir='ltr'>τῆς</span> <span class='ocrx_word' id='word_1_28' title='bbox 1058 579 1206 651; x_wconf 85' lang='grc' dir='ltr'><strong>παρά</strong></span> <span class='ocrx_word' id='word_1_29' title='bbox 1247 579 1340 632; x_wconf 81' lang='grc' dir='ltr'>τοῦ</span> <span class='ocrx_word' id='word_1_30' title='bbox 1383 579 1626 632; x_wconf 77' lang='grc' dir='ltr'>διαϐόλου</span> <span class='ocrx_word' id='word_1_31' title='bbox 1670 595 1817 646; x_wconf 84' lang='grc' dir='ltr'>γενο-</span> 
     </span>
    </p>
   </div>
   <div class='ocr_carea' id='block_1_7' title="bbox 249 673 1815 750">
    <p class='ocr_par' dir='ltr' id='par_1_7' title="bbox 249 673 1815 750">
     <span class='ocr_line' id='line_1_7' title="bbox 249 673 1815 750; baseline -0.005 -18"><span class='ocrx_word' id='word_1_32' title='bbox 249 681 416 750; x_wconf 87' lang='grc' dir='ltr'>μένης</span> <span class='ocrx_word' id='word_1_33' title='bbox 446 677 630 739; x_wconf 82' lang='grc' dir='ltr'>αὐτοῖς</span> <span class='ocrx_word' id='word_1_34' title='bbox 669 676 980 745; x_wconf 81' lang='grc' dir='ltr'>συγχύσεως</span> <span class='ocrx_word' id='word_1_35' title='bbox 1019 673 1422 744; x_wconf 79' lang='grc' dir='ltr'><strong>ἀφαιρεθέντες.</strong></span> <span class='ocrx_word' id='word_1_36' title='bbox 1464 673 1575 726; x_wconf 72' lang='grc' dir='ltr'><strong>Καὶ</strong></span> <span class='ocrx_word' id='word_1_37' title='bbox 1615 675 1664 726; x_wconf 91' lang='grc' dir='ltr'>οί</span> <span class='ocrx_word' id='word_1_38' title='bbox 1696 674 1815 726; x_wconf 82' lang='grc' dir='ltr'><strong>ἐπι-</strong></span> 
     </span>
    </p>
   </div>
   <div class='ocr_carea' id='block_1_8' title="bbox 245 765 1812 844">
    <p class='ocr_par' dir='ltr' id='par_1_8' title="bbox 245 765 1812 844">
     <span class='ocr_line' id='line_1_8' title="bbox 245 765 1812 844; baseline -0.003 -21"><span class='ocrx_word' id='word_1_39' title='bbox 245 769 604 839; x_wconf 80' lang='grc' dir='ltr'><strong>γινώσκοντες</strong></span> <span class='ocrx_word' id='word_1_40' title='bbox 631 767 689 820; x_wconf 79' lang='grc' dir='ltr'>δὲ</span> <span class='ocrx_word' id='word_1_41' title='bbox 723 768 812 820; x_wconf 83' lang='grc' dir='ltr'>τὸν</span> <span class='ocrx_word' id='word_1_42' title='bbox 838 767 970 819; x_wconf 83' lang='grc' dir='ltr'>Θεὸν</span> <span class='ocrx_word' id='word_1_43' title='bbox 1011 767 1136 837; x_wconf 75' lang='grc' dir='ltr'>περὶ</span> <span class='ocrx_word' id='word_1_44' title='bbox 1177 766 1276 835; x_wconf 81' lang='grc' dir='ltr'>τὴν</span> <span class='ocrx_word' id='word_1_45' title='bbox 1319 765 1426 818; x_wconf 86' lang='grc' dir='ltr'>τῶν</span> <span class='ocrx_word' id='word_1_46' title='bbox 1471 765 1812 844; x_wconf 81' lang='grc' dir='ltr'>πραγμάτων</span> 
     </span>
    </p>
   </div>
   <div class='ocr_carea' id='block_1_9' title="bbox 244 857 1814 932">
    <p class='ocr_par' dir='ltr' id='par_1_9' title="bbox 244 857 1814 932">
     <span class='ocr_line' id='line_1_9' title="bbox 244 857 1814 932; baseline -0.002 -17"><span class='ocrx_word' id='word_1_47' title='bbox 244 863 515 932; x_wconf 74' lang='grc' dir='ltr'><strong>διάκρισιν</strong></span> <span class='ocrx_word' id='word_1_48' title='bbox 562 859 904 928; x_wconf 73' lang='grc' dir='ltr'><strong>σφάλλονται,</strong></span> <span class='ocrx_word' id='word_1_49' title='bbox 944 857 1279 920; x_wconf 82' lang='grc' dir='ltr'><strong>ἀπαιδεύτως</strong></span> <span class='ocrx_word' id='word_1_50' title='bbox 1311 858 1410 920; x_wconf 85' lang='grc' dir='ltr'>τὰς</span> <span class='ocrx_word' id='word_1_51' title='bbox 1437 858 1679 930; x_wconf 82' lang='grc' dir='ltr'><strong>αἰτήσεις</strong></span> <span class='ocrx_word' id='word_1_52' title='bbox 1707 859 1814 912; x_wconf 82' lang='grc' dir='ltr'><strong>τῶν</strong></span> 
     </span>
    </p>
   </div>
   <div class='ocr_carea' id='block_1_10' title="bbox 247 948 1816 1026">
    <p class='ocr_par' dir='ltr' id='par_1_10' title="bbox 247 948 1816 1026">
     <span class='ocr_line' id='line_1_10' title="bbox 247 948 1816 1026; baseline -0.004 -19"><span class='ocrx_word' id='word_1_53' title='bbox 247 954 632 1026; x_wconf 79' lang='grc' dir='ltr'><strong>συμφερόντων</strong></span> <span class='ocrx_word' id='word_1_54' title='bbox 692 951 1035 1021; x_wconf 79' lang='grc' dir='ltr'><strong>ποιούμενοι,</strong></span> <span class='ocrx_word' id='word_1_55' title='bbox 1085 951 1179 1003; x_wconf 74' lang='grc' dir='ltr'>καὶ</span> <span class='ocrx_word' id='word_1_56' title='bbox 1232 948 1507 1011; x_wconf 77' lang='grc' dir='ltr'>αἰτοῦντές</span> <span class='ocrx_word' id='word_1_57' title='bbox 1573 966 1693 1003; x_wconf 92' lang='grc' dir='ltr'>τινα</span> <span class='ocrx_word' id='word_1_58' title='bbox 1741 949 1816 1012; x_wconf 85' lang='grc' dir='ltr'>ὡς</span> 
     </span>
    </p>
   </div>
   <div class='ocr_carea' id='block_1_11' title="bbox 244 1041 1815 1118">
    <p class='ocr_par' dir='ltr' id='par_1_11' title="bbox 244 1041 1815 1118">
     <span class='ocr_line' id='line_1_11' title="bbox 244 1041 1815 1118; baseline -0.004 -16"><span class='ocrx_word' id='word_1_59' title='bbox 244 1043 443 1118; x_wconf 69' lang='grc' dir='ltr'>ἀγαθὰ,</span> <span class='ocrx_word' id='word_1_60' title='bbox 485 1047 584 1099; x_wconf 81' lang='grc' dir='ltr'><strong>οὐκ</strong></span> <span class='ocrx_word' id='word_1_61' title='bbox 637 1046 728 1098; x_wconf 69' lang='grc' dir='ltr'><strong>ἐπὶ</strong></span> <span class='ocrx_word' id='word_1_62' title='bbox 779 1044 1106 1115; x_wconf 80' lang='grc' dir='ltr'>συμφέροντι</span> <span class='ocrx_word' id='word_1_63' title='bbox 1164 1041 1422 1105; x_wconf 80' lang='grc' dir='ltr'><strong>πολλάκις</strong></span> <span class='ocrx_word' id='word_1_64' title='bbox 1467 1041 1668 1108; x_wconf 80' lang='grc' dir='ltr'>αὐτῶν,</span> <span class='ocrx_word' id='word_1_65' title='bbox 1719 1044 1815 1095; x_wconf 77' lang='grc' dir='ltr'>καὶ</span> 
     </span>
    </p>
   </div>
   <div class='ocr_carea' id='block_1_12' title="bbox 246 1133 1816 1209">
    <p class='ocr_par' dir='ltr' id='par_1_12' title="bbox 246 1133 1816 1209">
     <span class='ocr_line' id='line_1_12' title="bbox 246 1133 1816 1209; baseline -0.003 -18"><span class='ocrx_word' id='word_1_66' title='bbox 246 1141 539 1209; x_wconf 78' lang='grc' dir='ltr'>φεύγοντες</span> <span class='ocrx_word' id='word_1_67' title='bbox 582 1137 716 1192; x_wconf 83' lang='grc' dir='ltr'><strong>ἄλλα</strong></span> <span class='ocrx_word' id='word_1_68' title='bbox 771 1137 881 1206; x_wconf 70' lang='grc'>(26)</span> <span class='ocrx_word' id='word_1_69' title='bbox 935 1136 1010 1198; x_wconf 87' lang='grc' dir='ltr'>ὡς</span> <span class='ocrx_word' id='word_1_70' title='bbox 1063 1133 1308 1204; x_wconf 79' lang='grc' dir='ltr'>πονηρὰ,</span> <span class='ocrx_word' id='word_1_71' title='bbox 1361 1133 1560 1204; x_wconf 51' lang='grc' dir='ltr'>πολλὴν</span> <span class='ocrx_word' id='word_1_72' title='bbox 1630 1134 1816 1197; x_wconf 78' lang='grc' dir='ltr'>αὐτοῖς</span> 
     </span>
    </p>
   </div>
   <div class='ocr_carea' id='block_1_13' title="bbox 245 1221 1816 1301">
    <p class='ocr_par' dir='ltr' id='par_1_13' title="bbox 245 1221 1816 1301">
     <span class='ocr_line' id='line_1_13' title="bbox 245 1221 1816 1301; baseline -0.004 -17"><span class='ocrx_word' id='word_1_73' title='bbox 245 1224 416 1284; x_wconf 76' lang='grc' dir='ltr'>ἐνίοτε</span> <span class='ocrx_word' id='word_1_74' title='bbox 445 1233 543 1301; x_wconf 77' lang='grc' dir='ltr'>τὴν</span> <span class='ocrx_word' id='word_1_75' title='bbox 571 1229 836 1299; x_wconf 79' lang='grc' dir='ltr'>ὠφέλειαν</span> <span class='ocrx_word' id='word_1_76' title='bbox 876 1228 1127 1296; x_wconf 79' lang='grc' dir='ltr'>φέροντα.</span> <span class='ocrx_word' id='word_1_77' title='bbox 1167 1221 1311 1292; x_wconf 75' lang='grc' dir='ltr'>Οἷον,</span> <span class='ocrx_word' id='word_1_78' title='bbox 1343 1230 1488 1279; x_wconf 83' lang='grc' dir='ltr'>νοσεῖ</span> <span class='ocrx_word' id='word_1_79' title='bbox 1522 1244 1640 1291; x_wconf 88' lang='grc' dir='ltr'>τις;</span> <span class='ocrx_word' id='word_1_80' title='bbox 1683 1225 1816 1277; x_wconf 84' lang='grc' dir='ltr'><strong>Φεύ-</strong></span> 
     </span>
    </p>
   </div>
   <div class='ocr_carea' id='block_1_14' title="bbox 242 1317 1814 1392">
    <p class='ocr_par' dir='ltr' id='par_1_14' title="bbox 242 1317 1814 1392">
     <span class='ocr_line' id='line_1_14' title="bbox 242 1317 1814 1392; baseline -0.004 -16"><span class='ocrx_word' id='word_1_81' title='bbox 242 1341 356 1392; x_wconf 89' lang='grc' dir='ltr'><strong>γων</strong></span> <span class='ocrx_word' id='word_1_82' title='bbox 388 1324 448 1376; x_wconf 85' lang='grc' dir='ltr'>τὸ</span> <span class='ocrx_word' id='word_1_83' title='bbox 481 1325 544 1376; x_wconf 81' lang='grc' dir='ltr'><strong>ὲκ</strong></span> <span class='ocrx_word' id='word_1_84' title='bbox 568 1323 664 1392; x_wconf 85' lang='grc' dir='ltr'>τῆς</span> <span class='ocrx_word' id='word_1_85' title='bbox 695 1322 847 1374; x_wconf 74' lang='grc' dir='ltr'>νόσου</span> <span class='ocrx_word' id='word_1_86' title='bbox 881 1319 1153 1381; x_wconf 74' lang='grc' dir='ltr'>ἐπίπονον,</span> <span class='ocrx_word' id='word_1_87' title='bbox 1203 1317 1422 1389; x_wconf 71' lang='grc' dir='ltr'>εὔχεται</span> <span class='ocrx_word' id='word_1_88' title='bbox 1457 1318 1554 1389; x_wconf 79' lang='grc' dir='ltr'>τὴν</span> <span class='ocrx_word' id='word_1_89' title='bbox 1585 1318 1814 1387; x_wconf 81' lang='grc' dir='ltr'>ὑγίειαν.</span> 
     </span>
    </p>
   </div>
   <div class='ocr_carea' id='block_1_15' title="bbox 256 1408 1813 1486">
    <p class='ocr_par' dir='ltr' id='par_1_15' title="bbox 256 1408 1813 1486">
     <span class='ocr_line' id='line_1_15' title="bbox 256 1408 1813 1486; baseline -0.005 -18"><span class='ocrx_word' id='word_1_90' title='bbox 256 1415 521 1468; x_wconf 79' lang='grc' dir='ltr'>Ἀπέόαλε</span> <span class='ocrx_word' id='word_1_91' title='bbox 585 1415 867 1486; x_wconf 78' lang='grc' dir='ltr'>χρήματα;</span> <span class='ocrx_word' id='word_1_92' title='bbox 921 1411 1257 1482; x_wconf 84' lang='grc' dir='ltr'>Περιώδυνός</span> <span class='ocrx_word' id='word_1_93' title='bbox 1327 1413 1443 1463; x_wconf 78' lang='grc' dir='ltr'>ἐστι</span> <span class='ocrx_word' id='word_1_94' title='bbox 1495 1413 1560 1480; x_wconf 80' lang='grc' dir='ltr'><strong>τῇ</strong></span> <span class='ocrx_word' id='word_1_95' title='bbox 1619 1408 1813 1481; x_wconf 78' lang='grc' dir='ltr'>ζημίᾳ.</span> 
     </span>
    </p>
   </div>
   <div class='ocr_carea' id='block_1_16' title="bbox 247 1502 1817 1574">
    <p class='ocr_par' dir='ltr' id='par_1_16' title="bbox 247 1502 1817 1574">
     <span class='ocr_line' id='line_1_16' title="bbox 247 1502 1817 1574; baseline -0.004 -15"><span class='ocrx_word' id='word_1_96' title='bbox 247 1507 403 1559; x_wconf 84' lang='grc' dir='ltr'>Ἐστι</span> <span class='ocrx_word' id='word_1_97' title='bbox 441 1507 496 1559; x_wconf 87' lang='grc' dir='ltr'>δὲ</span> <span class='ocrx_word' id='word_1_98' title='bbox 525 1506 780 1568; x_wconf 80' lang='grc' dir='ltr'><strong>πολλάκις</strong></span> <span class='ocrx_word' id='word_1_99' title='bbox 811 1504 905 1558; x_wconf 76' lang='grc' dir='ltr'>καὶ</span> <span class='ocrx_word' id='word_1_100' title='bbox 937 1505 970 1574; x_wconf 82' lang='grc' dir='ltr'>ἠ</span> <span class='ocrx_word' id='word_1_101' title='bbox 1004 1503 1156 1567; x_wconf 83' lang='grc' dir='ltr'>νόσος</span> <span class='ocrx_word' id='word_1_102' title='bbox 1197 1503 1495 1573; x_wconf 66' lang='grc' dir='ltr'>ὠφέλιμος,</span> <span class='ocrx_word' id='word_1_103' title='bbox 1537 1502 1663 1554; x_wconf 84' lang='grc' dir='ltr'>ὅταν</span> <span class='ocrx_word' id='word_1_104' title='bbox 1701 1518 1817 1554; x_wconf 84' lang='grc' dir='ltr'>παι-</span> 
     </span>
    </p>
   </div>
   <div class='ocr_carea' id='block_1_17' title="bbox 241 1595 1818 1671">
    <p class='ocr_par' dir='ltr' id='par_1_17' title="bbox 241 1595 1818 1671">
     <span class='ocr_line' id='line_1_17' title="bbox 241 1595 1818 1671; baseline -0.003 -19"><span class='ocrx_word' id='word_1_105' title='bbox 241 1600 505 1668; x_wconf 85' lang='grc' dir='ltr'>δαγωγεῖν</span> <span class='ocrx_word' id='word_1_106' title='bbox 574 1599 741 1671; x_wconf 80' lang='grc' dir='ltr'><strong>μέλλῃ</strong></span> <span class='ocrx_word' id='word_1_107' title='bbox 794 1597 886 1650; x_wconf 81' lang='grc' dir='ltr'>τὸν</span> <span class='ocrx_word' id='word_1_108' title='bbox 937 1597 1318 1668; x_wconf 85' lang='grc' dir='ltr'>ἁμαρτάνοντα</span> <span class='ocrx_word' id='word_1_109' title='bbox 1344 1613 1357 1626; x_wconf 89' lang='grc'><strong>·</strong></span> <span class='ocrx_word' id='word_1_110' title='bbox 1408 1597 1503 1649; x_wconf 73' lang='grc' dir='ltr'><strong>καὶ</strong></span> <span class='ocrx_word' id='word_1_111' title='bbox 1545 1598 1577 1665; x_wconf 84' lang='grc' dir='ltr'>ἠ</span> <span class='ocrx_word' id='word_1_112' title='bbox 1637 1595 1818 1663; x_wconf 85' lang='grc' dir='ltr'>ὑγίεια</span> 
     </span>
    </p>
   </div>
   <div class='ocr_carea' id='block_1_18' title="bbox 245 1685 1817 1762">
    <p class='ocr_par' dir='ltr' id='par_1_18' title="bbox 245 1685 1817 1762">
     <span class='ocr_line' id='line_1_18' title="bbox 245 1685 1817 1762; baseline -0.002 -20"><span class='ocrx_word' id='word_1_113' title='bbox 245 1690 505 1762; x_wconf 74' lang='grc' dir='ltr'>βλαϐερὰ,</span> <span class='ocrx_word' id='word_1_114' title='bbox 545 1690 672 1744; x_wconf 78' lang='grc' dir='ltr'>ὅταν</span> <span class='ocrx_word' id='word_1_115' title='bbox 719 1689 925 1758; x_wconf 80' lang='grc' dir='ltr'>ἐφόδιον</span> <span class='ocrx_word' id='word_1_116' title='bbox 979 1689 1193 1760; x_wconf 87' lang='grc' dir='ltr'>γίνηται</span> <span class='ocrx_word' id='word_1_117' title='bbox 1247 1688 1383 1754; x_wconf 86' lang='grc' dir='ltr'>πρὸς</span> <span class='ocrx_word' id='word_1_118' title='bbox 1423 1687 1692 1758; x_wconf 83' lang='grc' dir='ltr'>ἁμαρτίαν</span> <span class='ocrx_word' id='word_1_119' title='bbox 1739 1685 1817 1757; x_wconf 81' lang='grc' dir='ltr'>τῷ</span> 
     </span>
    </p>
   </div>
   <div class='ocr_carea' id='block_1_19' title="bbox 243 1778 1817 1854">
    <p class='ocr_par' dir='ltr' id='par_1_19' title="bbox 243 1778 1817 1854">
     <span class='ocr_line' id='line_1_19' title="bbox 243 1778 1817 1854; baseline -0.004 -17"><span class='ocrx_word' id='word_1_120' title='bbox 243 1785 440 1854; x_wconf 75' lang='grc' dir='ltr'>ἔχοντι.</span> <span class='ocrx_word' id='word_1_121' title='bbox 467 1782 622 1837; x_wconf 73' lang='grc' dir='ltr'>Οὕτω</span> <span class='ocrx_word' id='word_1_122' title='bbox 655 1782 749 1835; x_wconf 79' lang='grc' dir='ltr'>καὶ</span> <span class='ocrx_word' id='word_1_123' title='bbox 787 1783 1042 1854; x_wconf 86' lang='grc' dir='ltr'>χρήματα</span> <span class='ocrx_word' id='word_1_124' title='bbox 1067 1780 1166 1851; x_wconf 71' lang='grc' dir='ltr'>ἤδη</span> <span class='ocrx_word' id='word_1_125' title='bbox 1199 1779 1342 1832; x_wconf 75' lang='grc' dir='ltr'>τισὶν</span> <span class='ocrx_word' id='word_1_126' title='bbox 1372 1779 1647 1850; x_wconf 80' lang='grc' dir='ltr'><strong>ὑπηρεσία</strong></span> <span class='ocrx_word' id='word_1_127' title='bbox 1679 1778 1817 1849; x_wconf 85' lang='grc' dir='ltr'>πρὸς</span> 
     </span>
    </p>
   </div>
   <div class='ocr_carea' id='block_1_20' title="bbox 241 1871 1813 1944">
    <p class='ocr_par' dir='ltr' id='par_1_20' title="bbox 241 1871 1813 1944">
     <span class='ocr_line' id='line_1_20' title="bbox 241 1871 1813 1944; baseline -0.005 -14"><span class='ocrx_word' id='word_1_128' title='bbox 241 1876 536 1930; x_wconf 80' lang='grc' dir='ltr'>ἀκολασίαν</span> <span class='ocrx_word' id='word_1_129' title='bbox 575 1875 818 1944; x_wconf 71' lang='grc' dir='ltr'>ἐγένετοο</span> <span class='ocrx_word' id='word_1_130' title='bbox 867 1873 961 1926; x_wconf 74' lang='grc' dir='ltr'>καὶ</span> <span class='ocrx_word' id='word_1_131' title='bbox 1009 1873 1167 1925; x_wconf 85' lang='grc' dir='ltr'>πενία</span> <span class='ocrx_word' id='word_1_132' title='bbox 1206 1871 1431 1935; x_wconf 78' lang='grc' dir='ltr'>πολλοὺς</span> <span class='ocrx_word' id='word_1_133' title='bbox 1482 1871 1813 1941; x_wconf 78' lang='grc' dir='ltr'><strong>ἐσωφρόνισε</strong></span> 
     </span>
    </p>
   </div>
   <div class='ocr_carea' id='block_1_21' title="bbox 239 1958 1810 2039">
    <p class='ocr_par' dir='ltr' id='par_1_21' title="bbox 239 1958 1810 2039">
     <span class='ocr_line' id='line_1_21' title="bbox 239 1958 1810 2039; baseline -0.004 -19"><span class='ocrx_word' id='word_1_134' title='bbox 239 1966 353 2020; x_wconf 87' lang='grc' dir='ltr'><strong>τῶν</strong></span> <span class='ocrx_word' id='word_1_135' title='bbox 376 1966 714 2039; x_wconf 78' lang='grc' dir='ltr'>ὡρμημένων</span> <span class='ocrx_word' id='word_1_136' title='bbox 742 1964 945 2029; x_wconf 82' lang='grc' dir='ltr'>κακῶς.</span> <span class='ocrx_word' id='word_1_137' title='bbox 971 1965 1125 2036; x_wconf 87' lang='grc' dir='ltr'>Μήτε</span> <span class='ocrx_word' id='word_1_138' title='bbox 1167 1958 1260 2017; x_wconf 79' lang='grc' dir='ltr'>οὖν</span> <span class='ocrx_word' id='word_1_139' title='bbox 1287 1962 1462 2033; x_wconf 80' lang='grc' dir='ltr'>φύγῃς</span> <span class='ocrx_word' id='word_1_140' title='bbox 1496 1961 1532 2015; x_wconf 72' lang='grc' dir='ltr'>ἃ</span> <span class='ocrx_word' id='word_1_141' title='bbox 1580 1961 1654 2032; x_wconf 84' lang='grc' dir='ltr'>μὴ</span> <span class='ocrx_word' id='word_1_142' title='bbox 1696 1962 1810 2028; x_wconf 81' lang='grc' dir='ltr'>δεῖ,</span> 
     </span>
    </p>
   </div>
   <div class='ocr_carea' id='block_1_22' title="bbox 243 2048 1812 2126">
    <p class='ocr_par' dir='ltr' id='par_1_22' title="bbox 243 2048 1812 2126">
     <span class='ocr_line' id='line_1_22' title="bbox 243 2048 1812 2126; baseline -0.003 -17"><span class='ocrx_word' id='word_1_143' title='bbox 243 2058 383 2126; x_wconf 77' lang='grc' dir='ltr'>μήτε</span> <span class='ocrx_word' id='word_1_144' title='bbox 431 2054 748 2126; x_wconf 76' lang='grc' dir='ltr'>προσφύγῃς</span> <span class='ocrx_word' id='word_1_145' title='bbox 791 2048 835 2122; x_wconf 78' lang='grc' dir='ltr'>ᾧ</span> <span class='ocrx_word' id='word_1_146' title='bbox 887 2054 961 2126; x_wconf 77' lang='grc' dir='ltr'>μὴ</span> <span class='ocrx_word' id='word_1_147' title='bbox 1006 2055 1101 2107; x_wconf 85' lang='grc' dir='ltr'>δεῖ.</span> <span class='ocrx_word' id='word_1_148' title='bbox 1162 2054 1299 2106; x_wconf 82' lang='grc' dir='ltr'><strong>Ἀλλ’</strong></span> <span class='ocrx_word' id='word_1_149' title='bbox 1327 2054 1386 2106; x_wconf 72' lang='grc' dir='ltr'>ἓν</span> <span class='ocrx_word' id='word_1_150' title='bbox 1435 2070 1516 2105; x_wconf 88' lang='grc' dir='ltr'>σοι</span> <span class='ocrx_word' id='word_1_151' title='bbox 1579 2052 1812 2121; x_wconf 83' lang='grc' dir='ltr'>φευκτὸν</span> 
     </span>
    </p>
   </div>
   <div class='ocr_carea' id='block_1_23' title="bbox 239 2144 1812 2219">
    <p class='ocr_par' dir='ltr' id='par_1_23' title="bbox 239 2144 1812 2219">
     <span class='ocr_line' id='line_1_23' title="bbox 239 2144 1812 2219; baseline -0.003 -19"><span class='ocrx_word' id='word_1_152' title='bbox 239 2150 374 2219; x_wconf 75' lang='grc' dir='ltr'>ῆτω,</span> <span class='ocrx_word' id='word_1_153' title='bbox 419 2150 451 2218; x_wconf 88' lang='grc' dir='ltr'><strong>ή</strong></span> <span class='ocrx_word' id='word_1_154' title='bbox 493 2148 768 2218; x_wconf 82' lang='grc' dir='ltr'>ἁμαρτία,</span> <span class='ocrx_word' id='word_1_155' title='bbox 816 2147 910 2200; x_wconf 79' lang='grc' dir='ltr'>καὶ</span> <span class='ocrx_word' id='word_1_156' title='bbox 941 2147 1036 2217; x_wconf 85' lang='grc' dir='ltr'><strong>μία</strong></span> <span class='ocrx_word' id='word_1_157' title='bbox 1093 2146 1382 2217; x_wconf 82' lang='grc' dir='ltr'>καταφυγὴ</span> <span class='ocrx_word' id='word_1_158' title='bbox 1437 2146 1502 2198; x_wconf 84' lang='grc' dir='ltr'>ἐκ</span> <span class='ocrx_word' id='word_1_159' title='bbox 1548 2144 1658 2197; x_wconf 84' lang='grc' dir='ltr'>τῶν</span> <span class='ocrx_word' id='word_1_160' title='bbox 1711 2161 1812 2197; x_wconf 87' lang='grc' dir='ltr'>κα-</span> 
     </span>
    </p>
   </div>
   <div class='ocr_carea' id='block_1_24' title="bbox 240 2237 1808 2310">
    <p class='ocr_par' dir='ltr' id='par_1_24' title="bbox 240 2237 1808 2310">
     <span class='ocr_line' id='line_1_24' title="bbox 240 2237 1808 2310; baseline -0.002 -17"><span class='ocrx_word' id='word_1_161' title='bbox 240 2240 355 2293; x_wconf 79' lang='grc' dir='ltr'><strong>κῶν</strong></span> <span class='ocrx_word' id='word_1_162' title='bbox 384 2240 516 2310; x_wconf 67' lang='lat'><strong>(27),</strong></span> <span class='ocrx_word' id='word_1_163' title='bbox 543 2242 572 2293; x_wconf 91' lang='lat'><strong>6</strong></span> <span class='ocrx_word' id='word_1_164' title='bbox 598 2239 749 2302; x_wconf 87' lang='grc' dir='ltr'>Θεός.</span> <span class='ocrx_word' id='word_1_165' title='bbox 782 2240 873 2309; x_wconf 80' lang='grc' dir='ltr'>Μὴ</span> <span class='ocrx_word' id='word_1_166' title='bbox 915 2239 1199 2292; x_wconf 87' lang='grc' dir='ltr'>πεποίθετε</span> <span class='ocrx_word' id='word_1_167' title='bbox 1238 2238 1352 2308; x_wconf 74' lang='grc'>(28)</span> <span class='ocrx_word' id='word_1_168' title='bbox 1399 2238 1485 2290; x_wconf 76' lang='grc' dir='ltr'><strong>ἐπ’</strong></span> <span class='ocrx_word' id='word_1_169' title='bbox 1508 2237 1776 2307; x_wconf 85' lang='grc' dir='ltr'>ἄρχοντας</span> <span class='ocrx_word' id='word_1_170' title='bbox 1795 2253 1808 2268; x_wconf 88' lang='grc'><strong>·</strong></span> 
     </span>
    </p>
   </div>
   <div class='ocr_carea' id='block_1_25' title="bbox 244 2329 1812 2403">
    <p class='ocr_par' dir='ltr' id='par_1_25' title="bbox 244 2329 1812 2403">
     <span class='ocr_line' id='line_1_25' title="bbox 244 2329 1812 2403; baseline -0.004 -18"><span class='ocrx_word' id='word_1_171' title='bbox 244 2331 324 2402; x_wconf 79' lang='grc' dir='ltr'>μὴ</span> <span class='ocrx_word' id='word_1_172' title='bbox 366 2331 656 2403; x_wconf 75' lang='grc' dir='ltr'>ἐπαίρεσθε</span> <span class='ocrx_word' id='word_1_173' title='bbox 701 2331 794 2384; x_wconf 73' lang='grc' dir='ltr'>ἐπὶ</span> <span class='ocrx_word' id='word_1_174' title='bbox 839 2330 1064 2384; x_wconf 84' lang='grc' dir='ltr'>πλούτου</span> <span class='ocrx_word' id='word_1_175' title='bbox 1105 2330 1422 2402; x_wconf 79' lang='grc' dir='ltr'><strong>ἀδηλότητι·</strong></span> <span class='ocrx_word' id='word_1_176' title='bbox 1459 2329 1532 2400; x_wconf 82' lang='grc' dir='ltr'>μὴ</span> <span class='ocrx_word' id='word_1_177' title='bbox 1566 2331 1812 2400; x_wconf 82' lang='grc' dir='ltr'>φρονεῖτε</span> 
     </span>
    </p>
   </div>
   <div class='ocr_carea' id='block_1_26' title="bbox 241 2418 1813 2493">
    <p class='ocr_par' dir='ltr' id='par_1_26' title="bbox 241 2418 1813 2493">
     <span class='ocr_line' id='line_1_26' title="bbox 241 2418 1813 2493; baseline -0.004 -17"><span class='ocrx_word' id='word_1_178' title='bbox 241 2423 336 2476; x_wconf 71' lang='grc' dir='ltr'><strong>ἐπὶ</strong></span> <span class='ocrx_word' id='word_1_179' title='bbox 375 2423 600 2493; x_wconf 82' lang='grc' dir='ltr'>δυνάμει</span> <span class='ocrx_word' id='word_1_180' title='bbox 629 2423 906 2493; x_wconf 79' lang='grc' dir='ltr'>σώματος’</span> <span class='ocrx_word' id='word_1_181' title='bbox 945 2423 1019 2493; x_wconf 82' lang='grc' dir='ltr'>μὴ</span> <span class='ocrx_word' id='word_1_182' title='bbox 1053 2421 1154 2491; x_wconf 84' lang='grc' dir='ltr'>τῆς</span> <span class='ocrx_word' id='word_1_183' title='bbox 1181 2421 1525 2492; x_wconf 80' lang='grc' dir='ltr'>ἀνθρωπίνης</span> <span class='ocrx_word' id='word_1_184' title='bbox 1556 2419 1713 2486; x_wconf 81' lang='grc' dir='ltr'>δόξης</span> <span class='ocrx_word' id='word_1_185' title='bbox 1751 2418 1813 2470; x_wconf 83' lang='grc' dir='ltr'>τὸ</span> 
     </span>
    </p>
   </div>
   <div class='ocr_carea' id='block_1_27' title="bbox 1917 582 3480 652">
    <p class='ocr_par' dir='ltr' id='par_1_27' title="bbox 1917 582 3480 652">
     <span class='ocr_line' id='line_1_27' title="bbox 1917 582 3480 652; baseline 0.003 -14"><span class='ocrx_word' id='word_1_186' title='bbox 1917 587 1997 639; x_wconf 88' lang='lat' dir='ltr'><strong>eis</strong></span> <span class='ocrx_word' id='word_1_187' title='bbox 2027 598 2167 652; x_wconf 68' lang='lat' dir='ltr'><strong>saape</strong></span> <span class='ocrx_word' id='word_1_188' title='bbox 2204 599 2310 637; x_wconf 91' lang='lat' dir='ltr'><strong>non</strong></span> <span class='ocrx_word' id='word_1_189' title='bbox 2332 582 2718 645; x_wconf 88' lang='lat' dir='ltr'><strong>conducibilia,</strong></span> <span class='ocrx_word' id='word_1_190' title='bbox 2749 584 2854 637; x_wconf 87' lang='lat' dir='ltr'><strong>alia</strong></span> <span class='ocrx_word' id='word_1_191' title='bbox 2890 600 3018 640; x_wconf 86' lang='lat' dir='ltr'><strong>vero</strong></span> <span class='ocrx_word' id='word_1_192' title='bbox 3047 598 3105 641; x_wconf 87' lang='grc' dir='ltr'><strong>ιιι</strong></span> <span class='ocrx_word' id='word_1_193' title='bbox 3141 589 3279 642; x_wconf 86' lang='lat' dir='ltr'><strong>mala</strong></span> <span class='ocrx_word' id='word_1_194' title='bbox 3313 591 3480 644; x_wconf 83' lang='lat' dir='ltr'><strong>decli—</strong></span> 
     </span>
    </p>
   </div>
   <div class='ocr_carea' id='block_1_28' title="bbox 1917 674 3481 745">
    <p class='ocr_par' dir='ltr' id='par_1_28' title="bbox 1917 674 3481 745">
     <span class='ocr_line' id='line_1_28' title="bbox 1917 674 3481 745; baseline 0.005 -17"><span class='ocrx_word' id='word_1_195' title='bbox 1917 685 2069 739; x_wconf 89' lang='lat' dir='ltr'><strong>nant,</strong></span> <span class='ocrx_word' id='word_1_196' title='bbox 2104 691 2225 745; x_wconf 72' lang='lat' dir='ltr'><strong>qua:</strong></span> <span class='ocrx_word' id='word_1_197' title='bbox 2271 675 2370 730; x_wconf 86' lang='lat' dir='ltr'><strong>sibi</strong></span> <span class='ocrx_word' id='word_1_198' title='bbox 2419 674 2710 745; x_wconf 82' lang='lat' dir='ltr'><strong>aliquando</strong></span> <span class='ocrx_word' id='word_1_199' title='bbox 2770 676 2923 745; x_wconf 77' lang='lat'><strong>171</strong></span> <span class='ocrx_word' id='word_1_200' title='bbox 2972 678 3198 732; x_wconf 89' lang='lat' dir='ltr'><strong>multum</strong></span> <span class='ocrx_word' id='word_1_201' title='bbox 3249 680 3481 736; x_wconf 78' lang='lat' dir='ltr'><strong>allatura</strong></span> 
     </span>
    </p>
   </div>
   <div class='ocr_carea' id='block_1_29' title="bbox 1915 767 3481 842">
    <p class='ocr_par' dir='ltr' id='par_1_29' title="bbox 1915 767 3481 842">
     <span class='ocr_line' id='line_1_29' title="bbox 1915 767 3481 842; baseline 0.006 -23"><span class='ocrx_word' id='word_1_202' title='bbox 1915 777 2071 821; x_wconf 87' lang='lat' dir='ltr'><strong>erant</strong></span> <span class='ocrx_word' id='word_1_203' title='bbox 2109 767 2478 822; x_wconf 89' lang='lat' dir='ltr'><strong>emolumenti.</strong></span> <span class='ocrx_word' id='word_1_204' title='bbox 2522 767 2767 836; x_wconf 78' lang='lat' dir='ltr'><strong>Exempli</strong></span> <span class='ocrx_word' id='word_1_205' title='bbox 2797 784 2961 822; x_wconf 83' lang='lat' dir='ltr'><strong>causa</strong></span> <span class='ocrx_word' id='word_1_206' title='bbox 2990 787 3002 823; x_wconf 92' lang='lat'><strong>:</strong></span> <span class='ocrx_word' id='word_1_207' title='bbox 3059 780 3289 840; x_wconf 69' lang='lat' dir='ltr'><strong>a&#39;grotat</strong></span> <span class='ocrx_word' id='word_1_208' title='bbox 3313 777 3481 842; x_wconf 80' lang='lat' dir='ltr'><strong>quis!</strong></span> 
     </span>
    </p>
   </div>
   <div class='ocr_carea' id='block_1_30' title="bbox 1916 859 3484 932">
    <p class='ocr_par' dir='ltr' id='par_1_30' title="bbox 1916 859 3484 932">
     <span class='ocr_line' id='line_1_30' title="bbox 1916 859 3484 932; baseline 0.006 -20"><span class='ocrx_word' id='word_1_209' title='bbox 1916 859 2085 915; x_wconf 83' lang='lat' dir='ltr'><strong>Morbi</strong></span> <span class='ocrx_word' id='word_1_210' title='bbox 2123 860 2428 915; x_wconf 77' lang='lat' dir='ltr'><strong>molestiam</strong></span> <span class='ocrx_word' id='word_1_211' title='bbox 2464 859 2700 931; x_wconf 80' lang='lat' dir='ltr'><strong>fugiens,</strong></span> <span class='ocrx_word' id='word_1_212' title='bbox 2739 871 2892 932; x_wconf 82' lang='lat' dir='ltr'><strong>rogat</strong></span> <span class='ocrx_word' id='word_1_213' title='bbox 2932 864 3240 919; x_wconf 83' lang='lat' dir='ltr'><strong>sanitatem.</strong></span> <span class='ocrx_word' id='word_1_214' title='bbox 3286 867 3484 922; x_wconf 82' lang='lat' dir='ltr'><strong>Amisit</strong></span> 
     </span>
    </p>
   </div>
   <div class='ocr_carea' id='block_1_31' title="bbox 1917 950 3478 1025">
    <p class='ocr_par' dir='ltr' id='par_1_31' title="bbox 1917 950 3478 1025">
     <span class='ocr_line' id='line_1_31' title="bbox 1917 950 3478 1025; baseline 0.005 -23"><span class='ocrx_word' id='word_1_215' title='bbox 1917 953 2223 1020; x_wconf 82' lang='lat' dir='ltr'><strong>pecunias?</strong></span> <span class='ocrx_word' id='word_1_216' title='bbox 2266 950 2345 1006; x_wconf 83' lang='lat' dir='ltr'><strong>0b</strong></span> <span class='ocrx_word' id='word_1_217' title='bbox 2390 952 2531 1006; x_wconf 89' lang='lat' dir='ltr'><strong>hanc</strong></span> <span class='ocrx_word' id='word_1_218' title='bbox 2564 951 2833 1019; x_wconf 86' lang='lat' dir='ltr'><strong>jacturam</strong></span> <span class='ocrx_word' id='word_1_219' title='bbox 2867 955 3102 1008; x_wconf 77' lang='lat' dir='ltr'><strong>maximo</strong></span> <span class='ocrx_word' id='word_1_220' title='bbox 3132 958 3351 1025; x_wconf 75' lang='lat' dir='ltr'><strong>angitur</strong></span> <span class='ocrx_word' id='word_1_221' title='bbox 3386 961 3478 1011; x_wconf 88' lang='lat' dir='ltr'><strong>du-</strong></span> 
     </span>
    </p>
   </div>
   <div class='ocr_carea' id='block_1_32' title="bbox 1917 1043 3476 1114">
    <p class='ocr_par' dir='ltr' id='par_1_32' title="bbox 1917 1043 3476 1114">
     <span class='ocr_line' id='line_1_32' title="bbox 1917 1043 3476 1114; baseline 0.003 -17"><span class='ocrx_word' id='word_1_222' title='bbox 1917 1046 2050 1098; x_wconf 92' lang='lat' dir='ltr'><strong>lore.</strong></span> <span class='ocrx_word' id='word_1_223' title='bbox 2075 1043 2190 1097; x_wconf 87' lang='lat' dir='ltr'><strong>Erit</strong></span> <span class='ocrx_word' id='word_1_224' title='bbox 2220 1045 2362 1098; x_wconf 90' lang='lat' dir='ltr'><strong>enim</strong></span> <span class='ocrx_word' id='word_1_225' title='bbox 2388 1044 2536 1099; x_wconf 87' lang='lat' dir='ltr'><strong>utilis</strong></span> <span class='ocrx_word' id='word_1_226' title='bbox 2570 1059 2944 1114; x_wconf 71' lang='lat' dir='ltr'><strong>swpcnnmero</strong></span> <span class='ocrx_word' id='word_1_227' title='bbox 2972 1047 3052 1102; x_wconf 90' lang='lat' dir='ltr'><strong>vcl</strong></span> <span class='ocrx_word' id='word_1_228' title='bbox 3085 1048 3325 1113; x_wconf 86' lang='lat' dir='ltr'><strong>morbus,</strong></span> <span class='ocrx_word' id='word_1_229' title='bbox 3352 1065 3476 1104; x_wconf 87' lang='lat' dir='ltr'><strong>cum</strong></span> 
     </span>
    </p>
   </div>
   <div class='ocr_carea' id='block_1_33' title="bbox 1916 1137 3484 1206">
    <p class='ocr_par' dir='ltr' id='par_1_33' title="bbox 1916 1137 3484 1206">
     <span class='ocr_line' id='line_1_33' title="bbox 1916 1137 3484 1206; baseline 0.005 -18"><span class='ocrx_word' id='word_1_230' title='bbox 1916 1137 2167 1191; x_wconf 82' lang='lat' dir='ltr'><strong>videlicet</strong></span> <span class='ocrx_word' id='word_1_231' title='bbox 2198 1149 2512 1206; x_wconf 77' lang='lat' dir='ltr'><strong>peccantem</strong></span> <span class='ocrx_word' id='word_1_232' title='bbox 2548 1137 2870 1192; x_wconf 80' lang='lat' dir='ltr'><strong>refrenabit.</strong></span> <span class='ocrx_word' id='word_1_233' title='bbox 2901 1139 2967 1191; x_wconf 85' lang='lat' dir='ltr'><strong>Et</strong></span> <span class='ocrx_word' id='word_1_234' title='bbox 3002 1156 3173 1194; x_wconf 87' lang='lat' dir='ltr'><strong>nocua</strong></span> <span class='ocrx_word' id='word_1_235' title='bbox 3208 1150 3290 1194; x_wconf 87' lang='lat' dir='ltr'><strong>est</strong></span> <span class='ocrx_word' id='word_1_236' title='bbox 3331 1144 3484 1196; x_wconf 87' lang='lat' dir='ltr'><strong>sani-</strong></span> 
     </span>
    </p>
   </div>
   <div class='ocr_carea' id='block_1_34' title="bbox 1919 1226 3480 1298">
    <p class='ocr_par' dir='ltr' id='par_1_34' title="bbox 1919 1226 3480 1298">
     <span class='ocr_line' id='line_1_34' title="bbox 1919 1226 3480 1298; baseline 0.004 -18"><span class='ocrx_word' id='word_1_237' title='bbox 1919 1236 1999 1281; x_wconf 90' lang='lat' dir='ltr'><strong>tas</strong></span> <span class='ocrx_word' id='word_1_238' title='bbox 2031 1237 2140 1281; x_wconf 90' lang='lat' dir='ltr'><strong>tum</strong></span> <span class='ocrx_word' id='word_1_239' title='bbox 2173 1242 2293 1282; x_wconf 91' lang='lat' dir='ltr'><strong>cum</strong></span> <span class='ocrx_word' id='word_1_240' title='bbox 2326 1244 2385 1282; x_wconf 88' lang='lat' dir='ltr'><strong>ea</strong></span> <span class='ocrx_word' id='word_1_241' title='bbox 2416 1226 2620 1282; x_wconf 83' lang='lat' dir='ltr'><strong>fruenti</strong></span> <span class='ocrx_word' id='word_1_242' title='bbox 2652 1229 2712 1282; x_wconf 85' lang='lat' dir='ltr'><strong>lit</strong></span> <span class='ocrx_word' id='word_1_243' title='bbox 2758 1231 2962 1298; x_wconf 87' lang='lat' dir='ltr'><strong>peccati</strong></span> <span class='ocrx_word' id='word_1_244' title='bbox 3009 1233 3248 1288; x_wconf 76' lang='lat' dir='ltr'><strong>occasio.</strong></span> <span class='ocrx_word' id='word_1_245' title='bbox 3303 1233 3394 1286; x_wconf 85' lang='lat' dir='ltr'><strong>Sic</strong></span> <span class='ocrx_word' id='word_1_246' title='bbox 3427 1244 3480 1286; x_wconf 83' lang='lat' dir='ltr'><strong>et</strong></span> 
     </span>
    </p>
   </div>
   <div class='ocr_carea' id='block_1_35' title="bbox 1916 1318 3475 1388">
    <p class='ocr_par' dir='ltr' id='par_1_35' title="bbox 1916 1318 3475 1388">
     <span class='ocr_line' id='line_1_35' title="bbox 1916 1318 3475 1388; baseline 0.004 -17"><span class='ocrx_word' id='word_1_247' title='bbox 1916 1318 2156 1386; x_wconf 69' lang='lat' dir='ltr'><strong>pecuniae</strong></span> <span class='ocrx_word' id='word_1_248' title='bbox 2191 1318 2516 1387; x_wconf 85' lang='lat' dir='ltr'><strong>quibusdam</strong></span> <span class='ocrx_word' id='word_1_249' title='bbox 2537 1319 2647 1388; x_wconf 83' lang='lat' dir='ltr'><strong>jam</strong></span> <span class='ocrx_word' id='word_1_250' title='bbox 2670 1321 2735 1374; x_wconf 90' lang='lat' dir='ltr'><strong>ad</strong></span> <span class='ocrx_word' id='word_1_251' title='bbox 2767 1320 3045 1376; x_wconf 84' lang='lat' dir='ltr'><strong>libidinem</strong></span> <span class='ocrx_word' id='word_1_252' title='bbox 3068 1322 3431 1378; x_wconf 82' lang='lat' dir='ltr'><strong>inservieruut</strong></span> <span class='ocrx_word' id='word_1_253' title='bbox 3462 1341 3475 1376; x_wconf 88' lang='lat'><strong>:</strong></span> 
     </span>
    </p>
   </div>
   <div class='ocr_carea' id='block_1_36' title="bbox 1916 1411 3480 1485">
    <p class='ocr_par' dir='ltr' id='par_1_36' title="bbox 1916 1411 3480 1485">
     <span class='ocr_line' id='line_1_36' title="bbox 1916 1411 3480 1485; baseline 0.005 -23"><span class='ocrx_word' id='word_1_254' title='bbox 1916 1419 2205 1478; x_wconf 84' lang='lat' dir='ltr'><strong>paupertas</strong></span> <span class='ocrx_word' id='word_1_255' title='bbox 2235 1425 2362 1465; x_wconf 87' lang='lat' dir='ltr'><strong>vero</strong></span> <span class='ocrx_word' id='word_1_256' title='bbox 2393 1411 2653 1479; x_wconf 87' lang='lat' dir='ltr'><strong>plurimos</strong></span> <span class='ocrx_word' id='word_1_257' title='bbox 2701 1417 2767 1465; x_wconf 78' lang='lat' dir='ltr'><strong>ad</strong></span> <span class='ocrx_word' id='word_1_258' title='bbox 2813 1414 2938 1466; x_wconf 88' lang='lat' dir='ltr'><strong>vitia</strong></span> <span class='ocrx_word' id='word_1_259' title='bbox 2981 1429 3306 1485; x_wconf 82' lang='lat' dir='ltr'><strong>magnopere</strong></span> <span class='ocrx_word' id='word_1_260' title='bbox 3354 1431 3480 1485; x_wconf 78' lang='lat' dir='ltr'><strong>pro-</strong></span> 
     </span>
    </p>
   </div>
   <div class='ocr_carea' id='block_1_37' title="bbox 1916 1501 3477 1575">
    <p class='ocr_par' dir='ltr' id='par_1_37' title="bbox 1916 1501 3477 1575">
     <span class='ocr_line' id='line_1_37' title="bbox 1916 1501 3477 1575; baseline 0.003 -20"><span class='ocrx_word' id='word_1_261' title='bbox 1916 1502 2212 1571; x_wconf 89' lang='lat' dir='ltr'><strong>pendentes</strong></span> <span class='ocrx_word' id='word_1_262' title='bbox 2248 1502 2525 1570; x_wconf 85' lang='lat' dir='ltr'><strong>repressit.</strong></span> <span class='ocrx_word' id='word_1_263' title='bbox 2561 1501 2744 1571; x_wconf 79' lang='lat' dir='ltr'><strong>Neque</strong></span> <span class='ocrx_word' id='word_1_264' title='bbox 2773 1503 2938 1573; x_wconf 79' lang='lat' dir='ltr'><strong>igitur</strong></span> <span class='ocrx_word' id='word_1_265' title='bbox 2961 1504 3197 1575; x_wconf 80' lang='lat' dir='ltr'><strong>relugias</strong></span> <span class='ocrx_word' id='word_1_266' title='bbox 3229 1521 3345 1575; x_wconf 71' lang='lat' dir='ltr'><strong>qua:</strong></span> <span class='ocrx_word' id='word_1_267' title='bbox 3374 1523 3477 1561; x_wconf 89' lang='lat' dir='ltr'><strong>non</strong></span> 
     </span>
    </p>
   </div>
   <div class='ocr_carea' id='block_1_38' title="bbox 1917 1593 3475 1664">
    <p class='ocr_par' dir='ltr' id='par_1_38' title="bbox 1917 1593 3475 1664">
     <span class='ocr_line' id='line_1_38' title="bbox 1917 1593 3475 1664; baseline 0.003 -17"><span class='ocrx_word' id='word_1_268' title='bbox 1917 1602 2130 1662; x_wconf 87' lang='lat' dir='ltr'><strong>oportet</strong></span> <span class='ocrx_word' id='word_1_269' title='bbox 2156 1611 2169 1646; x_wconf 89' lang='lat'><strong>:</strong></span> <span class='ocrx_word' id='word_1_270' title='bbox 2191 1608 2290 1647; x_wconf 85' lang='lat' dir='ltr'><strong>nec</strong></span> <span class='ocrx_word' id='word_1_271' title='bbox 2311 1593 2590 1661; x_wconf 80' lang='lat' dir='ltr'><strong>confugias</strong></span> <span class='ocrx_word' id='word_1_272' title='bbox 2619 1594 2683 1646; x_wconf 89' lang='lat' dir='ltr'><strong>ad</strong></span> <span class='ocrx_word' id='word_1_273' title='bbox 2709 1609 2866 1662; x_wconf 88' lang='lat' dir='ltr'><strong>quem</strong></span> <span class='ocrx_word' id='word_1_274' title='bbox 2901 1611 3004 1649; x_wconf 91' lang='lat' dir='ltr'><strong>non</strong></span> <span class='ocrx_word' id='word_1_275' title='bbox 3029 1607 3266 1664; x_wconf 85' lang='lat' dir='ltr'><strong>Oportet.</strong></span> <span class='ocrx_word' id='word_1_276' title='bbox 3299 1597 3475 1652; x_wconf 77' lang='lat' dir='ltr'><strong>Unum</strong></span> 
     </span>
    </p>
   </div>
   <div class='ocr_carea' id='block_1_39' title="bbox 1917 1685 3481 1756">
    <p class='ocr_par' dir='ltr' id='par_1_39' title="bbox 1917 1685 3481 1756">
     <span class='ocr_line' id='line_1_39' title="bbox 1917 1685 3481 1756; baseline 0.003 -17"><span class='ocrx_word' id='word_1_277' title='bbox 1917 1701 2079 1756; x_wconf 88' lang='lat' dir='ltr'><strong>porro</strong></span> <span class='ocrx_word' id='word_1_278' title='bbox 2108 1685 2388 1740; x_wconf 87' lang='lat' dir='ltr'><strong>vitandum</strong></span> <span class='ocrx_word' id='word_1_279' title='bbox 2422 1685 2514 1738; x_wconf 84' lang='lat' dir='ltr'><strong>tibi</strong></span> <span class='ocrx_word' id='word_1_280' title='bbox 2543 1695 2644 1750; x_wconf 90' lang='lat' dir='ltr'><strong>est,</strong></span> <span class='ocrx_word' id='word_1_281' title='bbox 2672 1696 2956 1754; x_wconf 87' lang='lat' dir='ltr'><strong>peccatum</strong></span> <span class='ocrx_word' id='word_1_282' title='bbox 2992 1688 3266 1754; x_wconf 77' lang='lat' dir='ltr'><strong>videlicet,</strong></span> <span class='ocrx_word' id='word_1_283' title='bbox 3287 1701 3340 1744; x_wconf 85' lang='lat' dir='ltr'><strong>et</strong></span> <span class='ocrx_word' id='word_1_284' title='bbox 3366 1691 3481 1744; x_wconf 79' lang='lat' dir='ltr'><strong>uui-</strong></span> 
     </span>
    </p>
   </div>
   <div class='ocr_carea' id='block_1_40' title="bbox 1917 1775 3479 1847">
    <p class='ocr_par' dir='ltr' id='par_1_40' title="bbox 1917 1775 3479 1847">
     <span class='ocr_line' id='line_1_40' title="bbox 1917 1775 3479 1847; baseline 0.006 -19"><span class='ocrx_word' id='word_1_285' title='bbox 1917 1793 2040 1830; x_wconf 85' lang='lat' dir='ltr'><strong>cum</strong></span> <span class='ocrx_word' id='word_1_286' title='bbox 2078 1791 2146 1830; x_wconf 83' lang='lat' dir='ltr'><strong>ex</strong></span> <span class='ocrx_word' id='word_1_287' title='bbox 2182 1775 2336 1830; x_wconf 87' lang='lat' dir='ltr'><strong>malis</strong></span> <span class='ocrx_word' id='word_1_288' title='bbox 2364 1775 2632 1847; x_wconf 77' lang='lat' dir='ltr'><strong>refugium</strong></span> <span class='ocrx_word' id='word_1_289' title='bbox 2668 1777 2761 1831; x_wconf 87' lang='lat' dir='ltr'><strong>tibi</strong></span> <span class='ocrx_word' id='word_1_290' title='bbox 2803 1778 2875 1832; x_wconf 91' lang='lat' dir='ltr'><strong>sit</strong></span> <span class='ocrx_word' id='word_1_291' title='bbox 2922 1779 3086 1835; x_wconf 89' lang='lat' dir='ltr'><strong>Deus.</strong></span> <span class='ocrx_word' id='word_1_292' title='bbox 3120 1782 3196 1836; x_wconf 76' lang='lat' dir='ltr'><strong>Ne</strong></span> <span class='ocrx_word' id='word_1_293' title='bbox 3229 1785 3479 1838; x_wconf 80' lang='lat' dir='ltr'><strong>conﬁdite</strong></span> 
     </span>
    </p>
   </div>
   <div class='ocr_carea' id='block_1_41' title="bbox 1918 1867 3480 1939">
    <p class='ocr_par' dir='ltr' id='par_1_41' title="bbox 1918 1867 3480 1939">
     <span class='ocr_line' id='line_1_41' title="bbox 1918 1867 3480 1939; baseline 0.004 -18"><span class='ocrx_word' id='word_1_294' title='bbox 1918 1869 2250 1939; x_wconf 83' lang='lat' dir='ltr'><strong>principibus</strong></span> <span class='ocrx_word' id='word_1_295' title='bbox 2275 1869 2357 1934; x_wconf 72' lang='lat'><strong>89;</strong></span> <span class='ocrx_word' id='word_1_296' title='bbox 2411 1883 2479 1922; x_wconf 91' lang='lat' dir='ltr'><strong>ne</strong></span> <span class='ocrx_word' id='word_1_297' title='bbox 2512 1867 2810 1924; x_wconf 71' lang='lat' dir='ltr'><strong>elferamini</strong></span> <span class='ocrx_word' id='word_1_298' title='bbox 2856 1871 3036 1925; x_wconf 88' lang='lat' dir='ltr'><strong>animo</strong></span> <span class='ocrx_word' id='word_1_299' title='bbox 3071 1873 3121 1925; x_wconf 88' lang='lat' dir='ltr'><strong>in</strong></span> <span class='ocrx_word' id='word_1_300' title='bbox 3165 1875 3370 1929; x_wconf 86' lang='lat' dir='ltr'><strong>incerto</strong></span> <span class='ocrx_word' id='word_1_301' title='bbox 3397 1876 3480 1930; x_wconf 84' lang='lat' dir='ltr'><strong>di-</strong></span> 
     </span>
    </p>
   </div>
   <div class='ocr_carea' id='block_1_42' title="bbox 1915 1957 3507 2028">
    <p class='ocr_par' dir='ltr' id='par_1_42' title="bbox 1915 1957 3507 2028">
     <span class='ocr_line' id='line_1_42' title="bbox 1915 1957 3507 2028; baseline 0.002 -15"><span class='ocrx_word' id='word_1_302' title='bbox 1915 1958 2168 2013; x_wconf 86' lang='lat' dir='ltr'><strong>vitiarum</strong></span> <span class='ocrx_word' id='word_1_303' title='bbox 2205 1958 2290 2021; x_wconf 74' lang='grc' dir='ltr'>θος</span> <span class='ocrx_word' id='word_1_304' title='bbox 2324 1973 2390 2011; x_wconf 90' lang='lat' dir='ltr'><strong>ne</strong></span> <span class='ocrx_word' id='word_1_305' title='bbox 2419 1957 2746 2028; x_wconf 85' lang='lat' dir='ltr'><strong>superbiatis</strong></span> <span class='ocrx_word' id='word_1_306' title='bbox 2786 1961 2854 2014; x_wconf 94' lang='lat' dir='ltr'><strong>ob</strong></span> <span class='ocrx_word' id='word_1_307' title='bbox 2895 1962 3141 2028; x_wconf 82' lang='lat' dir='ltr'><strong>corporis</strong></span> <span class='ocrx_word' id='word_1_308' title='bbox 3172 1962 3351 2028; x_wconf 79' lang='lat' dir='ltr'><strong>vires;</strong></span> <span class='ocrx_word' id='word_1_309' title='bbox 3410 1969 3507 2016; x_wconf 73' lang='grc' dir='ltr'>ιω·</span> 
     </span>
    </p>
   </div>
   <div class='ocr_carea' id='block_1_43' title="bbox 1919 2046 3478 2119">
    <p class='ocr_par' dir='ltr' id='par_1_43' title="bbox 1919 2046 3478 2119">
     <span class='ocr_line' id='line_1_43' title="bbox 1919 2046 3478 2119; baseline 0.004 -19"><span class='ocrx_word' id='word_1_310' title='bbox 1919 2047 2168 2101; x_wconf 63' lang='lat' dir='ltr'><strong>humanae</strong></span> <span class='ocrx_word' id='word_1_311' title='bbox 2217 2046 2400 2116; x_wconf 68' lang='lat' dir='ltr'><strong>gloria:</strong></span> <span class='ocrx_word' id='word_1_312' title='bbox 2463 2050 2864 2118; x_wconf 88' lang='lat' dir='ltr'><strong>prosequamini</strong></span> <span class='ocrx_word' id='word_1_313' title='bbox 2919 2050 3286 2119; x_wconf 88' lang='lat' dir='ltr'><strong>splendorem.</strong></span> <span class='ocrx_word' id='word_1_314' title='bbox 3335 2050 3478 2108; x_wconf 79' lang='lat' dir='ltr'><strong>Nihil</strong></span> 
     </span>
    </p>
   </div>
   <div class='ocr_carea' id='block_1_44' title="bbox 1915 2138 3472 2208">
    <p class='ocr_par' dir='ltr' id='par_1_44' title="bbox 1915 2138 3472 2208">
     <span class='ocr_line' id='line_1_44' title="bbox 1915 2138 3472 2208; baseline 0.005 -16"><span class='ocrx_word' id='word_1_315' title='bbox 1915 2138 2105 2192; x_wconf 89' lang='lat' dir='ltr'><strong>horum</strong></span> <span class='ocrx_word' id='word_1_316' title='bbox 2135 2139 2286 2193; x_wconf 88' lang='lat' dir='ltr'><strong>ducit</strong></span> <span class='ocrx_word' id='word_1_317' title='bbox 2306 2140 2373 2191; x_wconf 90' lang='lat' dir='ltr'><strong>ad</strong></span> <span class='ocrx_word' id='word_1_318' title='bbox 2397 2139 2658 2204; x_wconf 90' lang='lat' dir='ltr'><strong>salutem;</strong></span> <span class='ocrx_word' id='word_1_319' title='bbox 2705 2145 3026 2208; x_wconf 84' lang='lat' dir='ltr'><strong>temporaria</strong></span> <span class='ocrx_word' id='word_1_320' title='bbox 3058 2145 3259 2208; x_wconf 89' lang='lat' dir='ltr'><strong>omnia,</strong></span> <span class='ocrx_word' id='word_1_321' title='bbox 3290 2147 3472 2200; x_wconf 88' lang='lat' dir='ltr'><strong>omnia</strong></span> 
     </span>
    </p>
   </div>
   <div class='ocr_carea' id='block_1_45' title="bbox 1921 2229 3476 2299">
    <p class='ocr_par' dir='ltr' id='par_1_45' title="bbox 1921 2229 3476 2299">
     <span class='ocr_line' id='line_1_45' title="bbox 1921 2229 3476 2299; baseline 0.005 -16"><span class='ocrx_word' id='word_1_322' title='bbox 1921 2230 2153 2284; x_wconf 78' lang='lat' dir='ltr'><strong>fallacia.</strong></span> <span class='ocrx_word' id='word_1_323' title='bbox 2186 2229 2469 2299; x_wconf 80' lang='lat' dir='ltr'><strong>Refugium</strong></span> <span class='ocrx_word' id='word_1_324' title='bbox 2499 2233 2737 2294; x_wconf 87' lang='lat' dir='ltr'><strong>unicum,</strong></span> <span class='ocrx_word' id='word_1_325' title='bbox 2773 2231 2934 2288; x_wconf 92' lang='lat' dir='ltr'><strong>Deus.</strong></span> <span class='ocrx_word' id='word_1_326' title='bbox 2966 2233 3282 2290; x_wconf 68' lang='lat' dir='ltr'><strong>Maledictus</strong></span> <span class='ocrx_word' id='word_1_327' title='bbox 3321 2239 3476 2291; x_wconf 84' lang='lat' dir='ltr'><strong>homo</strong></span> 
     </span>
    </p>
   </div>
   <div class='ocr_carea' id='block_1_46' title="bbox 1915 2322 3476 2400">
    <p class='ocr_par' dir='ltr' id='par_1_46' title="bbox 1915 2322 3476 2400">
     <span class='ocr_line' id='line_1_46' title="bbox 1915 2322 3476 2400; baseline 0.006 -26"><span class='ocrx_word' id='word_1_328' title='bbox 1915 2322 2004 2390; x_wconf 87' lang='lat' dir='ltr'><strong>qui</strong></span> <span class='ocrx_word' id='word_1_329' title='bbox 2031 2338 2170 2391; x_wconf 76' lang='lat' dir='ltr'><strong>spem</strong></span> <span class='ocrx_word' id='word_1_330' title='bbox 2215 2324 2358 2390; x_wconf 82' lang='lat' dir='ltr'><strong>ponit</strong></span> <span class='ocrx_word' id='word_1_331' title='bbox 2388 2323 2440 2375; x_wconf 83' lang='lat' dir='ltr'><strong>in</strong></span> <span class='ocrx_word' id='word_1_332' title='bbox 2470 2324 2678 2376; x_wconf 86' lang='lat' dir='ltr'><strong>homine</strong></span> <span class='ocrx_word' id='word_1_333' title='bbox 2707 2325 2773 2390; x_wconf 76' lang='grc'><strong>⁸⁸,</strong></span> <span class='ocrx_word' id='word_1_334' title='bbox 2805 2338 2897 2379; x_wconf 85' lang='lat' dir='ltr'><strong>aut</strong></span> <span class='ocrx_word' id='word_1_335' title='bbox 2953 2328 3005 2381; x_wconf 93' lang='lat' dir='ltr'><strong>iu</strong></span> <span class='ocrx_word' id='word_1_336' title='bbox 3056 2329 3238 2400; x_wconf 88' lang='lat' dir='ltr'><strong>aliqua</strong></span> <span class='ocrx_word' id='word_1_337' title='bbox 3288 2344 3347 2384; x_wconf 88' lang='lat' dir='ltr'><strong>re</strong></span> <span class='ocrx_word' id='word_1_338' title='bbox 3377 2332 3476 2386; x_wconf 83' lang='lat' dir='ltr'><strong>hn-</strong></span> 
     </span>
    </p>
   </div>
   <div class='ocr_carea' id='block_1_47' title="bbox 1917 2426 2097 2466">
    <p class='ocr_par' dir='ltr' id='par_1_47' title="bbox 1917 2426 2097 2466">
     <span class='ocr_line' id='line_1_47' title="bbox 1917 2426 2097 2466; baseline -0.011 0"><span class='ocrx_word' id='word_1_339' title='bbox 1917 2426 2097 2466; x_wconf 90' lang='lat' dir='ltr'><strong>mana.</strong></span> 
     </span>
    </p>
   </div>
   <div class='ocr_carea' id='block_1_48' title="bbox 241 2500 3473 2585">
    <p class='ocr_par' dir='ltr' id='par_1_48' title="bbox 241 2500 3473 2585">
     <span class='ocr_line' id='line_1_48' title="bbox 241 2500 3473 2585; baseline 0 -19"><span class='ocrx_word' id='word_1_340' title='bbox 241 2515 538 2585; x_wconf 84' lang='grc' dir='ltr'>περιφανὲς</span> <span class='ocrx_word' id='word_1_341' title='bbox 569 2513 812 2567; x_wconf 85' lang='grc' dir='ltr'>διώκετε.</span> <span class='ocrx_word' id='word_1_342' title='bbox 845 2513 1010 2567; x_wconf 82' lang='grc' dir='ltr'>Οὐδὲν</span> <span class='ocrx_word' id='word_1_343' title='bbox 1035 2512 1238 2565; x_wconf 78' lang='grc' dir='ltr'>τούτων</span> <span class='ocrx_word' id='word_1_344' title='bbox 1270 2510 1451 2576; x_wconf 80' lang='grc' dir='ltr'>σώζει·</span> <span class='ocrx_word' id='word_1_345' title='bbox 1486 2510 1661 2563; x_wconf 83' lang='grc' dir='ltr'>πάντα</span> <span class='ocrx_word' id='word_1_346' title='bbox 1691 2507 1800 2578; x_wconf 74' lang='lat'><strong>(~29)</strong></span> <span class='ocrx_word' id='word_1_347' title='bbox 1840 2503 2168 2576; x_wconf 86' lang='grc' dir='ltr'>πρόσκαιρα,</span> <span class='ocrx_word' id='word_1_348' title='bbox 2211 2500 2388 2554; x_wconf 89' lang='grc' dir='ltr'>πάντα</span> <span class='ocrx_word' id='word_1_349' title='bbox 2423 2501 2694 2571; x_wconf 77' lang='grc' dir='ltr'><strong>ἀπατηλὰ.</strong></span> <span class='ocrx_word' id='word_1_350' title='bbox 2756 2504 2870 2558; x_wconf 87' lang='grc' dir='ltr'><strong>Μία</strong></span> <span class='ocrx_word' id='word_1_351' title='bbox 2931 2511 3240 2579; x_wconf 79' lang='grc' dir='ltr'>καταφυγὴ,</span> <span class='ocrx_word' id='word_1_352' title='bbox 3269 2511 3298 2565; x_wconf 97' lang='lat'><strong>6</strong></span> <span class='ocrx_word' id='word_1_353' title='bbox 3321 2511 3473 2574; x_wconf 86' lang='grc' dir='ltr'>Θεός.</span> 
     </span>
    </p>
   </div>
   <div class='ocr_carea' id='block_1_49' title="bbox 252 2594 2955 2675">
    <p class='ocr_par' dir='ltr' id='par_1_49' title="bbox 252 2594 2955 2675">
     <span class='ocr_line' id='line_1_49' title="bbox 252 2594 2955 2675; baseline -0.002 -16"><span class='ocrx_word' id='word_1_354' title='bbox 252 2606 705 2675; x_wconf 81' lang='grc' dir='ltr'>Ἐπικατάρατος</span> <span class='ocrx_word' id='word_1_355' title='bbox 729 2606 1035 2674; x_wconf 79' lang='grc' dir='ltr'>ἄνθρωπος</span> <span class='ocrx_word' id='word_1_356' title='bbox 1057 2608 1090 2659; x_wconf 84' lang='grc' dir='ltr'><em>ὁ</em></span> <span class='ocrx_word' id='word_1_357' title='bbox 1119 2604 1232 2673; x_wconf 77' lang='grc' dir='ltr'><strong>τὴν</strong></span> <span class='ocrx_word' id='word_1_358' title='bbox 1259 2603 1478 2658; x_wconf 79' lang='grc' dir='ltr'>ἐλπίδα</span> <span class='ocrx_word' id='word_1_359' title='bbox 1509 2603 1664 2672; x_wconf 73' lang='grc' dir='ltr'>ἔχων</span> <span class='ocrx_word' id='word_1_360' title='bbox 1698 2600 1789 2654; x_wconf 79' lang='grc' dir='ltr'><strong>ἐπ’</strong></span> <span class='ocrx_word' id='word_1_361' title='bbox 1827 2598 2159 2665; x_wconf 77' lang='grc' dir='ltr'>ἄνθρωπον,</span> <span class='ocrx_word' id='word_1_362' title='bbox 2184 2594 2218 2666; x_wconf 83' lang='grc' dir='ltr'><strong>ἢ</strong></span> <span class='ocrx_word' id='word_1_363' title='bbox 2251 2594 2343 2648; x_wconf 79' lang='grc' dir='ltr'><strong>ἐπί</strong></span> <span class='ocrx_word' id='word_1_364' title='bbox 2373 2612 2423 2648; x_wconf 90' lang='grc' dir='ltr'>τι</span> <span class='ocrx_word' id='word_1_365' title='bbox 2451 2597 2556 2648; x_wconf 85' lang='grc' dir='ltr'><strong>τῶν</strong></span> <span class='ocrx_word' id='word_1_366' title='bbox 2587 2596 2955 2668; x_wconf 86' lang='grc' dir='ltr'>ἀνθρωπίνων.</span> 
     </span>
    </p>
   </div>
   <div class='ocr_carea' id='block_1_50' title="bbox 320 2695 1812 2770">
    <p class='ocr_par' dir='ltr' id='par_1_50' title="bbox 320 2695 1812 2770">
     <span class='ocr_line' id='line_1_50' title="bbox 320 2695 1812 2770; baseline -0.003 -17"><span class='ocrx_word' id='word_1_367' title='bbox 320 2699 374 2754; x_wconf 78' lang='grc'>2.</span> <span class='ocrx_word' id='word_1_368' title='bbox 428 2701 490 2752; x_wconf 85' lang='lat'><strong>&#39;0</strong></span> <span class='ocrx_word' id='word_1_369' title='bbox 522 2699 666 2765; x_wconf 78' lang='grc' dir='ltr'>Θεὸς</span> <span class='ocrx_word' id='word_1_370' title='bbox 712 2695 808 2753; x_wconf 83' lang='grc' dir='ltr'><strong>οὖν</strong></span> <span class='ocrx_word' id='word_1_371' title='bbox 849 2700 1018 2770; x_wconf 72' lang='grc' dir='ltr'>ἡμῶν</span> <span class='ocrx_word' id='word_1_372' title='bbox 1048 2699 1360 2768; x_wconf 62' lang='grc' dir='ltr'>καταφυγὴ</span> <span class='ocrx_word' id='word_1_373' title='bbox 1411 2698 1508 2752; x_wconf 81' lang='grc' dir='ltr'>καὶ</span> <span class='ocrx_word' id='word_1_374' title='bbox 1542 2698 1812 2765; x_wconf 74' lang='grc' dir='ltr'>δύναμις.</span> 
     </span>
    </p>
   </div>
   <div class='ocr_carea' id='block_1_51' title="bbox 1983 2691 3474 2773">
    <p class='ocr_par' dir='ltr' id='par_1_51' title="bbox 1983 2691 3474 2773">
     <span class='ocr_line' id='line_1_51' title="bbox 1983 2691 3474 2773; baseline 0.009 -29"><span class='ocrx_word' id='word_1_375' title='bbox 1983 2693 2039 2744; x_wconf 71' lang='lat'><strong>2.</strong></span> <span class='ocrx_word' id='word_1_376' title='bbox 2074 2691 2214 2744; x_wconf 74' lang='lat' dir='ltr'><strong>Deus</strong></span> <span class='ocrx_word' id='word_1_377' title='bbox 2245 2691 2413 2759; x_wconf 81' lang='lat' dir='ltr'><strong>igitur</strong></span> <span class='ocrx_word' id='word_1_378' title='bbox 2441 2704 2615 2746; x_wconf 81' lang='lat' dir='ltr'><strong>noster</strong></span> <span class='ocrx_word' id='word_1_379' title='bbox 2664 2693 2926 2763; x_wconf 81' lang='lat' dir='ltr'><strong>refugium</strong></span> <span class='ocrx_word' id='word_1_380' title='bbox 2966 2707 3013 2750; x_wconf 78' lang='lat' dir='ltr'><strong>et</strong></span> <span class='ocrx_word' id='word_1_381' title='bbox 3050 2699 3235 2755; x_wconf 74' lang='lat' dir='ltr'><strong>virtus.</strong></span> <span class='ocrx_word' id='word_1_382' title='bbox 3276 2700 3353 2755; x_wconf 87' lang='lat' dir='ltr'><strong>Illi</strong></span> <span class='ocrx_word' id='word_1_383' title='bbox 3382 2706 3474 2773; x_wconf 88' lang='lat' dir='ltr'><strong>qui</strong></span> 
     </span>
    </p>
   </div>
   <div class='ocr_carea' id='block_1_52' title="bbox 241 2782 1806 2864">
    <p class='ocr_par' dir='ltr' id='par_1_52' title="bbox 241 2787 1806 2859">
     <span class='ocr_line' id='line_1_52' title="bbox 241 2787 1806 2859; baseline -0.001 -19"><span class='ocrx_word' id='word_1_384' title='bbox 241 2788 335 2857; x_wconf 86' lang='grc' dir='ltr'><strong>Τῷ</strong></span> <span class='ocrx_word' id='word_1_385' title='bbox 362 2788 642 2859; x_wconf 80' lang='grc' dir='ltr'>δυναμένῳ</span> <span class='ocrx_word' id='word_1_386' title='bbox 672 2787 870 2856; x_wconf 88' lang='grc' dir='ltr'>λέγειν,</span> <span class='ocrx_word' id='word_1_387' title='bbox 908 2788 1110 2842; x_wconf 76' lang='grc' dir='ltr'>Πάντα</span> <span class='ocrx_word' id='word_1_388' title='bbox 1141 2789 1330 2856; x_wconf 80' lang='grc' dir='ltr'>ἰσχύω</span> <span class='ocrx_word' id='word_1_389' title='bbox 1356 2788 1424 2841; x_wconf 78' lang='grc' dir='ltr'><strong>ἐν</strong></span> <span class='ocrx_word' id='word_1_390' title='bbox 1453 2787 1534 2852; x_wconf 80' lang='grc' dir='ltr'>τῷ</span> <span class='ocrx_word' id='word_1_391' title='bbox 1561 2787 1806 2841; x_wconf 79' lang='grc' dir='ltr'>ἐνδυνα-</span> 
     </span>
    </p>
   </div>
   <div class='ocr_carea' id='block_1_53' title="bbox 1911 2782 3475 2864">
    <p class='ocr_par' dir='ltr' id='par_1_53' title="bbox 1913 2782 3475 2864">
     <span class='ocr_line' id='line_1_53' title="bbox 1913 2782 3475 2864; baseline 0.009 -29"><span class='ocrx_word' id='word_1_392' title='bbox 1913 2790 2091 2853; x_wconf 87' lang='lat' dir='ltr'><strong>potest</strong></span> <span class='ocrx_word' id='word_1_393' title='bbox 2113 2782 2290 2836; x_wconf 88' lang='lat' dir='ltr'><strong>dicere</strong></span> <span class='ocrx_word' id='word_1_394' title='bbox 2323 2801 2337 2837; x_wconf 89' lang='lat'><strong>:</strong></span> <span class='ocrx_word' id='word_1_395' title='bbox 2375 2782 2566 2838; x_wconf 83' lang='lat' dir='ltr'><strong>Omnia</strong></span> <span class='ocrx_word' id='word_1_396' title='bbox 2604 2801 2816 2854; x_wconf 78' lang='lat' dir='ltr'><strong>possum</strong></span> <span class='ocrx_word' id='word_1_397' title='bbox 2839 2787 2892 2842; x_wconf 85' lang='lat' dir='ltr'><strong>in</strong></span> <span class='ocrx_word' id='word_1_398' title='bbox 2933 2805 2995 2842; x_wconf 85' lang='lat' dir='ltr'><strong>eo</strong></span> <span class='ocrx_word' id='word_1_399' title='bbox 3027 2793 3117 2860; x_wconf 86' lang='lat' dir='ltr'><strong>qui</strong></span> <span class='ocrx_word' id='word_1_400' title='bbox 3145 2809 3225 2845; x_wconf 86' lang='lat' dir='ltr'><strong>me</strong></span> <span class='ocrx_word' id='word_1_401' title='bbox 3261 2795 3475 2864; x_wconf 80' lang='lat' dir='ltr'><strong>confor-</strong></span> 
     </span>
    </p>
   </div>
   <div class='ocr_carea' id='block_1_54' title="bbox 235 2873 1806 2953">
    <p class='ocr_par' dir='ltr' id='par_1_54' title="bbox 235 2877 1806 2950">
     <span class='ocr_line' id='line_1_54' title="bbox 235 2877 1806 2950; baseline -0.003 -16"><span class='ocrx_word' id='word_1_402' title='bbox 235 2880 453 2948; x_wconf 82' lang='grc' dir='ltr'><strong>μοῦντί</strong></span> <span class='ocrx_word' id='word_1_403' title='bbox 485 2897 561 2948; x_wconf 83' lang='grc' dir='ltr'><strong>με</strong></span> <span class='ocrx_word' id='word_1_404' title='bbox 597 2879 849 2947; x_wconf 72' lang='grc' dir='ltr'>Χριστῷ,</span> <span class='ocrx_word' id='word_1_405' title='bbox 891 2879 1117 2950; x_wconf 83' lang='grc' dir='ltr'>δύναμίς</span> <span class='ocrx_word' id='word_1_406' title='bbox 1165 2881 1311 2933; x_wconf 78' lang='grc' dir='ltr'>ἐστιν</span> <span class='ocrx_word' id='word_1_407' title='bbox 1342 2882 1370 2933; x_wconf 90' lang='lat'><strong>6</strong></span> <span class='ocrx_word' id='word_1_408' title='bbox 1401 2879 1553 2942; x_wconf 87' lang='grc' dir='ltr'>Θεός.</span> <span class='ocrx_word' id='word_1_409' title='bbox 1596 2877 1806 2931; x_wconf 80' lang='grc' dir='ltr'><strong>Πολλῶν</strong></span> 
     </span>
    </p>
   </div>
   <div class='ocr_carea' id='block_1_55' title="bbox 1911 2873 3474 2953">
    <p class='ocr_par' dir='ltr' id='par_1_55' title="bbox 1911 2873 3474 2953">
     <span class='ocr_line' id='line_1_55' title="bbox 1911 2873 3474 2953; baseline 0.01 -26"><span class='ocrx_word' id='word_1_410' title='bbox 1911 2884 1988 2928; x_wconf 87' lang='lat' dir='ltr'><strong>tat</strong></span> <span class='ocrx_word' id='word_1_411' title='bbox 2014 2873 2236 2929; x_wconf 87' lang='lat' dir='ltr'><strong>Christo</strong></span> <span class='ocrx_word' id='word_1_412' title='bbox 2258 2875 2326 2940; x_wconf 72' lang='grc' dir='ltr'>θ’,</span> <span class='ocrx_word' id='word_1_413' title='bbox 2353 2877 2526 2930; x_wconf 85' lang='lat' dir='ltr'><strong>virtus</strong></span> <span class='ocrx_word' id='word_1_414' title='bbox 2549 2886 2628 2930; x_wconf 90' lang='lat' dir='ltr'><strong>est</strong></span> <span class='ocrx_word' id='word_1_415' title='bbox 2654 2877 2814 2932; x_wconf 86' lang='lat' dir='ltr'><strong>Deus.</strong></span> <span class='ocrx_word' id='word_1_416' title='bbox 2843 2877 3134 2936; x_wconf 84' lang='lat' dir='ltr'><strong>Multorum</strong></span> <span class='ocrx_word' id='word_1_417' title='bbox 3151 2885 3369 2953; x_wconf 81' lang='lat' dir='ltr'><strong>quidem</strong></span> <span class='ocrx_word' id='word_1_418' title='bbox 3391 2898 3474 2941; x_wconf 84' lang='lat' dir='ltr'><strong>est</strong></span> 
     </span>
    </p>
   </div>
   <div class='ocr_carea' id='block_1_56' title="bbox 243 2963 1806 3049">
    <p class='ocr_par' dir='ltr' id='par_1_56' title="bbox 243 2963 1806 3038">
     <span class='ocr_line' id='line_1_56' title="bbox 243 2963 1806 3038; baseline 0.001 -19"><span class='ocrx_word' id='word_1_419' title='bbox 243 2967 343 3036; x_wconf 77' lang='grc' dir='ltr'>μὲν</span> <span class='ocrx_word' id='word_1_420' title='bbox 390 2963 481 3021; x_wconf 84' lang='grc' dir='ltr'><strong>οὖν</strong></span> <span class='ocrx_word' id='word_1_421' title='bbox 529 2971 675 3022; x_wconf 75' lang='grc' dir='ltr'>ἐστιν</span> <span class='ocrx_word' id='word_1_422' title='bbox 708 2970 900 3033; x_wconf 74' lang='grc' dir='ltr'>εἰπεῖν,</span> <span class='ocrx_word' id='word_1_423' title='bbox 938 2970 991 3022; x_wconf 93' lang='lat'><strong>&#39;0</strong></span> <span class='ocrx_word' id='word_1_424' title='bbox 1049 2968 1192 3034; x_wconf 82' lang='grc' dir='ltr'>Θεὸς</span> <span class='ocrx_word' id='word_1_425' title='bbox 1241 2968 1410 3036; x_wconf 76' lang='grc' dir='ltr'>ἡμῶν</span> <span class='ocrx_word' id='word_1_426' title='bbox 1457 2967 1806 3038; x_wconf 74' lang='grc' dir='ltr'>καταφυγή·</span> 
     </span>
    </p>
   </div>
   <div class='ocr_carea' id='block_1_57' title="bbox 1911 2963 3474 3049">
    <p class='ocr_par' dir='ltr' id='par_1_57' title="bbox 1911 2966 3474 3049">
     <span class='ocr_line' id='line_1_57' title="bbox 1911 2966 3474 3049; baseline 0.008 -28"><span class='ocrx_word' id='word_1_427' title='bbox 1911 2967 2128 3022; x_wconf 89' lang='lat' dir='ltr'><strong>dicere:</strong></span> <span class='ocrx_word' id='word_1_428' title='bbox 2157 2966 2296 3022; x_wconf 77' lang='lat' dir='ltr'><strong>Deus</strong></span> <span class='ocrx_word' id='word_1_429' title='bbox 2325 2978 2500 3021; x_wconf 77' lang='lat' dir='ltr'><strong>noster</strong></span> <span class='ocrx_word' id='word_1_430' title='bbox 2521 2969 2806 3039; x_wconf 83' lang='lat' dir='ltr'><strong>refugium;</strong></span> <span class='ocrx_word' id='word_1_431' title='bbox 2833 2983 2907 3035; x_wconf 90' lang='lat' dir='ltr'><strong>et,</strong></span> <span class='ocrx_word' id='word_1_432' title='bbox 2941 2973 3186 3038; x_wconf 82' lang='lat' dir='ltr'><strong>Domine,</strong></span> <span class='ocrx_word' id='word_1_433' title='bbox 3215 2979 3474 3049; x_wconf 73' lang='lat' dir='ltr'><strong>refugium</strong></span> 
     </span>
    </p>
   </div>
   <div class='ocr_carea' id='block_1_58' title="bbox 240 3056 1806 3153">
    <p class='ocr_par' dir='ltr' id='par_1_58' title="bbox 240 3059 1806 3129">
     <span class='ocr_line' id='line_1_58' title="bbox 240 3059 1806 3129; baseline 0.001 -19"><span class='ocrx_word' id='word_1_434' title='bbox 240 3059 334 3111; x_wconf 67' lang='grc' dir='ltr'>καὶ</span> <span class='ocrx_word' id='word_1_435' title='bbox 371 3059 451 3123; x_wconf 85' lang='grc' dir='ltr'>τὸ,</span> <span class='ocrx_word' id='word_1_436' title='bbox 497 3061 698 3128; x_wconf 80' lang='grc' dir='ltr'>Κύριε,</span> <span class='ocrx_word' id='word_1_437' title='bbox 749 3059 1058 3129; x_wconf 70' lang='grc' dir='ltr'>καταφυγὴ</span> <span class='ocrx_word' id='word_1_438' title='bbox 1104 3061 1395 3129; x_wconf 77' lang='grc' dir='ltr'>ἐγενήθης</span> <span class='ocrx_word' id='word_1_439' title='bbox 1436 3059 1608 3128; x_wconf 76' lang='grc' dir='ltr'><strong>ἡμῖν’</strong></span> <span class='ocrx_word' id='word_1_440' title='bbox 1652 3059 1713 3112; x_wconf 84' lang='grc' dir='ltr'>τὸ</span> <span class='ocrx_word' id='word_1_441' title='bbox 1751 3059 1806 3112; x_wconf 81' lang='grc' dir='ltr'>δὲ</span> 
     </span>
    </p>
   </div>
   <div class='ocr_carea' id='block_1_59' title="bbox 1911 3056 3475 3153">
    <p class='ocr_par' dir='ltr' id='par_1_59' title="bbox 1912 3056 3475 3136">
     <span class='ocr_line' id='line_1_59' title="bbox 1912 3056 3475 3136; baseline 0.008 -26"><span class='ocrx_word' id='word_1_442' title='bbox 1912 3056 2085 3126; x_wconf 75' lang='lat' dir='ltr'><strong>factus</strong></span> <span class='ocrx_word' id='word_1_443' title='bbox 2116 3073 2168 3112; x_wconf 76' lang='lat' dir='ltr'><strong>es</strong></span> <span class='ocrx_word' id='word_1_444' title='bbox 2196 3059 2343 3111; x_wconf 80' lang='lat' dir='ltr'><strong>nobis</strong></span> <span class='ocrx_word' id='word_1_445' title='bbox 2365 3058 2412 3090; x_wconf 82' lang='lat'>”</span> <span class='ocrx_word' id='word_1_446' title='bbox 2439 3076 2452 3113; x_wconf 89' lang='lat'>:</span> <span class='ocrx_word' id='word_1_447' title='bbox 2486 3059 2536 3113; x_wconf 89' lang='lat' dir='ltr'><strong>id</strong></span> <span class='ocrx_word' id='word_1_448' title='bbox 2559 3075 2688 3114; x_wconf 90' lang='lat' dir='ltr'><strong>vero</strong></span> <span class='ocrx_word' id='word_1_449' title='bbox 2713 3062 2904 3116; x_wconf 90' lang='lat' dir='ltr'><strong>eodem</strong></span> <span class='ocrx_word' id='word_1_450' title='bbox 2958 3079 3022 3118; x_wconf 85' lang='lat' dir='ltr'><strong>ac</strong></span> <span class='ocrx_word' id='word_1_451' title='bbox 3067 3065 3328 3136; x_wconf 87' lang='lat' dir='ltr'><strong>Propheta</strong></span> <span class='ocrx_word' id='word_1_452' title='bbox 3359 3073 3475 3123; x_wconf 84' lang='lat' dir='ltr'><strong>ani-</strong></span> 
     </span>
    </p>
   </div>
   <div class='ocr_carea' id='block_1_60' title="bbox 239 3150 1806 3224">
    <p class='ocr_par' dir='ltr' id='par_1_60' title="bbox 239 3151 1806 3224">
     <span class='ocr_line' id='line_1_60' title="bbox 239 3151 1806 3224; baseline 0.001 -22"><span class='ocrx_word' id='word_1_453' title='bbox 239 3151 347 3203; x_wconf 85' lang='grc' dir='ltr'><strong>ἀπὸ</strong></span> <span class='ocrx_word' id='word_1_454' title='bbox 388 3155 486 3223; x_wconf 84' lang='grc' dir='ltr'>τῆς</span> <span class='ocrx_word' id='word_1_455' title='bbox 528 3152 697 3222; x_wconf 77' lang='grc' dir='ltr'>αὐτῆς</span> <span class='ocrx_word' id='word_1_456' title='bbox 735 3151 1026 3214; x_wconf 81' lang='grc' dir='ltr'>διαθέσεως</span> <span class='ocrx_word' id='word_1_457' title='bbox 1055 3154 1226 3205; x_wconf 79' lang='grc' dir='ltr'>εἰπεῖν</span> <span class='ocrx_word' id='word_1_458' title='bbox 1257 3151 1336 3222; x_wconf 80' lang='grc' dir='ltr'>τῷ</span> <span class='ocrx_word' id='word_1_459' title='bbox 1364 3152 1622 3224; x_wconf 77' lang='grc' dir='ltr'><strong>Προφήτῃ</strong></span> <span class='ocrx_word' id='word_1_460' title='bbox 1668 3151 1806 3204; x_wconf 80' lang='grc' dir='ltr'>πάνυ</span> 
     </span>
    </p>
   </div>
   <div class='ocr_carea' id='block_1_61' title="bbox 1911 3150 3474 3224">
    <p class='ocr_par' dir='ltr' id='par_1_61' title="bbox 1913 3150 3474 3221">
     <span class='ocr_line' id='line_1_61' title="bbox 1913 3150 3474 3221; baseline 0.008 -17"><span class='ocrx_word' id='word_1_461' title='bbox 1913 3165 2000 3205; x_wconf 91' lang='lat' dir='ltr'><strong>mo</strong></span> <span class='ocrx_word' id='word_1_462' title='bbox 2015 3150 2217 3215; x_wconf 90' lang='lat' dir='ltr'><strong>dicere,</strong></span> <span class='ocrx_word' id='word_1_463' title='bbox 2249 3166 2506 3220; x_wconf 86' lang='lat' dir='ltr'><strong>perquam</strong></span> <span class='ocrx_word' id='word_1_464' title='bbox 2533 3167 2828 3221; x_wconf 89' lang='lat' dir='ltr'><strong>paucorum</strong></span> <span class='ocrx_word' id='word_1_465' title='bbox 2859 3165 2962 3210; x_wconf 91' lang='lat' dir='ltr'><strong>est.</strong></span> <span class='ocrx_word' id='word_1_466' title='bbox 2992 3155 3154 3213; x_wconf 87' lang='lat' dir='ltr'><strong>Pauci</strong></span> <span class='ocrx_word' id='word_1_467' title='bbox 3177 3161 3320 3214; x_wconf 89' lang='lat' dir='ltr'><strong>enim</strong></span> <span class='ocrx_word' id='word_1_468' title='bbox 3347 3172 3474 3216; x_wconf 91' lang='lat' dir='ltr'><strong>sunt</strong></span> 
     </span>
    </p>
   </div>
   <div class='ocr_carea' id='block_1_62' title="bbox 241 3243 1808 3316">
    <p class='ocr_par' dir='ltr' id='par_1_62' title="bbox 241 3243 1808 3316">
     <span class='ocr_line' id='line_1_62' title="bbox 241 3243 1808 3316; baseline 0.001 -22"><span class='ocrx_word' id='word_1_469' title='bbox 241 3244 461 3312; x_wconf 78' lang='grc' dir='ltr'>ὀλίγων.</span> <span class='ocrx_word' id='word_1_470' title='bbox 501 3243 698 3312; x_wconf 79' lang='grc' dir='ltr'>Ὀλίγοι</span> <span class='ocrx_word' id='word_1_471' title='bbox 731 3243 838 3315; x_wconf 80' lang='grc' dir='ltr'><strong>γὰρ</strong></span> <span class='ocrx_word' id='word_1_472' title='bbox 867 3245 913 3297; x_wconf 90' lang='grc' dir='ltr'><strong>οἱ</strong></span> <span class='ocrx_word' id='word_1_473' title='bbox 949 3243 1023 3316; x_wconf 81' lang='grc' dir='ltr'>μὴ</span> <span class='ocrx_word' id='word_1_474' title='bbox 1054 3244 1458 3315; x_wconf 84' lang='grc' dir='ltr'>τεθαυμακότες</span> <span class='ocrx_word' id='word_1_475' title='bbox 1498 3246 1566 3299; x_wconf 81' lang='grc' dir='ltr'><strong>τὰ</strong></span> <span class='ocrx_word' id='word_1_476' title='bbox 1598 3243 1808 3315; x_wconf 84' lang='grc' dir='ltr'>ἀνθρώ-</span> 
     </span>
    </p>
   </div>
   <div class='ocr_carea' id='block_1_63' title="bbox 240 3335 1806 3407">
    <p class='ocr_par' dir='ltr' id='par_1_63' title="bbox 240 3335 1806 3407">
     <span class='ocr_line' id='line_1_63' title="bbox 240 3335 1806 3407; baseline 0.001 -21"><span class='ocrx_word' id='word_1_477' title='bbox 240 3351 395 3398; x_wconf 83' lang='grc' dir='ltr'>πινα,</span> <span class='ocrx_word' id='word_1_478' title='bbox 423 3335 535 3387; x_wconf 86' lang='grc' dir='ltr'>ἀλλ’</span> <span class='ocrx_word' id='word_1_479' title='bbox 575 3336 685 3388; x_wconf 85' lang='grc' dir='ltr'><strong>ὅλοι</strong></span> <span class='ocrx_word' id='word_1_480' title='bbox 715 3337 1014 3407; x_wconf 69' lang='grc' dir='ltr'>ἠρτημένοι</span> <span class='ocrx_word' id='word_1_481' title='bbox 1045 3335 1138 3389; x_wconf 79' lang='grc' dir='ltr'><strong>τοῦ</strong></span> <span class='ocrx_word' id='word_1_482' title='bbox 1168 3335 1325 3399; x_wconf 82' lang='grc' dir='ltr'>Θεοῦ,</span> <span class='ocrx_word' id='word_1_483' title='bbox 1355 3337 1450 3389; x_wconf 75' lang='grc' dir='ltr'>καὶ</span> <span class='ocrx_word' id='word_1_484' title='bbox 1481 3335 1642 3388; x_wconf 81' lang='grc' dir='ltr'>αὐτὸν</span> <span class='ocrx_word' id='word_1_485' title='bbox 1676 3337 1806 3388; x_wconf 82' lang='grc' dir='ltr'>ἁνα-</span> 
     </span>
    </p>
   </div>
   <div class='ocr_carea' id='block_1_64' title="bbox 239 3425 1804 3495">
    <p class='ocr_par' dir='ltr' id='par_1_64' title="bbox 239 3425 1804 3495">
     <span class='ocr_line' id='line_1_64' title="bbox 239 3425 1804 3495; baseline -0.001 -17"><span class='ocrx_word' id='word_1_486' title='bbox 239 3426 510 3488; x_wconf 84' lang='grc' dir='ltr'>πνέοντες,</span> <span class='ocrx_word' id='word_1_487' title='bbox 537 3428 632 3480; x_wconf 78' lang='grc' dir='ltr'>καὶ</span> <span class='ocrx_word' id='word_1_488' title='bbox 663 3428 840 3479; x_wconf 76' lang='grc' dir='ltr'>πᾶσαν</span> <span class='ocrx_word' id='word_1_489' title='bbox 866 3425 1053 3479; x_wconf 77' lang='grc' dir='ltr'>ἐλπίδα</span> <span class='ocrx_word' id='word_1_490' title='bbox 1083 3427 1178 3478; x_wconf 74' lang='grc' dir='ltr'>καὶ</span> <span class='ocrx_word' id='word_1_491' title='bbox 1210 3425 1528 3495; x_wconf 79' lang='grc' dir='ltr'>πεποίθησιν</span> <span class='ocrx_word' id='word_1_492' title='bbox 1572 3425 1804 3494; x_wconf 80' lang='grc' dir='ltr'>ἔχοντες.</span> 
     </span>
    </p>
   </div>
   <div class='ocr_carea' id='block_1_65' title="bbox 246 3516 1810 3588">
    <p class='ocr_par' dir='ltr' id='par_1_65' title="bbox 246 3516 1810 3588">
     <span class='ocr_line' id='line_1_65' title="bbox 246 3516 1810 3588; baseline -0.003 -18"><span class='ocrx_word' id='word_1_493' title='bbox 246 3517 358 3571; x_wconf 73' lang='grc' dir='ltr'><strong>Καὶ</strong></span> <span class='ocrx_word' id='word_1_494' title='bbox 391 3517 600 3588; x_wconf 77' lang='grc' dir='ltr'>ἐλέγχει</span> <span class='ocrx_word' id='word_1_495' title='bbox 642 3535 707 3586; x_wconf 90' lang='grc' dir='ltr'><strong>γε</strong></span> <span class='ocrx_word' id='word_1_496' title='bbox 754 3519 902 3588; x_wconf 79' lang='grc' dir='ltr'>ἡμᾶς</span> <span class='ocrx_word' id='word_1_497' title='bbox 947 3516 1017 3569; x_wconf 76' lang='grc' dir='ltr'><strong>τὰ</strong></span> <span class='ocrx_word' id='word_1_498' title='bbox 1059 3516 1378 3587; x_wconf 85' lang='grc' dir='ltr'>πράγματα,</span> <span class='ocrx_word' id='word_1_499' title='bbox 1423 3517 1548 3569; x_wconf 82' lang='grc' dir='ltr'>ὅταν</span> <span class='ocrx_word' id='word_1_500' title='bbox 1591 3518 1649 3569; x_wconf 80' lang='grc' dir='ltr'><strong>έν</strong></span> <span class='ocrx_word' id='word_1_501' title='bbox 1690 3518 1810 3577; x_wconf 82' lang='grc' dir='ltr'>ταῖς</span> 
     </span>
    </p>
   </div>
   <div class='ocr_carea' id='block_1_66' title="bbox 237 3609 1808 3681">
    <p class='ocr_par' dir='ltr' id='par_1_66' title="bbox 237 3609 1808 3681">
     <span class='ocr_line' id='line_1_66' title="bbox 237 3609 1808 3681; baseline -0.003 -16"><span class='ocrx_word' id='word_1_502' title='bbox 237 3611 479 3680; x_wconf 74' lang='grc' dir='ltr'>θλίψεσιν</span> <span class='ocrx_word' id='word_1_503' title='bbox 509 3611 602 3664; x_wconf 71' lang='grc' dir='ltr'><strong>ἐπὶ</strong></span> <span class='ocrx_word' id='word_1_504' title='bbox 637 3611 811 3664; x_wconf 84' lang='grc' dir='ltr'>πάντα</span> <span class='ocrx_word' id='word_1_505' title='bbox 853 3610 1052 3681; x_wconf 84' lang='grc' dir='ltr'>μᾶλλον</span> <span class='ocrx_word' id='word_1_506' title='bbox 1089 3610 1122 3681; x_wconf 81' lang='grc' dir='ltr'>ἢ</span> <span class='ocrx_word' id='word_1_507' title='bbox 1169 3610 1263 3664; x_wconf 76' lang='grc' dir='ltr'><strong>ἐπὶ</strong></span> <span class='ocrx_word' id='word_1_508' title='bbox 1300 3610 1390 3662; x_wconf 85' lang='grc' dir='ltr'>τὸν</span> <span class='ocrx_word' id='word_1_509' title='bbox 1425 3609 1557 3662; x_wconf 81' lang='grc' dir='ltr'>Θεὸν</span> <span class='ocrx_word' id='word_1_510' title='bbox 1601 3609 1808 3680; x_wconf 86' lang='grc' dir='ltr'>τρέχω-</span> 
     </span>
    </p>
   </div>
   <div class='ocr_carea' id='block_1_67' title="bbox 240 3700 1807 3774">
    <p class='ocr_par' dir='ltr' id='par_1_67' title="bbox 240 3700 1807 3774">
     <span class='ocr_line' id='line_1_67' title="bbox 240 3700 1807 3774; baseline -0.002 -19"><span class='ocrx_word' id='word_1_511' title='bbox 240 3721 361 3774; x_wconf 86' lang='grc' dir='ltr'>μεν.</span> <span class='ocrx_word' id='word_1_512' title='bbox 402 3704 565 3756; x_wconf 72' lang='lat' dir='ltr'><strong>Nocet</strong></span> <span class='ocrx_word' id='word_1_513' title='bbox 602 3703 664 3756; x_wconf 81' lang='grc' dir='ltr'><strong>τὺ</strong></span> <span class='ocrx_word' id='word_1_514' title='bbox 701 3703 945 3766; x_wconf 73' lang='grc' dir='ltr'>παιδίονς</span> <span class='ocrx_word' id='word_1_515' title='bbox 994 3702 1104 3755; x_wconf 78' lang='grc' dir='ltr'><strong>Καὶ</strong></span> <span class='ocrx_word' id='word_1_516' title='bbox 1137 3701 1200 3753; x_wconf 77' lang='grc' dir='ltr'>σὺ</span> <span class='ocrx_word' id='word_1_517' title='bbox 1234 3700 1324 3754; x_wconf 81' lang='grc' dir='ltr'>τὸν</span> <span class='ocrx_word' id='word_1_518' title='bbox 1361 3701 1608 3753; x_wconf 72' lang='grc' dir='ltr'>ὲπαοιδδν</span> <span class='ocrx_word' id='word_1_519' title='bbox 1650 3717 1807 3771; x_wconf 88' lang='grc' dir='ltr'>περι-</span> 
     </span>
    </p>
   </div>
   <div class='ocr_carea' id='block_1_68' title="bbox 238 3793 1808 3865">
    <p class='ocr_par' dir='ltr' id='par_1_68' title="bbox 238 3793 1808 3865">
     <span class='ocr_line' id='line_1_68' title="bbox 238 3793 1808 3865; baseline -0.003 -17"><span class='ocrx_word' id='word_1_520' title='bbox 238 3798 481 3860; x_wconf 65' lang='grc' dir='ltr'>ποπεῖς,</span> <span class='ocrx_word' id='word_1_521' title='bbox 524 3795 556 3865; x_wconf 79' lang='grc' dir='ltr'>ἤ</span> <span class='ocrx_word' id='word_1_522' title='bbox 604 3795 694 3848; x_wconf 79' lang='grc' dir='ltr'>τὸν</span> <span class='ocrx_word' id='word_1_523' title='bbox 740 3796 867 3858; x_wconf 77' lang='grc' dir='ltr'>τοὺς</span> <span class='ocrx_word' id='word_1_524' title='bbox 922 3793 1247 3865; x_wconf 82' lang='grc' dir='ltr'>περιέργους</span> <span class='ocrx_word' id='word_1_525' title='bbox 1299 3793 1652 3864; x_wconf 81' lang='grc' dir='ltr'>χαρακτῆρας</span> <span class='ocrx_word' id='word_1_526' title='bbox 1695 3796 1808 3856; x_wconf 84' lang='grc' dir='ltr'>τοῖς</span> 
     </span>
    </p>
   </div>
   <div class='ocr_carea' id='block_1_69' title="bbox 235 3883 1806 3956">
    <p class='ocr_par' dir='ltr' id='par_1_69' title="bbox 235 3883 1806 3956">
     <span class='ocr_line' id='line_1_69' title="bbox 235 3883 1806 3956; baseline -0.001 -19"><span class='ocrx_word' id='word_1_527' title='bbox 235 3885 527 3956; x_wconf 80' lang='grc' dir='ltr'>τραχήλοις</span> <span class='ocrx_word' id='word_1_528' title='bbox 551 3885 658 3938; x_wconf 83' lang='grc' dir='ltr'><strong>τῶν</strong></span> <span class='ocrx_word' id='word_1_529' title='bbox 687 3887 943 3939; x_wconf 82' lang='grc' dir='ltr'>ἀναιτίων</span> <span class='ocrx_word' id='word_1_530' title='bbox 970 3884 1179 3955; x_wconf 86' lang='grc' dir='ltr'>νηπίων</span> <span class='ocrx_word' id='word_1_531' title='bbox 1202 3883 1544 3956; x_wconf 82' lang='grc' dir='ltr'>περιτιθέντα</span> <span class='ocrx_word' id='word_1_532' title='bbox 1562 3901 1575 3913; x_wconf 89' lang='grc'><strong>·</strong></span> <span class='ocrx_word' id='word_1_533' title='bbox 1597 3884 1630 3954; x_wconf 84' lang='grc' dir='ltr'><strong>ἢ</strong></span> <span class='ocrx_word' id='word_1_534' title='bbox 1661 3884 1722 3936; x_wconf 79' lang='grc' dir='ltr'><strong>τό</strong></span> <span class='ocrx_word' id='word_1_535' title='bbox 1743 3901 1806 3952; x_wconf 86' lang='grc' dir='ltr'><strong>γε</strong></span> 
     </span>
    </p>
   </div>
   <div class='ocr_carea' id='block_1_70' title="bbox 234 3975 1804 4050">
    <p class='ocr_par' dir='ltr' id='par_1_70' title="bbox 234 3975 1804 4050">
     <span class='ocr_line' id='line_1_70' title="bbox 234 3975 1804 4050; baseline 0.002 -21"><span class='ocrx_word' id='word_1_536' title='bbox 234 3977 542 4030; x_wconf 82' lang='grc' dir='ltr'>τελευταῖον</span> <span class='ocrx_word' id='word_1_537' title='bbox 573 3978 664 4030; x_wconf 69' lang='grc' dir='ltr'><strong>ἐπὶ</strong></span> <span class='ocrx_word' id='word_1_538' title='bbox 708 3978 798 4031; x_wconf 74' lang='grc' dir='ltr'>τὸν</span> <span class='ocrx_word' id='word_1_539' title='bbox 835 3977 1016 4050; x_wconf 74' lang='grc' dir='ltr'>ἰατρὸν</span> <span class='ocrx_word' id='word_1_540' title='bbox 1065 3977 1199 4050; x_wconf 79' lang='grc' dir='ltr'>ἔρχῃ</span> <span class='ocrx_word' id='word_1_541' title='bbox 1246 3977 1340 4030; x_wconf 75' lang='grc' dir='ltr'>καὶ</span> <span class='ocrx_word' id='word_1_542' title='bbox 1386 3975 1455 4028; x_wconf 85' lang='grc' dir='ltr'>τὰ</span> <span class='ocrx_word' id='word_1_543' title='bbox 1503 3975 1804 4045; x_wconf 82' lang='grc' dir='ltr'>φάρμακα.</span> 
     </span>
    </p>
   </div>
   <div class='ocr_carea' id='block_1_71' title="bbox 234 4065 1805 4139">
    <p class='ocr_par' dir='ltr' id='par_1_71' title="bbox 234 4065 1805 4139">
     <span class='ocr_line' id='line_1_71' title="bbox 234 4065 1805 4139; baseline -0.001 -19"><span class='ocrx_word' id='word_1_544' title='bbox 234 4067 331 4121; x_wconf 79' lang='grc' dir='ltr'><strong>τοῦ</strong></span> <span class='ocrx_word' id='word_1_545' title='bbox 373 4068 670 4139; x_wconf 84' lang='grc' dir='ltr'>δυναμένου</span> <span class='ocrx_word' id='word_1_546' title='bbox 709 4068 900 4133; x_wconf 77' lang='grc' dir='ltr'>σώζειν</span> <span class='ocrx_word' id='word_1_547' title='bbox 950 4067 1352 4138; x_wconf 82' lang='grc' dir='ltr'>καταμελήσας.</span> <span class='ocrx_word' id='word_1_548' title='bbox 1393 4066 1512 4118; x_wconf 81' lang='grc' dir='ltr'>Κᾶν</span> <span class='ocrx_word' id='word_1_549' title='bbox 1557 4065 1805 4119; x_wconf 77' lang='grc' dir='ltr'>ἐνύπνιόν</span> 
     </span>
    </p>
   </div>
   <div class='ocr_carea' id='block_1_72' title="bbox 236 4155 1805 4232">
    <p class='ocr_par' dir='ltr' id='par_1_72' title="bbox 236 4155 1805 4232">
     <span class='ocr_line' id='line_1_72' title="bbox 236 4155 1805 4232; baseline -0.003 -19"><span class='ocrx_word' id='word_1_550' title='bbox 236 4177 297 4213; x_wconf 92' lang='grc' dir='ltr'><strong>σε</strong></span> <span class='ocrx_word' id='word_1_551' title='bbox 333 4161 636 4232; x_wconf 82' lang='grc' dir='ltr'>ὲκταράξῃ,</span> <span class='ocrx_word' id='word_1_552' title='bbox 683 4162 818 4232; x_wconf 80' lang='grc' dir='ltr'>πρὸς</span> <span class='ocrx_word' id='word_1_553' title='bbox 859 4161 949 4212; x_wconf 76' lang='grc' dir='ltr'>τὸν</span> <span class='ocrx_word' id='word_1_554' title='bbox 993 4159 1372 4230; x_wconf 84' lang='grc' dir='ltr'>ὁνειροσκόπον</span> <span class='ocrx_word' id='word_1_555' title='bbox 1411 4158 1641 4228; x_wconf 88' lang='grc' dir='ltr'>τρέχεις.</span> <span class='ocrx_word' id='word_1_556' title='bbox 1689 4155 1805 4209; x_wconf 81' lang='grc' dir='ltr'>Κᾶν</span> 
     </span>
    </p>
   </div>
   <div class='ocr_carea' id='block_1_73' title="bbox 233 4248 1804 4324">
    <p class='ocr_par' dir='ltr' id='par_1_73' title="bbox 233 4248 1804 4324">
     <span class='ocr_line' id='line_1_73' title="bbox 233 4248 1804 4324; baseline -0.003 -20"><span class='ocrx_word' id='word_1_557' title='bbox 233 4253 478 4324; x_wconf 75' lang='grc' dir='ltr'>φοϐηθῇς</span> <span class='ocrx_word' id='word_1_558' title='bbox 505 4253 715 4324; x_wconf 77' lang='grc' dir='ltr'>ἐχθρὸν,</span> <span class='ocrx_word' id='word_1_559' title='bbox 755 4253 1059 4322; x_wconf 78' lang='grc' dir='ltr'>προστάτην</span> <span class='ocrx_word' id='word_1_560' title='bbox 1107 4252 1202 4305; x_wconf 74' lang='grc' dir='ltr'>ἕνα</span> <span class='ocrx_word' id='word_1_561' title='bbox 1237 4250 1344 4303; x_wconf 85' lang='grc' dir='ltr'><strong>τῶν</strong></span> <span class='ocrx_word' id='word_1_562' title='bbox 1383 4248 1680 4319; x_wconf 86' lang='grc' dir='ltr'>ἀνθρώπων</span> <span class='ocrx_word' id='word_1_563' title='bbox 1712 4266 1804 4300; x_wconf 84' lang='grc' dir='ltr'>πε-</span> 
     </span>
    </p>
   </div>
   <div class='ocr_carea' id='block_1_74' title="bbox 235 4339 1804 4416">
    <p class='ocr_par' dir='ltr' id='par_1_74' title="bbox 235 4339 1804 4416">
     <span class='ocr_line' id='line_1_74' title="bbox 235 4339 1804 4416; baseline 0.006 -18"><span class='ocrx_word' id='word_1_564' title='bbox 235 4349 453 4416; x_wconf 87' lang='grc' dir='ltr'>ρινοεῖς.</span> <span class='ocrx_word' id='word_1_565' title='bbox 499 4347 607 4399; x_wconf 72' lang='grc' dir='ltr'><strong>Καὶ</strong></span> <span class='ocrx_word' id='word_1_566' title='bbox 649 4345 784 4407; x_wconf 81' lang='grc' dir='ltr'>ὅλως</span> <span class='ocrx_word' id='word_1_567' title='bbox 829 4346 910 4412; x_wconf 80' lang='grc' dir='ltr'><strong>ἐφ’</strong></span> <span class='ocrx_word' id='word_1_568' title='bbox 938 4343 1174 4412; x_wconf 76' lang='grc' dir='ltr'>ἑκάστης</span> <span class='ocrx_word' id='word_1_569' title='bbox 1215 4339 1400 4412; x_wconf 76' lang='grc' dir='ltr'>χρείας</span> <span class='ocrx_word' id='word_1_570' title='bbox 1431 4339 1659 4410; x_wconf 61' lang='grc' dir='ltr'><strong>ἐλέγχῃ,</strong></span> <span class='ocrx_word' id='word_1_571' title='bbox 1707 4339 1804 4409; x_wconf 69' lang='grc' dir='ltr'><strong>ῥή-</strong></span> 
     </span>
    </p>
   </div>
   <div class='ocr_carea' id='block_1_75' title="bbox 1910 3240 3471 3319">
    <p class='ocr_par' dir='ltr' id='par_1_75' title="bbox 1910 3240 3471 3319">
     <span class='ocr_line' id='line_1_75' title="bbox 1910 3240 3471 3319; baseline 0.011 -26"><span class='ocrx_word' id='word_1_572' title='bbox 1910 3240 2003 3309; x_wconf 87' lang='lat' dir='ltr'><strong>qui</strong></span> <span class='ocrx_word' id='word_1_573' title='bbox 2031 3241 2262 3294; x_wconf 88' lang='lat' dir='ltr'><strong>humaua</strong></span> <span class='ocrx_word' id='word_1_574' title='bbox 2286 3257 2389 3296; x_wconf 93' lang='lat' dir='ltr'><strong>non</strong></span> <span class='ocrx_word' id='word_1_575' title='bbox 2409 3243 2694 3310; x_wconf 84' lang='lat' dir='ltr'><strong>mirentur,</strong></span> <span class='ocrx_word' id='word_1_576' title='bbox 2721 3247 2816 3300; x_wconf 88' lang='lat' dir='ltr'><strong>sed</strong></span> <span class='ocrx_word' id='word_1_577' title='bbox 2847 3248 2940 3302; x_wconf 89' lang='lat' dir='ltr'><strong>toti</strong></span> <span class='ocrx_word' id='word_1_578' title='bbox 2964 3251 3230 3316; x_wconf 83' lang='lat' dir='ltr'><strong>pendeant</strong></span> <span class='ocrx_word' id='word_1_579' title='bbox 3256 3267 3322 3308; x_wconf 79' lang='lat' dir='ltr'><strong>ex</strong></span> <span class='ocrx_word' id='word_1_580' title='bbox 3343 3255 3471 3319; x_wconf 90' lang='lat' dir='ltr'><strong>Deo,</strong></span> 
     </span>
    </p>
   </div>
   <div class='ocr_carea' id='block_1_76' title="bbox 1911 3329 3472 3410">
    <p class='ocr_par' dir='ltr' id='par_1_76' title="bbox 1911 3329 3472 3410">
     <span class='ocr_line' id='line_1_76' title="bbox 1911 3329 3472 3410; baseline 0.013 -28"><span class='ocrx_word' id='word_1_581' title='bbox 1911 3329 2193 3400; x_wconf 85' lang='lat' dir='ltr'><strong>ipsumque</strong></span> <span class='ocrx_word' id='word_1_582' title='bbox 2226 3332 2456 3400; x_wconf 78' lang='lat' dir='ltr'><strong>Spirent,</strong></span> <span class='ocrx_word' id='word_1_583' title='bbox 2489 3350 2551 3390; x_wconf 90' lang='lat' dir='ltr'><strong>ac</strong></span> <span class='ocrx_word' id='word_1_584' title='bbox 2584 3335 2637 3389; x_wconf 91' lang='lat' dir='ltr'><strong>in</strong></span> <span class='ocrx_word' id='word_1_585' title='bbox 2670 3335 2789 3405; x_wconf 90' lang='lat' dir='ltr'><strong>ipso</strong></span> <span class='ocrx_word' id='word_1_586' title='bbox 2809 3352 3021 3393; x_wconf 74' lang='lat' dir='ltr'><strong>omnem</strong></span> <span class='ocrx_word' id='word_1_587' title='bbox 3053 3357 3202 3410; x_wconf 92' lang='lat' dir='ltr'><strong>spem</strong></span> <span class='ocrx_word' id='word_1_588' title='bbox 3241 3360 3305 3399; x_wconf 89' lang='lat' dir='ltr'><strong>ac</strong></span> <span class='ocrx_word' id='word_1_589' title='bbox 3336 3346 3472 3403; x_wconf 82' lang='lat' dir='ltr'><strong>ﬁdu-</strong></span> 
     </span>
    </p>
   </div>
   <div class='ocr_carea' id='block_1_77' title="bbox 1909 3421 3470 3505">
    <p class='ocr_par' dir='ltr' id='par_1_77' title="bbox 1909 3421 3470 3505">
     <span class='ocr_line' id='line_1_77' title="bbox 1909 3421 3470 3505; baseline 0.01 -29"><span class='ocrx_word' id='word_1_590' title='bbox 1909 3421 2046 3476; x_wconf 86' lang='lat' dir='ltr'><strong>ciam</strong></span> <span class='ocrx_word' id='word_1_591' title='bbox 2077 3424 2330 3478; x_wconf 87' lang='lat' dir='ltr'><strong>habeant.</strong></span> <span class='ocrx_word' id='word_1_592' title='bbox 2367 3425 2435 3480; x_wconf 88' lang='lat' dir='ltr'><strong>Et</strong></span> <span class='ocrx_word' id='word_1_593' title='bbox 2463 3441 2595 3481; x_wconf 88' lang='lat' dir='ltr'><strong>sane</strong></span> <span class='ocrx_word' id='word_1_594' title='bbox 2616 3440 2853 3496; x_wconf 82' lang='lat' dir='ltr'><strong>arguunt</strong></span> <span class='ocrx_word' id='word_1_595' title='bbox 2902 3447 2999 3486; x_wconf 88' lang='lat' dir='ltr'><strong>nos</strong></span> <span class='ocrx_word' id='word_1_596' title='bbox 3035 3449 3122 3487; x_wconf 90' lang='lat' dir='ltr'><strong>res</strong></span> <span class='ocrx_word' id='word_1_597' title='bbox 3157 3435 3308 3505; x_wconf 66' lang='lat' dir='ltr'><strong>ipsas,</strong></span> <span class='ocrx_word' id='word_1_598' title='bbox 3348 3455 3470 3494; x_wconf 88' lang='lat' dir='ltr'><strong>cum</strong></span> 
     </span>
    </p>
   </div>
   <div class='ocr_carea' id='block_1_78' title="bbox 1911 3514 3472 3592">
    <p class='ocr_par' dir='ltr' id='par_1_78' title="bbox 1911 3514 3472 3592">
     <span class='ocr_line' id='line_1_78' title="bbox 1911 3514 3472 3592; baseline 0.012 -25"><span class='ocrx_word' id='word_1_599' title='bbox 1911 3515 1964 3568; x_wconf 92' lang='lat' dir='ltr'><strong>in</strong></span> <span class='ocrx_word' id='word_1_600' title='bbox 1995 3514 2383 3571; x_wconf 73' lang='lat' dir='ltr'><strong>afﬂictionibus</strong></span> <span class='ocrx_word' id='word_1_601' title='bbox 2413 3517 2477 3570; x_wconf 85' lang='lat' dir='ltr'><strong>ad</strong></span> <span class='ocrx_word' id='word_1_602' title='bbox 2509 3518 2766 3586; x_wconf 64' lang='lat' dir='ltr'><strong>quaelibet</strong></span> <span class='ocrx_word' id='word_1_603' title='bbox 2799 3522 2982 3589; x_wconf 90' lang='lat' dir='ltr'><strong>potius</strong></span> <span class='ocrx_word' id='word_1_604' title='bbox 3013 3539 3172 3592; x_wconf 89' lang='lat' dir='ltr'><strong>quam</strong></span> <span class='ocrx_word' id='word_1_605' title='bbox 3203 3530 3268 3581; x_wconf 87' lang='lat' dir='ltr'><strong>ad</strong></span> <span class='ocrx_word' id='word_1_606' title='bbox 3305 3525 3472 3586; x_wconf 80' lang='lat' dir='ltr'><strong>Deum</strong></span> 
     </span>
    </p>
   </div>
   <div class='ocr_carea' id='block_1_79' title="bbox 1908 3606 3470 3691">
    <p class='ocr_par' dir='ltr' id='par_1_79' title="bbox 1908 3606 3470 3691">
     <span class='ocr_line' id='line_1_79' title="bbox 1908 3606 3470 3691; baseline 0.013 -34"><span class='ocrx_word' id='word_1_607' title='bbox 1908 3619 2272 3661; x_wconf 88' lang='lat' dir='ltr'><strong>recurramus.</strong></span> <span class='ocrx_word' id='word_1_608' title='bbox 2307 3606 2557 3675; x_wconf 61' lang='grc' dir='ltr'>,ἄζει-οισι</span> <span class='ocrx_word' id='word_1_609' title='bbox 2581 3610 2765 3664; x_wconf 84' lang='lat' dir='ltr'><strong>ﬁlius?</strong></span> <span class='ocrx_word' id='word_1_610' title='bbox 2798 3613 2917 3667; x_wconf 77' lang='lat' dir='ltr'><strong>Mox</strong></span> <span class='ocrx_word' id='word_1_611' title='bbox 2959 3625 3011 3669; x_wconf 92' lang='lat' dir='ltr'><strong>tu</strong></span> <span class='ocrx_word' id='word_1_612' title='bbox 3060 3618 3320 3686; x_wconf 86' lang='lat' dir='ltr'><strong>conjectis</strong></span> <span class='ocrx_word' id='word_1_613' title='bbox 3342 3637 3470 3691; x_wconf 89' lang='lat' dir='ltr'><strong>quo-</strong></span> 
     </span>
    </p>
   </div>
   <div class='ocr_carea' id='block_1_80' title="bbox 1907 3699 3469 3781">
    <p class='ocr_par' dir='ltr' id='par_1_80' title="bbox 1907 3699 3469 3781">
     <span class='ocr_line' id='line_1_80' title="bbox 1907 3699 3469 3781; baseline 0.015 -34"><span class='ocrx_word' id='word_1_614' title='bbox 1907 3709 2235 3765; x_wconf 84' lang='lat' dir='ltr'><strong>quoversum</strong></span> <span class='ocrx_word' id='word_1_615' title='bbox 2265 3699 2459 3763; x_wconf 83' lang='lat' dir='ltr'><strong>oculis,</strong></span> <span class='ocrx_word' id='word_1_616' title='bbox 2489 3715 2702 3770; x_wconf 78' lang='lat' dir='ltr'><strong>magum</strong></span> <span class='ocrx_word' id='word_1_617' title='bbox 2749 3706 3001 3772; x_wconf 86' lang='lat' dir='ltr'><strong>requiris,</strong></span> <span class='ocrx_word' id='word_1_618' title='bbox 3036 3708 3116 3762; x_wconf 87' lang='lat' dir='ltr'><strong>vel</strong></span> <span class='ocrx_word' id='word_1_619' title='bbox 3164 3715 3469 3781; x_wconf 79' lang='lat' dir='ltr'><strong>quempiam</strong></span> 
     </span>
    </p>
   </div>
   <div class='ocr_carea' id='block_1_81' title="bbox 1907 3787 3466 3870">
    <p class='ocr_par' dir='ltr' id='par_1_81' title="bbox 1907 3787 3466 3870">
     <span class='ocr_line' id='line_1_81' title="bbox 1907 3787 3466 3870; baseline 0.014 -33"><span class='ocrx_word' id='word_1_620' title='bbox 1907 3787 1996 3855; x_wconf 89' lang='lat' dir='ltr'><strong>qui</strong></span> <span class='ocrx_word' id='word_1_621' title='bbox 2025 3799 2188 3841; x_wconf 87' lang='lat' dir='ltr'><strong>vanos</strong></span> <span class='ocrx_word' id='word_1_622' title='bbox 2216 3787 2561 3844; x_wconf 88' lang='lat' dir='ltr'><strong>characteres</strong></span> <span class='ocrx_word' id='word_1_623' title='bbox 2594 3791 2735 3847; x_wconf 89' lang='lat' dir='ltr'><strong>collo</strong></span> <span class='ocrx_word' id='word_1_624' title='bbox 2761 3793 3130 3852; x_wconf 87' lang='lat' dir='ltr'><strong>innocentium</strong></span> <span class='ocrx_word' id='word_1_625' title='bbox 3179 3816 3466 3870; x_wconf 86' lang='lat' dir='ltr'><strong>puerorum</strong></span> 
     </span>
    </p>
   </div>
   <div class='ocr_carea' id='block_1_82' title="bbox 1906 3877 3467 3962">
    <p class='ocr_par' dir='ltr' id='par_1_82' title="bbox 1906 3877 3467 3962">
     <span class='ocr_line' id='line_1_82' title="bbox 1906 3877 3467 3962; baseline 0.012 -33"><span class='ocrx_word' id='word_1_626' title='bbox 1906 3877 2324 3946; x_wconf 87' lang='lat' dir='ltr'><strong>circumponat;</strong></span> <span class='ocrx_word' id='word_1_627' title='bbox 2383 3880 2463 3935; x_wconf 87' lang='lat' dir='ltr'><strong>vel</strong></span> <span class='ocrx_word' id='word_1_628' title='bbox 2499 3889 2853 3951; x_wconf 88' lang='lat' dir='ltr'><strong>postremum,</strong></span> <span class='ocrx_word' id='word_1_629' title='bbox 2906 3901 2971 3941; x_wconf 88' lang='lat' dir='ltr'><strong>eo</strong></span> <span class='ocrx_word' id='word_1_630' title='bbox 3000 3889 3094 3957; x_wconf 91' lang='lat' dir='ltr'><strong>qui</strong></span> <span class='ocrx_word' id='word_1_631' title='bbox 3128 3904 3346 3946; x_wconf 86' lang='lat' dir='ltr'><strong>servare</strong></span> <span class='ocrx_word' id='word_1_632' title='bbox 3373 3910 3467 3962; x_wconf 88' lang='lat' dir='ltr'><strong>po-</strong></span> 
     </span>
    </p>
   </div>
   <div class='ocr_carea' id='block_1_83' title="bbox 1907 3967 3469 4040">
    <p class='ocr_par' dir='ltr' id='par_1_83' title="bbox 1907 3967 3469 4040">
     <span class='ocr_line' id='line_1_83' title="bbox 1907 3967 3469 4040; baseline 0.008 -21"><span class='ocrx_word' id='word_1_633' title='bbox 1907 3973 2012 4020; x_wconf 88' lang='lat' dir='ltr'><strong>test</strong></span> <span class='ocrx_word' id='word_1_634' title='bbox 2041 3967 2303 4036; x_wconf 83' lang='lat' dir='ltr'><strong>neglecto,</strong></span> <span class='ocrx_word' id='word_1_635' title='bbox 2332 3970 2397 4022; x_wconf 90' lang='lat' dir='ltr'><strong>ad</strong></span> <span class='ocrx_word' id='word_1_636' title='bbox 2434 3971 2700 4026; x_wconf 91' lang='lat' dir='ltr'><strong>medicum</strong></span> <span class='ocrx_word' id='word_1_637' title='bbox 2736 3973 2979 4040; x_wconf 87' lang='lat' dir='ltr'><strong>devenis,</strong></span> <span class='ocrx_word' id='word_1_638' title='bbox 3021 3985 3076 4031; x_wconf 91' lang='lat' dir='ltr'><strong>et</strong></span> <span class='ocrx_word' id='word_1_639' title='bbox 3120 3981 3188 4034; x_wconf 79' lang='lat' dir='ltr'><strong>ad</strong></span> <span class='ocrx_word' id='word_1_640' title='bbox 3235 3983 3469 4037; x_wconf 75' lang='lat' dir='ltr'><strong>mediea-</strong></span> 
     </span>
    </p>
   </div>
   <div class='ocr_carea' id='block_1_84' title="bbox 1909 4059 3468 4130">
    <p class='ocr_par' dir='ltr' id='par_1_84' title="bbox 1909 4059 3468 4130">
     <span class='ocr_line' id='line_1_84' title="bbox 1909 4059 3468 4130; baseline 0.013 -20"><span class='ocrx_word' id='word_1_641' title='bbox 1909 4068 2108 4112; x_wconf 89' lang='lat' dir='ltr'><strong>menta.</strong></span> <span class='ocrx_word' id='word_1_642' title='bbox 2149 4059 2478 4115; x_wconf 89' lang='lat' dir='ltr'><strong>lnsomnium</strong></span> <span class='ocrx_word' id='word_1_643' title='bbox 2509 4064 2553 4117; x_wconf 90' lang='lat' dir='ltr'><strong>si</strong></span> <span class='ocrx_word' id='word_1_644' title='bbox 2592 4073 2641 4118; x_wconf 94' lang='lat' dir='ltr'><strong>te</strong></span> <span class='ocrx_word' id='word_1_645' title='bbox 2667 4065 2950 4130; x_wconf 86' lang='lat' dir='ltr'><strong>sollicitat.</strong></span> <span class='ocrx_word' id='word_1_646' title='bbox 2998 4073 3176 4126; x_wconf 86' lang='lat' dir='ltr'><strong>curris</strong></span> <span class='ocrx_word' id='word_1_647' title='bbox 3217 4074 3284 4127; x_wconf 90' lang='lat' dir='ltr'><strong>ad</strong></span> <span class='ocrx_word' id='word_1_648' title='bbox 3337 4091 3468 4130; x_wconf 92' lang='lat' dir='ltr'><strong>con-</strong></span> 
     </span>
    </p>
   </div>
   <div class='ocr_carea' id='block_1_85' title="bbox 1899 4148 3464 4230">
    <p class='ocr_par' dir='ltr' id='par_1_85' title="bbox 1899 4148 3464 4230">
     <span class='ocr_line' id='line_1_85' title="bbox 1899 4148 3464 4230; baseline 0.012 -30"><span class='ocrx_word' id='word_1_649' title='bbox 1899 4148 2187 4218; x_wconf 84' lang='lat' dir='ltr'><strong>jectoretn.</strong></span> <span class='ocrx_word' id='word_1_650' title='bbox 2222 4151 2278 4205; x_wconf 89' lang='lat' dir='ltr'><strong>Si</strong></span> <span class='ocrx_word' id='word_1_651' title='bbox 2311 4153 2554 4208; x_wconf 90' lang='lat' dir='ltr'><strong>timueris</strong></span> <span class='ocrx_word' id='word_1_652' title='bbox 2585 4155 2888 4220; x_wconf 87' lang='lat' dir='ltr'><strong>inimicum,</strong></span> <span class='ocrx_word' id='word_1_653' title='bbox 2925 4159 3160 4230; x_wconf 86' lang='lat' dir='ltr'><strong>aliquem</strong></span> <span class='ocrx_word' id='word_1_654' title='bbox 3193 4165 3464 4220; x_wconf 90' lang='lat' dir='ltr'><strong>hominem</strong></span> 
     </span>
    </p>
   </div>
   <div class='ocr_carea' id='block_1_86' title="bbox 1905 4241 3465 4314">
    <p class='ocr_par' dir='ltr' id='par_1_86' title="bbox 1905 4241 3465 4314">
     <span class='ocr_line' id='line_1_86' title="bbox 1905 4241 3465 4314; baseline 0.012 -22"><span class='ocrx_word' id='word_1_655' title='bbox 1905 4241 2208 4308; x_wconf 88' lang='lat' dir='ltr'><strong>adjutorcm</strong></span> <span class='ocrx_word' id='word_1_656' title='bbox 2260 4245 2516 4298; x_wconf 88' lang='lat' dir='ltr'><strong>attendis.</strong></span> <span class='ocrx_word' id='word_1_657' title='bbox 2550 4245 2615 4300; x_wconf 90' lang='lat' dir='ltr'><strong>Et</strong></span> <span class='ocrx_word' id='word_1_658' title='bbox 2660 4247 2712 4300; x_wconf 91' lang='lat' dir='ltr'><strong>in</strong></span> <span class='ocrx_word' id='word_1_659' title='bbox 2772 4263 3007 4314; x_wconf 86' lang='lat' dir='ltr'><strong>summa,</strong></span> <span class='ocrx_word' id='word_1_660' title='bbox 3041 4255 3378 4310; x_wconf 89' lang='lat' dir='ltr'><strong>convinceris</strong></span> <span class='ocrx_word' id='word_1_661' title='bbox 3414 4258 3465 4310; x_wconf 93' lang='lat' dir='ltr'><strong>iu</strong></span> 
     </span>
    </p>
   </div>
   <div class='ocr_carea' id='block_1_87' title="bbox 1906 4336 3468 4410">
    <p class='ocr_par' dir='ltr' id='par_1_87' title="bbox 1906 4336 3468 4410">
     <span class='ocr_line' id='line_1_87' title="bbox 1906 4336 3468 4410; baseline 0.009 -25"><span class='ocrx_word' id='word_1_662' title='bbox 1906 4347 2227 4403; x_wconf 85' lang='lat' dir='ltr'><strong>quacunque</strong></span> <span class='ocrx_word' id='word_1_663' title='bbox 2269 4336 2619 4402; x_wconf 88' lang='lat' dir='ltr'><strong>necessitate,</strong></span> <span class='ocrx_word' id='word_1_664' title='bbox 2678 4341 2841 4394; x_wconf 91' lang='lat' dir='ltr'><strong>verbo</strong></span> <span class='ocrx_word' id='word_1_665' title='bbox 2880 4343 3098 4410; x_wconf 88' lang='lat' dir='ltr'><strong>quidem</strong></span> <span class='ocrx_word' id='word_1_666' title='bbox 3132 4344 3300 4400; x_wconf 88' lang='lat' dir='ltr'><strong>Deum</strong></span> <span class='ocrx_word' id='word_1_667' title='bbox 3325 4348 3468 4402; x_wconf 84' lang='lat' dir='ltr'><strong>relu-</strong></span> 
     </span>
    </p>
   </div>
   <div class='ocr_carea' id='block_1_88' title="bbox 236 4425 1806 4508">
    <p class='ocr_par' dir='ltr' id='par_1_88' title="bbox 236 4429 1799 4506">
     <span class='ocr_line' id='line_1_88' title="bbox 236 4429 1799 4506; baseline -0.006 -17"><span class='ocrx_word' id='word_1_668' title='bbox 236 4453 368 4506; x_wconf 86' lang='grc' dir='ltr'>ματι</span> <span class='ocrx_word' id='word_1_669' title='bbox 409 4437 504 4506; x_wconf 83' lang='grc' dir='ltr'>μὲν</span> <span class='ocrx_word' id='word_1_670' title='bbox 547 4437 638 4488; x_wconf 83' lang='grc' dir='ltr'>τὸν</span> <span class='ocrx_word' id='word_1_671' title='bbox 672 4436 801 4488; x_wconf 75' lang='grc' dir='ltr'>Θεὸν</span> <span class='ocrx_word' id='word_1_672' title='bbox 847 4433 1123 4506; x_wconf 74' lang='grc' dir='ltr'>ὀνομάζων</span> <span class='ocrx_word' id='word_1_673' title='bbox 1169 4430 1509 4502; x_wconf 80' lang='grc' dir='ltr'>καταφυγὴν,</span> <span class='ocrx_word' id='word_1_674' title='bbox 1556 4429 1700 4500; x_wconf 78' lang='grc' dir='ltr'>ἔργῳ</span> <span class='ocrx_word' id='word_1_675' title='bbox 1743 4429 1799 4480; x_wconf 83' lang='grc' dir='ltr'>δὲ</span> 
     </span>
    </p>
   </div>
   <div class='ocr_carea' id='block_1_89' title="bbox 1911 4425 3468 4508">
    <p class='ocr_par' dir='ltr' id='par_1_89' title="bbox 1911 4425 3468 4508">
     <span class='ocr_line' id='line_1_89' title="bbox 1911 4425 3468 4508; baseline 0.01 -30"><span class='ocrx_word' id='word_1_676' title='bbox 1911 4425 2049 4495; x_wconf 86' lang='lat' dir='ltr'><strong>gium</strong></span> <span class='ocrx_word' id='word_1_677' title='bbox 2083 4426 2384 4493; x_wconf 87' lang='lat' dir='ltr'><strong>nominare,</strong></span> <span class='ocrx_word' id='word_1_678' title='bbox 2409 4427 2502 4482; x_wconf 90' lang='lat' dir='ltr'><strong>sed</strong></span> <span class='ocrx_word' id='word_1_679' title='bbox 2542 4444 2600 4483; x_wconf 89' lang='lat' dir='ltr'><strong>re</strong></span> <span class='ocrx_word' id='word_1_680' title='bbox 2635 4430 2745 4499; x_wconf 92' lang='lat' dir='ltr'><strong>ipsa</strong></span> <span class='ocrx_word' id='word_1_681' title='bbox 2777 4446 2839 4486; x_wconf 82' lang='lat' dir='ltr'><strong>ex</strong></span> <span class='ocrx_word' id='word_1_682' title='bbox 2888 4434 3164 4490; x_wconf 83' lang='lat' dir='ltr'><strong>inutilibus</strong></span> <span class='ocrx_word' id='word_1_683' title='bbox 3206 4439 3468 4508; x_wconf 71' lang='lat' dir='ltr'><strong>vanismte</strong></span> 
     </span>
    </p>
   </div>
   <div class='ocr_carea' id='block_1_90' title="bbox 230 4519 1798 4597">
    <p class='ocr_par' dir='ltr' id='par_1_90' title="bbox 230 4519 1798 4597">
     <span class='ocr_line' id='line_1_90' title="bbox 230 4519 1798 4597; baseline -0.006 -18"><span class='ocrx_word' id='word_1_684' title='bbox 230 4527 332 4597; x_wconf 73' lang='grc' dir='ltr'><strong>τὴν</strong></span> <span class='ocrx_word' id='word_1_685' title='bbox 376 4527 439 4579; x_wconf 81' lang='grc' dir='ltr'>ἐκ</span> <span class='ocrx_word' id='word_1_686' title='bbox 479 4527 584 4579; x_wconf 83' lang='grc' dir='ltr'>τῶν</span> <span class='ocrx_word' id='word_1_687' title='bbox 635 4526 922 4596; x_wconf 81' lang='grc' dir='ltr'>ἀνωφελῶν</span> <span class='ocrx_word' id='word_1_688' title='bbox 965 4526 1058 4578; x_wconf 77' lang='grc' dir='ltr'>καὶ</span> <span class='ocrx_word' id='word_1_689' title='bbox 1099 4522 1342 4594; x_wconf 84' lang='grc' dir='ltr'>ματαίων</span> <span class='ocrx_word' id='word_1_690' title='bbox 1385 4519 1633 4591; x_wconf 85' lang='grc' dir='ltr'>βοήθειαν</span> <span class='ocrx_word' id='word_1_691' title='bbox 1679 4523 1798 4572; x_wconf 78' lang='grc' dir='ltr'>ἑπι-</span> 
     </span>
    </p>
   </div>
   <div class='ocr_carea' id='block_1_91' title="bbox 234 4608 1799 4688">
    <p class='ocr_par' dir='ltr' id='par_1_91' title="bbox 234 4608 1799 4688">
     <span class='ocr_line' id='line_1_91' title="bbox 234 4608 1799 4688; baseline -0.004 -20"><span class='ocrx_word' id='word_1_692' title='bbox 234 4617 542 4688; x_wconf 86' lang='grc' dir='ltr'>σπώμενος.</span> <span class='ocrx_word' id='word_1_693' title='bbox 580 4617 733 4668; x_wconf 87' lang='grc' dir='ltr'>Ἐστι</span> <span class='ocrx_word' id='word_1_694' title='bbox 780 4616 834 4667; x_wconf 82' lang='grc' dir='ltr'>δὲ</span> <span class='ocrx_word' id='word_1_695' title='bbox 880 4614 956 4684; x_wconf 82' lang='grc' dir='ltr'><strong>τῷ</strong></span> <span class='ocrx_word' id='word_1_696' title='bbox 1001 4613 1194 4683; x_wconf 78' lang='grc' dir='ltr'>δικαίῳ</span> <span class='ocrx_word' id='word_1_697' title='bbox 1237 4608 1464 4683; x_wconf 86' lang='grc' dir='ltr'>ἀληθινὴ</span> <span class='ocrx_word' id='word_1_698' title='bbox 1504 4609 1725 4678; x_wconf 78' lang='grc' dir='ltr'>βοήθεια</span> <span class='ocrx_word' id='word_1_699' title='bbox 1771 4612 1799 4662; x_wconf 89' lang='lat'><strong>6</strong></span> 
     </span>
    </p>
   </div>
   <div class='ocr_carea' id='block_1_92' title="bbox 229 4703 1798 4780">
    <p class='ocr_par' dir='ltr' id='par_1_92' title="bbox 229 4703 1798 4780">
     <span class='ocr_line' id='line_1_92' title="bbox 229 4703 1798 4780; baseline -0.006 -19"><span class='ocrx_word' id='word_1_700' title='bbox 229 4708 384 4771; x_wconf 83' lang='grc' dir='ltr'>Θεός.</span> <span class='ocrx_word' id='word_1_701' title='bbox 431 4709 639 4780; x_wconf 84' lang='grc' dir='ltr'>Ὥσπερ</span> <span class='ocrx_word' id='word_1_702' title='bbox 701 4725 784 4770; x_wconf 87' lang='grc' dir='ltr'><strong>τις</strong></span> <span class='ocrx_word' id='word_1_703' title='bbox 851 4706 1150 4778; x_wconf 82' lang='grc' dir='ltr'>στρατηγὸς</span> <span class='ocrx_word' id='word_1_704' title='bbox 1215 4703 1490 4759; x_wconf 84' lang='grc' dir='ltr'>ὁπλιτικὸν</span> <span class='ocrx_word' id='word_1_705' title='bbox 1557 4703 1798 4769; x_wconf 88' lang='grc' dir='ltr'>γενναῖον</span> 
     </span>
    </p>
   </div>
   <div class='ocr_carea' id='block_1_93' title="bbox 232 4796 1796 4871">
    <p class='ocr_par' dir='ltr' id='par_1_93' title="bbox 232 4796 1796 4871">
     <span class='ocr_line' id='line_1_93' title="bbox 232 4796 1796 4871; baseline -0.006 -19"><span class='ocrx_word' id='word_1_706' title='bbox 232 4801 596 4871; x_wconf 76' lang='grc' dir='ltr'>ἐξηρτημένος</span> <span class='ocrx_word' id='word_1_707' title='bbox 663 4800 877 4870; x_wconf 77' lang='grc' dir='ltr'>ἕτοιμος</span> <span class='ocrx_word' id='word_1_708' title='bbox 922 4800 1008 4852; x_wconf 70' lang='grc' dir='ltr'><strong>ἀεὶ</strong></span> <span class='ocrx_word' id='word_1_709' title='bbox 1059 4797 1269 4868; x_wconf 82' lang='grc' dir='ltr'>βοηθεῖν</span> <span class='ocrx_word' id='word_1_710' title='bbox 1312 4796 1390 4865; x_wconf 80' lang='grc' dir='ltr'>τῷ</span> <span class='ocrx_word' id='word_1_711' title='bbox 1455 4809 1796 4848; x_wconf 84' lang='grc' dir='ltr'>καταπονου-</span> 
     </span>
    </p>
   </div>
   <div class='ocr_carea' id='block_1_94' title="bbox 233 4886 1798 4963">
    <p class='ocr_par' dir='ltr' id='par_1_94' title="bbox 233 4886 1798 4963">
     <span class='ocr_line' id='line_1_94' title="bbox 233 4886 1798 4963; baseline -0.004 -18"><span class='ocrx_word' id='word_1_712' title='bbox 233 4893 381 4962; x_wconf 79' lang='grc' dir='ltr'>μένῳ</span> <span class='ocrx_word' id='word_1_713' title='bbox 431 4892 611 4963; x_wconf 77' lang='grc' dir='ltr'><strong>μέρει⁸</strong></span> <span class='ocrx_word' id='word_1_714' title='bbox 645 4891 816 4954; x_wconf 74' lang='grc' dir='ltr'>οὕτως</span> <span class='ocrx_word' id='word_1_715' title='bbox 849 4893 877 4943; x_wconf 89' lang='lat'><strong>6</strong></span> <span class='ocrx_word' id='word_1_716' title='bbox 907 4889 1036 4953; x_wconf 83' lang='grc' dir='ltr'>Θεὸς</span> <span class='ocrx_word' id='word_1_717' title='bbox 1085 4889 1274 4959; x_wconf 80' lang='grc' dir='ltr'>βοηθὸς</span> <span class='ocrx_word' id='word_1_718' title='bbox 1315 4887 1472 4958; x_wconf 82' lang='grc' dir='ltr'>ἡμῶν</span> <span class='ocrx_word' id='word_1_719' title='bbox 1521 4889 1659 4946; x_wconf 77' lang='grc' dir='ltr'>ἐστι,</span> <span class='ocrx_word' id='word_1_720' title='bbox 1703 4886 1798 4938; x_wconf 77' lang='grc' dir='ltr'>καὶ</span> 
     </span>
    </p>
   </div>
   <div class='ocr_carea' id='block_1_95' title="bbox 298 5047 792 5113">
    <p class='ocr_par' dir='ltr' id='par_1_95' title="bbox 298 5047 792 5113">
     <span class='ocr_line' id='line_1_95' title="bbox 298 5047 792 5113; baseline 0.004 -13"><span class='ocrx_word' id='word_1_721' title='bbox 298 5048 342 5080; x_wconf 78' lang='grc'><strong>⁸⁹</strong></span> <span class='ocrx_word' id='word_1_722' title='bbox 374 5047 515 5101; x_wconf 86' lang='lat' dir='ltr'><strong>Psal.</strong></span> <span class='ocrx_word' id='word_1_723' title='bbox 549 5062 706 5113; x_wconf 73' lang='lat' dir='ltr'><strong>CXLV,</strong></span> <span class='ocrx_word' id='word_1_724' title='bbox 737 5048 792 5102; x_wconf 71' lang='lat'><strong>2.</strong></span> 
     </span>
    </p>
   </div>
   <div class='ocr_carea' id='block_1_96' title="bbox 299 5155 1781 5234">
    <p class='ocr_par' dir='ltr' id='par_1_96' title="bbox 299 5155 1781 5234">
     <span class='ocr_line' id='line_1_96' title="bbox 299 5155 1781 5234; baseline -0.005 -17"><span class='ocrx_word' id='word_1_725' title='bbox 299 5163 413 5234; x_wconf 74' lang='lat'><strong>(25)</strong></span> <span class='ocrx_word' id='word_1_726' title='bbox 445 5161 600 5228; x_wconf 85' lang='lat' dir='ltr'><strong>Illud,</strong></span> <span class='ocrx_word' id='word_1_727' title='bbox 628 5165 720 5216; x_wconf 74' lang='grc' dir='ltr'>καὶ</span> <span class='ocrx_word' id='word_1_728' title='bbox 769 5163 982 5226; x_wconf 79' lang='grc' dir='ltr'>εἴδωλα,</span> <span class='ocrx_word' id='word_1_729' title='bbox 1029 5159 1286 5234; x_wconf 70' lang='lat' dir='ltr'><strong>additum</strong></span> <span class='ocrx_word' id='word_1_730' title='bbox 1311 5156 1480 5234; x_wconf 81' lang='lat' dir='ltr'><strong>fuisse</strong></span> <span class='ocrx_word' id='word_1_731' title='bbox 1507 5155 1781 5234; x_wconf 74' lang='lat' dir='ltr'><strong>c_ontextui</strong></span> 
     </span>
    </p>
   </div>
   <div class='ocr_carea' id='block_1_97' title="bbox 227 5226 1777 5304">
    <p class='ocr_par' dir='ltr' id='par_1_97' title="bbox 227 5226 1777 5304">
     <span class='ocr_line' id='line_1_97' title="bbox 227 5226 1777 5304; baseline -0.007 -18"><span class='ocrx_word' id='word_1_732' title='bbox 227 5226 471 5288; x_wconf 54' lang='lat' dir='ltr'><strong>ex&#39;Oliv.</strong></span> <span class='ocrx_word' id='word_1_733' title='bbox 498 5245 549 5288; x_wconf 91' lang='lat' dir='ltr'><strong>et</strong></span> <span class='ocrx_word' id='word_1_734' title='bbox 566 5226 768 5304; x_wconf 62' lang='lat' dir='ltr'><strong>Anglic.</strong></span> <span class='ocrx_word' id='word_1_735' title='bbox 803 5235 962 5304; x_wconf 83' lang='lat' dir='ltr'><strong>tradit</strong></span> <span class='ocrx_word' id='word_1_736' title='bbox 991 5233 1070 5284; x_wconf 84' lang='lat' dir='ltr'><strong>vir</strong></span> <span class='ocrx_word' id='word_1_737' title='bbox 1094 5229 1488 5304; x_wconf 80' lang='lat' dir='ltr'><strong>eruditissimus</strong></span> <span class='ocrx_word' id='word_1_738' title='bbox 1517 5226 1739 5278; x_wconf 81' lang='lat' dir='ltr'><strong>Duc.cus</strong></span> <span class='ocrx_word' id='word_1_739' title='bbox 1765 5240 1777 5275; x_wconf 92' lang='lat'><strong>:</strong></span> 
     </span>
    </p>
   </div>
   <div class='ocr_carea' id='block_1_98' title="bbox 227 5299 1782 5372">
    <p class='ocr_par' dir='ltr' id='par_1_98' title="bbox 227 5299 1782 5372">
     <span class='ocr_line' id='line_1_98' title="bbox 227 5299 1782 5372; baseline -0.005 -18"><span class='ocrx_word' id='word_1_740' title='bbox 227 5305 426 5372; x_wconf 86' lang='lat' dir='ltr'><strong>quibus</strong></span> <span class='ocrx_word' id='word_1_741' title='bbox 443 5299 715 5358; x_wconf 75' lang='lat' dir='ltr'><strong>codicibus</strong></span> <span class='ocrx_word' id='word_1_742' title='bbox 742 5317 848 5357; x_wconf 92' lang='lat' dir='ltr'><strong>tum</strong></span> <span class='ocrx_word' id='word_1_743' title='bbox 876 5301 1209 5356; x_wconf 85' lang='lat' dir='ltr'><strong>Colbertinos</strong></span> <span class='ocrx_word' id='word_1_744' title='bbox 1231 5299 1476 5367; x_wconf 86' lang='lat' dir='ltr'><strong>quintum</strong></span> <span class='ocrx_word' id='word_1_745' title='bbox 1504 5305 1782 5372; x_wconf 74' lang='lat' dir='ltr'><strong>etsextum</strong></span> 
     </span>
    </p>
   </div>
   <div class='ocr_carea' id='block_1_99' title="bbox 226 5365 1782 5444">
    <p class='ocr_par' dir='ltr' id='par_1_99' title="bbox 226 5365 1782 5444">
     <span class='ocr_line' id='line_1_99' title="bbox 226 5365 1782 5444; baseline -0.008 -19"><span class='ocrx_word' id='word_1_746' title='bbox 226 5365 282 5426; x_wconf 77' lang='lat' dir='ltr'><strong>et</strong></span> <span class='ocrx_word' id='word_1_747' title='bbox 309 5377 618 5443; x_wconf 87' lang='lat' dir='ltr'><strong>septimum,</strong></span> <span class='ocrx_word' id='word_1_748' title='bbox 663 5385 772 5426; x_wconf 85' lang='lat' dir='ltr'><strong>tum</strong></span> <span class='ocrx_word' id='word_1_749' title='bbox 826 5374 1021 5440; x_wconf 79' lang='lat' dir='ltr'><strong>Regios</strong></span> <span class='ocrx_word' id='word_1_750' title='bbox 1047 5365 1307 5444; x_wconf 65' lang='lat' dir='ltr'><strong>quat-tuin</strong></span> <span class='ocrx_word' id='word_1_751' title='bbox 1348 5378 1402 5420; x_wconf 91' lang='lat' dir='ltr'><strong>et</strong></span> <span class='ocrx_word' id='word_1_752' title='bbox 1430 5374 1640 5443; x_wconf 81' lang='lat' dir='ltr'><strong>sextum</strong></span> <span class='ocrx_word' id='word_1_753' title='bbox 1661 5365 1782 5444; x_wconf 62' lang='lat' dir='ltr'><strong>atl-</strong></span> 
     </span>
    </p>
   </div>
   <div class='ocr_carea' id='block_1_100' title="bbox 221 5433 1779 5512">
    <p class='ocr_par' dir='ltr' id='par_1_100' title="bbox 221 5433 1779 5512">
     <span class='ocr_line' id='line_1_100' title="bbox 221 5433 1779 5512; baseline -0.006 -18"><span class='ocrx_word' id='word_1_754' title='bbox 221 5433 388 5512; x_wconf 62' lang='lat' dir='ltr'><strong>jungi&#39;</strong></span> <span class='ocrx_word' id='word_1_755' title='bbox 415 5433 663 5511; x_wconf 85' lang='lat' dir='ltr'><strong>oportere</strong></span> <span class='ocrx_word' id='word_1_756' title='bbox 696 5433 992 5497; x_wconf 71' lang='lat' dir='ltr'><strong>monemus.</strong></span> <span class='ocrx_word' id='word_1_757' title='bbox 1047 5433 1346 5493; x_wconf 77' lang='lat' dir='ltr'><strong>Fatendum</strong></span> <span class='ocrx_word' id='word_1_758' title='bbox 1400 5445 1578 5490; x_wconf 88' lang='lat' dir='ltr'><strong>tamen</strong></span> <span class='ocrx_word' id='word_1_759' title='bbox 1621 5433 1674 5486; x_wconf 90' lang='lat' dir='ltr'><strong>id</strong></span> <span class='ocrx_word' id='word_1_760' title='bbox 1725 5433 1779 5486; x_wconf 88' lang='lat' dir='ltr'><strong>in</strong></span> 
     </span>
    </p>
   </div>
   <div class='ocr_carea' id='block_1_101' title="bbox 228 5513 1586 5588">
    <p class='ocr_par' dir='ltr' id='par_1_101' title="bbox 228 5513 1586 5588">
     <span class='ocr_line' id='line_1_101' title="bbox 228 5513 1586 5588; baseline -0.021 -15"><span class='ocrx_word' id='word_1_761' title='bbox 228 5517 413 5588; x_wconf 56' lang='lat' dir='ltr'><strong>Regiis</strong></span> <span class='ocrx_word' id='word_1_762' title='bbox 436 5517 755 5588; x_wconf 59' lang='lat' dir='ltr'><strong>secundoct</strong></span> <span class='ocrx_word' id='word_1_763' title='bbox 793 5514 950 5588; x_wconf 79' lang='lat' dir='ltr'><strong>tertio</strong></span> <span class='ocrx_word' id='word_1_764' title='bbox 977 5513 1184 5588; x_wconf 71' lang='lat' dir='ltr'><strong>deesse.</strong></span> <span class='ocrx_word' id='word_1_765' title='bbox 1573 5571 1586 5588; x_wconf 48' lang='lat'><strong><em>&#39;</em></strong></span> 
     </span>
    </p>
   </div>
   <div class='ocr_carea' id='block_1_102' title="bbox 300 5582 1783 5652">
    <p class='ocr_par' dir='ltr' id='par_1_102' title="bbox 300 5582 1783 5652">
     <span class='ocr_line' id='line_1_102' title="bbox 300 5582 1783 5652; baseline -0.01 -16"><span class='ocrx_word' id='word_1_766' title='bbox 300 5582 410 5652; x_wconf 72' lang='lat'><strong>(&#39;26)</strong></span> <span class='ocrx_word' id='word_1_767' title='bbox 436 5584 574 5636; x_wconf 85' lang='lat' dir='ltr'><strong>Editi</strong></span> <span class='ocrx_word' id='word_1_768' title='bbox 604 5583 892 5652; x_wconf 75' lang='grc' dir='ltr'>φεύγοντές</span> <span class='ocrx_word' id='word_1_769' title='bbox 920 5598 1061 5635; x_wconf 80' lang='grc' dir='ltr'>τινα.</span> <span class='ocrx_word' id='word_1_770' title='bbox 1090 5585 1156 5632; x_wconf 80' lang='lat' dir='ltr'><strong>At</strong></span> <span class='ocrx_word' id='word_1_771' title='bbox 1195 5593 1286 5634; x_wconf 81' lang='lat' dir='ltr'><strong>sex</strong></span> <span class='ocrx_word' id='word_1_772' title='bbox 1320 5590 1449 5632; x_wconf 84' lang='lat' dir='ltr'><strong>mss.</strong></span> <span class='ocrx_word' id='word_1_773' title='bbox 1490 5582 1783 5643; x_wconf 79' lang='grc' dir='ltr'>φεύγοντες</span> 
     </span>
    </p>
   </div>
   <div class='ocr_carea' id='block_1_103' title="bbox 225 5652 380 5704">
    <p class='ocr_par' dir='ltr' id='par_1_103' title="bbox 225 5652 380 5704">
     <span class='ocr_line' id='line_1_103' title="bbox 225 5652 380 5704; baseline -0.006 0"><span class='ocrx_word' id='word_1_774' title='bbox 225 5652 380 5704; x_wconf 83' lang='grc' dir='ltr'>ἄλλα.</span> 
     </span>
    </p>
   </div>
   <div class='ocr_carea' id='block_1_104' title="bbox 299 5712 1783 5790">
    <p class='ocr_par' dir='ltr' id='par_1_104' title="bbox 299 5712 1783 5790">
     <span class='ocr_line' id='line_1_104' title="bbox 299 5712 1783 5790; baseline -0.008 -15"><span class='ocrx_word' id='word_1_775' title='bbox 299 5723 410 5790; x_wconf 73' lang='lat'><strong>(&#39;27)</strong></span> <span class='ocrx_word' id='word_1_776' title='bbox 447 5723 580 5775; x_wconf 60' lang='lat' dir='ltr'><strong>[Ciliti</strong></span> <span class='ocrx_word' id='word_1_777' title='bbox 615 5726 675 5775; x_wconf 74' lang='grc' dir='ltr'><strong>ἐκ</strong></span> <span class='ocrx_word' id='word_1_778' title='bbox 718 5723 933 5776; x_wconf 74' lang='grc' dir='ltr'>πάντων</span> <span class='ocrx_word' id='word_1_779' title='bbox 985 5718 1188 5772; x_wconf 82' lang='grc' dir='ltr'>κακῶν.</span> <span class='ocrx_word' id='word_1_780' title='bbox 1235 5713 1318 5772; x_wconf 77' lang='grc' dir='ltr'><strong>Δι’</strong></span> <span class='ocrx_word' id='word_1_781' title='bbox 1343 5731 1474 5772; x_wconf 89' lang='lat' dir='ltr'><strong>mss.</strong></span> <span class='ocrx_word' id='word_1_782' title='bbox 1516 5729 1611 5770; x_wconf 81' lang='lat' dir='ltr'><strong>sex</strong></span> <span class='ocrx_word' id='word_1_783' title='bbox 1649 5712 1783 5768; x_wconf 90' lang='lat' dir='ltr'><strong>sim-</strong></span> 
     </span>
    </p>
   </div>
   <div class='ocr_carea' id='block_1_105' title="bbox 227 5793 885 5860">
    <p class='ocr_par' dir='ltr' id='par_1_105' title="bbox 227 5793 885 5860">
     <span class='ocr_line' id='line_1_105' title="bbox 227 5793 885 5860; baseline -0.002 -16"><span class='ocrx_word' id='word_1_784' title='bbox 227 5794 438 5860; x_wconf 81' lang='lat' dir='ltr'><strong>pliciter</strong></span> <span class='ocrx_word' id='word_1_785' title='bbox 461 5796 522 5845; x_wconf 86' lang='grc' dir='ltr'>ὲκ</span> <span class='ocrx_word' id='word_1_786' title='bbox 552 5793 658 5845; x_wconf 77' lang='grc' dir='ltr'>τῶν</span> <span class='ocrx_word' id='word_1_787' title='bbox 686 5795 885 5846; x_wconf 74' lang='grc' dir='ltr'>κακῶν.</span> 
     </span>
    </p>
   </div>
   <div class='ocr_carea' id='block_1_106' title="bbox 555 5882 1266 5948">
    <p class='ocr_par' dir='ltr' id='par_1_106' title="bbox 555 5882 1266 5948">
     <span class='ocr_line' id='line_1_106' title="bbox 555 5882 1266 5948; baseline -0.006 -1"><span class='ocrx_word' id='word_1_788' title='bbox 555 5889 818 5948; x_wconf 65' lang='lat' dir='ltr'><strong>Parnm.</strong></span> <span class='ocrx_word' id='word_1_789' title='bbox 866 5887 980 5946; x_wconf 79' lang='lat' dir='ltr'><strong>Gn.</strong></span> <span class='ocrx_word' id='word_1_790' title='bbox 1033 5882 1266 5944; x_wconf 72' lang='lat' dir='ltr'><strong>XXIX.</strong></span> 
     </span>
    </p>
   </div>
   <div class='ocr_carea' id='block_1_107' title="bbox 884 5040 1915 5109">
    <p class='ocr_par' dir='ltr' id='par_1_107' title="bbox 884 5040 1915 5109">
     <span class='ocr_line' id='line_1_107' title="bbox 884 5040 1915 5109; baseline -0.007 -10"><span class='ocrx_word' id='word_1_791' title='bbox 884 5046 928 5078; x_wconf 75' lang='lat'><strong>’°</strong></span> <span class='ocrx_word' id='word_1_792' title='bbox 961 5045 980 5098; x_wconf 86' lang='lat' dir='ltr'><strong>l</strong></span> <span class='ocrx_word' id='word_1_793' title='bbox 1010 5045 1148 5100; x_wconf 90' lang='lat' dir='ltr'><strong>Tim.</strong></span> <span class='ocrx_word' id='word_1_794' title='bbox 1185 5059 1257 5109; x_wconf 82' lang='lat' dir='ltr'><strong>vt,</strong></span> <span class='ocrx_word' id='word_1_795' title='bbox 1297 5043 1382 5095; x_wconf 89' lang='grc'><strong>17.</strong></span> <span class='ocrx_word' id='word_1_796' title='bbox 1458 5041 1502 5071; x_wconf 70' lang='grc'><strong>⁸⁸</strong></span> <span class='ocrx_word' id='word_1_797' title='bbox 1536 5040 1647 5094; x_wconf 82' lang='lat' dir='ltr'><strong>Jer.</strong></span> <span class='ocrx_word' id='word_1_798' title='bbox 1687 5056 1826 5105; x_wconf 85' lang='lat' dir='ltr'><strong>xvtt,</strong></span> <span class='ocrx_word' id='word_1_799' title='bbox 1864 5040 1915 5093; x_wconf 80' lang='lat'><strong>5.</strong></span> 
     </span>
    </p>
   </div>
   <div class='ocr_carea' id='block_1_108' title="bbox 1908 4517 3465 4596">
    <p class='ocr_par' dir='ltr' id='par_1_108' title="bbox 1908 4517 3465 4596">
     <span class='ocr_line' id='line_1_108' title="bbox 1908 4517 3465 4596; baseline 0.008 -25"><span class='ocrx_word' id='word_1_800' title='bbox 1908 4517 2067 4572; x_wconf 85' lang='lat' dir='ltr'><strong>rebus</strong></span> <span class='ocrx_word' id='word_1_801' title='bbox 2087 4519 2340 4572; x_wconf 79' lang='lat' dir='ltr'><strong>auxilium</strong></span> <span class='ocrx_word' id='word_1_802' title='bbox 2363 4520 2454 4574; x_wconf 91' lang='lat' dir='ltr'><strong>tibi</strong></span> <span class='ocrx_word' id='word_1_803' title='bbox 2484 4535 2780 4577; x_wconf 89' lang='lat' dir='ltr'><strong>accersere.</strong></span> <span class='ocrx_word' id='word_1_804' title='bbox 2805 4524 2898 4579; x_wconf 87' lang='lat' dir='ltr'><strong>Est</strong></span> <span class='ocrx_word' id='word_1_805' title='bbox 2915 4536 3094 4580; x_wconf 88' lang='lat' dir='ltr'><strong>autem</strong></span> <span class='ocrx_word' id='word_1_806' title='bbox 3112 4528 3260 4596; x_wconf 84' lang='lat' dir='ltr'><strong>justo</strong></span> <span class='ocrx_word' id='word_1_807' title='bbox 3281 4544 3465 4583; x_wconf 87' lang='lat' dir='ltr'><strong>verum</strong></span> 
     </span>
    </p>
   </div>
   <div class='ocr_carea' id='block_1_109' title="bbox 1907 4611 3467 4689">
    <p class='ocr_par' dir='ltr' id='par_1_109' title="bbox 1907 4611 3467 4689">
     <span class='ocr_line' id='line_1_109' title="bbox 1907 4611 3467 4689; baseline 0.007 -26"><span class='ocrx_word' id='word_1_808' title='bbox 1907 4611 2169 4664; x_wconf 79' lang='lat' dir='ltr'><strong>auxilium</strong></span> <span class='ocrx_word' id='word_1_809' title='bbox 2235 4612 2394 4667; x_wconf 88' lang='lat' dir='ltr'><strong>Deus.</strong></span> <span class='ocrx_word' id='word_1_810' title='bbox 2450 4613 2912 4679; x_wconf 86' lang='lat' dir='ltr'><strong>Quemadmodum</strong></span> <span class='ocrx_word' id='word_1_811' title='bbox 2969 4619 3113 4672; x_wconf 87' lang='lat' dir='ltr'><strong>enim</strong></span> <span class='ocrx_word' id='word_1_812' title='bbox 3172 4621 3467 4689; x_wconf 87' lang='lat' dir='ltr'><strong>imperator</strong></span> 
     </span>
    </p>
   </div>
   <div class='ocr_carea' id='block_1_110' title="bbox 1907 4701 3466 4784">
    <p class='ocr_par' dir='ltr' id='par_1_110' title="bbox 1907 4701 3466 4784">
     <span class='ocr_line' id='line_1_110' title="bbox 1907 4701 3466 4784; baseline 0.009 -29"><span class='ocrx_word' id='word_1_813' title='bbox 1907 4701 2032 4756; x_wconf 73' lang='lat' dir='ltr'><strong>forti</strong></span> <span class='ocrx_word' id='word_1_814' title='bbox 2089 4705 2316 4758; x_wconf 90' lang='lat' dir='ltr'><strong>militum</strong></span> <span class='ocrx_word' id='word_1_815' title='bbox 2385 4722 2545 4762; x_wconf 89' lang='lat' dir='ltr'><strong>manu</strong></span> <span class='ocrx_word' id='word_1_816' title='bbox 2613 4709 2951 4774; x_wconf 87' lang='lat' dir='ltr'><strong>instructus,</strong></span> <span class='ocrx_word' id='word_1_817' title='bbox 3001 4713 3068 4767; x_wconf 84' lang='lat' dir='ltr'><strong>ad</strong></span> <span class='ocrx_word' id='word_1_818' title='bbox 3113 4728 3268 4782; x_wconf 90' lang='lat' dir='ltr'><strong>opem</strong></span> <span class='ocrx_word' id='word_1_819' title='bbox 3327 4716 3466 4784; x_wconf 87' lang='lat' dir='ltr'><strong>parti</strong></span> 
     </span>
    </p>
   </div>
   <div class='ocr_carea' id='block_1_111' title="bbox 1903 4795 3467 4870">
    <p class='ocr_par' dir='ltr' id='par_1_111' title="bbox 1903 4795 3467 4870">
     <span class='ocr_line' id='line_1_111' title="bbox 1903 4795 3467 4870; baseline 0.008 -24"><span class='ocrx_word' id='word_1_820' title='bbox 1903 4807 2174 4862; x_wconf 61' lang='lat' dir='ltr'><strong>Oppressae</strong></span> <span class='ocrx_word' id='word_1_821' title='bbox 2219 4795 2494 4849; x_wconf 80' lang='lat' dir='ltr'><strong>ferendam</strong></span> <span class='ocrx_word' id='word_1_822' title='bbox 2535 4811 2751 4867; x_wconf 90' lang='lat' dir='ltr'><strong>semper</strong></span> <span class='ocrx_word' id='word_1_823' title='bbox 2791 4809 3014 4870; x_wconf 88' lang='lat' dir='ltr'><strong>paratus</strong></span> <span class='ocrx_word' id='word_1_824' title='bbox 3063 4813 3188 4858; x_wconf 89' lang='lat' dir='ltr'><strong>est;</strong></span> <span class='ocrx_word' id='word_1_825' title='bbox 3221 4804 3290 4857; x_wconf 86' lang='lat' dir='ltr'><strong>ita</strong></span> <span class='ocrx_word' id='word_1_826' title='bbox 3325 4804 3467 4858; x_wconf 88' lang='lat' dir='ltr'><strong>Deus</strong></span> 
     </span>
    </p>
   </div>
   <div class='ocr_carea' id='block_1_112' title="bbox 1902 4887 3464 4953">
    <p class='ocr_par' dir='ltr' id='par_1_112' title="bbox 1902 4887 3464 4953">
     <span class='ocr_line' id='line_1_112' title="bbox 1902 4887 3464 4953; baseline 0.008 -13"><span class='ocrx_word' id='word_1_827' title='bbox 1902 4887 2021 4953; x_wconf 86' lang='lat' dir='ltr'><strong>adju</strong></span> <span class='ocrx_word' id='word_1_828' title='bbox 2035 4896 2117 4940; x_wconf 92' lang='lat' dir='ltr'><strong>tor</strong></span> <span class='ocrx_word' id='word_1_829' title='bbox 2147 4899 2334 4943; x_wconf 88' lang='lat' dir='ltr'><strong>noster</strong></span> <span class='ocrx_word' id='word_1_830' title='bbox 2357 4898 2458 4953; x_wconf 85' lang='lat' dir='ltr'><strong>est,</strong></span> <span class='ocrx_word' id='word_1_831' title='bbox 2484 4899 2538 4943; x_wconf 89' lang='lat' dir='ltr'><strong>et</strong></span> <span class='ocrx_word' id='word_1_832' title='bbox 2576 4892 2866 4946; x_wconf 77' lang='lat' dir='ltr'><strong>auxiliator</strong></span> <span class='ocrx_word' id='word_1_833' title='bbox 2889 4894 3107 4949; x_wconf 90' lang='lat' dir='ltr'><strong>cuilibet</strong></span> <span class='ocrx_word' id='word_1_834' title='bbox 3127 4907 3318 4951; x_wconf 78' lang='lat' dir='ltr'><strong>contra</strong></span> <span class='ocrx_word' id='word_1_835' title='bbox 3352 4899 3464 4952; x_wconf 83' lang='lat' dir='ltr'><strong>dia-</strong></span> 
     </span>
    </p>
   </div>
   <div class='ocr_carea' id='block_1_113' title="bbox 2011 5038 3178 5114">
    <p class='ocr_par' dir='ltr' id='par_1_113' title="bbox 2011 5038 3178 5114">
     <span class='ocr_line' id='line_1_113' title="bbox 2011 5038 3178 5114; baseline 0.009 -23"><span class='ocrx_word' id='word_1_836' title='bbox 2011 5040 2054 5071; x_wconf 83' lang='grc'><strong>⁹²</strong></span> <span class='ocrx_word' id='word_1_837' title='bbox 2089 5038 2321 5110; x_wconf 87' lang='lat' dir='ltr'><strong>Philipp.</strong></span> <span class='ocrx_word' id='word_1_838' title='bbox 2351 5059 2422 5107; x_wconf 84' lang='lat' dir='ltr'><strong>tv,</strong></span> <span class='ocrx_word' id='word_1_839' title='bbox 2457 5043 2540 5097; x_wconf 81' lang='lat' dir='ltr'><strong>l5.</strong></span> <span class='ocrx_word' id='word_1_840' title='bbox 2616 5043 2660 5074; x_wconf 76' lang='grc'><strong>⁸³</strong></span> <span class='ocrx_word' id='word_1_841' title='bbox 2692 5043 2835 5097; x_wconf 79' lang='lat' dir='ltr'><strong>Psal.</strong></span> <span class='ocrx_word' id='word_1_842' title='bbox 2872 5063 3097 5114; x_wconf 68' lang='lat' dir='ltr'><strong>Lxxxm,</strong></span> <span class='ocrx_word' id='word_1_843' title='bbox 3129 5049 3178 5102; x_wconf 92' lang='grc'><strong>1.</strong></span> 
     </span>
    </p>
   </div>
   <div class='ocr_carea' id='block_1_114' title="bbox 1960 5155 3464 5229">
    <p class='ocr_par' dir='ltr' id='par_1_114' title="bbox 1960 5155 3464 5229">
     <span class='ocr_line' id='line_1_114' title="bbox 1960 5155 3464 5229; baseline 0.004 -21"><span class='ocrx_word' id='word_1_844' title='bbox 1960 5155 2074 5225; x_wconf 72' lang='grc'>(28)</span> <span class='ocrx_word' id='word_1_845' title='bbox 2106 5155 2405 5229; x_wconf 46' lang='lat' dir='ltr'><strong>(lollrertini</strong></span> <span class='ocrx_word' id='word_1_846' title='bbox 2437 5158 2641 5229; x_wconf 84' lang='lat' dir='ltr'><strong>primus</strong></span> <span class='ocrx_word' id='word_1_847' title='bbox 2664 5168 2716 5211; x_wconf 89' lang='lat' dir='ltr'><strong>et</strong></span> <span class='ocrx_word' id='word_1_848' title='bbox 2745 5169 2932 5213; x_wconf 83' lang='lat' dir='ltr'><strong>sextus</strong></span> <span class='ocrx_word' id='word_1_849' title='bbox 2963 5178 3082 5215; x_wconf 87' lang='lat' dir='ltr'><strong>cum</strong></span> <span class='ocrx_word' id='word_1_850' title='bbox 3112 5163 3240 5229; x_wconf 69' lang='lat' dir='ltr'><strong>lt-g.</strong></span> <span class='ocrx_word' id='word_1_851' title='bbox 3273 5178 3464 5216; x_wconf 82' lang='lat' dir='ltr'><strong>secun-</strong></span> 
     </span>
    </p>
   </div>
   <div class='ocr_carea' id='block_1_115' title="bbox 1886 5224 3462 5301">
    <p class='ocr_par' dir='ltr' id='par_1_115' title="bbox 1886 5224 3462 5301">
     <span class='ocr_line' id='line_1_115' title="bbox 1886 5224 3462 5301; baseline 0.004 -23"><span class='ocrx_word' id='word_1_852' title='bbox 1886 5224 1955 5278; x_wconf 87' lang='lat' dir='ltr'><strong>du</strong></span> <span class='ocrx_word' id='word_1_853' title='bbox 1972 5224 2034 5279; x_wconf 89' lang='lat' dir='ltr'><strong>et</strong></span> <span class='ocrx_word' id='word_1_854' title='bbox 2062 5243 2182 5278; x_wconf 88' lang='lat' dir='ltr'><strong>cum</strong></span> <span class='ocrx_word' id='word_1_855' title='bbox 2217 5225 2377 5301; x_wconf 34' lang='lat' dir='ltr'><strong>Co-ijl.</strong></span> <span class='ocrx_word' id='word_1_856' title='bbox 2403 5227 2882 5283; x_wconf 71' lang='grc' dir='ltr'>πεποίθατε.Ειὶίιὶ</span> <span class='ocrx_word' id='word_1_857' title='bbox 2907 5247 3028 5284; x_wconf 85' lang='lat' dir='ltr'><strong>cum</strong></span> <span class='ocrx_word' id='word_1_858' title='bbox 3060 5224 3236 5301; x_wconf 69' lang='lat' dir='ltr'><strong>liegxis</strong></span> <span class='ocrx_word' id='word_1_859' title='bbox 3269 5245 3462 5286; x_wconf 84' lang='lat' dir='ltr'><strong>uuarto</strong></span> 
     </span>
    </p>
   </div>
   <div class='ocr_carea' id='block_1_116' title="bbox 1886 5295 2446 5351">
    <p class='ocr_par' dir='ltr' id='par_1_116' title="bbox 1886 5295 2446 5351">
     <span class='ocr_line' id='line_1_116' title="bbox 1886 5295 2446 5351; baseline 0.002 -2"><span class='ocrx_word' id='word_1_860' title='bbox 1886 5305 1937 5349; x_wconf 89' lang='lat' dir='ltr'><strong>et</strong></span> <span class='ocrx_word' id='word_1_861' title='bbox 1962 5307 2113 5348; x_wconf 78' lang='lat' dir='ltr'><strong>sexto</strong></span> <span class='ocrx_word' id='word_1_862' title='bbox 2139 5295 2446 5351; x_wconf 84' lang='grc' dir='ltr'>πεποίθετε.</span> 
     </span>
    </p>
   </div>
   <div class='ocr_carea' id='block_1_117' title="bbox 1958 5364 3462 5438">
    <p class='ocr_par' dir='ltr' id='par_1_117' title="bbox 1958 5364 3462 5438">
     <span class='ocr_line' id='line_1_117' title="bbox 1958 5364 3462 5438; baseline 0.002 -21"><span class='ocrx_word' id='word_1_863' title='bbox 1958 5364 2065 5433; x_wconf 69' lang='lat'><strong>(‘29)</strong></span> <span class='ocrx_word' id='word_1_864' title='bbox 2102 5364 2347 5438; x_wconf 74' lang='lat' dir='ltr'><strong>Sicutss.</strong></span> <span class='ocrx_word' id='word_1_865' title='bbox 2389 5377 2442 5420; x_wconf 90' lang='lat' dir='ltr'><strong>et</strong></span> <span class='ocrx_word' id='word_1_866' title='bbox 2470 5367 2634 5420; x_wconf 87' lang='lat' dir='ltr'><strong>editio</strong></span> <span class='ocrx_word' id='word_1_867' title='bbox 2680 5368 2869 5432; x_wconf 81' lang='lat' dir='ltr'><strong>Basil.,</strong></span> <span class='ocrx_word' id='word_1_868' title='bbox 2915 5386 3012 5424; x_wconf 91' lang='lat' dir='ltr'><strong>nec</strong></span> <span class='ocrx_word' id='word_1_869' title='bbox 3060 5371 3216 5422; x_wconf 83' lang='lat' dir='ltr'><strong>aliter</strong></span> <span class='ocrx_word' id='word_1_870' title='bbox 3255 5371 3462 5438; x_wconf 85' lang='lat' dir='ltr'><strong>legerat</strong></span> 
     </span>
    </p>
   </div>
   <div class='ocr_carea' id='block_1_118' title="bbox 1887 5434 3458 5509">
    <p class='ocr_par' dir='ltr' id='par_1_118' title="bbox 1887 5434 3458 5509">
     <span class='ocr_line' id='line_1_118' title="bbox 1887 5434 3458 5509; baseline 0.003 -22"><span class='ocrx_word' id='word_1_871' title='bbox 1887 5434 2178 5509; x_wconf 77' lang='lat' dir='ltr'><strong>interpres.</strong></span> <span class='ocrx_word' id='word_1_872' title='bbox 2213 5435 2317 5509; x_wconf 69' lang='lat' dir='ltr'><strong>sed</strong></span> <span class='ocrx_word' id='word_1_873' title='bbox 2352 5452 2452 5490; x_wconf 83' lang='lat' dir='ltr'><strong>vox</strong></span> <span class='ocrx_word' id='word_1_874' title='bbox 2482 5439 2796 5509; x_wconf 78' lang='grc' dir='ltr'>πρόσκαιρα</span> <span class='ocrx_word' id='word_1_875' title='bbox 2823 5456 3110 5507; x_wconf 88' lang='lat' dir='ltr'><strong>operarum</strong></span> <span class='ocrx_word' id='word_1_876' title='bbox 3136 5434 3458 5506; x_wconf 75' lang='lat' dir='ltr'><strong>negligentia</strong></span> 
     </span>
    </p>
   </div>
   <div class='ocr_carea' id='block_1_119' title="bbox 1885 5505 3454 5576">
    <p class='ocr_par' dir='ltr' id='par_1_119' title="bbox 1885 5505 3454 5576">
     <span class='ocr_line' id='line_1_119' title="bbox 1885 5505 3454 5576; baseline 0.004 -21"><span class='ocrx_word' id='word_1_877' title='bbox 1885 5505 1937 5556; x_wconf 89' lang='lat' dir='ltr'><strong>in</strong></span> <span class='ocrx_word' id='word_1_878' title='bbox 1973 5505 2212 5576; x_wconf 87' lang='lat' dir='ltr'><strong>editione</strong></span> <span class='ocrx_word' id='word_1_879' title='bbox 2246 5505 2416 5560; x_wconf 80' lang='lat' dir='ltr'><strong>l’aris.</strong></span> <span class='ocrx_word' id='word_1_880' title='bbox 2462 5505 2661 5562; x_wconf 82' lang='lat' dir='ltr'><strong>omissa</strong></span> <span class='ocrx_word' id='word_1_881' title='bbox 2697 5505 2894 5562; x_wconf 81' lang='lat' dir='ltr'><strong>fuerat.</strong></span> <span class='ocrx_word' id='word_1_882' title='bbox 2932 5511 3047 5562; x_wconf 79' lang='lat' dir='ltr'><strong>Mox</strong></span> <span class='ocrx_word' id='word_1_883' title='bbox 3081 5505 3224 5561; x_wconf 59' lang='lat' dir='ltr'><strong>mssf</strong></span> <span class='ocrx_word' id='word_1_884' title='bbox 3249 5521 3454 5576; x_wconf 82' lang='lat' dir='ltr'><strong>septem</strong></span> 
     </span>
    </p>
   </div>
   <div class='ocr_carea' id='block_1_120' title="bbox 1889 5575 3462 5654">
    <p class='ocr_par' dir='ltr' id='par_1_120' title="bbox 1889 5575 3462 5654">
     <span class='ocr_line' id='line_1_120' title="bbox 1889 5575 3462 5654; baseline 0.002 -29"><span class='ocrx_word' id='word_1_885' title='bbox 1889 5575 2453 5654; x_wconf 50' lang='grc' dir='ltr'>ἐπικατάρατοςιμμιιι</span> <span class='ocrx_word' id='word_1_886' title='bbox 2486 5595 2548 5654; x_wconf 68' lang='lat' dir='ltr'><strong>ex</strong></span> <span class='ocrx_word' id='word_1_887' title='bbox 2589 5593 2716 5632; x_wconf 87' lang='lat' dir='ltr'><strong>voce</strong></span> <span class='ocrx_word' id='word_1_888' title='bbox 2748 5580 2802 5654; x_wconf 63' lang='lat' dir='ltr'><strong>in</strong></span> <span class='ocrx_word' id='word_1_889' title='bbox 2825 5579 3069 5654; x_wconf 75' lang='lat' dir='ltr'><strong>editione</strong></span> <span class='ocrx_word' id='word_1_890' title='bbox 3096 5578 3266 5630; x_wconf 72' lang='lat' dir='ltr'><strong>Paris.</strong></span> <span class='ocrx_word' id='word_1_891' title='bbox 3308 5575 3462 5654; x_wconf 54' lang='lat' dir='ltr'><strong>facta;</strong></span> 
     </span>
    </p>
   </div>
   <div class='ocr_carea' id='block_1_121' title="bbox 1889 5647 3462 5726">
    <p class='ocr_par' dir='ltr' id='par_1_121' title="bbox 1889 5647 3462 5726">
     <span class='ocr_line' id='line_1_121' title="bbox 1889 5647 3462 5726; baseline 0.003 -30"><span class='ocrx_word' id='word_1_892' title='bbox 1889 5658 2015 5698; x_wconf 91' lang='lat' dir='ltr'><strong>sunt</strong></span> <span class='ocrx_word' id='word_1_893' title='bbox 2040 5648 2179 5726; x_wconf 68' lang='lat' dir='ltr'><strong>«hue,</strong></span> <span class='ocrx_word' id='word_1_894' title='bbox 2216 5647 2696 5719; x_wconf 74' lang='grc' dir='ltr'>ὲπεὶ’κατάρατος.</span> <span class='ocrx_word' id='word_1_895' title='bbox 2745 5649 2982 5702; x_wconf 88' lang='lat' dir='ltr'><strong>Subinde</strong></span> <span class='ocrx_word' id='word_1_896' title='bbox 3029 5665 3158 5703; x_wconf 89' lang='lat' dir='ltr'><strong>mss.</strong></span> <span class='ocrx_word' id='word_1_897' title='bbox 3215 5658 3325 5704; x_wconf 80' lang='lat' dir='ltr'><strong>tres</strong></span> <span class='ocrx_word' id='word_1_898' title='bbox 3369 5647 3462 5702; x_wconf 84' lang='grc' dir='ltr'>ὲπί</span> 
     </span>
    </p>
   </div>
   <div class='ocr_carea' id='block_1_122' title="bbox 1888 5731 2150 5771">
    <p class='ocr_par' dir='ltr' id='par_1_122' title="bbox 1888 5731 2150 5771">
     <span class='ocr_line' id='line_1_122' title="bbox 1888 5731 2150 5771; baseline 0.015 -4"><span class='ocrx_word' id='word_1_899' title='bbox 1888 5731 1994 5768; x_wconf 86' lang='grc' dir='ltr'>τινι</span> <span class='ocrx_word' id='word_1_900' title='bbox 2020 5733 2150 5771; x_wconf 83' lang='grc' dir='ltr'>των.</span> 
     </span>
    </p>
   </div>
   <div class='ocr_carea' id='block_1_123' title="bbox 3079 5875 3146 5934">
    <p class='ocr_par' dir='ltr' id='par_1_123' title="bbox 3079 5875 3146 5934">
     <span class='ocr_line' id='line_1_123' title="bbox 3079 5875 3146 5934; baseline -0.015 0"><span class='ocrx_word' id='word_1_901' title='bbox 3079 5875 3146 5934; x_wconf 63' lang='grc'><strong>14</strong></span> 
     </span>
    </p>
   </div>
  </div>
