3978 6410
532 352 635 405 419

1836 349 1893 402 S.
1934 350 2176 402 BASlLIl
2213 351 2426 400 ΜΑιιΝι

3628 403 3641 413 ,
3660 359 3760 407 420

532 469 641 525 boli
677 468 902 521 insidias
951 464 1238 535 pugnanti,
1295 464 1551 518 cmittens
1605 463 2083 518 administratoriot

2202 463 2487 533 σύμμαχος
2521 477 2685 515 παντι
2730 461 2808 532 τῷ
2853 462 3263 533 στρατευομένῳ
3304 464 3442 517 κατὰ
3484 464 3583 534 τῆς
3636 446 3759 535 μεοᾷ

531 563 755 634 spiritus
803 561 869 614 ad
924 558 1287 629 indigentium
1341 556 1590 611 salutem.
1657 556 1866 611 Invenit
1915 565 2094 609 autem

529 651 747 707 amictio
785 665 996 705 omnem
1036 649 1269 718 justum,
1303 648 1372 702 ob
1404 648 1529 701 vitae
1581 648 1885 702 institutam
1930 648 2094 701 ratio-

532 758 675 795 nem.
712 740 814 807 Qui
849 740 993 794 enim
1038 737 1275 793 declinat
1317 737 1479 790 latam
1514 751 1577 790 ac
1610 738 1900 804 spatiosam
1934 737 2091 799 viam,

532 834 774 887 ambulat
808 842 987 885 autem
1036 842 1318 901 angustam
1369 838 1423 882 et
1470 839 1672 883 arctam
1716 830 1858 883 viam
1878 828 1946 893 “,
1985 829 2029 883 is
2064 845 2092 884 a

532 922 969 979 tribulationibus
998 921 1290 975 invenitur.
1338 920 1471 975 Rem
1502 924 1565 976 ad
1612 924 1791 975 vivum
1824 923 2095 991 expressit

530 1018 799 1084 Pl‘Ophela
828 1055 842 1077 ,
879 1028 999 1067 cum
1037 1013 1208 1065 dixit:
1240 1012 1306 1064 In
1337 1013 1782 1079 tribulationibus,
1815 1030 1929 1084 qua:
1956 1017 2094 1067 inve-

529 1118 715 1164 nerunt
750 1124 840 1159 nos
882 1105 1055 1158 nimis.
1114 1103 1221 1158 Nos
1253 1107 1397 1157 enim
1434 1119 1532 1158 ceu
1564 1107 1799 1159 animata
1838 1107 2090 1161 animalia

528 1200 935 1270 deprehendunt
967 1195 1367 1258 tribulationes,
1404 1211 1522 1263 qua
1552 1197 1863 1266 patientiam
1894 1198 2091 1266 produ-

527 1300 673 1356 cunt,
697 1301 752 1346 et
776 1305 869 1360 per
900 1288 1217 1357 patientiam
1255 1287 1626 1355 probationem
1654 1328 1667 1352 ,
1699 1296 1750 1340 et
1784 1304 1878 1354 per
1902 1288 2091 1357 proba-

528 1387 727 1439 tionem
772 1398 919 1452 spem
945 1383 1009 1433 ⁸³.
1042 1380 1189 1435 Unde
1219 1390 1274 1434 et
1300 1382 1589 1448 Apostolus
1612 1380 1725 1433 ait:
1759 1379 1867 1433 Per
1895 1383 2088 1435 multas

525 1476 893 1529 tribulatioues
922 1482 1119 1540 oportet
1146 1489 1238 1525 nos
1261 1473 1456 1524 intrare
1481 1472 1532 1524 in
1558 1487 1767 1539 regnum
1782 1469 1971 1523 'Dei"‘i.
2000 1469 2084 1536 Et,

525 1568 708 1622 Μιιιια»
737 1566 1099 1620 tribulatione:
1116 1564 1462 1633 justorum‘".
1485 1564 1639 1632 172
1673 1561 1777 1617 Sed
1803 1565 1893 1632 qui
1922 1578 2087 1633 gene-

525 1674 646 1714 rose
666 1670 720 1713 et
746 1658 1011 1725 intrepide
1040 1656 1403 1709 tribulationis
1430 1655 1782 1707 tentationem
1812 1656 2086 1709 sustinue-

526 1764 617 1816 rit,
637 1750 778 1805 dicet
799 1768 811 1802 :
835 1748 899 1801 In
928 1748 1006 1799 his
1032 1749 1265 1800 omnibus
1292 1762 1595 1814 superamus
1621 1757 1832 1813 propter
1860 1763 1979 1799 eum
1998 1746 2085 1815 qui

2197 555 2375 615 οδείας
2419 552 2513 606 τοῦ
2570 553 2837 617 διαϐόλου,
2888 552 3229 608 ἀποστέλλων
3302 554 3372 609 τὰ
3417 555 3758 628 λειτουργικὰ

2196 644 2481 715 πνεύματα
2534 645 2671 716 πρὸς
2716 644 2813 717 τὴν
2862 646 3134 717 σωτηρίαν
3173 646 3281 699 τῶν
3327 647 3621 717 δεομένων.
3661 651 3757 704 Εὑ-

2199 735 2371 807 ρίσκει
2408 737 2465 789 δὲ
2507 739 2539 807 ἡ
2592 736 2769 799 θλίψις
2812 737 2985 791 πάντα
3024 738 3115 791 τὸν
3153 738 3357 793 δίκαιον
3396 740 3483 793 διὰ
3524 741 3625 812 τὴν
3669 742 3759 795 τοῦ

2195 827 2309 897 βίου
2377 828 2738 899 ἐπιτήδευσιν.
2779 829 2836 880 Ὁ
2883 828 2990 899 γὰρ
3040 829 3301 883 ἐκκλίνων
3346 832 3442 901 μὲν
3467 832 3567 902 τὴν
3626 833 3757 886 πλαο

2192 922 2340 972 τεῖαν
2386 920 2479 973 καὶ
2536 919 2847 991 εὐρύχωρον
2893 920 3032 984 ὁδὸν,
3082 921 3279 975 ὁδεύων
3326 922 3383 975 δὲ
3420 923 3522 991 τὴν
3570 924 3755 995 στενὴν

2192 1014 2285 1065 καὶ
2339 1012 2740 1084 τεθλιμμένην,
2805 1013 3117 1083 εὑρίσκεται
3171 1014 3273 1066 ὑπὸ
3314 1015 3423 1068 τῶν
3484 1014 3732 1085 θλίψεων.

2205 1103 2489 1174 Ἐμψύχως
2551 1106 2641 1158 τὸν
2719 1104 2876 1171 λόγον
2934 1105 3298 1175 ἐσχημάτισεν
3365 1108 3394 1159 ὁ
3464 1107 3755 1178 Προφήτης

2190 1197 2356 1249 εἰπών
2378 1214 2391 1227 ·
2438 1197 2538 1250 Ἐν
2560 1198 2801 1264 θλίψεσι
2832 1195 2959 1261 ταῖς
2984 1198 3301 1263 εὐρούσαις
3330 1196 3486 1265 ἡμᾶς
3505 1197 3754 1265 σφόδρα.

2191 1286 2399 1359 Ὥσπερ
2449 1286 2559 1357 γὰρ
2608 1285 2721 1350 ζῶα
2769 1285 2986 1356 ἔμψυχα
3039 1288 3541 1358 καταλαμϐάνουσιν
3591 1291 3756 1359 ἡμᾶς,

2188 1377 2547 1447 ἐργαζόμεναι
2578 1379 2874 1450 ὑπομονὴν,
2918 1380 3010 1433 καὶ
3048 1379 3135 1432 διὰ
3174 1380 3273 1449 τῆς
3301 1381 3578 1451 ὑπομονῆς
3616 1381 3757 1433 δοκι-

2191 1466 2317 1537 μὴν,
2350 1469 2443 1521 καὶ
2467 1470 2554 1523 διὰ
2582 1471 2683 1540 τῆς
2706 1471 2934 1542 δοκιμῆς
2962 1472 3170 1525 ἐλπίδα.
3211 1471 3370 1524 Ὅθεν
3408 1472 3502 1526 καὶ
3536 1474 3563 1525 ὁ
3612 1474 3758 1525 Ἀπό-

2189 1558 2371 1622 στολός
2396 1576 2527 1630 φησι
2548 1577 2559 1589 ·
2593 1561 2696 1615 Διὰ
2713 1561 2958 1616 πολλῶν
2986 1564 3251 1631 θλίψεων
3281 1563 3375 1615 δεῖ
3397 1561 3555 1633 ἡμᾶς
3569 1566 3759 1618 sical-

2186 1649 2310 1703 θεῖν
2348 1654 2434 1716 εὶς
2460 1651 2572 1718 τὴν
2595 1653 2922 1716 βασιλείαν
2951 1653 3057 1706 τοῦ
3083 1655 3228 1708 Θεοῦ
3269 1656 3381 1724 (30)
3404 1674 3415 1686 ·
3459 1658 3571 1719 καὶ,
3606 1661 3757 1711 Πολο

2186 1740 2288 1792 λαὶ
2324 1744 2381 1793 αἱ
2416 1741 2655 1810 θλίψεις
2684 1740 2801 1795 τῶν
2840 1742 3104 1796 δικαίων.
3153 1744 3290 1796 Ἀλλ’
3319 1746 3346 1796 ὁ
3370 1746 3633 1812 γενναίως
3664 1748 3757 1799 καὶ

523 1844 706 1897 dilexit
742 1857 833 1895 nos
855 1840 921 1891 θθ.
957 1840 1035 1891 Ac
1073 1848 1275 1890 tantum
1307 1840 1462 1890 abest
1495 1848 1555 1891 ut
1584 1838 1822 1891 animum
1854 1839 2083 1906 despon-

2187 1830 2475 1901 ἀταράχως
2504 1808 2594 1884 τὸν
2634 1834 2698 1886 ἐκ
2737 1832 2836 1902 τῆς
2870 1832 3099 1901 θλίψεως
3124 1808 3427 1906 πειρασμδν
3457 1838 3753 1907 ὑπομείνας

525 1940 670 1997 deat,
704 1950 769 1988 ac
816 1940 1025 1999 torpeat
1069 1929 1121 1981 in
1155 1926 1621 1993 tribulationibus,
1658 1938 1717 1980 ut
1764 1928 1926 1981 etiam
1973 1927 2086 1997 glo-

522 2026 700 2082 riandi
736 2025 1077 2079 occasionem
1115 2036 1181 2074 ex
1227 2019 1489 2074 malorum
1523 2019 1892 2088 magnitudine
1921 2021 2084 2075 desu-

524 2132 654 2184 mat,
689 2119 873 2172 dicens
910 2134 922 2169 :
964 2114 1082 2167 Non
1131 2113 1302 2166 solum
1339 2122 1536 2179 autem,
1567 2114 1656 2168 sed
1700 2123 1757 2166 et
1794 2113 2087 2183 gloriamur

522 2211 573 2262 iu
612 2205 1033 2261 tribulationibus
1060 2204 1128 2255 ’9.

589 2475 641 2527 5.
684 2474 847 2528 Vsus.
878 2472 930 2525 5.
970 2468 1251 2538 Propterea
1278 2484 1379 2520 non
1412 2468 1704 2521 timebimus
1752 2468 1875 2519 dum
1906 2466 2084 2519 turba-

521 2579 604 2620 tur
634 2578 791 2628 terra,
826 2575 872 2618 et
915 2555 1309 2631 transferumur
1335 2571 1531 2613 montes
1560 2560 1614 2613 in
1642 2560 1805 2614 corda
1831 2558 2081 2611 marium.

521 2660 770 2729 linguam
812 2656 1120 2710 ﬁrmitatem
1168 2653 1376 2707 ﬁduciae
1422 2651 1474 2706 in
1515 2651 1797 2706 Christum
1845 2650 2085 2705 ostendit

522 2754 784 2823 Propheta
815 2767 829 2803 :
863 2748 1140 2811 nimirum,
1180 2745 1399 2800 etiamsi
1437 2744 1621 2799 omnia
1674 2756 1891 2799 sursum
1925 2743 2083 2797 deor-

520 2862 634 2900 sum
670 2843 1075 2914 provolvuntur,
1104 2839 1317 2895 etiamsi
1348 2848 1488 2893 terra
1512 2838 1724 2892 turbata
1759 2837 2080 2900 invertatur,

521 2936 732 2991 etiamsi
771 2942 1002 2999 montes,
1026 2931 1247 3000 propria
1279 2930 1407 2983 sede
1448 2928 1658 2993 relicta,
1684 2926 2084 2981 transferantur

520 3048 571 3083 ιιι
600 3029 833 3084 medium
866 3040 1035 3089 mare,
1079 3022 1202 3076 Non
1233 3022 1526 3075 timebimus
1558 3036 1575 3073 :
1611 3020 1752 3088 quod
1786 3019 1952 3073 Deum
1985 3018 2081 3073 ha-

520 3134 740 3176 ueamus
769 3118 1033 3186 refugium
1062 3115 1427 3181 virtutemque
1465 3121 1519 3164 et
1561 3112 1863 3179 adiutorem
1894 3109 1944 3162 in
1978 3110 2075 3163 tri-
2104 3144 2150 3207 ο

520 3212 902 3273 palationibus,
933 3222 1052 3277 qua:
1087 3206 1407 3258 invenerunt
1440 3218 1538 3257 nos
1574 3202 1753 3255 nimis.
1785 3199 2076 3267 (ieiunam

520 3322 611 3360 cor
645 3303 973 3373 impavidum
1014 3299 1181 3363 adeo,
1231 3295 1511 3363 cuiusnam
1546 3295 1905 3366 cogitationes
1944 3295 2078 3348 adeo

520 3408 644 3451 sunt
670 3392 1091 3462 imperturbatae,
1124 3403 1184 3445 ut
1207 3390 1351 3445 illius
1380 3389 1593 3443 animus
1623 3387 1677 3441 in
1715 3396 1863 3440 tanta
1891 3385 2080 3440 confu-

520 3490 670 3543 sione
708 3487 780 3541 sit
824 3486 889 3538 ad
927 3485 1093 3539 Deum
1131 3484 1393 3546 intentus,
1436 3496 1499 3535 ac
1535 3488 1754 3549 propter
1783 3479 2076 3547 repositam

520 3598 570 3634 in
598 3581 715 3649 ipso
760 3591 908 3647 spem
951 3591 1017 3630 ex
1056 3574 1203 3629 nullo
1250 3587 1432 3627 rerum
1468 3581 1662 3625 eventu
1695 3569 2079 3640 perturbetur?

518 3670 624 3725 Nos
651 3684 781 3723 vero
816 3667 1048 3722 hominis
1082 3667 1215 3721 iram
1249 3680 1353 3719 non
1385 3664 1750 3729 sustinemus;
1787 3673 1880 3717 aut
1912 3663 2080 3732 impe-

519 3774 663 3818 tente
698 3777 793 3816 nos
822 3776 978 3824 cane,
1032 3769 1127 3813 aut
1173 3757 1280 3811 alio
1338 3756 1530 3827 quovis
1579 3754 1820 3821 animali,
1852 3768 1960 3808 non
2012 3755 2078 3807 ad

519 3857 682 3908 Deum
719 3854 1033 3922 respicimus
1073 3850 1375 3919 adjutorem
1412 3857 1659 3905 nostrum
1693 3850 1747 3903 in
1780 3848 2079 3903 tribulatio-

519 3947 696 4012 nibus,
734 3946 828 3999 sed
883 3943 1169 4013 stupefacti
1209 3942 1277 3996 ad
1330 3957 1429 3996 nos
1478 3942 1626 4011 ipsos
1686 3941 2077 3995 convertimur.

486 4036 686 4113 ,Vsas.
720 4036 773 4091 4.
810 4036 1110 4089 Sonuerunt
1155 4044 1203 4087 et
1251 4033 1475 4086 turbata:
1522 4043 1641 4086 sunt
1684 4047 1832 4100 aqua
1878 4046 2075 4084 eorum.

520 4131 665 4183 Dixit
712 4128 916 4181 telluris
966 4125 1432 4181 conturbationem
1493 4139 1559 4181 ac
1588 4123 1849 4178 montium
1899 4132 2080 4179 trans-

518 4224 769 4277 lationem
818 4239 833 4274 :
886 4220 1053 4274 maris
1099 4232 1315 4288 quoque
1369 4218 1788 4292 commotionem
1842 4215 1976 4271 dicit
2026 4225 2082 4269 et

517 4316 871 4376 eversionem,
918 4312 1191 4366 montibus
1228 4312 1278 4364 in
1327 4312 1565 4365 medium
1614 4310 1838 4380 pelagus
1869 4308 2078 4363 ruenti-

517 4410 633 4462 bus.
663 4404 958 4460 Souuerunt
977 4411 1025 4456 et
1050 4403 1271 4455 turbata:
1295 4410 1419 4455 sunt
1440 4417 1590 4471 aqum
1610 4402 1820 4465 eorum;
1849 4401 2078 4454 marium

2186 1923 2319 1995 ἐρεῖ,
2349 1924 2428 1975 ὅτι
2468 1924 2571 1978 Ἐν
2593 1925 2826 1990 τούτοις
2853 1925 3041 1980 πᾶσιν
3076 1925 3484 1996 ὑπερνικῶμεν
3520 1928 3620 1982 διὰ
3651 1929 3755 1983 τοῦ

2183 2015 2607 2085 ἀγαπήσαντος
2633 2016 2807 2087 ἡμᾶς.
2853 2019 2964 2072 Καὶ
3004 2019 3253 2073 τοσοῦτον
3293 2020 3483 2090 ἀπέχει
3509 2022 3755 2093 ἀπαυδᾷν

2182 2110 2276 2161 καὶ
2313 2110 2572 2162 ἀποκνεῖν
2604 2110 2661 2165 ἐν
2706 2112 2825 2173 ταῖς
2858 2109 3118 2180 θλίψεσιν,
3154 2113 3234 2165 ὅτι
3280 2113 3372 2165 καὶ⁵
3404 2116 3755 2184 καυχήματος

2183 2199 2434 2272 ἀφορμὴν
2474 2200 2534 2253 τὸ
2563 2200 2893 2273 ὑπερϐάλλον
2923 2202 3030 2255 τῶν
3074 2202 3259 2256 κακῶν
3290 2206 3519 2257 ποιεῖται
3559 2204 3753 2273 λέγων,

2182 2292 2374 2345 ὅτιού
2399 2293 2593 2360 μόνον
2634 2291 2721 2356 δὲ,
2768 2292 2928 2347 ἀλλὰ
2966 2294 3063 2348 καὶ
3115 2294 3477 2363 καυχώμενοι
3511 2296 3583 2350 ἐν
3631 2297 3758 2363 ταῖς

2182 2379 2449 2447 θλίψεσι.

2252 2470 2305 2524 5.
2350 2471 2451 2525 Διὰ
2491 2471 2665 2525 τοῦτο
2703 2473 2775 2525 οὐ
2810 2473 3269 2543 φοϐηθησόμεθα
3309 2475 3377 2528 ἐν
3417 2475 3497 2541 τῷ
3530 2476 3727 2544 ταράσ

2182 2566 2394 2619 σεσθαι
2410 2563 2526 2631 τὴν
2546 2562 2681 2632 γῆν,
2713 2565 2807 2619 καὶ
2829 2565 3241 2634 μετατίθεσθαι
3267 2566 3373 2636 ὄρη
3396 2568 3467 2622 ἐν
3485 2568 3755 2637 καρδίαις

2184 2653 2528 2709 θαλασσῶν.
2570 2655 2728 2724 Μέγα
2752 2655 3112 2710 ἐπιδείκνυται
3144 2658 3204 2710 τὸ
3238 2659 3520 2730 στερέωμα
3545 2660 3649 2729 τῆς
3676 2663 3754 2723 εἰς

2180 2746 2414 2818 Χριστὸν
2466 2746 2842 2817 πεποιθήσεως
2888 2748 3000 2820 (51)
3050 2751 3079 2802 ὁ
3131 2750 3456 2822 Προφήτης,
3505 2752 3590 2804 ὅτι
3651 2752 3756 2805 κᾶν

2181 2839 2361 2893 πάντα
2410 2839 2522 2893 ἄνω
2550 2839 2643 2893 καὶ
2674 2840 2824 2894 κάτω
2863 2840 3102 2913 γίνηται,
3147 2842 3306 2913 κᾶνή
3349 2843 3418 2912 γῆ
3454 2843 3754 2914 στρέφηται

2180 2930 2555 3004 ταρασσομένη
2576 2970 2590 2995 ,
2630 2931 2731 2985 κᾶν
2758 2932 2826 2987 τὰ
2857 2932 2959 3004 δρη
2984 2933 3081 3005 τὴν
3110 2933 3314 2988 οἰκείαν
3341 2933 3501 3005 ἐδραν
3527 2937 3752 2989 καταλι-

2181 3025 2349 3077 πόντα
2368 3063 2382 3087 ,
2414 3023 2549 3094 πρὸς
2582 3022 2652 3076 τὰ
2690 3024 2829 3093 μέσα
2864 3024 3179 3095 μεθίσταται
3210 3025 3308 3096 τῆς
3337 3024 3639 3097 θαλάσσης’
3671 3029 3751 3081 Οὐ

2179 3118 2653 3185 φοϐηθησόμεθα,
2687 3115 2774 3168 διὰ
2799 3116 2858 3168 τὸ
2882 3115 3023 3186 ἔχειν
3049 3118 3139 3171 τὸν
3160 3118 3290 3171 Θεὸν
3318 3117 3637 3187 καταφυγὴν
3660 3119 3752 3170 καὶ

2179 3206 2405 3277 δύναμιν
2433 3207 2525 3261 καὶ
2568 3205 2759 3278 βοηθὸν
2791 3208 2848 3260 ἐν
2875 3207 3086 3277 θλίψεσι
3124 3211 3242 3272 ταῖς
3276 3208 3562 3279 εὑρούσαις
3602 3210 3752 3278 ἡμᾶς

2182 3301 2407 3372 σφόδρα.
2447 3299 2601 3363 Τίνος
2633 3300 2804 3363 οὑτως
2842 3300 3111 3372 ἀπτόητος
3144 3302 3176 3371 ή
3222 3300 3447 3370 καρδία,
3477 3301 3624 3363 τινος
3661 3301 3751 3353 οὓς

2177 3407 2285 3453 τως
2333 3390 2593 3460 ἁτάραχοι
2642 3389 2692 3440 οἱ
2743 3387 3011 3459 λογισμοὶ,
3060 3387 3201 3441 ὥστε
3246 3389 3303 3440 ἐν
3336 3392 3399 3459 τῇ
3448 3388 3748 3459 τηλικαύτῃ

2181 3482 2437 3553 συγχύσει
2487 3482 2740 3536 τετάσθαι
2785 3486 2852 3553 τῇ
2897 3484 3105 3555 διανοίᾳ
3156 3483 3291 3555 πρὸς
3329 3484 3419 3537 τὸν
3455 3483 3610 3549 Θεὸν,
3658 3487 3752 3538 καὶ

2178 3579 2265 3633 διὰ
2295 3577 2394 3649 τὴν
2438 3576 2573 3647 πρὸς
2606 3577 2764 3630 αὑτὸν
2793 3577 2999 3640 ἐλπίδα,
3033 3578 3124 3630 ἐπὶ
3169 3576 3357 3648 μηδενὶ
3396 3577 3504 3629 τῶν
3531 3579 3751 3649 γινομέ-

2178 3684 2285 3722 νων
2328 3667 2753 3739 ἐκπλήττεσθαι;
2806 3668 2992 3738 Ἡμεῖς
3035 3667 3091 3721 δὲ
3132 3668 3415 3739 ἀνθρώπου
3443 3669 3612 3741 ὀργὴν
3652 3672 3749 3741 οὐχ

2181 3759 2553 3830 ὑπομένομεν·
2595 3759 2627 3830 ἢ
2676 3758 2835 3821 κυνὸς
2878 3757 3297 3829 ἐπιδραμόντος,
3347 3758 3571 3830 ἥᾶλλου
3602 3760 3750 3823 τινὸς

2180 3851 2389 3923 θηρίου,
2418 3852 2478 3904 οὑ
2510 3852 2641 3921 πρὸς
2672 3850 2804 3903 Θεὸν
2831 3849 3207 3920 ἀποϐλέπομεν
3236 3851 3328 3904 τὸν
3358 3851 3550 3921 βοηθὸν
3588 3852 3749 3923 ἡμῶν

2181 3946 2237 3997 ἐν
2269 3947 2389 4005 ταῖς
2421 3942 2680 4012 θλίψεσιν,
2716 3941 2851 3995 ἀλλὰ
2890 3941 3304 4011 διαπτοηθέντες
3336 3944 3472 4013 πρὸς
3516 3944 3750 4006 ἑαυτοὺς

2182 4032 2635 4105 ἐπιστρεφόμεθα.
2685 4035 2962 4102 Ἦχησαν
3031 4033 3127 4086 καὶ
3203 4032 3622 4103 ἐταράχθησαν
3680 4035 3753 4088 τὰ

2179 4126 2369 4179 ὕδατα
2397 4122 2610 4178 αὐτῶν.
2648 4121 2779 4177 Εῖπε
2807 4124 2909 4194 γῆς
2942 4124 3205 4196 ταραχὴν,
3232 4127 3323 4179 καὶ
3352 4126 3493 4194 ὀρῶν
3520 4126 3752 4196 μετάθεο

2183 4230 2266 4267 σιν
2286 4232 2299 4244 ·
2328 4214 2476 4282 λέγει
2500 4215 2593 4267 καὶ
2615 4214 2883 4285 θαλάσσης
2911 4214 3070 4269 σάλον
3104 4216 3198 4269 καὶ
3222 4216 3553 4287 ἀνατροπὴν,
3582 4218 3749 4287 μέσον

2180 4304 2289 4357 τῶν
2330 4305 2498 4375 ὁρέων
2539 4308 2649 4367 τοῖς
2696 4304 2986 4374 πελάγεσιν
3024 4306 3421 4377 ἐμπιπτόντων.
3473 4308 3751 4377 Ἠχησαν

2182 4397 2277 4449 καὶ
2300 4396 2716 4466 ἐταράχθησαν
2739 4396 2810 4450 τὰ
2834 4398 3022 4452 ὕδατα
3053 4397 3250 4452 αὐτῶν
3272 4415 3285 4430 ο
3326 4400 3433 4452 τῶν
3463 4398 3751 4452 θαλασσῶν

519 4494 783 4549 videlicet.
833 4492 1157 4560 Ampliorem
1208 4498 1383 4545 autem
1435 4490 1897 4559 perturbationem
1930 4488 2078 4544 exci-

2185 4486 2439 4556 δηλονότι.
2502 4487 2622 4539 Ἐπὶ
2654 4486 2813 4540 πλέον
2854 4487 2909 4540 δὲ
2950 4491 3181 4541 ποιεῖται
3226 4488 3325 4560 τὴν
3368 4488 3478 4558 (59.)
3530 4490 3589 4541 ἐν
3634 4492 3751 4552 τοῖς

518 4594 635 4638 tant
660 4586 712 4639 in
739 4584 893 4652 aquis
921 4593 1132 4637 montes
1165 4581 1288 4650 ipsi,
1323 4582 1366 4635 si
1393 4581 1444 4633 in
1470 4581 1602 4633 mari
1633 4579 1772 4632 ﬁrmi
1801 4594 1905 4633 non
1928 4591 2077 4645 sunt,

517 4674 610 4727 sed
646 4674 857 4742 propria
884 4674 1179 4742 agitatione
1214 4671 1437 4724 multum
1474 4670 1630 4738 aquis
1670 4667 1901 4723 afferunt
1932 4682 2077 4722 com-

520 4763 788 4817 motionis.
826 4762 957 4815 Cum
998 4762 1161 4831 igitur
1198 4769 1341 4813 terra
1370 4759 1635 4820 turbatur,
1677 4764 1731 4811 et
1766 4771 1918 4824 aqua:
1962 4770 2077 4809 ma-

520 4855 655 4905 rium
695 4853 855 4907 edent
888 4866 1099 4914 sonum,
1128 4862 1183 4905 et
1216 4866 1282 4904 ex
1328 4848 1592 4920 profundo
1624 4846 1905 4909 ebullient,
1952 4860 2074 4900 cum

522 4952 730 4995 montes
787 4944 1186 4996 transferuntur
1236 4952 1290 4995 et
1338 4939 1797 5010 perturbationem
1855 4936 2076 4991 multam

519 5036 823 5101 sustinent,
880 5049 976 5103 per
1018 5044 1428 5103 exsuperantem
1479 5030 1691 5085 Domini
1738 5032 2074 5097 potentiam:

523 5138 668 5190 tunc,
706 5127 904 5195 inquit,
952 5142 1046 5180 cor
1088 5128 1537 5195 imperturbatum
1586 5130 1892 5192 permanet,
1939 5121 2082 5190 quod

590 5226 635 5254 "
665 5223 848 5276 Matth.
889 5239 984 5286 vit,
1025 5222 1112 5288 15,
1141 5223 1225 5276 14.
1339 5222 1383 5253 ⁸⁸
1426 5220 1580 5275 Rom.
1626 5235 1675 5284 ν,
1718 5219 1771 5282 5,
1804 5216 1860 5270 4.

558 5294 601 5325 ⁹⁹
642 5293 795 5347 Rom.
839 5310 890 5355 ν,
934 5293 987 5345 5.

593 5407 703 5473 (50)
735 5405 806 5457 lta
841 5421 969 5458 mss.
999 5418 1187 5473 novent
1204 5419 1327 5457 cum
1356 5403 1566 5473 vulgato
1593 5400 1887 5473 Scriptura:
1906 5408 2074 5473 textu.

523 5470 657 5545 Editi
688 5470 788 5545 τὴν
818 5474 1089 5544 βασιλείαν
1112 5472 1217 5525 τῶν
1235 5472 1494 5543 οὐρανῶν.
1525 5472 1638 5525 Mox
1658 5470 1786 5545 editi
1801 5485 1918 5521 cum
1944 5470 2077 5545 lieg.

523 5538 762 5607 quintob
796 5538 1057 5612 γενναῖος.
1094 5544 1199 5597 Alii
1235 5538 1327 5597 sei
1369 5559 1499 5597 mss.
1542 5545 1569 5594 ὁ
1598 5538 1882 5612 γενναίως,
1918 5548 1972 5592 et
2004 5539 2076 5591 ita

522 5610 972 5677 legentium'esse,
1006 5617 1048 5667 si
1083 5630 1186 5667 non
1243 5614 1472 5667 aliunde.
1502 5622 1552 5664 at
1602 5626 1666 5663 ex
1716 5610 1959 5678 proxima
1996 5616 2078 5662 ta-

523 5698 640 5755 men
662 5699 794 5755 voce
822 5686 1127 5755 ἀταράχως,
1155 5683 1311 5751 plane
1346 5690 1636 5755 constaret.

595 5752 702 5804 (Sil
732 5754 819 5807 Sic
863 5748 1169 5809 oc'to'utssf
1192 5768 1310 5807 cum
1345 5753 1575 5806 editione
1624 5749 1781 5803 Bttsil.
1825 5748 1891 5802 At
1923 5748 2073 5803 Colb.

2187 4576 2341 4629 ὑδασι
2372 4577 2613 4648 ταραχὴν
2655 4579 2793 4633 αὑτὰ
2834 4578 2904 4632 τὰ
2946 4580 3047 4651 ὅρη
3096 4580 3168 4650 μὴ
3203 4580 3515 4651 ὲνιόρυμένα
3549 4584 3615 4652 τῇ
3650 4582 3749 4634 θαα-

2190 4667 2382 4738 λάσσῃ,
2409 4668 2542 4722 ἀλλὰ
2584 4668 2661 4740 τῷ
2687 4670 2869 4740 οἰκείῳ
2904 4669 3048 4740 σάλῳ
3084 4670 3249 4723 πολὺν
3282 4669 3608 4739 ἐμποιοῦντα
3651 4670 3752 4722 τὸν

2186 4758 2369 4813 κλόνον
2401 4764 2509 4825 τοῖς
2542 4762 2745 4815 ὑδασιν.
2780 4763 2908 4813 Ὅτε
2936 4763 3112 4815 τοίνυν
3164 4765 3196 4833 ἡ
3252 4763 3347 4832 μὲν
3382 4763 3454 4832 γῆ
3482 4764 3753 4834 ταράσσε-

2182 4868 2293 4915 ται,
2332 4850 2497 4905 ὑδατα
2537 4854 2591 4905 δὲ
2620 4853 2899 4907 θαλασσῶν
2932 4855 3120 4923 ὴχήσει
3158 4853 3246 4906 καὶ
3277 4853 3753 4924 άναϐρασθήσεται

2185 4945 2249 4996 ἐκ
2280 4945 2474 5013 βυθῶν,
2503 4947 2601 5018 ὅρη
2625 4946 2681 5000 δὲ
2713 4946 3054 5016 μετατίθεται
3080 4947 3169 4998 καὶ
3196 4945 3357 4997 πολὺν
3380 4946 3635 5016 ὑπομένει
3660 4947 3749 4997 τὸν

2186 5034 2439 5105 τάραχον,
2471 5036 2555 5088 διὰ
2589 5037 2647 5089 τὸ
2686 5035 3021 5107 ὑπερϐάλλον
3063 5035 3157 5104 τῆς
3195 5033 3472 5103 δυνάμεως
3504 5033 3601 5085 τοῦ
3635 5036 3749 5086 Κυ-

2193 5124 2337 5194 ρίουο
2370 5127 2508 5191 τότε,
2543 5129 2726 5198 φησὶν,
2756 5128 3025 5199 ἀπτόητος
3048 5126 3200 5197 ἡμῶν
3235 5133 3265 5197 η
3295 5127 3489 5198 καρδία
3518 5127 3613 5180 τοῦ
3644 5130 3748 5180 ἁσ-

1976 5216 2024 5248 ⁹⁶
2058 5215 2180 5271 Act.
2225 5236 2335 5284 xw,
2376 5221 2464 5276 21.
2541 5225 2585 5255 "
2627 5222 2768 5278 Psal.
2811 5239 3004 5287 χχχιιι,
3043 5225 3132 5277 ‘20.
3210 5223 3255 5253 ’⁸
3294 5222 3451 5276 Rom.
3494 5240 3610 5285 viti,
3651 5223 3745 5276 37.

2185 5407 2369 5453 sextus
2400 5408 2454 5451 et
2486 5398 2649 5451 editio
2682 5398 2854 5450 Paris.
2900 5398 2997 5468 τῆς
3044 5398 3123 5459 είς
3156 5395 3301 5468 -Θεὸν
3348 5395 3746 5468 πεποιθήσεως.

2257 5468 2367 5538 (32)
2395 5467 2544 5521 Colb.
2572 5470 2778 5537 primus
2818 5466 2966 5519 ποιεῖ
2983 5468 3100 5538 τήν.
3153 5466 3260 5538 Nec
3290 5466 3747 5538 ita_ntultq_intra

2187 5534 2585 5607 quinque'mss.
2620 5554 2739 5591 cum
2771 5538 3007 5591 editione
3037 5534 3214 5589 ’Basil.
3246 5534 3537 5607 ποιοῦνταη
3566 5535 3747 5607 Editio

2186 5604 2314 5660 vero
2353 5605 2525 5661 Paris.
2574 5624 2693 5661 cum
2726 5608 2874 5660 Colh.
2920 5616 3072 5661 sexto
3102 5604 3448 5674 ἐμποιοῦντα.
3507 5605 3748 5656 Subinde

2187 5693 2314 5800 LIISS.
2354 5686 2464 5729 tres
2504 5680 2534 5747 ἡ
2569 5679 2663 5746 μὲν
2696 5677 2788 5745 γῆ.
2837 5676 3032 5732 Vocula
3064 5675 3161 5747 μέν
3194 5677 3245 5728 in
3279 5674 3436 5729 editis
3467 5674 3747 5728 desidera-

2224 5759 2361 5799 atur.
2482 5772 2489 5783 ι

2224 5759 2361 5799 81111⁵.
