3978 6410
265 388 363 439 4Ξί1

1388 386 1672 436 HUMILIA
1710 387 1774 433 ΙΝ
1817 385 2146 433 ινδΑωιυΜ
2188 383 2343 434 XLV.

3394 386 3499 440 422

267 502 455 570 φαλεῖς
502 500 596 553 καὶ
644 500 862 569 βεόαίας
909 498 1051 570 ἔχειν
1105 501 1197 552 ἐπὶ
1247 499 1375 552 Θεὺν
1435 500 1531 563 τὰς
1588 498 1829 562 ἐλπίδας.

1945 508 2081 554 tutas
2115 499 2409 567 ﬁrmesque
2450 498 2501 553 in
2535 498 2645 555 Deo
2678 513 2807 569 spes
2849 500 3067 556 habeat.
3128 500 3344 557 Turbati
3381 513 3501 557 sunt

280 592 726 661 Ἑταράχθησαν
753 594 826 648 τὰ
856 593 959 661 ὅρη
993 592 1062 645 ἐν
1091 591 1165 660 τῇ
1204 593 1576 660 κραταιότητι
1622 592 1829 646 αὑτοῦ.

266 683 499 737 Δύνασαι
527 684 620 736 καὶ
652 683 927 755 τροπικῶς
953 682 1199 737 ἐκλαϐεῖν
1226 684 1323 755 τὴν
1353 683 1589 737 διάνοιαν
1612 684 1707 736 τοῦ
1738 687 1834 755 ρη-

265 773 383 838 τοῦ,
419 773 525 843 ὄρη
568 774 845 845 ὀνομάζων
886 774 1011 838 τοὺς
1060 774 1591 845 μεγαλοφρονοῦντας
1621 776 1714 828 ἐπὶ
1756 776 1835 845 τῷ

268 866 474 919 ἑαυτῶν
524 865 760 935 μεγέθει,
807 865 1131 934 ἀγνοοῦντας
1179 865 1236 919 δὲ
1282 867 1379 938 τὴν
1409 867 1501 921 τοῦ
1535 868 1668 921 Θεοῦ
1699 885 1834 940 κρα-

265 959 546 1028 ταιότητα,
575 958 670 1010 καὶ
690 958 959 1029 ύπερυψου
968 960 1159 1029 μένους
1187 960 1329 1013 κατὰ
1353 961 1452 1031 τῆς
1471 960 1725 1027 γνώσεως
1741 961 1833 1015 τοῦ

267 1049 426 1116 Θεοῦ,
464 1046 582 1102 εἶτα
626 1051 957 1121 νικωμένους
989 1050 1093 1103 ὑπὸ
1120 1050 1225 1105 τῶν
1267 1051 1404 1123 μετὰ
1434 1051 1713 1122 δυνάμεως
1744 1053 1837 1106 καὶ

270 1141 463 1211 σοφίας
487 1140 890 1211 πρεσϐευόντων
918 1142 1008 1194 τὸν
1034 1142 1129 1214 τῆς
1158 1143 1348 1212 σοφίας
1374 1143 1552 1212 λόγον,
1578 1145 1673 1198 καλ⁸
1699 1144 1837 1214 μετὰ

265 1228 367 1300 τὴν
396 1228 740 1299 συναίσθησιν
773 1230 869 1300 τῆς
908 1229 1116 1283 ἑαυτῶν
1157 1233 1429 1301 πτωχείας
1473 1233 1838 1303 φοϐουμένους

266 1320 357 1373 τὸν
389 1319 615 1390 Κύριον,
652 1320 746 1372 καὶ
776 1321 1336 1391 ύποταπεινουμένους
1386 1325 1451 1393 τῇ
1488 1323 1837 1393 κραταιότητι

267 1409 454 1463 αὐτοῦ.
498 1411 567 1462 Ἢ
596 1410 736 1480 τάχα
771 1411 865 1465 καὶ
894 1412 943 1465 ol
977 1412 1233 1483 ἄρχοντες
1261 1412 1355 1466 τοῦ
1396 1414 1589 1477 αἰῶνος
1624 1414 1835 1480 τούτου,

269 1502 363 1555 καὶ
384 1502 617 1573 πατέρες
642 1502 743 1573 τῆς
772 1503 1149 1573 ἀπολλυμένης
1184 1505 1395 1572 σοφίας,
1428 1504 1532 1574 ὄρη
1562 1504 1655 1559 καὶ
1686 1506 1839 1559 αὐτοὶ

266 1594 531 1663 λέγονται,
561 1597 951 1666 ταρασσόμενοι
994 1597 1050 1649 ὲν
1079 1599 1144 1667 τῇ
1175 1597 1266 1649 τοῦ
1301 1597 1535 1669 Χριστοῦ
1576 1597 1837 1668 κραταιό-

268 1701 391 1755 τητι
410 1726 426 1750 ,
456 1686 521 1755 ῆν
546 1686 603 1738 ὲν
629 1685 706 1756 τῷ
740 1687 907 1755 ἀγῶνι
934 1686 1023 1740 διὰ
1057 1687 1149 1741 τοῦ
1183 1688 1414 1759 σταυροῦ
1442 1688 1553 1757 (53)
1584 1689 1719 1758 πρὸς
1749 1688 1861 1746 τὸν.

268 1775 330 1829 τὸ
354 1776 552 1847 κράτος
586 1776 775 1847 ἔχοντα
801 1779 892 1832 τοῦ
941 1779 1171 1833 θανάτου
1201 1779 1530 1844 ἐπεδείξατο.
1582 1780 1837 1833 Ἀπεκδυ-

1936 601 2135 645 montes
2178 592 2233 643 in
2275 590 2583 659 fortitudine
2609 591 2745 660 ejus.
2781 590 2940 647 Potes
2970 595 3133 647 etiam
3167 594 3294 650 dicti
3341 596 3501 662 hujus

1934 696 2149 737 sensum
2176 698 2275 752 per
2298 683 2671 751 metaphoram
2697 698 2990 753 exponere,
3010 695 3208 741 montes
3229 686 3503 756 appellans

1933 784 2049 838 eos,
2085 771 2177 840 qui
2218 771 2288 825 ob
2338 786 2491 825 suam
2534 772 2959 841 magnitudinem
3009 774 3359 841 insolescunt,
3406 777 3502 830 Dei

1935 870 2064 910 vero
2094 856 2464 913 fortitudinem
2504 859 2775 929 ignorant,
2826 870 2881 914 et
2913 863 3181 918 extollunt
3218 879 3340 920 sese
3373 880 3504 919 con-

1937 955 2018 1001 tra
2062 946 2153 1003 Dei
2195 948 2474 1003 scientiam
2514 968 2526 1003 :
2568 951 2659 1020 qui
2715 960 2891 1005 tamen
2937 957 3275 1023 postmodum
3318 958 3386 1009 ab
3436 957 3503 1010 iis

1937 1041 2026 1110 qui
2080 1056 2203 1095 cum
2258 1043 2459 1096 virtute
2511 1051 2565 1097 et
2619 1044 2880 1113 sapientia
2945 1046 3167 1101 verbum
3226 1048 3547 1118 sapientize'

1936 1132 2257 1201 praedicant,
2302 1145 2630 1203 superantur
2661 1136 3066 1206 vincunturque
3091 1179 3105 1204 ,
3141 1150 3194 1194 et
3220 1156 3331 1195 sua:
3360 1140 3507 1209 ipso-

1939 1241 2057 1279 rum
2098 1228 2292 1296 inopiaa
2339 1228 2467 1282 facti
2496 1229 2724 1296 conscii,
2756 1232 2949 1286 timent
2987 1232 3294 1297 Dominum,
3342 1249 3407 1289 ac
3445 1249 3505 1288 se

1940 1317 2060 1388 ejus
2096 1320 2352 1388 potentiae
2384 1321 2725 1376 submittunt.
2781 1327 2887 1377 Aut
2931 1323 3179 1379 fortassis
3209 1337 3264 1379 et
3299 1325 3505 1392 princi-

1938 1425 2035 1479 pes
2069 1412 2253 1466 smculi
2307 1413 2485 1480 hujus,
2544 1422 2600 1468 et
2653 1425 2835 1484 patres
2890 1418 3169 1484 sapienti-.e
3226 1419 3502 1485 periturae,

1939 1508 2137 1554 montes
2167 1500 2417 1556 dicuntur
2456 1512 2510 1557 et
2539 1502 2663 1572 ipsi,
2696 1506 2785 1573 qui
2834 1506 3033 1561 turbati
3054 1516 3186 1560 sunt
3217 1509 3268 1561 in
3302 1506 3505 1563 Christi

1946 1588 2295 1656 fortitudine,
2326 1607 2487 1661 quam
2520 1594 2570 1648 in
2607 1596 2788 1651 crucis
2816 1598 3111 1652 certamine
3153 1606 3343 1653 contra
3380 1614 3503 1653 eum

1941 1681 2033 1750 qui
2078 1682 2361 1751 imperium
2427 1686 2618 1740 mortis
2672 1686 2946 1752 habebat,
2994 1691 3249 1745 ostendit.
3299 1691 3505 1745 Exutus

1942 1770 2087 1825 enim
2116 1772 2282 1828 veluti
2311 1787 2608 1843 generosus
2638 1777 2908 1846 quispiam
2956 1778 3182 1844 athleta,
3230 1779 3503 1849 principa-

273 1867 503 1937 σάμενος
529 1868 659 1940 γὰρ,
691 1869 877 1942 ὥσπερ
918 1889 1001 1935 τις
1038 1875 1277 1941 γενναῖος
1333 1873 1659 1944 ἀγωνιστὴς,
1701 1890 1836 1925 κατ-

1945 1870 2025 1915 tus
2058 1875 2123 1915 ac
2158 1871 2453 1931 potestates
2500 1866 2811 1933 superavit,
2855 1882 2920 1921 ac
2960 1868 3249 1923 Ostentavit
3300 1869 3502 1938 palam,

269 1960 533 2012 επάλαισε
565 1961 661 2024 τὰς
694 1962 867 2032 ἀρχὰς
910 1965 1004 2017 καὶ
1035 1964 1135 2028 τὰς
1172 1963 1415 2029 ἐξουσίας
1436 2007 1449 2030 ,
1495 1965 1590 2018 καὶ
1628 1965 1840 2034 Ἐδειγο-

263 2050 521 2120 μάτισεν
542 2053 610 2105 ἐν
640 2055 963 2122 παρῤησίᾳ,
990 2057 1384 2125 θριαμϐεύσας
1414 2036 1634 2121 αὐτοὺς
1658 2058 1729 2109 ἐν
1758 2055 1840 2121 τῷ

273 2144 311 2208 ε
318 2145 461 2211 ύλῳ.

343 2235 396 2290 4.
438 2236 547 2290 Τοῦ
582 2237 845 2305 ποταμοῦ
878 2237 950 2291 τὰ
980 2239 1285 2308 όρμήματα
1309 2242 1699 2309 εὐφραίνουσι
1726 2242 1838 2312 (54)

272 2324 388 2391 τὴν
421 2325 599 2379 πόλιν
636 2326 740 2379 τοῦ
781 2326 946 2381 Θεοῦ.
987 2327 1066 2379 Τὰ
1102 2328 1199 2397 μὲν
1237 2328 1456 2400 ἁλμυρὰ
1497 2330 1666 2385 ὕδατα
1714 2349 1842 2401 σφο-

272 2418 412 2489 δρῶς
437 2418 541 2471 ὑπὸ
572 2419 678 2471 τῶν
704 2419 1023 2488 πνευμάτων
1049 2420 1491 2491 ὲκταρασσόμενα
1516 2424 1725 2497 ἤχησαν
1748 2426 1843 2480 καὶ

272 2510 649 2580 ἐταράχθησαν
668 2528 683 2542 ·
716 2510 783 2564 τὰ
807 2512 863 2563 δὲ
890 2512 984 2565 τοῦ
1010 2512 1255 2582 ποταμοῦ
1285 2515 1427 2584 ὁρμή
1438 2533 1581 2584 ματα
1608 2516 1842 2587 ἀψοφητὶ

275 2600 549 2671 προϊόντα,
580 2601 673 2653 καὶ
700 2602 872 2673 ἠσυχῆ
905 2606 1018 2666 τοῖς
1044 2603 1212 2669 ἀξίοις
1242 2604 1340 2674 τῆς
1381 2605 1644 2679 ὑποδοχῆς
1690 2610 1845 2681 ἐπιρ-

278 2692 487 2762 ρἑντα,
519 2693 860 2762 εὐφραίνουσι
889 2694 985 2766 τὴν
1018 2695 1169 2748 πόλιν
1197 2697 1291 2750 τοῦ
1335 2697 1490 2754 Θεοῦ.
1537 2702 1646 2754 Καὶ
1690 2701 1783 2754 νῦν
1816 2705 1843 2756 ὁ

273 2783 480 2847 δίκαιος
522 2784 667 2836 πίνει
711 2784 772 2837 τὸ
818 2785 925 2847 ζῶν
957 2786 1120 2858 ὕδωρ,
1169 2790 1262 2841 καὶ
1300 2787 1522 2861 ὕστερον
1565 2792 1622 2844 δὲ
1659 2794 1843 2847 πίεται

274 2872 666 2943 ἀφθονώτερον,
711 2874 871 2945 ἡνίκα
904 2876 969 2929 ἃν
1016 2875 1454 2951 πολιτογραφηθῇ
1499 2882 1556 2934 ἐν
1596 2885 1661 2954 τῇ
1694 2884 1843 2938 πόλει

272 2964 367 3017 τοῦ
394 2964 546 3018 Θεοῦ.
591 2967 748 3020 Ἀλλὰ
793 2966 886 3020 νῦν
923 2970 1019 3039 μὲν
1057 2970 1122 3023 δι’
1156 2971 1418 3043 ἐσόπτρου
1449 2975 1542 3027 κα)⁸
1569 2976 1627 3028 ὲν
1667 2979 1844 3047 αίνίγ-

285 3075 416 3125 ματι
471 3059 650 3122 πίνει,
703 3060 789 3113 διὰ
835 3062 933 3130 τὴν
982 3063 1122 3116 κατὰ
1157 3063 1329 3136 βραχὺ
1379 3066 1683 3139 κατάληψιν
1736 3071 1845 3124 τῶν

273 3147 433 3201 θείων
464 3147 831 3219 θεωρημάτων
854 3168 867 3181 ο
903 3151 1022 3204 τότε
1048 3152 1103 3205 δὲ
1133 3154 1267 3223 ὁμοῦ
1296 3155 1727 3229 πλημμυροῦντα
1751 3161 1841 3214 τὸν

273 3238 514 3307 ποταμὸν
545 3237 878 3303 ὑποδέξεται,
915 3241 1095 3294 πᾶσαν
1141 3242 1208 3294 δι’
1241 3244 1578 3317 εὐφροσύνης
1618 3249 1841 3303 ἐπικλύ-

274 3329 388 3392 ζειν
416 3330 707 3401 δυνάμενον
739 3331 836 3401 τὴν
875 3331 1025 3385 πόλιν
1095 3333 1189 3387 τοῦ
1225 3334 1380 3390 Θεοῦ.
1435 3338 1531 3402 Τίς
1565 3340 1610 3392 δ’
1644 3341 1709 3395 ἂν
1755 3342 1838 3414 εἴη

272 3424 300 3473 ὁ
333 3420 572 3490 ποταμὸς
603 3420 697 3473 τοῦ
726 3420 859 3474 Θεοῦ
903 3424 934 3492 ἢ
976 3423 1035 3476 τὸ
1064 3424 1285 3496 Πνεῦμα
1330 3428 1391 3481 τὸ
1424 3428 1599 3497 ἅγιον,
1641 3433 1706 3486 ὲκ
1742 3434 1842 3503 τῆς

274 3513 507 3576 πίστεως
532 3513 638 3565 τῶν
670 3515 749 3577 είς
771 3515 1003 3585 Χριστὸν
1031 3520 1468 3574 πεπιστευκότων
1498 3523 1842 3595 ἐγγινόμενον

270 3606 383 3666 τοῖς
421 3603 628 3669 ἀξίοις;
666 3605 718 3657 '0
759 3605 870 3673 γὰρ
898 3609 1220 3673 πιστεύων,
1255 3611 1440 3680 φησὶν,
1465 3615 1553 3678 εἰς
1580 3615 1703 3683 ἐμὲ,
1734 3632 1840 3669 πο·-

270 3693 441 3763 ταμοὶ
470 3696 538 3748 ἐκ
567 3693 675 3764 τῆς
700 3696 930 3762 κοιλίας
951 3697 1135 3751 αὑτοῦ
1155 3701 1453 3766 ῥεύσουσι
1474 3718 1487 3731 ·
1531 3705 1624 3756 καὶ
1648 3705 1805 3759 πάλιν
1826 3724 1837 3735 ·

285 3787 420 3840 Ἐάν
446 3805 535 3853 τις
563 3788 671 3856 πίῃ
701 3789 769 3841 ἐκ
801 3788 905 3843 τοῦ
932 3789 1150 3857 ὕδατος
1172 3788 1243 3848 οὗ
1282 3791 1396 3863 ἐγὼ
1419 3793 1644 3864 δίδωμι,
1672 3798 1835 3866 γενήι

270 3896 438 3934 σεται
465 3882 534 3933 ἐν
559 3880 718 3947 αὐτῷ
746 3881 907 3952 πηγὴ
949 3882 1166 3949 ὕδατος
1197 3885 1535 3955 ἁλλομένου
1569 3892 1656 3955 εἰς
1693 3888 1843 3960 ζωὴν

269 3970 529 4025 αἰώνιον.
577 3966 743 4037 Οὗτος
780 3974 959 4027 τοίνυν
1005 3976 1033 4028 ὁ
1065 3976 1306 4047 ποταμὸς
1348 3977 1628 4048 εὐφραίνει
1665 3983 1843 4036 πᾶσαν

268 4064 405 4134 ὁμοῦ
433 4064 533 4136 τὴν
564 4064 717 4118 πόλιν
768 4064 859 4119 τοῦ
888 4064 1021 4119 Θεοῦ
1044 4107 1059 4132 ,
1092 4068 1210 4138 ἦτοι
1235 4068 1332 4139 τὴν
1366 4070 1689 4142 Ἐκκλησίαν
1736 4074 1842 4128 τῶν

270 4158 331 4210 τὸ
357 4157 651 4227 πολίτευμα
678 4158 908 4227 ἐχόντων
931 4161 989 4212 ὲν
1022 4160 1269 4231 οὐρανοῖς
1288 4179 1302 4191 ⁶
1332 4161 1365 4233 ἢ
1394 4165 1573 4218 πᾶσαν
1600 4165 1697 4236 τὴν
1723 4184 1844 4239 νοη-

269 4251 367 4310 τὴν
407 4250 582 4303 κτίσιν
634 4250 740 4303 ἀπὸ
786 4251 892 4305 τῶν
950 4253 1332 4325 ὑπερκοσμίων
1376 4256 1654 4328 δυνάμεων
1684 4260 1842 4332 μέχρι

270 4344 379 4396 τῶν
412 4344 764 4416 ἀνθρωπίνων
787 4344 971 4414 ψυχῶν
1003 4346 1156 4401 πόλιν
1197 4348 1301 4419 χρὴ
1330 4352 1469 4405 νοεῖν
1498 4352 1845 4424 εὐφραινομέ-

270 4455 369 4508 νην
402 4438 629 4508 ὑπὸτῆς
673 4440 931 4511 ἐπιρροῆς
976 4440 1071 4494 τοῦ
1122 4441 1277 4510 ἁγίου
1316 4444 1647 4515 Πνεύματος.
1695 4448 1841 4519 Ὀρί-

1940 1953 2267 2023 triumphans
2303 1957 2367 2009 de
2389 1955 2495 2010 illis
2518 1958 2575 2012 in
2599 1958 2741 2027 ligno
2772 1959 2813 2013 ².

2009 2220 2065 2274 4.
2102 2219 2267 2274 Vens.
2293 2221 2347 2276 5.
2400 2221 2665 2279 Fluminis
2696 2226 2913 2294 impetus
2950 2227 3218 2297 laetiﬁcum
3247 2230 3507 2285 civitatem

1942 2310 2059 2365 Dei.
2094 2312 2314 2368 Marime
2338 2313 2553 2382 quidem
2577 2331 2729 2385 aquae
2752 2319 3100 2376 vehementer
3123 2336 3152 2375 a
3179 2324 3357 2378 ventis
3386 2339 3509 2392 per-

1944 2406 2172 2460 turbatae
2211 2416 2511 2462 sonuerunt
2549 2419 2605 2464 ct
2641 2411 2871 2466 turbatae
2915 2421 3041 2467 sunt
3071 2432 3086 2469 :
3120 2416 3215 2469 sed
3265 2414 3509 2472 ﬂuminis

1945 2495 2176 2565 impetus
2228 2497 2345 2554 sine
2403 2500 2635 2570 strepitu
2691 2503 3083 2571 procedentes,
3135 2514 3189 2559 et
3242 2516 3509 2576 quotquot

1944 2588 2089 2656 digni
2129 2598 2257 2642 sunt
2288 2589 2380 2659 qui
2412 2604 2505 2645 eos
2534 2592 2819 2660 recipiant,
2857 2594 2921 2650 iis
2960 2595 3153 2651 leniter
3179 2597 3506 2662 allabentes,

1944 2678 2225 2734 laetiﬁcant
2289 2681 2567 2737 civitatem
2625 2683 2741 2739 Dei.
2809 2685 2877 2740 Et
2936 2702 3081 2743 nunc
3134 2688 3315 2757 justus
3376 2689 3511 2745 bibit

1949 2782 2147 2836 aquam
2176 2770 2353 2825 vivam
2387 2774 2429 2837 ‘,
2465 2781 2625 2843 atque
2654 2784 2842 2844 postea
2880 2778 3151 2847 copiosius
3180 2777 3349 2845 bibet,
3384 2797 3507 2837 cum

1946 2861 2150 2917 civitati
2168 2863 2262 2918 Dei
2282 2866 2548 2937 ascriptus
2566 2865 2745 2923 fuerit.
2773 2869 2929 2939 173
2947 2870 3106 2939 Atqui
3124 2887 3267 2927 nunc
3287 2874 3506 2941 quidem

1945 2966 2040 3019 per
2070 2954 2345 3023 speculum
2387 2966 2442 3011 et
2490 2958 2543 3013 in
2580 2960 2907 3030 :ernigmate3
2946 2962 3116 3029 bibit,
3162 2966 3231 3019 ob
3260 2965 3510 3034 exiguam

1946 3045 2253 3102 divinarum
2306 3050 2827 3119 contemplationum
2887 3055 3289 3125 perceptionem
3329 3073 3344 3110 :
3380 3066 3510 3113 tunc

1944 3153 2073 3195 vero
2097 3139 2258 3195 simul
2306 3150 2712 3212 restagnantem
2762 3144 2983 3200 ﬂuvium
3028 3159 3351 3218 excepturus
3404 3160 3507 3214 est,

1944 3232 2038 3301 qui
2072 3240 2236 3288 totam
2277 3233 2372 3290 Dei
2425 3235 2699 3291 civitatem
2755 3237 2940 3295 laetitia
2992 3230 3277 3299 inundare.
3315 3243 3507 3313 possit.

1944 3323 2076 3391 Quis
2128 3333 2306 3380 autem
2350 3326 2518 3382 fuerit
2560 3328 2758 3386 ﬂuvius
2817 3330 2920 3386 iste
2953 3332 3071 3398 Dei,
3117 3334 3220 3389 nisi
3275 3332 3511 3405 Spiritus
3576 3363 3583 3372 -

1942 3425 2182 3482 sanctus,
2221 3417 2311 3487 qui
2348 3418 2525 3488 dignis
2557 3419 2824 3487 illabitur,
2873 3427 3169 3480 secundum
3225 3426 3384 3483 ﬁdem
3412 3444 3510 3483 eo-

1946 3524 2063 3562 rum
2095 3510 2187 3577 qui
2231 3510 2283 3563 in
2317 3508 2593 3566 Christum
2639 3515 3031 3570 crediderunt?
3076 3517 3181 3582 Qui
3214 3521 3371 3584 enim,
3420 3521 3511 3574 in-

1944 3602 2082 3671 quit,
2104 3606 2265 3657 credit
2288 3604 2341 3658 in
2364 3620 2461 3671 me,
2482 3606 2632 3674 ﬂuvii
2652 3611 2715 3662 de
2736 3617 2909 3662 ventre
2930 3608 3042 3677 ejus
3064 3612 3224 3678 ﬂuent
3243 3613 3284 3665 ’⁵.
3308 3613 3374 3667 Ει
3391 3629 3510 3666 rur-

1945 3712 2076 3751 sus:
2108 3695 2167 3751 Si
2208 3698 2325 3767 quis
2355 3698 2539 3753 biberit
2578 3715 2643 3753 ea:
2681 3717 2818 3771 aqua
2854 3718 3010 3772 quam
3059 3719 3150 3773 ego
3185 3706 3285 3769 do,
3321 3706 3411 3775 ﬁet
3456 3708 3510 3760 in

1944 3805 2002 3842 eo
2043 3789 2160 3857 fons
2191 3806 2340 3859 aqua:
2373 3788 2610 3843 salientis
2648 3791 2703 3842 in
2737 3791 2901 3845 vitam
2928 3795 3242 3847 wternam".
3281 3794 3378 3849 Hic
3410 3797 3509 3849 ita-

1945 3897 2049 3950 que
2095 3881 2289 3936 ﬂuvius
2322 3895 2534 3935 omnem
2581 3882 2741 3935 simul
2795 3882 2885 3937 Dei
2945 3883 3217 3940 civitatem
3251 3886 3507 3954 laetiﬁcat,

1945 3989 2142 4043 nempe
2174 3982 2374 4029 cretum
2401 3989 2611 4039 eorum,
2645 3976 2736 4044 qui
2773 3990 2923 4030 suam
2960 3977 3012 4031 in
3039 3978 3193 4032 caelis
3220 3994 3511 4036 conversa-

1947 4065 2145 4119 tionem
2207 4065 2410 4121 habent
2447 4083 2460 4120 :
2494 4076 2589 4121 aut
2634 4081 2850 4122 omnem
2891 4077 3195 4124 creaturam
3236 4073 3509 4129 intellectu

1945 4158 2247 4227 praeditam,
2279 4173 2309 4212 a
2339 4158 2634 4215 virtutibus
2662 4161 2971 4216 cmlestibus
2999 4177 3170 4232 usque
3206 4164 3272 4218 ad
3304 4167 3510 4222 animas

1948 4251 2253 4315 humanas,
2327 4249 2600 4304 civitatem
2660 4251 2883 4323 intelligi
2954 4264 3205 4324 oportet,
3273 4257 3509 4326 Spiritus

1946 4342 2121 4396 sancti
2169 4341 2520 4396 inundatione
2573 4341 2917 4398 laetiﬁcatam.
2990 4345 3204 4400 Etenim
3266 4352 3508 4405 nonnulli

1948 4435 2020 4486 ita
2048 4434 2325 4488 civitatem
2351 4433 2635 4499 deﬁniunt,
2667 4444 2726 4489 ut
2751 4436 2937 4491 dicant
2960 4438 3208 4493 stabilem
3236 4454 3357 4495 esse
3380 4455 3510 4495 con-

270 4526 454 4595 ζονται
500 4531 606 4602 γάρ
655 4549 795 4594 τινες
844 4532 996 4587 πόλιν
1055 4531 1191 4589 εἶναι
1238 4535 1491 4608 σύστημα
1539 4540 1840 4611 ἱδρυμένον,

1948 4525 2338 4595 gregationem,
2370 4526 2668 4580 secundum
2700 4526 2868 4595 legem
2896 4529 3346 4585 administratam.
3374 4531 3511 4585 Tra-

270 4623 412 4675 κατὰ
442 4624 601 4693 νόμον
626 4623 1008 4695 διοικούμενον.
1054 4629 1382 4699 Ἐφαρμόζει
1413 4631 1468 4683 δὲ
1497 4634 1591 4685 καὶ
1634 4636 1697 4704 τῇ
1729 4635 1840 4688 ἄνω

284 4716 636 4787 Ἰερουσαλὴμ
679 4720 742 4787 τῇ
788 4720 1091 4791 ἐπουρανίῳ
1141 4721 1291 4774 πόλει
1337 4724 1365 4775 ὁ
1407 4724 1684 4787 ἁποδοθεὶς
1716 4726 1839 4795 ὄρος

271 4808 369 4875 τῆς
398 4806 624 4870 πόλεως.
673 4807 930 4878 Σύστημα
973 4809 1081 4879 γὰρ
1113 4811 1273 4863 κάκεῖ
1308 4811 1415 4863 τῶν
1456 4815 1835 4883 πρωτοτόκων,

267 4900 376 4952 τῶν
429 4901 935 4972 ἀπογεγραμμένων
980 4905 1038 4955 ὲν
1081 4904 1356 4973 οὐρανοῖς·
1409 4906 1501 4958 καὶ
1552 4907 1836 4977 ἱδρυμένον

264 4993 424 5046 τοῦτο
453 4993 538 5047 διὰ
566 4994 628 5047 τὸ
652 4996 1046 5066 ἀμετακίνητον
1073 4997 1174 5067 τῆς
1208 4998 1483 5069 διαγωγῆς
1512 5000 1617 5051 τῶν
1644 5000 1834 5069 ἁγίων,

265 5091 361 5141 καὶ
387 5089 528 5143 κατὰ
556 5090 717 5159 νόμον
745 5090 835 5142 τὸν
873 5090 1121 5161 οὐράνιον
1154 5089 1265 5161 ('55)
1300 5090 1688 5161 διοικούμενον.
1724 5091 1833 5161 Τὴν

265 5183 444 5235 τοίνυν
466 5180 706 5248 διάταξιν
737 5185 950 5255 ἐκείνης
979 5186 1076 5254 τῆς
1100 5184 1393 5247 πολιτείας,
1423 5186 1515 5237 καὶ
1536 5187 1714 5239 πᾶσαν
1738 5184 1836 5255 τὴν

264 5276 625 5347 διακόσμησιν
656 5278 1005 5347 καταμαθεῖν,
1034 5278 1285 5348 οὐδεμιᾶς
1320 5280 1464 5331 ἐστιν
1496 5278 1837 5348 ἀνθρωπίνης

345 5462 591 5520 ’Coloss.
632 5482 690 5529 ll,
734 5468 819 5522 15.

337 5604 448 5671 (55)
478 5602 558 5682 ita
589 5618 683 5657 sex
732 5616 861 5657 mss.
904 5602 973 5654 At
1008 5601 1171 5657 editio
1230 5603 1404 5658 Paris.
1439 5605 1496 5655 ἐν
1532 5602 1609 5673 τῷ
1654 5603 1825 5671 ἀγῶνι

264 5690 1267 5812 617550;};apmmazasoeptrovm,
1298 5745 1516 5807 impetus
1536 5731 1831 5813 lwtiﬁcant,

266 5824 321 5869 ct
353 5816 423 5869 ita
451 5815 646 5884 legitur
693 5816 745 5867 in
781 5828 915 5868 nova
942 5815 1225 5880 Augustini
1271 5813 1504 5883 Operum
1539 5815 1775 5891 editione
1810 5831 1823 5865 :

911 5471 930 5499 ¹
969 5468 1122 5524 Joan.
1168 5486 1240 5535 ιν,
1274 5469 1358 5523 10.
1436 5470 1454 5499 ³
1495 5468 1515 5522 l
1552 5467 1677 5523 Cor.
1723 5484 1845 5531 xm,
1890 5467 1975 5520 12.
2055 5463 2076 5493 ⁵
2114 5460 2269 5519 Joan.
2311 5473 2412 5522 vn,
2449 5456 2538 5511 38.

1948 4622 2055 4675 dita
2097 4627 2275 4673 autem
2333 4617 2575 4672 deﬁnitio
2610 4619 2867 4681 civitatis,
2912 4620 3075 4674 etiam
3127 4621 3205 4676 illi
3239 4638 3358 4692 quae
3390 4640 3511 4680 sur-

1946 4730 2062 4768 sum
2092 4721 2174 4767 est
2209 4711 2510 4767 Jerusalem
2544 4711 2749 4766 caelesti
2792 4712 2997 4766 civitati
3046 4719 3315 4783 congruit.
3374 4715 3506 4770 Nam

1942 4818 1996 4860 et
2026 4806 2136 4860 illic
2164 4815 2248 4861 est
2294 4805 2780 4875 primogenitorum
2817 4805 3213 4875 descriptorum
3251 4807 3304 4862 in
3356 4812 3509 4865 ctelis

1945 4896 2315 4967 congregatio,
2358 4905 2518 4965 atque
2554 4910 2631 4963 ,ea
2677 4895 2746 4949 ob
2796 4896 3187 4951 immutabilem
3226 4899 3349 4954 vitae
3383 4916 3510 4956 san-

1943 5003 2153 5046 ctorum
2184 4992 2452 5045 rationem
2501 4988 2715 5044 stabilis
2749 5003 2812 5042 ac
2856 4988 3010 5043 ﬁrma
3040 4999 3144 5054 est,
3181 5000 3236 5044 et
3277 5006 3341 5046 ex
3392 4994 3509 5064 lege

1941 5085 2150 5139 caelesti
2182 5084 2533 5153 gubernatur.
2584 5081 2732 5135 Illius
2775 5081 2957 5149 itaque
2995 5080 3231 5138 civitatis
3260 5084 3504 5139 ordinem

1942 5194 2005 5233 ac
2040 5186 2290 5232 ornatum
2322 5190 2537 5229 omnem
2562 5174 2872 5243 perdiscere
2896 5176 3144 5229 humana:
3172 5186 3376 5229 natura:
3401 5192 3507 5228 non

1944 5282 2043 5326 est.
2079 5268 2171 5323 Illa
2208 5274 2372 5329 sunt,
2412 5263 2542 5329 Qua:
2585 5263 2766 5317 oculus
2818 5280 2921 5316 non
2969 5264 3115 5329 vidit,
3172 5280 3331 5333 neque
3359 5265 3505 5317 auris

2654 5456 2674 5485 ⁸
2712 5452 2868 5509 Joan.
2912 5468 2985 5516 ιν,
3029 5452 3115 5506 15.

1934 5602 1985 5655 ἰη
2019 5606 2184 5741 νὲιενῑ
2219 5614 2350 5653 vero
2400 5598 2626 5666 perinde
2682 5608 2845 5667 atque
2896 5596 2949 5648 in
2995 5592 3245 5663 Vulgata,
3282 5591 3507 5659 impetus

1935 5675 2042 5725 la'li
2087 5683 2190 5725 cat.
3317 5732 3327 5741 _
3437 5732 3468 5741 Δ.

1935 5675 2190 5725 ίαίὶΙὶεοι.

2008 5732 2120 5811 (55)
2176 5740 2366 5811 Nostra
2419 5740 2580 5795 editio
2636 5738 2815 5811 Paris.
2870 5750 3157 5804 operarum
3218 5732 3507 5789 oscitantie

1938 5829 2033 5883 pro
2062 5809 2311 5885 οὐράνιον
2339 5810 2498 5866 habet
2523 5809 2774 5881 οὐρανόν.
