3978 6410
499 320 605 375 ἇέὅ

1835 315 1894 369 S.
1931 314 2173 371 BASlLll
2214 316 2427 372 MAGNI

3626 322 3725 376 ιει

500 434 717 498 audivit,
744 449 903 500 neque
935 450 986 486 tn
1015 449 1104 487 cor
1124 434 1351 488 hominis
1377 438 1719 486 ascenderunt
1744 446 1760 482 :
1794 447 1907 499 qua:
1930 447 2043 497 pra:-

2161 431 2392 499 φύσεως.
2442 432 2653 484 Ἐκεῖνα
2689 433 2794 503 γάρ
2832 433 2997 495 ἐστιν,
3043 435 3099 488 Ἀ
3145 432 3449 502 ὀφθαλμὸς
3493 434 3606 487 οὐκ
3652 432 3726 487 εἶ-

499 528 699 594 ρατιοὶι
731 525 871 579 Deus
903 526 966 577 iis
1004 527 1093 591 qui
1140 526 1364 595 diligunt
1416 524 1563 577 illum
1588 524 1643 588 °;
1701 535 2058 592 prmterquam

499 618 642 685 quod
674 617 745 674 ibi
789 610 1053 685 reperitur
1083 618 1361 673 innumera
1406 616 1718 685 angelorum
1749 613 2057 678 multitudo,

497 720 911 781 sanctorumque
949 720 1269 772 conventus.
1304 718 1357 764 et
1387 709 1625 763 Ecclesia
1675 708 2061 779 primogenito-

498 820 614 857 rum
645 805 1032 872 descriptorum
1079 805 1131 857 in
1168 802 1318 857 caelis
1351 804 1391 855 ⁷.
1450 803 1520 855 De
1565 800 1655 853 illa
1688 799 1818 853 dicit
1850 799 2013 853 David
2042 812 2057 851 :

498 894 741 950 Gloriosa
770 898 906 950 dicta
936 904 1055 949 sunt
1092 898 1153 949 de
1181 906 1247 961 te,
1285 895 1469 947 ciuitas
1502 893 1594 945 Dei
1622 891 1668 947 ⁸.
1721 890 1942 944 Civitati
1983 888 2057 943 illi

497 1003 595 1057 per
637 986 826 1042 Isaiam
862 986 1145 1056 pollicetur
1201 988 1337 1041 Deus
1371 1004 1384 1038 :
1425 985 1631 1039 Ponam
1677 994 1725 1037 te
1753 983 2060 1036 exsultatio-

497 1097 613 1134 nem
660 1089 941 1143 wternam,
977 1079 1212 1133 lanitium
1250 1079 1646 1148 generationum
1702 1076 2053 1142 generationi-

496 1170 628 1231 bus;
659 1178 705 1221 et
738 1185 838 1221 non
863 1168 959 1221 erit
991 1171 1258 1233 contritio,
1296 1185 1457 1238 neque
1484 1166 1700 1220 miseria
1737 1166 1791 1218 in
1823 1167 2057 1219 terminis

495 1261 631 1324 tuis;
658 1260 747 1313 sed
768 1259 1008 1314 'salutare
1034 1264 1353 1316 vocabuntur
1376 1263 1511 1315 muri
1545 1263 1623 1315 tui
1643 1263 1685 1311 ’.
1724 1258 1930 1313 Erectis
1958 1258 2057 1327 igi-

496 1364 582 1407 tur
607 1355 795 1408 animae
824 1353 1015 1418 oculis,
1050 1363 1106 1406 ut
1139 1368 1227 1407 res
1255 1368 1517 1424 supernas
1533 1355 1708 1422 decet,
1736 1371 1916 1425 quaere
1938 1368 2055 1424 quae

493 1457 615 1499 sunt
639 1445 871 1500 civitatis
889 1445 1000 1499 Dei.
1022 1445 1160 1511 Quid
1179 1461 1339 1515 porro
1364 1447 1696 1502 beatitudine
1721 1449 1806 1502 illa
1837 1449 2052 1517 dignum

492 1552 522 1590 a
555 1551 821 1606 quoquam
867 1538 1158 1607 excogitari
1214 1539 1404 1607 possit,
1462 1555 1620 1608 quam
1669 1540 1906 1595 lartiﬁcat
1935 1541 2057 1608 qni-

490 1632 609 1683 dem
664 1630 753 1684 Dei
810 1630 1025 1691 lluvins,
1077 1629 1228 1695 cujus
1265 1646 1392 1685 vero
1442 1632 1636 1685 artifex
1679 1641 1761 1686 est
1794 1642 1847 1687 et
1874 1632 2052 1701 opifex

490 1722 629 1777 Deus
693 1723 807 1791 ipse
850 1722 937 1773 ‘°?
1006 1720 1367 1788 Sanctiﬁcaoit
1437 1724 1829 1777 tabernaculum
1898 1741 2050 1778 suum

2162 523 2286 588 δεν,
2320 524 2456 577 οὔτε
2493 518 2601 589 οὖς
2633 523 2919 592 ἤκουσεν,
2948 525 3083 578 οὔτε
3105 525 3203 578 ἐπὶ
3236 524 3487 592 καρδίαν
3511 524 3725 592 ἀνθρὼ-

2161 630 2277 667 που
2318 612 2497 680 ἀνέϐη
2523 653 2539 678 ,
2574 614 2612 667 ἂ
2654 616 2979 684 ἡτοίμασεν
3017 620 3050 670 ό
3082 614 3225 681 Θεὸς
3254 616 3378 681 τοῖς
3417 616 3725 683 ἀγαπῶσιν

2160 704 2374 755 αὐτόν’
2407 702 2544 772 πλὴν
2575 704 2654 756 ὃτι
2686 704 2943 774 μυριάδες
2970 704 3214 772 ἀγγέλων
3256 705 3402 767 ἐκεῖ,
3460 706 3556 758 καὶ
3602 722 3725 757 παν-

2161 794 2355 864 ήγυρις
2374 794 2563 861 ἁγίων,
2584 796 2677 849 καὶ
2692 795 2981 866 Ἐκκλησία
2998 795 3353 867 πρωτοτόκων
3374 797 3727 864 ἀπογεγραμ-

2162 885 2337 954 μένων
2360 887 2416 937 ἐν
2439 887 2707 957 οὐρανοῖς.
2749 887 2883 955 Περὶ
2928 886 3139 955 ἐκείνης
3170 885 3331 956 φησὶν
3369 887 3395 937 6
3420 885 3584 937 Δαόίδ
3602 902 3616 913 ’
3640 890 3726 937 Δε-

2158 971 2499 1042 δοξασμένα
2516 974 2781 1041 ἐλαλήθη
2817 975 2946 1042 περὶ
2980 976 3116 1038 σοῦ,
3158 975 3395 1043 ἡπόλις
3425 975 3529 1028 τοῦ
3554 976 3722 1030 Θεοῦ.

2170 1068 2379 1138 Ἐκείνῃ
2416 1072 2481 1138 τῇ
2522 1068 2672 1121 πόλει
2717 1068 2803 1121 διὰ
2847 1068 2940 1120 τοῦ
2988 1068 3204 1120 Ἠσαίου
3258 1065 3650 1134 ἐπαγγέλλεται
3698 1068 3726 1119 6

2157 1159 2309 1225 Θεὸς,
2343 1161 2423 1213 ὅτι
2450 1158 2623 1227 Θήσω
2657 1174 2729 1212 σε
2759 1160 3099 1228 ἀγαλλίαμα
3139 1158 3395 1221 αἰώνιον,
3432 1160 3727 1226 εὐφροσύ-

2155 1266 2271 1316 νην
2309 1248 2529 1318 γενεῶν
2568 1249 2797 1317 γενεαῖς
2816 1267 2828 1279 ·
2879 1250 2976 1303 καὶ
3027 1252 3137 1303 οὐκ
3185 1251 3354 1302 ἔσται
3391 1249 3726 1317 σύντριμμα

2155 1342 2295 1396 οὐδὲ
2324 1344 2684 1411 ταλαιπωρία
2714 1344 2783 1395 ὲν
2819 1342 2942 1408 τοῖς
2990 1343 3172 1409 ὁρίοις
3203 1359 3319 1396 σου
3339 1360 3353 1373 ·
3388 1343 3547 1397 ἀλλὰ
3590 1347 3725 1408 uno

2118 1449 2128 1459 '
2156 1435 2399 1503 θήσεται
2424 1433 2719 1502 σωτήριον
2745 1433 2814 1486 τὰ
2836 1435 2999 1503 τείχη
3031 1450 3165 1487 σου.
3212 1434 3448 1505 Ἐπάρας
3474 1430 3567 1487 οὖν
3600 1435 3723 1493 τοὺς

2154 1527 2462 1597 ὀφθαλμοὺς
2502 1526 2601 1597 τῆς
2628 1526 2823 1595 ψυχῆς,
2856 1525 3019 1589 ἀξίως
3044 1526 3153 1580 τῶν
3182 1527 3291 1579 ἄνω
3325 1527 3476 1598 ζήτει
3505 1526 3575 1579 τὰ
3598 1527 3725 1596 περὶ

2149 1622 2249 1693 ,τῆς
2280 1622 2484 1685 πόλεως
2507 1620 2597 1674 τοῦ
2633 1620 2789 1673 Θεοῦ.
2832 1620 2895 1672 Τί
2932 1620 2975 1673 δ’
3007 1620 3073 1674 ἂν
3100 1620 3199 1689 τῆς
3239 1622 3356 1673 ἐκεῖ
3384 1620 3721 1690 μακαριότη-

2153 1731 2241 1777 τος
2276 1713 2493 1778 ἐπάξιόν
2517 1731 2601 1777 τις
2633 1711 2930 1783 ἐννοηθείη,
2967 1712 3031 1783 ἢν
3063 1713 3343 1784 εὐφραίνει
3380 1712 3477 1782 μὲν
3510 1713 3540 1764 6
3566 1728 3724 1764 ποτα-

490 1819 809 1872 Altissimus.
866 1817 1137 1872 Fortassis
1191 1831 1407 1870 carnem
1461 1815 1597 1869 dicit
1644 1815 1925 1879 deileram,
1980 1830 2043 1868 ex

2156 1807 2253 1876 μὸς
2283 1806 2375 1858 τοῦ
2405 1805 2536 1857 Θεοῦ
2558 1848 2572 1867 ,
2604 1805 2850 1875 τεχνίτης
2892 1804 2949 1857 δὲ
3000 1803 3095 1857 καὶ
3137 1804 3465 1875 δημιουργός
3503 1803 3651 1855 ἐστιν
3691 1801 3722 1853 6

488 1906 864 1975 conjunctione
911 1922 1032 1961 cum
1084 1907 1190 1961 Deo
1235 1905 1643 1961 sanctiﬁcatam.
1703 1905 1776 1958 Ex
1824 1920 1931 1973 quo
1965 1906 2048 1959 in-

488 2000 691 2070 telliges
724 1998 1125 2054 tabernaculum
1172 1998 1456 2063 Altissimi,
1508 1997 1684 2064 ipsunt
1721 1997 1811 2051 Dei
1848 1999 2046 2051 adven-

488 2099 618 2155 tum,
652 2088 742 2158 qui
775 2098 858 2143 est
886 2105 982 2157 per
1013 2103 1254 2142 carnem.

551 2359 602 2413 5.
620 2358 783 2413 Vens.
802 2360 854 2416 (ί.
877 2357 1010 2410 Deus
1031 2355 1083 2407 in
1101 2356 1269 2408 medio
1284 2355 1417 2425 ejus,
1432 2366 1477 2408 et
1499 2371 1599 2409 non
1617 2356 2040 2410 commovebitur.

485 2449 760 2519 Adjuvabit
808 2454 921 2501 eam
973 2448 1109 2500 Deus
1150 2463 1299 2499 mane
1357 2445 1620 2499 diluculo.
1680 2444 1742 2498 Et
1789 2444 2040 2513 quoniam

485 2545 622 2596 Dens
660 2542 711 2594 in
763 2541 938 2594 medio
970 2540 1208 2595 civitatis
1249 2549 1353 2605 est,
1392 2552 1508 2592 eam
1544 2537 1842 2592 stabilitate
1875 2539 2043 2592 dona-

482 2634 579 2699 uit,
613 2632 785 2701 primo
819 2632 954 2686 lucis
987 2641 1105 2685 ortu
1137 2648 1294 2700 opem
1328 2631 1374 2683 ci
1410 2629 1666 2684 alferens.
1704 2629 1831 2683 Sive
1876 2630 2042 2699 igitur

482 2721 553 2773 dli
605 2736 723 2787 quae
775 2735 988 2774 sursum
1042 2730 1125 2773 est
1162 2719 1461 2774 Jerusalem
1508 2720 1572 2782 “,
1620 2720 1734 2774 sive
1788 2720 2040 2773 Ecclesia:

481 2828 596 2879 quae
653 2812 791 2865 infra
846 2821 960 2875 est,
1007 2812 1246 2866 civitatis
1301 2826 1491 2865 nomen
1552 2822 1794 2881 aptatum
1859 2812 2036 2879 fuerit,

481 2901 834 2973 Sancti/icavit
891 2906 942 2958 in
979 2919 1043 2960 ea
1093 2906 1485 2958 tabernaculum
1535 2921 1686 2958 suum
1719 2905 2036 2964 Altissimus.

481 3000 651 3068 Atque
703 3014 797 3066 per
845 2998 944 3051 hoc
992 2997 1395 3051 tabernaculum
1452 2998 1505 3051 in
1561 3012 1666 3067 quo
1720 2997 2039 3053 inhabitavit

479 3095 638 3153 Deus,
678 3092 731 3145 in
780 3091 954 3145 medio
990 3091 1157 3159 ipsius
1202 3090 1334 3153 fuit,
1380 3090 1432 3144 id
1480 3091 1526 3144 ei
1573 3090 1806 3158 largiens
1837 3100 1893 3145 ut
1931 3106 2034 3145 non

479 3193 897 3238 commoveatur.
952 3183 1004 3235 ln
1038 3183 1213 3236 medio
1253 3190 1429 3236 autem
1462 3182 1701 3237 civitatis
1744 3190 1827 3237 est
1872 3182 2032 3247 Deus,

478 3277 707 3347 aequales
740 3275 1020 3329 undelibet
1053 3274 1304 3329 emittens
1331 3275 1512 3329 radios
1541 3288 1650 3328 sine
1686 3275 2039 3343 providentia:

478 3371 538 3422 ad
570 3384 739 3437 usque
764 3369 897 3421 lines
921 3368 1089 3423 orbis.
1143 3366 1235 3423 Sic
1269 3368 1411 3422 enim
1458 3367 1550 3421 Dei
1576 3367 1785 3436 justitia
1811 3382 2035 3422 conser-

477 3473 663 3526 vatur,
704 3461 1136 3529 quandoquidem
1189 3459 1438 3513 omnibus
1481 3460 1724 3513 eamdem
1778 3460 2036 3513 benitatis

475 3567 779 3605 mensuram
820 3552 1088 3621 dispertit.
1137 3551 1416 3621 Adjuvabit
1454 3568 1567 3605 eam
1606 3549 1745 3604 Deus
1776 3567 1925 3604 mane
1954 3551 2037 3602 di-

473 3640 662 3693 luculo.
716 3641 996 3694 Sensihilis
1043 3642 1119 3696 snl
1186 3642 1504 3696 matutinum
1551 3643 1769 3712 quidem
1824 3652 2035 3713 tempus

473 3734 609 3801 apud
642 3747 738 3787 nos
764 3734 956 3798 ciiicit,
999 3743 1279 3801 postquam
1313 3748 1470 3804 supra
1503 3746 1746 3788 nostrum
1782 3735 2036 3788 horizon-

474 3835 577 3879 tem
606 3824 921 3889 eminuerit;
949 3823 1106 3896 174
1130 3826 1447 3878 matutinum
1479 3840 1603 3879 vero
1632 3826 1723 3880 Sol
1744 3826 1966 3894 iustitia:
1991 3828 2033 3858 ¹²

474 3916 526 3968 ἱη
579 3916 754 3967 anima
808 3916 1038 3983 perlicit,
1066 3925 1185 3968 ortu
1226 3915 1360 3968 lucis
1406 3915 1703 3982 spiritualis
1728 3917 2034 3985 producens

472 4006 607 4058 diem
635 4002 685 4056 in
714 4020 777 4057 eo
800 4005 888 4071 qui
922 4004 1095 4071 ipsum
1119 4005 1373 4073 suscepit.
1404 4003 1458 4056 In
1492 4014 1650 4058 nocte
1675 4004 1818 4058 enim
1848 4020 2032 4060 sumus

472 4111 568 4149 nos
610 4095 857 4149 homines
914 4111 1008 4164 per
1064 4097 1163 4151 hoc
1218 4098 1534 4165 ignorantia:
1585 4107 1816 4165 tempus.
1875 4098 2033 4152 Post-

470 4204 629 4255 quam
660 4188 840 4256 igitur,
894 4196 1073 4241 nostra
1126 4196 1305 4240 mente
1340 4201 1591 4255 expassa,
1634 4187 2033 4255 susceperimus

468 4280 650 4351 gloriae
668 4278 1009 4348 splendorem
1031 4281 1093 4343 η,
1115 4279 1503 4348 etsempiterna
1526 4278 1614 4332 illa
1637 4280 1756 4333 luce
1777 4279 2030 4335 illustrati

468 4372 747 4437 fuerimus,
787 4383 914 4427 tunc
944 4373 1223 4442 Adjuvabit
1262 4390 1374 4426 eam
1406 4372 1541 4427 Deus
1576 4390 1729 4427 mane
1775 4374 2027 4430 diluculo.

469 4464 571 4519 Ubi
601 4466 727 4519 facti
766 4465 1027 4520 fuerimus
1061 4464 1153 4518 ﬁlii
1189 4463 1343 4527 lucis,
1377 4479 1587 4532 noxque
1619 4466 1757 4531 apud
1789 4482 1887 4519 nos
1907 4480 2030 4534 pro-
2060 4502 2103 4555 Β

468 4572 647 4626 gressa
688 4556 883 4620 fuerit,
934 4557 1046 4610 dies
1086 4571 1213 4610 vero
1240 4555 1751 4625 appropinquaverit
1787 4556 1849 4621 ”,
1904 4567 2030 4611 tunc

471 4646 561 4698 Dei
592 4648 792 4699 auxilio
822 4648 967 4717 digni
1007 4646 1285 4701 ellicimur.
1324 4645 1556 4714 Adjuvat
1587 4646 1749 4713 igitur
1782 4645 1924 4700 Deus
1953 4649 2029 4701 ci-

467 4736 706 4797 vitatem,
752 4754 845 4805 per
892 4740 1164 4807 proprium
1206 4748 1449 4791 exortum
1482 4745 1536 4789 et
1575 4736 1885 4801 adventum,
1918 4754 2031 4792 ma-

469 4828 702 4880 tntinam
746 4830 794 4879 ci
840 4829 1007 4882 lucem
1040 4830 1318 4883 inducens.
1358 4828 1492 4880 Ecce
1532 4827 1677 4881 enim
1724 4827 1901 4896 homo,
1948 4830 2031 4885 in-

467 4918 605 4984 quito,
639 4917 822 4971 Oriens
855 4936 1037 4973 nomen
1058 4922 1104 4971 ei
1134 4921 1195 4975 ³⁸.
1228 4920 1431 4987 Quibus
1461 4919 1621 4987 igitur
1653 4929 1837 4973 exorta
1869 4922 2027 4977 fuerit

468 5008 559 5063 lux
589 5008 904 5076 spiritualis,
931 5009 1188 5063 discussis
1223 5010 1539 5079 ignorantiae
1562 5011 2029 5081 improbitatisque

470 5101 724 5167 tenebris,
764 5101 830 5155 iis
859 5111 1066 5171 tempus
1103 5105 1425 5156 matutinum
1475 5104 1708 5158 accedit.
1756 5105 2023 5169 Quoniam

539 5236 559 5265 ⁸
599 5234 613 5286 l
647 5236 769 5288 Cor.
801 5250 856 5294 ll,
897 5235 951 5289 9.
1028 5234 1047 5263 τ
1093 5233 1366 5293 llebr.xu.
1396 5233 1484 5287 25.
1561 5234 1582 5264 ⁸
1621 5232 1763 5286 Psal.
1802 5250 2019 5301 Lxxxw,
2059 5240 2112 5293 5.

2151 1899 2317 1963 636;;
2372 1899 2603 1968 Ἠτιασε
2650 1896 2717 1950 τὸ
2754 1896 3039 1965 σκήνωμα
3086 1896 3271 1951 αὑτοῦ
3325 1897 3357 1949 ὁ
3404 1896 3718 1963 ’Υψιστοᾳ

2152 1992 2305 2061 Τάχα
2368 1991 2467 2062 τὴν
2502 1990 2679 2060 σάρκα
2724 1989 2869 2057 λέγει
2903 1989 3001 2061 τὴν
3047 1988 3300 2058 θεοφόρον
3321 2030 3336 2054 ,
3369 1986 3721 2056 ἀγιασθεῖσαν

2149 2083 2237 2136 διὰ
2278 2084 2375 2153 τῆς
2423 2082 2557 2153 πρὸς
2613 2082 2703 2134 τὸν
2747 2081 2877 2134 Θεὸν
2928 2082 3242 2150 συναφείας.
3303 2081 3463 2133 Ὥστε
3505 2080 3723 2150 νοήσεις

2152 2175 2414 2245 σκήνωμα
2461 2173 2554 2227 τοῦ
2589 2173 2840 2242 Ὑψίστου
2886 2174 2984 2238 τὴν
3028 2172 3118 2226 διὰ
3165 2171 3365 2243 σαρκὸς
3397 2170 3722 2239 ἐπιφάνειαν

2149 2266 2241 2319 τοῦ
2272 2266 2428 2321 Θεοῦ.

2219 2357 2269 2410 5.
2315 2357 2373 2409 Ὀ
2398 2356 2540 2422 Θεὸς
2568 2356 2637 2407 ἐν
2666 2356 2830 2424 μέσῳ
2877 2353 3082 2421 αὐτῆς,
3114 2354 3210 2407 καὶ
3240 2356 3311 2407 οὺ
3351 2352 3723 2419 σαλευθήσε-

2148 2463 2260 2500 ται.
2302 2447 2596 2514 Βοηθήσει
2631 2446 2784 2515 αὐτῇ
2812 2449 2843 2500 d
2874 2447 3035 2511 Θεὸς,
3077 2446 3143 2498 τὸ
3170 2448 3320 2513 πρὸς
3357 2445 3504 2513 πρωὶ
3548 2446 3716 2513 πρωί.

2149 2541 2256 2592 Καὶ
2284 2540 2468 2610 ἐπειδὴ
2499 2542 2526 2592 6
2551 2537 2681 2602 Θεὸς
2717 2541 2774 2592 ἐν
2800 2538 2950 2610 μέσῳ
2976 2538 3076 2607 τῆς
3106 2537 3310 2601 πόλεώς
3336 2540 3470 2602 ἐστι,
3499 2538 3562 2589 τὸ
3593 2538 3723 2591 ἀσάο

2147 2628 2331 2682 λευτον
2362 2633 2631 2702 χαριεῖται
2677 2629 2835 2699 αὐτῇ,
2866 2629 2965 2699 τὴν
3016 2628 3265 2700 βοήθειαν
3310 2629 3447 2699 αὐτῇ
3483 2630 3719 2699 παρεχό-

2149 2738 2307 2790 μενος
2330 2722 2387 2773 ἐν
2414 2723 2530 2784 ταῖς
2559 2721 2799 2793 πρώταις
2820 2720 3103 2784 ἀνατολαῖς
3123 2721 3215 2775 τοῦ
3250 2722 3448 2790 φωτός.
3474 2722 3603 2775 Εἴτε
3626 2719 3719 2776 οὖν

2145 2817 2210 2884 τῇ
2245 2814 2355 2867 ἀνω
2390 2814 2759 2885 Ἰερουσαλὴμ,
2794 2814 2901 2867 εἴτε
2932 2817 2996 2885 τῇ
3030 2815 3178 2869 κάτω
3212 2815 3509 2887 Ἐκκλησία
3536 2816 3599 2869 τὸ
3620 2817 3718 2887 τῆς

2146 2906 2352 2970 πόλεως
2407 2906 2706 2977 ἐφαρμόσει
2761 2906 2928 2976 ὄνομα
2952 2948 2967 2971 ,
3027 2907 3301 2976 Ἠγίασεν
3363 2909 3421 2959 ὲν
3462 2907 3601 2978 αὐτῇ
3652 2909 3717 2961 τὸ

2144 2998 2430 3068 σκήνωμα
2465 2999 2649 3053 αὐτοῦ
2683 3002 2716 3053 ό
2755 3001 3058 3068 Ὕψιστος.
3100 3000 3209 3053 Καὶ
3248 2999 3335 3053 διὰ
3373 3000 3466 3053 τοῦ
3506 3001 3717 3072 σκηνώ-

2148 3107 2313 3160 ματος
2338 3091 2549 3159 τούτου,
2591 3084 2635 3159 ᾧ
2664 3091 3075 3161 κατεσκήνωσεν
3108 3093 3135 3143 ὁ
3161 3091 3314 3155 Θεὸς,
3347 3093 3405 3144 ἐν
3443 3093 3598 3163 μέσῳ
3630 3094 3719 3147 αὖ·

2142 3181 2240 3249 τῆς
2286 3180 2517 3247 ἐγένετο,
2566 3181 2921 3253 χαριζόμενος
2961 3183 3097 3253 αὐτῇ
3140 3180 3201 3235 τὸ
3249 3184 3322 3253 μὴ
3368 3183 3713 3238 σαλεύεσθαι.

2157 3273 2242 3325 Ἐν
2278 3272 2423 3341 μέσῳ
2450 3274 2506 3327 δέ
2545 3276 2660 3326 ἐστι
2698 3274 2795 3344 τῆς
2832 3274 3037 3338 πόλεως
3060 3276 3087 3327 ὁ
3116 3274 3266 3337 Θεὸς,
3302 3274 3421 3338 ἴσας
3444 3278 3717 3346 πανταχὸο

2145 3364 2233 3419 Θεν
2258 3364 2350 3417 ἐπὶ
2392 3366 2459 3417 τὰ
2499 3366 2707 3437 πέρατα
2736 3365 2826 3418 τοῦ
2860 3365 3060 3418 κύκλου
3091 3366 3192 3434 τῆς
3228 3367 3422 3419 ἑαυτοῦ
3454 3369 3716 3438 προνοίας

2141 3455 2239 3519 τὰς
2274 3457 2497 3518 ἀκτῖνας
2550 3455 2867 3525 ἐκπέμπων.
2919 3456 3074 3508 Οὕτω
3116 3458 3222 3529 γὰρ
3270 3457 3328 3509 τὸ
3364 3457 3574 3511 δίκαιον
3617 3460 3713 3512 τοῦ

2141 3545 2275 3598 Θεοῦ
2318 3544 2655 3610 διασώζεται,
2706 3544 2767 3597 τὸ
2813 3544 2942 3597 αὐτὸ
2983 3544 3176 3616 μέτρον
3230 3546 3326 3616 τῆς
3374 3547 3713 3619 ἀγαθὸτητος

2139 3635 2477 3706 διανέμοντος
2508 3635 2694 3688 ἅπασι.
2732 3634 3027 3702 Βοηθήσει
3057 3635 3211 3703 αὐτῇ
3241 3641 3273 3691 ό
3303 3638 3447 3703 Θεὸς
3466 3640 3532 3692 τὸ
3561 3642 3715 3709 πρός

2140 3727 2284 3796 πρωὶ
2329 3729 2496 3795 πρωί.
2535 3727 2645 3797 Τὴν
2695 3726 2791 3797 μὲν
2823 3726 2931 3796 (56)
2969 3722 3060 3779 οὖν
3091 3729 3216 3799 παρ’
3247 3729 3377 3798 ἡμῖν
3424 3731 3639 3801 πρωίαν
3683 3736 3714 3786 6

2139 3821 2389 3891 αἰσθητὸς
2416 3820 2565 3890 ἣλιος
2592 3823 2752 3883 ποιεῖ,
2781 3819 2998 3873 ἐπειδὰν
3021 3817 3111 3873 τὸν
3144 3821 3265 3874 καθ’
3284 3824 3431 3892 ἡμᾶς
3458 3825 3711 3894 ὁρίζοντα

2140 3913 2425 3986 ὑπερκύψῃ
2444 3930 2457 3941 ·
2486 3913 2581 3985 τὴν
2603 3914 2657 3967 δὲ
2681 3916 2738 3966 ἐν
2757 3916 2821 3983 τῇ
2851 3912 2993 3984 ψυχῇ
3031 3915 3239 3984 πρωίαν
3267 3918 3294 3968 6
3322 3917 3421 3986 τῆς
3441 3918 3711 3972 δικαιοσύ-

2138 4025 2234 4077 νης
2251 4006 2437 4068 ’Ἥλιος
2462 4006 2713 4059 ἀποτελεῖ
2736 4007 2800 4075 τῇ
2832 4006 3062 4077 ἀνατολῇ
3084 4007 3176 4059 τοῦ
3196 4007 3369 4075 φωτὸς
3397 4007 3488 4060 τοῦ
3515 4010 3711 4080 νοητοῦ

2140 4100 2306 4153 ποιῶν
2338 4098 2547 4170 ἡμέραν
2575 4100 2631 4150 ἐν
2655 4097 2730 4167 τῷ
2762 4097 3187 4168 παραδεξαμὲνῳ
3222 4099 3399 4151 αὐτόν.
3437 4100 3524 4152 Ἐν
3550 4103 3709 4154 νυκτὶ

2138 4193 2244 4264 γάρ
2273 4194 2435 4261 ἐσμεν
2480 4190 2627 4261 παρὰ
2652 4190 2742 4243 τὸν
2774 4191 2963 4260 καιρὸν
2995 4190 3092 4258 τῆς
3124 4190 3396 4257 ἀγνωσίας
3423 4192 3471 4243 οἱ
3502 4192 3710 4262 ἄνθρω-

2140 4299 2248 4336 ποι.
2296 4280 2542 4334 Ἐπειδὰν
2574 4275 2686 4341 οὖν,
2712 4278 3148 4341 ἀναπετάσαντες
3177 4280 3382 4332 ἑαυτῶν
3410 4280 3470 4333 τὸ
3503 4282 3709 4352 ἡγεμο-

2138 4376 2314 4438 νικὸν,
2354 4371 2735 4442 ὑποδεξώμεθα
2777 4369 2839 4423 τὸ
2880 4370 3212 4441 ἀπαύγασμα
3253 4372 3350 4441 τῆς
3389 4371 3568 4441 δόξης,
3609 4374 3709 4427 καὶ

2139 4465 2598 4537 περιλαμφθῶμεν
2623 4462 2700 4533 τῷ
2726 4463 2864 4531 φωτὶ
2893 4462 2970 4532 τῷ
2997 4462 3167 4532 ἀῖδίῳ,
3213 4464 3507 4533 Bono-riae:
3548 4464 3707 4533 αὐτῇ

2132 4562 2164 4612 ὀ
2200 4557 2341 4623 Θεὸς
2364 4558 2427 4610 τὸ
2462 4556 2609 4624 πρὸς
2631 4555 2775 4624 πρωὶ
2804 4554 2951 4622 πρωί
2972 4555 3104 4625 (57).
3148 4556 3394 4610 Ἐπειδὰν
3416 4558 3707 4627 γενώμεθα

2129 4652 2296 4704 τέκνα
2331 4650 2534 4719 φωτὸς,
2572 4649 2665 4701 καὶ
2698 4649 2729 4717 ή
2767 4649 2862 4712 νὺξ
2909 4647 3005 4719 μὲν
3050 4650 3179 4718 ἡμῖν
3227 4650 3505 4720 προκύψῃ,
3560 4652 3593 4720 ή
3647 4651 3707 4703 δὲ

2132 4745 2311 4815 ἡμέρα
2342 4743 2555 4813 ἐγγίσῃ,
2581 4740 2703 4793 τότε
2730 4740 2867 4806 ἄξιοι
2905 4741 3003 4811 τῆς
3033 4742 3125 4793 τοῦ
3153 4740 3286 4794 Θεοῦ
3328 4741 3581 4812 βοηθείας
3624 4760 3708 4812 γι⁸

2132 4835 2352 4906 νόμεθα.
2390 4833 2581 4903 Βοηθεῖ
2614 4827 2706 4884 οὖν
2748 4834 2813 4902 τῇ
2846 4831 2999 4883 πόλει
3032 4834 3059 4884 ὁ
3102 4831 3252 4894 Θεὸς,
3292 4832 3377 4884 διὰ
3424 4833 3521 4903 τῆς
3567 4833 3706 4895 ἰδίας

2133 4926 2392 4996 ἀνατολῆς
2448 4925 2539 4977 καὶ
2602 4924 2917 4992 ἐπιφανείας
2972 4924 3183 4993 πρωίαν
3237 4925 3377 4995 αὐτῇ
3436 4926 3701 4995 ἐμποιῶν.

2147 5017 2289 5070 Ἰδοὺ
2315 5017 2422 5086 γὰρ
2450 5014 2776 5082 ἄνθρωπος,
2808 5014 2989 5083 φησὶν,
3008 5014 3285 5081 Ἀνατολὴ
3312 5014 3495 5082 ὄνομα
3519 5015 3703 5079 αὐτῷ.

2136 5104 2230 5171 Οἷς
2283 5108 2348 5161 ἂν
2405 5103 2496 5160 οὖν
2540 5105 2864 5177 ἐπανατείλῃ
2898 5106 3007 5175 ('58)
3068 5106 3128 5158 τὸ
3172 5106 3359 5175 νοητὸν
3397 5106 3533 5175 φῶς,
3574 5107 3702 5161 λυο-

2189 5242 2208 5271 ⁹
2250 5238 2352 5293 lsa.
2379 5255 2467 5300 ωε,
2510 5237 2697 5292 1548.
2779 5239 2825 5269 ¹⁰
2857 5238 3017 5291 llebr.
3056 5255 3128 5303 ιιι,
3174 5240 3259 5292 10.
3338 5238 3377 5269 ⁸¹
3410 5238 3587 5293 Galnt.
3628 5256 3701 5301 tv,

465 5305 553 5357 2b.
634 5307 674 5335 ¹²
715 5306 942 5359 Malaclt.
982 5319 1052 5369 tv,
1082 5306 1130 5357 2.
1213 5306 1255 5335 ¹³
1296 5305 1455 5358 llebr.
1484 5305 1595 5368 1,5.
1677 5304 1717 5332 “
1754 5302 1909 5356 Rom.
1954 5322 2043 5360 xm

2152 5311 2205 5363 τὶ.
2284 5310 2325 5339 ¹⁵
2368 5309 2531 5361 Zatch.
2580 5324 2654 5369 vx,
2696 5309 2781 5361 12.

539 5443 651 5514 (36)
691 5442 781 5498 Sic
810 5444 940 5513 Reg.
973 5452 1159 5514 tertius
1193 5452 1245 5514 et
1285 5442 1487 5514 Catena
1515 5439 1738 5514 Corder.
1770 5440 1836 5514 ᾼι
1869 5440 2022 5514 Colb.

467 5510 727 5580 septimus
778 5515 876 5584 τὴν
896 5510 1004 5581 ’μὲν
1046 5513 1169 5584 γᾴρ.
1203 5513 1341 5584 Editi
1375 5511 1470 5580 τὴν
1530 5510 1626 5584 μὲν
1676 5510 1801 5584 παρ’
1866 5513 2019 5581 ἡμῖν.

470 5585 661 5635 Statim
685 5582 941 5654 εόίιίίτὴν
976 5586 1031 5636 δὲ
1062 5583 1157 5652 τῆς
1187 5582 1363 5652 ψυχῆς
1398 5583 1627 5652 πρωῖαν.
1671 5583 1738 5633 At
1768 5594 1898 5633 tnss.
1931 5596 2017 5635 sc-

468 5664 608 5721 ptcm
645 5666 699 5704 ut
726 5656 777 5705 in
809 5666 1084 5707 contextu.

540 5722 646 5792 t5?)
685 5722 771 5775 lla:
804 5740 980 5789 voces,
1014 5726 1073 5775 τὸ
1129 5724 1259 5795 πρὸς
1312 5721 1452 5794 πρωῒ
1502 5722 1663 5792 πρωΐ,
1728 5719 1923 5775 desunt
1967 5721 2017 5775 in

2131 5454 2365 5526 quatuor
2400 5460 2528 5499 mss.
2560 5444 2630 5498 At
2664 5443 2714 5497 in
2744 5444 2951 5499 duobus
2980 5444 3098 5498 aliis
3132 5459 3284 5515 teque
3339 5460 3398 5498 ac
3448 5446 3502 5498 in
3540 5447 3701 5498 editis

2132 5525 2498 5583 reperiuntur.

2198 5586 2311 5670 £58)
2352 5585 2489 5638 Editi
2522 5584 2884 5657 ἐπανατέλλῃ.
2917 5586 2986 5639 At
3036 5598 3163 5639 mss.
3218 5584 3457 5653 quinque
3501 5587 3699 5637 ἐπανα-

2128 5670 2297 5725 τειΑῃ.
