3978 6410
509 447 608 498 Mi?

1840 444 1897 491 δ.
1930 444 2171 489 ΒΑδιιιιι
2210 443 2422 491 MAbiVl

3626 444 3731 499 828

510 559 629 625 pius
660 555 941 620 accedant,
974 556 1162 611 dicens
1194 574 1206 609 :
1264 556 1445 612 Venite
1482 566 1531 611 et
1559 557 1742 612 videte.
1794 556 2067 622 Quemad-

2172 570 2300 624 τητα
2335 556 2720 626 προσκαλεῖται
2751 559 2779 609 ὁ
2809 556 2962 625 λόγος
2994 557 3164 626 λέγων
3184 574 3196 587 ·
3228 558 3403 611 Δεῦτε
3422 558 3519 611 καί
3553 559 3729 614 ἴδετε.

440 700 443 703 .
511 651 725 703 modum
759 649 902 703 enim
932 650 984 703 in
1012 650 1291 718 corporeis
1321 650 1511 715 oculis,
1550 650 1831 705 intervalla
1874 665 2067 720 magna

513 743 799 795 obscuram
832 740 1064 794 reddunt
1096 755 1281 795 eorum
1315 756 1433 810 quae
1474 744 1573 796 sub
1606 751 1953 811 conSpectum
1985 756 2070 794 ca-

510 835 643 887 dunt
664 832 1197 902 comprehensionem
1220 853 1233 899 ;
1262 845 1445 888 contra
1470 834 1707 889 accessio
1727 833 2065 896 intuentium,

509 924 856 991 conspicuam
914 922 1084 976 reddit
1116 938 1294 977 rerum
1331 923 1674 977 visendarum
1693 924 2021 994 agnitionem
2052 939 2065 974 :

513 1016 589 1067 sic
612 1014 774 1067 etiam
802 1014 853 1066 in
882 1013 1074 1069 mentis
1101 1012 1574 1082 contemplatione,
1601 1013 1767 1083 quise
1789 1026 1883 1081 per
1905 1026 2068 1080 opera

511 1102 622 1157 Deo
657 1119 758 1157 non
787 1100 1079 1173 coniungit,
1117 1120 1214 1159 nec
1247 1106 1658 1174 apprOpinquat,
1710 1120 1873 1175 opera
1927 1103 2071 1159 illius

511 1193 661 1259 puris
694 1193 887 1248 mentis
916 1194 1091 1249 oculis
1144 1197 1325 1251 videre
1358 1213 1461 1252 non
1507 1207 1701 1267 potest.
1750 1198 1955 1253 Idcirco
1981 1213 2069 1251 ve-

510 1287 648 1351 nite,
684 1285 1112 1355 appmpinqnate
1134 1290 1286 1358 prius
1311 1306 1325 1353 ;
1360 1289 1552 1343 deinde
1580 1289 1758 1344 videte
1777 1304 1941 1359 opera
1965 1288 2066 1344 Do-

508 1377 669 1442 mini,
702 1378 1009 1450 prodigiosa
1042 1394 1171 1434 sane
1204 1390 1259 1435 et
1284 1381 1588 1449 mirabilia;
1634 1382 1829 1451 quibus
1856 1382 2068 1451 percul-

513 1485 603 1521 sas
642 1479 850 1539 gentes,
884 1486 1083 1538 easque
1105 1481 1262 1526 antea
1295 1472 1520 1527 hostiles
1551 1482 1607 1529 et
1636 1473 1941 1536 seditiosas,
2002 1476 2069 1528 ad

512 1561 744 1624 quielem
785 1562 1077 1615 transtulit.
1116 1559 1313 1627 Venite,
1341 1564 1465 1631 ﬁlii,
1488 1564 1666 1619 audite
1704 1581 1783 1619 me
1802 1566 1880 1632 ¹⁹;
1917 1568 2068 1630 item,

521 1648 699 1705 Venite
730 1668 901 1707 omnes
942 1656 1031 1722 qui
1082 1654 1357 1721 laboratis,
1399 1666 1446 1710 et
1474 1657 1676 1711 onerati
1711 1657 1833 1711 estis
1865 1658 1931 1712 ὀ.
1964 1658 2068 1712 Pa-

513 1751 665 1795 terna
706 1758 809 1798 vox
836 1754 939 1809 est,
982 1746 1238 1814 expansis
1280 1747 1422 1802 ulnis
1462 1750 1530 1803 ad
1575 1764 1635 1806 se
1666 1750 1946 1807 invitantis
1977 1768 2070 1808 eos

511 1830 603 1897 qni
644 1831 905 1888 hactenus
959 1836 1191 1891 rebelles
1249 1836 1423 1894 fuere.
1463 1839 1567 1907 Qui
1626 1840 1791 1911 igitur
1835 1843 2072 1899 audierit

511 1924 874 1988 vocationem,
908 1904 1544 2001 appropinquavcritque
1585 1904 1952 2003 et'imperanti
1986 1937 2075 1989 ad-
2103 1904 2144 1958 Β

515 2011 761 2077 haeserit,
781 2013 826 2067 is
856 2028 978 2069 enm
1014 2018 1227 2072 visurus
1255 2027 1336 2073 est
1362 2021 1452 2089 qui
1492 2032 1684 2077 cuncta
1723 2038 1822 2093 per
1854 2040 2070 2081 crucem

513 2100 836 2167 paciﬁcavit,
874 2103 994 2159 Sive
1038 2122 1155 2176 qua:
1190 2109 1245 2161 in
1278 2118 1418 2164 terra
1452 2122 1593 2178 sunt,
1618 2114 1721 2168 sive
1755 2132 1871 2185 qua:
1893 2118 1945 2170 in
1974 2135 2075 2171 cae-

513 2193 579 2244 lis
607 2192 674 2245 ²¹.
704 2194 897 2249 Arcum
940 2206 1190 2263 conteret,
1226 2210 1274 2254 et
1308 2202 1597 2273 confringet
1634 2221 1804 2271 arma,
1845 2216 1891 2261 et
1925 2218 2072 2261 scuta

513 2284 777 2339 comburat
807 2288 936 2355 igni.
964 2286 1128 2344 Vides
1145 2292 1427 2359 pacificum
1466 2294 1702 2350 animum
1726 2297 1938 2353 Domini
1967 2302 2073 2355 vir-

516 2383 711 2440 tutum,
745 2380 887 2445 quod
916 2378 1214 2437 invisibiles
1254 2382 1527 2453 legionum
1580 2388 1946 2459 angelicarum
1975 2408 2072 2462 po-

516 2474 737 2522 .estates
768 2484 953 2524 secum
984 2471 1210 2527 habeat?
1239 2470 1402 2530 Vides
1425 2475 1795 2535 fortitudinem
1831 2481 1991 2537 simul
2019 2494 2073 2537 et

513 2561 901 2618 humanitatem
931 2566 1127 2620 summi
1156 2568 1312 2623 ducis
1341 2570 1649 2626 virtutum?
1677 2574 1768 2643 qui
1798 2589 1929 2629 sane
1963 2576 2070 2631 Do-

511 2652 690 2707 minus
716 2668 836 2708 cum
866 2656 937 2710 sit
969 2658 1249 2724 virtutum,
1292 2676 1355 2716 ac
1386 2676 1577 2719 omnes
1614 2663 1883 2735 legionum
1916 2682 2073 2737 ange-

511 2744 740 2801 licarum
783 2756 987 2804 turmas
1018 2750 1232 2818 habeat,
1268 2769 1535 2824 nusquam
1557 2767 1737 2814 tamen
1766 2761 1929 2816 ullum
1955 2764 2072 2817 vul-

2173 648 2379 717 Ὠσπερ
2406 649 2512 719 γὰρ
2546 649 2637 701 ἐπὶ
2670 648 2775 702 τῶν
2822 650 3144 720 σωματικῶν
3191 651 3481 721 ὀφθαλμῶν
3528 654 3589 704 αἱ
3634 654 3733 721 μὲν

2170 738 2262 789 ἐπὶ
2296 737 2427 791 πολὺ
2458 738 2780 801 ἀποστάσεις
2812 738 3055 811 ἀμυδρὰν
3088 738 3295 793 ποιοῦσι
3326 742 3425 811 τὴν
3456 741 3568 793 τῶν
3598 744 3734 812 ὁρωο

2174 829 2347 899 μένων
2372 829 2693 899 κατάληψιν,
2731 830 2780 883 οἱ
2806 830 2862 883 δὲ
2896 832 3287 902 προσεγγισμοὶ
3320 831 3428 884 τῶν
3467 832 3735 900 θεωρούν-

2168 938 2275 974 των
2322 922 2524 991 ἐναργῆ
2568 922 2890 993 παρέχονται
2932 923 3039 975 τῶν
3080 922 3419 993 βλεπομένων
3474 924 3591 993 (44)
3633 923 3735 993 τὴν

2171 1014 2490 1081 ἐπίγνωσινο
2521 1012 2663 1066 οὕτω
2689 1015 2778 1067 καὶ
2829 1014 2921 1067 ἐπὶ
2960 1015 3068 1067 τῶν
3110 1014 3251 1069 κατά
3282 1014 3404 1068 νοῦν
3451 1015 3737 1085 θεωρημά-

2170 1122 2296 1167 των,
2325 1106 2353 1157 ὁ
2388 1104 2460 1175 μὴ
2492 1104 2579 1157 διὰ
2608 1104 2716 1157 τῶν
2749 1104 2924 1175 ἔργων
2954 1106 3251 1169 οίκειωθεὶς
3287 1106 3381 1159 καὶ
3425 1106 3736 1175 πλησιάσας

2170 1197 2288 1267 Θεῷ
2307 1198 2432 1251 ίδεῖν
2452 1198 2518 1249 τά
2534 1196 2669 1268 ἔργα
2696 1195 2858 1249 αὑτοῦ
2871 1196 3125 1268 καθαροῖς
3146 1198 3259 1260 τοῖς
3273 1197 3504 1259 διανοίας
3527 1196 3733 1264 ὀφθαλ-

2176 1290 2292 1357 μοῖς
2335 1288 2395 1341 οὒ
2440 1288 2678 1341 δύναται.
2728 1286 2827 1339 Διά
2870 1286 3044 1352 τοῦτο,
3092 1286 3288 1351 Δεῦτε,
3337 1287 3735 1358 προσεγγίσατε

2173 1379 2432 1450 πρότερον
2468 1378 2599 1450 (45),
2642 1373 2759 1431 εἶτα
2802 1379 2936 1431 ῐδετε
2971 1376 3039 1430 τά
3064 1377 3200 1450 ἔργα
3232 1377 3433 1448 Κυρίου
3474 1378 3737 1448 τεράστια

2171 1468 2299 1522 ὅντα
2324 1470 2416 1521 καὶ
2447 1468 2723 1540 παράδοξα
2745 1483 2758 1496 ·
2808 1469 2898 1536 ὑφ’
2930 1460 3005 1523 ὧν
3045 1467 3460 1535 καταπλαγέντα
3494 1468 3566 1519 τὰ
3596 1468 3737 1537 πρό⁴

2172 1576 2324 1629 τερον
2349 1559 2580 1629 πολέμια
2614 1558 2708 1611 καὶ
2737 1558 3001 1629 στασιώδη
3032 1558 3156 1628 ἔθνη
3192 1558 3327 1629 πρὸς
3354 1558 3585 1628 ἡσυχίαν
3606 1575 3734 1627 μετ-

2173 1650 2351 1704 έϐαλε.
2405 1651 2604 1715 Δεῦτε,
2650 1650 2850 1715 τέκνα,
2896 1651 3195 1705 ἀκούσατέ
3221 1668 3370 1719 μου·
3408 1650 3522 1714 καὶ,
3556 1650 3737 1703 Δεῦτε

2174 1744 2392 1810 πάντες
2412 1747 2466 1798 oi
2490 1741 2834 1811 κοπιῶντες,
2860 1745 2956 1798 καὶ
2983 1744 3460 1813 πεφορτισμένοι.
3486 1744 3733 1813 Πατρικὴ

2173 1836 2206 1905 ἠ
2242 1836 2412 1904 φωνὴ,
2449 1835 2795 1905 ἡπλωμέναις
2824 1834 3087 1904 ἀγκάλαις
3115 1834 3249 1905 πρὸς
3278 1834 3464 1886 ἑαυτὸν
3504 1832 3735 1885 καλοῦν-

2171 1943 2262 1990 τος
2287 1927 2411 1989 τοὺς
2434 1925 2567 1989 τέως
2586 1925 2995 1997 ἀθρηνιάζοντας.
3030 1926 3087 1980 '0
3104 1922 3197 1979 οὖν
3222 1926 3456 1989 ἀκούσας
3482 1925 3581 1995 τῆς
3603 1924 3735 1993 κλή-

2175 2035 2330 2083 σεως,
2361 2019 2455 2072 καὶ
2497 2019 2754 2087 ἐγγίσας,
2791 2018 2883 2072 καὶ
2917 2018 3193 2089 κολληθεὶς
3235 2016 3311 2089 τῷ
3346 2017 3733 2089 προστάξαντι,

2173 2113 2360 2182 ὄψεται
2400 2110 2491 2164 τὸν
2528 2112 3008 2184 είρηνοποιήσαντα
3038 2112 3105 2165 τὰ
3130 2111 3304 2166 πάντα
3327 2112 3415 2165 διά
3438 2110 3534 2163 τοῦ
3563 2128 3732 2163 σταυ-

2175 2202 2291 2276 ροῦ,
2313 2203 2447 2256 Εἴτε
2464 2202 2537 2257 τὰ
2559 2202 2657 2256 ἐπὶ
2680 2200 2783 2269 τῆς
2802 2201 2936 2271 ᾖς,
2958 2202 3077 2256 εἴτε
3100 2204 3173 2256 τὰ
3194 2202 3263 2256 ἐν
3283 2202 3405 2268 τοῖς
3427 2202 3730 2270 οὐραγοῖς.

2179 2294 2363 2357 Τόξον
2383 2292 2720 2361 συντρίψει,
2758 2292 2856 2346 καὶ
2876 2292 3211 2347 συνθλάσει
3238 2291 3346 2362 (46)
3378 2292 3593 2356 ὅπλον,
3634 2292 3732 2345 και

2174 2386 2421 2453 θυρεοὺς
2446 2386 2805 2439 κατακαύσει
2849 2384 2920 2437 ἐν
2959 2384 3121 2453 πυρί.
3174 2385 3333 2457 Ὁρᾷς
3365 2385 3425 2437 τὸ
3458 2385 3737 2456 εἰρηνικὸν

2173 2475 2379 2547 Κυρίου
2416 2475 2523 2528 τῶν
2561 2474 2861 2544 δυνάμεων,
2907 2473 2987 2527 ὅτι
3020 2473 3157 2544 ἔχων
3195 2473 3311 2544 μεθ’
3340 2472 3531 2527 ἑαυτοῦ
3562 2474 3729 2544 ἀορά-

2171 2586 2298 2632 τους
2330 2569 2585 2639 δυνάμεις
2627 2566 2929 2636 ἀγγελικῶν
2966 2565 3311 2633 καταλόγων;
3354 2567 3513 2637 Ὁρᾷς
3541 2566 3607 2619 τὸ
3639 2566 3733 2619 ἀν-

2172 2662 2347 2732 δρεῖον
2402 2659 2539 2730 ὁμοῦ
2589 2660 2683 2713 καὶ
2724 2658 3095 2729 φιλάνθρωπον
3144 2657 3235 2711 τοῦ
3297 2658 3734 2728 ἀρχιστρατήγου

2170 2753 2279 2806 τῶν
2310 2752 2589 2822 δυνάμεων
2611 2767 2626 2816 ;
2652 2752 2711 2814 ὃς
2736 2768 2822 2819 γε,
2848 2747 3048 2820 Κύριος
3074 2747 3148 2802 ὢν
3176 2747 3281 2801 τῶν
3305 2748 3607 2818 δυνάμεων,
3642 2748 3735 2799 καὶ

514 2847 669 2891 nerat
696 2840 1152 2908 adversariorum,
1188 2846 1457 2901 neminem
1490 2851 1819 2918 prosternit,
1856 2855 2070 2921 attingit

2173 2847 2352 2900 πάντα
2398 2846 2534 2917 ἔχων
2571 2845 2637 2899 τὰ
2670 2845 2989 2914 συστήματα
3024 2842 3132 2895 τῶν
3172 2840 3471 2911 ἀγγελικῶν
3500 2839 3733 2894 καταλό-

514 2930 823 2986 neminem:
880 2937 973 2988 sed
1023 2951 1181 2991 arcus
1235 2940 1465 2994 conterit
1520 2950 1575 2995 et
1618 2956 1791 3008 arma,
1820 2960 1883 2999 ac
1919 2955 2070 3002 scuta

2173 2957 2303 3008 γων,
2326 2938 2558 3010 οὐδαμοῦ
2587 2956 2707 2992 τινα
2733 2934 3022 3008 τιτρώσκει
3057 2935 3164 2987 τῶν
3209 2933 3500 3004 πολεμίων,
3542 2932 3733 2985 οὐδένα

511 3022 783 3077 comburit
812 3025 865 3077 in
912 3026 1060 3094 igne.
1093 3029 1292 3083 Arcum
1331 3031 1547 3099 quidem
1579 3034 1830 3103 conterit,
1871 3048 1927 3089 ut
1968 3054 2070 3093 non

2173 3032 2497 3086 καταϐάλλει
2530 3030 2660 3101 (4⁸7),
2686 3028 2895 3092 οὐδενὸς
2919 3029 3177 3083 ἅπτεται·
3210 3026 3343 3079 ἀλλὰ
3365 3026 3491 3091 τόξα
3518 3042 3732 3095 συντριο

514 3113 743 3182 amplius
778 3116 937 3185 ignita
972 3118 1072 3173 tela
1111 3134 1204 3189 per
1245 3135 1339 3175 eos
1362 3122 1681 3179 emittantur
1710 3143 1725 3179 :
1762 3128 2070 3199 confringet

2172 3120 2277 3184 ϐει,
2305 3122 2398 3173 καὶ
2427 3120 2585 3184 ὅπλα,
2614 3121 2706 3173 καὶ
2736 3119 2959 3189 θυρεοὺς
2988 3117 3273 3171 κατακαίει
3301 3118 3359 3170 ὲν
3385 3116 3538 3184 πυρί.
3566 3115 3733 3178 Τόξον

512 3216 689 3260 autem
714 3210 1099 3278 artna.quibus
1117 3213 1360 3268 cominus
1385 3225 1672 3285 pugnatur,
1706 3226 1764 3273 ut
1791 3222 1882 3288 qui
1906 3237 2070 3291 prope

2176 3214 2272 3285 μὲν
2315 3214 2619 3285 συντρίϐει,
2673 3212 2810 3265 ὥστε
2854 3211 3047 3282 μηκέτι
3084 3210 3151 3264 τὰ
3198 3210 3561 3280 πεπυρωμένα
3601 3208 3731 3278 βέλη

511 3308 663 3366 sunt,
696 3299 904 3355 insidiis
955 3303 1141 3371 petiti,
1186 3304 1403 3360 vulnera
1452 3309 1691 3379 recipere
1726 3325 2067 3383 nequaquam

2172 3306 2549 3377 ἐκπέμπεσθαι
2576 3307 2641 3359 δι’
2673 3305 2851 3359 αὐτῶν
2871 3322 2885 3334 ·
2920 3304 3057 3358 ὅπλα
3105 3304 3160 3357 δὲ
3196 3302 3474 3356 συνθλάσει
3519 3301 3631 3369 (48)
3662 3302 3730 3353 τα

510 3386 742 3455 possint.
792 3388 861 3442 Et
913 3400 1061 3444 scuta
1105 3392 1370 3448 comburet
1404 3394 1532 3465 igni,
1566 3398 1909 3458 adversarios
1946 3420 2069 3475 spo-

514 3477 655 3532 lians
708 3480 822 3533 suis
878 3482 1248 3552 munimentis,
1304 3493 1465 3554 atque
1514 3488 1857 3547 inimicorum
1891 3498 2066 3565 gratia

507 3568 691 3621 omnia
722 3568 943 3627 faciens.

579 3848 632 3891 δ.
712 3853 827 3893 ens.
871 3840 957 3893 Η.
994 3840 1189 3897 Vacate
1224 3852 1274 3898 et
1303 3846 1490 3910 videte,
1532 3850 1781 3917 quoniam
1821 3867 1915 3921 ego
1950 3869 2065 3906 sum

512 3930 672 3983 Deus.
707 3931 955 3996 Quandiu
989 3935 1204 4003 quidem
1258 3936 1448 3992 alienis
1497 3954 1527 3992 a
1569 3940 1678 3994 Deo
1713 3945 1872 3996 rebus
1906 3959 2069 3998 vaca-

510 4037 652 4087 mus,
688 4022 782 4075 Dei
814 4025 1060 4077 notitiam
1109 4028 1383 4097 suscipere
1435 4045 1541 4084 non
1593 4046 1898 4099 possumus.
1934 4036 2065 4101 Quis

510 4114 658 4165 enim
693 4113 758 4167 de
780 4116 960 4169 mundi
990 4117 1148 4171 rebus
1181 4119 1469 4184 sollicitus,
1500 4136 1564 4175 ac
1590 4123 1918 4194 itmnergens
1942 4142 2065 4182 sese

506 4205 686 4260 carnis
715 4207 1178 4278 occupationibus,
1205 4220 1369 4279 queat
1419 4214 1603 4270 verbis
1642 4214 1739 4272 Dei
1764 4220 2065 4283 attendere.

507 4311 671 4365 atque
696 4306 773 4351 tot
795 4312 860 4352 ac
889 4300 1047 4386 tantis
1074 4300 1231 4356 rebus
1254 4314 1507 4359 accurate
1528 4305 1923 4379 diligenterque
1943 4327 2067 4381 spe-

505 4387 750 4443 culandis
780 4404 880 4457 par
900 4392 1056 4445 esse?
1104 4392 1219 4445 Non
1251 4394 1420 4459 vides,
1473 4397 1750 4466 delapsum
1796 4401 1849 4454 in
1880 4403 2064 4471 spinas

504 4481 727 4536 verbum
757 4485 929 4553 spinis
956 4485 1252 4541 suffocari?
1281 4486 1459 4557 Spinae
1505 4501 1684 4545 autem
1718 4504 1842 4548 sunt
1882 4495 2061 4551 carnis

2170 3400 2477 3470 ἀγχέμαχα,
2502 3400 2575 3461 ὼς
2606 3398 2678 3469 μὴ
2708 3396 2963 3452 δύνασθαι
2990 3398 3113 3460 τοὺς
3153 3396 3413 3465 σύνεγγυς
3441 3394 3733 3467 τραύματα

2168 3492 2416 3562 δέχεσθαι
2441 3494 2972 3565 ἐπιϐουλευομένους.
3009 3496 3115 3548 Καὶ
3143 3495 3365 3565 θυρεοὺς
3392 3492 3731 3547 κατακαύσει

2170 3586 2226 3640 ὲν
2256 3587 2405 3657 πυρὶ,
2449 3586 2667 3656 γυμνῶν
2714 3589 2838 3649 τοὺς
2883 3586 3281 3657 ἀντικειμένους
3313 3584 3418 3638 ἀπὸ
3451 3585 3557 3637 τῶν
3597 3602 3731 3656 προ-

2170 3676 2479 3747 ϐλημάτων,
2527 3680 2619 3731 καὶ
2671 3680 2847 3732 πάντα
2900 3679 2985 3731 ἐπ’
3033 3677 3317 3750 εὐεργεσίᾳ
3363 3676 3469 3729 τῶν
3519 3676 3730 3746 ἐχθρῶν

2169 3769 2423 3839 ἐνεργῶν.

2238 3861 2289 3913 8.
2310 3864 2355 3913 Σ
2357 3860 2656 3928 χολάσατε
2676 3861 2771 3914 καὶ
2790 3860 2988 3931 γνῶτε,
3015 3860 3101 3915 ὅτι
3124 3860 3235 3931 ἐγώ
3249 3864 3361 3930 εἰμι
3380 3864 3411 3914 ὁ
3433 3861 3595 3923 Θεός.
3613 3860 3727 3927 Ἐφ’

2167 3950 2288 4001 ὅσον
2325 3950 2419 4018 μὲν
2461 3952 2569 4011 τοῖς
2612 3948 2715 4015 ἔξω
2745 3948 2879 4002 Θεοῦ
2924 3947 3251 4019 σχολάζομεν
3296 3947 3640 4016 πράγμασιν,
3668 3946 3728 3997 οὐ

2166 4041 2437 4110 δυνάμεθα
2477 4041 2721 4111 χωρῆσαι
2746 4040 2944 4109 γνῶσιν
2974 4039 3129 4093 Θεοῦ.
3162 4041 3257 4102 Τίς
3297 4041 3402 4108 γὰρ
3452 4038 3729 4113 μεριμνῶν

2167 4132 2235 4185 τὰ
2275 4130 2367 4185 τοῦ
2398 4132 2635 4202 κόσμου,
2673 4132 2765 4184 καὶ
2805 4131 3123 4202 ὲμϐαθύνων
3173 4135 3283 4194 τοῖς
3324 4132 3728 4202 περισωσμοῖς

2165 4225 2263 4294 τῆς
2293 4223 2511 4295 σαρκὸς,
2533 4223 2751 4278 δύναται
2771 4225 2883 4287 τοῖς
2905 4224 3031 4294 περὶ
3051 4222 3185 4277 Θεοῦ
3213 4223 3386 4291 λόγοις
3417 4223 3727 4294 προσέχειν,

2167 4318 2258 4369 καὶ
2281 4319 2344 4387 τῇ
2369 4315 2623 4387 ἀκριϐείᾳ
2643 4314 2747 4369 τῶν
2766 4313 3096 4386 τηλικούτων
3117 4316 3481 4386 θεωρημάτων
3500 4315 3727 4385 ἀρκεῖνς

2166 4410 2275 4477 Οὐχ
2300 4390 2450 4480 ὁρᾷς,
2481 4409 2562 4461 ὅτι
2591 4410 2619 4461 ὁ
2643 4409 2722 4469 είς
2758 4405 2857 4469 τὰς
2883 4408 3120 4471 ἀκάνθας
3148 4405 3401 4477 ἐμπεσὼν
3438 4406 3595 4475 λόγος
3625 4406 3729 4459 ὑπὸ

2165 4500 2270 4551 τῶν
2296 4498 2545 4553 ἀκανθῶν
2575 4500 2964 4570 πμπνίγεταις
3005 4498 3266 4551 Ἀκανθαι
3295 4497 3351 4550 δέ
3376 4498 3510 4549 εἰσιν
3544 4497 3729 4568 ἡδοναὶ

506 4573 828 4642 voluptates,
878 4586 933 4629 et
976 4576 1199 4639 divitia},
1236 4588 1290 4631 et
1319 4580 1511 4644 gloria,
1547 4590 1601 4635 et
1630 4598 1708 4637 ea:
1734 4600 1854 4653 quae
1887 4586 1953 4641 ad
1984 4588 2066 4641 vi-

2172 4591 2390 4662 σαρκὸς,
2416 4591 2508 4643 καὶ
2534 4589 2760 4654 πλοῦτος
2782 4590 2873 4643 καὶ
2893 4587 3038 4653 δόξα,
3062 4590 3152 4642 καὶ
3172 4588 3418 4658 βιωτικαὶ
3444 4588 3725 4658 μέριμναι.

506 4673 613 4715 tam
658 4666 927 4731 pertinent
967 4683 1110 4722 curae
1158 4670 1223 4722 ”.
1255 4670 1520 4726 Caeterum
1565 4675 1631 4727 ab
1690 4676 1774 4731 bis
1816 4678 2065 4735 omnibus

2172 4684 2353 4736 Πάντα
2384 4682 2440 4735 δὲ
2466 4681 2575 4751 (49)
2605 4682 2806 4735 τούτων
2837 4680 2941 4747 ἔξω
2967 4681 3146 4750 δεήσει
3172 4679 3423 4747 γενέσθαι
3462 4679 3553 4731 τὸν
3602 4680 3723 4731 ὲπι-

504 4755 797 4811 alienatnm
821 4774 941 4814 esse
964 4762 1238 4829 oportebit
1267 4778 1415 4828 eum,
1444 4766 1532 4832 qui
1575 4766 1667 4821 Dei
1700 4770 2061 4837 cognitionem

2172 4772 2415 4841 δεόμενον
2444 4774 2541 4840 τῆς
2570 4769 2823 4838 γνώσεως
2850 4769 2940 4821 τοῦ
2965 4768 3123 4829 Θεοῦ,
3140 4770 3235 4820 καὶ
3268 4768 3601 4837 σχολάσαντα
3620 4769 3728 4820 ἀπὸ

504 4843 771 4898 desiderat
793 4861 807 4909 ;
830 4857 882 4899 et
904 4849 991 4902 ubi
1020 4852 1293 4905 vacaverit
1320 4852 1387 4904 ab
1415 4853 1717 4923 affectibus,
1751 4859 1822 4912 ita
1846 4860 2059 4917 demum

2172 4863 2273 4916 τῶν
2303 4862 2508 4925 παθῶν,
2526 4862 2695 4924 οὕτως
2720 4861 3009 4915 ἀναλαϐεῖν
3032 4860 3127 4931 τὴν
3149 4859 3437 4927 ἐπίγνωσιν
3454 4858 3547 4911 τοῦ
3568 4858 3726 4911 Θεοῦ.

504 4934 595 4987 Dei
632 4936 871 5003 recipere
907 4941 1290 5007 cognitionem.
1322 4943 1596 5009 Quomodo
1639 4950 1781 5002 cnim
1822 4951 2056 5007 animam

2172 4954 2289 5017 Πῶς
2329 4956 2435 5025 γὰρ
2470 4953 2684 5025 εἰσέλθῃ
2727 4954 2805 5016 εἰς
2849 4952 3025 5022 ψυχὴν
3081 4950 3581 5021 στενοχωρουμένην
3624 4950 3727 5001 ὑπὸ

500 5040 530 5079 a
562 5032 758 5081 mentis
795 5032 1199 5100 evagationibus
1222 5049 1279 5088 se
1306 5041 1802 5107 praeoccupantibus
1832 5058 2055 5115 oppres-

2172 5047 2270 5102 τῶν
2330 5045 2848 5119 προκαταλαϐόντων
2886 5043 3052 5114 αὐτὴν
3100 5042 3461 5112 διαλογισμῶν
3519 5046 3551 5112 ἡ
3603 5043 3727 5113 περὶ

595 5275 617 5305 ’
643 5273 784 5334 Psal.
814 5291 1007 5342 χχχιιι,
1043 5278 1127 5332 12.
1205 5282 1249 5312 ¹⁰
1284 5282 1471 5339 Matth.
1508 5302 1583 5353 xI,
1616 5288 1707 5345 28.
1788 5292 1830 5324 "
1867 5291 2070 5347 Coloss.

2172 5294 2263 5347 20.
2339 5295 2383 5324 ¹¹
2416 5292 2599 5346 Matth.
2638 5307 2759 5354 xm,
2812 5292 2881 5355 Ἱ,
2933 5290 3023 5344 ‘19..

2155 5499 2210 5545 et
2237 5499 2424 5544 sextus
2453 5504 2574 5543 cum
2604 5490 2735 5557 Reg.
2775 5485 2977 5557 quinto
2998 5480 3352 5557 κατα-καύσει.

2226 5559 2337 5626 (48)
2366 5559 2461 5613 llic
2501 5574 2629 5613 mss.
2655 5553 2748 5613 séx
2779 5553 3263 5626 sunanegam.
3293 5564 3423 5604 vero
3452 5556 3637 5604 sextus
3667 5558 3722 5602 et

2152 5622 2297 5684 Coll).
2330 5632 2550 5698 quintus
2569 5644 2704 5698 cum,
2726 5627 2886 5681 editis
2920 5622 3228 5676 συνθλάσει.
3322 5687 3333 5698 Δ
3508 5684 3557 5698 υ
3601 5685 3637 5698 ν
3663 5684 3691 5698 __

2224 5684 2539 5768 (49)'Ed_itio
2568 5696 2730 5751 Basil.
2764 5706 2817 5750 et
2848 5701 3078 5763 quatuor
3099 5707 3230 5768 mss.
3266 5684 3577 5768 πάντων-δέ.
3601 5684 3722 5768 ian—

2154 5752 2381 5821 tio‘ve'ro
2426 5766 2601 5839 Paris.
2629 5776 2682 5819 et
2727 5776 2836 5820 tres
2864 5752 3001 5818 mss.
3046 5762 3263 5839 πάντων
3298 5752 3567 5839 mivath
3600 5753 3719 5839 (Loll-

2154 5839 2346 5890 licrtini
2378 5837 2584 5897 primus
2607 5847 2661 5889 et
2695 5846 2883 5891 sextus
2911 5850 3029 5890 cum
3060 5831 3191 5902 Reg.
3238 5828 3395 5885 tertio
3426 5821 3719 5886 ὲπιδικαζό-

2154 5925 2310 5973 μενον
2349 5908 2441 5974 τῆς
2470 5906 2741 5974 γνώσεως.

568 5478 680 5550 (ιιι)
720 5481 794 5536 Ita
854 5499 983 5541 mss.
1038 5488 1263 5552 septem.
1310 5483 1450 5538 Editi
1509 5502 1635 5543 vero
1688 5487 1797 5541 τῶν
1846 5488 2057 5561 θεωμέ-

498 5564 678 5699 νωςᾌξξ)
878 5622 1107 5699 πρῶτον.
1135 5622 1370 5699 Αικηιεε.
1404 5634 1607 5699 septem
1635 5627 1917 5699 πρότερον.

569 5679 679 5757 (46)
718 5689 893 5745 Editio
922 5679 1098 5766 'Basil.
1131 5703 1187 5747 et
1220 5691 1370 5762 Regii
1409 5679 1697 5761 secundus,
1998 5710 2049 5753 et

498 5766 681 5809 Z-uxltts
704 5774 803 5810 una
843 5776 963 5813 cum
1015 5764 1134 5816 aliis
1176 5765 1345 5817 tribus
1393 5766 1716 5822 Culbcrtinis
1746 5764 2043 5823 συνθλάσει.

498 5825 670 5899 f.«liti_o
698 5843 823 5899 vero
852 5830 1021 5885 Paris.
1054 5833 1365 5899 συγκλάσει.

568 5894 678 5966 (47)
710 5895 840 5968 Reg.
882 5904 1069 5957 tertius
1118 5894 1316 5971 βάλλει.
1369 5902 1486 5959 Mox
1523 5906 1816 5965 Colbertini
1852 5911 2051 5976 primus
