  <div class='ocr_page' id='page_1' title='image "/cluster/home/n/w/nwhite01/storage/ocr_20150623/29/hvd.32044011320256/648.png"; bbox 0 0 3978 6410; ppageno 0'>
   <div class='ocr_carea' id='block_1_1' title="bbox 289 444 1860 505">
    <p class='ocr_par' dir='ltr' id='par_1_1' title="bbox 289 448 1860 505">
     <span class='ocr_line' id='line_1_1' title="bbox 289 448 1860 505; baseline -0.003 0"><span class='ocrx_word' id='word_1_1' title='bbox 289 451 393 505; x_wconf 72' lang='lat'><strong>429</strong></span> <span class='ocrx_word' id='word_1_2' title='bbox 1410 449 1695 504; x_wconf 76' lang='lat' dir='ltr'><strong>IIOMILIA</strong></span> <span class='ocrx_word' id='word_1_3' title='bbox 1733 448 1799 501; x_wconf 81' lang='grc' dir='ltr'>ΙΝ</span> <span class='ocrx_word' id='word_1_4' title='bbox 1842 452 1860 500; x_wconf 79' lang='grc'><strong>1</strong></span> 
     </span>
    </p>
   </div>
   <div class='ocr_carea' id='block_1_2' title="bbox 1961 444 3532 505">
    <p class='ocr_par' dir='ltr' id='par_1_2' title="bbox 1961 444 3532 501">
     <span class='ocr_line' id='line_1_2' title="bbox 1961 444 3532 501; baseline -0.003 -3"><span class='ocrx_word' id='word_1_5' title='bbox 1961 445 2168 500; x_wconf 53' lang='grc' dir='ltr'><strong>ιιμῆἱυΜ</strong></span> <span class='ocrx_word' id='word_1_6' title='bbox 2204 446 2361 501; x_wconf 72' lang='lat' dir='ltr'><strong>XLV.</strong></span> <span class='ocrx_word' id='word_1_7' title='bbox 3432 444 3532 496; x_wconf 62' lang='grc' dir='ltr'><strong>4ΰο</strong></span> 
     </span>
    </p>
   </div>
   <div class='ocr_carea' id='block_1_3' title="bbox 286 557 1857 637">
    <p class='ocr_par' dir='ltr' id='par_1_3' title="bbox 286 562 1857 637">
     <span class='ocr_line' id='line_1_3' title="bbox 286 562 1857 637; baseline -0.004 -17"><span class='ocrx_word' id='word_1_8' title='bbox 286 564 423 620; x_wconf 84' lang='grc' dir='ltr'><strong>Θεοῦ</strong></span> <span class='ocrx_word' id='word_1_9' title='bbox 448 566 624 618; x_wconf 78' lang='grc' dir='ltr'>ἔννοια</span> <span class='ocrx_word' id='word_1_10' title='bbox 648 582 661 630; x_wconf 91' lang='grc'>;</span> <span class='ocrx_word' id='word_1_11' title='bbox 684 562 805 620; x_wconf 82' lang='grc' dir='ltr'>υἷδε</span> <span class='ocrx_word' id='word_1_12' title='bbox 851 566 960 637; x_wconf 79' lang='grc'>(50)</span> <span class='ocrx_word' id='word_1_13' title='bbox 996 567 1052 619; x_wconf 81' lang='grc' dir='ltr'>δὲ</span> <span class='ocrx_word' id='word_1_14' title='bbox 1092 566 1185 620; x_wconf 80' lang='grc' dir='ltr'>καὶ</span> <span class='ocrx_word' id='word_1_15' title='bbox 1221 563 1441 636; x_wconf 79' lang='grc' dir='ltr'>Φαραὼ,</span> <span class='ocrx_word' id='word_1_16' title='bbox 1484 565 1566 617; x_wconf 81' lang='grc' dir='ltr'><strong>ὅτι</strong></span> <span class='ocrx_word' id='word_1_17' title='bbox 1598 564 1725 616; x_wconf 76' lang='grc' dir='ltr'>ἴδιόν</span> <span class='ocrx_word' id='word_1_18' title='bbox 1750 564 1857 614; x_wconf 78' lang='grc' dir='ltr'>ἐστι</span> 
     </span>
    </p>
   </div>
   <div class='ocr_carea' id='block_1_4' title="bbox 1954 557 3525 637">
    <p class='ocr_par' dir='ltr' id='par_1_4' title="bbox 1969 557 3525 631">
     <span class='ocr_line' id='line_1_4' title="bbox 1969 557 3525 631; baseline -0.008 -15"><span class='ocrx_word' id='word_1_19' title='bbox 1969 577 2084 616; x_wconf 85' lang='lat' dir='ltr'><strong>sam</strong></span> <span class='ocrx_word' id='word_1_20' title='bbox 2114 560 2449 631; x_wconf 77' lang='lat' dir='ltr'><strong>ingredietur</strong></span> <span class='ocrx_word' id='word_1_21' title='bbox 2478 560 2570 614; x_wconf 88' lang='lat' dir='ltr'><strong>Dei</strong></span> <span class='ocrx_word' id='word_1_22' title='bbox 2590 560 2869 629; x_wconf 79' lang='lat' dir='ltr'><strong>cognitio?</strong></span> <span class='ocrx_word' id='word_1_23' title='bbox 2904 559 3067 627; x_wconf 80' lang='lat' dir='ltr'><strong>Atqui</strong></span> <span class='ocrx_word' id='word_1_24' title='bbox 3112 568 3163 610; x_wconf 89' lang='lat' dir='ltr'><strong>et</strong></span> <span class='ocrx_word' id='word_1_25' title='bbox 3194 557 3405 610; x_wconf 78' lang='lat' dir='ltr'><strong>Pharao</strong></span> <span class='ocrx_word' id='word_1_26' title='bbox 3440 572 3525 607; x_wconf 70' lang='lat' dir='ltr'><strong>uo.</strong></span> 
     </span>
    </p>
   </div>
   <div class='ocr_carea' id='block_1_5' title="bbox 285 649 1856 727">
    <p class='ocr_par' dir='ltr' id='par_1_5' title="bbox 285 649 1856 727">
     <span class='ocr_line' id='line_1_5' title="bbox 285 649 1856 727; baseline -0.006 -16"><span class='ocrx_word' id='word_1_27' title='bbox 285 656 382 711; x_wconf 80' lang='grc' dir='ltr'>τοῦ</span> <span class='ocrx_word' id='word_1_28' title='bbox 428 655 777 726; x_wconf 80' lang='grc' dir='ltr'><strong>σχολάζοντος</strong></span> <span class='ocrx_word' id='word_1_29' title='bbox 819 656 1066 727; x_wconf 76' lang='grc' dir='ltr'>ὲκζητεῖν</span> <span class='ocrx_word' id='word_1_30' title='bbox 1110 655 1200 708; x_wconf 81' lang='grc' dir='ltr'><strong>τὸν</strong></span> <span class='ocrx_word' id='word_1_31' title='bbox 1250 652 1401 718; x_wconf 85' lang='grc' dir='ltr'><strong>Θεὸν,</strong></span> <span class='ocrx_word' id='word_1_32' title='bbox 1442 652 1535 705; x_wconf 75' lang='grc' dir='ltr'><strong>καὶ</strong></span> <span class='ocrx_word' id='word_1_33' title='bbox 1573 650 1660 703; x_wconf 85' lang='grc' dir='ltr'>διὰ</span> <span class='ocrx_word' id='word_1_34' title='bbox 1706 649 1856 703; x_wconf 81' lang='grc' dir='ltr'>τοῦτο</span> 
     </span>
    </p>
   </div>
   <div class='ocr_carea' id='block_1_6' title="bbox 1962 649 3533 727">
    <p class='ocr_par' dir='ltr' id='par_1_6' title="bbox 1964 649 3533 722">
     <span class='ocr_line' id='line_1_6' title="bbox 1964 649 3533 722; baseline -0.003 -18"><span class='ocrx_word' id='word_1_35' title='bbox 1964 655 2040 707; x_wconf 94' lang='lat' dir='ltr'><strong>vit</strong></span> <span class='ocrx_word' id='word_1_36' title='bbox 2065 653 2341 722; x_wconf 91' lang='lat' dir='ltr'><strong>proprium</strong></span> <span class='ocrx_word' id='word_1_37' title='bbox 2369 665 2488 707; x_wconf 90' lang='lat' dir='ltr'><strong>esse</strong></span> <span class='ocrx_word' id='word_1_38' title='bbox 2514 652 2783 714; x_wconf 82' lang='lat' dir='ltr'><strong>vacantis,</strong></span> <span class='ocrx_word' id='word_1_39' title='bbox 2822 650 2988 705; x_wconf 90' lang='lat' dir='ltr'><strong>Deum</strong></span> <span class='ocrx_word' id='word_1_40' title='bbox 3034 650 3329 717; x_wconf 90' lang='lat' dir='ltr'><strong>inquirere,</strong></span> <span class='ocrx_word' id='word_1_41' title='bbox 3354 657 3408 701; x_wconf 91' lang='lat' dir='ltr'><strong>et</strong></span> <span class='ocrx_word' id='word_1_42' title='bbox 3434 649 3533 700; x_wconf 84' lang='lat' dir='ltr'><strong>hac</strong></span> 
     </span>
    </p>
   </div>
   <div class='ocr_carea' id='block_1_7' title="bbox 284 739 1855 819">
    <p class='ocr_par' dir='ltr' id='par_1_7' title="bbox 284 744 1855 819">
     <span class='ocr_line' id='line_1_7' title="bbox 284 744 1855 819; baseline -0.004 -18"><span class='ocrx_word' id='word_1_43' title='bbox 284 748 533 812; x_wconf 76' lang='grc' dir='ltr'><strong>ὀνειδίζει</strong></span> <span class='ocrx_word' id='word_1_44' title='bbox 564 747 653 800; x_wconf 75' lang='grc' dir='ltr'>τὸν</span> <span class='ocrx_word' id='word_1_45' title='bbox 668 748 885 819; x_wconf 82' lang='grc' dir='ltr'>Ἰσραήλ</span> <span class='ocrx_word' id='word_1_46' title='bbox 906 763 921 778; x_wconf 73' lang='grc'><strong>⁸</strong></span> <span class='ocrx_word' id='word_1_47' title='bbox 940 747 1252 817; x_wconf 78' lang='grc' dir='ltr'>Σχολάζετε,</span> <span class='ocrx_word' id='word_1_48' title='bbox 1273 745 1560 816; x_wconf 82' lang='grc' dir='ltr'>σχολασταί</span> <span class='ocrx_word' id='word_1_49' title='bbox 1584 747 1724 805; x_wconf 78' lang='grc' dir='ltr'>ἐστε,</span> <span class='ocrx_word' id='word_1_50' title='bbox 1769 744 1855 795; x_wconf 68' lang='grc' dir='ltr'>κα)</span> 
     </span>
    </p>
   </div>
   <div class='ocr_carea' id='block_1_8' title="bbox 1959 739 3530 819">
    <p class='ocr_par' dir='ltr' id='par_1_8' title="bbox 1964 739 3530 814">
     <span class='ocr_line' id='line_1_8' title="bbox 1964 739 3530 814; baseline -0.006 -15"><span class='ocrx_word' id='word_1_51' title='bbox 1964 745 2030 799; x_wconf 91' lang='lat' dir='ltr'><strong>de</strong></span> <span class='ocrx_word' id='word_1_52' title='bbox 2062 758 2223 799; x_wconf 87' lang='lat' dir='ltr'><strong>causa</strong></span> <span class='ocrx_word' id='word_1_53' title='bbox 2259 744 2546 814; x_wconf 78' lang='lat' dir='ltr'><strong>exprobrat</strong></span> <span class='ocrx_word' id='word_1_54' title='bbox 2574 742 2760 797; x_wconf 89' lang='lat' dir='ltr'><strong>lsraeli</strong></span> <span class='ocrx_word' id='word_1_55' title='bbox 2792 762 2803 796; x_wconf 93' lang='lat'><strong>:</strong></span> <span class='ocrx_word' id='word_1_56' title='bbox 2852 741 3087 799; x_wconf 83' lang='lat' dir='ltr'><strong>Vacalis.</strong></span> <span class='ocrx_word' id='word_1_57' title='bbox 3148 740 3308 794; x_wconf 77' lang='lat' dir='ltr'><strong>Otiosi</strong></span> <span class='ocrx_word' id='word_1_58' title='bbox 3360 739 3493 792; x_wconf 83' lang='lat' dir='ltr'><strong>estis</strong></span> <span class='ocrx_word' id='word_1_59' title='bbox 3518 779 3530 802; x_wconf 94' lang='lat'><strong>,</strong></span> 
     </span>
    </p>
   </div>
   <div class='ocr_carea' id='block_1_9' title="bbox 286 831 1857 914">
    <p class='ocr_par' dir='ltr' id='par_1_9' title="bbox 286 836 1857 914">
     <span class='ocr_line' id='line_1_9' title="bbox 286 836 1857 914; baseline -0.005 -19"><span class='ocrx_word' id='word_1_60' title='bbox 286 844 473 911; x_wconf 77' lang='grc' dir='ltr'><strong>λέγετε</strong></span> <span class='ocrx_word' id='word_1_61' title='bbox 489 860 503 873; x_wconf 83' lang='lat'><strong>&#39;</strong></span> <span class='ocrx_word' id='word_1_62' title='bbox 524 841 801 914; x_wconf 85' lang='grc' dir='ltr'>Κυρίῳτῷ</span> <span class='ocrx_word' id='word_1_63' title='bbox 821 842 938 911; x_wconf 84' lang='grc' dir='ltr'>Θεῷ</span> <span class='ocrx_word' id='word_1_64' title='bbox 955 844 987 912; x_wconf 80' lang='grc' dir='ltr'>ἡ</span> <span class='ocrx_word' id='word_1_65' title='bbox 995 840 1110 911; x_wconf 89' lang='grc' dir='ltr'><strong>μῶν</strong></span> <span class='ocrx_word' id='word_1_66' title='bbox 1136 838 1543 912; x_wconf 81' lang='grc' dir='ltr'><strong>προσευξόμεθα</strong></span> <span class='ocrx_word' id='word_1_67' title='bbox 1560 838 1695 908; x_wconf 75' lang='lat' dir='ltr'><strong>(Si).</strong></span> <span class='ocrx_word' id='word_1_68' title='bbox 1714 836 1857 905; x_wconf 81' lang='grc' dir='ltr'>Αΰτη</span> 
     </span>
    </p>
   </div>
   <div class='ocr_carea' id='block_1_10' title="bbox 1964 831 3535 914">
    <p class='ocr_par' dir='ltr' id='par_1_10' title="bbox 1964 831 3535 903">
     <span class='ocr_line' id='line_1_10' title="bbox 1964 831 3535 903; baseline -0.005 -13"><span class='ocrx_word' id='word_1_69' title='bbox 1964 849 2017 890; x_wconf 90' lang='lat' dir='ltr'><strong>et</strong></span> <span class='ocrx_word' id='word_1_70' title='bbox 2038 836 2219 891; x_wconf 75' lang='lat' dir='ltr'><strong>dicitis</strong></span> <span class='ocrx_word' id='word_1_71' title='bbox 2253 855 2267 891; x_wconf 90' lang='lat'><strong>:</strong></span> <span class='ocrx_word' id='word_1_72' title='bbox 2298 837 2523 890; x_wconf 91' lang='lat' dir='ltr'><strong>Domino</strong></span> <span class='ocrx_word' id='word_1_73' title='bbox 2555 836 2663 889; x_wconf 92' lang='lat' dir='ltr'><strong>Deo</strong></span> <span class='ocrx_word' id='word_1_74' title='bbox 2692 845 2883 890; x_wconf 88' lang='lat' dir='ltr'><strong>nostro</strong></span> <span class='ocrx_word' id='word_1_75' title='bbox 2920 844 3040 889; x_wconf 80' lang='lat' dir='ltr'><strong>vota</strong></span> <span class='ocrx_word' id='word_1_76' title='bbox 3081 832 3344 903; x_wconf 77' lang='lat' dir='ltr'><strong>iaciemus</strong></span> <span class='ocrx_word' id='word_1_77' title='bbox 3374 832 3440 884; x_wconf 78' lang='grc'><strong>’⁸.</strong></span> <span class='ocrx_word' id='word_1_78' title='bbox 3470 831 3535 884; x_wconf 79' lang='lat' dir='ltr'><strong>Et</strong></span> 
     </span>
    </p>
   </div>
   <div class='ocr_carea' id='block_1_11' title="bbox 289 922 1860 1005">
    <p class='ocr_par' dir='ltr' id='par_1_11' title="bbox 289 927 1859 1005">
     <span class='ocr_line' id='line_1_11' title="bbox 289 927 1859 1005; baseline -0.004 -19"><span class='ocrx_word' id='word_1_79' title='bbox 289 935 389 1005; x_wconf 82' lang='grc' dir='ltr'>μὲν</span> <span class='ocrx_word' id='word_1_80' title='bbox 415 928 507 986; x_wconf 74' lang='grc' dir='ltr'><strong>οὖν</strong></span> <span class='ocrx_word' id='word_1_81' title='bbox 538 934 571 1002; x_wconf 86' lang='grc' dir='ltr'>ἠ</span> <span class='ocrx_word' id='word_1_82' title='bbox 607 931 768 1003; x_wconf 77' lang='grc' dir='ltr'>σχολὴ</span> <span class='ocrx_word' id='word_1_83' title='bbox 792 932 968 1001; x_wconf 81' lang='grc' dir='ltr'>ἀγαθὴ</span> <span class='ocrx_word' id='word_1_84' title='bbox 994 930 1072 1001; x_wconf 85' lang='grc' dir='ltr'>τῷ</span> <span class='ocrx_word' id='word_1_85' title='bbox 1100 930 1408 1001; x_wconf 78' lang='grc' dir='ltr'><strong>σχολάζοντι</strong></span> <span class='ocrx_word' id='word_1_86' title='bbox 1439 930 1531 982; x_wconf 65' lang='grc' dir='ltr'><strong>κα)¹</strong></span> <span class='ocrx_word' id='word_1_87' title='bbox 1568 927 1859 997; x_wconf 76' lang='grc' dir='ltr'>ὠφέλιμος,</span> 
     </span>
    </p>
   </div>
   <div class='ocr_carea' id='block_1_12' title="bbox 1965 922 3536 1005">
    <p class='ocr_par' dir='ltr' id='par_1_12' title="bbox 1965 922 3536 996">
     <span class='ocr_line' id='line_1_12' title="bbox 1965 922 3536 996; baseline -0.004 -16"><span class='ocrx_word' id='word_1_88' title='bbox 1965 922 2184 996; x_wconf 81' lang='lat' dir='ltr'><strong>quidem</strong></span> <span class='ocrx_word' id='word_1_89' title='bbox 2227 941 2290 981; x_wconf 88' lang='lat' dir='ltr'><strong>ea</strong></span> <span class='ocrx_word' id='word_1_90' title='bbox 2321 928 2531 982; x_wconf 90' lang='lat' dir='ltr'><strong>vacatio</strong></span> <span class='ocrx_word' id='word_1_91' title='bbox 2576 926 2715 980; x_wconf 88' lang='lat' dir='ltr'><strong>bona</strong></span> <span class='ocrx_word' id='word_1_92' title='bbox 2745 926 3002 993; x_wconf 88' lang='lat' dir='ltr'><strong>utilisque</strong></span> <span class='ocrx_word' id='word_1_93' title='bbox 3028 934 3109 979; x_wconf 89' lang='lat' dir='ltr'><strong>est</strong></span> <span class='ocrx_word' id='word_1_94' title='bbox 3145 922 3381 985; x_wconf 85' lang='lat' dir='ltr'><strong>vacanti,</strong></span> <span class='ocrx_word' id='word_1_95' title='bbox 3418 937 3536 989; x_wconf 77' lang='lat' dir='ltr'><strong>qua:</strong></span> 
     </span>
    </p>
   </div>
   <div class='ocr_carea' id='block_1_13' title="bbox 286 1012 1857 1096">
    <p class='ocr_par' dir='ltr' id='par_1_13' title="bbox 286 1023 1857 1096">
     <span class='ocr_line' id='line_1_13' title="bbox 286 1023 1857 1096; baseline -0.001 -19"><span class='ocrx_word' id='word_1_96' title='bbox 286 1024 519 1096; x_wconf 81' lang='grc' dir='ltr'><strong>ἡσυχίαν</strong></span> <span class='ocrx_word' id='word_1_97' title='bbox 544 1024 847 1094; x_wconf 76' lang='grc' dir='ltr'>ἐμποιοῦσα</span> <span class='ocrx_word' id='word_1_98' title='bbox 879 1025 1014 1095; x_wconf 84' lang='grc' dir='ltr'>πρὸς</span> <span class='ocrx_word' id='word_1_99' title='bbox 1043 1024 1139 1095; x_wconf 76' lang='grc' dir='ltr'>τὴν</span> <span class='ocrx_word' id='word_1_100' title='bbox 1158 1024 1266 1077; x_wconf 87' lang='grc' dir='ltr'><strong>τῶν</strong></span> <span class='ocrx_word' id='word_1_101' title='bbox 1292 1024 1571 1096; x_wconf 81' lang='grc' dir='ltr'><strong>σωτηρίων</strong></span> <span class='ocrx_word' id='word_1_102' title='bbox 1603 1023 1857 1093; x_wconf 82' lang='grc' dir='ltr'>διδαγμά-</span> 
     </span>
    </p>
   </div>
   <div class='ocr_carea' id='block_1_14' title="bbox 1960 1012 3531 1096">
    <p class='ocr_par' dir='ltr' id='par_1_14' title="bbox 1966 1012 3531 1088">
     <span class='ocr_line' id='line_1_14' title="bbox 1966 1012 3531 1088; baseline -0.003 -17"><span class='ocrx_word' id='word_1_103' title='bbox 1966 1020 2030 1072; x_wconf 90' lang='lat' dir='ltr'><strong>ad</strong></span> <span class='ocrx_word' id='word_1_104' title='bbox 2062 1020 2329 1073; x_wconf 75' lang='lat' dir='ltr'><strong>salutares</strong></span> <span class='ocrx_word' id='word_1_105' title='bbox 2361 1020 2637 1074; x_wconf 83' lang='lat' dir='ltr'><strong>doctrinas</strong></span> <span class='ocrx_word' id='word_1_106' title='bbox 2690 1019 3031 1088; x_wconf 82' lang='lat' dir='ltr'><strong>recipiendas</strong></span> <span class='ocrx_word' id='word_1_107' title='bbox 3082 1018 3318 1085; x_wconf 84' lang='lat' dir='ltr'><strong>quietem</strong></span> <span class='ocrx_word' id='word_1_108' title='bbox 3354 1012 3531 1067; x_wconf 68' lang='lat' dir='ltr'><strong>aliert.</strong></span> 
     </span>
    </p>
   </div>
   <div class='ocr_carea' id='block_1_15' title="bbox 285 1106 1856 1186">
    <p class='ocr_par' dir='ltr' id='par_1_15' title="bbox 285 1112 1856 1186">
     <span class='ocr_line' id='line_1_15' title="bbox 285 1112 1856 1186; baseline -0.003 -19"><span class='ocrx_word' id='word_1_109' title='bbox 285 1132 395 1168; x_wconf 89' lang='grc' dir='ltr'><strong>των</strong></span> <span class='ocrx_word' id='word_1_110' title='bbox 429 1114 725 1185; x_wconf 70' lang='grc' dir='ltr'>ἀνάληψιν·</span> <span class='ocrx_word' id='word_1_111' title='bbox 763 1112 976 1186; x_wconf 83' lang='grc' dir='ltr'>πονηρά</span> <span class='ocrx_word' id='word_1_112' title='bbox 1002 1114 1056 1166; x_wconf 82' lang='grc' dir='ltr'>δὲ</span> <span class='ocrx_word' id='word_1_113' title='bbox 1107 1112 1266 1183; x_wconf 82' lang='grc' dir='ltr'>σχολὴ</span> <span class='ocrx_word' id='word_1_114' title='bbox 1308 1115 1339 1183; x_wconf 85' lang='grc' dir='ltr'>ή</span> <span class='ocrx_word' id='word_1_115' title='bbox 1374 1114 1481 1165; x_wconf 89' lang='grc' dir='ltr'><strong>τῶν</strong></span> <span class='ocrx_word' id='word_1_116' title='bbox 1541 1112 1856 1183; x_wconf 82' lang='grc' dir='ltr'>Ἀθηναίων,</span> 
     </span>
    </p>
   </div>
   <div class='ocr_carea' id='block_1_16' title="bbox 1959 1106 3530 1186">
    <p class='ocr_par' dir='ltr' id='par_1_16' title="bbox 1969 1106 3530 1183">
     <span class='ocr_line' id='line_1_16' title="bbox 1969 1106 3530 1183; baseline -0.008 -16"><span class='ocrx_word' id='word_1_117' title='bbox 1969 1112 2129 1183; x_wconf 75' lang='grc'><strong>176</strong></span> <span class='ocrx_word' id='word_1_118' title='bbox 2151 1114 2329 1166; x_wconf 83' lang='grc' dir='ltr'>Οιὶιιιιι</span> <span class='ocrx_word' id='word_1_119' title='bbox 2350 1127 2479 1165; x_wconf 85' lang='lat' dir='ltr'><strong>vero</strong></span> <span class='ocrx_word' id='word_1_120' title='bbox 2496 1111 2908 1164; x_wconf 82' lang='lat' dir='ltr'><strong>Atheniensium</strong></span> <span class='ocrx_word' id='word_1_121' title='bbox 2928 1110 3127 1163; x_wconf 90' lang='lat' dir='ltr'><strong>malum</strong></span> <span class='ocrx_word' id='word_1_122' title='bbox 3163 1117 3302 1171; x_wconf 88' lang='lat' dir='ltr'><strong>erat,</strong></span> <span class='ocrx_word' id='word_1_123' title='bbox 3331 1106 3421 1176; x_wconf 85' lang='lat' dir='ltr'><strong>qui</strong></span> <span class='ocrx_word' id='word_1_124' title='bbox 3454 1106 3530 1156; x_wconf 65' lang='lat' dir='ltr'><strong>Att</strong></span> 
     </span>
    </p>
   </div>
   <div class='ocr_carea' id='block_1_17' title="bbox 282 1199 1853 1275">
    <p class='ocr_par' dir='ltr' id='par_1_17' title="bbox 282 1202 1853 1275">
     <span class='ocr_line' id='line_1_17' title="bbox 282 1202 1853 1275; baseline -0.001 -13"><span class='ocrx_word' id='word_1_125' title='bbox 282 1202 367 1270; x_wconf 75' lang='grc' dir='ltr'>οἷς</span> <span class='ocrx_word' id='word_1_126' title='bbox 408 1210 511 1273; x_wconf 74' lang='grc' dir='ltr'><strong>Εἰς</strong></span> <span class='ocrx_word' id='word_1_127' title='bbox 545 1206 724 1261; x_wconf 82' lang='grc' dir='ltr'>οὐδὲν</span> <span class='ocrx_word' id='word_1_128' title='bbox 768 1206 918 1261; x_wconf 78' lang='grc' dir='ltr'><strong>ἄλλο</strong></span> <span class='ocrx_word' id='word_1_129' title='bbox 981 1209 1301 1275; x_wconf 74' lang='grc' dir='ltr'>εὐκαίρουν</span> <span class='ocrx_word' id='word_1_130' title='bbox 1336 1206 1373 1274; x_wconf 79' lang='grc' dir='ltr'>ἢ</span> <span class='ocrx_word' id='word_1_131' title='bbox 1417 1208 1617 1274; x_wconf 78' lang='grc' dir='ltr'>λέγειν</span> <span class='ocrx_word' id='word_1_132' title='bbox 1661 1225 1716 1259; x_wconf 88' lang='grc' dir='ltr'><strong>τι</strong></span> <span class='ocrx_word' id='word_1_133' title='bbox 1763 1208 1853 1261; x_wconf 67' lang='grc' dir='ltr'>καὶ</span> 
     </span>
    </p>
   </div>
   <div class='ocr_carea' id='block_1_18' title="bbox 1965 1199 3536 1275">
    <p class='ocr_par' dir='ltr' id='par_1_18' title="bbox 1966 1199 3536 1253">
     <span class='ocr_line' id='line_1_18' title="bbox 1966 1199 3536 1253; baseline -0.002 -1"><span class='ocrx_word' id='word_1_134' title='bbox 1966 1199 2095 1252; x_wconf 85' lang='lat' dir='ltr'><strong>nihil</strong></span> <span class='ocrx_word' id='word_1_135' title='bbox 2126 1201 2275 1253; x_wconf 83' lang='lat' dir='ltr'><strong>aliud</strong></span> <span class='ocrx_word' id='word_1_136' title='bbox 2321 1202 2575 1253; x_wconf 82' lang='lat' dir='ltr'><strong>vacabant</strong></span> <span class='ocrx_word' id='word_1_137' title='bbox 2616 1202 2719 1253; x_wconf 88' lang='lat' dir='ltr'><strong>nisi</strong></span> <span class='ocrx_word' id='word_1_138' title='bbox 2761 1202 2829 1252; x_wconf 85' lang='lat' dir='ltr'><strong>ad</strong></span> <span class='ocrx_word' id='word_1_139' title='bbox 2860 1201 3138 1253; x_wconf 82' lang='lat' dir='ltr'><strong>dicendum</strong></span> <span class='ocrx_word' id='word_1_140' title='bbox 3178 1212 3268 1251; x_wconf 86' lang='lat' dir='ltr'><strong>aut</strong></span> <span class='ocrx_word' id='word_1_141' title='bbox 3315 1199 3536 1251; x_wconf 88' lang='lat' dir='ltr'><strong>audien-</strong></span> 
     </span>
    </p>
   </div>
   <div class='ocr_carea' id='block_1_19' title="bbox 283 1292 1854 1370">
    <p class='ocr_par' dir='ltr' id='par_1_19' title="bbox 283 1299 1854 1370">
     <span class='ocr_line' id='line_1_19' title="bbox 283 1299 1854 1370; baseline -0.001 -15"><span class='ocrx_word' id='word_1_142' title='bbox 283 1302 533 1355; x_wconf 77' lang='grc' dir='ltr'>ἀκούειν</span> <span class='ocrx_word' id='word_1_143' title='bbox 574 1301 956 1368; x_wconf 74' lang='grc' dir='ltr'>καινότερονο</span> <span class='ocrx_word' id='word_1_144' title='bbox 996 1300 1062 1370; x_wconf 80' lang='grc' dir='ltr'>ἣν</span> <span class='ocrx_word' id='word_1_145' title='bbox 1093 1302 1186 1353; x_wconf 71' lang='grc' dir='ltr'><strong>καὶ</strong></span> <span class='ocrx_word' id='word_1_146' title='bbox 1220 1300 1313 1352; x_wconf 80' lang='grc' dir='ltr'>νῦν</span> <span class='ocrx_word' id='word_1_147' title='bbox 1360 1317 1501 1363; x_wconf 60' lang='grc' dir='ltr'>τινες</span> <span class='ocrx_word' id='word_1_148' title='bbox 1550 1299 1854 1370; x_wconf 73' lang='grc' dir='ltr'>μιμοῦνται,</span> 
     </span>
    </p>
   </div>
   <div class='ocr_carea' id='block_1_20' title="bbox 1963 1292 3534 1370">
    <p class='ocr_par' dir='ltr' id='par_1_20' title="bbox 1964 1292 3534 1361">
     <span class='ocr_line' id='line_1_20' title="bbox 1964 1292 3534 1361; baseline 0 -18"><span class='ocrx_word' id='word_1_149' title='bbox 1964 1292 2087 1344; x_wconf 87' lang='lat' dir='ltr'><strong>dum</strong></span> <span class='ocrx_word' id='word_1_150' title='bbox 2118 1293 2317 1361; x_wconf 82' lang='lat' dir='ltr'><strong>aliquid</strong></span> <span class='ocrx_word' id='word_1_151' title='bbox 2340 1293 2693 1359; x_wconf 74' lang='lat' dir='ltr'><strong>nt-vi“.Quod</strong></span> <span class='ocrx_word' id='word_1_152' title='bbox 2717 1294 2883 1347; x_wconf 89' lang='lat' dir='ltr'><strong>otium</strong></span> <span class='ocrx_word' id='word_1_153' title='bbox 2907 1295 3066 1347; x_wconf 85' lang='lat' dir='ltr'><strong>etiam</strong></span> <span class='ocrx_word' id='word_1_154' title='bbox 3090 1308 3231 1348; x_wconf 90' lang='lat' dir='ltr'><strong>nunc</strong></span> <span class='ocrx_word' id='word_1_155' title='bbox 3254 1293 3534 1345; x_wconf 84' lang='lat' dir='ltr'><strong>imitantur</strong></span> 
     </span>
    </p>
   </div>
   <div class='ocr_carea' id='block_1_21' title="bbox 285 1384 1856 1465">
    <p class='ocr_par' dir='ltr' id='par_1_21' title="bbox 285 1391 1856 1465">
     <span class='ocr_line' id='line_1_21' title="bbox 285 1391 1856 1465; baseline 0.001 -21"><span class='ocrx_word' id='word_1_156' title='bbox 285 1397 350 1464; x_wconf 81' lang='grc' dir='ltr'>τῇ</span> <span class='ocrx_word' id='word_1_157' title='bbox 374 1392 465 1444; x_wconf 71' lang='grc' dir='ltr'>τοῦ</span> <span class='ocrx_word' id='word_1_158' title='bbox 486 1392 597 1461; x_wconf 75' lang='grc' dir='ltr'>βίου</span> <span class='ocrx_word' id='word_1_159' title='bbox 621 1391 781 1461; x_wconf 83' lang='grc' dir='ltr'>σχολῇ</span> <span class='ocrx_word' id='word_1_160' title='bbox 800 1392 938 1463; x_wconf 76' lang='grc' dir='ltr'>πρὸς</span> <span class='ocrx_word' id='word_1_161' title='bbox 952 1392 1050 1463; x_wconf 80' lang='grc' dir='ltr'><strong>τὴν</strong></span> <span class='ocrx_word' id='word_1_162' title='bbox 1067 1393 1152 1445; x_wconf 85' lang='grc' dir='ltr'><strong>ἀεί</strong></span> <span class='ocrx_word' id='word_1_163' title='bbox 1177 1410 1318 1455; x_wconf 85' lang='grc' dir='ltr'>τινος</span> <span class='ocrx_word' id='word_1_164' title='bbox 1335 1393 1643 1465; x_wconf 83' lang='grc' dir='ltr'>καινοτέρου</span> <span class='ocrx_word' id='word_1_165' title='bbox 1660 1393 1856 1463; x_wconf 87' lang='grc' dir='ltr'>δόγμα·</span> 
     </span>
    </p>
   </div>
   <div class='ocr_carea' id='block_1_22' title="bbox 1959 1384 3530 1465">
    <p class='ocr_par' dir='ltr' id='par_1_22' title="bbox 1963 1384 3530 1452">
     <span class='ocr_line' id='line_1_22' title="bbox 1963 1384 3530 1452; baseline -0.003 -14"><span class='ocrx_word' id='word_1_166' title='bbox 1963 1384 2236 1448; x_wconf 89' lang='lat' dir='ltr'><strong>nonnulli,</strong></span> <span class='ocrx_word' id='word_1_167' title='bbox 2270 1384 2394 1437; x_wconf 90' lang='lat' dir='ltr'><strong>dum</strong></span> <span class='ocrx_word' id='word_1_168' title='bbox 2439 1385 2740 1439; x_wconf 89' lang='lat' dir='ltr'><strong>abutuntur</strong></span> <span class='ocrx_word' id='word_1_169' title='bbox 2771 1385 2905 1447; x_wconf 89' lang='lat' dir='ltr'><strong>otio,</strong></span> <span class='ocrx_word' id='word_1_170' title='bbox 2968 1394 3025 1436; x_wconf 91' lang='lat' dir='ltr'><strong>ut</strong></span> <span class='ocrx_word' id='word_1_171' title='bbox 3068 1398 3284 1452; x_wconf 84' lang='lat' dir='ltr'><strong>semper</strong></span> <span class='ocrx_word' id='word_1_172' title='bbox 3337 1398 3530 1436; x_wconf 87' lang='lat' dir='ltr'><strong>novum</strong></span> 
     </span>
    </p>
   </div>
   <div class='ocr_carea' id='block_1_23' title="bbox 283 1479 1854 1555">
    <p class='ocr_par' dir='ltr' id='par_1_23' title="bbox 283 1480 1854 1555">
     <span class='ocr_line' id='line_1_23' title="bbox 283 1480 1854 1555; baseline -0.001 -18"><span class='ocrx_word' id='word_1_173' title='bbox 283 1502 374 1547; x_wconf 82' lang='grc' dir='ltr'><strong>τος</strong></span> <span class='ocrx_word' id='word_1_174' title='bbox 395 1482 609 1553; x_wconf 70' lang='grc' dir='ltr'>εὕρεσιν</span> <span class='ocrx_word' id='word_1_175' title='bbox 629 1480 1031 1552; x_wconf 87' lang='grc' dir='ltr'>ἀποχρώμενοι.</span> <span class='ocrx_word' id='word_1_176' title='bbox 1058 1483 1116 1535; x_wconf 83' lang='lat' dir='ltr'><strong>&#39;ll</strong></span> <span class='ocrx_word' id='word_1_177' title='bbox 1141 1482 1359 1553; x_wconf 82' lang='grc' dir='ltr'>τοιαύτη</span> <span class='ocrx_word' id='word_1_178' title='bbox 1385 1482 1545 1554; x_wconf 84' lang='grc' dir='ltr'>σχολὴ</span> <span class='ocrx_word' id='word_1_179' title='bbox 1564 1483 1690 1555; x_wconf 75' lang='grc' dir='ltr'>φίλη</span> <span class='ocrx_word' id='word_1_180' title='bbox 1716 1484 1854 1535; x_wconf 67' lang='grc' dir='ltr'>ἐστὶν</span> 
     </span>
    </p>
   </div>
   <div class='ocr_carea' id='block_1_24' title="bbox 1962 1479 3533 1555">
    <p class='ocr_par' dir='ltr' id='par_1_24' title="bbox 1963 1479 3533 1548">
     <span class='ocr_line' id='line_1_24' title="bbox 1963 1479 3533 1548; baseline -0.002 -16"><span class='ocrx_word' id='word_1_181' title='bbox 1963 1479 2183 1548; x_wconf 87' lang='lat' dir='ltr'><strong>aliquod</strong></span> <span class='ocrx_word' id='word_1_182' title='bbox 2242 1480 2434 1548; x_wconf 64' lang='lat' dir='ltr'><strong>dogma</strong></span> <span class='ocrx_word' id='word_1_183' title='bbox 2482 1480 2988 1534; x_wconf 82' lang='lat' dir='ltr'><strong>comminiseantur.</strong></span> <span class='ocrx_word' id='word_1_184' title='bbox 3026 1479 3156 1533; x_wconf 83' lang='lat' dir='ltr'><strong>Tale</strong></span> <span class='ocrx_word' id='word_1_185' title='bbox 3195 1479 3365 1533; x_wconf 91' lang='lat' dir='ltr'><strong>otium</strong></span> <span class='ocrx_word' id='word_1_186' title='bbox 3396 1479 3533 1531; x_wconf 85' lang='lat' dir='ltr'><strong>ami-</strong></span> 
     </span>
    </p>
   </div>
   <div class='ocr_carea' id='block_1_25' title="bbox 282 1569 1853 1646">
    <p class='ocr_par' dir='ltr' id='par_1_25' title="bbox 282 1574 1853 1646">
     <span class='ocr_line' id='line_1_25' title="bbox 282 1574 1853 1646; baseline -0.001 -17"><span class='ocrx_word' id='word_1_187' title='bbox 282 1575 615 1646; x_wconf 80' lang='grc' dir='ltr'>ἀκαθάρτοις</span> <span class='ocrx_word' id='word_1_188' title='bbox 646 1575 738 1627; x_wconf 78' lang='grc' dir='ltr'><strong>καὶ</strong></span> <span class='ocrx_word' id='word_1_189' title='bbox 764 1576 1019 1646; x_wconf 80' lang='grc' dir='ltr'>πονηροῖς</span> <span class='ocrx_word' id='word_1_190' title='bbox 1052 1574 1374 1645; x_wconf 80' lang='grc' dir='ltr'>πνεύμασιν.</span> <span class='ocrx_word' id='word_1_191' title='bbox 1408 1576 1586 1631; x_wconf 87' lang='grc' dir='ltr'>Ὅταν</span> <span class='ocrx_word' id='word_1_192' title='bbox 1620 1574 1853 1643; x_wconf 74' lang='grc' dir='ltr'>ἐξέλθῃ,</span> 
     </span>
    </p>
   </div>
   <div class='ocr_carea' id='block_1_26' title="bbox 1935 1569 3506 1646">
    <p class='ocr_par' dir='ltr' id='par_1_26' title="bbox 1962 1569 3506 1641">
     <span class='ocr_line' id='line_1_26' title="bbox 1962 1569 3506 1641; baseline -0.003 -14"><span class='ocrx_word' id='word_1_193' title='bbox 1962 1588 2083 1627; x_wconf 88' lang='lat' dir='ltr'><strong>cum</strong></span> <span class='ocrx_word' id='word_1_194' title='bbox 2112 1582 2195 1625; x_wconf 88' lang='lat' dir='ltr'><strong>est</strong></span> <span class='ocrx_word' id='word_1_195' title='bbox 2234 1572 2525 1626; x_wconf 89' lang='lat' dir='ltr'><strong>immundis</strong></span> <span class='ocrx_word' id='word_1_196' title='bbox 2565 1588 2627 1625; x_wconf 89' lang='lat' dir='ltr'><strong>ac</strong></span> <span class='ocrx_word' id='word_1_197' title='bbox 2660 1572 2839 1641; x_wconf 83' lang='lat' dir='ltr'><strong>pravis</strong></span> <span class='ocrx_word' id='word_1_198' title='bbox 2888 1572 3188 1639; x_wconf 87' lang='lat' dir='ltr'><strong>spiritibus.</strong></span> <span class='ocrx_word' id='word_1_199' title='bbox 3239 1569 3369 1623; x_wconf 89' lang='lat' dir='ltr'><strong>Cum</strong></span> <span class='ocrx_word' id='word_1_200' title='bbox 3393 1572 3506 1623; x_wconf 72' lang='lat' dir='ltr'><strong>exie</strong></span> 
     </span>
    </p>
   </div>
   <div class='ocr_carea' id='block_1_27' title="bbox 286 1662 1857 1738">
    <p class='ocr_par' dir='ltr' id='par_1_27' title="bbox 286 1666 1857 1738">
     <span class='ocr_line' id='line_1_27' title="bbox 286 1666 1857 1738; baseline 0 -18"><span class='ocrx_word' id='word_1_201' title='bbox 286 1669 441 1738; x_wconf 62' lang='lat' dir='ltr'><strong>(moi,</strong></span> <span class='ocrx_word' id='word_1_202' title='bbox 472 1668 538 1722; x_wconf 86' lang='grc' dir='ltr'>τὸ</span> <span class='ocrx_word' id='word_1_203' title='bbox 569 1666 905 1737; x_wconf 77' lang='grc' dir='ltr'>ἀκάθαρτον</span> <span class='ocrx_word' id='word_1_204' title='bbox 937 1668 1171 1735; x_wconf 83' lang='grc' dir='ltr'>πνεῦμα</span> <span class='ocrx_word' id='word_1_205' title='bbox 1211 1667 1329 1721; x_wconf 79' lang='grc' dir='ltr'>ἀπὸ</span> <span class='ocrx_word' id='word_1_206' title='bbox 1381 1667 1487 1720; x_wconf 85' lang='grc' dir='ltr'>τοῦ</span> <span class='ocrx_word' id='word_1_207' title='bbox 1525 1666 1857 1735; x_wconf 80' lang='grc' dir='ltr'>ἀνθρώπου,</span> 
     </span>
    </p>
   </div>
   <div class='ocr_carea' id='block_1_28' title="bbox 1957 1662 3528 1738">
    <p class='ocr_par' dir='ltr' id='par_1_28' title="bbox 1965 1662 3528 1733">
     <span class='ocr_line' id='line_1_28' title="bbox 1965 1662 3528 1733; baseline 0 -18"><span class='ocrx_word' id='word_1_208' title='bbox 1965 1666 2055 1729; x_wconf 85' lang='lat' dir='ltr'><strong>rit,</strong></span> <span class='ocrx_word' id='word_1_209' title='bbox 2104 1665 2297 1733; x_wconf 84' lang='lat' dir='ltr'><strong>inquit,</strong></span> <span class='ocrx_word' id='word_1_210' title='bbox 2335 1665 2635 1718; x_wconf 81' lang='lat' dir='ltr'><strong>immundus</strong></span> <span class='ocrx_word' id='word_1_211' title='bbox 2678 1665 2895 1731; x_wconf 76' lang='lat' dir='ltr'><strong>spiritus</strong></span> <span class='ocrx_word' id='word_1_212' title='bbox 2940 1665 3003 1715; x_wconf 91' lang='lat' dir='ltr'><strong>ab</strong></span> <span class='ocrx_word' id='word_1_213' title='bbox 3060 1664 3266 1717; x_wconf 84' lang='lat' dir='ltr'><strong>homine</strong></span> <span class='ocrx_word' id='word_1_214' title='bbox 3298 1704 3313 1729; x_wconf 87' lang='lat'><strong>,</strong></span> <span class='ocrx_word' id='word_1_215' title='bbox 3365 1662 3528 1715; x_wconf 82' lang='lat' dir='ltr'><strong>dicit.</strong></span> 
     </span>
    </p>
   </div>
   <div class='ocr_carea' id='block_1_29' title="bbox 282 1754 1853 1829">
    <p class='ocr_par' dir='ltr' id='par_1_29' title="bbox 282 1758 1853 1829">
     <span class='ocr_line' id='line_1_29' title="bbox 282 1758 1853 1829; baseline -0.002 -15"><span class='ocrx_word' id='word_1_216' title='bbox 282 1760 465 1829; x_wconf 69' lang='grc' dir='ltr'>λέγει,</span> <span class='ocrx_word' id='word_1_217' title='bbox 510 1761 882 1829; x_wconf 86' lang='grc' dir='ltr'>Πορεύσομαι</span> <span class='ocrx_word' id='word_1_218' title='bbox 917 1763 1003 1826; x_wconf 80' lang='grc' dir='ltr'><strong>είς</strong></span> <span class='ocrx_word' id='word_1_219' title='bbox 1038 1758 1142 1811; x_wconf 81' lang='grc' dir='ltr'><strong>τόν</strong></span> <span class='ocrx_word' id='word_1_220' title='bbox 1172 1759 1358 1811; x_wconf 79' lang='grc' dir='ltr'>τόπον</span> <span class='ocrx_word' id='word_1_221' title='bbox 1403 1759 1541 1813; x_wconf 83' lang='grc' dir='ltr'>ὅθεν</span> <span class='ocrx_word' id='word_1_222' title='bbox 1577 1759 1853 1827; x_wconf 74' lang='grc' dir='ltr'><strong>ἐξῆλθον.</strong></span> 
     </span>
    </p>
   </div>
   <div class='ocr_carea' id='block_1_30' title="bbox 1965 1754 3536 1829">
    <p class='ocr_par' dir='ltr' id='par_1_30' title="bbox 1965 1754 3536 1811">
     <span class='ocr_line' id='line_1_30' title="bbox 1965 1754 3536 1811; baseline -0.003 -2"><span class='ocrx_word' id='word_1_223' title='bbox 1965 1756 2212 1811; x_wconf 77' lang='lat' dir='ltr'><strong>Revertar</strong></span> <span class='ocrx_word' id='word_1_224' title='bbox 2243 1755 2298 1809; x_wconf 88' lang='lat' dir='ltr'><strong>in</strong></span> <span class='ocrx_word' id='word_1_225' title='bbox 2332 1756 2503 1809; x_wconf 83' lang='lat' dir='ltr'><strong>locum</strong></span> <span class='ocrx_word' id='word_1_226' title='bbox 2536 1756 2673 1808; x_wconf 85' lang='lat' dir='ltr'><strong>unde</strong></span> <span class='ocrx_word' id='word_1_227' title='bbox 2704 1756 2862 1808; x_wconf 76' lang='lat' dir='ltr'><strong>exivi.</strong></span> <span class='ocrx_word' id='word_1_228' title='bbox 2887 1754 2949 1807; x_wconf 85' lang='lat' dir='ltr'><strong>Et</strong></span> <span class='ocrx_word' id='word_1_229' title='bbox 2979 1756 3184 1808; x_wconf 84' lang='lat' dir='ltr'><strong>veniens</strong></span> <span class='ocrx_word' id='word_1_230' title='bbox 3224 1755 3415 1807; x_wconf 80' lang='lat' dir='ltr'><strong>invenit</strong></span> <span class='ocrx_word' id='word_1_231' title='bbox 3451 1756 3536 1806; x_wconf 90' lang='lat' dir='ltr'><strong>do-</strong></span> 
     </span>
    </p>
   </div>
   <div class='ocr_carea' id='block_1_31' title="bbox 282 1846 1853 1917">
    <p class='ocr_par' dir='ltr' id='par_1_31' title="bbox 282 1846 1853 1917">
     <span class='ocr_line' id='line_1_31' title="bbox 282 1846 1853 1917; baseline -0.001 -14"><span class='ocrx_word' id='word_1_232' title='bbox 282 1850 395 1903; x_wconf 75' lang='grc' dir='ltr'><strong>Καὶ</strong></span> <span class='ocrx_word' id='word_1_233' title='bbox 419 1850 598 1903; x_wconf 78' lang='grc' dir='ltr'>ἐλθὸν</span> <span class='ocrx_word' id='word_1_234' title='bbox 618 1851 882 1917; x_wconf 74' lang='grc' dir='ltr'>εὑρίσκει</span> <span class='ocrx_word' id='word_1_235' title='bbox 905 1850 1012 1903; x_wconf 79' lang='grc' dir='ltr'>τὸν</span> <span class='ocrx_word' id='word_1_236' title='bbox 1035 1846 1204 1902; x_wconf 78' lang='grc' dir='ltr'>οἷκον</span> <span class='ocrx_word' id='word_1_237' title='bbox 1233 1848 1467 1902; x_wconf 82' lang='grc' dir='ltr'>ἐκεῖνον</span> <span class='ocrx_word' id='word_1_238' title='bbox 1487 1848 1853 1917; x_wconf 77' lang='grc' dir='ltr'>σχολάζοντα</span> 
     </span>
    </p>
   </div>
   <div class='ocr_carea' id='block_1_32' title="bbox 1965 1846 3536 1917">
    <p class='ocr_par' dir='ltr' id='par_1_32' title="bbox 1966 1846 3536 1914">
     <span class='ocr_line' id='line_1_32' title="bbox 1966 1846 3536 1914; baseline -0.001 -16"><span class='ocrx_word' id='word_1_239' title='bbox 1966 1864 2109 1900; x_wconf 85' lang='lat' dir='ltr'><strong>mum</strong></span> <span class='ocrx_word' id='word_1_240' title='bbox 2138 1846 2289 1900; x_wconf 87' lang='lat' dir='ltr'><strong>illam</strong></span> <span class='ocrx_word' id='word_1_241' title='bbox 2339 1857 2610 1900; x_wconf 86' lang='lat' dir='ltr'><strong>vacantem</strong></span> <span class='ocrx_word' id='word_1_242' title='bbox 2644 1856 2691 1900; x_wconf 88' lang='lat' dir='ltr'><strong>et</strong></span> <span class='ocrx_word' id='word_1_243' title='bbox 2725 1849 2895 1914; x_wconf 84' lang='lat' dir='ltr'><strong>scapis</strong></span> <span class='ocrx_word' id='word_1_244' title='bbox 2923 1846 3232 1900; x_wconf 74' lang='lat' dir='ltr'><strong>mandatam</strong></span> <span class='ocrx_word' id='word_1_245' title='bbox 3281 1846 3348 1899; x_wconf 79' lang='grc'><strong>’⁸.</strong></span> <span class='ocrx_word' id='word_1_246' title='bbox 3380 1846 3536 1898; x_wconf 80' lang='lat' dir='ltr'><strong>Absit</strong></span> 
     </span>
    </p>
   </div>
   <div class='ocr_carea' id='block_1_33' title="bbox 285 1928 1856 2014">
    <p class='ocr_par' dir='ltr' id='par_1_33' title="bbox 285 1938 1856 2014">
     <span class='ocr_line' id='line_1_33' title="bbox 285 1938 1856 2014; baseline -0.003 -16"><span class='ocrx_word' id='word_1_247' title='bbox 285 1945 386 1999; x_wconf 77' lang='grc' dir='ltr'>καὶ</span> <span class='ocrx_word' id='word_1_248' title='bbox 419 1944 855 2012; x_wconf 78' lang='grc' dir='ltr'>σεσαρωμένον.</span> <span class='ocrx_word' id='word_1_249' title='bbox 911 1943 1002 2014; x_wconf 83' lang='grc' dir='ltr'><strong>Μὴ</strong></span> <span class='ocrx_word' id='word_1_250' title='bbox 1041 1942 1249 2012; x_wconf 86' lang='grc' dir='ltr'>γένοιτο</span> <span class='ocrx_word' id='word_1_251' title='bbox 1321 1938 1413 1994; x_wconf 74' lang='grc' dir='ltr'><strong>οὖν</strong></span> <span class='ocrx_word' id='word_1_252' title='bbox 1458 1944 1605 2012; x_wconf 56' lang='grc' dir='ltr'>ἡμᾶς</span> <span class='ocrx_word' id='word_1_253' title='bbox 1670 1941 1856 2014; x_wconf 64' lang='grc' dir='ltr'>σχολὴν</span> 
     </span>
    </p>
   </div>
   <div class='ocr_carea' id='block_1_34' title="bbox 1966 1928 3537 2014">
    <p class='ocr_par' dir='ltr' id='par_1_34' title="bbox 1970 1937 3537 2010">
     <span class='ocr_line' id='line_1_34' title="bbox 1970 1937 3537 2010; baseline -0.002 -19"><span class='ocrx_word' id='word_1_254' title='bbox 1970 1940 2135 2010; x_wconf 76' lang='lat' dir='ltr'><strong>igitur</strong></span> <span class='ocrx_word' id='word_1_255' title='bbox 2162 1950 2222 1993; x_wconf 89' lang='lat' dir='ltr'><strong>ut</strong></span> <span class='ocrx_word' id='word_1_256' title='bbox 2257 1955 2354 1993; x_wconf 93' lang='lat' dir='ltr'><strong>nos</strong></span> <span class='ocrx_word' id='word_1_257' title='bbox 2377 1953 2471 2007; x_wconf 86' lang='lat' dir='ltr'><strong>per</strong></span> <span class='ocrx_word' id='word_1_258' title='bbox 2496 1939 2668 1992; x_wconf 89' lang='lat' dir='ltr'><strong>otium</strong></span> <span class='ocrx_word' id='word_1_259' title='bbox 2700 1939 2906 1993; x_wconf 79' lang='lat' dir='ltr'><strong>aditum</strong></span> <span class='ocrx_word' id='word_1_260' title='bbox 2950 1937 3260 1991; x_wconf 85' lang='lat' dir='ltr'><strong>adversario</strong></span> <span class='ocrx_word' id='word_1_261' title='bbox 3304 1937 3537 2003; x_wconf 42' lang='lat' dir='ltr'><strong>praabea‘</strong></span> 
     </span>
    </p>
   </div>
   <div class='ocr_carea' id='block_1_35' title="bbox 286 2028 1857 2105">
    <p class='ocr_par' dir='ltr' id='par_1_35' title="bbox 286 2032 1857 2105">
     <span class='ocr_line' id='line_1_35' title="bbox 286 2032 1857 2105; baseline 0 -18"><span class='ocrx_word' id='word_1_262' title='bbox 286 2036 507 2105; x_wconf 78' lang='grc' dir='ltr'>ποιῆσαι</span> <span class='ocrx_word' id='word_1_263' title='bbox 567 2033 645 2103; x_wconf 79' lang='grc' dir='ltr'><strong>τῷ</strong></span> <span class='ocrx_word' id='word_1_264' title='bbox 688 2032 1049 2103; x_wconf 82' lang='grc' dir='ltr'>ἀντικειμένῳ</span> <span class='ocrx_word' id='word_1_265' title='bbox 1101 2033 1235 2105; x_wconf 85' lang='grc' dir='ltr'>πρὸς</span> <span class='ocrx_word' id='word_1_266' title='bbox 1283 2032 1377 2103; x_wconf 83' lang='grc' dir='ltr'>τὴν</span> <span class='ocrx_word' id='word_1_267' title='bbox 1428 2034 1663 2096; x_wconf 48' lang='lat' dir='ltr'><strong>alat/50v,</strong></span> <span class='ocrx_word' id='word_1_268' title='bbox 1726 2034 1857 2087; x_wconf 83' lang='grc' dir='ltr'><strong>ἀλλά</strong></span> 
     </span>
    </p>
   </div>
   <div class='ocr_carea' id='block_1_36' title="bbox 1965 2028 3536 2105">
    <p class='ocr_par' dir='ltr' id='par_1_36' title="bbox 1965 2028 3536 2097">
     <span class='ocr_line' id='line_1_36' title="bbox 1965 2028 3536 2097; baseline -0.004 -14"><span class='ocrx_word' id='word_1_269' title='bbox 1965 2046 2127 2097; x_wconf 91' lang='lat' dir='ltr'><strong>mus;</strong></span> <span class='ocrx_word' id='word_1_270' title='bbox 2162 2031 2267 2083; x_wconf 91' lang='lat' dir='ltr'><strong>imo</strong></span> <span class='ocrx_word' id='word_1_271' title='bbox 2322 2028 2635 2084; x_wconf 85' lang='lat' dir='ltr'><strong>interiorem</strong></span> <span class='ocrx_word' id='word_1_272' title='bbox 2673 2037 2912 2082; x_wconf 89' lang='lat' dir='ltr'><strong>nostram</strong></span> <span class='ocrx_word' id='word_1_273' title='bbox 2952 2029 3169 2081; x_wconf 89' lang='lat' dir='ltr'><strong>domum</strong></span> <span class='ocrx_word' id='word_1_274' title='bbox 3217 2034 3536 2093; x_wconf 83' lang='lat' dir='ltr'><strong>occupatam</strong></span> 
     </span>
    </p>
   </div>
   <div class='ocr_carea' id='block_1_37' title="bbox 283 2118 1854 2197">
    <p class='ocr_par' dir='ltr' id='par_1_37' title="bbox 283 2120 1854 2197">
     <span class='ocr_line' id='line_1_37' title="bbox 283 2120 1854 2197; baseline 0.001 -18"><span class='ocrx_word' id='word_1_275' title='bbox 283 2126 673 2196; x_wconf 80' lang='grc' dir='ltr'>ἀσχολήσωμεν</span> <span class='ocrx_word' id='word_1_276' title='bbox 722 2124 877 2195; x_wconf 76' lang='grc' dir='ltr'>ἡμῶν</span> <span class='ocrx_word' id='word_1_277' title='bbox 918 2125 1009 2177; x_wconf 84' lang='grc' dir='ltr'><strong>τὸν</strong></span> <span class='ocrx_word' id='word_1_278' title='bbox 1077 2124 1184 2178; x_wconf 82' lang='grc' dir='ltr'>ἔσω</span> <span class='ocrx_word' id='word_1_279' title='bbox 1228 2120 1404 2190; x_wconf 81' lang='grc' dir='ltr'>οἷκον,</span> <span class='ocrx_word' id='word_1_280' title='bbox 1457 2126 1854 2197; x_wconf 85' lang='grc' dir='ltr'>προενοικίσαν-</span> 
     </span>
    </p>
   </div>
   <div class='ocr_carea' id='block_1_38' title="bbox 1965 2118 3536 2197">
    <p class='ocr_par' dir='ltr' id='par_1_38' title="bbox 1965 2118 3536 2190">
     <span class='ocr_line' id='line_1_38' title="bbox 1965 2118 3536 2190; baseline -0.006 -13"><span class='ocrx_word' id='word_1_281' title='bbox 1965 2134 2268 2189; x_wconf 89' lang='lat' dir='ltr'><strong>teneamus,</strong></span> <span class='ocrx_word' id='word_1_282' title='bbox 2308 2122 2443 2177; x_wconf 89' lang='lat' dir='ltr'><strong>adeo</strong></span> <span class='ocrx_word' id='word_1_283' title='bbox 2496 2129 2554 2175; x_wconf 91' lang='lat' dir='ltr'><strong>ut</strong></span> <span class='ocrx_word' id='word_1_284' title='bbox 2610 2122 2759 2190; x_wconf 91' lang='lat' dir='ltr'><strong>prius</strong></span> <span class='ocrx_word' id='word_1_285' title='bbox 2797 2122 2848 2174; x_wconf 90' lang='lat' dir='ltr'><strong>iu</strong></span> <span class='ocrx_word' id='word_1_286' title='bbox 2904 2120 3060 2174; x_wconf 89' lang='lat' dir='ltr'><strong>nobis</strong></span> <span class='ocrx_word' id='word_1_287' title='bbox 3093 2120 3223 2187; x_wconf 89' lang='lat' dir='ltr'><strong>ipsis</strong></span> <span class='ocrx_word' id='word_1_288' title='bbox 3259 2118 3536 2174; x_wconf 81' lang='lat' dir='ltr'><strong>Christum</strong></span> 
     </span>
    </p>
   </div>
   <div class='ocr_carea' id='block_1_39' title="bbox 280 2208 1851 2288">
    <p class='ocr_par' dir='ltr' id='par_1_39' title="bbox 280 2216 1851 2288">
     <span class='ocr_line' id='line_1_39' title="bbox 280 2216 1851 2288; baseline 0.002 -18"><span class='ocrx_word' id='word_1_289' title='bbox 280 2235 373 2281; x_wconf 84' lang='grc' dir='ltr'><strong>τες</strong></span> <span class='ocrx_word' id='word_1_290' title='bbox 402 2216 515 2286; x_wconf 69' lang='lat'><strong>(52)</strong></span> <span class='ocrx_word' id='word_1_291' title='bbox 546 2218 601 2269; x_wconf 77' lang='grc' dir='ltr'><strong>ἐν</strong></span> <span class='ocrx_word' id='word_1_292' title='bbox 632 2217 845 2279; x_wconf 78' lang='grc' dir='ltr'>ἑαυτοῖς</span> <span class='ocrx_word' id='word_1_293' title='bbox 878 2216 965 2269; x_wconf 82' lang='grc' dir='ltr'><strong>διὰ</strong></span> <span class='ocrx_word' id='word_1_294' title='bbox 984 2216 1078 2269; x_wconf 79' lang='grc' dir='ltr'>τοῦ</span> <span class='ocrx_word' id='word_1_295' title='bbox 1115 2216 1433 2287; x_wconf 87' lang='grc' dir='ltr'>Πνεύματος</span> <span class='ocrx_word' id='word_1_296' title='bbox 1476 2218 1566 2270; x_wconf 86' lang='grc' dir='ltr'><strong>τὸν</strong></span> <span class='ocrx_word' id='word_1_297' title='bbox 1604 2219 1851 2288; x_wconf 82' lang='grc' dir='ltr'>Χριστόν.</span> 
     </span>
    </p>
   </div>
   <div class='ocr_carea' id='block_1_40' title="bbox 1967 2208 3538 2288">
    <p class='ocr_par' dir='ltr' id='par_1_40' title="bbox 1967 2208 3538 2287">
     <span class='ocr_line' id='line_1_40' title="bbox 1967 2208 3538 2287; baseline -0.006 -17"><span class='ocrx_word' id='word_1_298' title='bbox 1967 2233 2059 2287; x_wconf 91' lang='lat' dir='ltr'><strong>per</strong></span> <span class='ocrx_word' id='word_1_299' title='bbox 2110 2216 2374 2284; x_wconf 86' lang='lat' dir='ltr'><strong>Spiritum</strong></span> <span class='ocrx_word' id='word_1_300' title='bbox 2417 2215 2754 2283; x_wconf 81' lang='lat' dir='ltr'><strong>excipiamus</strong></span> <span class='ocrx_word' id='word_1_301' title='bbox 2795 2214 3053 2281; x_wconf 90' lang='lat' dir='ltr'><strong>hospitio.</strong></span> <span class='ocrx_word' id='word_1_302' title='bbox 3092 2211 3387 2277; x_wconf 82' lang='lat' dir='ltr'><strong>Postquam</strong></span> <span class='ocrx_word' id='word_1_303' title='bbox 3438 2208 3538 2279; x_wconf 81' lang='lat' dir='ltr'><strong>igi-</strong></span> 
     </span>
    </p>
   </div>
   <div class='ocr_carea' id='block_1_41' title="bbox 280 2304 1851 2380">
    <p class='ocr_par' dir='ltr' id='par_1_41' title="bbox 280 2306 1851 2380">
     <span class='ocr_line' id='line_1_41' title="bbox 280 2306 1851 2380; baseline 0.002 -19"><span class='ocrx_word' id='word_1_304' title='bbox 280 2307 436 2362; x_wconf 82' lang='grc' dir='ltr'><strong>Μετά</strong></span> <span class='ocrx_word' id='word_1_305' title='bbox 491 2306 620 2375; x_wconf 75' lang='grc' dir='ltr'>γοῦν</span> <span class='ocrx_word' id='word_1_306' title='bbox 652 2307 712 2359; x_wconf 81' lang='grc' dir='ltr'><strong>τὸ</strong></span> <span class='ocrx_word' id='word_1_307' title='bbox 761 2307 1089 2378; x_wconf 87' lang='grc' dir='ltr'>χαρίσασθαι</span> <span class='ocrx_word' id='word_1_308' title='bbox 1133 2307 1230 2379; x_wconf 78' lang='grc' dir='ltr'><strong>τὴν</strong></span> <span class='ocrx_word' id='word_1_309' title='bbox 1284 2308 1506 2380; x_wconf 78' lang='grc' dir='ltr'>εἰρήνην</span> <span class='ocrx_word' id='word_1_310' title='bbox 1564 2313 1673 2373; x_wconf 83' lang='grc' dir='ltr'>τοῖς</span> <span class='ocrx_word' id='word_1_311' title='bbox 1724 2311 1851 2373; x_wconf 84' lang='grc' dir='ltr'>τέως</span> 
     </span>
    </p>
   </div>
   <div class='ocr_carea' id='block_1_42' title="bbox 1968 2304 3539 2380">
    <p class='ocr_par' dir='ltr' id='par_1_42' title="bbox 1968 2304 3539 2376">
     <span class='ocr_line' id='line_1_42' title="bbox 1968 2304 3539 2376; baseline -0.005 -13"><span class='ocrx_word' id='word_1_312' title='bbox 1968 2318 2053 2363; x_wconf 85' lang='grc' dir='ltr'>ιιιι·</span> <span class='ocrx_word' id='word_1_313' title='bbox 2084 2308 2151 2361; x_wconf 89' lang='lat' dir='ltr'><strong>iis</strong></span> <span class='ocrx_word' id='word_1_314' title='bbox 2191 2308 2281 2376; x_wconf 89' lang='lat' dir='ltr'><strong>qui</strong></span> <span class='ocrx_word' id='word_1_315' title='bbox 2319 2308 2585 2361; x_wconf 85' lang='lat' dir='ltr'><strong>hactenus</strong></span> <span class='ocrx_word' id='word_1_316' title='bbox 2632 2305 2992 2359; x_wconf 68' lang='lat' dir='ltr'><strong>turbabantur</strong></span> <span class='ocrx_word' id='word_1_317' title='bbox 3037 2305 3102 2357; x_wconf 91' lang='lat' dir='ltr'><strong>ab</strong></span> <span class='ocrx_word' id='word_1_318' title='bbox 3144 2304 3407 2367; x_wconf 87' lang='lat' dir='ltr'><strong>hostibus,</strong></span> <span class='ocrx_word' id='word_1_319' title='bbox 3445 2315 3539 2370; x_wconf 85' lang='lat' dir='ltr'><strong>pa-</strong></span> 
     </span>
    </p>
   </div>
   <div class='ocr_carea' id='block_1_43' title="bbox 281 2395 1852 2469">
    <p class='ocr_par' dir='ltr' id='par_1_43' title="bbox 281 2398 1852 2469">
     <span class='ocr_line' id='line_1_43' title="bbox 281 2398 1852 2469; baseline 0.003 -20"><span class='ocrx_word' id='word_1_320' title='bbox 281 2398 714 2469; x_wconf 82' lang='grc' dir='ltr'>ταρασσομένοις</span> <span class='ocrx_word' id='word_1_321' title='bbox 765 2398 869 2451; x_wconf 84' lang='grc' dir='ltr'><strong>ὑπὸ</strong></span> <span class='ocrx_word' id='word_1_322' title='bbox 914 2398 1021 2454; x_wconf 89' lang='grc' dir='ltr'><strong>τῶν</strong></span> <span class='ocrx_word' id='word_1_323' title='bbox 1073 2398 1384 2469; x_wconf 88' lang='grc' dir='ltr'>πολεμίων,</span> <span class='ocrx_word' id='word_1_324' title='bbox 1433 2399 1554 2451; x_wconf 90' lang='grc' dir='ltr'>τότε</span> <span class='ocrx_word' id='word_1_325' title='bbox 1588 2400 1733 2468; x_wconf 84' lang='grc' dir='ltr'>λέγει</span> <span class='ocrx_word' id='word_1_326' title='bbox 1777 2400 1852 2465; x_wconf 73' lang='grc' dir='ltr'><strong>τὸ,</strong></span> 
     </span>
    </p>
   </div>
   <div class='ocr_carea' id='block_1_44' title="bbox 1964 2395 3535 2469">
    <p class='ocr_par' dir='ltr' id='par_1_44' title="bbox 1964 2395 3535 2469">
     <span class='ocr_line' id='line_1_44' title="bbox 1964 2395 3535 2469; baseline -0.004 -15"><span class='ocrx_word' id='word_1_327' title='bbox 1964 2417 2077 2456; x_wconf 90' lang='lat' dir='ltr'><strong>cem</strong></span> <span class='ocrx_word' id='word_1_328' title='bbox 2107 2400 2333 2469; x_wconf 83' lang='lat' dir='ltr'><strong>largitus</strong></span> <span class='ocrx_word' id='word_1_329' title='bbox 2376 2410 2481 2464; x_wconf 91' lang='lat' dir='ltr'><strong>est,</strong></span> <span class='ocrx_word' id='word_1_330' title='bbox 2519 2410 2645 2453; x_wconf 89' lang='lat' dir='ltr'><strong>tunc</strong></span> <span class='ocrx_word' id='word_1_331' title='bbox 2684 2398 2815 2452; x_wconf 90' lang='lat' dir='ltr'><strong>dicit</strong></span> <span class='ocrx_word' id='word_1_332' title='bbox 2846 2415 2860 2450; x_wconf 88' lang='lat'><strong>:</strong></span> <span class='ocrx_word' id='word_1_333' title='bbox 2910 2398 3111 2451; x_wconf 78' lang='lat' dir='ltr'><strong>Vacate</strong></span> <span class='ocrx_word' id='word_1_334' title='bbox 3148 2412 3175 2448; x_wconf 90' lang='lat' dir='ltr'><strong>a</strong></span> <span class='ocrx_word' id='word_1_335' title='bbox 3226 2395 3535 2448; x_wconf 87' lang='lat' dir='ltr'><strong>distrahen-</strong></span> 
     </span>
    </p>
   </div>
   <div class='ocr_carea' id='block_1_45' title="bbox 281 2486 1852 2561">
    <p class='ocr_par' dir='ltr' id='par_1_45' title="bbox 281 2486 1852 2561">
     <span class='ocr_line' id='line_1_45' title="bbox 281 2486 1852 2561; baseline 0.003 -22"><span class='ocrx_word' id='word_1_336' title='bbox 281 2486 586 2557; x_wconf 87' lang='grc' dir='ltr'>Σχολάσατε</span> <span class='ocrx_word' id='word_1_337' title='bbox 628 2487 736 2540; x_wconf 81' lang='grc' dir='ltr'><strong>ἀπὸ</strong></span> <span class='ocrx_word' id='word_1_338' title='bbox 762 2486 871 2540; x_wconf 90' lang='grc' dir='ltr'><strong>τῶν</strong></span> <span class='ocrx_word' id='word_1_339' title='bbox 905 2486 1295 2560; x_wconf 86' lang='grc' dir='ltr'>περισπώντων</span> <span class='ocrx_word' id='word_1_340' title='bbox 1339 2489 1485 2559; x_wconf 83' lang='grc' dir='ltr'>ὑμᾶς</span> <span class='ocrx_word' id='word_1_341' title='bbox 1513 2488 1743 2561; x_wconf 80' lang='grc' dir='ltr'>ἐχθρῶν,</span> <span class='ocrx_word' id='word_1_342' title='bbox 1775 2491 1852 2544; x_wconf 82' lang='grc' dir='ltr'><strong>ἵνα</strong></span> 
     </span>
    </p>
   </div>
   <div class='ocr_carea' id='block_1_46' title="bbox 1965 2486 3536 2561">
    <p class='ocr_par' dir='ltr' id='par_1_46' title="bbox 1966 2486 3536 2560">
     <span class='ocr_line' id='line_1_46' title="bbox 1966 2486 3536 2560; baseline -0.004 -13"><span class='ocrx_word' id='word_1_343' title='bbox 1966 2494 2106 2548; x_wconf 89' lang='lat' dir='ltr'><strong>tibus</strong></span> <span class='ocrx_word' id='word_1_344' title='bbox 2134 2508 2236 2546; x_wconf 85' lang='lat' dir='ltr'><strong>vos</strong></span> <span class='ocrx_word' id='word_1_345' title='bbox 2273 2492 2529 2554; x_wconf 89' lang='lat' dir='ltr'><strong>inimicis,</strong></span> <span class='ocrx_word' id='word_1_346' title='bbox 2565 2500 2626 2545; x_wconf 91' lang='lat' dir='ltr'><strong>ut</strong></span> <span class='ocrx_word' id='word_1_347' title='bbox 2649 2491 2701 2544; x_wconf 91' lang='lat' dir='ltr'><strong>in</strong></span> <span class='ocrx_word' id='word_1_348' title='bbox 2728 2492 2909 2560; x_wconf 88' lang='lat' dir='ltr'><strong>quiete</strong></span> <span class='ocrx_word' id='word_1_349' title='bbox 2943 2490 3106 2542; x_wconf 85' lang='lat' dir='ltr'><strong>verba</strong></span> <span class='ocrx_word' id='word_1_350' title='bbox 3136 2486 3381 2541; x_wconf 85' lang='lat' dir='ltr'><strong>veritatis</strong></span> <span class='ocrx_word' id='word_1_351' title='bbox 3408 2503 3536 2541; x_wconf 88' lang='lat' dir='ltr'><strong>con-</strong></span> 
     </span>
    </p>
   </div>
   <div class='ocr_carea' id='block_1_47' title="bbox 282 2576 1853 2655">
    <p class='ocr_par' dir='ltr' id='par_1_47' title="bbox 282 2576 1853 2650">
     <span class='ocr_line' id='line_1_47' title="bbox 282 2576 1853 2650; baseline 0.001 -20"><span class='ocrx_word' id='word_1_352' title='bbox 282 2579 341 2630; x_wconf 84' lang='grc' dir='ltr'>ὲν</span> <span class='ocrx_word' id='word_1_353' title='bbox 382 2576 579 2649; x_wconf 74' lang='grc' dir='ltr'>ἡσυχία</span> <span class='ocrx_word' id='word_1_354' title='bbox 602 2578 727 2639; x_wconf 79' lang='grc' dir='ltr'>τοὺς</span> <span class='ocrx_word' id='word_1_355' title='bbox 753 2578 881 2647; x_wconf 76' lang='grc' dir='ltr'>περὶ</span> <span class='ocrx_word' id='word_1_356' title='bbox 904 2578 1003 2649; x_wconf 82' lang='grc' dir='ltr'><strong>τῆς</strong></span> <span class='ocrx_word' id='word_1_357' title='bbox 1023 2578 1280 2650; x_wconf 80' lang='grc' dir='ltr'>ἀληθείας</span> <span class='ocrx_word' id='word_1_358' title='bbox 1307 2577 1626 2650; x_wconf 85' lang='grc' dir='ltr'>θεωρήσητε</span> <span class='ocrx_word' id='word_1_359' title='bbox 1649 2578 1853 2648; x_wconf 86' lang='grc' dir='ltr'>λόγους.</span> 
     </span>
    </p>
   </div>
   <div class='ocr_carea' id='block_1_48' title="bbox 1960 2576 3531 2655">
    <p class='ocr_par' dir='ltr' id='par_1_48' title="bbox 1963 2579 3531 2655">
     <span class='ocr_line' id='line_1_48' title="bbox 1963 2579 3531 2655; baseline -0.004 -16"><span class='ocrx_word' id='word_1_360' title='bbox 1963 2586 2208 2655; x_wconf 87' lang='lat' dir='ltr'><strong>templari</strong></span> <span class='ocrx_word' id='word_1_361' title='bbox 2247 2584 2485 2654; x_wconf 92' lang='lat' dir='ltr'><strong>possitis.</strong></span> <span class='ocrx_word' id='word_1_362' title='bbox 2520 2580 2858 2650; x_wconf 81' lang='lat' dir='ltr'><strong>QuaprOpter</strong></span> <span class='ocrx_word' id='word_1_363' title='bbox 2898 2581 3059 2635; x_wconf 87' lang='lat' dir='ltr'><strong>etiam</strong></span> <span class='ocrx_word' id='word_1_364' title='bbox 3120 2579 3378 2633; x_wconf 88' lang='lat' dir='ltr'><strong>Dominus</strong></span> <span class='ocrx_word' id='word_1_365' title='bbox 3423 2579 3531 2633; x_wconf 88' lang='lat' dir='ltr'><strong>ait:</strong></span> 
     </span>
    </p>
   </div>
   <div class='ocr_carea' id='block_1_49' title="bbox 280 2667 1851 2744">
    <p class='ocr_par' dir='ltr' id='par_1_49' title="bbox 280 2667 1851 2740">
     <span class='ocr_line' id='line_1_49' title="bbox 280 2667 1851 2740; baseline 0.001 -19"><span class='ocrx_word' id='word_1_366' title='bbox 280 2669 381 2723; x_wconf 88' lang='grc' dir='ltr'>Διά</span> <span class='ocrx_word' id='word_1_367' title='bbox 412 2669 569 2722; x_wconf 85' lang='grc' dir='ltr'>τοῦτο</span> <span class='ocrx_word' id='word_1_368' title='bbox 597 2667 689 2721; x_wconf 69' lang='grc' dir='ltr'><strong>κα)⁵</strong></span> <span class='ocrx_word' id='word_1_369' title='bbox 718 2671 745 2721; x_wconf 88' lang='grc' dir='ltr'>ὁ</span> <span class='ocrx_word' id='word_1_370' title='bbox 770 2669 993 2740; x_wconf 85' lang='grc' dir='ltr'>Κύριος,</span> <span class='ocrx_word' id='word_1_371' title='bbox 1030 2670 1155 2736; x_wconf 79' lang='grc' dir='ltr'><strong>Πᾶς</strong></span> <span class='ocrx_word' id='word_1_372' title='bbox 1182 2670 1351 2737; x_wconf 77' lang='grc' dir='ltr'>ὅστις</span> <span class='ocrx_word' id='word_1_373' title='bbox 1381 2672 1491 2724; x_wconf 82' lang='grc' dir='ltr'>οὐκ</span> <span class='ocrx_word' id='word_1_374' title='bbox 1521 2668 1851 2724; x_wconf 82' lang='grc' dir='ltr'>ἀποτάσσε-</span> 
     </span>
    </p>
   </div>
   <div class='ocr_carea' id='block_1_50' title="bbox 1965 2667 3536 2744">
    <p class='ocr_par' dir='ltr' id='par_1_50' title="bbox 1965 2672 3536 2744">
     <span class='ocr_line' id='line_1_50' title="bbox 1965 2672 3536 2744; baseline -0.004 -14"><span class='ocrx_word' id='word_1_375' title='bbox 1965 2675 2151 2730; x_wconf 85' lang='lat' dir='ltr'><strong>Omnis</strong></span> <span class='ocrx_word' id='word_1_376' title='bbox 2178 2678 2265 2744; x_wconf 88' lang='lat' dir='ltr'><strong>qui</strong></span> <span class='ocrx_word' id='word_1_377' title='bbox 2290 2690 2395 2729; x_wconf 89' lang='lat' dir='ltr'><strong>non</strong></span> <span class='ocrx_word' id='word_1_378' title='bbox 2427 2675 2694 2728; x_wconf 83' lang='lat' dir='ltr'><strong>renuntiat</strong></span> <span class='ocrx_word' id='word_1_379' title='bbox 2724 2674 2961 2728; x_wconf 88' lang='lat' dir='ltr'><strong>omnibus</strong></span> <span class='ocrx_word' id='word_1_380' title='bbox 2988 2686 3105 2742; x_wconf 71' lang='lat' dir='ltr'><strong>qua!</strong></span> <span class='ocrx_word' id='word_1_381' title='bbox 3139 2672 3393 2739; x_wconf 76' lang='lat' dir='ltr'><strong>possidet,</strong></span> <span class='ocrx_word' id='word_1_382' title='bbox 3432 2687 3536 2724; x_wconf 86' lang='lat' dir='ltr'><strong>non</strong></span> 
     </span>
    </p>
   </div>
   <div class='ocr_carea' id='block_1_51' title="bbox 281 2760 1852 2838">
    <p class='ocr_par' dir='ltr' id='par_1_51' title="bbox 281 2760 1852 2832">
     <span class='ocr_line' id='line_1_51' title="bbox 281 2760 1852 2832; baseline 0.003 -19"><span class='ocrx_word' id='word_1_383' title='bbox 281 2778 398 2824; x_wconf 87' lang='grc' dir='ltr'>ται,</span> <span class='ocrx_word' id='word_1_384' title='bbox 421 2762 573 2832; x_wconf 65' lang='grc' dir='ltr'>φησι,</span> <span class='ocrx_word' id='word_1_385' title='bbox 598 2760 746 2815; x_wconf 79' lang='grc' dir='ltr'>πᾶσι</span> <span class='ocrx_word' id='word_1_386' title='bbox 775 2760 897 2828; x_wconf 82' lang='grc' dir='ltr'>τοῖς</span> <span class='ocrx_word' id='word_1_387' title='bbox 934 2762 1334 2830; x_wconf 81' lang='grc' dir='ltr'>ὑπάρχουσιν,</span> <span class='ocrx_word' id='word_1_388' title='bbox 1366 2764 1437 2816; x_wconf 83' lang='grc' dir='ltr'>οὐ</span> <span class='ocrx_word' id='word_1_389' title='bbox 1470 2762 1719 2816; x_wconf 81' lang='grc' dir='ltr'>δύναταί</span> <span class='ocrx_word' id='word_1_390' title='bbox 1743 2781 1852 2831; x_wconf 71' lang='grc' dir='ltr'><strong>μου</strong></span> 
     </span>
    </p>
   </div>
   <div class='ocr_carea' id='block_1_52' title="bbox 1962 2760 3533 2838">
    <p class='ocr_par' dir='ltr' id='par_1_52' title="bbox 1962 2764 3533 2838">
     <span class='ocr_line' id='line_1_52' title="bbox 1962 2764 3533 2838; baseline -0.004 -17"><span class='ocrx_word' id='word_1_391' title='bbox 1962 2778 2129 2838; x_wconf 78' lang='lat' dir='ltr'><strong>potest</strong></span> <span class='ocrx_word' id='word_1_392' title='bbox 2158 2767 2301 2821; x_wconf 84' lang='lat' dir='ltr'><strong>meus</strong></span> <span class='ocrx_word' id='word_1_393' title='bbox 2328 2784 2438 2823; x_wconf 73' lang='lat' dir='ltr'><strong>esse</strong></span> <span class='ocrx_word' id='word_1_394' title='bbox 2470 2768 2764 2835; x_wconf 78' lang='lat' dir='ltr'><strong>discipulus</strong></span> <span class='ocrx_word' id='word_1_395' title='bbox 2800 2768 2865 2819; x_wconf 78' lang='lat'><strong>&quot;.</strong></span> <span class='ocrx_word' id='word_1_396' title='bbox 2900 2766 3106 2819; x_wconf 85' lang='lat' dir='ltr'><strong>Vacare</strong></span> <span class='ocrx_word' id='word_1_397' title='bbox 3135 2764 3298 2833; x_wconf 80' lang='lat' dir='ltr'><strong>igitur</strong></span> <span class='ocrx_word' id='word_1_398' title='bbox 3323 2772 3533 2831; x_wconf 84' lang='lat' dir='ltr'><strong>oportet</strong></span> 
     </span>
    </p>
   </div>
   <div class='ocr_carea' id='block_1_53' title="bbox 280 2850 1851 2928">
    <p class='ocr_par' dir='ltr' id='par_1_53' title="bbox 280 2850 1851 2928">
     <span class='ocr_line' id='line_1_53' title="bbox 280 2850 1851 2928; baseline 0.002 -20"><span class='ocrx_word' id='word_1_399' title='bbox 280 2850 433 2908; x_wconf 75' lang='grc' dir='ltr'>εἶναι</span> <span class='ocrx_word' id='word_1_400' title='bbox 455 2853 745 2923; x_wconf 80' lang='grc' dir='ltr'>μαθητής.</span> <span class='ocrx_word' id='word_1_401' title='bbox 794 2854 1056 2924; x_wconf 87' lang='grc' dir='ltr'>Σχολάσαι</span> <span class='ocrx_word' id='word_1_402' title='bbox 1090 2851 1183 2908; x_wconf 82' lang='grc' dir='ltr'><strong>οὖν</strong></span> <span class='ocrx_word' id='word_1_403' title='bbox 1216 2854 1296 2907; x_wconf 82' lang='grc' dir='ltr'>δεῖ</span> <span class='ocrx_word' id='word_1_404' title='bbox 1328 2855 1438 2909; x_wconf 79' lang='grc' dir='ltr'><strong>ἀπὸ</strong></span> <span class='ocrx_word' id='word_1_405' title='bbox 1478 2856 1584 2909; x_wconf 89' lang='grc' dir='ltr'><strong>τῶν</strong></span> <span class='ocrx_word' id='word_1_406' title='bbox 1609 2857 1851 2928; x_wconf 73' lang='grc' dir='ltr'>γαμικῶι</span> 
     </span>
    </p>
   </div>
   <div class='ocr_carea' id='block_1_54' title="bbox 1960 2850 3531 2928">
    <p class='ocr_par' dir='ltr' id='par_1_54' title="bbox 1966 2855 3531 2928">
     <span class='ocr_line' id='line_1_54' title="bbox 1966 2855 3531 2928; baseline -0.006 -13"><span class='ocrx_word' id='word_1_407' title='bbox 1966 2861 2033 2915; x_wconf 92' lang='lat' dir='ltr'><strong>ab</strong></span> <span class='ocrx_word' id='word_1_408' title='bbox 2068 2858 2323 2927; x_wconf 90' lang='lat' dir='ltr'><strong>operibus</strong></span> <span class='ocrx_word' id='word_1_409' title='bbox 2358 2860 2711 2928; x_wconf 86' lang='lat' dir='ltr'><strong>nuptialibus,</strong></span> <span class='ocrx_word' id='word_1_410' title='bbox 2774 2868 2831 2911; x_wconf 93' lang='lat' dir='ltr'><strong>ut</strong></span> <span class='ocrx_word' id='word_1_411' title='bbox 2880 2871 3136 2911; x_wconf 88' lang='lat' dir='ltr'><strong>vacemus</strong></span> <span class='ocrx_word' id='word_1_412' title='bbox 3189 2855 3483 2925; x_wconf 89' lang='lat' dir='ltr'><strong>precationi</strong></span> <span class='ocrx_word' id='word_1_413' title='bbox 3518 2871 3531 2905; x_wconf 90' lang='lat'><strong>:</strong></span> 
     </span>
    </p>
   </div>
   <div class='ocr_carea' id='block_1_55' title="bbox 282 2946 1853 3019">
    <p class='ocr_par' dir='ltr' id='par_1_55' title="bbox 282 2946 1853 3019">
     <span class='ocr_line' id='line_1_55' title="bbox 282 2946 1853 3019; baseline 0.003 -21"><span class='ocrx_word' id='word_1_414' title='bbox 282 2946 480 3018; x_wconf 75' lang='grc' dir='ltr'>ἔργων,</span> <span class='ocrx_word' id='word_1_415' title='bbox 518 2946 602 2999; x_wconf 77' lang='grc' dir='ltr'>ἵνα</span> <span class='ocrx_word' id='word_1_416' title='bbox 636 2946 984 3017; x_wconf 86' lang='grc' dir='ltr'>σχολάσωμεν</span> <span class='ocrx_word' id='word_1_417' title='bbox 1024 2949 1089 3017; x_wconf 84' lang='grc' dir='ltr'>τῇ</span> <span class='ocrx_word' id='word_1_418' title='bbox 1121 2951 1395 3019; x_wconf 85' lang='grc' dir='ltr'>προσευχῇ</span> <span class='ocrx_word' id='word_1_419' title='bbox 1418 2966 1431 2978; x_wconf 67' lang='grc' dir='ltr'><strong>ι</strong></span> <span class='ocrx_word' id='word_1_420' title='bbox 1464 2948 1720 3019; x_wconf 84' lang='grc' dir='ltr'>σχολάσαι</span> <span class='ocrx_word' id='word_1_421' title='bbox 1754 2950 1853 3003; x_wconf 57' lang='lat' dir='ltr'><strong>diti</strong></span> 
     </span>
    </p>
   </div>
   <div class='ocr_carea' id='block_1_56' title="bbox 1963 2946 3534 3019">
    <p class='ocr_par' dir='ltr' id='par_1_56' title="bbox 1964 2947 3534 3018">
     <span class='ocr_line' id='line_1_56' title="bbox 1964 2947 3534 3018; baseline -0.003 -15"><span class='ocrx_word' id='word_1_422' title='bbox 1964 2966 2165 3007; x_wconf 90' lang='lat' dir='ltr'><strong>vacare</strong></span> <span class='ocrx_word' id='word_1_423' title='bbox 2197 2965 2227 3005; x_wconf 87' lang='lat' dir='ltr'><strong>a</strong></span> <span class='ocrx_word' id='word_1_424' title='bbox 2266 2952 2577 3006; x_wconf 88' lang='lat' dir='ltr'><strong>divitiarum</strong></span> <span class='ocrx_word' id='word_1_425' title='bbox 2610 2950 2812 3016; x_wconf 88' lang='lat' dir='ltr'><strong>studio,</strong></span> <span class='ocrx_word' id='word_1_426' title='bbox 2858 2950 2923 3004; x_wconf 86' lang='lat' dir='ltr'><strong>ab</strong></span> <span class='ocrx_word' id='word_1_427' title='bbox 2957 2950 3118 3018; x_wconf 86' lang='lat' dir='ltr'><strong>hujus</strong></span> <span class='ocrx_word' id='word_1_428' title='bbox 3161 2947 3403 3016; x_wconf 74' lang='lat' dir='ltr'><strong>gloriola:</strong></span> <span class='ocrx_word' id='word_1_429' title='bbox 3438 2962 3534 3001; x_wconf 91' lang='lat' dir='ltr'><strong>cu-</strong></span> 
     </span>
    </p>
   </div>
   <div class='ocr_carea' id='block_1_57' title="bbox 279 3036 1850 3113">
    <p class='ocr_par' dir='ltr' id='par_1_57' title="bbox 279 3036 1850 3113">
     <span class='ocr_line' id='line_1_57' title="bbox 279 3036 1850 3113; baseline 0.003 -22"><span class='ocrx_word' id='word_1_430' title='bbox 279 3039 390 3091; x_wconf 81' lang='grc' dir='ltr'><strong>τῶν</strong></span> <span class='ocrx_word' id='word_1_431' title='bbox 412 3055 478 3090; x_wconf 90' lang='grc' dir='ltr'>πε</span> <span class='ocrx_word' id='word_1_432' title='bbox 486 3041 542 3109; x_wconf 72' lang='grc' dir='ltr'><strong>ρὶ</strong></span> <span class='ocrx_word' id='word_1_433' title='bbox 572 3039 660 3091; x_wconf 84' lang='grc' dir='ltr'><strong>τὸν</strong></span> <span class='ocrx_word' id='word_1_434' title='bbox 681 3036 908 3091; x_wconf 81' lang='grc' dir='ltr'>πλοῦτον</span> <span class='ocrx_word' id='word_1_435' title='bbox 930 3037 1198 3104; x_wconf 89' lang='grc' dir='ltr'>σπουδῶν,</span> <span class='ocrx_word' id='word_1_436' title='bbox 1215 3040 1322 3093; x_wconf 82' lang='grc' dir='ltr'><strong>ἀπὸ</strong></span> <span class='ocrx_word' id='word_1_437' title='bbox 1344 3040 1443 3111; x_wconf 83' lang='grc' dir='ltr'>τῆς</span> <span class='ocrx_word' id='word_1_438' title='bbox 1472 3058 1538 3093; x_wconf 90' lang='grc' dir='ltr'>πε</span> <span class='ocrx_word' id='word_1_439' title='bbox 1546 3040 1601 3113; x_wconf 68' lang='grc' dir='ltr'><strong>ρ).</strong></span> <span class='ocrx_word' id='word_1_440' title='bbox 1627 3041 1688 3094; x_wconf 80' lang='grc' dir='ltr'>τὸ</span> <span class='ocrx_word' id='word_1_441' title='bbox 1717 3040 1850 3106; x_wconf 82' lang='grc' dir='ltr'>δοξά-</span> 
     </span>
    </p>
   </div>
   <div class='ocr_carea' id='block_1_58' title="bbox 1963 3036 3534 3113">
    <p class='ocr_par' dir='ltr' id='par_1_58' title="bbox 1964 3038 3534 3111">
     <span class='ocr_line' id='line_1_58' title="bbox 1964 3038 3534 3111; baseline -0.004 -14"><span class='ocrx_word' id='word_1_442' title='bbox 1964 3043 2211 3111; x_wconf 91' lang='lat' dir='ltr'><strong>piditate,</strong></span> <span class='ocrx_word' id='word_1_443' title='bbox 2241 3044 2308 3098; x_wconf 87' lang='lat' dir='ltr'><strong>ab</strong></span> <span class='ocrx_word' id='word_1_444' title='bbox 2339 3058 2439 3097; x_wconf 89' lang='lat' dir='ltr'><strong>usu</strong></span> <span class='ocrx_word' id='word_1_445' title='bbox 2468 3042 2826 3110; x_wconf 86' lang='lat' dir='ltr'><strong>voluptatum,</strong></span> <span class='ocrx_word' id='word_1_446' title='bbox 2876 3042 2942 3095; x_wconf 91' lang='lat' dir='ltr'><strong>ab</strong></span> <span class='ocrx_word' id='word_1_447' title='bbox 2975 3040 3173 3095; x_wconf 87' lang='lat' dir='ltr'><strong>invidia</strong></span> <span class='ocrx_word' id='word_1_448' title='bbox 3216 3049 3271 3094; x_wconf 88' lang='lat' dir='ltr'><strong>et</strong></span> <span class='ocrx_word' id='word_1_449' title='bbox 3308 3038 3452 3092; x_wconf 89' lang='lat' dir='ltr'><strong>omni</strong></span> <span class='ocrx_word' id='word_1_450' title='bbox 3483 3038 3534 3091; x_wconf 91' lang='lat' dir='ltr'><strong>in</strong></span> 
     </span>
    </p>
   </div>
   <div class='ocr_carea' id='block_1_59' title="bbox 286 3128 1857 3203">
    <p class='ocr_par' dir='ltr' id='par_1_59' title="bbox 286 3128 1857 3203">
     <span class='ocr_line' id='line_1_59' title="bbox 286 3128 1857 3203; baseline 0.002 -21"><span class='ocrx_word' id='word_1_451' title='bbox 286 3147 399 3203; x_wconf 88' lang='grc' dir='ltr'>ριον</span> <span class='ocrx_word' id='word_1_452' title='bbox 431 3129 587 3183; x_wconf 74' lang='grc' dir='ltr'>τοῦτο</span> <span class='ocrx_word' id='word_1_453' title='bbox 617 3128 933 3200; x_wconf 78' lang='grc' dir='ltr'>ἐπιθυμίας,</span> <span class='ocrx_word' id='word_1_454' title='bbox 960 3130 1069 3184; x_wconf 84' lang='grc' dir='ltr'><strong>ἀπὸ</strong></span> <span class='ocrx_word' id='word_1_455' title='bbox 1100 3130 1208 3184; x_wconf 86' lang='grc' dir='ltr'><strong>τῶν</strong></span> <span class='ocrx_word' id='word_1_456' title='bbox 1248 3130 1385 3202; x_wconf 88' lang='grc' dir='ltr'>πρὸς</span> <span class='ocrx_word' id='word_1_457' title='bbox 1415 3131 1711 3185; x_wconf 86' lang='grc' dir='ltr'>ἀπόλαυσιν</span> <span class='ocrx_word' id='word_1_458' title='bbox 1742 3132 1857 3203; x_wconf 73' lang='grc' dir='ltr'>ἡδο-</span> 
     </span>
    </p>
   </div>
   <div class='ocr_carea' id='block_1_60' title="bbox 1967 3128 3538 3203">
    <p class='ocr_par' dir='ltr' id='par_1_60' title="bbox 1967 3130 3538 3203">
     <span class='ocr_line' id='line_1_60' title="bbox 1967 3130 3538 3203; baseline -0.005 -14"><span class='ocrx_word' id='word_1_459' title='bbox 1967 3144 2212 3191; x_wconf 90' lang='lat' dir='ltr'><strong>nostrum</strong></span> <span class='ocrx_word' id='word_1_460' title='bbox 2242 3131 2549 3203; x_wconf 82' lang='lat' dir='ltr'><strong>proximum</strong></span> <span class='ocrx_word' id='word_1_461' title='bbox 2576 3131 2933 3201; x_wconf 80' lang='lat' dir='ltr'><strong>malignitate,</strong></span> <span class='ocrx_word' id='word_1_462' title='bbox 2961 3140 3041 3195; x_wconf 91' lang='lat' dir='ltr'><strong>ut,</strong></span> <span class='ocrx_word' id='word_1_463' title='bbox 3085 3130 3359 3185; x_wconf 86' lang='lat' dir='ltr'><strong>obtinente</strong></span> <span class='ocrx_word' id='word_1_464' title='bbox 3396 3141 3538 3183; x_wconf 88' lang='lat' dir='ltr'><strong>tran-</strong></span> 
     </span>
    </p>
   </div>
   <div class='ocr_carea' id='block_1_61' title="bbox 282 3220 1853 3297">
    <p class='ocr_par' dir='ltr' id='par_1_61' title="bbox 282 3220 1853 3295">
     <span class='ocr_line' id='line_1_61' title="bbox 282 3220 1853 3295; baseline 0.001 -19"><span class='ocrx_word' id='word_1_465' title='bbox 282 3221 411 3287; x_wconf 92' lang='grc' dir='ltr'>νῶν,</span> <span class='ocrx_word' id='word_1_466' title='bbox 436 3221 544 3274; x_wconf 89' lang='grc' dir='ltr'><strong>ἀπὸ</strong></span> <span class='ocrx_word' id='word_1_467' title='bbox 570 3220 764 3290; x_wconf 85' lang='grc' dir='ltr'>φθόνου</span> <span class='ocrx_word' id='word_1_468' title='bbox 795 3222 889 3274; x_wconf 77' lang='grc' dir='ltr'><strong>καὶ</strong></span> <span class='ocrx_word' id='word_1_469' title='bbox 919 3222 1099 3293; x_wconf 85' lang='grc' dir='ltr'>πάσης</span> <span class='ocrx_word' id='word_1_470' title='bbox 1121 3222 1220 3295; x_wconf 83' lang='grc' dir='ltr'>τῆς</span> <span class='ocrx_word' id='word_1_471' title='bbox 1246 3225 1326 3287; x_wconf 79' lang='grc' dir='ltr'>εἰς</span> <span class='ocrx_word' id='word_1_472' title='bbox 1345 3222 1436 3277; x_wconf 81' lang='grc' dir='ltr'><strong>τὸν</strong></span> <span class='ocrx_word' id='word_1_473' title='bbox 1457 3223 1682 3294; x_wconf 80' lang='grc' dir='ltr'>πλησίον</span> <span class='ocrx_word' id='word_1_474' title='bbox 1707 3224 1853 3295; x_wconf 68' lang='grc' dir='ltr'>ἡμῶν</span> 
     </span>
    </p>
   </div>
   <div class='ocr_carea' id='block_1_62' title="bbox 1964 3220 3535 3297">
    <p class='ocr_par' dir='ltr' id='par_1_62' title="bbox 1964 3221 3535 3297">
     <span class='ocr_line' id='line_1_62' title="bbox 1964 3221 3535 3297; baseline -0.004 -17"><span class='ocrx_word' id='word_1_475' title='bbox 1964 3227 2285 3297; x_wconf 89' lang='lat' dir='ltr'><strong>quillitatem</strong></span> <span class='ocrx_word' id='word_1_476' title='bbox 2312 3225 2491 3280; x_wconf 90' lang='lat' dir='ltr'><strong>anima</strong></span> <span class='ocrx_word' id='word_1_477' title='bbox 2523 3236 2730 3287; x_wconf 71' lang='lat' dir='ltr'><strong>nosua,</strong></span> <span class='ocrx_word' id='word_1_478' title='bbox 2775 3234 2829 3277; x_wconf 89' lang='lat' dir='ltr'><strong>et</strong></span> <span class='ocrx_word' id='word_1_479' title='bbox 2852 3222 3000 3277; x_wconf 90' lang='lat' dir='ltr'><strong>nullo</strong></span> <span class='ocrx_word' id='word_1_480' title='bbox 3035 3221 3227 3278; x_wconf 80' lang='lat' dir='ltr'><strong>effectu</strong></span> <span class='ocrx_word' id='word_1_481' title='bbox 3260 3235 3379 3275; x_wconf 89' lang='lat' dir='ltr'><strong>eam</strong></span> <span class='ocrx_word' id='word_1_482' title='bbox 3405 3238 3535 3276; x_wconf 89' lang='lat' dir='ltr'><strong>con-</strong></span> 
     </span>
    </p>
   </div>
   <div class='ocr_carea' id='block_1_63' title="bbox 282 3274 1853 3386">
    <p class='ocr_par' dir='ltr' id='par_1_63' title="bbox 282 3274 1853 3386">
     <span class='ocr_line' id='line_1_63' title="bbox 282 3274 1853 3386; baseline 0.001 -19"><span class='ocrx_word' id='word_1_483' title='bbox 282 3274 565 3385; x_wconf 71' lang='grc' dir='ltr'>πονηρίας,</span> <span class='ocrx_word' id='word_1_484' title='bbox 582 3274 708 3375; x_wconf 77' lang='grc' dir='ltr'>’ῖνα,</span> <span class='ocrx_word' id='word_1_485' title='bbox 756 3274 1099 3384; x_wconf 69' lang='grc' dir='ltr'>γαληνιώστίξ</span> <span class='ocrx_word' id='word_1_486' title='bbox 1128 3274 1426 3385; x_wconf 25' lang='lat' dir='ltr'><strong>agitavisse</strong></span> <span class='ocrx_word' id='word_1_487' title='bbox 1445 3274 1853 3386; x_wconf 42' lang='lat' dir='ltr'><strong>isi-agas};</strong></span> 
     </span>
    </p>
   </div>
   <div class='ocr_carea' id='block_1_64' title="bbox 1968 3274 3539 3386">
    <p class='ocr_par' dir='ltr' id='par_1_64' title="bbox 1968 3274 3539 3386">
     <span class='ocr_line' id='line_1_64' title="bbox 1968 3274 3539 3386; baseline -0.004 -12"><span class='ocrx_word' id='word_1_488' title='bbox 1968 3274 2244 3383; x_wconf 60' lang='lat' dir='ltr'><strong>:urbante,</strong></span> <span class='ocrx_word' id='word_1_489' title='bbox 2280 3315 2573 3371; x_wconf 82' lang='lat' dir='ltr'><strong>illustratio</strong></span> <span class='ocrx_word' id='word_1_490' title='bbox 2609 3314 2704 3369; x_wconf 90' lang='lat' dir='ltr'><strong>Dei</strong></span> <span class='ocrx_word' id='word_1_491' title='bbox 2741 3325 2996 3386; x_wconf 88' lang='lat' dir='ltr'><strong>tauquam</strong></span> <span class='ocrx_word' id='word_1_492' title='bbox 3030 3315 3083 3369; x_wconf 90' lang='lat' dir='ltr'><strong>in</strong></span> <span class='ocrx_word' id='word_1_493' title='bbox 3109 3315 3289 3385; x_wconf 88' lang='lat' dir='ltr'><strong>aliquo</strong></span> <span class='ocrx_word' id='word_1_494' title='bbox 3320 3316 3539 3384; x_wconf 85' lang='lat' dir='ltr'><strong>speculo</strong></span> 
     </span>
    </p>
   </div>
   <div class='ocr_carea' id='block_1_65' title="bbox 282 3402 1853 3482">
    <p class='ocr_par' dir='ltr' id='par_1_65' title="bbox 282 3402 1853 3479">
     <span class='ocr_line' id='line_1_65' title="bbox 282 3402 1853 3479; baseline 0.001 -18"><span class='ocrx_word' id='word_1_495' title='bbox 282 3406 493 3471; x_wconf 75' lang='grc' dir='ltr'>οὐδενὸς</span> <span class='ocrx_word' id='word_1_496' title='bbox 552 3405 754 3470; x_wconf 85' lang='grc' dir='ltr'>πάθους</span> <span class='ocrx_word' id='word_1_497' title='bbox 802 3406 1235 3477; x_wconf 86' lang='grc' dir='ltr'>ταρασσομένης,</span> <span class='ocrx_word' id='word_1_498' title='bbox 1290 3402 1401 3461; x_wconf 75' lang='grc' dir='ltr'>οἷον</span> <span class='ocrx_word' id='word_1_499' title='bbox 1460 3410 1518 3461; x_wconf 82' lang='grc' dir='ltr'>ὲν</span> <span class='ocrx_word' id='word_1_500' title='bbox 1568 3409 1853 3479; x_wconf 85' lang='grc' dir='ltr'>κατόπτρῳ</span> 
     </span>
    </p>
   </div>
   <div class='ocr_carea' id='block_1_66' title="bbox 1967 3402 3538 3482">
    <p class='ocr_par' dir='ltr' id='par_1_66' title="bbox 1967 3406 3538 3482">
     <span class='ocr_line' id='line_1_66' title="bbox 1967 3406 3538 3482; baseline -0.004 -17"><span class='ocrx_word' id='word_1_501' title='bbox 1967 3426 2097 3482; x_wconf 86' lang='lat' dir='ltr'><strong>pura</strong></span> <span class='ocrx_word' id='word_1_502' title='bbox 2122 3424 2458 3480; x_wconf 79' lang='lat' dir='ltr'><strong>exspersque</strong></span> <span class='ocrx_word' id='word_1_503' title='bbox 2485 3408 2830 3464; x_wconf 84' lang='lat' dir='ltr'><strong>tenebrarum</strong></span> <span class='ocrx_word' id='word_1_504' title='bbox 2860 3406 3143 3463; x_wconf 80' lang='lat' dir='ltr'><strong>eliiciatur.</strong></span> <span class='ocrx_word' id='word_1_505' title='bbox 3176 3407 3538 3461; x_wconf 76' lang='lat' dir='ltr'><strong>Exaltaborin</strong></span> 
     </span>
    </p>
   </div>
   <div class='ocr_carea' id='block_1_67' title="bbox 280 3496 1851 3573">
    <p class='ocr_par' dir='ltr' id='par_1_67' title="bbox 280 3496 1851 3570">
     <span class='ocr_line' id='line_1_67' title="bbox 280 3496 1851 3570; baseline 0.001 -19"><span class='ocrx_word' id='word_1_506' title='bbox 280 3498 391 3551; x_wconf 73' lang='grc' dir='ltr'>τινὶ</span> <span class='ocrx_word' id='word_1_507' title='bbox 420 3496 637 3569; x_wconf 79' lang='grc' dir='ltr'>καθαρὰ</span> <span class='ocrx_word' id='word_1_508' title='bbox 681 3498 906 3568; x_wconf 84' lang='grc' dir='ltr'>γένηται</span> <span class='ocrx_word' id='word_1_509' title='bbox 953 3497 1063 3566; x_wconf 80' lang='lat'><strong>(53)</strong></span> <span class='ocrx_word' id='word_1_510' title='bbox 1110 3497 1206 3550; x_wconf 75' lang='grc' dir='ltr'><strong>καὶ</strong></span> <span class='ocrx_word' id='word_1_511' title='bbox 1248 3497 1670 3569; x_wconf 81' lang='grc' dir='ltr'>ἀνεπισκότητος</span> <span class='ocrx_word' id='word_1_512' title='bbox 1700 3500 1734 3570; x_wconf 84' lang='grc' dir='ltr'>ἠ</span> <span class='ocrx_word' id='word_1_513' title='bbox 1770 3500 1851 3553; x_wconf 76' lang='grc' dir='ltr'><strong>ἕλ-</strong></span> 
     </span>
    </p>
   </div>
   <div class='ocr_carea' id='block_1_68' title="bbox 1966 3496 3537 3573">
    <p class='ocr_par' dir='ltr' id='par_1_68' title="bbox 1966 3500 3537 3573">
     <span class='ocr_line' id='line_1_68' title="bbox 1966 3500 3537 3573; baseline 0 -18"><span class='ocrx_word' id='word_1_514' title='bbox 1966 3502 2226 3573; x_wconf 85' lang='lat' dir='ltr'><strong>gentibus,</strong></span> <span class='ocrx_word' id='word_1_515' title='bbox 2266 3502 2543 3555; x_wconf 76' lang='lat' dir='ltr'><strong>exaltabor</strong></span> <span class='ocrx_word' id='word_1_516' title='bbox 2570 3501 2623 3554; x_wconf 90' lang='lat' dir='ltr'><strong>in</strong></span> <span class='ocrx_word' id='word_1_517' title='bbox 2654 3512 2817 3556; x_wconf 87' lang='lat' dir='ltr'><strong>terra.</strong></span> <span class='ocrx_word' id='word_1_518' title='bbox 2844 3500 3030 3555; x_wconf 87' lang='lat' dir='ltr'><strong>Palam</strong></span> <span class='ocrx_word' id='word_1_519' title='bbox 3066 3502 3182 3555; x_wconf 67' lang='lat' dir='ltr'><strong>haec</strong></span> <span class='ocrx_word' id='word_1_520' title='bbox 3205 3502 3271 3555; x_wconf 87' lang='lat' dir='ltr'><strong>de</strong></span> <span class='ocrx_word' id='word_1_521' title='bbox 3298 3516 3392 3555; x_wconf 86' lang='lat' dir='ltr'><strong>sua</strong></span> <span class='ocrx_word' id='word_1_522' title='bbox 3414 3516 3537 3571; x_wconf 87' lang='lat' dir='ltr'><strong>pas-</strong></span> 
     </span>
    </p>
   </div>
   <div class='ocr_carea' id='block_1_69' title="bbox 278 3588 1849 3662">
    <p class='ocr_par' dir='ltr' id='par_1_69' title="bbox 278 3588 1849 3661">
     <span class='ocr_line' id='line_1_69' title="bbox 278 3588 1849 3661; baseline 0 -18"><span class='ocrx_word' id='word_1_523' title='bbox 278 3588 487 3661; x_wconf 69' lang='grc' dir='ltr'>ὶαμψις</span> <span class='ocrx_word' id='word_1_524' title='bbox 524 3589 616 3643; x_wconf 79' lang='grc' dir='ltr'><strong>τοῦ</strong></span> <span class='ocrx_word' id='word_1_525' title='bbox 660 3588 811 3642; x_wconf 80' lang='grc' dir='ltr'>Θεοῦ.</span> <span class='ocrx_word' id='word_1_526' title='bbox 872 3589 1295 3659; x_wconf 77' lang='grc' dir='ltr'>’Υψωθήσομαι</span> <span class='ocrx_word' id='word_1_527' title='bbox 1331 3591 1399 3643; x_wconf 75' lang='grc' dir='ltr'>ἐν</span> <span class='ocrx_word' id='word_1_528' title='bbox 1442 3589 1564 3656; x_wconf 83' lang='grc' dir='ltr'>τοῖς</span> <span class='ocrx_word' id='word_1_529' title='bbox 1596 3591 1849 3657; x_wconf 71' lang='grc' dir='ltr'><strong>ἔθνεσιν1</strong></span> 
     </span>
    </p>
   </div>
   <div class='ocr_carea' id='block_1_70' title="bbox 1966 3588 3537 3662">
    <p class='ocr_par' dir='ltr' id='par_1_70' title="bbox 1966 3593 3537 3662">
     <span class='ocr_line' id='line_1_70' title="bbox 1966 3593 3537 3662; baseline -0.003 -13"><span class='ocrx_word' id='word_1_530' title='bbox 1966 3595 2116 3649; x_wconf 89' lang='lat' dir='ltr'><strong>sione</strong></span> <span class='ocrx_word' id='word_1_531' title='bbox 2144 3594 2275 3649; x_wconf 85' lang='lat' dir='ltr'><strong>dicit</strong></span> <span class='ocrx_word' id='word_1_532' title='bbox 2329 3594 2610 3658; x_wconf 88' lang='lat' dir='ltr'><strong>Dominus,</strong></span> <span class='ocrx_word' id='word_1_533' title='bbox 2656 3594 3111 3662; x_wconf 87' lang='lat' dir='ltr'><strong>quemadmodum</strong></span> <span class='ocrx_word' id='word_1_534' title='bbox 3149 3594 3201 3647; x_wconf 91' lang='lat' dir='ltr'><strong>in</strong></span> <span class='ocrx_word' id='word_1_535' title='bbox 3248 3593 3537 3661; x_wconf 81' lang='lat' dir='ltr'><strong>Evangelio</strong></span> 
     </span>
    </p>
   </div>
   <div class='ocr_carea' id='block_1_71' title="bbox 280 3680 1851 3756">
    <p class='ocr_par' dir='ltr' id='par_1_71' title="bbox 280 3680 1851 3756">
     <span class='ocr_line' id='line_1_71' title="bbox 280 3680 1851 3756; baseline 0.001 -20"><span class='ocrx_word' id='word_1_536' title='bbox 280 3681 675 3751; x_wconf 69' lang='grc' dir='ltr'>ὐψωθήσομαι</span> <span class='ocrx_word' id='word_1_537' title='bbox 720 3683 787 3736; x_wconf 83' lang='grc' dir='ltr'>ἐν</span> <span class='ocrx_word' id='word_1_538' title='bbox 829 3681 903 3750; x_wconf 80' lang='grc' dir='ltr'>τῇ</span> <span class='ocrx_word' id='word_1_539' title='bbox 944 3680 1042 3751; x_wconf 77' lang='grc' dir='ltr'><strong>γῆ.</strong></span> <span class='ocrx_word' id='word_1_540' title='bbox 1096 3681 1288 3751; x_wconf 76' lang='grc' dir='ltr'>Σαφῶς</span> <span class='ocrx_word' id='word_1_541' title='bbox 1334 3681 1505 3735; x_wconf 73' lang='grc' dir='ltr'>ταῦτα</span> <span class='ocrx_word' id='word_1_542' title='bbox 1542 3683 1687 3751; x_wconf 87' lang='grc' dir='ltr'>λέγει</span> <span class='ocrx_word' id='word_1_543' title='bbox 1732 3687 1851 3756; x_wconf 78' lang='grc' dir='ltr'>περῖ</span> 
     </span>
    </p>
   </div>
   <div class='ocr_carea' id='block_1_72' title="bbox 1966 3680 3537 3756">
    <p class='ocr_par' dir='ltr' id='par_1_72' title="bbox 1966 3682 3537 3754">
     <span class='ocr_line' id='line_1_72' title="bbox 1966 3682 3537 3754; baseline -0.004 -13"><span class='ocrx_word' id='word_1_544' title='bbox 1966 3685 2224 3754; x_wconf 85' lang='lat' dir='ltr'><strong>scriptum</strong></span> <span class='ocrx_word' id='word_1_545' title='bbox 2271 3692 2395 3739; x_wconf 89' lang='lat' dir='ltr'><strong>est:</strong></span> <span class='ocrx_word' id='word_1_546' title='bbox 2431 3682 2499 3736; x_wconf 89' lang='lat' dir='ltr'><strong>Et</strong></span> <span class='ocrx_word' id='word_1_547' title='bbox 2549 3701 2641 3754; x_wconf 85' lang='lat' dir='ltr'><strong>ego</strong></span> <span class='ocrx_word' id='word_1_548' title='bbox 2672 3701 2791 3737; x_wconf 89' lang='lat' dir='ltr'><strong>cum</strong></span> <span class='ocrx_word' id='word_1_549' title='bbox 2835 3684 3097 3737; x_wconf 75' lang='lat' dir='ltr'><strong>exaltatus</strong></span> <span class='ocrx_word' id='word_1_550' title='bbox 3135 3684 3308 3751; x_wconf 78' lang='lat' dir='ltr'><strong>fuero,</strong></span> <span class='ocrx_word' id='word_1_551' title='bbox 3361 3701 3537 3737; x_wconf 81' lang='lat' dir='ltr'><strong>omnes</strong></span> 
     </span>
    </p>
   </div>
   <div class='ocr_carea' id='block_1_73' title="bbox 280 3772 1851 3846">
    <p class='ocr_par' dir='ltr' id='par_1_73' title="bbox 280 3772 1851 3846">
     <span class='ocr_line' id='line_1_73' title="bbox 280 3772 1851 3846; baseline 0.003 -20"><span class='ocrx_word' id='word_1_552' title='bbox 280 3772 374 3826; x_wconf 77' lang='grc' dir='ltr'>τοῦ</span> <span class='ocrx_word' id='word_1_553' title='bbox 397 3773 518 3827; x_wconf 83' lang='grc' dir='ltr'>καθ’</span> <span class='ocrx_word' id='word_1_554' title='bbox 548 3775 735 3827; x_wconf 82' lang='grc' dir='ltr'>ἑαυτὸν</span> <span class='ocrx_word' id='word_1_555' title='bbox 761 3774 963 3838; x_wconf 87' lang='grc' dir='ltr'>πάθους</span> <span class='ocrx_word' id='word_1_556' title='bbox 988 3776 1016 3828; x_wconf 87' lang='grc' dir='ltr'>ὁ</span> <span class='ocrx_word' id='word_1_557' title='bbox 1040 3775 1263 3845; x_wconf 83' lang='grc' dir='ltr'>Κύριος,</span> <span class='ocrx_word' id='word_1_558' title='bbox 1288 3774 1470 3839; x_wconf 87' lang='grc' dir='ltr'>καθὼς</span> <span class='ocrx_word' id='word_1_559' title='bbox 1496 3776 1555 3829; x_wconf 84' lang='grc' dir='ltr'>ὲν</span> <span class='ocrx_word' id='word_1_560' title='bbox 1578 3776 1656 3846; x_wconf 83' lang='grc' dir='ltr'>τῷ</span> <span class='ocrx_word' id='word_1_561' title='bbox 1680 3778 1851 3845; x_wconf 76' lang='grc' dir='ltr'>Εὐαγ-</span> 
     </span>
    </p>
   </div>
   <div class='ocr_carea' id='block_1_74' title="bbox 1965 3772 3536 3846">
    <p class='ocr_par' dir='ltr' id='par_1_74' title="bbox 1965 3772 3536 3844">
     <span class='ocr_line' id='line_1_74' title="bbox 1965 3772 3536 3844; baseline -0.002 -17"><span class='ocrx_word' id='word_1_562' title='bbox 1965 3775 2171 3828; x_wconf 77' lang='lat' dir='ltr'><strong>trahant</strong></span> <span class='ocrx_word' id='word_1_563' title='bbox 2193 3775 2261 3827; x_wconf 84' lang='lat' dir='ltr'><strong>ad</strong></span> <span class='ocrx_word' id='word_1_564' title='bbox 2284 3790 2362 3827; x_wconf 87' lang='lat' dir='ltr'><strong>me</strong></span> <span class='ocrx_word' id='word_1_565' title='bbox 2383 3774 2553 3843; x_wconf 81' lang='lat' dir='ltr'><strong>ipsum</strong></span> <span class='ocrx_word' id='word_1_566' title='bbox 2582 3774 2649 3826; x_wconf 83' lang='lat'><strong>&quot;.</strong></span> <span class='ocrx_word' id='word_1_567' title='bbox 2680 3772 2745 3826; x_wconf 83' lang='lat' dir='ltr'><strong>Et</strong></span> <span class='ocrx_word' id='word_1_568' title='bbox 2764 3776 2900 3827; x_wconf 84' lang='lat' dir='ltr'><strong>sicut</strong></span> <span class='ocrx_word' id='word_1_569' title='bbox 2924 3775 3133 3844; x_wconf 79' lang='lat' dir='ltr'><strong>Moyses</strong></span> <span class='ocrx_word' id='word_1_570' title='bbox 3150 3774 3395 3827; x_wconf 68' lang='lat' dir='ltr'><strong>exultavit</strong></span> <span class='ocrx_word' id='word_1_571' title='bbox 3426 3791 3536 3827; x_wconf 85' lang='lat' dir='ltr'><strong>ser-</strong></span> 
     </span>
    </p>
   </div>
   <div class='ocr_carea' id='block_1_75' title="bbox 282 3862 1853 3937">
    <p class='ocr_par' dir='ltr' id='par_1_75' title="bbox 282 3864 1853 3936">
     <span class='ocr_line' id='line_1_75' title="bbox 282 3864 1853 3936; baseline 0.004 -19"><span class='ocrx_word' id='word_1_572' title='bbox 282 3864 446 3935; x_wconf 82' lang='grc' dir='ltr'>γελίῳ</span> <span class='ocrx_word' id='word_1_573' title='bbox 500 3866 845 3936; x_wconf 81' lang='grc' dir='ltr'>γέγραπται·</span> <span class='ocrx_word' id='word_1_574' title='bbox 900 3865 1105 3936; x_wconf 82' lang='grc' dir='ltr'>Κάγὼ,</span> <span class='ocrx_word' id='word_1_575' title='bbox 1147 3866 1295 3919; x_wconf 80' lang='grc' dir='ltr'>ὅταν</span> <span class='ocrx_word' id='word_1_576' title='bbox 1326 3866 1574 3935; x_wconf 71' lang='grc' dir='ltr'>ὑψωθῶ,</span> <span class='ocrx_word' id='word_1_577' title='bbox 1628 3866 1853 3933; x_wconf 83' lang='grc' dir='ltr'>πάντας</span> 
     </span>
    </p>
   </div>
   <div class='ocr_carea' id='block_1_76' title="bbox 1967 3862 3538 3937">
    <p class='ocr_par' dir='ltr' id='par_1_76' title="bbox 1967 3862 3538 3936">
     <span class='ocr_line' id='line_1_76' title="bbox 1967 3862 3538 3936; baseline -0.003 -16"><span class='ocrx_word' id='word_1_578' title='bbox 1967 3876 2161 3936; x_wconf 87' lang='lat' dir='ltr'><strong>pentem</strong></span> <span class='ocrx_word' id='word_1_579' title='bbox 2192 3866 2244 3918; x_wconf 88' lang='lat' dir='ltr'><strong>in</strong></span> <span class='ocrx_word' id='word_1_580' title='bbox 2289 3866 2534 3929; x_wconf 83' lang='lat' dir='ltr'><strong>deserto‘,</strong></span> <span class='ocrx_word' id='word_1_581' title='bbox 2584 3865 2658 3917; x_wconf 90' lang='lat' dir='ltr'><strong>ita</strong></span> <span class='ocrx_word' id='word_1_582' title='bbox 2707 3864 2933 3917; x_wconf 73' lang='lat' dir='ltr'><strong>exaltari</strong></span> <span class='ocrx_word' id='word_1_583' title='bbox 2972 3873 3171 3931; x_wconf 83' lang='lat' dir='ltr'><strong>Oportet</strong></span> <span class='ocrx_word' id='word_1_584' title='bbox 3212 3862 3415 3916; x_wconf 85' lang='lat' dir='ltr'><strong>Filium</strong></span> <span class='ocrx_word' id='word_1_585' title='bbox 3448 3866 3538 3917; x_wconf 81' lang='lat' dir='ltr'><strong>lto-</strong></span> 
     </span>
    </p>
   </div>
   <div class='ocr_carea' id='block_1_77' title="bbox 282 3955 1853 4028">
    <p class='ocr_par' dir='ltr' id='par_1_77' title="bbox 282 3955 1853 4027">
     <span class='ocr_line' id='line_1_77' title="bbox 282 3955 1853 4027; baseline 0.001 -18"><span class='ocrx_word' id='word_1_586' title='bbox 282 3955 522 4010; x_wconf 70' lang='grc' dir='ltr'>ἑλκύσω</span> <span class='ocrx_word' id='word_1_587' title='bbox 549 3958 695 4025; x_wconf 80' lang='grc' dir='ltr'>πρὸς</span> <span class='ocrx_word' id='word_1_588' title='bbox 718 3959 995 4027; x_wconf 79' lang='grc' dir='ltr'>ἐμαυτόν.</span> <span class='ocrx_word' id='word_1_589' title='bbox 1024 3958 1133 4011; x_wconf 81' lang='lat' dir='ltr'><strong>Kal</strong></span> <span class='ocrx_word' id='word_1_590' title='bbox 1179 3956 1268 4010; x_wconf 84' lang='grc' dir='ltr'>ὅτι</span> <span class='ocrx_word' id='word_1_591' title='bbox 1296 3957 1409 4026; x_wconf 67' lang='grc'>(54)</span> <span class='ocrx_word' id='word_1_592' title='bbox 1449 3957 1648 4026; x_wconf 78' lang='grc' dir='ltr'>ὥσπερ</span> <span class='ocrx_word' id='word_1_593' title='bbox 1694 3962 1853 4011; x_wconf 70' lang='lat' dir='ltr'><strong>Maii)-</strong></span> 
     </span>
    </p>
   </div>
   <div class='ocr_carea' id='block_1_78' title="bbox 1968 3955 3539 4028">
    <p class='ocr_par' dir='ltr' id='par_1_78' title="bbox 1968 3957 3539 4028">
     <span class='ocr_line' id='line_1_78' title="bbox 1968 3957 3539 4028; baseline 0 -17"><span class='ocrx_word' id='word_1_594' title='bbox 1968 3960 2120 4013; x_wconf 84' lang='lat' dir='ltr'><strong>miuis</strong></span> <span class='ocrx_word' id='word_1_595' title='bbox 2143 3960 2196 4010; x_wconf 87' lang='lat' dir='ltr'><strong>in</strong></span> <span class='ocrx_word' id='word_1_596' title='bbox 2235 3967 2377 4012; x_wconf 87' lang='lat' dir='ltr'><strong>terra</strong></span> <span class='ocrx_word' id='word_1_597' title='bbox 2402 3958 2466 4010; x_wconf 76' lang='grc'><strong>’⁸.</strong></span> <span class='ocrx_word' id='word_1_598' title='bbox 2506 3957 2771 4024; x_wconf 87' lang='lat' dir='ltr'><strong>Quoniam</strong></span> <span class='ocrx_word' id='word_1_599' title='bbox 2820 3958 2983 4028; x_wconf 76' lang='lat' dir='ltr'><strong>igitur</strong></span> <span class='ocrx_word' id='word_1_600' title='bbox 3010 3973 3106 4027; x_wconf 92' lang='lat' dir='ltr'><strong>pro</strong></span> <span class='ocrx_word' id='word_1_601' title='bbox 3139 3958 3391 4028; x_wconf 80' lang='lat' dir='ltr'><strong>gentibus</strong></span> <span class='ocrx_word' id='word_1_602' title='bbox 3420 3969 3539 4013; x_wconf 87' lang='lat' dir='ltr'><strong>erat</strong></span> 
     </span>
    </p>
   </div>
   <div class='ocr_carea' id='block_1_79' title="bbox 283 4045 1854 4119">
    <p class='ocr_par' dir='ltr' id='par_1_79' title="bbox 283 4045 1854 4117">
     <span class='ocr_line' id='line_1_79' title="bbox 283 4045 1854 4117; baseline 0.001 -18"><span class='ocrx_word' id='word_1_603' title='bbox 283 4045 405 4115; x_wconf 80' lang='grc' dir='ltr'>σῆς</span> <span class='ocrx_word' id='word_1_604' title='bbox 422 4047 629 4115; x_wconf 71' lang='grc' dir='ltr'>ὕψωσε</span> <span class='ocrx_word' id='word_1_605' title='bbox 651 4047 755 4099; x_wconf 80' lang='grc' dir='ltr'><strong>τόν</strong></span> <span class='ocrx_word' id='word_1_606' title='bbox 779 4048 915 4116; x_wconf 58' lang='grc' dir='ltr'>ὅφιν</span> <span class='ocrx_word' id='word_1_607' title='bbox 933 4049 1001 4100; x_wconf 84' lang='grc' dir='ltr'>ἐν</span> <span class='ocrx_word' id='word_1_608' title='bbox 1040 4046 1111 4115; x_wconf 80' lang='grc' dir='ltr'>τῇ</span> <span class='ocrx_word' id='word_1_609' title='bbox 1136 4047 1354 4116; x_wconf 84' lang='grc' dir='ltr'>ἐρήμῳ,</span> <span class='ocrx_word' id='word_1_610' title='bbox 1387 4049 1541 4102; x_wconf 78' lang='grc' dir='ltr'>οὕτω</span> <span class='ocrx_word' id='word_1_611' title='bbox 1574 4048 1670 4102; x_wconf 86' lang='grc' dir='ltr'>δεῖ</span> <span class='ocrx_word' id='word_1_612' title='bbox 1697 4052 1854 4117; x_wconf 72' lang='grc' dir='ltr'><strong>ὑψω-</strong></span> 
     </span>
    </p>
   </div>
   <div class='ocr_carea' id='block_1_80' title="bbox 1965 4045 3536 4119">
    <p class='ocr_par' dir='ltr' id='par_1_80' title="bbox 1966 4050 3536 4119">
     <span class='ocr_line' id='line_1_80' title="bbox 1966 4050 3536 4119; baseline -0.001 -14"><span class='ocrx_word' id='word_1_613' title='bbox 1966 4054 2017 4105; x_wconf 90' lang='lat' dir='ltr'><strong>in</strong></span> <span class='ocrx_word' id='word_1_614' title='bbox 2048 4065 2266 4106; x_wconf 87' lang='lat' dir='ltr'><strong>crucem</strong></span> <span class='ocrx_word' id='word_1_615' title='bbox 2296 4050 2637 4115; x_wconf 78' lang='lat' dir='ltr'><strong>exaltandus,</strong></span> <span class='ocrx_word' id='word_1_616' title='bbox 2664 4059 2717 4106; x_wconf 85' lang='lat' dir='ltr'><strong>et</strong></span> <span class='ocrx_word' id='word_1_617' title='bbox 2749 4065 2844 4119; x_wconf 86' lang='lat' dir='ltr'><strong>pro</strong></span> <span class='ocrx_word' id='word_1_618' title='bbox 2890 4050 3141 4105; x_wconf 86' lang='lat' dir='ltr'><strong>universa</strong></span> <span class='ocrx_word' id='word_1_619' title='bbox 3177 4063 3322 4104; x_wconf 85' lang='lat' dir='ltr'><strong>terra</strong></span> <span class='ocrx_word' id='word_1_620' title='bbox 3351 4066 3536 4104; x_wconf 88' lang='lat' dir='ltr'><strong>susce-</strong></span> 
     </span>
    </p>
   </div>
   <div class='ocr_carea' id='block_1_81' title="bbox 282 4138 1853 4213">
    <p class='ocr_par' dir='ltr' id='par_1_81' title="bbox 282 4138 1853 4211">
     <span class='ocr_line' id='line_1_81' title="bbox 282 4138 1853 4211; baseline 0 -17"><span class='ocrx_word' id='word_1_621' title='bbox 282 4138 460 4207; x_wconf 83' lang='grc' dir='ltr'>θῆναι</span> <span class='ocrx_word' id='word_1_622' title='bbox 490 4140 594 4193; x_wconf 80' lang='grc' dir='ltr'>τὸν</span> <span class='ocrx_word' id='word_1_623' title='bbox 632 4140 767 4193; x_wconf 81' lang='grc' dir='ltr'><em>Υἱὸν</em></span> <span class='ocrx_word' id='word_1_624' title='bbox 786 4141 889 4193; x_wconf 84' lang='grc' dir='ltr'><strong>τοῦ</strong></span> <span class='ocrx_word' id='word_1_625' title='bbox 921 4140 1232 4208; x_wconf 77' lang='grc' dir='ltr'>ἀνθρώπου</span> <span class='ocrx_word' id='word_1_626' title='bbox 1266 4141 1364 4194; x_wconf 80' lang='grc' dir='ltr'><strong>ἐπὶ</strong></span> <span class='ocrx_word' id='word_1_627' title='bbox 1396 4140 1503 4209; x_wconf 87' lang='grc' dir='ltr'>τῆς</span> <span class='ocrx_word' id='word_1_628' title='bbox 1534 4140 1663 4211; x_wconf 77' lang='grc' dir='ltr'><strong>γῆς.</strong></span> <span class='ocrx_word' id='word_1_629' title='bbox 1706 4142 1853 4194; x_wconf 75' lang='grc' dir='ltr'>Ἐπεὶ</span> 
     </span>
    </p>
   </div>
   <div class='ocr_carea' id='block_1_82' title="bbox 1969 4138 3540 4213">
    <p class='ocr_par' dir='ltr' id='par_1_82' title="bbox 1969 4142 3540 4213">
     <span class='ocr_line' id='line_1_82' title="bbox 1969 4142 3540 4213; baseline 0 -19"><span class='ocrx_word' id='word_1_630' title='bbox 1969 4154 2154 4213; x_wconf 82' lang='lat' dir='ltr'><strong>pturus</strong></span> <span class='ocrx_word' id='word_1_631' title='bbox 2207 4142 2351 4197; x_wconf 90' lang='lat' dir='ltr'><strong>illam</strong></span> <span class='ocrx_word' id='word_1_632' title='bbox 2405 4142 2816 4207; x_wconf 76' lang='lat' dir='ltr'><strong>exultationem,</strong></span> <span class='ocrx_word' id='word_1_633' title='bbox 2856 4153 3139 4211; x_wconf 85' lang='lat' dir='ltr'><strong>propterea</strong></span> <span class='ocrx_word' id='word_1_634' title='bbox 3174 4142 3342 4197; x_wconf 87' lang='lat' dir='ltr'><strong>dicit:</strong></span> <span class='ocrx_word' id='word_1_635' title='bbox 3376 4142 3540 4196; x_wconf 77' lang='lat' dir='ltr'><strong>Exul-</strong></span> 
     </span>
    </p>
   </div>
   <div class='ocr_carea' id='block_1_83' title="bbox 282 4225 1853 4305">
    <p class='ocr_par' dir='ltr' id='par_1_83' title="bbox 282 4225 1853 4303">
     <span class='ocr_line' id='line_1_83' title="bbox 282 4225 1853 4303; baseline 0.003 -21"><span class='ocrx_word' id='word_1_636' title='bbox 282 4225 375 4282; x_wconf 74' lang='grc' dir='ltr'><strong>οὗν</strong></span> <span class='ocrx_word' id='word_1_637' title='bbox 397 4232 534 4301; x_wconf 76' lang='grc' dir='ltr'>ὑπὲρ</span> <span class='ocrx_word' id='word_1_638' title='bbox 556 4230 663 4283; x_wconf 87' lang='grc' dir='ltr'><strong>τῶν</strong></span> <span class='ocrx_word' id='word_1_639' title='bbox 687 4231 853 4283; x_wconf 74' lang='grc' dir='ltr'>ἐθνῶν</span> <span class='ocrx_word' id='word_1_640' title='bbox 886 4230 1106 4301; x_wconf 75' lang='grc' dir='ltr'>ἔμελλεν</span> <span class='ocrx_word' id='word_1_641' title='bbox 1123 4231 1388 4302; x_wconf 72' lang='grc' dir='ltr'>ὑψοῦσθαι</span> <span class='ocrx_word' id='word_1_642' title='bbox 1419 4232 1554 4303; x_wconf 83' lang='grc' dir='ltr'>πρὸς</span> <span class='ocrx_word' id='word_1_643' title='bbox 1580 4232 1669 4287; x_wconf 79' lang='grc' dir='ltr'><strong>τὸν</strong></span> <span class='ocrx_word' id='word_1_644' title='bbox 1698 4250 1853 4287; x_wconf 87' lang='grc' dir='ltr'>σταυ-</span> 
     </span>
    </p>
   </div>
   <div class='ocr_carea' id='block_1_84' title="bbox 1966 4225 3537 4305">
    <p class='ocr_par' dir='ltr' id='par_1_84' title="bbox 1966 4233 3537 4305">
     <span class='ocr_line' id='line_1_84' title="bbox 1966 4233 3537 4305; baseline -0.001 -17"><span class='ocrx_word' id='word_1_645' title='bbox 1966 4236 2115 4288; x_wconf 80' lang='lat' dir='ltr'><strong>labor</strong></span> <span class='ocrx_word' id='word_1_646' title='bbox 2141 4236 2195 4289; x_wconf 87' lang='lat' dir='ltr'><strong>in</strong></span> <span class='ocrx_word' id='word_1_647' title='bbox 2229 4236 2488 4305; x_wconf 87' lang='lat' dir='ltr'><strong>gentibus,</strong></span> <span class='ocrx_word' id='word_1_648' title='bbox 2509 4235 2786 4288; x_wconf 75' lang='lat' dir='ltr'><strong>exaltabor</strong></span> <span class='ocrx_word' id='word_1_649' title='bbox 2824 4236 2878 4288; x_wconf 90' lang='lat' dir='ltr'><strong>in</strong></span> <span class='ocrx_word' id='word_1_650' title='bbox 2909 4243 3072 4288; x_wconf 89' lang='lat' dir='ltr'><strong>terra.</strong></span> <span class='ocrx_word' id='word_1_651' title='bbox 3112 4233 3272 4288; x_wconf 73' lang='lat' dir='ltr'><strong>Vens.</strong></span> <span class='ocrx_word' id='word_1_652' title='bbox 3309 4233 3394 4289; x_wconf 62' lang='grc'><strong>19».</strong></span> <span class='ocrx_word' id='word_1_653' title='bbox 3427 4234 3537 4286; x_wconf 88' lang='lat' dir='ltr'><strong>Do-</strong></span> 
     </span>
    </p>
   </div>
   <div class='ocr_carea' id='block_1_85' title="bbox 286 4320 1857 4394">
    <p class='ocr_par' dir='ltr' id='par_1_85' title="bbox 286 4320 1857 4393">
     <span class='ocr_line' id='line_1_85' title="bbox 286 4320 1857 4393; baseline 0.001 -20"><span class='ocrx_word' id='word_1_654' title='bbox 286 4320 399 4392; x_wconf 81' lang='grc' dir='ltr'>ρδν,</span> <span class='ocrx_word' id='word_1_655' title='bbox 422 4322 515 4373; x_wconf 72' lang='grc' dir='ltr'><strong>καὶ</strong></span> <span class='ocrx_word' id='word_1_656' title='bbox 555 4322 693 4391; x_wconf 86' lang='grc' dir='ltr'>ὑπὲρ</span> <span class='ocrx_word' id='word_1_657' title='bbox 719 4323 896 4391; x_wconf 88' lang='grc' dir='ltr'>πάσης</span> <span class='ocrx_word' id='word_1_658' title='bbox 926 4323 1024 4393; x_wconf 80' lang='grc' dir='ltr'>τῆς</span> <span class='ocrx_word' id='word_1_659' title='bbox 1056 4323 1162 4393; x_wconf 83' lang='grc' dir='ltr'><strong>γῆς</strong></span> <span class='ocrx_word' id='word_1_660' title='bbox 1199 4322 1297 4393; x_wconf 85' lang='grc' dir='ltr'>τὴν</span> <span class='ocrx_word' id='word_1_661' title='bbox 1332 4322 1538 4391; x_wconf 73' lang='grc' dir='ltr'>ὖψωσιν</span> <span class='ocrx_word' id='word_1_662' title='bbox 1567 4324 1857 4393; x_wconf 87' lang='grc' dir='ltr'>καταδέχε-</span> 
     </span>
    </p>
   </div>
   <div class='ocr_carea' id='block_1_86' title="bbox 1969 4320 3540 4394">
    <p class='ocr_par' dir='ltr' id='par_1_86' title="bbox 1969 4323 3540 4394">
     <span class='ocr_line' id='line_1_86' title="bbox 1969 4323 3540 4394; baseline -0.002 -16"><span class='ocrx_word' id='word_1_663' title='bbox 1969 4326 2137 4379; x_wconf 86' lang='lat' dir='ltr'><strong>minus</strong></span> <span class='ocrx_word' id='word_1_664' title='bbox 2168 4326 2419 4380; x_wconf 78' lang='lat' dir='ltr'><strong>virtutum</strong></span> <span class='ocrx_word' id='word_1_665' title='bbox 2449 4326 2736 4386; x_wconf 85' lang='lat' dir='ltr'><strong>nobiscum,</strong></span> <span class='ocrx_word' id='word_1_666' title='bbox 2773 4334 3044 4394; x_wconf 83' lang='lat' dir='ltr'><strong>susceptor</strong></span> <span class='ocrx_word' id='word_1_667' title='bbox 3073 4333 3253 4378; x_wconf 88' lang='lat' dir='ltr'><strong>noster</strong></span> <span class='ocrx_word' id='word_1_668' title='bbox 3286 4325 3423 4378; x_wconf 86' lang='lat' dir='ltr'><strong>Deus</strong></span> <span class='ocrx_word' id='word_1_669' title='bbox 3448 4323 3540 4377; x_wconf 86' lang='lat' dir='ltr'><strong>Ja-</strong></span> 
     </span>
    </p>
   </div>
   <div class='ocr_carea' id='block_1_87' title="bbox 285 4412 1856 4484">
    <p class='ocr_par' dir='ltr' id='par_1_87' title="bbox 285 4412 1856 4484">
     <span class='ocr_line' id='line_1_87' title="bbox 285 4412 1856 4484; baseline 0.003 -19"><span class='ocrx_word' id='word_1_670' title='bbox 285 4412 427 4477; x_wconf 88' lang='grc' dir='ltr'>σθαι,</span> <span class='ocrx_word' id='word_1_671' title='bbox 453 4412 538 4465; x_wconf 81' lang='grc' dir='ltr'>διὰ</span> <span class='ocrx_word' id='word_1_672' title='bbox 566 4413 722 4466; x_wconf 79' lang='grc' dir='ltr'>τοῦτό</span> <span class='ocrx_word' id='word_1_673' title='bbox 745 4431 905 4483; x_wconf 79' lang='grc' dir='ltr'>φησιν</span> <span class='ocrx_word' id='word_1_674' title='bbox 927 4432 939 4445; x_wconf 87' lang='grc'><strong>·</strong></span> <span class='ocrx_word' id='word_1_675' title='bbox 989 4415 1413 4484; x_wconf 71' lang='grc' dir='ltr'>’Υψωθήσομαι</span> <span class='ocrx_word' id='word_1_676' title='bbox 1431 4416 1500 4468; x_wconf 86' lang='grc' dir='ltr'>ἐν</span> <span class='ocrx_word' id='word_1_677' title='bbox 1538 4416 1660 4481; x_wconf 86' lang='grc' dir='ltr'>τοῖς</span> <span class='ocrx_word' id='word_1_678' title='bbox 1691 4416 1856 4470; x_wconf 82' lang='grc' dir='ltr'>ἔθνε-</span> 
     </span>
    </p>
   </div>
   <div class='ocr_carea' id='block_1_88' title="bbox 1965 4412 3536 4484">
    <p class='ocr_par' dir='ltr' id='par_1_88' title="bbox 1965 4417 3536 4482">
     <span class='ocr_line' id='line_1_88' title="bbox 1965 4417 3536 4482; baseline -0.001 -11"><span class='ocrx_word' id='word_1_679' title='bbox 1965 4417 2077 4472; x_wconf 85' lang='lat' dir='ltr'><strong>cob.</strong></span> <span class='ocrx_word' id='word_1_680' title='bbox 2114 4418 2404 4473; x_wconf 81' lang='lat' dir='ltr'><strong>Exsultans</strong></span> <span class='ocrx_word' id='word_1_681' title='bbox 2429 4419 2497 4473; x_wconf 92' lang='lat' dir='ltr'><strong>ob</strong></span> <span class='ocrx_word' id='word_1_682' title='bbox 2528 4418 2619 4472; x_wconf 90' lang='lat' dir='ltr'><strong>Dei</strong></span> <span class='ocrx_word' id='word_1_683' title='bbox 2656 4418 2941 4482; x_wconf 82' lang='lat' dir='ltr'><strong>auxilium,</strong></span> <span class='ocrx_word' id='word_1_684' title='bbox 2962 4418 3043 4471; x_wconf 90' lang='lat' dir='ltr'><strong>bis</strong></span> <span class='ocrx_word' id='word_1_685' title='bbox 3074 4433 3260 4472; x_wconf 88' lang='lat' dir='ltr'><strong>vocem</strong></span> <span class='ocrx_word' id='word_1_686' title='bbox 3294 4419 3536 4472; x_wconf 85' lang='lat' dir='ltr'><strong>eamdem</strong></span> 
     </span>
    </p>
   </div>
   <div class='ocr_carea' id='block_1_89' title="bbox 281 4504 1852 4583">
    <p class='ocr_par' dir='ltr' id='par_1_89' title="bbox 281 4504 1852 4577">
     <span class='ocr_line' id='line_1_89' title="bbox 281 4504 1852 4577; baseline 0.001 -19"><span class='ocrx_word' id='word_1_687' title='bbox 281 4520 405 4568; x_wconf 88' lang='grc' dir='ltr'>σιν,</span> <span class='ocrx_word' id='word_1_688' title='bbox 439 4505 830 4574; x_wconf 70' lang='grc' dir='ltr'>ὑψωθήσομαι</span> <span class='ocrx_word' id='word_1_689' title='bbox 853 4506 922 4558; x_wconf 85' lang='grc' dir='ltr'>ἐν</span> <span class='ocrx_word' id='word_1_690' title='bbox 952 4504 1022 4575; x_wconf 77' lang='grc' dir='ltr'>τῇ</span> <span class='ocrx_word' id='word_1_691' title='bbox 1045 4505 1141 4575; x_wconf 72' lang='grc' dir='ltr'><strong>τῇ.</strong></span> <span class='ocrx_word' id='word_1_692' title='bbox 1169 4508 1383 4574; x_wconf 68' lang='grc' dir='ltr'>Κίιριος</span> <span class='ocrx_word' id='word_1_693' title='bbox 1411 4504 1531 4559; x_wconf 86' lang='grc' dir='ltr'><strong>τῶν</strong></span> <span class='ocrx_word' id='word_1_694' title='bbox 1548 4506 1852 4577; x_wconf 83' lang='grc' dir='ltr'>δυνάμεων</span> 
     </span>
    </p>
   </div>
   <div class='ocr_carea' id='block_1_90' title="bbox 1967 4504 3538 4583">
    <p class='ocr_par' dir='ltr' id='par_1_90' title="bbox 1967 4510 3538 4583">
     <span class='ocr_line' id='line_1_90' title="bbox 1967 4510 3538 4583; baseline -0.003 -16"><span class='ocrx_word' id='word_1_695' title='bbox 1967 4512 2193 4583; x_wconf 86' lang='lat' dir='ltr'><strong>prOlulil.</strong></span> <span class='ocrx_word' id='word_1_696' title='bbox 2226 4533 2236 4565; x_wconf 92' lang='lat'>:</span> <span class='ocrx_word' id='word_1_697' title='bbox 2272 4510 2526 4564; x_wconf 85' lang='lat' dir='ltr'><strong>Dominus</strong></span> <span class='ocrx_word' id='word_1_698' title='bbox 2554 4512 2806 4565; x_wconf 67' lang='lat' dir='ltr'><strong>virtutum</strong></span> <span class='ocrx_word' id='word_1_699' title='bbox 2850 4511 3142 4575; x_wconf 82' lang='lat' dir='ltr'><strong>nobiscum,</strong></span> <span class='ocrx_word' id='word_1_700' title='bbox 3178 4512 3330 4580; x_wconf 86' lang='lat' dir='ltr'><strong>quasi</strong></span> <span class='ocrx_word' id='word_1_701' title='bbox 3373 4513 3538 4566; x_wconf 84' lang='lat' dir='ltr'><strong>insul-</strong></span> 
     </span>
    </p>
   </div>
   <div class='ocr_carea' id='block_1_91' title="bbox 275 4595 1846 4693">
    <p class='ocr_par' dir='ltr' id='par_1_91' title="bbox 275 4595 1846 4667">
     <span class='ocr_line' id='line_1_91' title="bbox 275 4595 1846 4667; baseline 0.003 -18"><span class='ocrx_word' id='word_1_702' title='bbox 275 4596 406 4666; x_wconf 83' lang='grc' dir='ltr'>μεθ’</span> <span class='ocrx_word' id='word_1_703' title='bbox 447 4595 634 4666; x_wconf 74' lang='grc' dir='ltr'>ἡμῶν,</span> <span class='ocrx_word' id='word_1_704' title='bbox 686 4597 1064 4666; x_wconf 76' lang='grc' dir='ltr'>ἀντιλήπτωρ</span> <span class='ocrx_word' id='word_1_705' title='bbox 1120 4598 1290 4667; x_wconf 78' lang='grc' dir='ltr'>ήμῶν</span> <span class='ocrx_word' id='word_1_706' title='bbox 1337 4602 1370 4652; x_wconf 85' lang='grc' dir='ltr'><strong>ό</strong></span> <span class='ocrx_word' id='word_1_707' title='bbox 1436 4598 1580 4665; x_wconf 85' lang='grc' dir='ltr'>Θεὸς</span> <span class='ocrx_word' id='word_1_708' title='bbox 1642 4599 1846 4654; x_wconf 78' lang='grc' dir='ltr'>Ἰακώϐ.</span> 
     </span>
    </p>
   </div>
   <div class='ocr_carea' id='block_1_92' title="bbox 1969 4595 3540 4693">
    <p class='ocr_par' dir='ltr' id='par_1_92' title="bbox 1969 4604 3540 4673">
     <span class='ocr_line' id='line_1_92' title="bbox 1969 4604 3540 4673; baseline 0.001 -16"><span class='ocrx_word' id='word_1_709' title='bbox 1969 4614 2109 4659; x_wconf 89' lang='lat' dir='ltr'><strong>taret</strong></span> <span class='ocrx_word' id='word_1_710' title='bbox 2134 4620 2198 4659; x_wconf 87' lang='lat' dir='ltr'><strong>ac</strong></span> <span class='ocrx_word' id='word_1_711' title='bbox 2230 4604 2477 4659; x_wconf 91' lang='lat' dir='ltr'><strong>insileret</strong></span> <span class='ocrx_word' id='word_1_712' title='bbox 2507 4604 2674 4669; x_wconf 91' lang='lat' dir='ltr'><strong>hosti,</strong></span> <span class='ocrx_word' id='word_1_713' title='bbox 2700 4606 2769 4658; x_wconf 87' lang='lat' dir='ltr'><strong>ob</strong></span> <span class='ocrx_word' id='word_1_714' title='bbox 2796 4604 3095 4673; x_wconf 78' lang='lat' dir='ltr'><strong>perfectam</strong></span> <span class='ocrx_word' id='word_1_715' title='bbox 3141 4620 3306 4673; x_wconf 89' lang='lat' dir='ltr'><strong>quam</strong></span> <span class='ocrx_word' id='word_1_716' title='bbox 3339 4607 3391 4659; x_wconf 92' lang='lat' dir='ltr'><strong>in</strong></span> <span class='ocrx_word' id='word_1_717' title='bbox 3418 4606 3540 4660; x_wconf 59' lang='lat' dir='ltr'><strong>ani-</strong></span> 
     </span>
    </p>
   </div>
   <div class='ocr_carea' id='block_1_93' title="bbox 294 4690 1865 4763">
    <p class='ocr_par' dir='ltr' id='par_1_93' title="bbox 294 4690 1860 4763">
     <span class='ocr_line' id='line_1_93' title="bbox 294 4690 1860 4763; baseline 0.001 -20"><span class='ocrx_word' id='word_1_718' title='bbox 294 4690 760 4761; x_wconf 84' lang='grc' dir='ltr'>Ἐπαγαλλόμενος</span> <span class='ocrx_word' id='word_1_719' title='bbox 784 4694 850 4763; x_wconf 81' lang='grc' dir='ltr'>τῇ</span> <span class='ocrx_word' id='word_1_720' title='bbox 881 4691 973 4744; x_wconf 76' lang='grc' dir='ltr'>τοῦ</span> <span class='ocrx_word' id='word_1_721' title='bbox 1003 4690 1137 4744; x_wconf 86' lang='grc' dir='ltr'><strong>Θεοῦ</strong></span> <span class='ocrx_word' id='word_1_722' title='bbox 1170 4690 1393 4762; x_wconf 83' lang='grc' dir='ltr'>βοηθείᾳ</span> <span class='ocrx_word' id='word_1_723' title='bbox 1413 4732 1426 4755; x_wconf 94' lang='grc'><strong>,</strong></span> <span class='ocrx_word' id='word_1_724' title='bbox 1464 4691 1544 4755; x_wconf 67' lang='grc' dir='ltr'><strong>δὶς</strong></span> <span class='ocrx_word' id='word_1_725' title='bbox 1566 4691 1665 4762; x_wconf 82' lang='grc' dir='ltr'>τὴν</span> <span class='ocrx_word' id='word_1_726' title='bbox 1692 4692 1860 4763; x_wconf 74' lang='grc' dir='ltr'>αὐτὴν</span> 
     </span>
    </p>
   </div>
   <div class='ocr_carea' id='block_1_94' title="bbox 1965 4690 3536 4763">
    <p class='ocr_par' dir='ltr' id='par_1_94' title="bbox 1966 4695 3536 4758">
     <span class='ocr_line' id='line_1_94' title="bbox 1966 4695 3536 4758; baseline -0.001 -7"><span class='ocrx_word' id='word_1_727' title='bbox 1966 4712 2175 4751; x_wconf 86' lang='lat' dir='ltr'><strong>marum</strong></span> <span class='ocrx_word' id='word_1_728' title='bbox 2216 4709 2521 4750; x_wconf 87' lang='lat' dir='ltr'><strong>nostrarum</strong></span> <span class='ocrx_word' id='word_1_729' title='bbox 2574 4695 2913 4752; x_wconf 88' lang='lat' dir='ltr'><strong>Salvatorem</strong></span> <span class='ocrx_word' id='word_1_730' title='bbox 2954 4698 3185 4751; x_wconf 86' lang='lat' dir='ltr'><strong>habebat</strong></span> <span class='ocrx_word' id='word_1_731' title='bbox 3243 4698 3491 4752; x_wconf 85' lang='lat' dir='ltr'><strong>liduciam</strong></span> <span class='ocrx_word' id='word_1_732' title='bbox 3524 4740 3536 4758; x_wconf 83' lang='lat'><strong>,</strong></span> 
     </span>
    </p>
   </div>
   <div class='ocr_carea' id='block_1_95' title="bbox 282 4781 1853 4858">
    <p class='ocr_par' dir='ltr' id='par_1_95' title="bbox 282 4781 1853 4854">
     <span class='ocr_line' id='line_1_95' title="bbox 282 4781 1853 4854; baseline -0.01 -3"><span class='ocrx_word' id='word_1_733' title='bbox 282 4783 467 4853; x_wconf 70' lang='grc' dir='ltr'>φωνὴν</span> <span class='ocrx_word' id='word_1_734' title='bbox 494 4781 745 4852; x_wconf 69' lang='grc' dir='ltr'>ἐξεϐόησε</span> <span class='ocrx_word' id='word_1_735' title='bbox 770 4801 783 4814; x_wconf 86' lang='grc'><em>’</em></span> <span class='ocrx_word' id='word_1_736' title='bbox 812 4785 1023 4853; x_wconf 81' lang='grc' dir='ltr'>Κύριος</span> <span class='ocrx_word' id='word_1_737' title='bbox 1046 4784 1162 4837; x_wconf 85' lang='grc' dir='ltr'><strong>τῶν</strong></span> <span class='ocrx_word' id='word_1_738' title='bbox 1180 4784 1492 4854; x_wconf 83' lang='grc' dir='ltr'>δυνάμεων</span> <span class='ocrx_word' id='word_1_739' title='bbox 1505 4786 1634 4854; x_wconf 78' lang='grc' dir='ltr'>μεθ’</span> <span class='ocrx_word' id='word_1_740' title='bbox 1656 4785 1824 4853; x_wconf 72' lang='grc' dir='ltr'>ἡμῶν</span> <span class='ocrx_word' id='word_1_741' title='bbox 1841 4804 1853 4819; x_wconf 88' lang='grc'><strong>·</strong></span> 
     </span>
    </p>
   </div>
   <div class='ocr_carea' id='block_1_96' title="bbox 1969 4781 3540 4858">
    <p class='ocr_par' dir='ltr' id='par_1_96' title="bbox 1969 4785 3540 4858">
     <span class='ocr_line' id='line_1_96' title="bbox 1969 4785 3540 4858; baseline 0.001 -20"><span class='ocrx_word' id='word_1_742' title='bbox 1969 4788 2128 4858; x_wconf 90' lang='lat' dir='ltr'><strong>quod,</strong></span> <span class='ocrx_word' id='word_1_743' title='bbox 2155 4801 2219 4840; x_wconf 89' lang='lat' dir='ltr'><strong>eo</strong></span> <span class='ocrx_word' id='word_1_744' title='bbox 2240 4785 2487 4854; x_wconf 85' lang='lat' dir='ltr'><strong>juvante,</strong></span> <span class='ocrx_word' id='word_1_745' title='bbox 2517 4786 2646 4839; x_wconf 88' lang='lat' dir='ltr'><strong>nihil</strong></span> <span class='ocrx_word' id='word_1_746' title='bbox 2675 4802 2935 4855; x_wconf 87' lang='lat' dir='ltr'><strong>passurus</strong></span> <span class='ocrx_word' id='word_1_747' title='bbox 2951 4798 3115 4841; x_wconf 87' lang='lat' dir='ltr'><strong>esset.</strong></span> <span class='ocrx_word' id='word_1_748' title='bbox 3152 4787 3213 4842; x_wconf 87' lang='lat' dir='ltr'><strong>Si</strong></span> <span class='ocrx_word' id='word_1_749' title='bbox 3243 4790 3377 4841; x_wconf 85' lang='lat' dir='ltr'><strong>enim</strong></span> <span class='ocrx_word' id='word_1_750' title='bbox 3400 4787 3540 4840; x_wconf 82' lang='lat' dir='ltr'><strong>Deus</strong></span> 
     </span>
    </p>
   </div>
   <div class='ocr_carea' id='block_1_97' title="bbox 278 4874 1849 4950">
    <p class='ocr_par' dir='ltr' id='par_1_97' title="bbox 278 4874 1849 4950">
     <span class='ocr_line' id='line_1_97' title="bbox 278 4874 1849 4950; baseline 0.003 -23"><span class='ocrx_word' id='word_1_751' title='bbox 278 4874 444 4950; x_wconf 68' lang='grc' dir='ltr'>οἱονεὶ</span> <span class='ocrx_word' id='word_1_752' title='bbox 488 4874 832 4945; x_wconf 73' lang='grc' dir='ltr'>ἐπεμϐαίνων</span> <span class='ocrx_word' id='word_1_753' title='bbox 879 4875 972 4928; x_wconf 80' lang='grc' dir='ltr'><strong>καὶ</strong></span> <span class='ocrx_word' id='word_1_754' title='bbox 1011 4876 1363 4948; x_wconf 83' lang='grc' dir='ltr'>ὲναλλόμενος</span> <span class='ocrx_word' id='word_1_755' title='bbox 1406 4876 1484 4947; x_wconf 82' lang='grc' dir='ltr'><strong>τῷ</strong></span> <span class='ocrx_word' id='word_1_756' title='bbox 1534 4876 1747 4949; x_wconf 76' lang='grc' dir='ltr'>ἐχθρῷ,</span> <span class='ocrx_word' id='word_1_757' title='bbox 1772 4878 1849 4932; x_wconf 70' lang='grc' dir='ltr'>διὰ</span> 
     </span>
    </p>
   </div>
   <div class='ocr_carea' id='block_1_98' title="bbox 1971 4874 3542 4950">
    <p class='ocr_par' dir='ltr' id='par_1_98' title="bbox 1971 4875 3542 4945">
     <span class='ocr_line' id='line_1_98' title="bbox 1971 4875 3542 4945; baseline -0.003 -15"><span class='ocrx_word' id='word_1_758' title='bbox 1971 4894 2058 4944; x_wconf 88' lang='lat' dir='ltr'><strong>pro</strong></span> <span class='ocrx_word' id='word_1_759' title='bbox 2097 4878 2266 4944; x_wconf 86' lang='lat' dir='ltr'><strong>nobis,</strong></span> <span class='ocrx_word' id='word_1_760' title='bbox 2323 4879 2438 4945; x_wconf 89' lang='lat' dir='ltr'><strong>quis</strong></span> <span class='ocrx_word' id='word_1_761' title='bbox 2475 4887 2658 4928; x_wconf 78' lang='lat' dir='ltr'><strong>eontra</strong></span> <span class='ocrx_word' id='word_1_762' title='bbox 2697 4893 2791 4929; x_wconf 85' lang='lat' dir='ltr'><strong>nos</strong></span> <span class='ocrx_word' id='word_1_763' title='bbox 2832 4876 2920 4928; x_wconf 68' lang='lat'><strong>’9?</strong></span> <span class='ocrx_word' id='word_1_764' title='bbox 2954 4876 3053 4941; x_wconf 82' lang='lat' dir='ltr'><strong>Qui</strong></span> <span class='ocrx_word' id='word_1_765' title='bbox 3084 4875 3249 4930; x_wconf 82' lang='lat' dir='ltr'><strong>Jaeob</strong></span> <span class='ocrx_word' id='word_1_766' title='bbox 3273 4876 3422 4930; x_wconf 83' lang='lat' dir='ltr'><strong>dedit</strong></span> <span class='ocrx_word' id='word_1_767' title='bbox 3463 4876 3542 4926; x_wconf 86' lang='lat' dir='ltr'><strong>vi-</strong></span> 
     </span>
    </p>
   </div>
   <div class='ocr_carea' id='block_1_99' title="bbox 278 4965 1849 5040">
    <p class='ocr_par' dir='ltr' id='par_1_99' title="bbox 278 4965 1849 5040">
     <span class='ocr_line' id='line_1_99' title="bbox 278 4965 1849 5040; baseline 0.001 -20"><span class='ocrx_word' id='word_1_768' title='bbox 278 4968 378 5037; x_wconf 84' lang='grc' dir='ltr'><strong>τὴν</strong></span> <span class='ocrx_word' id='word_1_769' title='bbox 405 4965 612 5019; x_wconf 87' lang='grc' dir='ltr'>τελείαν</span> <span class='ocrx_word' id='word_1_770' title='bbox 636 4965 729 5020; x_wconf 74' lang='grc' dir='ltr'>ἐπὶ</span> <span class='ocrx_word' id='word_1_771' title='bbox 760 4966 850 5019; x_wconf 81' lang='grc' dir='ltr'><strong>τὸν</strong></span> <span class='ocrx_word' id='word_1_772' title='bbox 874 4967 1100 5038; x_wconf 82' lang='grc' dir='ltr'>Σωτῆρα</span> <span class='ocrx_word' id='word_1_773' title='bbox 1131 4967 1239 5021; x_wconf 86' lang='grc' dir='ltr'><strong>τῶν</strong></span> <span class='ocrx_word' id='word_1_774' title='bbox 1273 4968 1460 5039; x_wconf 77' lang='grc' dir='ltr'>ψυχῶν</span> <span class='ocrx_word' id='word_1_775' title='bbox 1486 4969 1642 5040; x_wconf 79' lang='grc' dir='ltr'>ἡμῶν</span> <span class='ocrx_word' id='word_1_776' title='bbox 1668 4970 1849 5023; x_wconf 80' lang='grc' dir='ltr'>πεποί·</span> 
     </span>
    </p>
   </div>
   <div class='ocr_carea' id='block_1_100' title="bbox 1967 4965 3538 5040">
    <p class='ocr_par' dir='ltr' id='par_1_100' title="bbox 1967 4967 3538 5037">
     <span class='ocr_line' id='line_1_100' title="bbox 1967 4967 3538 5037; baseline -0.001 -14"><span class='ocrx_word' id='word_1_777' title='bbox 1967 4970 2213 5031; x_wconf 87' lang='lat' dir='ltr'><strong>ctoriam,</strong></span> <span class='ocrx_word' id='word_1_778' title='bbox 2246 4984 2309 5022; x_wconf 89' lang='lat' dir='ltr'><strong>ae</strong></span> <span class='ocrx_word' id='word_1_779' title='bbox 2332 4978 2453 5037; x_wconf 87' lang='lat' dir='ltr'><strong>post</strong></span> <span class='ocrx_word' id='word_1_780' title='bbox 2480 4968 2678 5021; x_wconf 85' lang='lat' dir='ltr'><strong>luctam</strong></span> <span class='ocrx_word' id='word_1_781' title='bbox 2721 4970 2896 5037; x_wconf 88' lang='lat' dir='ltr'><strong>ipsum</strong></span> <span class='ocrx_word' id='word_1_782' title='bbox 2926 4967 3088 5023; x_wconf 86' lang='lat' dir='ltr'><strong>Israel</strong></span> <span class='ocrx_word' id='word_1_783' title='bbox 3129 4969 3432 5037; x_wconf 81' lang='lat' dir='ltr'><strong>designavit</strong></span> <span class='ocrx_word' id='word_1_784' title='bbox 3472 4968 3538 5029; x_wconf 79' lang='grc' dir='ltr'>³ο,</span> 
     </span>
    </p>
   </div>
   <div class='ocr_carea' id='block_1_101' title="bbox 279 5058 1850 5132">
    <p class='ocr_par' dir='ltr' id='par_1_101' title="bbox 279 5058 1850 5132">
     <span class='ocr_line' id='line_1_101' title="bbox 279 5058 1850 5132; baseline 0.002 -22"><span class='ocrx_word' id='word_1_785' title='bbox 279 5058 458 5129; x_wconf 84' lang='grc' dir='ltr'>θησιν,</span> <span class='ocrx_word' id='word_1_786' title='bbox 498 5059 573 5121; x_wconf 82' lang='grc' dir='ltr'>ὠς</span> <span class='ocrx_word' id='word_1_787' title='bbox 600 5059 751 5112; x_wconf 75' lang='grc' dir='ltr'>οὐδὲν</span> <span class='ocrx_word' id='word_1_788' title='bbox 780 5059 1104 5131; x_wconf 85' lang='grc' dir='ltr'>πεισόμενος</span> <span class='ocrx_word' id='word_1_789' title='bbox 1132 5062 1263 5132; x_wconf 84' lang='grc' dir='ltr'>παρ’</span> <span class='ocrx_word' id='word_1_790' title='bbox 1292 5061 1457 5115; x_wconf 78' lang='grc' dir='ltr'>αὑτοῦ</span> <span class='ocrx_word' id='word_1_791' title='bbox 1485 5061 1615 5131; x_wconf 79' lang='grc'>(55).</span> <span class='ocrx_word' id='word_1_792' title='bbox 1651 5063 1721 5113; x_wconf 86' lang='lat' dir='ltr'><strong>El</strong></span> <span class='ocrx_word' id='word_1_793' title='bbox 1749 5061 1850 5130; x_wconf 66' lang='grc' dir='ltr'>γὰρ</span> 
     </span>
    </p>
   </div>
   <div class='ocr_carea' id='block_1_102' title="bbox 1969 5058 3540 5132">
    <p class='ocr_par' dir='ltr' id='par_1_102' title="bbox 1969 5061 3540 5132">
     <span class='ocr_line' id='line_1_102' title="bbox 1969 5061 3540 5132; baseline -0.002 -16"><span class='ocrx_word' id='word_1_794' title='bbox 1969 5063 2052 5117; x_wconf 89' lang='lat' dir='ltr'><strong>hic</strong></span> <span class='ocrx_word' id='word_1_795' title='bbox 2082 5074 2168 5117; x_wconf 91' lang='lat' dir='ltr'><strong>est</strong></span> <span class='ocrx_word' id='word_1_796' title='bbox 2200 5072 2481 5128; x_wconf 87' lang='lat' dir='ltr'><strong>susceptor</strong></span> <span class='ocrx_word' id='word_1_797' title='bbox 2506 5071 2724 5127; x_wconf 90' lang='lat' dir='ltr'><strong>noster;</strong></span> <span class='ocrx_word' id='word_1_798' title='bbox 2752 5064 2865 5131; x_wconf 86' lang='lat' dir='ltr'><strong>ipse</strong></span> <span class='ocrx_word' id='word_1_799' title='bbox 2892 5077 2989 5130; x_wconf 92' lang='lat' dir='ltr'><strong>pro</strong></span> <span class='ocrx_word' id='word_1_800' title='bbox 3010 5063 3166 5117; x_wconf 89' lang='lat' dir='ltr'><strong>nobis</strong></span> <span class='ocrx_word' id='word_1_801' title='bbox 3189 5074 3411 5132; x_wconf 82' lang='lat' dir='ltr'><strong>pugnat.</strong></span> <span class='ocrx_word' id='word_1_802' title='bbox 3436 5061 3540 5113; x_wconf 80' lang='lat' dir='ltr'><strong>Nos</strong></span> 
     </span>
    </p>
   </div>
   <div class='ocr_carea' id='block_1_103' title="bbox 279 5151 1850 5227">
    <p class='ocr_par' dir='ltr' id='par_1_103' title="bbox 279 5151 1850 5227">
     <span class='ocr_line' id='line_1_103' title="bbox 279 5151 1850 5227; baseline 0.002 -23"><span class='ocrx_word' id='word_1_803' title='bbox 279 5154 313 5204; x_wconf 80' lang='grc' dir='ltr'><em>ὁ</em></span> <span class='ocrx_word' id='word_1_804' title='bbox 344 5151 479 5217; x_wconf 81' lang='grc' dir='ltr'>Θεὸς</span> <span class='ocrx_word' id='word_1_805' title='bbox 509 5152 661 5221; x_wconf 77' lang='grc' dir='ltr'>ὑπὲρ</span> <span class='ocrx_word' id='word_1_806' title='bbox 687 5153 877 5222; x_wconf 77' lang='grc' dir='ltr'>ἡμῶν,</span> <span class='ocrx_word' id='word_1_807' title='bbox 904 5155 997 5221; x_wconf 81' lang='grc' dir='ltr'><strong>τίς</strong></span> <span class='ocrx_word' id='word_1_808' title='bbox 1026 5156 1153 5209; x_wconf 82' lang='grc' dir='ltr'>καθ’</span> <span class='ocrx_word' id='word_1_809' title='bbox 1194 5153 1401 5224; x_wconf 75' lang='grc' dir='ltr'>ἡμῶν;</span> <span class='ocrx_word' id='word_1_810' title='bbox 1457 5157 1512 5210; x_wconf 86' lang='lat'><strong>&#39;0</strong></span> <span class='ocrx_word' id='word_1_811' title='bbox 1540 5156 1617 5227; x_wconf 84' lang='grc' dir='ltr'><strong>τῷ</strong></span> <span class='ocrx_word' id='word_1_812' title='bbox 1663 5155 1850 5209; x_wconf 71' lang='grc' dir='ltr'>Ἰακὼϐ</span> 
     </span>
    </p>
   </div>
   <div class='ocr_carea' id='block_1_104' title="bbox 1965 5151 3536 5227">
    <p class='ocr_par' dir='ltr' id='par_1_104' title="bbox 1966 5154 3536 5224">
     <span class='ocr_line' id='line_1_104' title="bbox 1966 5154 3536 5224; baseline -0.003 -16"><span class='ocrx_word' id='word_1_813' title='bbox 1966 5165 2145 5210; x_wconf 89' lang='lat' dir='ltr'><strong>autem</strong></span> <span class='ocrx_word' id='word_1_814' title='bbox 2200 5156 2564 5222; x_wconf 85' lang='lat' dir='ltr'><strong>quiescamus,</strong></span> <span class='ocrx_word' id='word_1_815' title='bbox 2599 5156 2742 5224; x_wconf 91' lang='lat' dir='ltr'><strong>quod</strong></span> <span class='ocrx_word' id='word_1_816' title='bbox 2778 5154 2901 5223; x_wconf 88' lang='lat' dir='ltr'><strong>Ipse</strong></span> <span class='ocrx_word' id='word_1_817' title='bbox 2942 5164 3018 5208; x_wconf 88' lang='lat' dir='ltr'><strong>est</strong></span> <span class='ocrx_word' id='word_1_818' title='bbox 3073 5173 3177 5223; x_wconf 82' lang='lat' dir='ltr'><strong>pax</strong></span> <span class='ocrx_word' id='word_1_819' title='bbox 3214 5170 3413 5213; x_wconf 79' lang='lat' dir='ltr'><strong>nostra,</strong></span> <span class='ocrx_word' id='word_1_820' title='bbox 3449 5156 3536 5219; x_wconf 78' lang='lat' dir='ltr'><strong>qui</strong></span> 
     </span>
    </p>
   </div>
   <div class='ocr_carea' id='block_1_105' title="bbox 352 5304 1923 5398">
    <p class='ocr_par' dir='ltr' id='par_1_105' title="bbox 352 5304 1923 5397">
     <span class='ocr_line' id='line_1_105' title="bbox 352 5304 1923 5397; baseline 0.001 -12"><span class='ocrx_word' id='word_1_821' title='bbox 352 5334 396 5364; x_wconf 80' lang='grc'><strong>’³</strong></span> <span class='ocrx_word' id='word_1_822' title='bbox 440 5332 607 5387; x_wconf 77' lang='lat' dir='ltr'><strong>Exod.</strong></span> <span class='ocrx_word' id='word_1_823' title='bbox 644 5349 694 5393; x_wconf 83' lang='grc' dir='ltr'><strong>ν,</strong></span> <span class='ocrx_word' id='word_1_824' title='bbox 728 5335 814 5386; x_wconf 80' lang='grc'><strong>17.</strong></span> <span class='ocrx_word' id='word_1_825' title='bbox 931 5336 976 5366; x_wconf 66' lang='grc'>³⁸</span> <span class='ocrx_word' id='word_1_826' title='bbox 1018 5336 1138 5388; x_wconf 81' lang='lat' dir='ltr'><strong>Act.</strong></span> <span class='ocrx_word' id='word_1_827' title='bbox 1190 5350 1323 5397; x_wconf 81' lang='lat' dir='ltr'><strong>ml,</strong></span> <span class='ocrx_word' id='word_1_828' title='bbox 1376 5334 1465 5387; x_wconf 71' lang='lat' dir='ltr'><strong>2L</strong></span> <span class='ocrx_word' id='word_1_829' title='bbox 1586 5335 1629 5364; x_wconf 76' lang='grc'><strong>’⁸</strong></span> <span class='ocrx_word' id='word_1_830' title='bbox 1666 5333 1855 5386; x_wconf 76' lang='lat' dir='ltr'><strong>Matth.</strong></span> 
     </span>
    </p>
   </div>
   <div class='ocr_carea' id='block_1_106' title="bbox 1960 5304 3531 5398">
    <p class='ocr_par' dir='ltr' id='par_1_106' title="bbox 1966 5328 3531 5398">
     <span class='ocr_line' id='line_1_106' title="bbox 1966 5328 3531 5398; baseline -0.003 -13"><span class='ocrx_word' id='word_1_831' title='bbox 1966 5351 2014 5395; x_wconf 90' lang='grc' dir='ltr'><strong>ι,</strong></span> <span class='ocrx_word' id='word_1_832' title='bbox 2066 5334 2155 5393; x_wconf 66' lang='grc'><strong>45,</strong></span> <span class='ocrx_word' id='word_1_833' title='bbox 2210 5334 2298 5389; x_wconf 65' lang='grc'><strong>44,</strong></span> <span class='ocrx_word' id='word_1_834' title='bbox 2406 5334 2449 5361; x_wconf 74' lang='grc'><strong>’⁸</strong></span> <span class='ocrx_word' id='word_1_835' title='bbox 2482 5332 2607 5387; x_wconf 89' lang='lat' dir='ltr'><strong>Luc.</strong></span> <span class='ocrx_word' id='word_1_836' title='bbox 2654 5348 2764 5398; x_wconf 79' lang='lat' dir='ltr'><strong>xw,</strong></span> <span class='ocrx_word' id='word_1_837' title='bbox 2797 5334 2883 5387; x_wconf 78' lang='grc'><strong>55.</strong></span> <span class='ocrx_word' id='word_1_838' title='bbox 2992 5334 3035 5361; x_wconf 76' lang='grc'><strong>’⁷</strong></span> <span class='ocrx_word' id='word_1_839' title='bbox 3087 5337 3241 5382; x_wconf 79' lang='lat' dir='ltr'><strong>Joau.</strong></span> <span class='ocrx_word' id='word_1_840' title='bbox 3300 5343 3412 5388; x_wconf 74' lang='lat' dir='ltr'><strong>xu,</strong></span> <span class='ocrx_word' id='word_1_841' title='bbox 3446 5328 3531 5380; x_wconf 72' lang='grc'><strong>52.</strong></span> 
     </span>
    </p>
   </div>
   <div class='ocr_carea' id='block_1_107' title="bbox 284 5403 1997 5472">
    <p class='ocr_par' dir='ltr' id='par_1_107' title="bbox 284 5403 1997 5472">
     <span class='ocr_line' id='line_1_107' title="bbox 284 5403 1997 5472; baseline -0.001 -13"><span class='ocrx_word' id='word_1_842' title='bbox 284 5405 329 5436; x_wconf 78' lang='grc'><strong>’⁸</strong></span> <span class='ocrx_word' id='word_1_843' title='bbox 360 5406 514 5459; x_wconf 81' lang='lat' dir='ltr'><strong>Joan.</strong></span> <span class='ocrx_word' id='word_1_844' title='bbox 544 5420 625 5470; x_wconf 87' lang='grc' dir='ltr'>ιιι,</span> <span class='ocrx_word' id='word_1_845' title='bbox 657 5403 745 5461; x_wconf 78' lang='lat' dir='ltr'><strong>M.</strong></span> <span class='ocrx_word' id='word_1_846' title='bbox 823 5406 867 5436; x_wconf 85' lang='grc'><strong>¹⁹</strong></span> <span class='ocrx_word' id='word_1_847' title='bbox 910 5403 1065 5460; x_wconf 79' lang='lat' dir='ltr'><strong>Rom.</strong></span> <span class='ocrx_word' id='word_1_848' title='bbox 1102 5421 1217 5472; x_wconf 82' lang='grc' dir='ltr'>νιιι,</span> <span class='ocrx_word' id='word_1_849' title='bbox 1256 5405 1345 5461; x_wconf 78' lang='grc'><strong>51.</strong></span> <span class='ocrx_word' id='word_1_850' title='bbox 1421 5405 1465 5435; x_wconf 82' lang='grc' dir='ltr'><strong>³ο</strong></span> <span class='ocrx_word' id='word_1_851' title='bbox 1504 5403 1640 5460; x_wconf 89' lang='lat' dir='ltr'><strong>Gen.</strong></span> <span class='ocrx_word' id='word_1_852' title='bbox 1676 5420 1848 5469; x_wconf 78' lang='lat' dir='ltr'><strong>xxx&quot;,</strong></span> <span class='ocrx_word' id='word_1_853' title='bbox 1905 5405 1997 5458; x_wconf 74' lang='lat'><strong>‘28.</strong></span> 
     </span>
    </p>
   </div>
   <div class='ocr_carea' id='block_1_108' title="bbox 352 5567 3538 5649">
    <p class='ocr_par' dir='ltr' id='par_1_108' title="bbox 352 5567 3538 5649">
     <span class='ocr_line' id='line_1_108' title="bbox 352 5567 3538 5649; baseline -0.005 -15"><span class='ocrx_word' id='word_1_854' title='bbox 352 5579 466 5649; x_wconf 82' lang='lat'><strong>(50)</strong></span> <span class='ocrx_word' id='word_1_855' title='bbox 502 5577 583 5649; x_wconf 66' lang='lat' dir='ltr'><strong>ita</strong></span> <span class='ocrx_word' id='word_1_856' title='bbox 612 5593 746 5635; x_wconf 86' lang='lat' dir='ltr'><strong>mss.</strong></span> <span class='ocrx_word' id='word_1_857' title='bbox 775 5579 1035 5649; x_wconf 87' lang='lat' dir='ltr'><strong>quinque.</strong></span> <span class='ocrx_word' id='word_1_858' title='bbox 1070 5580 1231 5636; x_wconf 84' lang='lat' dir='ltr'><strong>Deest</strong></span> <span class='ocrx_word' id='word_1_859' title='bbox 1267 5580 1323 5635; x_wconf 80' lang='grc' dir='ltr'><strong>δέ</strong></span> <span class='ocrx_word' id='word_1_860' title='bbox 1352 5580 1405 5635; x_wconf 92' lang='lat' dir='ltr'><strong>in</strong></span> <span class='ocrx_word' id='word_1_861' title='bbox 1437 5590 1621 5636; x_wconf 82' lang='lat' dir='ltr'><strong>emus.</strong></span> <span class='ocrx_word' id='word_1_862' title='bbox 2065 5576 2279 5649; x_wconf 14' lang='lat' dir='ltr'><strong>55)7Sic</strong></span> <span class='ocrx_word' id='word_1_863' title='bbox 2302 5585 2506 5649; x_wconf 89' lang='lat' dir='ltr'><strong>septem</strong></span> <span class='ocrx_word' id='word_1_864' title='bbox 2542 5592 2674 5649; x_wconf 72' lang='lat' dir='ltr'><strong>mss.</strong></span> <span class='ocrx_word' id='word_1_865' title='bbox 2700 5592 2823 5649; x_wconf 80' lang='lat' dir='ltr'><strong>cum</strong></span> <span class='ocrx_word' id='word_1_866' title='bbox 2873 5572 3113 5649; x_wconf 79' lang='lat' dir='ltr'><strong>editione</strong></span> <span class='ocrx_word' id='word_1_867' title='bbox 3137 5569 3303 5649; x_wconf 82' lang='lat' dir='ltr'><strong>_Basil.</strong></span> <span class='ocrx_word' id='word_1_868' title='bbox 3334 5569 3395 5621; x_wconf 85' lang='lat' dir='ltr'><strong>At</strong></span> <span class='ocrx_word' id='word_1_869' title='bbox 3422 5567 3538 5619; x_wconf 84' lang='lat' dir='ltr'><strong>edi-</strong></span> 
     </span>
    </p>
   </div>
   <div class='ocr_carea' id='block_1_109' title="bbox 352 5641 1923 5723">
    <p class='ocr_par' dir='ltr' id='par_1_109' title="bbox 352 5641 1857 5723">
     <span class='ocr_line' id='line_1_109' title="bbox 352 5641 1857 5723; baseline 0.002 -20"><span class='ocrx_word' id='word_1_870' title='bbox 352 5641 464 5721; x_wconf 79' lang='grc'>(51)</span> <span class='ocrx_word' id='word_1_871' title='bbox 497 5648 693 5723; x_wconf 74' lang='lat' dir='ltr'><strong>_N_ostra</strong></span> <span class='ocrx_word' id='word_1_872' title='bbox 728 5641 893 5705; x_wconf 78' lang='lat' dir='ltr'><strong>editio</strong></span> <span class='ocrx_word' id='word_1_873' title='bbox 926 5641 1106 5723; x_wconf 48' lang='lat' dir='ltr'><strong>Paris.</strong></span> <span class='ocrx_word' id='word_1_874' title='bbox 1132 5650 1580 5723; x_wconf 78' lang='grc' dir='ltr'>προσευξώμεθα.</span> <span class='ocrx_word' id='word_1_875' title='bbox 1615 5653 1685 5723; x_wconf 79' lang='lat' dir='ltr'><strong>At</strong></span> <span class='ocrx_word' id='word_1_876' title='bbox 1723 5666 1857 5723; x_wconf 83' lang='lat' dir='ltr'><strong>mss.</strong></span> 
     </span>
    </p>
   </div>
   <div class='ocr_carea' id='block_1_110' title="bbox 1753 5641 3324 5723">
    <p class='ocr_par' dir='ltr' id='par_1_110' title="bbox 1753 5641 3324 5723">
     <span class='ocr_line' id='line_1_110' title="bbox 1753 5641 3324 5723; baseline -0.008 -19"><span class='ocrx_word' id='word_1_877' title='bbox 1753 5666 1857 5723; x_wconf 70' lang='lat' dir='ltr'><strong>ass.</strong></span> <span class='ocrx_word' id='word_1_878' title='bbox 1960 5641 2236 5723; x_wconf 40' lang='lat' dir='ltr'><strong>tiouParis.</strong></span> <span class='ocrx_word' id='word_1_879' title='bbox 2273 5641 2587 5719; x_wconf 78' lang='grc' dir='ltr'>ἐγγένηται.</span> <span class='ocrx_word' id='word_1_880' title='bbox 2619 5647 2773 5723; x_wconf 70' lang='lat' dir='ltr'><strong>Qolb.</strong></span> <span class='ocrx_word' id='word_1_881' title='bbox 2805 5654 2992 5723; x_wconf 78' lang='lat' dir='ltr'><strong>s_ext_us</strong></span> <span class='ocrx_word' id='word_1_882' title='bbox 3021 5641 3324 5723; x_wconf 56' lang='grc' dir='ltr'>ἐγγένεται,</span> 
     </span>
    </p>
   </div>
   <div class='ocr_carea' id='block_1_111' title="bbox 277 5706 1848 5791">
    <p class='ocr_par' dir='ltr' id='par_1_111' title="bbox 277 5706 1848 5791">
     <span class='ocr_line' id='line_1_111' title="bbox 277 5706 1848 5791; baseline 0.002 -19"><span class='ocrx_word' id='word_1_883' title='bbox 277 5706 717 5791; x_wconf 54' lang='grc' dir='ltr'>προσευξόμεθα.</span> <span class='ocrx_word' id='word_1_884' title='bbox 758 5722 936 5791; x_wconf 78' lang='lat' dir='ltr'><strong>-_Apud</strong></span> <span class='ocrx_word' id='word_1_885' title='bbox 963 5706 1108 5791; x_wconf 60' lang='lat' dir='ltr'><strong>LXX</strong></span> <span class='ocrx_word' id='word_1_886' title='bbox 1143 5706 1215 5776; x_wconf 63' lang='lat' dir='ltr'><strong>ila</strong></span> <span class='ocrx_word' id='word_1_887' title='bbox 1254 5706 1449 5791; x_wconf 48' lang='lat' dir='ltr'><strong>legi&#39;tu&#39;r</strong></span> <span class='ocrx_word' id='word_1_888' title='bbox 1487 5741 1501 5775; x_wconf 89' lang='lat'><strong>:</strong></span> <span class='ocrx_word' id='word_1_889' title='bbox 1562 5722 1659 5775; x_wconf 84' lang='lat' dir='ltr'><strong>Atd</strong></span> <span class='ocrx_word' id='word_1_890' title='bbox 1703 5706 1848 5775; x_wconf 56' lang='lat'><strong>“£051:</strong></span> 
     </span>
    </p>
   </div>
   <div class='ocr_carea' id='block_1_112' title="bbox 1963 5706 3534 5791">
    <p class='ocr_par' dir='ltr' id='par_1_112' title="bbox 2029 5706 3534 5791">
     <span class='ocr_line' id='line_1_112' title="bbox 2029 5706 3534 5791; baseline -0.007 -19"><span class='ocrx_word' id='word_1_891' title='bbox 2029 5717 2142 5789; x_wconf 65' lang='lat'><strong>(54)</strong></span> <span class='ocrx_word' id='word_1_892' title='bbox 2174 5716 2250 5791; x_wconf 75' lang='lat' dir='ltr'><strong>Ita</strong></span> <span class='ocrx_word' id='word_1_893' title='bbox 2267 5706 2471 5791; x_wconf 74' lang='lat' dir='ltr'><strong>septeni</strong></span> <span class='ocrx_word' id='word_1_894' title='bbox 2484 5734 2619 5791; x_wconf 79' lang='lat' dir='ltr'><strong>mss.</strong></span> <span class='ocrx_word' id='word_1_895' title='bbox 2638 5714 2898 5791; x_wconf 59' lang='lat' dir='ltr'><strong>Deestfi&#39;rt</strong></span> <span class='ocrx_word' id='word_1_896' title='bbox 2915 5715 2967 5791; x_wconf 78' lang='lat' dir='ltr'><strong>in</strong></span> <span class='ocrx_word' id='word_1_897' title='bbox 2987 5706 3174 5791; x_wconf 73' lang='lat' dir='ltr'><strong>editis.</strong></span> <span class='ocrx_word' id='word_1_898' title='bbox 3195 5713 3387 5764; x_wconf 85' lang='lat' dir='ltr'><strong>Statim</strong></span> <span class='ocrx_word' id='word_1_899' title='bbox 3407 5726 3534 5763; x_wconf 78' lang='lat' dir='ltr'><strong>mss.</strong></span> 
     </span>
    </p>
   </div>
   <div class='ocr_carea' id='block_1_113' title="bbox 277 5785 1848 5871">
    <p class='ocr_par' dir='ltr' id='par_1_113' title="bbox 277 5785 1848 5871">
     <span class='ocr_line' id='line_1_113' title="bbox 277 5785 1848 5871; baseline 0.003 -28"><span class='ocrx_word' id='word_1_900' title='bbox 277 5785 469 5858; x_wconf 77' lang='grc' dir='ltr'>λέγετε</span> <span class='ocrx_word' id='word_1_901' title='bbox 489 5785 927 5871; x_wconf 25' lang='grc' dir='ltr'>·ζ.ῌορευθ,ῶμεν,</span> <span class='ocrx_word' id='word_1_902' title='bbox 953 5789 1207 5871; x_wconf 60' lang='grc' dir='ltr'>θύσωμεν</span> <span class='ocrx_word' id='word_1_903' title='bbox 1239 5785 1333 5862; x_wconf 63' lang='grc' dir='ltr'><strong>τῷ”</strong></span> <span class='ocrx_word' id='word_1_904' title='bbox 1346 5792 1463 5871; x_wconf 68' lang='grc' dir='ltr'><strong>Θεῷ</strong></span> <span class='ocrx_word' id='word_1_905' title='bbox 1503 5792 1678 5863; x_wconf 83' lang='grc' dir='ltr'>ἡμῶν.</span> <span class='ocrx_word' id='word_1_906' title='bbox 1726 5791 1848 5847; x_wconf 85' lang='lat' dir='ltr'><strong>Pro-</strong></span> 
     </span>
    </p>
   </div>
   <div class='ocr_carea' id='block_1_114' title="bbox 1713 5785 3284 5871">
    <p class='ocr_par' dir='ltr' id='par_1_114' title="bbox 1726 5785 3284 5871">
     <span class='ocr_line' id='line_1_114' title="bbox 1726 5785 3284 5871; baseline -0.005 -26"><span class='ocrx_word' id='word_1_907' title='bbox 1726 5791 1856 5847; x_wconf 85' lang='lat' dir='ltr'><strong>Pro-</strong></span> <span class='ocrx_word' id='word_1_908' title='bbox 1962 5785 2154 5871; x_wconf 33' lang='lat' dir='ltr'><strong>nonem</strong></span> <span class='ocrx_word' id='word_1_909' title='bbox 2184 5787 2292 5871; x_wconf 68' lang='grc' dir='ltr'><strong>τῶν</strong></span> <span class='ocrx_word' id='word_1_910' title='bbox 2326 5786 2650 5871; x_wconf 72' lang='grc' dir='ltr'>ἀνθρώπων.</span> <span class='ocrx_word' id='word_1_911' title='bbox 2681 5802 2775 5871; x_wconf 67' lang='grc' dir='ltr'>ητα</span> <span class='ocrx_word' id='word_1_912' title='bbox 2803 5785 3116 5871; x_wconf 72' lang='lat' dir='ltr'><strong>hominibus.</strong></span> <span class='ocrx_word' id='word_1_913' title='bbox 3159 5856 3170 5866; x_wconf 33' lang='lat'><strong>‘</strong></span> <span class='ocrx_word' id='word_1_914' title='bbox 3262 5850 3284 5859; x_wconf 47' lang='lat'><strong>-</strong></span> 
     </span>
    </p>
   </div>
   <div class='ocr_carea' id='block_1_115' title="bbox 282 5849 1853 5930">
    <p class='ocr_par' dir='ltr' id='par_1_115' title="bbox 282 5849 1713 5930">
     <span class='ocr_line' id='line_1_115' title="bbox 282 5849 1713 5930; baseline 0.005 -16"><span class='ocrx_word' id='word_1_915' title='bbox 282 5849 457 5930; x_wconf 60' lang='lat' dir='ltr'><strong>ptirea</strong></span> <span class='ocrx_word' id='word_1_916' title='bbox 486 5849 661 5915; x_wconf 76' lang='lat' dir='ltr'><strong>dicitis</strong></span> <span class='ocrx_word' id='word_1_917' title='bbox 684 5874 703 5913; x_wconf 88' lang='lat'><strong><em>:</em></strong></span> <span class='ocrx_word' id='word_1_918' title='bbox 733 5849 948 5916; x_wconf 66' lang='lat' dir='ltr'><strong>Ennius.</strong></span> <span class='ocrx_word' id='word_1_919' title='bbox 978 5849 1339 5929; x_wconf 75' lang='lat' dir='ltr'><strong>sacriﬁcemus</strong></span> <span class='ocrx_word' id='word_1_920' title='bbox 1380 5849 1485 5918; x_wconf 67' lang='lat' dir='ltr'><strong>Deo</strong></span> <span class='ocrx_word' id='word_1_921' title='bbox 1516 5849 1713 5921; x_wconf 61' lang='lat' dir='ltr'><strong>nostra.</strong></span> 
     </span>
    </p>
   </div>
   <div class='ocr_carea' id='block_1_116' title="bbox 1969 5849 3540 5930">
    <p class='ocr_par' dir='ltr' id='par_1_116' title="bbox 2030 5849 3540 5930">
     <span class='ocr_line' id='line_1_116' title="bbox 2030 5849 3540 5930; baseline -0.006 -19"><span class='ocrx_word' id='word_1_922' title='bbox 2030 5858 2144 5930; x_wconf 78' lang='grc'>(55)</span> <span class='ocrx_word' id='word_1_923' title='bbox 2168 5858 2285 5930; x_wconf 70' lang='grc' dir='ltr'><strong>ΔὩς</strong></span> <span class='ocrx_word' id='word_1_924' title='bbox 2316 5849 2497 5912; x_wconf 69' lang='grc' dir='ltr'>οὐδὲν</span> <span class='ocrx_word' id='word_1_925' title='bbox 2531 5849 2887 5930; x_wconf 68' lang='grc' dir='ltr'>πεισόμενος</span> <span class='ocrx_word' id='word_1_926' title='bbox 2924 5854 3061 5923; x_wconf 81' lang='grc' dir='ltr'>παρ’</span> <span class='ocrx_word' id='word_1_927' title='bbox 3106 5850 3311 5908; x_wconf 79' lang='grc' dir='ltr'>αὐτοῦ.</span> <span class='ocrx_word' id='word_1_928' title='bbox 3359 5849 3540 5914; x_wconf 81' lang='lat' dir='ltr'><strong>Verte,</strong></span> 
     </span>
    </p>
   </div>
   <div class='ocr_carea' id='block_1_117' title="bbox 358 5924 1929 5997">
    <p class='ocr_par' dir='ltr' id='par_1_117' title="bbox 358 5924 1263 5997">
     <span class='ocr_line' id='line_1_117' title="bbox 358 5924 1263 5997; baseline 0.003 -12"><span class='ocrx_word' id='word_1_929' title='bbox 358 5930 470 5995; x_wconf 71' lang='grc'>(52)</span> <span class='ocrx_word' id='word_1_930' title='bbox 494 5930 625 5997; x_wconf 56' lang='grc' dir='ltr'><strong>[ἰῆς.</strong></span> <span class='ocrx_word' id='word_1_931' title='bbox 669 5932 857 5989; x_wconf 83' lang='lat' dir='ltr'><strong>tertius</strong></span> <span class='ocrx_word' id='word_1_932' title='bbox 882 5924 1263 5995; x_wconf 68' lang='grc' dir='ltr'>ἐνοικίσαντες.</span> 
     </span>
    </p>
   </div>
   <div class='ocr_carea' id='block_1_118' title="bbox 1410 5924 2981 5997">
    <p class='ocr_par' dir='ltr' id='par_1_118' title="bbox 1965 5924 2981 5997">
     <span class='ocr_line' id='line_1_118' title="bbox 1965 5924 2981 5997; baseline -0.004 -14"><span class='ocrx_word' id='word_1_933' title='bbox 1965 5939 2018 5983; x_wconf 80' lang='grc' dir='ltr'><strong>ιιι</strong></span> <span class='ocrx_word' id='word_1_934' title='bbox 2042 5924 2176 5983; x_wconf 77' lang='lat' dir='ltr'><strong>nihil</strong></span> <span class='ocrx_word' id='word_1_935' title='bbox 2205 5930 2270 5982; x_wconf 73' lang='lat' dir='ltr'><strong>ab</strong></span> <span class='ocrx_word' id='word_1_936' title='bbox 2298 5930 2443 5983; x_wconf 77' lang='lat' dir='ltr'><strong>ltOSlt‘</strong></span> <span class='ocrx_word' id='word_1_937' title='bbox 2464 5943 2736 5997; x_wconf 80' lang='lat' dir='ltr'><strong>passurus.</strong></span> <span class='ocrx_word' id='word_1_938' title='bbox 2772 5924 2981 5982; x_wconf 67' lang='lat' dir='ltr'><strong>Mum.</strong></span> 
     </span>
    </p>
   </div>
  </div>
