3978 6410
282 413 389 468 435

1396 413 1677 468 IIOMILIA
1719 413 1784 467 IN
1819 413 2148 471 PSALMUM
2186 413 2415 470 XLVIII.

3401 417 3506 474 434

281 539 382 594 σης
417 523 875 594 ὑπερανέστηκεν,
908 523 1047 578 ὥστε
1069 525 1126 591 ἐξ
1153 525 1394 579 ἀπόπτου
1434 529 1608 581 πάντα
1636 528 1761 581 ἰδεῖν
1783 527 1831 580 τέ

1957 531 2090 584 adeo
2117 529 2318 585 vocalis
2341 543 2536 598 praeco,
2569 536 2626 582 ut
2669 527 2921 583 inclamet
2963 528 3102 597 quod
3129 543 3157 582 a
3188 535 3264 584 tot
3285 530 3506 587 auribus

280 615 428 684 ἔθνη,
476 615 785 668 καὶ’πᾶσαν
820 615 918 686 τὴν
951 615 1268 688 οἰκουμένην
1308 616 1569 688 ὀφθαλμῷ
1623 617 1844 688 περιλα-

278 705 427 772 6εἷνς
458 707 553 768 Τίς
573 705 714 759 οὕτω
746 707 1252 777 μεγαλοφωνότατος
1273 709 1464 781 κῆρυξ,
1494 709 1632 763 ὥστε
1661 710 1848 763 τοσαύ-

278 815 399 861 ταις
435 797 570 867 ὁμοῦ
606 798 791 861 ἀκοαῖς
820 798 1136 862 ἐξάκουστον
1166 799 1429 870 ἐμϐοῆσαι
1455 818 1468 866 ;
1514 803 1608 864 Τίς
1647 803 1675 854 6
1699 802 1845 872 δέχε-

279 888 406 942 σθαι
434 888 727 960 δυνάμενος
755 889 929 961 χῶρος
947 891 1071 954 τοὺς
1098 892 1584 962 ἐκκλησιάζοντας;
1611 894 1845 964 Πηλίκος

274 979 333 1032 δὲ
365 982 392 1033 6
429 979 743 1044 διδάσκαλος
783 981 875 1034 καὶ
915 984 1152 1046 ποταπὸς
1179 984 1277 1056 τὴν
1303 985 1510 1054 σοφίαν,
1540 986 1678 1039 ὥστε
1719 985 1842 1050 ἄξια

278 1072 379 1141 τῆς
405 1071 733 1143 τηλικαύτης
765 1074 1082 1146 Ἐκκλησίας
1110 1076 1220 1145 (65)
1251 1077 1486 1147 ἐξευρεῖν
1503 1078 1568 1131 τὰ
1594 1078 1847 1149 διδάγμα-

278 1179 384 1228 τα;
414 1163 622 1237 Μικρὸν
651 1163 955 1234 ἀνάμεινον,
991 1168 1082 1220 καὶ
1106 1168 1340 1241 μαθήσῃ,
1372 1169 1452 1221 ὅτι
1482 1169 1605 1233 ἀξια
1627 1169 1718 1222 τοῦ
1747 1173 1843 1222 ἐπ-

276 1251 619 1322 αγγέλματός
648 1255 761 1306 ἐστι
787 1253 852 1306 τὰ
875 1254 1087 1326 ἐφεξῆς.
1125 1258 1182 1309 '0
1210 1256 1305 1328 μὲν
1336 1257 1441 1330 γὰρ
1471 1259 1840 1330 ἐκκλησιάζων

276 1345 371 1397 καὶ
413 1345 589 1398 πάντα
621 1345 902 1414 συγκαλῶν
945 1347 1023 1417 τῷ
1069 1350 1380 1419 κηρύγματι
1424 1353 1452 1403 6
1495 1350 1842 1420 Παράκλητός

273 1451 408 1497 ..τ-ει,
426 1435 486 1487 τὸ
504 1435 726 1505 Πνεῦμα
752 1437 849 1506 τῆς
873 1436 1146 1507 ἀληθείας,
1170 1440 1254 1492 διὰ
1273 1441 1564 1511 προφητῶν
1593 1442 1684 1494 καὶ
1708 1443 1840 1494 ἀπο-

274 1525 475 1579 στόλων
522 1527 767 1595 συνάγων
803 1529 910 1598 (64)
948 1530 1073 1592 τοὺς
1112 1530 1447 1601 σωζομένους
1472 1548 1484 1560 ·
1535 1526 1610 1586 ὧν
1655 1533 1838 1604 ἐπειδὴ

269 1620 375 1681 Εἷς
403 1617 647 1671 ἅπασαν
682 1617 796 1684 τὴν
817 1619 933 1688 γῆν
959 1619 1216 1687 ἐξῆλθεν
1250 1624 1282 1674 ὀ
1323 1622 1577 1692 φθόγγος
1622 1621 1837 1685 αὐτῶν,

271 1709 370 1762 καὶ
398 1711 484 1774 εις
519 1710 590 1763 τὰ
617 1709 839 1778 πέρατα
866 1710 974 1779 τῆς
1001 1711 1352 1780 οἰκουμένης
1382 1713 1452 1766 τὰ
1472 1711 1708 1782 ῥήματα
1733 1717 1839 1767 αὺ-

269 1800 414 1854 τῶν·
454 1801 541 1854 διά
568 1802 724 1855 τοῦτὸ
744 1820 904 1874 φησιν
924 1819 938 1833 ⁸
982 1804 1321 1870 ’.4κούσατε,
1356 1806 1548 1858 πάντα
1580 1807 1651 1859 τὰ
1670 1807 1832 1873 ἔθνη,

1958 621 2120 676 simul
2149 621 2448 675 audiatur?
2486 620 2616 686 Quis
2649 607 2798 674 locus
2826 621 2891 673 ad
2925 621 3237 676 concionem
3278 621 3502 676 venien-

1953 722 2035 768 tes
2067 722 2232 782 queat
2255 713 2544 781 excipere?
2573 712 2819 778 Quantus
2837 721 3013 765 autem
3047 714 3256 776 doctor,
3279 723 3331 767 et
3357 713 3504 783 quali

1951 803 2211 871 sapientia
2244 801 2528 872 praeditus,
2555 811 2612 856 ut
2637 802 2956 856 documenta
2987 800 3501 857 inveniatconsessu

1951 901 2101 946 tanto
2127 892 2324 962 digna?
2348 891 2614 961 Exspecta
2643 899 3018 961 parumper,et
3036 907 3098 946 ea
3126 906 3244 962 quae
3265 907 3502 961 sequun-

1951 993 2056 1044 tur,
2080 982 2364 1052 promissis
2419 983 2634 1054 indigna
2676 997 2779 1036 non
2814 997 2933 1038 esse
2964 982 3195 1038 edisces.
3227 983 3500 1052 Siquidem

1949 1074 2324 1137 concionator,
2357 1082 2411 1127 et
2445 1073 2533 1141 qui
2580 1088 2768 1128 omnes
2820 1074 3089 1144 praeconio
3129 1075 3295 1140 cogit,
3332 1074 3500 1128 Para-

1945 1166 2116 1220 cletus
2148 1174 2251 1230 est,
2288 1165 2375 1219 ille
2417 1164 2653 1234 Spiritus
2694 1167 2963 1232 veritatis,
3006 1182 3100 1234 per
3138 1168 3422 1236 prophetas
3447 1177 3504 1224 et

1945 1257 2223 1327 apostolos
2263 1271 2355 1310 eos
2396 1270 2735 1325 congregans
2779 1257 2870 1325 qui
2904 1255 3130 1310 salutem
3161 1258 3500 1312 consecuturi

1945 1357 2101 1404 erant
2127 1367 2140 1402 :
2167 1363 2393 1416 quorum
2427 1348 2550 1415 quia
2592 1346 2658 1399 In
2691 1363 2892 1401 omnem
2936 1358 3127 1400 terram
3153 1348 3308 1401 exivit
3341 1364 3500 1402 sonus

1943 1457 2143 1506 eorum,
2166 1450 2212 1492 et
2238 1440 2290 1493 in
2315 1440 2443 1509 ﬁnes
2476 1440 2613 1493 orbis
2639 1450 2792 1493 terrm
2818 1442 2970 1493 verba
2995 1457 3171 1493 eorum
3193 1440 3268 1505 8";
3304 1441 3501 1496 idcirco

1943 1532 2072 1585 dicit
2102 1547 2115 1583 :
2140 1530 2355 1594 Audite,
2393 1547 2568 1584 omnes
2604 1542 2796 1600 genter,
2830 1541 2877 1584 et
2919 1549 3094 1584 autne:
3132 1533 3220 1600 qui
3257 1533 3501 1586 habitatis

1946 1625 2142 1676 orbem.
2177 1622 2518 1692 Quapropter
2544 1632 2598 1677 et
2627 1621 2867 1677 Ecclesia
2899 1637 2964 1676 ex
3000 1623 3250 1678 onmibus
3278 1623 3498 1678 collecta

1943 1724 2026 1768 est
2065 1714 2486 1778 conditionibus,
2521 1722 2581 1767 ut
2614 1729 2768 1768 nemo
2797 1714 2887 1783 qui
2925 1729 3115 1768 exsors
3155 1715 3225 1769 sit
3251 1715 3500 1772 utilitatis

1944 1806 2302 1876 relinquatur.
2338 1805 2548 1859 Etenim
2583 1806 3026 1874 congregationes
3051 1815 3159 1860 tres
3187 1817 3312 1860 sunt
3336 1822 3500 1861 voca-

267 1891 369 1947 xai
400 1891 618 1960 πάντες
647 1898 700 1947 οἱ
730 1895 1142 1961 κατοικοῦντες
1178 1897 1292 1963 τὴν
1326 1898 1699 1967 οἰκουμένην.
1745 1899 1831 1951 Διὸ

1940 1907 2137 1960 torum,
2169 1896 2368 1966 quibus
2390 1909 2550 1951 omne
2587 1896 2862 1949 hominum
2888 1910 3054 1964 genus
3083 1898 3495 1966 comprehendi-

271 1986 366 2039 καὶ
397 1989 430 2057 ἡ
472 1986 763 2058 Ἐκκλησία
785 1989 848 2040 ἐκ
875 1987 1225 2041 παντοδαπῶν
1253 1989 1692 2061 ἐπιτηδευμάτων
1715 2007 1835 2044 συν-

264 2078 524 2142 είλεκται,
581 2078 666 2129 ἵνα
721 2078 905 2149 μηδεὶς
941 2077 1044 2143 ἔξω
1077 2081 1174 2150 τῆς
1201 2080 1462 2149 ὡφελείας
1514 2081 1832 2151 ἀπολειφθῇ.

263 2171 425 2240 Τρεῖς
462 2170 569 2240 γάρ
614 2171 718 2222 εἰσι
767 2171 1012 2238 συζυγίαι
1063 2171 1168 2223 τῶν
1218 2172 1585 2242 κεκλημένων,
1639 2175 1696 2225 ἐν
1747 2169 1835 2235 αἷς

263 2261 409 2311 ἁπαν
444 2257 505 2310 τὸ
530 2257 639 2310 τῶν
665 2257 962 2329 ἀνθρώπων
996 2259 1302 2328 περιέχεται
1333 2260 1487 2328 γένος
1507 2277 1520 2288 ο
1557 2260 1682 2330 ἔθνη
1727 2260 1834 2331 γὰρ
1862 2252 1866 2256 ’

263 2352 312 2402 οἱ
343 2349 718 2413 κατοικοῦντες
750 2349 847 2420 τὴν
876 2351 1198 2420 οἰκουμένην
1217 2368 1228 2380 ·
1259 2354 1505 2422 γηγενεῖς
1530 2352 1622 2405 κα).
1650 2354 1696 2404 oi
1729 2353 1834 2404 υίοὶ

262 2442 373 2494 τῶν
413 2439 739 2512 ἀνθρώπων·
781 2441 1022 2495 πλούσιοι
1075 2444 1166 2496 καὶ
1210 2442 1455 2514 πένητες.
1492 2444 1621 2496 Τίνα
1657 2444 1833 2496 τοίνυν

268 2532 372 2597 ἔξω
405 2533 752 2586 καταλέλοιπε
787 2533 884 2605 τῆς
924 2534 1272 2605 ἀκροάσεως;
1314 2535 1376 2588 Oi
1421 2533 1686 2606 ἀλλότριοι
1735 2536 1833 2606 τῆς

267 2627 501 2689 πίστεως
548 2625 637 2678 διά
683 2625 793 2696 (65)
837 2625 945 2678 τῶν
992 2625 1158 2678 ἐθνῶν
1198 2624 1524 2697 ἐκλήθησαν.
1557 2627 1634 2700 ,οἳ
1675 2628 1733 2678 ἐν
1765 2629 1831 2698 τῇ

275 2717 571 2789 Ἐκκλησία
629 2718 784 2782 εἰσὶν,
830 2717 881 2769 οἱ
923 2716 1296 2783 κατοικοῦντες
1342 2717 1438 2789 τὴν
1487 2718 1828 2788 οἰκουμένην.

259 2810 515 2880 Γηγενεῖς
538 2812 587 2863 οἱ
618 2809 685 2863 τά
712 2811 878 2882 γήινα
904 2808 1241 2882 φρονοῦντες,
1266 2808 1487 2863 καὶτῶν
1517 2809 1640 2881 θελη
1651 2810 1833 2881 μάτων

261 2899 365 2969 τῆς
399 2898 595 2970 σαρκὸς
627 2900 989 2969 ἀντεχόμενοι.
1026 2898 1147 2951 Υίο).
1178 2897 1287 2952 τῶν
1317 2896 1617 2969 ἀνθρώπων
1645 2901 1693 2951 oi
1720 2900 1834 2951 ἐπι-

263 2990 483 3061 μέλειάν
538 3007 659 3043 τινα
710 2989 804 3043 καὶ
854 2989 1083 3058 ἄσκησιν
1135 2989 1228 3042 τοῦ
1275 2988 1431 3057 λόγου
1489 2988 1828 3059 ποιούμενοιο

263 3082 392 3137 ῐδιον
416 3081 524 3152 γάρ
555 3081 647 3135 τοῦ
680 3079 964 3151 ἀνθρώπου
997 3080 1057 3133 τὸ
1079 3078 1312 3148 λογικόν.
1335 3080 1585 3133 Πλούσιοι
1616 3080 1710 3134 καὶ
1742 3079 1830 3133 πέ-

1939 1997 2062 2048 tur;
2105 1995 2296 2055 gentes
2322 1993 2376 2039 et
2426 1984 2732 2040 habitantes
2760 1987 2979 2048 orbem;
3017 1987 3300 2056 terrigena:
3330 2000 3379 2042 et
3406 1991 3496 2043 lilii

1937 2077 2238 2140 hominum,
2272 2075 2471 2129 divites
2533 2084 2585 2127 et
2623 2089 2908 2144 pauperes.
2947 2075 3113 2141 Quem
3155 2077 3313 2144 igitur
3347 2088 3497 2132 extra

1934 2169 2262 2222 auditorium
2285 2165 2541 2235 reliquit?
2563 2167 2738 2220 Alieni
2770 2185 2797 2218 a
2826 2168 2946 2228 ﬁde.
2982 2183 3078 2234 per
3099 2177 3284 2237 gentes
3323 2170 3497 2225 vocati

1941 2259 2102 2328 178
2125 2265 2272 2313 sunt.
2304 2256 2403 2324 Qui
2429 2266 2648 2310 manent
2679 2257 2730 2310 in
2758 2257 3022 2323 Ecclesia,
3043 2258 3076 2310 ii
3100 2241 3249 2322 sunt,
3279 2260 3367 2329 qui
3402 2261 3497 2313 ha-

1933 2351 2109 2403 bitant
2138 2349 2350 2404 orbem.
2383 2345 2692 2418 Terrigenae
2721 2357 2847 2402 sunt
2887 2348 2978 2415 qui
3015 2359 3230 2403 terrena
3255 2351 3490 2419 sapiunt,

1933 2451 1988 2496 et
2020 2442 2198 2494 urnis
2227 2440 2422 2509 placita
2458 2451 2840 2508 assequuntur.
2875 2440 2992 2494 Filii
3041 2441 3316 2494 ltoiuinum
3346 2452 3494 2506 stitit,

1934 2535 2022 2604 qui
2055 2534 2286 2602 quodam
2343 2533 2501 2588 modo
2542 2534 2807 2587 rationem
2856 2545 3050 2587 curant
3099 2545 3492 2604 exercentque;

1933 2639 2057 2679 nam
2099 2625 2238 2679 ratio
2271 2625 2488 2694 prOpria
2529 2623 2764 2678 hominis
2790 2635 2894 2678 est.
2927 2623 3159 2677 Divitum
3191 2640 3253 2679 ac
3291 2639 3493 2694 paupe-

1933 2733 2052 2772 rum
2111 2717 2417 2786 proprietas
2461 2731 2556 2786 per
2612 2730 2673 2770 se
2723 2716 3109 2784 cognoscitur:
3160 2716 3234 2770 illi
3279 2718 3492 2785 quidem

1931 2809 2372 2877 snperabundant
2418 2822 2599 2862 rerum
2654 2808 3086 2861 necessariarum
3131 2807 3491 2876 possessione,

1933 2901 1986 2956 hi
2024 2914 2150 2955 vero
2197 2900 2250 2955 in
2287 2899 2604 2954 earumdem
2638 2897 2814 2966 inopia
2858 2900 3077 2968 degunt.
3123 2896 3257 2952 Cum
3311 2910 3490 2952 autem

1933 2993 2178 3048 medicus
2230 2991 2533 3046 animarum
2589 3004 2694 3044 non
2741 2988 2971 3052 venerit,
3017 2999 3075 3042 ut
3113 2986 3288 3055 iustos
3319 3000 3489 3053 vocet,

1936 3082 2033 3139 sed
2061 3090 2377 3152 peccatores
2404 3081 2470 3134 ad
2497 3080 2868 3148 paenitentiam
2888 3078 2934 3111 ³⁸
2959 3093 2973 3132 :
2997 3079 3138 3148 quod
3162 3080 3212 3134 in
3246 3081 3488 3149 qualibet

259 3190 418 3236 ντητες
447 3172 666 3225 αὐτόθεν
701 3171 879 3242 ἔχουσι
910 3172 1312 3242 γνωριζομένην
1350 3171 1446 3243 τὴν
1482 3171 1746 3242 ἰδιότηταο
1776 3173 1826 3225 οἱ

1937 3174 2315 3245 conjugatione
2366 3171 2772 3243 reprehensioni
2818 3171 3109 3226 obnoxium
3162 3181 3280 3225 erat
3331 3180 3494 3240 atque

264 3264 364 3333 μὲν
391 3263 806 3334 ὑπερϐαίνοντες
838 3263 936 3334 τὴν
965 3264 1154 3334 κτῆσιν
1200 3263 1305 3315 τῶν
1335 3263 1664 3332 ἀναγκαίων,
1695 3265 1744 3316 οἱ
1773 3263 1830 3316 δὲ

261 3358 320 3407 ἐν
356 3354 531 3423 ἐνδείᾳ
557 3353 760 3407 τούτων
790 3353 1204 3425 καθεστηκότες.
1254 3355 1468 3424 Ἐπειδὴ
1505 3355 1563 3407 δὲ
1596 3357 1623 3408 6
1649 3354 1832 3427 ἰατρὸς

257 3445 366 3499 τῶν
389 3445 574 3516 ψυχῶν
602 3445 702 3498 οὐκ
724 3441 854 3515 ἦλθε
878 3445 1101 3498 καλέσαι
1129 3446 1386 3510 δικαίους,
1415 3445 1549 3498 ἀλλά
1574 3447 1830 3518 ἀμαρτω-

257 3536 383 3601 λοὺς
414 3539 493 3602 είς
529 3538 835 3608 μετάνοιαν,
875 3537 1089 3609 πρῶτον
1131 3537 1317 3604 ἔταξεν
1362 3541 1418 3592 ἐν
1451 3541 1516 3610 τῇ
1550 3539 1736 3610 κλήσει
1772 3540 1830 3592 ἐν

259 3631 466 3704 ἑκάστῃ
494 3629 721 3700 συζυγίᾳ
762 3629 823 3682 τὸ
854 3631 1319 3701 κατεγνωσμένον.
1355 3631 1588 3700 Χείρονα
1620 3631 1729 3702 γὰρ
1760 3630 1827 3683 τὰ

257 3723 389 3793 ἔθνη
426 3722 534 3775 τῶν
561 3721 956 3776 κατοικούντων
1001 3723 1099 3794 τὴν
1119 3723 1483 3794 οἰκουμένην·
1528 3723 1641 3777 ἀλλ’
1681 3724 1828 3794 ὅμως

258 3812 649 3887 προτετίμηται
676 3812 788 3884 (66)
817 3815 896 3877 είς
921 3813 1018 3884 τὴν
1048 3813 1258 3884 κλῆσιν,
1289 3815 1376 3868 ἵνα
1403 3815 1452 3867 οἱ
1475 3815 1659 3878 κακῶς
1682 3814 1828 3884 ἕχον-

257 3926 351 3971 τες
381 3908 640 3980 πρότερον
691 3905 1032 3980 μεταλάϐωσι
1084 3905 1182 3976 τῆς
1220 3906 1284 3960 ἐκ
1326 3904 1417 3959 τοῦ
1464 3904 1649 3977 ἰατροῦ
1693 3905 1828 3976 ὠφε-

258 3996 426 4060 λείας.
470 3997 638 4051 Πάλιν
677 3999 724 4050 οί
754 3997 1003 4066 γηγενεῖς
1035 3995 1141 4067 πρὸ
1173 3995 1282 4050 τῶν
1314 3995 1446 4049 υίῶν
1488 3997 1596 4050 τῶν
1621 3995 1828 4067 ἀνθρὼ-

257 4105 376 4140 πων
407 4088 740 4158 ἐτάχθησαψ
793 4088 887 4140 καὶ
912 4086 1151 4140 πλούσιοι
1195 4087 1300 4160 πρὸ
1321 4087 1428 4141 τῶν
1455 4089 1717 4158 πενήτων.
1754 4088 1826 4140 Τὸ

185 4231 190 4238 ,
254 4179 677 4249 ἀπεγνωσμένον
714 4170 922 4250 1ιῖάγμα,
974 4180 1069 4233 καὶ
1100 4178 1350 4233 δύσκολον
1380 4179 1500 4249 ἕχον
1528 4180 1624 4250 τὴν
1657 4197 1826 4250 σωτη-

257 4271 398 4340 ρίαν,
427 4270 687 4342 πρότερον
725 4270 984 4341 κέκληται
1019 4270 1127 4324 τῶν
1150 4270 1397 4342 πτωχῶν.
1446 4270 1678 4343 Τοιαύτη
1716 4272 1825 4344 γὰρ

255 4363 289 4434 ή
322 4361 414 4414 τοῦ
441 4360 620 4434 ίατροῦ
647 4361 1026 4432 φιλανθρωπία
1047 4363 1158 4425 τοῖς
1182 4361 1612 4432 ἀσθενεστέροις·
1634 4363 1825 4432 προτέ-

259 4469 372 4524 ροις
404 4451 514 4523 (67)
557 4452 878 4523 μεταδίδωσι
907 4453 1005 4524 τῆς
1031 4442 1316 4522 ὡφελείας.
1352 4452 1514 4523 Ὁμοῦ
1539 4453 1594 4506 δὲ
1620 4455 1714 4506 καὶ
1745 4455 1823 4507 εί-

1931 3265 2283 3333 damnationi,
2315 3264 2368 3319 id
2407 3263 2638 3334 primum
2695 3265 2750 3316 in
2805 3261 3091 3316 vocatione
3141 3264 3343 3331 posuit.
3392 3265 3492 3317 De-

1933 3357 2158 3412 teriores
2196 3356 2342 3411 enim
2377 3363 2500 3410 sunt
2540 3361 2730 3424 gentes
2777 3367 2941 3422 quam
2981 3352 3071 3420 qui
3127 3351 3372 3406 habitant
3404 3369 3493 3406 or-

1928 3450 2050 3503 bem
2079 3465 2092 3500 :
2123 3448 2217 3502 sed
2253 3457 2430 3500 tamen
2464 3443 2763 3515 praeposita:
2818 3451 2943 3498 sunt
2988 3443 3040 3496 in
3081 3443 3385 3510 vocatione,
3433 3452 3493 3497 ut

1935 3540 2024 3609 qui
2057 3539 2196 3594 male
2222 3537 2422 3592 habent
2457 3537 2670 3606 priores
2698 3551 2727 3588 a
2762 3534 2976 3588 medico
3005 3533 3309 3602 percipiant
3347 3534 3491 3588 utili-

1931 3639 2116 3683 tatem.
2148 3627 2362 3682 Rursus
2420 3625 2707 3694 terrigenre
2753 3632 2880 3679 aute
2919 3623 3059 3678 ﬁlios
3092 3624 3367 3680 hominum
3403 3642 3491 3682 re-

1928 3719 2118 3776 censiti
2159 3727 2320 3784 sunt;
2353 3725 2408 3772 et
2438 3717 2631 3771 divites
2667 3723 2794 3770 ante
2827 3730 3111 3786 pauperes.
3162 3714 3490 3784 Desperatus

1927 3809 2084 3876 ordo,
2122 3817 2178 3864 et
2212 3808 2304 3879 qui
2359 3805 2647 3862 ditliculter
2685 3805 2913 3860 salutem
2957 3806 3324 3875 consequitur,
3363 3817 3490 3862 ante

1929 3908 2153 3956 vocatus
2180 3907 2264 3955 est
2308 3912 2472 3969 quam
2525 3910 2815 3968 pauperes.
2863 3895 3181 3964 Huiusmodi
3223 3897 3365 3951 enim
3406 3907 3490 3954 est

1928 3993 2236 4061 benignitas
2261 3989 2454 4045 medici
2486 4003 2500 4042 :
2529 3988 2680 4059 prius
2711 4002 2862 4056 opem
2884 3986 2991 4042 fert
3021 3987 3485 4046 imbecillioribus.

1930 4084 2103 4139 Simul
2135 4092 2314 4136 autem
2357 4080 2509 4149 pacis
2554 4078 2718 4134 etiam
2746 4079 3086 4134 conciliatrix
3122 4087 3206 4134 est
3241 4095 3487 4136 commu-

1928 4177 2069 4230 nitas
2096 4172 2420 4237 vocationis,
2459 4171 2594 4226 adeo
2629 4179 2686 4224 ut
2714 4169 2804 4239 qui
2847 4169 3112 4225 hactenus
3160 4170 3303 4224 inter
3342 4187 3401 4226 se
3433 4173 3486 4227 in

1927 4268 2166 4324 moribus
2199 4265 2591 4329 dissenserant,
2624 4262 2695 4317 ob
2725 4263 2868 4318 hunc
2913 4273 3241 4318 conventum
3291 4274 3488 4318 mutuze

1925 4372 2240 4415 assuescant
2268 4355 2543 4413 cbaritati.
2580 4355 2852 4424 Agnoscat
2892 4353 3036 4409 enim
3069 4355 3220 4409 dives
3261 4371 3319 4410 se
3364 4370 3487 4410 cum

1926 4466 2161 4524 paupere
2191 4451 2460 4520 praeconio
2485 4447 2601 4518 pari
2625 4455 2873 4500 vocatum
2898 4460 3040 4503 esse.
3062 4445 3231 4500 Simul
3255 4449 3306 4500 in
3328 4465 3488 4501 unum

256 4542 424 4612 ρήνης
452 4541 568 4594 ἐστὶ
597 4541 960 4612 συναγωγὸνὴ
986 4541 1240 4595 κοινωνία
1267 4543 1367 4612 τῆς
1388 4541 1650 4613 κλήσεως,
1683 4542 1823 4596 ὥστε

1937 4543 2095 4608 enim,
2155 4539 2351 4609 inquit,
2403 4537 2544 4589 dives
2588 4545 2634 4589 et
2677 4549 2892 4604 pauper.
2950 4533 3305 4604 Posteaquam
3354 4535 3484 4589 foris

254 4633 379 4696 τοὺς
398 4632 618 4702 ἔχοντας
651 4633 786 4696 τέως
813 4634 877 4686 ἐκ
907 4633 1013 4686 τῶν
1042 4633 1483 4704 ἐπιτηδευμάτων
1514 4635 1647 4706 πρὸς
1669 4635 1821 4707 ἀλλή-

254 4723 377 4787 λους
404 4724 751 4788 ὑπεναντίως,
784 4725 1004 4788 τούτους
1038 4724 1124 4778 διὰ
1153 4725 1250 4796 τῆς
1296 4726 1616 4797 Ἐκκλησίας
1654 4743 1820 4796 προσ-

253 4814 528 4885 εθισθῆναι
553 4816 800 4887 ἀλλήλοις
823 4818 902 4878 εἰς
923 4815 1020 4887 τὴν
1044 4816 1282 4885 ἀγάπην.
1315 4817 1631 4870 Γινωσκέτω
1659 4817 1765 4889 γάρ
1792 4821 1821 4872 6

253 4906 525 4971 πλούσιος,
551 4907 632 4960 ὅτι
665 4909 908 4977 ὁμοτίμῳ
937 4907 1246 4979 κηρύγματι
1280 4908 1537 4979 κέκληται
1567 4909 1701 4980 πρὸς
1731 4909 1819 4962 τὸν

252 4998 480 5068 πένητα.
545 4999 668 5052 Ἐπὶ
709 5000 774 5052 τὸ
824 4999 970 5051 αὑτό
1015 4998 1142 5070 γάρ,
1196 5001 1350 5068 φησὶ,
1401 5001 1691 5066 πλούσιος
1721 5002 1819 5053 καί

251 5090 464 5156 πένης.
502 5090 646 5154 Ἔξω
688 5090 1001 5143 καταλιπὼν
1035 5092 1130 5162 τὴν
1161 5092 1294 5162 πρὸς
1320 5094 1444 5155 τοὺς
1469 5092 1817 5146 καταδεεστέ-

254 5199 380 5254 ρους
417 5182 706 5255 ὑπεροχὴν,
747 5183 920 5237 καὶτὸ
953 5185 1017 5237 ἐκ
1050 5183 1144 5237 τοῦ
1181 5184 1408 5238 πλούτου
1434 5184 1712 5256 φρύαγμα,
1736 5184 1821 5237 ού-

327 5355 372 5393 ³⁷
399 5357 544 5412 Psal.
576 5373 728 5421 xvm,
769 5357 824 5412 5.
901 5357 945 5387 ³⁸
971 5355 1158 5410 Matth.
1190 5372 1267 5420 ιχ,
1300 5356 1382 5410 l5.

325 5500 437 5571 (6'5)
469 5499 642 5553 Editio
687 5498 850 5554 Basil.
883 5500 1211 5571 τηλικαύτης
1260 5498 1472 5566 σοφίας.
1510 5499 1684 5571 Editio
1711 5499 1814 5553 Pa-

255 5569 348 5622 ris.
385 5587 512 5641 cum
537 5584 663 5622 mss.
695 5570 1025 5641 τηλικαύτης
1054 5571 1401 5641 Ἐκκλησίας,
1435 5572 1588 5625 bene.
1614 5569 1814 5641 Ibidem

253 5642 382 5725 editi
421 5639 689 5725 ἀνάμενον
719 5641 814 5694 καὶ
849 5640 1098 5711 μαθήσει.
1125 5643 1193 5693 At
1229 5639 1356 5695 mss.
1391 5655 1483 5696 sex
1529 5639 1816 5710 ἀνάμεινον

253 5710 348 5766 καὶ
379 5709 628 5780 μαθήσει.
853 5709 860 5711 ἡ
986 5709 989 5710 ⁷

327 5782 439 5838 (64)
484 5779 557 5832 Ita
590 5794 680 5831 sex
711 5795 840 5834 mss.
878 5783 937 5832 At
972 5780 1096 5831 editi
1142 5781 1389 5848 συνάγον.

324 5849 438 5908 (65)
473 5849 646 5904 Editio
672 5848 842 5905 Paris.
877 5852 966 5904 καὶ
989 5850 1092 5906 διά.
1135 5853 1298 5906 Abest
1329 5849 1421 5904 καί
1453 5859 1506 5904 et
1545 5865 1575 5906 a
1604 5864 1732 5906 mss.
1763 5859 1810 5906 et

1937 4632 2219 4702 reliqueris
2247 4644 2368 4684 eam
2402 4644 2504 4696 qua
2533 4626 2815 4680 inferiores
2840 4639 3066 4694 superas
3097 4627 3484 4694 praestantiam,

1927 4736 1982 4782 et
2013 4740 2130 4778 eam
2165 4737 2284 4792 quae
2315 4737 2379 4774 ex
2405 4719 2605 4773 divitiis
2638 4717 2810 4772 oritur
2839 4717 3150 4783 elationem,
3183 4718 3252 4770 ita
3271 4718 3484 4771 demum

1933 4816 2210 4886 ingredere
2259 4814 2311 4867 in
2360 4811 2652 4865 Ecclesium
2717 4810 2833 4864 Dei.
2888 4807 3073 4878 Neque
3124 4811 3289 4880 igitur
3336 4811 3488 4865 dives

1933 4924 2221 4978 pauperem
2267 4910 2550 4977 despiciat,
2585 4925 2759 4980 neque
2798 4927 3000 4980 pauper
3038 4910 3289 4966 formidet
3331 4910 3483 4967 Iocu-

1928 5000 2127 5069 plctum
2175 5001 2466 5068 potentiam
2495 5017 2508 5052 :
2541 5016 2713 5071 neque
2745 5003 2838 5056 lilii
2880 5003 3156 5058 hominum
3188 5004 3484 5074 terrigenas

1933 5093 2345 5162 parvipendaut,
2391 5107 2488 5146 nec
2537 5109 2722 5148 rursus
2771 5094 2838 5148 ab
2881 5094 2984 5149 illis
3019 5111 3137 5151 sese
3181 5097 3483 5151 abaliencut

1930 5183 2237 5254 terrigenae.
2266 5183 2383 5239 .Imo
2414 5193 2598 5255 gentes
2629 5199 2748 5240 cum
2785 5188 2848 5240 iis
2883 5187 2974 5256 qui
3007 5187 3251 5243 habitant
3276 5187 3488 5248 orbem,

1924 5499 1992 5553 ab
2020 5499 2255 5554 editione
2277 5498 2438 5552 Basil.

1994 5568 2107 5640 (66)
2133 5569 2222 5623 Sic
2245 5569 2481 5639 quinque
2498 5582 2627 5623 mss.
2649 5568 2713 5622 At
2735 5565 2861 5621 editi
2883 5580 3000 5619 cum
3021 5564 3151 5634 Reg.
3179 5571 3328 5616 sexto
3351 5575 3489 5630 προ-

1921 5640 2258 5711 τετίμηνται.

1996 5701 2214 5781 (δηιιε
2251 5718 2372 5781 octo
2421 5725 2552 5781 mss.
2603 5716 2655 5781 et
2698 5704 2860 5781 editio
2905 5701 3068 5758 Basil.
3126 5701 3301 5757 Editio
3350 5713 3472 5754 vch

1920 5771 2102 5837 Paris:
2125 5795 2246 5837 cum
2274 5779 2473 5835 Catena
2505 5777 2722 5834 Cordcr.
2752 5771 3034 5846 πρότερον.
