3978 6410
438 400 543 458 455
1772 402 1831 457 S.
1874 401 2117 458 BASlLll
2156 405 2373 460 MAGNI
3566 411 3683 464 436

436 518 825 576 consuetudine
853 518 1287 591 coniungantur:
1319 530 1372 576 et
1396 522 1487 593 qui
1511 523 1698 577 orbem
1730 524 2001 590 habitant,

2139 545 2210 590 ως
2230 528 2475 598 εἰσέρχου
2499 540 2578 589 εις
2608 526 2703 596 τὴν
2749 525 3069 597 Ἐκκλησίαν
3094 526 3185 579 τοῦ
3206 527 3333 580 Θεοῦ
3522 529 3683 599 Μήτι

435 611 754 682 peregrinos
784 626 812 664 a
834 612 1173 667 testamentis
1195 627 1290 681 per
1318 615 1641 672 charitatem
1667 618 1986 684 suscipiant.

2139 614 2187 670 5v
2234 619 2262 670 6
2312 618 2564 681 πλούσιος
2606 617 2698 669 τὸν
2734 616 2938 687 πένητα
2983 618 3415 689 ὑπερηφανείτω,
3471 620 3610 688 μήτε
3656 623 3685 671 6

438 705 606 777 πένης
648 705 747 776 τὴν
773 704 1085 759 δυναστείαν
1113 708 1220 760 τῶν
1255 709 1628 781 εὐπορούντων
1672 712 2093 783 ὑποπτησσέτωο
2138 713 2271 783 μήτε
2310 716 2357 767 οί
2382 715 2485 766 υἱοὶ
2538 713 2675 781 τῶν,
2697 713 2995 783 ἀνθρώπων
3062 714 3186 775 τοὺς
3250 717 3503 785 γηγενεῖς
3536 713 3686 776 ἐξουο

438 798 781 860 θενείτωσαν,
834 800 969 869 μήτε
999 800 1047 851 οἱ
1084 803 1335 869 γηγενεῖς
1359 802 1562 856 τούτων
1593 804 1751 857 πάλιν
1783 803 2381 872 ἀπαλλοτριούσθωσαν.
2418 806 2525 857 Καὶ
2547 804 2612 857 τὰ
2642 805 2766 875 ἔθνη
2802 803 3063 868 ἐθιζέσθω
3128 806 3261 877 πρὸς
3319 806 3446 869 τοὺς
3502 823 3690 858 κατοι-

438 890 666 955 κοῦντας
727 890 825 962 τὴν
868 891 1225 961 οἰκουμένην,
1292 893 1387 947 καὶ
1436 895 1485 946 οἱ
1538 895 1635 965 τὴν
1688 896 2009 966 οἰκουμένην
2047 894 2319 959 οἰκοῦντες
2343 898 2467 961 τοὺς
2498 898 2679 961 ξένους
2707 898 2817 951 τῶν
2864 896 3131 966 διαθηκῶν
3160 898 3247 951 διὰ
3302 899 3398 959 τὶης
3461 899 3693 966 ἀγάπης

440 988 647 1060 προσλα
656 986 1058 1057 μϐανέσθωσαν.

506 1078 560 1132 2.
604 1076 762 1131 νειις.
803 1077 858 1130 4.
903 1076 974 1131 Os
1004 1094 1174 1132 meum
1208 1078 1448 1148 loquetur
1477 1081 1803 1149 sapientiam,
1828 1091 1873 1134 et
1901 1096 2005 1134 me-

440 1173 628 1225 ditatio
662 1172 835 1225 cordis
878 1171 977 1225 mei
1004 1174 1357 1241 prudentiam.
1390 1174 1677 1240 Quoniam,
1713 1174 2001 1227 secundum

443 1264 773 1332 Apostolnm,
814 1263 985 1318 Corde
1020 1266 1252 1319 creditur
1296 1269 1362 1319 ad
1388 1268 1677 1337 justitiam,
1710 1284 1798 1320 ore
1830 1276 2003 1318 autem

444 1352 696 1421 confessio
719 1352 776 1419 ﬁt
805 1355 875 1405 ad
905 1354 1127 1407 salutem
1152 1355 1218 1417 ”,
1249 1365 1300 1409 et
1347 1366 1575 1426 utraque
1606 1357 1731 1409 dum
1767 1355 2005 1409 elﬁciun-

446 1455 555 1509 tur,
584 1443 962 1513 perfectionem
997 1446 1307 1511 declarant;
1346 1458 1625 1516 propterea
1658 1463 1835 1501 sermo
1854 1456 2006 1500 utra-

445 1552 546 1603 que
579 1535 737 1590 simul
770 1537 1085 1607 complexus
1119 1553 1223 1603 εει,
1264 1550 1374 1594 tum
1412 1541 1524 1594 oris
1571 1540 1862 1604 actionem,
1894 1550 2005 1592 tum

447 1628 623 1683 cordis
662 1627 1093 1685 meditationem.
1146 1631 1357 1685 Etenim
1402 1631 1446 1684 si
1501 1631 1699 1685 bonum
1746 1632 1797 1683 in
1848 1630 2010 1683 rorde

447 1722 597 1792 prius
631 1738 736 1778 non
792 1723 956 1778 fuerit
1005 1724 1325 1792 repositum,
1360 1723 1634 1791 quomodo
1692 1722 2005 1777 thesaurum

2173 1078 2226 1131 2.
2264 1077 2333 1131 Τὸ
2356 1079 2548 1145 στόμα
2570 1095 2688 1147 μου
2718 1078 2975 1146 λαλήσει
2999 1079 3241 1147 σοφίαν,
3270 1079 3362 1132 καὶ
3391 1080 3427 1145 ἡ
3455 1079 3691 1147 μελέτη

2112 1171 2219 1238 τῆς
2240 1169 2485 1237 καρδίας
2513 1188 2629 1239 μου
2650 1172 2922 1225 σύνεσιν.
2966 1172 3201 1243 Ἐπειδὴ,
3234 1172 3373 1224 κατὰ
3398 1171 3486 1223 τὸν
3528 1173 3695 1224 Ἀπό-

2112 1263 2314 1326 στολον,
2342 1262 2559 1330 Καρδίᾳ
2600 1264 2938 1317 πιστεύεται
2975 1266 3060 1330 εἰς
3086 1263 3496 1331 δικαιοσύνην,
3544 1266 3692 1316 crni-

2107 1372 2243 1425 ματ(
2267 1355 2334 1407 δὲ
2356 1355 2717 1425 ὁμολογεῖται
2740 1359 2826 1421 είς
2848 1356 3163 1424 σωτηρίαν,
3191 1357 3283 1407 καὶ
3303 1358 3335 1426 ἡ
3358 1356 3693 1425 ἀμφοτέρων

2112 1444 2170 1493 ἐν
2198 1442 2408 1505 τούτοις
2451 1444 2694 1514 ἐνέργεια
2738 1444 3023 1497 ὑποϐάλλει
3064 1445 3159 1516 τὴν
3197 1445 3545 1515 τελειότητα*
3594 1444 3691 1497 διὰ

2113 1532 2268 1586 τοῦτο
2296 1534 2577 1605 ἀμφότερα
2610 1536 2638 1585 6
2668 1534 2823 1602 λόγος
2867 1537 2922 1588 ὲν
2948 1535 3023 1605 τῷ
3056 1535 3200 1606 αὐτῷ
3235 1537 3545 1606 συνείληφε,
3587 1536 3693 1603 τήν

2114 1643 2172 1678 τε
2200 1626 2293 1680 τοῦ
2322 1629 2581 1698 στόματος
2608 1628 2901 1698 ἐνέργειαν,
2925 1630 3016 1681 καὶ
3040 1629 3135 1700 τὴν
3158 1630 3256 1699 τῆς
3279 1629 3502 1700 καρδίας
3534 1628 3693 1697 μελέ-

2112 1736 2231 1789 την.
2277 1719 2399 1772 Ἐάν
2432 1737 2489 1771 τε
2519 1718 2625 1789 γὰρ
2656 1719 2729 1789 μὴ
2820 1720 2880 1771 τὸ
2905 1722 3103 1789 ἀγαθὸν
3139 1724 3194 1773 ἐν
3228 1724 3290 1791 τῇ
3323 1721 3522 1791 καρδίᾳ
3555 1737 3696 1790 προ-

449 1831 540 1886 per
571 1832 634 1873 os
671 1816 909 1887 proferet
939 1818 1030 1884 qui
1068 1830 1171 1870 non
1212 1815 1452 1884 possidet
1480 1814 1630 1868 illum
1670 1813 1723 1869 in
1750 1812 2011 1868 occulto?

2139 1809 2487 1879 ιποκείμενον,
2532 1809 2647 1873 πῶς
2694 1812 2997 1883 προενέγκῃ
3025 1812 3130 1881 (69)
3161 1811 3249 1863 τὸν
3288 1811 3562 1881 θησαυρὸν
3600 1810 3693 1863 διὰ

450 1909 538 1977 qui
575 1924 703 1963 vero
732 1910 875 1964 bona
905 1908 1085 1963 cordis
1114 1907 1295 1971 habet,
1318 1922 1380 1962 ea
1406 1908 1449 1962 si
1490 1908 1656 1963 verbo
1690 1922 1793 1961 non
1836 1906 2011 1960 divul-

451 2008 560 2069 get,
584 2000 792 2055 dicetur
839 2000 954 2054 illi:
986 1999 1259 2069 Sapientia
1308 2001 1582 2064 absconsa,
1633 2010 1680 2053 et
1740 1998 2013 2053 thesaurus

452 2088 667 2153 invisus,
701 2106 817 2156 quae
864 2088 1067 2142 utilitas
1132 2089 1186 2141 in
1239 2088 1573 2157 utrisque“?
1610 2088 1815 2143 Idcirco
1863 2097 1918 2141 ut
1949 2089 2014 2140 ad

454 2179 677 2235 aliorum
708 2180 991 2234 utilitatem
1032 2194 1094 2233 os
1144 2193 1321 2233 meum
1372 2178 1627 2248 loquatur
1672 2178 2013 2249 sapientiam,

453 2280 524 2324 ita
549 2271 615 2324 ad
646 2278 889 2324 nostrum
946 2269 1182 2340 ipsorum
1215 2270 1517 2339 profectum
1545 2284 1640 2326 cor
1669 2270 2011 2339 prudentiam

455 2361 760 2416 meditetur.
798 2360 958 2416 Vnus.
996 2361 1049 2416 5.
1078 2361 1350 2415 lnclinabo
1389 2363 1444 2415 in
1484 2361 1790 2429 parabolam
1835 2378 2016 2416 aurem

456 2470 639 2518 meam,
680 2455 913 2523 aperiam
962 2455 1020 2507 in
1061 2453 1311 2522 psalterio
1367 2454 1771 2523 propositionem
1828 2469 2015 2508 meam.

456 2544 639 2601 Adhuc
671 2545 934 2616 Propheta
974 2560 1124 2601 suam
1148 2546 1315 2614 ipsius
1339 2559 1623 2614 personam
1652 2545 2016 2609 commendat,

457 2649 513 2694 ut
545 2654 612 2693 ne
643 2639 812 2708 ipsius
847 2653 1130 2693 sermones
1161 2648 1420 2707 tanquam
1445 2652 1510 2692 ex
1534 2638 1753 2693 invento
1779 2638 2021 2692 humano

458 2730 649 2800 prolati
678 2739 1169 2784 contemnerentur.
1204 2728 1354 2795 Qum,
1386 2727 1581 2796 inquit,
1622 2743 1651 2782 a
1685 2727 1887 2797 Spiritu
1928 2727 2022 2781 do-

461 2833 615 2884 ceor,
648 2833 713 2873 ea
755 2818 910 2873 vobis
947 2818 1235 2885 annuntio,
1280 2816 1417 2871 nihil
1449 2817 1637 2872 dicens
1674 2817 1816 2889 quod
1848 2832 2022 2873 meum

461 2912 550 2975 sit,
584 2909 744 2980 179
772 2918 863 2965 aut
888 2911 1185 2964 humanum
1215 2925 1229 2962 :
1261 2909 1353 2964 sed
1383 2910 1511 2978 quia
1542 2910 1758 2964 auditor
1788 2925 1906 2965 sum
1943 2911 2023 2964 l'a-

462 3010 581 3056 ctus
608 3000 1032 3070 propositionum
1077 2999 1335 3071 Spiritus,
1385 3000 1440 3055 in
1474 3001 1732 3072 mysterio
1767 3002 2027 3056 tradentis

2114 1902 2205 1954 τοῦ
2236 1904 2495 1972 πόματος
2516 1904 2543 1954 6
2576 1903 2647 1972 μὴ
2671 1904 3001 1973 κεκτημένος
3028 1906 3083 1955 ἐν
3113 1904 3189 1974 τῷ
3211 1902 3468 1975 κρυπτξη
3500 1903 3597 1954 ἐὰν
3626 1918 3690 1953 τε

2115 1993 2252 2065 ἔχων
2283 1996 2350 2048 τά
2386 1995 2484 2065 τῆς
2510 1994 2731 2065 καρδίας
2761 1994 2942 2061 ἀγαθὰ
2977 1996 3051 2066 μὴ
3085 1995 3376 2066 δημοσιεύῃ
3415 1994 3493 2064 τῷ
3522 1994 3692 2062 λόγῳ,

2115 2085 2431 2157 λεχθήσεται
2458 2088 2605 2158 αὐτῷ
2625 2106 2637 2118 ’
2668 2091 2857 2158 Σοφία
2893 2084 3285 2155 κεκρυμμένη,
3322 2086 3417 2137 καὶ
3463 2088 3698 2149 θησαυ-

2109 2178 2218 2247 ρὸς
2249 2178 2505 2248 ἀφανὴς,
2551 2181 2641 2247 τίς
2671 2182 2920 2251 ὠφέλεια
2959 2181 3027 2233 ἐν
3065 2177 3410 2249 ἀμφοτέροις
3424 2193 3444 2240 ;
3491 2176 3699 2247 Διόπερ

2116 2273 2197 2334 είς
2232 2272 2329 2342 μὲν
2370 2272 2477 2325 τῶν
2505 2272 2706 2344 ἐτέρων
2734 2273 3003 2343 ὠφέλιμον
3042 2270 3150 2339 (70)
3182 2269 3243 2322 τὸ
3271 2269 3442 2340 στόμα
3470 2285 3576 2339 μου
3603 2268 3700 2318 λα-

2116 2362 2274 2415 λείτω
2311 2363 2524 2432 σοφίαν,
2562 2365 2642 2426 είς
2681 2365 2738 2417 δὲ
2780 2364 2878 2434 τὴν
2899 2362 3173 2435 ἡμέτεραν
3201 2359 3377 2414 αὐτῶν
3405 2359 3701 2431 προκοπὴν

2119 2458 2153 2527 ἡ
2179 2456 2373 2528 καρδία
2394 2457 2668 2529 μελετάτω
2691 2456 2919 2510 σύνεσιν.
2937 2455 3133 2510 Κλινῶ
3156 2459 3243 2521 είς
3257 2454 3612 2523 παραϐολὴν
3632 2454 3697 2505 τὸ

2120 2548 2377 2619 οὖςΙμου,
2394 2550 2692 2615 ἁνοίξωὲν
2706 2550 3014 2617 ψαλτηρίῳ
3028 2550 3093 2601 τὸ
3110 2546 3415 2615 πρόϐλημά
3422 2562 3564 2615 μου.
3575 2545 3701 2598 Ἔτι

2121 2644 2181 2698 τὸ
2213 2642 2404 2697 ἑαυτοῦ
2438 2643 2727 2715 πρόσωπον
2762 2641 3069 2711 συνίστησιν
3096 2640 3125 2693 6
3154 2641 3463 2711 Προφήτης,
3491 2639 3582 2690 ἴνα
3621 2636 3705 2707 μὴ

2122 2734 2580 2807 εὐκαταφρόνητοι
2608 2727 2738 2788 ὦσιν
2762 2734 2811 2787 οἱ
2836 2733 2979 2802 λόγοι
3001 2732 3075 2797 ὡς
3101 2731 3207 2786 ἀπὸ
3233 2729 3577 2803 ἀνθρωπίνης
3610 2731 3699 2782 εὑ-

2128 2828 2328 2899 ρέσεως
2348 2827 2761 2900 προφερόμενοι.
2795 2824 2859 2879 Ἀ
2876 2824 3216 2895 διδάσκομαι,
3252 2823 3401 2894 φησὶ,
3427 2823 3582 2894 παρά
3604 2821 3701 2875 τοῦ

2126 2919 2462 2991 Πνεύματος,
2491 2917 2662 2973 ταῦτα
2698 2920 2823 2989 ὑμῖν
2849 2916 3162 2986 ἀναγγέλλω
3194 2916 3328 2983 (71),
3352 2914 3502 2967 οὐδὲν
3538 2917 3567 2966 ὲ
3616 2924 3697 2974 ον,

2127 3010 2276 3063 οὐδὲν
2304 3009 2637 3080 ἀνθρώπινον
2665 3007 2836 3075 λέγων
2855 3024 2867 3037 ·
2900 3006 3015 3061 ἀλλ’
3052 3003 3240 3074 ἐπειδὴ
3284 3004 3550 3073 κατήκοος
3578 3014 3703 3068 εγε-

464 3095 619 3149 nobis
649 3095 819 3162 ipsam
852 3093 945 3148 Dei
976 3094 1323 3164 sapientiam,
1367 3094 1551 3163 aperio
1584 3095 1737 3149 vobis
1768 3102 1822 3149 et
1851 3094 2026 3148 mani-

2139 3102 2300 3172 νόμην
2331 3100 2438 3154 τῶν
2472 3099 2868 3171 προϐλημάτων
2910 3098 3001 3152 τοῦ
3029 3097 3359 3167 Πνεύματος,
3400 3083 3457 3147 ἐν
3496 3110 3702 3164 μυστη-

466 3182 661 3236 festam
690 3180 830 3236 facio
860 3184 1311 3251 propositionem,
1332 3184 1516 3254 aperio
1546 3192 1721 3239 autem
1751 3200 1855 3239 non
1875 3184 2030 3239 aliter

466 3290 624 3344 quam
657 3289 755 3343 per
788 3275 1127 3344 psalterium.
1156 3273 1449 3329 Estautem
1482 3275 1798 3346 psalterium
1828 3278 2031 3332 instru-

467 3374 706 3418 mentum
744 3366 1036 3431 musicum,
1068 3380 1231 3421 sonos
1263 3368 1526 3422 concinne
1584 3368 1815 3424 reddens
1851 3370 1916 3422 ad
1942 3384 2033 3424 vo-

471 3456 553 3512 cis
578 3456 1020 3513 modulationem.
1062 3458 1345 3514 Rationale
1384 3460 1547 3530 igitur
1579 3460 1895 3530 psalterium
1920 3470 2031 3515 tum

470 3550 705 3605 maxime
732 3552 997 3621 aperitur,
1037 3567 1157 3607 cum
1197 3551 1438 3607 actiones
1502 3554 1842 3608 sermonibus
1900 3569 2033 3608 con—

472 3654 746 3701 sentaneae
777 3645 1080 3700 redduntur
1104 3661 1168 3701 ac
1191 3647 1506 3701 concordes.
1548 3646 1616 3700 Et
1651 3645 1739 3700 ille
1766 3654 1847 3701 est
1876 3645 2035 3716 spiri-

473 3736 621 3791 tuale
647 3737 982 3807 psalterium,
1007 3738 1097 3806 qui
1129 3736 1257 3792 fecit
1287 3745 1339 3791 et
1361 3736 1559 3791 docuit.
1596 3736 1695 3791 Hic
1731 3736 1781 3790 in
1816 3737 2037 3805 psalmis

474 3828 647 3897 aperit
673 3830 1116 3899 propositionem,
1149 3828 1595 3884 documentorum
1623 3828 2034 3897 possibilitatem

477 3935 575 3976 suo
634 3921 805 3990 ipsius
854 3920 1100 3990 exemplo
1160 3933 1486 3989 proponens.
1536 3918 1818 3987 Tanquam
1877 3921 2039 3991 igitur

482 4009 682 4064 nullius
721 4011 798 4065 rei
834 4011 1171 4066 inconcinna!
1195 4019 1287 4065 aut
1318 4010 1514 4064 rationi
1549 4010 1907 4067 dissentanea:
1938 4012 2039 4068 sibi

479 4102 535 4154 in
558 4100 665 4155 vita
693 4101 964 4165 conscius,
997 4102 1068 4155 ita
1093 4100 1425 4156 conﬁdenter
1449 4115 1727 4157 sermones
1753 4113 2042 4173 sequentes

478 4193 706 4264 profert.
734 4192 843 4249 Cur
865 4194 1054 4247 timebo
1090 4193 1145 4247 in
1185 4194 1271 4247 die
1300 4190 1483 4246 mala?
1522 4191 1787 4260 Iniquitas
1810 4194 2043 4250 calcanei

480 4289 581 4341 mei
610 4304 712 4341 non
743 4284 1088 4341 circumdabit
1118 4301 1218 4339 me.
1261 4283 1454 4337 Malam
1485 4286 1647 4350 diem,
1687 4286 1870 4356 iudicii
1901 4287 2043 4343 diem

480 4378 629 4441 dicit,
662 4379 728 4433 de
761 4393 865 4447 qua
899 4377 1103 4432 dictum
1134 4385 1216 4430 cst
1241 4392 1255 4428 :
1285 4375 1406 4430 Dies
1437 4375 1649 4430 Domini
1680 4380 2043 4433 immedicabi-

2134 3192 2232 3266 ρίῳ
2266 3190 2645 3261 παραδιδόντος
2686 3193 2815 3262 ἡμῖν
2843 3191 2941 3262 τὴν
2970 3189 3062 3243 τοῦ
3090 3188 3223 3242 Θεοῦ
3260 3188 3467 3257 σοφίαν,
3500 3184 3705 3252 ἀνοίγω

2131 3284 2263 3354 ἡμῖν
2292 3282 2387 3334 καὶ
2419 3280 2646 3352 φανερὸν
2676 3280 2968 3351 καθίστημι
2996 3280 3054 3332 τὸ
3082 3279 3391 3349 πρόϐλημα,
3419 3277 3622 3344 ἀνοίγω
3643 3273 3701 3327 δὲ

2132 3374 2228 3444 οὐχ
2260 3372 2461 3445 ἑτέρως
2493 3372 2526 3444 ἢ
2568 3372 2654 3425 διὰ
2685 3372 2999 3443 ψαλτηρίου.
3035 3373 3189 3425 Ἔστι
3220 3371 3278 3424 δὲ
3310 3370 3368 3423 τὸ
3404 3369 3700 3440 ψαλτήριον

2133 3465 2360 3536 ὄργανον
2388 3464 2661 3535 μουσικὸν,
2692 3463 3025 3535 ὲναρμονίως
3066 3466 3191 3526 τοὺς
3224 3462 3489 3532 φθόγγους
3517 3459 3702 3513 ἀποδι-

2137 3558 2227 3612 δὸν
2254 3558 2390 3632 πρὸς
2421 3557 2516 3628 τὴν
2544 3559 2607 3610 ὲκ
2640 3556 2822 3627 φωνῆς
2854 3554 3134 3627 μελῳδίαν.
3168 3555 3241 3608 Τὸ
3273 3554 3447 3607 τοίνυν
3486 3552 3703 3620 λογικὸν

2135 3650 2429 3723 ψαλτήριον
2471 3649 2588 3703 τότε
2626 3649 2898 3716 ἀνοίγεται
2952 3648 3199 3719 μάλιστα,
3233 3647 3360 3699 ὅταν
3388 3648 3440 3699 αἱ
3475 3644 3703 3715 πράξεις

2137 3737 2240 3797 ὦσι
2290 3740 2591 3813 συμφώνως
2639 3742 2751 3802 τοῖς
2785 3739 2963 3807 λόγοις
3006 3739 3399 3809 ἀποδιδόμεναι.
3438 3736 3705 3799 mam;

2141 3837 2257 3888 ἐστι
2288 3834 2649 3905 πνευματικὸν
2672 3832 2987 3903 ψαλτήριον,
3019 3834 3049 3885 ὁ
3082 3833 3313 3902 ποιήσας
3344 3831 3436 3883 καὶ
3464 3828 3703 3893 διδάξας.

2141 3921 2307 3989 Οὗτος
2350 3925 2407 3977 ὲν
2442 3924 2671 3995 ψαλμοῖς
2712 3924 2913 3993 ἀνοίγει
2947 3924 3007 3977 τὸ
3034 3923 3344 3995 πρόϐλημα,
3389 3922 3450 3974 τὸ
3484 3921 3706 3975 δυνατὸν

2141 4018 2246 4073 τῶν
2286 4016 2622 4088 διδαγμάτων
2669 4018 2733 4068 ἐκ
2773 4015 2868 4068 τοῦ
2916 4013 3035 4069 καθ’
3082 4016 3270 4068 ἑαυτὸν
3317 4013 3709 4082 ὑποδείγματος

2142 4108 2434 4181 προτιθείς.
2478 4108 2562 4171 Ὡς
2590 4102 2681 4161 οὖν
2710 4106 2876 4179 μηδὲν
2906 4107 3262 4178 ἀνάρμοστον,
3306 4105 3437 4176 μηδὲ
3480 4103 3709 4173 ἐκμελὲς

2143 4201 2321 4272 ἐαυτῷ
2357 4199 2607 4260 συνειδὼς
2634 4197 2773 4253 κατά
2797 4199 2887 4252 τὸν
2917 4198 3053 4269 βίον,
3083 4198 3253 4261 οὕτως
3293 4199 3349 4249 ἐν
3387 4196 3709 4265 πεποιθήσει

2145 4298 2377 4350 ποιεῖται
2405 4295 2529 4357 τοὺς
2550 4293 2739 4363 λόγους
2763 4294 2887 4355 τοὺς
2913 4290 3127 4360 ἐφεξῆς·
3165 4292 3287 4344 Ἵνα
3337 4289 3395 4342 τί
3418 4287 3709 4357 φοϐοῦμαι

2146 4388 2214 4442 ἐν
2245 4387 2435 4457 ἡμέρᾳ
2464 4382 2733 4454 πονηρὼ
2781 4384 2851 4438 Ἠ
2892 4382 3109 4451 ἀνομία
3145 4378 3255 4447 τῆς
3291 4376 3549 4446 πτέρνης
3589 4394 3708 4446 μου

480 4467 545 4522 lis
561 4469 605 4501 δι
636 4469 688 4523 in
717 4482 902 4524 omnes
945 4476 1166 4537 gentes:
1192 4466 1243 4520 in
1273 4481 1397 4537 qua,
1428 4467 1503 4521 ait
1536 4468 1818 4537 propheta,
1848 4485 2031 4524 unum-

2150 4484 2223 4537 οὑ
2253 4479 2548 4536 κυκλώσει
2564 4497 2640 4549 με
2672 4476 2804 4548 (72).
2834 4474 3079 4546 Πονηράν
3113 4472 3322 4544 ἡμέραν
3355 4472 3452 4542 τὴν
3481 4470 3579 4541 τῆς
3604 4471 3709 4541 κρξο

553 4633 597 4666 ³¹
625 4633 783 4689 Rom.
808 4651 865 4700 κ,
900 4634 987 4689 10,
1064 4634 1111 4667 δο
1138 4633 1307 4690 Eccli.
1333 4650 1425 4699 xx,
1455 4633 1543 4687 '52.
1620 4634 1663 4665 “
1688 4634 1787 4688 lsa.
1814 4651 1933 4700 xm,
1960 4637 2011 4692 9.

556 4773 669 4845 (68)
700 4775 775 4829 ita
816 4774 945 4826 editi
989 4789 1112 4828 cum
1151 4774 1330 4845 Regiis
1357 4782 1511 4828 sexto
1549 4784 1603 4827 et
1628 4774 1911 4845 secundo.
1947 4773 2056 4845 ᾼΙίἰ

486 4842 579 4928 seat
605 4916 618 4927 .
644 4842 773 4900 mss.
816 4844 1145 4917 Ἐκκλησίαν
1193 4843 1287 4897 τοῦ
1334 4844 1561 4913 Κυρίου,
1612 4842 1900 4897 Ecclesium
1943 4843 2055 4897 Do-

487 4931 638 4967 mtm.
678 4930 681 4933 ’
710 4952 721 4965 .

561 4985 673 5053 (69)
730 4984 821 5038 Sic
872 4999 1007 5040 mss.
1061 4985 1321 5055 quinque.
1388 4984 1522 5052 Reg.
1558 4984 1824 5038 secundus
1890 5000 2059 5055 προσ-

490 5055 708 5127 ενέγκῃ.
735 5055 877 5127 Editi
920 5070 1046 5109 vero
1078 5054 1225 5108 ’cum’
1250 5054 1426 5127 Regio
1481 5057 1671 5127 quinto
1701 5054 2047 5125 προενέγκει.

492 5128 640 5198 llaud
663 5126 826 5198 longe
854 5126 985 5198 Reg.
1014 5128 1209 5198 tertius
1242 5126 1595 5198 δημοσιεύσῃ.

565 5197 676 5270 (70)
702 5193 879 5270 Editio
900 5193 1070 5270 Rasil.
1102 5210 1223 5270 cum
1254 5193 1431 5270 Regiis
1452 5193 1689 5270 secundo
1718 5205 1787 5270 et_
1806 5202 1960 5249 sexto
1998 5193 2060 5246 τὸ

492 5265 765 5340 ἑκατέρων
798 5267 1092 5340 ὠφέλιμον,
1113 5272 1166 5317 et
1202 5267 1273 5318 ita
1320 5266 1511 5340 legisse
1538 5267 1745 5340 videtur
1774 5265 2060 5340 interpres,

494 5342 583 5407 qui
612 5335 790 5394 vertat
814 5357 828 5392 :
852 5335 931 5390 Ad
967 5335 1241 5407 utriusque
1270 5335 1444 5389 usum.
1480 5337 1551 5391 At
1592 5335 1756 5389 editio
1782 5335 1956 5407 Paris.
2007 5343 2062 5386 et

495 5404 662 5463 codex
707 5408 949 5463 Comhet‘.
988 5422 1111 5461 cum
1150 5404 1277 5460 aliis
1326 5419 1555 5472 quatuor
1606 5412 1660 5458 ct
1707 5418 1827 5458 cum
1859 5404 2059 5459 Catena

495 5479 723 5532 tzorder.
753 5487 812 5531 ut
838 5479 891 5531 in
915 5486 1085 5540 textu,
1118 5477 1269 5529 bene.
1300 5475 1495 5529 Statim
1536 5476 1672 5544 Reg.
1712 5476 1905 5529 tertius
1931 5490 2064 5544 καρ-

494 5548 581 5600 δία
612 5564 731 5616 μου.
754 5548 821 5600 At
846 5548 995 5601 deest
1033 5563 1133 5616 μου
1166 5545 1217 5598 in
1242 5548 1401 5600 editis
1432 5555 1487 5600 et
1520 5546 1572 5599 in
1605 5544 1725 5598 aliis
1755 5558 1886 5597 mss.

570 5615 680 5685 (71)
707 5616 816 5671 Sic.
855 5617 994 5672 Oliv.
1023 5615 1073 5670 ct
1096 5615 1303 5684 Anglic.
1337 5631 1460 5669 cum
1489 5616 1609 5669 aliis
1652 5622 1888 5683 quatuor
1931 5628 2061 5669 mss.

496 5696 555 5740 et
605 5701 726 5740 cum
781 5686 1015 5741 editione
1070 5685 1233 5741 Basil.
1293 5690 1364 5740 At
1412 5685 1703 5740 Colbertini
1752 5686 1971 5753 quintus
2012 5692 2066 5739 et

501 5763 685 5811 sextus
723 5770 845 5810 cum
876 5757 1044 5825 Regio
1070 5758 1228 5812 tertio
1257 5767 1310 5813 ct
1336 5772 1457 5811 cum
1488 5754 1685 5809 Catena
1715 5754 1940 5810 Corder.
1966 5756 2062 5810 ἁν-

504 5824 1099 5889 aweiéimnnuntiabo.
1131 5826 1306 5884 Editio
1355 5834 1531 5883 nostra
1589 5826 1762 5881 Paris.
1800 5826 2063 5893 ἀναγγέλ-

2156 4780 2251 4832 λω.
2282 4776 2404 4831 Μοι
2432 4773 2558 4829 editi
2592 4786 2711 4826 cum
2780 4768 2913 4835 Reg.
2954 4767 3155 4836 quinto,
3188 4763 3351 4830 λέγω.
3385 4761 3456 4815 At
3490 4760 3628 4816 Oliv.
3662 4768 3716 4812 et

2156 4848 2363 4915 Anglic.
2394 4859 2517 4915 cum
2545 4841 2663 4896 aliis
2692 4834 2903 4915 septem
2920 4834 3050 4915 mss.
3098 4834 3295 4915 λέγων.
3376 4902 3390 4915 _
3556 4900 3576 4915 ‘
3607 4898 3621 4915 ν

2231 4900 2359 4988 (ἦν)
2380 4914 2554 4988 Editio
2583 4900 2811 4988 ιιῐιτιηιίρ
2868 4907 3029 4988 Βθεξι.
3057 4914 3109 4988 et
3138 4902 3417 4988 Pangaea.
3447 4900 3717 4988 κυκλῴσει

2208 4972 2254 5050 εξ
2306 4972 2430 5039 Non
2471 4972 2814 5037 circumdabit
2843 4993 2942 5050 me.
2973 4975 3075 5050 Sed
3108 4987 3282 5050 neque
3326 4972 3511 5038 Hebr.,
3548 4986 3718 5037 neque

2210 5045 2327 5122 XX,
2358 5068 2532 5132 neque
2562 5065 2692 5105 mss.
2736 5047 2900 5130 nostri
2932 5045 3251 5132 particulam
3276 5052 3571 5125 negantem
3611 5056 3716 5122 ἐς·

2159 5113 2370 5183 hibent.
2399 5113 2537 5177 Hinc
2572 5120 2845 5191 contentio
2878 5113 3148 5191 esit___inter
3176 5113 3721 5191 peritissiinosziros

2163 5182 2413 5252 Dircaeum
2440 5201 2494 5246 et
2520 5188 2918 5245 Combeﬁsium.
2952 5184 3062 5258 Hic
3106 5183 3350 5258 vocul_am
3380 5182 3708 5258 ot’i_retine_n-

2163 5248 2315 5329 dam,
2333 5263 2428 5318 ille
2456 5260 2730 5316 delendam
2758 5271 2877 5311 esse
2909 5253 3225 5329 existimat;
3242 5248 3717 5329 Fayetpucmoli-

2163 5320 2385 5391 brorum
2417 5346 2546 5387 mss.
2584 5334 2881 5383 auctoritas
2923 5340 2937 5377 :
2999 5323 3143 5377 {avet
3187 5320 3512 5376 Comheﬁsio
3556 5320 3719 5391 series

2163 5388 2445 5483 orationis,
2493 5414 2631 5483 quae,
2685 5406 2746 5483 ut
2804 5402 2972 5483 patet,
3009 5388 3720 5483 vocplﬂamuophnecesrsario

2166 5458 2352 5547 angit.
2384 5458 2489 5528 Aut
2510 5458 2677 5543 igni"
2706 5458 3085 5547 Basiliscum
3117 5463 3229 5515 ’τευ
3255 5458 3723 5547 praesul“???

2170 5528 2431 5602 memoria
2464 5528 2565 5597 est’
2584 5557 2597 5592 :
2633 5548 2726 5591 aut
2777 5538 2830 5590 in
2882 5533 3063 5601 aliquo
3090 5531 3385 5602 exemplari
3437 5530 3501 5583 οὐ
3534 5528 3723 5602 legisse

2172 5598 2445 5688 putandus
2470 5620 2602 5688 _e_st.
2634 5609 2823 5688 Utrum
2857 5598 2997 5688 pou;
3016 5602 3179 5688 iacile
3216 5598 3723 5688 οἰξοιξξιιιλιιρςςιιιιι

2173 5670 2322 5743 certe
2341 5681 2627 5750 contigisse
2658 5675 2907 5750 oportuit.
2963 5671 3071 5750 sed
3123 5670 3237 5727 sive
3266 5670 3496 5750 Rasilius
3522 5680 3724 5750 memof

2172 5736 2415 5826 ἐῐείίριὶιβ
2464 5736 2618 5826 aliqua
2651 5736 2948 5826 conlidens,
3006 5740 3139 5796 falso
3157 5736 3725 5826 crediderithogloca

2173 5811 2486 5893 particulam
2514 5811 2574 5873 οὐ
2598 5821 2649 5874 in
2679 5818 2956 5880 Scriptura
3000 5812 3243 5880 reperiri,
3290 5812 3401 5867 sive
3462 5813 3513 5865 in
3549 5811 3726 5865 Bibliis
