3978 6410
224 440 325 488 457
1322 445 1604 503 HOMILIA
1642 450 1707 503 IN
1744 428 2070 507 PSALMUM
2109 448 2338 505 XLVIII.
3377 461 3475 519 tss

225 572 367 616 σεως
399 554 567 622 λέγει,
602 557 732 627 περὶ
772 549 840 627 ἧς
884 556 1115 628 εἴρηταιο
1151 560 1371 628 Ἡμέρα
1404 565 1624 631 Κυρίου
1650 566 1817 619 ἀνία-

1921 580 2187 635 quemque
2247 565 2658 621 circumdabunl
2691 569 2918 624 consilia
2977 586 3071 626 sua
3092 573 3161 630 λ’.
3194 574 3343 630 Tunc
3373 579 3476 631 ξω..

225 665 332 714 τος
355 648 466 701 ἐπὶ·
480 646 654 700 πάντα
672 648 739 700 τὰ
769 648 915 719 ἔθνη,
954 651 1011 707 ἐν
1038 645 1093 724 ᾖ,
1127 652 1290 722 φησὶν
1324 656 1353 707 ὁ
1379 657 1684 727 προφήτης,
1718 658 1801 710 ὅτι

1921 672 2032 725 lue,
2059 657 2184 725 quia
2236 656 2373 710 nihil
2410 671 2438 709 a
2474 671 2559 712 me
2596 658 2769 729 iniqui
2822 660 2875 714 in
2928 659 3049 715 vita!
3076 662 3158 716 via
3205 674 3473 731 patratum

226 738 499 794 κυκλώσει
532 740 755 794 ἕκαστον
783 741 851 794 τὰ
882 742 1157 798 διαϐούλια
1187 745 1373 799 αὑτοῦ.
1405 750 1538 802 Τότε
1575 747 1688 813 οῦν,
1716 751 1802 805 διὰ

1921 756 2011 809 :st,
2043 744 2238 799 malam
2276 761 2381 800 non
2411 745 2608 800 timebo
2653 746 2816 801 diem.
2850 746 2983 801 Nam
3016 760 3357 815 peccatorum
3383 767 3476 806 ve-

226 830 290 882 τὸ
324 829 487 900 μηδέν
524 847 610 900 μοι
650 830 961 900 πεπράχθαι
993 832 1190 903 ἄνομον
1231 837 1288 889 ὲν
1320 841 1385 908 τῇ
1419 838 1524 908 ὁδῷ
1569 842 1635 910 τῇ
1660 839 1803 892 κατά

1921 837 2066 905 stigia
2097 853 2202 892 non
2237 851 2321 891 me
2355 837 2783 901 circumsistent,
2818 854 2989 907 neque
3037 840 3472 909 circumdabunt,

227 920 320 973 τὸν
353 920 485 990 βίον,
518 920 578 973 οὐ
619 921 890 992 φοϐοῦμαι
918 922 1016 993 τὴν
1050 926 1262 996 ἡμέραν
1298 928 1396 998 τὴν
1425 930 1683 1001 πονηράν.
1726 931 1800 983 Οὐ

228 1012 339 1083 γὰρ
361 1013 745 1083 περιστήσεταί
771 1032 858 1085 μοι
882 1016 950 1068 τά
984 1016 1105 1086 ίχνη
1136 1019 1240 1071 τῶν
1265 1021 1689 1091 ἡμαρτημένων,
1713 1023 1805 1074 οὐ·

228 1107 289 1159 δὲ
346 1105 614 1161 κυκλώσει
679 1124 766 1178 με,
814 1109 872 1160 ὲν
927 1112 993 1180 τῇ
1045 1111 1307 1184 σιωπὼσῃ
1360 1114 1662 1185 κατηγορίᾳ
1715 1112 1804 1167 τὸν

229 1196 454 1268 ἐλεγχόν
495 1215 585 1267 μοι
629 1198 918 1266 ἐπάγοντα.
949 1198 1137 1262 υύδεὶς
1169 1200 1278 1269 γάρ
1324 1218 1414 1252 σου
1448 1200 1633 1271 ἔτερος
1680 1218 1812 1253 κατ-

231 1289 431 1359 ἡγορος
461 1288 715 1357 στήσεται
745 1287 776 1358 ἢ
814 1288 976 1340 αὑταὶ
1003 1290 1058 1340 αἰ
1099 1288 1326 1358 πράξεις
1370 1288 1506 1358 μετὰ
1536 1290 1634 1359 τῆς
1671 1289 1807 1352 ἰδίας

235 1381 450 1451 μορφῆς
478 1380 680 1451 ἑκάστη
712 1382 1086 1452 παρισταμένη
1112 1398 1126 1411 ο
1152 1384 1185 1452 ἡ
1218 1381 1447 1452 μοιχεία,
1483 1384 1515 1452 ή
1550 1381 1745 1453 κλοπὴ,
1776 1384 1809 1453 ὴ

235 1472 480 1543 πορνεία,
531 1471 667 1542 μετά
700 1472 800 1540 τῆς
833 1473 1043 1535 νυκτὸς,
1090 1473 1226 1542 μετά
1271 1473 1364 1524 τοῦ
1404 1474 1626 1544 τρόπου,
1673 1474 1810 1543 μετὰ

233 1561 342 1614 τῶν
376 1561 883 1633 χαρακτηριζόντων
911 1561 1076 1630 αὐτὴν
1122 1562 1446 1633 ἰδιωμάτων,
1490 1562 1585 1615 καὶ
1636 1562 1811 1628 ἁπαξ-

234 1651 441 1715 απλῶς,
477 1653 676 1723 ἑκάστη
714 1652 953 1723 ἁμαρτία
1000 1653 1135 1722 μετά
1175 1653 1267 1706 τοῦ
1296 1653 1426 1706 ἰδίου
1466 1654 1811 1725 χαρακτῆρος

238 1744 444 1814 ὲναργῆ
472 1744 708 1814 φέρουσα
737 1744 832 1815 τὴν
864 1745 1164 1814 ὑπόμνησιν
1190 1746 1616 1815 παραστήσεται.
1678 1744 1808 1815 Ἐμὲ

1909 930 2069 983 tacita
2120 928 2467 983 accusatione
2524 943 2612 983 me
2669 928 3026 1000 objurgantia.
3090 930 3276 986 Nullus
3329 934 3473 986 enim

1911 1020 2052 1073 alius
2082 1027 2370 1074 accusator
2400 1020 2476 1073 tui
2529 1020 2774 1084 sistetur,
2810 1036 2971 1090 quam
3006 1022 3116 1090 ipsa
3151 1022 3313 1086 facta,
3348 1039 3472 1077 cum

1911 1125 2008 1164 sua
2042 1124 2270 1179 quaeque
2320 1109 2493 1164 forma
2550 1110 2784 1165 astantia
2819 1112 3206 1176 :adulterium,
3238 1113 3471 1179 .furtum,

1912 1212 2178 1272 stuprum,
2218 1216 2337 1255 cum
2370 1211 2552 1267 nocte,
2589 1218 2710 1257 cum
2756 1205 2939 1269 modo,
2976 1220 3097 1259 eum
3138 1205 3477 1273 proprietati-

1913 1290 2014 1345 bus
2040 1292 2093 1345 id
2133 1291 2565 1360 designantibus,
2599 1301 2653 1348 et
2688 1295 2739 1348 in
2776 1309 3005 1357 summa,
3046 1297 3471 1365 unumquodque

1915 1390 2193 1450 peccatum
2220 1396 2342 1436 cum
2376 1384 2595 1452 preprio
2635 1385 2950 1438 charactere
2993 1387 3335 1455 producetur,
3364 1387 3476 1441 cla—

1912 1486 2027 1525 ram
2056 1469 2287 1526 aﬁ‘erens
2318 1472 2764 1528 recordationem.
2796 1473 2878 1526 Me
2903 1475 3068 1543 igitur
3101 1476 3320 1545 vestigia
3346 1490 3472 1544 pec-

1913 1572 2157 1616 catorum
2192 1577 2298 1616 non
2344 1563 2748 1618 circumdabunt
2778 1584 2790 1618 :
2820 1566 3014 1634 quippe
3046 1566 3171 1634 quia
3216 1566 3470 1619 inclinavi

1912 1654 1963 1707 in
2001 1655 2312 1723 parabolam
2354 1670 2540 1709 aurem
2581 1671 2776 1721 meam,
2823 1666 2878 1711 et
2911 1658 3097 1725 aperui
3126 1658 3178 1711 in
3209 1656 3466 1727 psalterio

1911 1746 2334 1814 propositionem
2364 1762 2561 1803 meam.

235 1832 329 1889 οὖν
378 1837 439 1889 ού
484 1837 748 1890 κυκλώσει
780 1839 847 1892 τὰ
879 1838 995 1909 ῖχνη
1039 1840 1144 1891 τῶν
1184 1841 1610 1911 ἡμαρτημένων·
1664 1840 1797 1893 διότι
1835 1838 2043 1895 έκλινον
2065 1842 2143 1905 εἰς
2168 1842 2478 1913 παραϐολὴν
2515 1843 2576 1895 τὸ
2614 1837 2707 1905 οῦς
2746 1860 2870 1914 μου,
2910 1843 3096 1914 ἦνοιξα
3118 1847 3174 1899 ὲν
3198 1844 3479 1917 ψαλτηρίῳ

236 1928 301 1980 τὸ
327 1928 615 2000 πρόϐλημά
647 1947 765 2000 μου.

308 2022 360 2074 5.
379 2023 440 2074 Ol
465 2023 809 2086 πεποιθότες
839 2021 937 2074 ἐπὶ
966 2021 1040 2090 τῇ
1067 2022 1315 2092 δυνάμει
1342 2026 1558 2087 αὐτῶν,
1587 2024 1683 2077 καὶ
1708 2022 1807 2076 ἐπὶ

1979 2022 2032 2075 5.
2070 2019 2233 2074 Vsus.
2266 2018 2317 2073 7.
2339 2016 2439 2081 Qui
2472 2017 2738 2085 conﬁdunt
2764 2019 2816 2071 in
2844 2018 3029 2073 virtute
3047 2029 3226 2086 sua,et
3256 2023 3313 2074 in
3336 2023 3477 2076 mul-

238 2112 320 2177 τῷ
352 2111 565 2180 πλήθει
590 2110 695 2165 τοῦ
720 2114 987 2167 πλούτου
1011 2113 1208 2167 αὐτῶν
1245 2114 1634 2184 καυχώμενοι.
1661 2115 1808 2186 Πρὸς

237 2202 332 2256 δύο
354 2202 616 2273 πρόσωπα
644 2202 722 2273 τῷ
746 2203 1004 2275 Προφήτῃ
1029 2206 1056 2257 ὁ
1088 2203 1242 2273 λόγος
1273 2205 1385 2257 ἐστί
1405 2221 1419 2234 ο
1446 2205 1579 2275 πρός
1611 2222 1670 2257 τε
1708 2221 1809 2275 γη-

238 2300 416 2366 γενεῖς
444 2298 536 2350 καὶ
569 2297 704 2369 πρὸς
730 2299 855 2362 τοὺς
888 2298 1192 2362 πλουσίους.
1220 2300 1343 2363 Τοῖς
1376 2300 1471 2370 μὲν
1502 2300 1609 2370 γὰρ
1642 2298 1811 2351 διαλέ-

238 2406 414 2458 γεται,
470 2388 745 2460 καθαιρῶν
789 2391 889 2463 τὴν
918 2392 1010 2443 ἐπὶ
1034 2394 1098 2463 τῇ
1122 2391 1348 2462 δυνάμει
1393 2390 1572 2444 αὐτῶν
1612 2390 1808 2460 οἴησιν,

239 2485 351 2545 τοῖς
369 2482 427 2536 δὲ
456 2482 553 2553 τὴν
583 2482 674 2538 ἐπὶ
698 2485 763 2554 τῇ
800 2483 908 2553 (75)
942 2483 1226 2555 περιουσίᾳ
1261 2482 1371 2536 τῶν
1402 2482 1694 2555 κτημάτων
1720 2483 1814 2536 ἐπ·

241 2591 420 2645 αρσιν.
473 2575 677 2645 Ὑμεῖς,
710 2575 893 2646 φησὶν,
941 2576 990 2627 οἰ
1025 2575 1342 2638 πεποιθότες
1368 2576 1459 2628 ἐπὶ
1490 2578 1555 2646 τῇ
1585 2575 1812 2645 δυνάμει

241 2664 437 2717 αὐτῶν.
480 2658 636 2717 Οὗτοι
668 2665 774 2735 γὰρ
801 2665 850 2717 οἰ
878 2668 1147 2735 γηγενεῖς,
1172 2666 1221 2717 οἰ
1259 2663 1401 2734 ἰσχύϊ
1441 2662 1688 2735 σώματος
1720 2665 1815 2716 ὲπ-

243 2754 570 2819 ελπίζοντες,
611 2757 704 2809 καὶ
723 2755 955 2826 οἰόμενοι
978 2756 1224 2826 αὐτάρκη
1248 2752 1385 2807 εἶναι
1414 2754 1512 2825 τὴν
1545 2754 1817 2825 ἀνθρωπί-

243 2864 342 2916 νην
366 2846 524 2917 φύσιν
551 2846 688 2918 πρὸς
711 2848 770 2900 τὸ
793 2847 1031 2912 δυνατῶς
1057 2847 1321 2902 ἐπιτελεῖν
1348 2847 1383 2902 ἃ
1412 2847 1678 2919 βούλεται.
1708 2848 1817 2901 Καὶ

246 2939 426 3009 ὑμεῖς,
463 2939 645 3009 φησὶν,
676 2940 725 2991 οἱ
765 2939 1082 3003 πεποιθότες
1110 2942 1200 2993 ἐπὶ
1231 2940 1458 2995 πλούτου
1507 2942 1813 3013 ἀδηλότητι,

246 3030 536 3085 ἀκούσατε.
563 3030 786 3100 Λύτρων
820 3031 947 3101 ὑμῖν
974 3032 1131 3101 χρεία
1173 3031 1309 3103 πρὸς
1343 3033 1402 3085 τὸ
1431 3032 1633 3103 εἰςντὴν
1666 3033 1817 3085 ἐλευο

248 3124 435 3193 θερίαν
470 3121 832 3192 ἐξαιρεθῆναι,
857 3124 922 3193 ἣν
948 3123 1259 3195 ἀφῃρέθητε
1296 3125 1605 3195 νικηθέντες
1637 3128 1699 3196 τῇ
1731 3125 1820 3197 βίᾳ

246 3211 342 3264 τοῦ
376 3211 641 3275 διαϐόλου,
666 3212 746 3274 ὃς,
778 3214 1117 3285 ὑποχειρίους
1137 3215 1280 3285 ὑμᾶς
1304 3214 1504 3280 λαϐὼν,
1535 3216 1594 3269 οὐ
1630 3216 1821 3287 πρότε-

251 3319 344 3374 ρον
370 3302 472 3372 τῆς
510 3304 700 3358 ἑαυτοῦ
730 3292 1041 3375 τυραννίδος
1073 3305 1285 3375 ἀφίησι,
1330 3307 1458 3377 πρὶν
1492 3307 1557 3359 ἄν
1592 3326 1698 3360 τινι
1725 3308 1819 3361 λύ-

246 3411 361 3465 τρῳ
396 3394 655 3466 ἀξιολόγῳ
692 3395 935 3459 πεισθεὶς
971 3395 1400 3463 ἀνταλλάξασθαι
1435 3399 1579 3467 ὑμᾶς
1609 3399 1816 3468 ἕληται.

250 3490 341 3540 Δεῖ
363 3483 456 3541 οῦν
488 3487 549 3541 τὸ
579 3487 771 3559 λύτρον
816 3488 888 3558 μὴ
925 3487 1179 3557 ὁμογενὲς
1203 3485 1338 3542 εἶναι
1382 3492 1493 3553 τοῖς
1526 3490 1822 3561 κατεχομέ-

246 3594 381 3642 νοις,
405 3578 540 3632 ἀλλὰ
562 3578 740 3649 πολλῷ
762 3577 1141 3648 διαφέρεινιτῴ
1168 3578 1368 3650 μέτρῳ,
1398 3580 1445 3630 εί
1474 3579 1657 3648 μέλλοι
1680 3581 1821 3633 ἑκὼν

246 3669 480 3738 ἀφήσειν
534 3669 631 3739 τῆς
682 3668 922 3730 δουλείας
979 3668 1103 3729 τοὺς
1164 3668 1564 3737 αἰχμαλώτους.
1625 3669 1821 3740 Διόπερ

249 3758 479 3829 ἀδελφὸς
506 3758 648 3829 ὑμᾶς
673 3758 782 3831 (74)
819 3755 1196 3828 λυτρώσασθαι
1227 3758 1286 3811 ού
1311 3757 1546 3811 δύναται.
1584 3758 1825 3829 Ἀνθρω-

249 3869 352 3916 πος
402 3852 512 3923 γὰρ
559 3850 732 3913 οὐδεὶς
784 3849 1005 3912 δυνατός
1054 3851 1171 3902 ἐστι
1227 3852 1410 3902 πεῖσαι
1453 3849 1543 3901 τὸν
1581 3850 1822 3903 διάϐολον

250 3944 389 4017 πρὸς
435 3944 496 3998 τὸ
526 3942 617 3996 τὸν
661 3941 805 4006 ἆπαξ
839 3941 986 4011 αύτῷ
1022 3942 1359 3994 ὑποπεσόντα
1404 3940 1676 4004 ἐξελέσθαι
1717 3940 1824 3995 ἀπὸ

248 4037 351 4106 τῆς
382 4033 626 4098 ἐξουσίας
646 4049 659 4062 ’
690 4032 747 4095 ὃς
783 4049 846 4101 γε
885 4031 1004 4084 οὐδὲ
1036 4031 1163 4102 περὶ
1197 4030 1303 4083 τῶν
1333 4031 1475 4084 ἰδίων
1499 4032 1827 4102 ἁμαρτημά-

251 4144 361 4182 των
405 4120 516 4188 οἷός
545 4124 604 4177 τέ
640 4127 755 4177 ἐστι
786 4123 1049 4194 ὲξίλασμα
1078 4122 1256 4176 δοῦναι
1287 4123 1363 4193 τῷ
1395 4124 1532 4195 Θεῷ.
1581 4124 1704 4187 Πῶς
1733 4119 1824 4178 οῦν

253 4217 464 4288 ἰσχύσει
493 4214 650 4268 τοῦτο
678 4215 815 4287 ὑπὲρ
850 4215 1035 4286 ἐτέρου
1070 4214 1306 4287 πρᾶξαι;
1344 4215 1406 4266 Τί
1438 4216 1480 4268 δ’
1511 4215 1576 4269 ἂν
1609 4216 1703 4269 καὶ
1735 4234 1823 4270 το-

254 4307 445 4362 σοῦτον
495 4309 752 4377 κτήσαιτο
788 4307 846 4359 ἐν
879 4304 956 4374 τῷ
999 4305 1154 4359 αἰῶνι
1198 4305 1390 4375 τούτῳ,
1440 4305 1515 4368 ὡς
1558 4303 1825 4376 αὔταρκες

253 4403 398 4474 ἔχειν
434 4402 534 4472 τῆς
565 4401 744 4471 ψυχῆς
770 4400 1122 4469 ἀντάλλαγμα
1144 4401 1243 4469 τῆς
1269 4398 1427 4467 φύσει
1460 4399 1665 4467 τιμίας,
1693 4399 1825 4452 διότι

253 4496 375 4549 κατ’
413 4494 594 4547 εἰκόνα
628 4492 718 4545 τοῦ
759 4492 1041 4555 κτίσαντος
1076 4490 1244 4561 αὐτὴν
1279 4491 1529 4559 ὲγένετο;
1564 4492 1722 4554 Ποῖος
1770 4492 1827 4544 δὲ

254 4589 502 4658 κάματος
538 4585 629 4639 τοῦ
656 4584 948 4648 ἐνεστῶτος
975 4583 1165 4648 αἰῶνος
1197 4582 1467 4654 αῦταρκες
1499 4584 1709 4652 ἐφόδιον
1734 4582 1823 4636 τοῦ

1910 2113 2127 2167 litudine
2154 2111 2453 2165 divitiarum
2486 2127 2701 2165 suarum
2728 2109 3045 2180 gloriantur.
3077 2113 3157 2165 Ad
3203 2112 3335 2167 duas
3365 2129 3481 2184 per-

1910 2219 2075 2261 sonas
2102 2203 2386 2272 Prophetae
2419 2215 2598 2256 sermo
2621 2211 2733 2255 est:
2778 2209 2832 2256 et
2869 2202 2933 2255 ad
2971 2202 3290 2270 terrigenas,
3327 2215 3382 2259 et
3408 2207 3476 2259 ad

1913 2296 2127 2350 divites.
2154 2293 2275 2348 lllos
2299 2293 2441 2348 enim
2479 2292 2791 2362 alloquitur,
2823 2293 2902 2349 sic
2932 2302 2991 2348 ut
3019 2295 3476 2351 existimationem

1912 2402 2074 2456 quam
2108 2385 2175 2442 de
2200 2399 2259 2439 se
2292 2384 2424 2454 ipsis
2459 2384 2528 2438 ob
2570 2384 2867 2453 potentiam
2917 2395 3298 2455 conceperant,
3323 2402 3480 2442 ever-

1916 2487 2026 2534 tat:
2058 2477 2158 2533 hos
2193 2490 2346 2539 vero,
2407 2474 2487 2531 sic
2520 2482 2578 2528 ut
2616 2476 2863 2531 destruat
2915 2475 3155 2545 ipsorum
3202 2477 3271 2531 ob
3315 2490 3478 2547 opum

1914 2568 2120 2638 copiam
2143 2567 2455 2622 elationem.
2480 2565 2610 2632 Vos,
2637 2567 2832 2637 inquit,
2867 2568 2957 2636 qui
2999 2568 3050 2621 in
3079 2575 3253 2622 vestra
3276 2567 3482 2623 virtute

1915 2659 2203 2716 conﬁditis.
2235 2658 2300 2713 Hi
2338 2658 2481 2713 enim
2511 2667 2635 2713 sunt
2678 2658 2979 2726 terrigenas,
3011 2658 3100 2728 qui
3144 2659 3196 2713 in
3238 2658 3480 2728 corporis

1915 2752 2122 2806 viribus
2153 2765 2302 2821 spem
2360 2757 2589 2819 ponunt,
2624 2758 2679 2804 et
2714 2749 3001 2804 humanam
3038 2761 3283 2804 naturam
3329 2749 3481 2804 διιθί-

1918 2844 2147 2899 cientem
2203 2856 2322 2897 esse
2364 2850 2581 2911 putant,
2636 2841 2704 2897 ad
2756 2850 2978 2897 strenue
3004 2841 3328 2910 perﬁcienda
3360 2856 3481 2912 quae

1917 2934 2053 2989 vult.
2096 2932 2161 2987 Et
2189 2949 2306 2998 vos,
2341 2933 2535 3002 inquit,
2572 2934 2663 3003 qui
2725 2934 2778 2987 in
2846 2934 3053 2988 incerto
3102 2934 3408 2988 divitiarum
3434 2933 3480 2965 “

1921 3025 2171 3080 ﬁduciam
2204 3024 2491 3089 habuistis,
2521 3023 2724 3078 audite.
2759 3023 2942 3078 Pretio
2974 3025 3354 3093 redemptionis
3382 3039 3481 3078 vo-

1919 3115 2002 3169 bis
2026 3128 2160 3182 opus
2198 3122 2302 3179 est,
2337 3120 2395 3167 ut
2441 3111 2763 3167 asseramini
2795 3115 2846 3167 in
2873 3112 3197 3178 libertatem,
3220 3128 3325 3184 qua
3353 3128 3480 3183 spo-

1921 3203 2035 3258 liati
2064 3203 2263 3270 fuistis,
2296 3204 2348 3258 vi
2377 3203 2576 3258 diaboli
2610 3203 2763 3267 victi,
2802 3204 2892 3272 qui
2950 3204 3191 3274 captivos
3222 3219 3319 3260 vos
3349 3206 3480 3260 reti-

1923 3310 2077 3363 nens,
2105 3310 2211 3350 non
2234 3295 2385 3365 prius
2407 3310 2435 3348 a
2467 3309 2565 3349 sua
2586 3294 2871 3365 tyrannide
2898 3294 3051 3350 abire
3083 3294 3282 3350 liberos
3315 3295 3481 3361 sinet,

1922 3402 2086 3455 quam
2129 3387 2398 3453 condigno
2434 3385 2615 3455 aliquo
2678 3385 3066 3455 redemptionis
3098 3386 3271 3456 pretio
3314 3386 3485 3440 addu-

1923 3487 2062 3542 ctus,
2101 3487 2408 3546 permutare
2446 3492 2542 3533 vos
2595 3477 2743 3534 velit.
2804 3476 3037 3532 Proinde
3105 3477 3486 3547 redemptionis

1923 3570 2153 3641 pretium
2189 3584 2295 3623 non
2344 3567 2583 3635 ejusdem
2608 3567 2823 3638 generis
2872 3582 2993 3623 esse
3028 3578 3242 3636 oportet
3266 3583 3388 3623 cum
3419 3568 3485 3622 iis

1923 3661 2016 3732 qui
2071 3659 2409 3724 detinentur,
2445 3659 2538 3713 sed
2586 3658 2747 3713 modo
2781 3673 3141 3727 mensuraque
3171 3658 3324 3727 longe
3346 3673 3484 3726 prae-

1925 3752 2178 3818 stantius,
2205 3752 2249 3807 si
2274 3751 2513 3805 futurum
2544 3759 2629 3807 est
2658 3758 2718 3805 ut
2742 3750 2931 3806 lubens
2957 3752 3198 3821 captivos
3226 3751 3485 3805 servitute

1880 3836 1890 3847 ”
1924 3842 2138 3897 liberet.
2171 3840 2528 3908 Quamobrem
2552 3839 2721 3895 frater
2735 3854 2829 3895 vos
2860 3855 3195 3910 nequaquam
3221 3840 3487 3895 redimere

1925 3934 2088 3989 valet.
2124 3932 2313 3988 Nullus
2343 3932 2482 3987 enim
2507 3932 2665 3997 homo
2698 3933 3023 4003 persuadere
3049 3932 3261 3988 diabolo
3293 3932 3482 4002 possit,

1927 4038 1987 4083 ut
2015 4043 2136 4083 eum
2185 4027 2275 4097 qui
2322 4026 2425 4081 sibi
2478 4026 2750 4093 subjectus
2797 4028 2960 4082 semel
2993 4035 3096 4091 est,
3125 4042 3189 4081 ex
3222 4036 3487 4096 potestate

1927 4134 2025 4175 sua
2059 4119 2269 4174 eximat
2298 4135 2312 4170 :
2346 4119 2434 4187 qui
2472 4118 2680 4173 scilicet
2711 4134 2777 4173 ne
2805 4134 2901 4188 pro
2930 4119 3042 4173 suis
3074 4120 3289 4188 quidem
3327 4118 3487 4188 180

1925 4211 2163 4281 peccatis
2220 4210 2329 4263 Deo
2362 4215 2522 4276 queat
2567 4206 2835 4275 piaculare
2886 4207 3209 4261 sacriﬁcium
3268 4204 3482 4258 offerre.

1927 4302 2206 4370 Quomodo
2236 4300 2401 4370 igitur
2430 4299 2626 4368 poterit
2676 4299 2729 4352 id
2773 4312 2873 4367 pro
2924 4296 3030 4351 alio
3074 4296 3319 4350 efﬁcere?
3349 4294 3487 4362 Quid

1926 4407 2115 4449 rursus
2147 4391 2277 4445 tanti
2323 4389 2479 4458 pretii
2523 4387 2575 4441 in
2609 4389 2712 4442 hoc
2758 4387 2958 4443 saeculo
2988 4386 3307 4456 possederit,
3340 4395 3398 4438 ut
3434 4383 3487 4439 id

1928 4501 2048 4543 eum
2086 4485 2266 4538 anima
2309 4496 2428 4551 quae
2459 4480 2695 4549 pretiosa
2724 4489 2809 4534 est
2834 4488 3055 4543 natura,
3089 4477 3280 4531 idonee
3318 4475 3489 4546 possit

1936 4575 2282 4641 commutari,
2332 4572 2596 4641 siquidem
2624 4573 2690 4626 ad
2716 4570 2993 4627 Creatoris
3032 4568 3318 4636 imaginem
3345 4568 3488 4621 facta

259 4679 539 4751 μέλλοντος
570 4676 763 4741 αἰῶνος
792 4679 856 4747 τῇ
884 4674 1193 4747 ἀνθρωπίνῃ
1218 4675 1396 4747 ψυχῇ;
1428 4674 1690 4729 Τοσοῦτον
1727 4676 1818 4746 μὲν

1932 4678 2039 4724 est.
2077 4667 2262 4735 Qualis
2293 4676 2471 4722 autem
2496 4665 2646 4719 labor
2668 4662 2950 4735 prresentis
2973 4661 3149 4717 saeculi
3167 4675 3286 4715 esse
3318 4659 3491 4730 possit

254 4767 349 4827 οῦν
378 4771 737 4841 ἁπλούστερον
776 4766 948 4821 ταῦτα
993 4768 1345 4839 νενοήκαμεν.
1380 4766 1496 4821 Κᾶν
1533 4767 1642 4820 τῶν
1688 4767 1818 4838 μέγα

1935 4777 2032 4833 pro
2063 4761 2244 4816 futuro
2287 4759 2480 4815 sazculo
2511 4759 2762 4812 viaticum
2807 4755 3080 4811 suﬁiciens
3123 4755 3368 4809 humana:
3396 4769 3492 4807 na-

254 4882 343 4928 τις
364 4862 677 4934 δυναμένων
710 4862 767 4914 ὲν
795 4859 872 4929 τῷ
894 4859 991 4929 βίῳ
1016 4857 1186 4930 τούτῳ
1210 4856 1346 4912 εἶναι
1372 4860 1523 4929 δοκῇ,
1557 4858 1660 4911 κᾶν
1688 4859 1826 4929 πλῆ-

257 4957 349 5021 θος
369 4956 613 5028 κτήσεως
639 4950 1095 5024 περιϐεϐλημένος
1121 4947 1177 5022 ᾖ,
1202 4950 1436 5004 διδάσκει
1464 4948 1705 5003 καθεῖναι
1728 4950 1827 5019 τῆς

256 5050 483 5119 οίήσεως
519 5049 547 5100 ὁ
566 5044 741 5112 λόγος,
769 5043 864 5097 καὶ
890 5040 1285 5110 ταπεινωθῆναι
1307 5040 1411 5094 ὑπὸ
1438 5040 1534 5112 τὴν
1564 5039 1829 5111 κραταιὰν

257 5144 415 5213 χεῖρα
459 5137 555 5192 τοῦ
595 5136 751 5213 Θεοῦ,
799 5135 894 5190 καὶ
940 5136 1074 5206 μήτε
1123 5120 1215 5186 ἐπὶ
1241 5133 1571 5206 νομιζομένῃ
1603 5132 1830 5202 δυνάμει

258 5210 615 5292 πεποιθέναι,
649 5230 784 5299 μήτε
818 5228 910 5280 ἐπὶ
946 5225 1024 5297 τῷ
1058 5224 1250 5297 πλήθει
1283 5224 1376 5277 τοῦ
1412 5224 1642 5277 πλούτου
1694 5240 1829 5276 καυσ-

259 5319 478 5392 χᾶσθαι.
513 5316 743 5371 Δυνατδν
771 5316 951 5387 μέντοι
979 5317 1071 5369 καὶ
1111 5316 1301 5387 μικρόν
1336 5333 1386 5368 τι
1425 5315 1836 5387 προσαναϐῆναι

257 5417 325 5484 τῇ
354 5411 577 5484 διανοίᾳ,
611 5410 704 5464 καὶ
732 5410 857 5472 τοὺς
895 5407 1222 5470 πεποιθότας
1263 5406 1353 5458 ἐπὶ
1388 5408 1451 5476 τῇ
1482 5406 1707 5477 δυνάμει
1740 5407 1838 5459 αὑ-

338 5550 385 5582 ¹⁵⁹
413 5547 538 5605 Ose.
559 5563 656 5615 vn,
695 5547 750 5601 2.
825 5544 870 5576 ⁸³
898 5544 919 5599 Ι
949 5545 1089 5602 Tim.
1114 5560 1190 5611 Vl,
1212 5544 1300 5600 17.
1372 5544 1457 5598 “l
1490 5542 1632 5598 Pelr.
1658 5559 1710 5609 γ,
1740 5542 1791 5597 6.

264 5689 535 5744 mendosis
566 5689 640 5743 ita
672 5684 893 5756 iegerit:
930 5684 1184 5756 quoniam
1211 5690 1389 5756 tamen
1434 5682 1607 5737 oratio
1630 5678 1749 5735 sine
1769 5678 1829 5731 οὐ

264 5762 540 5813 cohaerere
593 5775 698 5813 non
728 5754 901 5825 posse
958 5755 1191 5819 videtur,
1244 5754 1446 5809 idcirco
1478 5766 1599 5807 eam
1645 5764 1832 5805 vocem

268 5831 600 5885 retinendam
631 5824 1143 5892 es-‘ejudicavinuts.

338 5900 447 5963 (75)
481 5899 617 5955 Editi
670 5890 776 5964 τὴν
801 5899 855 5949 ὲν
888 5896 974 5963 τῇ.
1008 5896 1073 5949 At
1112 5910 1242 5951 mss.
1274 5892 1424 5948 multi
1471 5892 1567 5961 τὴν
1609 5890 1703 5946 ἐπὶ
1734 5891 1818 5959 τῇ.

1937 4857 2111 4912 tune?
2142 4856 2415 4911 llactenus
2451 4854 2670 4923 quidem
2721 4854 2837 4908 haec
2883 4853 3180 4922 simplicius
3227 4851 3492 4907 intellexi-

1937 4966 2078 5005 mus.
2117 4948 2342 5003 Etiamsi
2389 4947 2512 5016 quis
2560 4946 2614 4999 in
2664 4945 2766 5000 hac
2790 4945 2900 4999 vita
2948 4960 3270 5015 magnopere
3300 4960 3491 5015 p0teus

1935 5042 2036 5095 sibi
2073 5055 2193 5095 esse
2222 5039 2488 5101 videatur,
2534 5036 2747 5091 etiamsi
2796 5036 3101 5091 divitiarum
3145 5036 3295 5106 copia
3328 5037 3494 5105 stipa-

1934 5142 2019 5187 tus
2054 5131 2145 5195 sit,
2173 5144 2299 5186 eum
2332 5142 2510 5184 sermo
2543 5130 2700 5186 docet
2720 5128 2859 5183 hanc
2877 5126 3018 5181 illam
3042 5125 3492 5181 existimationem

1936 5224 2227 5291 deponere,
2260 5229 2424 5290 atque
2462 5220 2803 5278 humiliatum
2854 5231 2975 5274 esse
3015 5218 3113 5272 sub
3155 5215 3358 5286 potenti
3398 5212 3495 5268 Dei

1939 5328 2099 5367 manu
2118 5310 2184 5377 “,
2230 5320 2282 5367 et
2318 5326 2493 5383 neque
2521 5310 2575 5365 in
2606 5325 2668 5365 ea
2699 5325 2861 5379 quam
2910 5309 3090 5362 animo
3118 5306 3353 5374 concipit
3400 5318 3497 5374 po-

1941 5404 2107 5459 tentia
2149 5403 2336 5470 ﬁdere,
2364 5416 2537 5472 neque
2576 5400 2627 5455 in
2682 5414 2841 5469 opum
2876 5399 3220 5475 multitudine
3252 5393 3494 5466 gloriari.

1940 5671 2134 5730 Statim
2166 5668 2305 5738 Reg.
2344 5658 3060 5738 secundusﬁrt‘trﬁ‘éaugtbv
3081 5658 3323 5738 δυνάμει.

2011 5740 2124 5813 (74)
2155 5726 2230 5813 ua
2251 5726 2515 5813 "mssa;
2558 5734 2693 5813 editi
2734 5726 2901 5813 ἡμᾶς.
2940 5730 3063 5813 tto:
3109 5726 3494 5813 edit'io_Paris.

1942 5799 2063 5869 cuin
2093 5799 2241 5864 Colh.
2269 5815 2420 5862 sexto
2451 5799 2933 5876 'Avaw-Iroé'ydp:
2970 5804 3126 5876 Deest
3151 5800 3260 5871 γάρ
3299 5799 3352 5855 in
3403 5814 3497 5855 εει

1935 5899 2065 5942 mss.
2102 5876 2326 5952 perinde
2360 5885 2520 5946 atque
2549 5872 2604 5931 in
2635 5872 3061 5930 editione'Basil.
