3978 6410
516 439 622 495 459

1849 427 1905 482 5.
1947 425 2188 481 BASlLli
2225 424 2439 481 MAGN!

3647 425 3744 479 ΗΘ

519 556 630 611 Imo
664 566 948 620 possumus
992 551 1153 601 etiam
1206 556 1437 602 mentem
1468 546 1623 616 paulo
1654 546 1812 599 altius
1849 545 2075 612 erigere,

2183 540 2308 603 τῶν,
2342 541 2436 592 καὶ
2469 540 2560 592 ἐπὶ
2592 539 2667 609 τῷ
2707 538 2899 608 πλήθει
2928 536 3021 590 τοῦ
3054 538 3279 592 πλούτου
3322 542 3498 595 αυτῶν
3534 560 3749 609 καυχω-

516 658 570 698 et
592 658 687 697 eos
722 645 811 708 qui
846 642 899 694 in
931 655 1025 693 sua
1062 639 1299 707 potentia
1346 639 1641 700 confidunt,
1668 652 1732 689 ac
1766 637 1831 689 de
1854 649 2075 688 suarum

519 734 826 788 divitiarum
857 731 1009 798 copia
1035 730 1354 798 gloriantur,
1386 730 1452 783 de
1492 743 1684 781 animae
1739 726 2080 781 facultatibus

520 826 841 894 intelligere,
885 832 1069 891 utpote
1106 836 1225 889 qua:
1253 836 1318 875 ne
1366 821 1479 889 ipsa
1514 820 1728 888 quidem
1768 834 1864 885 per
1891 833 1949 872 se
1976 817 2077 871 sibi

517 915 793 971 suﬁiciens
820 914 889 967 sit
926 914 993 967 ad
1030 913 1279 966 salutem.
1318 910 1449 963 Nam
1503 909 1713 962 etiamsi
1745 909 1867 977 quis
1903 907 2081 978 perfe-

518 1017 636 1059 ctus
666 1004 737 1059 sit
772 1004 823 1058 in
862 1003 984 1058 filiis
1029 1003 1325 1063 hominum,
1372 1001 1415 1055 si
1467 1001 1559 1053 Dei
1613 999 1873 1067 sapientia
1916 999 2077 1063 absit,

521 1113 618 1165 pro
646 1096 815 1151 nihilo
856 1094 1213 1163 reputabitur.
1265 1094 1417 1158 Quod
1472 1092 1515 1145 si
1547 1091 1814 1160 quispiam
1862 1089 1963 1144 sibi
1998 1104 2082 1143 co-

519 1188 658 1255 piam
693 1186 1210 1254 contemplationum
1242 1200 1308 1238 ex
1338 1184 1605 1237 mundana
1635 1181 1898 1250 sapientia
1930 1196 2079 1235 com-

518 1280 811 1348 paraverit,
854 1288 908 1332 et
949 1279 1211 1347 quasdam
1256 1275 1583 1345 cognitionis
1613 1274 1830 1329 divitias
1857 1274 2081 1327 sortitus

519 1370 610 1431 sit,
638 1385 851 1424 omnem
900 1369 1085 1423 audiat
1116 1368 1192 1421 rei
1244 1368 1523 1420 veritatem
1561 1385 1574 1421 :
1603 1380 1814 1434 nempe,
1846 1366 2078 1419 animam

517 1477 731 1515 onmem
761 1462 1051 1515 humanam
1092 1461 1441 1515 succubuisse
1474 1459 1617 1513 malo
1646 1458 1927 1512 servitutis
1952 1458 2081 1528 iugo

519 1550 820 1604 communis
850 1552 1089 1603 omnium
1122 1551 1357 1616 inimici;
1393 1556 1445 1604 et
1473 1564 1534 1603 ea
1565 1565 1726 1617 quam
1758 1564 1787 1601 a
1823 1549 2083 1605 Creatore

520 1652 804 1711 acceperat
830 1641 1080 1695 libertate
1102 1641 1385 1711 privatam,
1419 1640 1687 1708 captivam
1722 1641 1939 1695 ductam
1960 1656 2082 1696 esse

518 1748 614 1804 per
654 1743 954 1800 peccatum.
999 1730 1117 1786 Jam
1174 1749 1299 1786 vero
1339 1734 1557 1800 captivo
1615 1732 1762 1786 omni
1813 1746 1949 1801 opus
1999 1740 2082 1786 est

519 1824 905 1893 redemptionis
950 1825 1123 1892 pretio
1164 1824 1229 1876 ad
1281 1824 1583 1877 libertatem
1628 1824 2075 1891 recuperandam.

521 1916 700 1984 Neque
744 1916 908 1984 igitur
933 1916 1099 1969 frater
1139 1914 1367 1968 fratrem
1406 1931 1561 1970 suum
1587 1925 1760 1982 potest
1789 1915 2074 1977 redimere,
2108 1894 2149 1948 Β

518 2022 695 2075 neque
742 2007 881 2060 ullus
921 2022 980 2060 se
1023 2007 1229 2075 ipsum;
1262 2007 1404 2073 quod
1450 2008 1841 2075 redemptorem
1876 2022 1960 2069 eo,
1985 2008 2074 2075 qui

519 2099 764 2164 captivus
792 2106 895 2163 est,
929 2107 983 2151 et
1016 2097 1126 2167 jam
1151 2098 1338 2162 servit,
1364 2108 1578 2167 oportet
1614 2114 1731 2152 esse
1756 2099 1913 2167 longe
1939 2114 2078 2167 prae-

519 2189 856 2244 stantiorem.
886 2187 992 2242 Sed
1015 2199 1069 2243 et
1105 2204 1174 2244 ne
1209 2190 1315 2244 ullo
1333 2190 1547 2259 quidem
1578 2192 1733 2245 modo
1756 2206 1874 2245 eam
1910 2190 2078 2243 facul-

521 2291 681 2336 tatem
699 2281 859 2335 habet
882 2281 1043 2335 homo
1068 2295 1195 2351 erga
1220 2280 1413 2347 Deum,
1449 2290 1505 2335 ut
1535 2297 1631 2352 pro
1656 2292 1940 2352 peccatore
1957 2299 2077 2337 eum

518 2375 713 2444 placet,
744 2389 866 2429 cum
907 2382 962 2428 et
990 2374 1104 2443 ipse
1145 2375 1350 2444 peccati
1403 2374 1474 2429 sit
1523 2390 1669 2429 reus.
1702 2373 1894 2429 Omnes
1941 2377 2079 2430 enim

517 2477 876 2535 peccaverunt,
910 2477 956 2519 et
986 2474 1132 2534 egent
1154 2466 1321 2535 gloria
1349 2464 1466 2530 Dei,
1492 2466 1777 2534 justiﬁcati
1797 2468 1963 2536 gratis
1990 2484 2082 2535 per

516 2558 740 2626 gratiam
770 2558 959 2624 ipsius,
995 2572 1086 2625 per
1129 2558 1529 2626 redemptionem
1552 2573 1667 2627 qua:
1694 2566 1768 2612 est
1794 2558 1851 2612 in
1871 2556 2083 2612 Christo

514 2648 642 2702 Jesu
667 2648 887 2701 Domino
916 2658 1091 2701 nostro
1115 2649 1182 2700 ⁸⁵.

583 2741 638 2796 4.
677 2742 832 2795 \‘nns.
853 2742 905 2797 8.
940 2740 1059 2794 Non
1088 2740 1233 2793 dabit
1252 2754 1379 2809 ergo
1408 2739 1517 2794 Deo
1547 2740 1895 2809 placationem
1912 2758 2083 2807 suam,

513 2842 562 2885 et
605 2833 826 2900 pretium
870 2832 1239 2897 redemptionis
1278 2830 1470 2884 anima:
1508 2846 1637 2884 sum.
1688 2829 1872 2900 Neque
1923 2831 2087 2900 igitur

515 2924 739 2977 fratrem
792 2924 845 2977 in
907 2923 1327 2992 redemptionem
1403 2938 1646 2993 quaere,.
1680 2924 1775 2979 sed
1852 2924 2083 2993 aliquem

514 3015 609 3085 qui
644 3024 790 3069 tuam
814 3017 1040 3069 excedat
1069 3026 1313 3068 naturam
1343 3031 1359 3070 :
1384 3030 1555 3083 neque
1578 3016 1848 3071 hominem
1863 3017 2081 3079 nudum,

516 3108 611 3163 sed
644 3108 914 3162 hominem
944 3106 1111 3161 Deum
1137 3107 1321 3161 .lesum
1360 3107 1659 3172 Christum,
1682 3109 1774 3177 qui
1809 3109 1955 3163 solus
1988 3123 2085 3177 pro

517 3198 672 3252 nobis
700 3197 948 3251 omnibus
984 3199 1091 3251 Deo
1142 3198 1271 3252 dare
1308 3206 1483 3265 potest
1522 3198 1903 3266 placationem,
1938 3201 2081 3268 quod
2109 3233 2150 3291 ε

517 3304 640 3343 eum
672 3288 949 3357 Proposuit
982 3289 1120 3342 Deus
1151 3290 1570 3357 propitiationem
1594 3306 1684 3357 per
1700 3290 1855 3357 ﬁdem
1877 3291 1931 3343 in
1960 3307 2083 3344 san-

517 3382 670 3452 guine
696 3380 939 3450 ipsius“.
967 3380 1160 3435 Frater
1192 3391 1310 3435 erat
1343 3381 1504 3435 Israel
1540 3382 1785 3453 Moyses;
1823 3390 1879 3435 et
1908 3391 2081 3436 tamen

519 3474 693 3544 ipsum
747 3474 1009 3528 redimere
1041 3488 1144 3527 non
1176 3475 1368 3543 potuit.
1407 3474 1686 3540 Quomodo
1718 3474 1883 3542 igitur
1924 3474 2083 3528 homo

517 3566 717 3635 aliquis
753 3580 784 3619 e
830 3565 985 3633 vulgo
1031 3565 1330 3619 liberabit?
1378 3567 1738 3632 Quamobrem
1781 3566 1907 3620 illud
1962 3568 2080 3635 qui-

515 3659 636 3711 dem
670 3658 979 3725 pronuntiat
1006 3672 1020 3708 τ
1045 3654 1237 3709 Frater
1279 3672 1379 3709 non
1424 3656 1627 3707 redimit
1651 3668 1670 3706 :
1695 3658 1797 3709 hoc
1818 3669 1945 3709 vero
1961 3670 2081 3709 cum

516 3749 779 3819 gravitate
814 3763 908 3818 per
939 3749 1411 3819 interrogationem
1449 3748 1628 3801 subdit
1659 3764 1673 3801 :
1716 3746 1947 3800 Redimet
1985 3747 2080 3800 ho-

516 3842 641 3895 mo?
670 3838 784 3891 Non
817 3841 957 3893 enim
988 3854 1017 3892 ιι
1048 3851 1270 3908 peccato
1290 3839 1539 3909 populum
1569 3838 1819 3891 liberavit
1840 3836 2074 3908 Moyses,

516 3932 609 3983 sed
654 3929 745 3982 Dei
801 3930 870 3983 ob
922 3940 1199 3997 peccatum
1254 3930 1668 3984 commotionem
1719 3929 1936 3983 avertit.
1986 3929 2082 3983 liic

516 4022 677 4073 etiam
726 4035 792 4074 ne
839 4022 965 4074 dare
1010 4021 1225 4089 quidem
1264 4024 1437 4090 potuit
1482 4020 1842 4089 placationem
1886 4035 1981 4089 pro
2026 4036 2085 4076 se

518 4112 655 4179 ipso,
677 4126 797 4164 cum
836 4119 980 4165 esset
1015 4112 1068 4165 in
1122 4122 1363 4193 peccato.
1400 4112 1531 4166 Nam
1561 4120 1680 4181 post
1717 4121 1794 4165 tot
1833 4128 1895 4166 ac
1935 4121 2082 4166 tanta

515 4202 757 4272 prodigia
804 4218 867 4257 ac
917 4203 1067 4271 signa
1102 4220 1221 4273 quae
1254 4206 1478 4269 viderat,
1510 4220 1693 4259 vocem
1740 4204 1883 4258 illam
1930 4206 2083 4260 dubi-

518 4291 773 4344 tationem
806 4307 918 4359 ιιι-αι
974 4308 1034 4346 se
1083 4296 1341 4348 ferentem
1374 4295 1553 4349 emisit
1588 4311 1601 4347 :
1639 4295 1827 4349 Audite
1871 4313 1969 4359 me,
1997 4297 2081 4348 in-

516 4382 734 4436 creduli.
770 4382 1018 4453 Nunquid
1052 4400 1115 4438 ea:
1145 4396 1291 4455 petra
1317 4387 1413 4440 hac
1454 4390 1731 4441 educemus
1774 4404 1960 4456 aquam
1998 4406 2081 4443 vo-

517 4473 593 4525 bis
612 4473 655 4503 ‘7
683 4474 706 4525 ?
730 4474 1071 4544 Quapropter
1098 4487 1151 4530 et
1185 4477 1440 4532 Dominus
1470 4480 1538 4532 ob
1570 4480 1669 4532 hoc
1698 4479 1914 4532 verbum
1946 4478 2081 4531 dixit

2182 631 2375 703 μένους
2412 631 2599 700 νοῆσαι
2632 630 2723 683 ἐπὶ
2757 630 2865 682 τῶν
2896 630 3174 700 δυνάμεων
3197 632 3292 700 τῆς
3317 632 3512 701 ψυχῆς,
3544 634 3617 695 ὡς
3649 636 3747 688 οὑκ

2177 722 2495 785 αὐτοτελοῦς
2536 721 2701 792 οῦσης
2741 722 2849 775 οὐδ’
2900 722 3065 791 αὐτῆς
3111 721 3245 792 πρὸς
3293 724 3584 795 σωτηρίαν.
3641 726 3744 780 Καὶ

2179 818 2286 887 γὰρ
2309 814 2404 868 ἐὰν
2426 815 2626 878 τέλειός
2645 811 2780 885 τιςῇ
2807 816 2865 866 ὲν
2892 816 3023 877 υίοῖς
3046 813 3360 885 ἀνθρώπων,
3392 817 3491 887 τῆς
3524 818 3635 869 ἀπὸ
3657 818 3745 871 τοῦ

2178 906 2308 960 Θεοῦ
2349 906 2541 974 σοφίας
2577 905 2843 975 ἀπούσης,
2887 908 2966 968 είς
3002 906 3153 959 οὐδὲν
3187 907 3588 979 λογισθήσεται.
3630 911 3746 963 Κάν

2180 1000 2380 1071 πλῆθος
2521 999 3009 1070 περιπεποιημένος
3061 1001 3235 1071 ἑαυτῷ
3268 1001 3639 1073 θεωρημάτων
3685 1007 3749 1058 ἐκ

2178 1094 2277 1163 τῆς
2326 1092 2424 1145 τοῦ
2458 1092 2659 1161 κόσμου
2692 1092 2900 1161 σοφίας,
2942 1093 3035 1146 καὶ
3064 1092 3288 1146 πλοῦτόν
3333 1112 3453 1147 τινα
3493 1096 3750 1163 γνώσεως

2182 1183 2509 1256 συνειληχὼς
2531 1184 2663 1254 (75),
2689 1184 2929 1238 ἀκουέτω
2971 1186 3149 1237 πᾶσαν
3178 1185 3271 1238 τοῦ
3298 1188 3624 1258 πράγματος
3654 1192 3751 1260 τὴν

2181 1275 2437 1345 ἀλήθειαν
2454 1293 2465 1305 ·
2495 1276 2576 1328 ὅτι
2607 1276 2754 1328 πᾶσα
2782 1275 3092 1347 ἀνθρωπίνη
3112 1277 3255 1349 ψυχὴ
3282 1278 3527 1349 ὑπέκυψε
3549 1282 3627 1352 τῷ
3652 1299 3749 1335 πο-

2180 1368 2329 1438 νηρῷ
2363 1369 2460 1438 τῆς
2491 1368 2732 1431 δουλείας
2759 1367 2907 1438 ζυγῷ
2935 1368 3026 1421 τοῦ
3053 1368 3228 1422 κοινοῦ
3262 1371 3477 1424 πάντων
3512 1374 3713 1444 ἐχθροῦ
3732 1392 3745 1403 ’

2182 1461 2272 1513 καὶ
2314 1460 2411 1531 τὴν
2443 1460 2593 1531 παρά
2623 1459 2716 1512 τοῦ
2740 1461 3021 1524 κτίσαντος
3049 1461 3215 1532 αὐτὴν
3248 1462 3563 1533 ἐλευθερίαν
3588 1468 3750 1534 arpis:-

2184 1552 2418 1624 ρεθεῖσα,
2451 1553 2790 1623 αἰχμάλωτος
2816 1554 2951 1625 ἤχθη
2989 1554 3077 1608 διὰ
3112 1556 3209 1625 τῆς
3245 1556 3537 1627 ἁμαρτίας.
3578 1560 3749 1613 Παντὶ

2179 1644 2235 1696 δὲ
2276 1646 2602 1716 αἰχμαλώτῳ
2646 1646 2853 1716 λύτρων
2906 1648 3063 1717 χρεία
3112 1646 3246 1717 πρὸς
3284 1650 3382 1719 τὴν
3410 1649 3745 1721 ἐλευθερίαν.

2182 1736 2318 1789 Οῦτε
2347 1734 2438 1791 οὖν
2468 1737 2694 1807 ἀδελφὸς
2718 1739 2806 1791 τὸν
2836 1738 3029 1791 ἑαυτοῦ
3053 1740 3274 1809 ἀδελφὸν
3296 1741 3519 1794 δύναται
3544 1742 3749 1814 λυτρώ-

2184 1828 2395 1893 σασθαι,
2424 1828 2546 1881 οὔτε
2580 1830 2740 1892 αὐτὸς
2761 1830 2987 1893 ἕκαστος
3017 1831 3204 1883 ἑαυτόν
3223 1848 3235 1861 ·
3271 1832 3400 1885 διότι
3424 1834 3609 1904 πολλῷ
3632 1834 3749 1904 βελ-

2177 1920 2325 1972 τίονα
2357 1920 2436 1972 δεῖ
2480 1916 2616 1972 εἶναι
2659 1920 2749 1974 τὸν
2793 1920 3150 1992 λυτρούμενον
3197 1923 3289 1975 τοῦ
3334 1928 3747 1996 κεκρατημένοι»

2177 2013 2271 2065 καὶ
2299 2011 2638 2075 δουλεύοντος
2668 2013 2791 2082 ἤδη.
2833 2011 2991 2065 Ἀλλά
3028 2014 3121 2065 καὶ
3152 2013 3269 2066 οὐδὲ
3292 2015 3426 2077 ὅλως
3460 2016 3745 2087 ἄνθρωπος

2178 2103 2423 2169 ἐξουσίαν
2456 2104 2565 2173 ἔχει
2596 2104 2729 2173 πρὸς
2755 2103 2906 2170 Θεὸν,
2941 2105 3015 2165 ὼς
3039 2107 3133 2158 καὶ
3169 2105 3441 2169 ὲξιλᾶσθαι
3474 2108 3591 2178 (76)
3624 2109 3748 2181 περὶ

2176 2195 2577 2266 ἡμαρτηκότος,
2630 2196 2751 2248 ἐπεὶ
2792 2195 2885 2247 καὶ
2937 2196 3097 2259 αὐτὸς
3142 2197 3412 2267 ἁμαρτίας
3470 2199 3745 2263 ὑπόδικος.

2178 2287 2405 2353 Πάντες
2434 2286 2542 2355 γὰρ
2577 2287 2860 2355 ἥμαρτον,
2886 2288 2982 2340 καὶ
3010 2287 3395 2355 ὑστεροῦνται
3430 2288 3542 2356 τῆς
3564 2290 3749 2358 δόξης

2178 2380 2284 2434 τοῦ
2316 2379 2487 2443 Θεοῦ,
2529 2378 2924 2447 δικαιούμενοι
2970 2378 3196 2447 δωρεὰν
3220 2377 3295 2447 τῇ
3332 2378 3518 2433 αὐτοῦ
3558 2380 3749 2449 χάριτι

2179 2471 2275 2525 διὰ
2305 2472 2413 2539 τῆς
2431 2470 2893 2539 ἀπολυτρώσεως
2925 2468 3034 2538 τῆς
3060 2470 3131 2523 ἐν
3166 2470 3394 2538 Χριστῷ
3430 2472 3640 2540 Ἰησοῦ
3672 2474 3748 2538 τῷ

2180 2565 2373 2633 Κυρίῳ
2395 2564 2581 2633 ἡμῶν.

2252 2742 2303 2795 4.
2330 2744 2411 2795 Οὐ
2438 2739 2615 2795 δώσει
2640 2736 2732 2794 οῦν
2764 2740 2844 2807 τῷ
2877 2739 2999 2806 Θεῷ
3027 2741 3325 2811 ἐξίλασμα
3372 2743 3618 2803 ἑαυτοῦ,
3653 2744 3748 2797 και

2183 2832 2296 2901 τὴν
2310 2834 2488 2903 τιμὴν
2504 2833 2613 2901 τῆς
2634 2834 2982 2901 λυτρώσεως
2997 2832 3107 2901 τῆς
3132 2833 3331 2903 ψυχῆς
3352 2834 3561 2889 αὐτοῦ.
3596 2837 3748 2906 Μήτε

2184 2921 2277 2978 οῦν
2322 2925 2414 2977 τὸν
2468 2924 2693 2992 ἀδελφὸν
2723 2923 2875 2994 ζήτει
2919 2927 3001 2988 είς
3035 2925 3426 2997 ἀπολύτρωσιν,
3472 2927 3612 2980 ἀλλά
3658 2929 3748 2981 τὸν

2186 3014 2581 3088 ὑπερϐαίνοπά
2615 3032 2707 3068 σου
2739 3016 2837 3085 τὴν
2859 3015 3019 3083 φύσιν
3038 3033 3052 3047 ·
3093 3017 3229 3088 μήτε
3255 3017 3539 3088 ἄνθρωπον
3572 3019 3747 3087 ψιλὸν,

2185 3107 2298 3161 ἀλλ’
2336 3106 2620 3177 ἄνθρωπον
2656 3105 2787 3159 Θεὸν
2838 3106 3044 3177 Ἰησοῦν
3094 3108 3343 3178 Χριστὸν,
3376 3109 3434 3172 ὃς
3462 3109 3557 3161 καὶ
3589 3112 3749 3181 μόνος

2182 3200 2405 3253 δύναται
2433 3198 2611 3251 δοῦναι
2639 3196 2902 3268 ὲξίλασμα
2930 3198 3007 3268 τῷ
3035 3198 3151 3269 Θεῷ
3168 3198 3306 3270 ὑπὲρ
3324 3201 3544 3253 πάντων
3567 3201 3746 3271 ἡμῶν,

2183 3290 2264 3341 ὅτι
2302 3288 2462 3341 αὐτὸν
2517 3286 2799 3355 Προέθετο
2843 3290 2874 3340 ὁ
2922 3288 3064 3354 Θεὸς
3107 3287 3455 3356 ἱλαστήριον
3492 3289 3592 3343 διὰ
3637 3290 3749 3359 τῆς

2184 3380 2441 3444 πίστεως
2480 3380 2550 3431 ἐν
2598 3377 2676 3443 τῷ
2722 3379 2907 3432 αὑτοῦ
2953 3380 3169 3448 αἵματι.
3233 3379 3479 3448 Ἀδελφὸς
3529 3376 3599 3452 ἦν
3650 3383 3743 3435 τοῦ

2196 3469 2409 3540 Ἰσραὴλ
2441 3472 2468 3523 ὁ
2498 3471 2762 3536 Μωῦσῆς·
2788 3471 2880 3523 καὶ
2901 3472 3046 3540 ὅμως
3072 3470 3444 3542 λυτρώσασθαι
3463 3475 3627 3527 αὑτὸν
3647 3476 3746 3529 οὐκ

2181 3560 2421 3630 ἠδυνήθη
2453 3560 2585 3628 (77).
2624 3560 2745 3621 Πῶς
2772 3556 2864 3612 οῦν
2891 3560 2919 3610 ὁ
2957 3559 3133 3629 τυχὼν
3175 3559 3505 3630 λυτρώσεται
3531 3562 3744 3633 ἀνθρω-

2181 3669 2280 3715 πος
2301 3668 2314 3715 ;
2336 3652 2426 3705 Διὸ
2444 3652 2503 3704 τὸ
2534 3653 2630 3722 μὲν
2658 3652 3014 3721 ἀποφαίνεται
3034 3669 3045 3681 °
3090 3651 3374 3722 Ἀδελερός
3394 3657 3465 3707 οὐ
3492 3657 3748 3723 λυτροῦ-

2185 3761 2307 3797 ται’
2347 3744 2407 3797 τὸ
2439 3743 2495 3796 δὲ
2526 3742 2949 3815 ὲρωτηματικῶς
2975 3741 3112 3813 μετὰ
3136 3743 3434 3815 βαρύτητος
3461 3748 3742 3819 ἐπιφέρει⁸

2182 3835 2556 3903 Λυτρὼσεται
2584 3836 3012 3903 ἄνθρωπος;ού
3034 3836 3141 3908 γὰρ
3172 3836 3271 3906 τῆς
3296 3838 3566 3908 ἁμαρτίας
3582 3839 3742 3908 ἠλευ-

2182 3924 2386 3995 θέρωσε
2420 3925 2509 3977 τὸν
2531 3924 2676 3988 λαὸν,
2708 3923 2842 3977 ἀλλὰ
2872 3923 2965 3975 τοῦ
2996 3925 3128 3977 Θεοῦ
3154 3925 3253 3995 τὴν
3283 3928 3372 3978 ἐπὶ
3400 3931 3463 3998 τῇ
3500 3929 3744 3999 ἁμαρτίᾳ

2186 4018 2539 4089 παρῃτήσατο
2574 4017 2804 4085 κίνησιν.
2839 4011 3005 4081 Οὗτος
3050 4017 3105 4070 δὲ
3133 4022 3249 4074 οὐδὲ
3291 4021 3469 4074 δοῦναι
3500 4023 3740 4093 ἠδυνήθη

2182 4111 2449 4179 ἐξίλασμα
2497 4106 2710 4173 ἑαυτοῦ,
2756 4108 3044 4178 γενόμενος
3088 4111 3145 4163 ὲν
3186 4112 3620 4184 παραπτώματι·
3661 4117 3742 4168 ὅτι

2187 4203 2326 4274 μετὰ
2368 4190 2613 4255 τοσαῦτα
2647 4202 2739 4253 καὶ
2776 4200 3078 4270 τηλικαῦτα
3115 4204 3315 4275 τέρατα
3358 4209 3450 4258 καὶ
3479 4212 3679 4278 σημεῖα
3708 4208 3741 4261 ἀ

2181 4291 2311 4359 εἶδε,
2346 4294 2444 4365 τὴν
2468 4293 2815 4363 διστακτικὴν
2844 4292 3056 4364 ἐκείνην
3084 4295 3261 4364 ἀφῆκε
3296 4298 3494 4367 φωνήνο
3543 4300 3743 4353 Ἀκού-

2181 4386 2328 4442 σατέ
2360 4402 2497 4454 μου,
2523 4386 2577 4437 οἱ
2602 4383 2881 4449 ἀπειθεῖς.
2920 4384 3015 4453 Μὴ
3044 4385 3112 4438 ἐκ
3142 4385 3251 4455 τῆς
3280 4388 3493 4456 πέτρας
3524 4392 3744 4457 ταύτης

2182 4476 2474 4545 ἐξάεομεν
2498 4474 2608 4542 (78)
2634 4474 2775 4542 ὑμῖν
2800 4474 2985 4542 ﬁdem;
3012 4476 3206 4547 Διόπερ
3234 4479 3323 4530 καὶ
3354 4481 3381 4531 ὁ
3419 4480 3623 4551 Κύριος
3651 4483 3743 4534 ἐπὶ

518 4568 583 4619 ad
610 4568 761 4637 181
783 4568 999 4640 Moysen
1017 4580 1069 4623 et
1091 4573 1269 4625 Aaron
1295 4590 1309 4626 :
1331 4572 1467 4636 Quia
1496 4590 1596 4625 non
1619 4573 1912 4626 credidistis
1930 4574 2077 4638 mihi,

2184 4568 2261 4639 τῷ
2292 4568 2494 4638 ῥήματι
2528 4566 2698 4637 τούτῳ
2735 4561 2854 4618 εἶπε
2902 4567 3035 4638 πρὸς
3078 4570 3313 4639 Μωῦσῆν
3359 4572 3450 4622 καὶ
3496 4572 3740 4643 Ἀαρὼη.

519 4667 573 4707 ιιι
616 4659 1016 4727 sanctiﬁcaretis
1046 4678 1123 4715 me
1173 4679 1349 4716 coram
1376 4663 1504 4730 ﬁliis
1538 4663 1726 4729 Israel,
1754 4664 1815 4716 ob
1856 4664 1951 4716 hoc
1981 4681 2083 4717 non

518 4745 856 4801 introducetis
917 4768 1001 4803 vos
1054 4752 1188 4804 hanc
1257 4754 1707 4822 congregationem
1767 4754 1822 4804 in
1889 4762 2081 4806 terram

516 4852 669 4901 quam
702 4837 819 4889 dedi
861 4840 933 4892 eis
956 4840 1020 4894 ⁸⁸.
1064 4841 1177 4895 Non
1228 4842 1386 4913 igitur
1418 4858 1514 4911 pro
1544 4858 1603 4896 se
1634 4843 1748 4911 ipso
1786 4842 1931 4896 dabit
1974 4842 2083 4898 Deo

519 4925 895 4995 placationem.
915 4930 1051 4997 Quid
1080 4936 1221 4987 enim
1253 4934 1386 4988 tanti
1420 4944 1597 5005 potest
1626 4936 1782 4988 homo
1812 4934 2083 5000 invenire,

520 5031 579 5071 ιιι
605 5017 696 5073 (iet
725 5036 821 5089 pro
851 5024 1217 5091 redemptione
1264 5028 1457 5081 anima:
1484 5042 1594 5081 sua:
1620 5026 1642 5077 ?
1667 5026 1771 5079 Sed
1797 5040 1959 5077 unum
1997 5026 2078 5077 iu-

520 5122 735 5166 ventum
766 5122 868 5179 est,
896 5130 992 5183 pro
1012 5118 1261 5173 omnibus
1292 5120 1450 5174 simul
1477 5118 1781 5173 hominibus
1813 5116 2079 5172 sufﬁcien-

520 5206 818 5271 lissimutn,
876 5210 1017 5277 quod
1076 5212 1126 5264 in
1179 5212 1407 5280 pretium
1447 5208 1827 5278 redemptionis
1890 5212 2080 5262 anima:

592 5338 633 5369 "
666 5339 818 5395 llom.
870 5358 951 5407 ιιι,
996 5343 1085 5409 9.5,
1128 5343 1216 5398 2.1.
1290 5345 1335 5375 ⁸⁵
1366 5345 1496 5399 ibid.
1529 5345 1615 5398 25.
1694 5346 1737 5403 ⁸7
1770 5344 1929 5398 Nunt.
1964 5359 2057 5408 xx,
2092 5343 2177 5397 10.

592 5502 701 5572 (75)
737 5504 827 5557 Sic
861 5504 1010 5571 Regii
1038 5508 1325 5569 secundus,
1352 5508 1557 5569 tertius,
1582 5515 1805 5573 quartus
1858 5515 1911 5557 et
1950 5521 2075 5559 sex-

524 5581 608 5625 tus
629 5588 657 5644 ;A
695 5591 797 5626 non
828 5590 981 5628 secus
1040 5591 1099 5628 ac
1165 5577 1451 5630 (lolbertini
1507 5579 1761 5644 quintus,
1803 5589 1985 5632 sextus
2028 5586 2081 5630 et

522 5642 783 5718 septimus
806 5660 941 5718 cum
964 5646 1133 5718 βοὶ-εί.
1167 5647 1233 5718 At
1267 5646 1408 5718 editi
1433 5642 1792 5718 συνειληφώςι

598 5710 879 5784 (ἹίὶλΕιιιιί
927 5715 1322 5779 ἐξιλάσκεσθαι.
1373 5716 1523 5771 Colb.
1586 5710 1792 5784 primus
1836 5713 2079 5781 ἐξιλάσαο

525 5777 808 5855 (Quidni
839 5777 1123 5855 octo—mss.
1154 5786 1449 5849 ὲξιλᾶσθαι.

588 5847 706 5918 (77)
736 5850 809 5904 lta
844 5854 1082 5922 quinque
1122 5847 1251 5914 mss.
1286 5858 1425 5913 Editi
1462 5871 1586 5913 vero
1621 5854 1870 5926 ἐδυνήθη.

2184 4661 2307 4713 Ὅτι
2337 4662 2446 4712 οὐκ
2472 4658 2865 4711 ἐπιστεύσατε
2888 4658 2957 4711 ἐν
2970 4658 3117 4726 ἐμοὶ,
3149 4660 3253 4713 τοῦ
3288 4660 3525 4729 ἁγιάσαι
3536 4680 3612 4731 με
3628 4664 3741 4732 (79)

2181 4751 2457 4805 ἐναντίον
2487 4748 2631 4802 υἱῶν
2675 4748 2933 4816 Ἰσραὴλ,
2983 4749 3079 4801 διὰ
3122 4751 3294 4804 τοῦτο
3332 4754 3443 4805 οὐκ
3472 4752 3743 4817 εἰσάξετε

2182 4841 2352 4911 ὑμεῖς
2406 4840 2520 4907 τὴν
2570 4840 2929 4909 συναγωγὴν
2975 4842 3200 4908 ταύτην
3229 4845 3315 4907 εις
3369 4843 3482 4910 τὴν
3520 4845 3638 4913 γῆν
3668 4846 3745 4912 ῆν

2189 4934 2381 4987 ἔδωκα
2404 4931 2624 4997 αὐτοῖς.
2654 4933 2728 4985 Οὐ
2761 4931 2919 4985 δώσει
2954 4927 3047 4985 οῦν
3076 4932 3153 5003 τῷ
3181 4933 3585 5012 Θεῴεξίλασμα
3613 4940 3742 4991 £20-

2182 5024 2297 5079 τοῦ.
2336 5024 2400 5076 Τί
2425 5024 2531 5095 γάρ
2547 5023 2766 5077 δύναται
2796 5021 3077 5092 ἄνθρωπος
3096 5025 3271 5096 εὑρεῖν
3299 5026 3630 5095 τηλικοῦτον,
3658 5031 3739 5083 ἵνα

2186 5115 2263 5187 δῷ
2295 5115 2433 5185 ὑπὲρ
2465 5113 2781 5184 λυτρώσεως
2810 5114 2909 5184 τῆς
2938 5115 3112 5185 ψυχῆς
3144 5117 3341 5182 αὐτοῦς
3388 5120 3524 5172 Ἀλλ’
3545 5124 3738 5195 εὑρέθη

2186 5207 2243 5259 ἓν
2264 5205 2396 5277 ὁμοῦ
2428 5205 2642 5259 πάντων
2679 5204 2977 5276 ἀνθρώπων
2998 5208 3107 5277 (80)
3143 5210 3407 5276 ἀντάξιον,
3431 5212 3459 5265 ὃ
3484 5212 3639 5286 ἐδόθη
3665 5219 3738 5281 είς

2270 5344 2315 5375 ⁸⁸
2344 5344 2469 5398 ibid.
2504 5342 2585 5396 19..

2392 5503 2557 5581 godd.
2589 5504 2624 5556 5
2660 5502 2954 5581 agat-fmus»).
2996 5504 3100 5557 Alii
3122 5520 3242 5581 cum
3276 5506 3434 5581 editis
3460 5505 3736 5581 ὲξαξομεν.

2250 5575 2377 5697 3792r
2399 5572 2615 5641 Vulgata
2646 5576 2861 5638 quidem
2916 5575 3182 5627 consentit
3225 5591 3347 5629 eum
3401 5572 3684 5635 Basilianis
3723 5598 3737 5636 :

2311 5660 2338 5696 a
2430 5644 2495 5697 iis
2525 5645 2783 5696 recedunt
2809 5642 2978 5697 LXX.
3012 5645 3149 5697 anud
3185 5660 3318 5697 auos
3360 5646 3432 5697 ita
3471 5649 3694 5697 leainms
3721 5668 3735 5697 :

2188 5642 2280 5699 sed
2311 5642 2403 5717 ab_
2430 5644 2783 5717 iisrecednnt
2809 5642 2978 5717 LXAX,
3002 5645 3149 5717 apud
3185 5660 3318 5717 quos
3360 5646 3432 5700 ita
3471 5649 3694 5717 legimus
3721 5668 3735 5702 :

2187 5716 2309 5767 Ὀτι
2353 5714 2453 5764 ούκ
2502 5713 2855 5785 ἐπιστεύσατε
2888 5714 3110 5781 ἁγιάσαι
3149 5731 3235 5785 με,
3279 5715 3416 5779 Quia
3456 5713 3558 5773 ιιοῇ
3585 5722 3741 5772 credi.

2196 5784 2341 5839 Iistis
2372 5782 2703 5850 sancti/icore
2734 5800 2832 5835 me.

2262 5852 2371 5925 (80)
2402 5852 2477 5907 Ita
2507 5854 2670 5909 editio
2690 5852 3013 5927 Parisseum
3034 5869 3166 5909 mss.
3198 5855 3489 5915 nonnullis.
3508 5858 3623 5915 Vox
3649 5856 3717 5912 ἐν
