3978 6410
283 330 380 385 HI

1369 326 1654 378 HUMILIA
1694 328 1758 377 IN
1800 328 2123 379 PbALMUM
2168 328 2396 380 XLVIII.

3402 339 3503 393 Hi

280 443 447 516 τιμὴν
479 442 794 513 λυτρώσεως
819 441 919 511 τῆς
946 440 1120 510 ψυχῆς
1157 444 1332 511 ημῶν,
1362 439 1423 492 τὸ
1443 441 1594 508 ἂγιον
1619 442 1712 494 καὶ
1740 456 1828 493 ποι

1944 452 2138 497 nostra:
2165 444 2346 498 datum
2385 451 2491 507 est,
2518 452 2738 500 sanctus
2766 446 2853 501 ille
2888 460 2951 503 ac
2982 450 3251 518 pretiosus
3285 469 3505 526 sanguis

282 538 577 608 λυτίμητον
606 529 746 604 αἷμα
778 533 872 587 τοῦ
900 532 1104 602 Κυρίου
1135 531 1290 601 ἡμῶν
1325 531 1498 601 Ἰησοῦ
1534 530 1792 603 Χριστοῦ,
1821 532 1849 583 ὃ

280 630 423 700 ὑπὲρ
465 626 623 698 ήμῶν
669 626 850 695 ἐξέχεε
904 626 1147 679 πάντωνο
1177 622 1365 693 διόπερ
1407 624 1501 675 καὶ
1524 624 1686 694 τιμῆς
1721 626 1849 692 ἡγο-

281 720 580 791 ράσθημεν.
615 720 676 771 Εἰ
702 716 793 773 οὖν
828 717 1052 786 ἁδελφὸς
1082 717 1143 769 ού
1176 715 1483 785 λυτροῦται,
1514 714 1845 785 λυτρώσεται

278 812 604 883 ἄνθρωπος;
651 812 714 863 Εἰ
764 810 818 862 δὲ
860 809 1144 878 ἄνθρωπος
1181 805 1555 879 λυτρώσασθαι
1591 808 1736 876 ἡμᾶς
1783 809 1844 860 ού

277 905 525 967 δύναται,
570 907 598 956 ὁ
639 903 1054 974 λυτρωσάμενος
1089 904 1235 972 ήμᾶς
1268 902 1367 954 ούκ
1396 900 1677 972 ἄνθρωπος
1709 900 1841 970 (81).

274 997 368 1065 Μὴ
408 990 519 1060 οὖν,
552 996 640 1049 διὰ
672 996 732 1047 τὸ
766 999 822 1048 ὲν
856 993 1159 1065 ὁμοιώματι
1192 993 1393 1063 σαρκὸς
1424 992 1695 1064 ἁμαρτίας
1726 994 1843 1044 ἑπι-

275 1087 642 1158 δεδημηκέναι
695 1089 844 1158 ἡμῖν,
894 1085 1177 1155 ἄνθρωπον
1232 1084 1387 1155 μόνον
1435 1082 1707 1153 ὑπολάΰῃς
1751 1083 1840 1135 τὸν

278 1177 485 1247 Κύριον
516 1177 693 1247 ήμῶν,
725 1178 823 1248 τὴν
853 1177 952 1247 τῆς
981 1176 1231 1247 Θεότητος
1266 1175 1491 1245 δύναμιν
1531 1176 1799 1245 ἀγνοήσας
1821 1188 1836 1204 ⁶

270 1268 334 1331 ὃς
358 1269 420 1321 οὐ
452 1268 641 1339 χρείαν
676 1268 799 1338 ἔσχε
822 1267 930 1339 (82)
965 1266 1147 1320 δοῦναι
1174 1266 1252 1337 τῷ
1275 1267 1392 1337 Θεῷ
1420 1265 1681 1337 ἐξίλασμα
1716 1267 1839 1319 ἐαυ-

275 1357 395 1421 τοῦ,
444 1360 564 1412 οὐδὲ
592 1360 691 1431 τὴν
742 1359 878 1413 ἰδίαν
922 1358 1409 1429 ἀπολυτρώσασθαι
1456 1357 1652 1428 ψυχὴν,
1704 1356 1836 1409 διότι

283 1448 603 1518 Ἀμαρτίαν
645 1451 754 1502 οὐκ
792 1450 1102 1514 ἐποίησεν,
1152 1447 1291 1501 οὐδὲ
1320 1446 1530 1515 εὑρέθη
1568 1446 1745 1511 δόλος
1768 1446 1838 1498 ἐν

269 1540 352 1605 τῷ
386 1541 635 1609 στόματι
684 1539 891 1593 αὑτοῦ.
934 1538 1334 1610 Ἐξωνήσασθαι
1390 1538 1487 1609 μὲν
1524 1533 1616 1591 οὖν
1645 1537 1834 1589 ἐαυτὸν

267 1630 444 1695 οὐδεὶς
498 1631 699 1695 ἱκανὸς,
742 1632 835 1683 ἐὰν
877 1630 951 1702 μὴ
986 1629 1115 1703 ἔλθῃ
1153 1632 1181 1683 δ
1211 1629 1307 1701 τήν
1342 1628 1711 1700 αἰχμαλωσίαν
1738 1626 1832 1680 τοῦ

268 1723 400 1777 λαοῦ
421 1724 783 1794 ἐπιστρέφων,
801 1723 861 1776 οὐ
895 1721 1031 1793 μετὰ
1055 1721 1283 1792 λύτρων,
1311 1721 1429 1773 οὐδὲ
1456 1720 1592 1791 μετὰ
1620 1718 1827 1791 δώρων,

1954 533 2162 588 Domini
2197 534 2362 589 nostri
2396 533 2520 590 Jesu
2567 534 2788 601 Christi,
2830 553 2985 608 quem
3026 557 3123 610 pro
3149 544 3303 600 nobis
3338 552 3506 601 omni-

1949 628 2047 681 bus
2082 627 2321 683 eﬂudit:
2369 629 2714 698 quamobrem
2763 632 2937 699 pretio
2990 635 3152 689 etiam
3195 641 3360 709 empti
3412 657 3504 695 su-

1948 734 2066 772 mus
2097 719 2159 772 ‘9.
2184 719 2365 788 Itaque
2386 721 2430 774 si
2464 720 2633 775 frater
2660 737 2763 775 non
2790 724 3023 790 redimit,
3044 728 3270 784 redimet
3302 732 3504 787 homo?

1948 807 2002 862 Si
2038 825 2163 864 vero
2198 810 2467 865 redimere
2504 826 2601 865 nos
2658 827 2759 865 non
2791 823 2965 880 potest
3009 815 3169 870 homo
3198 832 3213 882 ;
3239 822 3325 887 qui
3356 824 3504 876 rede-

1946 901 2043 954 mit
2073 917 2191 965 nos,
2218 901 2378 956 homo
2409 917 2513 957 non
2570 912 2673 961 est.
2723 904 2800 959 Ne
2840 906 3021 976 igitur,
3056 920 3335 979 propterea
3360 919 3501 982 quod

1945 990 1997 1043 in
2044 990 2397 1046 similitudine
2441 994 2623 1048 carnis
2647 997 2848 1062 peccati
2890 999 3163 1053 nobiscum
3199 1002 3499 1061 diversatus

1942 1090 2044 1145 est,
2074 1083 2343 1137 hominem
2376 1084 2548 1139 solum
2579 1086 2855 1141 existimes
2899 1088 3182 1145 Dominum
3228 1106 3497 1161 nostrum.

1940 1170 2237 1226 divinitatis
2265 1174 2559 1240 potentiam
2612 1176 2865 1245 ignorans
2902 1198 2915 1233 :
2962 1181 3045 1233 cui
3086 1196 3219 1249 Opus
3248 1200 3350 1239 non
3384 1198 3501 1241 erat

1942 1259 2048 1315 Deo
2069 1261 2197 1315 dare
2220 1263 2576 1331 placatiunem
2608 1282 2786 1331 suam,
2815 1284 2985 1338 neque
3032 1276 3299 1341 propriam
3353 1280 3497 1333 redi-

1937 1368 2086 1407 mere
2112 1356 2371 1420 animam,
2390 1358 2515 1427 quia
2556 1358 2829 1414 Peccatum
2864 1378 2964 1416 non
2986 1363 3124 1431 fecit.
3153 1383 3243 1420 nec
3269 1369 3500 1425 inventus

1935 1456 2009 1497 est
2038 1446 2187 1499 dolus
2212 1448 2265 1499 in
2293 1464 2381 1502 ore
2410 1450 2521 1515 eius
2544 1451 2611 1503 ⁸ο.
2636 1452 2807 1507 Nemo
2837 1454 2997 1522 igitur
3018 1458 3210 1525 seipse
3240 1460 3503 1516 redimere

1935 1545 2128 1604 potest,
2164 1538 2262 1593 nisi
2289 1540 2468 1593 veniat
2482 1542 2571 1609 qui
2594 1544 2959 1610 captivitatem
2987 1548 3164 1616 populi
3190 1561 3491 1619 convertat,

1934 1642 2039 1681 non
2090 1641 2212 1680 cum
2245 1630 2458 1697 pretiis,
2491 1645 2665 1699 neque
2699 1649 2821 1686 cum
2865 1636 3041 1703 donis,
3079 1640 3222 1693 sicut
3269 1639 3323 1693 in
3362 1641 3496 1695 Isaia

1930 1718 2187 1785 scriptum
2223 1728 2307 1774 est
2337 1719 2418 1785 “,
2456 1722 2549 1774 sed
2590 1722 2641 1776 in
2690 1738 2789 1777 suo
2836 1728 3115 1793 sanguine.
3147 1728 3246 1784 Hic
3292 1739 3496 1794 autem,

266 1815 346 1879 ὡς
376 1815 433 1867 ἐν
474 1815 672 1884 Ἡσαΐᾳ
721 1814 1051 1885 γέγραπται,
1107 1811 1222 1866 ἀλλ’
1260 1814 1317 1864 ἐν
1357 1811 1434 1881 τῷ
1485 1810 1679 1865 ἐαυτοῦ
1720 1813 1828 1882 (85)

1933 1823 2053 1861 cum
2089 1823 2194 1863 non
2231 1824 2471 1866 essemus
2504 1810 2722 1880 fratres,
2749 1815 2840 1869 sed
2864 1832 3104 1872 essemus
3130 1821 3331 1875 inimici
3366 1822 3490 1877 facti

267 1904 483 1975 αἵματι.
536 1895 702 1965 Οὗτος
748 1901 806 1954 δὲ
840 1902 960 1971 οὐχ).
1002 1900 1263 1969 ἀδελφοὺς
1307 1901 1452 1971 ἡμᾶς
1493 1901 1673 1967 ὄντας,
1716 1903 1829 1955 ἀλλ’

266 1992 495 2063 ἐχθροὺς
527 1991 672 2061 ἡμᾶς
700 1989 1025 2059 γενομένους
1055 1991 1168 2051 τοίς
1205 1988 1664 2060 παραπτώμασιν,
1709 1990 1829 2044 οὔτε

264 2085 548 2157 ἄνθρωπος
576 2084 727 2153 ψιλὸς
757 2083 852 2147 ὢν,
885 2082 1020 2136 ἀλλὰ
1044 2082 1195 2146 Θεὸς,
1233 2082 1369 2153 μετὰ
1396 2083 1494 2153 τὴν
1524 2080 1831 2153 ἐλευθερίαν

264 2178 334 2249 ἢν
364 2176 642 2248 χαρίζεται
670 2177 821 2246 ἡμῖν,
853 2176 947 2227 καὶ
995 2174 1252 2243 ἀδελφοὺς
1282 2174 1426 2244 ἡμᾶς
1450 2172 1641 2226 ἑαυτοῦ
1670 2189 1833 2244 προσ-

263 2267 537 2338 αγορεύει.
591 2265 928 2337 Ἀπαγγελῶ
974 2266 1104 2335 γὰρ,
1163 2265 1315 2337 φησὶ,
1349 2264 1413 2318 τὸ
1460 2265 1647 2333 ὄνομα
1714 2279 1830 2319 σου

262 2359 389 2427 τοῖς
415 2357 696 2427 ἀδελφοῖς
716 2376 854 2427 μου.
885 2358 941 2410 Ὀ
965 2355 1058 2411 οὖν
1084 2357 1499 2428 λυτρωσάμενος
1529 2357 1639 2427 (84)
1663 2358 1829 2428 ἡμᾶς,

264 2449 359 2502 ἐὰν
386 2449 484 2520 μὲν
516 2450 613 2521 τὴν
642 2448 803 2517 φύσιν
820 2446 985 2500 αὐτοῦ
1018 2450 1245 2520 σκοπῇς,
1266 2445 1387 2501 οὔτε
1419 2447 1670 2515 ἁδελφὸς,
1708 2445 1829 2499 οὔτε

263 2540 579 2611 ἄνθρωπος·
615 2539 784 2592 ἐὰνδὲ
827 2538 924 2611 τὴν
955 2540 1019 2591 ἐκ
1046 2539 1265 2609 χάριτος
1311 2537 1475 2591 αὐτοῦ
1511 2538 1643 2609 πρὸς
1685 2539 1832 2608 ἡμᾶς

269 2631 702 2698 συγκατάόασιν,
756 2631 849 2684 καὶ
895 2630 1156 2700 ἀδελφοὺς
1201 2633 1347 2702 ἡμᾶς
1399 2630 1688 2700 ὀνομάζει,
1738 2631 1831 2683 καὶ

264 2725 401 2797 πρὸς
454 2726 545 2779 τὸν
593 2724 928 2796 ἀνθρώπινον
962 2724 1300 2788 καταϐαίνει,
1343 2724 1401 2787 ὃς
1439 2725 1522 2778 Οὐ
1549 2721 1725 2775 δώσει
1752 2716 1833 2788 τῷ

266 2813 387 2879 Θεῷ
432 2814 732 2884 ἐξίλασμα
774 2814 1013 2876 ἐαυτοῦ,
1059 2814 1195 2867 ἀλλὰ
1243 2813 1337 2867 τοῦ
1370 2813 1573 2882 κόσμου
1609 2810 1827 2874 παντός.

263 2904 337 2956 Οὐ
366 2903 474 2974 γὰρ
512 2903 738 2973 ἰλασμοῦ
771 2904 962 2968 δεῖται,
992 2902 1105 2956 ἀλλ’
1131 2903 1290 2966 αὐτός
1321 2904 1467 2955 ἐστιν
1502 2902 1825 2972 ἱλαστήριον.

268 2990 538 3056 Τοιοῦτος
561 2990 670 3060 γὰρ
700 2990 843 3060 ἡμῖν
867 2992 1126 3059 ἔπρεπεν
1147 2991 1456 3060 ἀρχιερεὺς
1476 2992 1664 3057 ὅσιος,
1689 2992 1831 3044 ἀκα-

262 3099 386 3148 κος,
422 3083 729 3152 ἀμίαντος,
762 3085 1201 3153 κεχωρισμένος
1242 3083 1361 3139 ἀπὸ
1406 3082 1525 3136 τῶν
1561 3084 1824 3152 ἀμαρτω-

1934 1899 2003 1952 ob
2030 1909 2272 1968 peccata,
2302 1916 2477 1970 neque
2517 1902 2630 1971 ipse
2663 1905 2824 1958 homo
2852 1908 3050 1970 nudus,
3078 1908 3170 1963 sed
3203 1910 3362 1971 Dens.
3382 1922 3499 1978 post

1934 1990 2235 2047 libertatem
2278 2007 2440 2061 quam
2500 1995 2655 2050 nobis
2693 1995 2937 2067 largitur,
2974 1999 3136 2054 etiam
3177 2017 3274 2055 nos
3308 2002 3500 2058 fratres

1933 2098 2061 2139 suos
2114 2084 2365 2153 appellat.
2418 2084 2665 2141 Narrabo
2696 2090 2855 2155 enim,
2898 2091 3090 2159 inquit,
3143 2110 3323 2148 nomen
3354 2106 3498 2149 tuum

1932 2175 2185 2244 fratribus
2206 2178 2333 2229 meis
2363 2176 2427 2229 “.
2445 2178 2631 2247 Itaque
2659 2181 2749 2247 qui
2777 2180 3002 2235 redemit
3031 2197 3148 2247 nos,
3176 2185 3221 2237 si
3249 2196 3497 2241 naturam

1932 2267 2145 2335 quidem
2185 2266 2350 2332 ipsius
2382 2269 2701 2338 perpendas,
2723 2284 2896 2339 neque
2922 2270 3107 2336 frater,
3134 2290 3307 2344 neque
3334 2278 3495 2332 homo

1931 2367 2012 2411 est
2044 2379 2056 2413 :
2088 2358 2131 2412 si
2162 2372 2288 2413 vero
2332 2358 2504 2427 ipsius
2553 2359 2619 2415 ad
2659 2375 2758 2415 nos
2800 2362 3181 2419 dcmissionem
3217 2381 3283 2420 ex
3323 2369 3497 2435 gratia

1931 2447 2147 2516 factam,
2178 2459 2232 2503 et
2271 2465 2369 2504 nos
2399 2450 2595 2507 fratres
2622 2454 2884 2516 nominat,
2924 2465 2980 2507 et
3013 2456 3078 2508 ad
3111 2456 3498 2512 humanitatem

1931 2540 2207 2593 descendit
2235 2543 2360 2609 :qui
2390 2539 2511 2595 Non
2541 2544 2685 2595 dabit
2718 2544 2824 2598 Deo
2846 2546 3189 2613 placationem
3215 2553 3495 2615 suam,sed

1933 2631 2094 2683 totius
2134 2630 2339 2686 mundi.
2368 2629 2483 2685 Non
2511 2632 2653 2684 enim
2682 2632 2881 2702 indiget
2916 2634 3236 2701 placatione,
3260 2638 3352 2693 sed
3382 2639 3496 2707 ipse

1932 2720 2241 2789 propitiatio
2289 2728 2390 2775 est.
2437 2720 2580 2775 Talis
2632 2725 2769 2776 enim
2817 2725 3028 2777 decebat
3083 2736 3137 2777 ut
3189 2721 3317 2780 esset
3352 2727 3499 2782 nobis

1930 2811 2161 2879 pontifex
2194 2826 2212 2863 :
2240 2822 2476 2879 sanctus,
2509 2813 2755 2867 innocens
2780 2852 2797 2877 ,
2830 2814 3134 2881 impollutus
3155 2855 3171 2880 ,
3201 2829 3498 2887 segregatus

1930 2920 1962 2956 a
2006 2904 2381 2968 peccatoribus,
2418 2914 2464 2956 et
2499 2906 2755 2957 excelsior
2811 2906 2953 2958 caelis
3002 2906 3205 2975 factus;
3254 2910 3344 2977 qui
3396 2926 3498 2964 non

1930 2993 2081 3045 habet
2120 2995 2477 3046 necessitatem
2501 2992 2769 3061 quotidie,
2799 2995 3232 3063 quemadmodum
3258 2998 3499 3050 sacerdo-

1931 3086 2186 3153 tes,prius
2218 3100 2311 3148 pro
2341 3085 2451 3137 suis
2491 3085 2692 3137 delictis
2723 3086 2919 3138 hostias
2952 3086 3161 3154 offerre,
3193 3086 3381 3140 deinde
3401 3106 3497 3157 pro

258 3171 402 3241 λῶν,
433 3174 532 3227 καί
562 3177 937 3243 ὑψηλότερος
958 3175 1074 3230 τῶν
1098 3174 1367 3244 οὐρανῶν
1396 3176 1731 3245 γενόμενος’
1759 3174 1826 3240 ὃς

1933 3175 2101 3243 populi
2138 3176 2447 3245 ignorantiis
2469 3175 2533 3228 ⁵³.
2564 3175 2754 3230 Postea
2810 3176 2935 3230 dicit
2965 3178 3137 3247 (VEBS.
3179 3179 3230 3247 9)
3260 3195 3275 3233 :
3307 3176 3375 3232 Et
3414 3181 3497 3234 la-

257 3266 369 3318 οῠκ
415 3265 539 3334 ἔχει
569 3268 694 3319 καθ’
718 3267 945 3335 ἡμέραν
987 3267 1277 3337 ἀνάγκην,
1311 3266 1513 3335 ῶσπερ
1547 3270 1600 3321 οἰ
1628 3268 1822 3336 ἀρχιε-

256 3356 403 3423 ρεῖς,
431 3359 719 3427 πρότερον
747 3358 899 3428 ὺπέρ
927 3358 1045 3413 τῶν
1074 3360 1236 3413 ἰδίων
1255 3357 1551 3428 ἁμαρτιῶν
1568 3359 1826 3428 προσφέ-

255 3466 383 3516 ρειν
428 3451 661 3516 θυσίας,
696 3450 899 3504 ἔπειτα
947 3451 1063 3505 τῶν
1099 3451 1203 3505 τοῦ
1234 3452 1386 3505 λαοῦ
1417 3450 1820 3519 ἀγνοημάτων.

259 3542 391 3595 Εἶτά
416 3559 566 3613 φησιο
590 3544 699 3597 Καὶ
725 3545 1050 3599 ἐκοπίασεν
1067 3546 1152 3609 εἰς
1185 3544 1290 3595 τὸν
1318 3541 1523 3607 αἰῶνα,
1545 3542 1642 3596 καὶ
1665 3540 1825 3609 ζήσε-

1928 3267 2121 3319 boravit
2151 3268 2205 3319 in
2236 3277 2507 3331 retentum,
2540 3266 2711 3338 (vsns.
2738 3267 2824 3338 10)
2854 3279 2900 3320 et
2935 3269 3063 3323 vivet
3085 3271 3141 3323 in
3163 3270 3344 3338 ﬁnem.
3376 3272 3496 3341 Ipsa

1930 3373 2022 3427 per
2050 3374 2108 3413 se
2136 3359 2266 3423 vita,
2304 3359 2415 3429 ipsa
2443 3360 2613 3414 virtus
2636 3401 2651 3424 ,
2675 3370 2730 3415 et
2758 3360 3024 3415 indefessa
3063 3372 3255 3415 natura
3284 3363 3497 3418 labora-

1933 3450 2081 3503 vitin
2127 3449 2224 3504 hoc
2257 3450 2475 3515 saeculo,
2516 3452 2730 3518 quando
2761 3450 3039 3522 Fatigatus
3079 3469 3144 3508 ex
3173 3454 3375 3519 itinere,
3416 3472 3488 3509 se-

1929 3540 2079 3593 debat
2111 3557 2270 3608 supra
2295 3541 2491 3609 fontem
2525 3542 2591 3593 ⁸⁸.

260 3650 351 3686 ται
374 3636 459 3699 εἰς
495 3633 685 3699 τέλος.
730 3635 793 3687 Ἠ
833 3634 1163 3705 αὐτοζωὴ,ή
1226 3634 1473 3705 δύναμις,
1532 3637 1564 3703 ἡ
1598 3634 1877 3703 ἀκάματος
1916 3631 2094 3702 φύσις,
2132 3632 2423 3685 ἐκοπίασεν
2474 3634 2532 3684 ἐν
2560 3632 2638 3703 τῷ
2676 3632 2831 3685 αἰῶνι
2889 3636 3081 3705 τούτῳ,
3120 3637 3281 3707 ήνίκα
3308 3641 3495 3690 Kano-

257 3724 483 3789 πιακὼς
506 3725 573 3777 ἐκ
600 3723 705 3791 τῆς
735 3724 1072 3793 ὁδοιπορίας
1107 3724 1406 3784 ἐκαθέζετο
1434 3724 1531 3777 ἐπὶ
1562 3723 1673 3791 τῆς
1697 3723 1915 3792 πηγῆς.

329 3818 381 3869 ὅ.
421 3820 515 3883 ’ος
534 3819 643 3871 οὐκ
665 3818 870 3886 ὄψεται
885 3820 1279 3889 καταφθορὰν,
1309 3819 1455 3873 ὅταν
1479 3818 1575 3888 ἴδῃ
1593 3819 1822 3887 σοφοὺς

256 3910 759 3978 ἀποθνήσκοντας
792 3912 872 3981 (οὐ
917 3911 1077 3965 δώσει
1115 3912 1223 3984 γὰρ
1270 3912 1360 3965 τὸν
1404 3912 1549 3964 ὅσιον
1594 3910 1757 3964 αὑτοῦ
1794 3913 1822 3963 ὁ

259 3999 447 4070 Πατὴρ
483 4000 613 4052 ἰδεῖν
653 3999 989 4071 διαφθοράν),
1022 4002 1149 4053 ὅταν
1179 4003 1227 4053 οἰ
1251 4001 1349 4069 τὴν
1372 4000 1820 4072 καταργουμένην

259 4090 448 4158 σοφίαν
495 4090 783 4159 αὐχοῦντες
820 4091 1251 4161 ἀποθνήσκωσιν.
1304 4093 1366 4143 Εἰ
1409 4092 1463 4144 δὲ
1506 4092 1681 4162 βούλει
1730 4091 1821 4143 καὶ

256 4181 349 4231 ἐπὶ
376 4180 677 4249 ἀνθρώπων
702 4180 921 4233 δικαίων
940 4180 1120 4233 λαϐεῖν
1140 4181 1205 4233 τὰ.
1232 4181 1514 4251 εἰρημένα,
1549 4180 1817 4250 μνήσθητι

254 4273 349 4329 τεῦ
396 4273 515 4325 Ἱὼὸ
538 4273 801 4341 λέγοντος⁸
831 4275 1171 4341 Ἀνθρωπος
1189 4271 1466 4341 γεννᾶται
1494 4272 1657 4334 κόπῳ
1676 4287 1688 4299 ·
1726 4272 1817 4322 καὶ

1995 3819 2048 3873 5.
2081 3818 2240 3873 Vens.
2280 3818 2366 3873 11.
2396 3820 2498 3884 Qui
2530 3836 2633 3873 non
2664 3820 2849 3873 videbit
2878 3820 3143 3873 interitum
3166 3859 3180 3883 ,
3211 3838 3327 3875 cum
3358 3823 3495 3877 vide-

1926 3911 1992 3963 rit
2022 3911 2281 3979 sapientes
2327 3913 2604 3963 morientes
2650 3910 2777 3979 (non
2826 3909 2971 3962 dabit
3019 3911 3162 3963 enim
3215 3910 3391 3976 Pater,
3429 3924 3489 3965 ut

1924 4008 2143 4053 sanctus
2180 4012 2310 4052 suus
2339 3999 2520 4052 videat
2548 3999 2949 4067 corruptionem
2971 4000 3062 4067 "),
3084 4010 3191 4053 tum
3230 4017 3350 4055 cum
3377 4018 3493 4057 mo-

1924 4094 2132 4149 rientur
2179 4094 2269 4163 qui
2320 4091 2635 4160 sapientiam
2691 4090 3026 4145 desinentem
3067 4091 3297 4159 jactant.
3332 4094 3485 4161 Quod

1924 4187 1967 4239 si
2002 4185 2163 4239 etiam
2189 4186 2252 4237 dc
2278 4185 2437 4253 justis
2465 4199 2679 4251 quoque
2712 4183 3018 4237 hominibus
3050 4184 3163 4238 hazc
3202 4188 3360 4239 verba
3394 4204 3487 4240 ac-

1923 4278 2104 4344 cipere
2148 4275 2402 4336 volueris,
2458 4274 2806 4327 reminiscere
2852 4272 2952 4328 Job
3003 4274 3232 4329 dicentis
3268 4292 3279 4325 :
3319 4276 3488 4331 Homo

258 4366 421 4421 πάλιν
464 4365 558 4418 τοῦ
610 4366 927 4419 Ἀποστόλου
953 4404 968 4428 ,
1017 4367 1097 4419 ὃτι
1144 4366 1581 4433 Περισσότερον
1622 4362 1818 4417 αὐτῶν

1933 4369 2153 4420 nascitur
2199 4366 2267 4418 ad
2318 4364 2619 4418 laborem“
2650 4381 2663 4427 ;
2697 4374 2749 4418 et
2792 4380 2977 4419 rursus
3006 4364 3241 4433 Apostoli
3273 4384 3285 4417 :
3313 4366 3487 4419 Abun-

256 4457 496 4510 πάντων
518 4458 810 4510 ἐκοπίασα
834 4475 845 4486 ·
878 4457 969 4509 καὶ
992 4456 1072 4522 τὸ,
1110 4457 1210 4509 Ἑν
1238 4458 1446 4519 κόποις
1472 4454 1819 4521 περισσοτέ-

250 4565 391 4614 ρως.
441 4547 498 4602 '0
548 4544 638 4600 οὖν
684 4550 951 4611 κοπιάσας
995 4552 1051 4602 ἐν
1102 4549 1178 4620 τῷ
1222 4549 1376 4603 αἰῶνι
1422 4548 1615 4619 τούτῳ,
1665 4541 1819 4612 οὗτος

257 4638 478 4707 ζήσεται
511 4640 590 4701 εἰς
629 4640 777 4701 τέλος
798 4656 809 4667 ·
841 4642 868 4692 ὁ
893 4640 948 4691 δὲ
983 4642 1038 4693 ἐν
1068 4643 1244 4712 τρυφῇ
1274 4641 1367 4693 καὶ
1408 4640 1559 4712 πάσῃ
1605 4639 1819 4693 ἐκλύσει

256 4729 456 4797 διάγων
481 4769 495 4792 ,
534 4730 620 4783 διὰ
662 4733 721 4784 τὸ
762 4732 1101 4804 ἁϐροδίαιτον
1151 4733 1437 4804 πορφύραν
1482 4735 1576 4786 καὶ
1624 4732 1820 4802 βύσσον

257 4822 591 4892 ἐνδυόμενος,
606 4824 697 4875 καὶ
716 4824 1133 4896 εὐφραινόμενος
1155 4822 1273 4877 καθ’
1296 4824 1508 4895 ἡμέραν
1526 4822 1817 4895 λαμπρῶς,

257 4914 352 4966 καὶ
382 4914 595 4982 φεύγων
634 4916 758 4979 τοὺς
807 4917 946 4987 ὑπὲρ
981 4916 1079 4984 τῆς
1122 4915 1323 4985 ἀρετῆς
1352 4916 1653 4985 καμάτους,
1695 4914 1818 4967 οὒτε

256 5004 545 5057 ἐκοπίασεν
584 5007 639 5057 ὲν
670 5005 747 5075 τῷ
790 5006 943 5059 αἰῶνι
984 5004 1193 5076 τούτῳ,
1237 5004 1359 5058 οὔτε
1396 5004 1620 5075 ζήσεται
1654 5007 1710 5057 ἐν
1742 5006 1819 5075 τῷ

258 5096 524 5165 μέλλοντι,
568 5096 701 5150 ἀλλὰ
736 5098 948 5169 μακράν
982 5097 1170 5165 ὄψεται
1203 5097 1303 5167 τήν
1335 5096 1498 5167 ζωὴν,
1537 5094 1820 5165 βασανιζό-

259 5206 418 5257 μενος
443 5190 500 5241 ἑν
546 5193 612 5261 τῇ
658 5189 813 5259 φλογὶ
842 5191 939 5261 τῆς
976 5190 1227 5261 καμίνου.
1276 5190 1333 5243 'O
1367 5189 1421 5242 δέ
1454 5190 1667 5259 μυρίοις
1708 5190 1819 5249 τοῖς

330 5347 372 5377 δ’
404 5343 571 5398 iCor.
598 5360 670 5402 vt.
704 5344 794 5398 20.
870 5346 915 5375 ⁸ο
943 5344 961 5399 I
991 5343 1136 5399 Petr.
1168 5360 1226 5404 ιι,
1254 5341 1343 5396 22.
1420 5344 1461 5373 ⁸³
1490 5342 1585 5395 Isa.
1606 5356 1697 5402 ιιι,
1734 5342 1786 5394 ’5.

1860 5337 1905 5369 ⁸¹
1929 5332 2068 5387 Psal.
2090 5347 2201 5393 xxr,
2233 5331 2323 5387 25.
2400 5331 2445 5362 ⁸³
2474 5332 2636 5384 Hebr.
2656 5348 2751 5390 vlt.
2777 5332 2866 5393 9.6,
2897 5332 2986 5385 27.

1923 4460 2131 4510 dantius
2156 4458 2259 4509 illis
2303 4455 2539 4508 omnibus
2564 4453 2886 4519 laboravi";
2921 4454 3048 4508 item
3088 4468 3102 4506 :
3137 4454 3486 4510 Inlaboribsts

1922 4550 2274 4601 abundantius
2299 4548 2364 4601 ⁵⁸.
2393 4546 2492 4614 Qui
2531 4548 2695 4616 igitur
2738 4547 2789 4599 itt
2818 4546 2920 4599 hoc
2948 4546 3143 4600 szcculo
3190 4546 3473 4611 laboravit,

1922 4639 2009 4693 hic
2051 4640 2193 4693 vivet
2231 4640 2284 4692 in
2351 4639 2508 4691 linem
2548 4653 2561 4689 :
2594 4638 2684 4705 qui
2722 4652 2847 4690 vero
2902 4638 2952 4691 in
2996 4638 3199 4693 deliciis
3246 4654 3309 4693 ac
3338 4642 3485 4695 omni

1924 4729 2335 4795 intemperantia
2371 4729 2545 4797 degit,
2577 4729 2646 4782 ob
2697 4728 2970 4781 mollitiem
3021 4729 3243 4784 indutus
3284 4746 3485 4799 purpu-

1926 4838 2041 4877 ram
2070 4833 2122 4875 et
2168 4823 2407 4890 byssum,
2444 4830 2498 4875 et
2541 4822 2762 4888 cpulans
2799 4820 3035 4887 quotidie
3083 4821 3357 4889 splendide
3387 4822 3432 4853 ⁸⁹
3464 4839 3480 4877 :

1928 4912 2245 4979 laboresque
2275 4912 2343 4964 ob
2383 4911 2636 4963 virtutem
2673 4907 3018 4977 perferendos
3059 4909 3285 4978 fugiens,
3319 4911 3364 4965 is
3393 4927 3485 4965 ne-

1923 5018 2026 5071 que
2054 5004 2103 5055 in
2138 5004 2236 5056 ltoc
2268 5002 2464 5056 swcalo
2500 5002 2782 5064 laboravit,
2808 5016 2976 5069 neque
3010 5002 3148 5054 vivet
3177 5003 3227 5054 iu
3267 5003 3480 5056 futuro:

1924 5091 2016 5143 sed
2046 5090 2255 5142 emittus
2299 5089 2461 5141 vitam
2500 5089 2717 5152 videbit,
2776 5089 2826 5141 in
2868 5090 3061 5142 camini
3102 5090 3314 5143 llantma
3360 5108 3484 5146 cru-

1924 5181 2117 5233 ciatus.
2149 5178 2248 5244 Qui
2282 5194 2407 5233 vero
2463 5180 2757 5235 innumeris
2810 5182 3193 5237 certaminibus
3242 5201 3338 5253 pro
3372 5190 3481 5238 vir-

3062 5334 3108 5364 "
3137 5331 3289 5386 Joan.
3318 5349 3390 5397 tv,
3427 5338 3478 5390 6.

255 5418 301 5448 ⁵⁵
332 5415 476 5469 Psai.
505 5430 596 5481 xv,
621 5415 871 5482 £0;Act.
895 5416 1072 5482 ",27.
1144 5416 1190 5446 ⁸⁸
1215 5402 1314 5468 Job
1349 5428 1402 5480 v,
1433 5412 1483 5466 7.
1560 5412 1645 5465 “I
1689 5410 1815 5465 Cor.

1933 5449 1940 5470 ,
1970 5404 2049 5456 10.
2130 5402 2174 5432 ⁵⁸
2202 5402 2244 5455 Il
2272 5404 2397 5456 Cor.
2429 5417 2504 5466 x1,
2536 5402 2624 5454 85.
2703 5404 2745 5433 ⁵³
2777 5403 2907 5458 Luc.
2939 5418 3047 5465 XVI,
3083 5404 3166 5456 I9.

256 5528 497 5599 Θρὼπων
545 5527 694 5581 deest
750 5527 801 5581 in
836 5525 1040 5599 _m_ajori
1080 5537 1241 5599 parte
1285 5540 1417 5579 mss.
1461 5524 1579 5577 Mox
1614 5532 1815 5592 septem

256 5596 387 5651 mss.
419 5597 799 5667 πολυτίμητον.
836 5596 974 5650 Edtti
1010 5597 1323 5667 πολύτιμον.

329 5670 438 5736 (81)
500 5662 966 5733 Οὺκιῖνθρωπος,
1013 5666 1133 5719 Non
1193 5662 1368 5719 homo.
1424 5662 1534 5719 Iluc
1568 5672 1670 5728 est,
1715 5676 1816 5714 non

255 5738 406 5791 homo
437 5740 673 5807 simplex,
705 5739 793 5790 sed
822 5736 957 5789 Deus
995 5736 1164 5789 homo.

1996 5516 2102 5585 (82)
2133 5516 2311 5572 Editio
2356 5516 2515 5569 Basil.
2549 5532 2669 5569 cum
2715 5534 2843 5571 mss.
2872 5516 3061 5585 χρείαν
3106 5517 3280 5585 ἔσχεν.
3310 5520 3477 5576 Editio

1923 5603 2048 5641 vero
2075 5586 2247 5640 Paris.
2280 5586 2465 5657 χρείαν
2500 5586 2656 5656 ἔχων.
2684 5656 2707 5657 η
2740 5656 2765 5657 η
2804 5656 2811 5657 7
3145 5656 3150 5657 ν
3486 5602 3499 5625 ι

1995 5658 2103 5726 (85)
2135 5658 2206 5727 Ita
2240 5656 2481 5727 quinque
2512 5672 2639 5727 mss.
2679 5656 2814 5727 Εᾷίιί
2852 5670 2975 5710 vero
3005 5658 3060 5710 ἐν
3087 5656 3163 5727 τῷ
3189 5658 3369 5711 αὑτοῦ.

1999 5721 2108 5799 (84)
2131 5721 2293 5782 Cois].
2329 5721 2406 5779 '0'
2424 5721 2515 5779 οὖν
2549 5724 2926 5795 λυτρούμενος.
