3978 6410
472 283 576 338 443

1808 273 1863 329 S.
1906 272 2147 328 BASILII
2183 271 2401 325 MAGNI

3625 275 3734 328 ιιι-ι

472 405 587 452 tute
615 392 908 455 desudarit,
937 391 1095 462 182
1131 392 1330 462 quique
1359 431 1373 457 ,
1408 400 1468 446 ut
1499 405 1618 446 eam
1649 397 2048 460 assequeretur,

2168 386 2290 456 ὅπερ
2338 385 2438 454 τῆς
2484 383 2684 457 ἀρετῆς
2713 385 2918 453 ἀγῶσιν
2966 385 3280 458 ὲνιδρώσας,
3315 385 3409 439 καὶ
3439 386 3588 456 ὑπὲρ
3637 390 3736 440 τοῦ

474 485 750 542 laboribus
799 484 1042 554 pluribus
1077 491 1318 539 tentatus
1367 483 1566 549 fuerit,
1596 483 1844 537 victurus
1881 489 1963 535 est
1993 480 2046 532 in

475 577 661 642 ﬁnem,
684 576 834 632 velut
875 575 965 630 ille
996 577 1110 643 ipse
1133 576 1227 644 qui
1274 575 1500 629 multum
1533 573 1796 628 laboravit
1827 571 1880 625 in
1917 569 2050 624 allii-

473 669 746 724 ctionibus
765 668 1005 723 Lazarus
1026 667 1106 726 ‘°;
1132 666 1279 720 velut
1302 667 1390 722 ille
1415 666 1528 736 ipse
1547 665 1636 731 qui
1671 666 1723 718 in
1746 663 2052 719 certamini-

478 760 577 814 bus
600 768 786 812 contra
811 755 1180 811 adversarium
1215 753 1460 809 defessus
1486 761 1568 808 est
1585 752 1769 807 Jobus.
1791 752 2050 818 Ibienim,

480 851 672 919 inquit,
698 850 1049 917 requievemnt
1079 848 1202 915 fessi
1221 847 1286 904 δι.
1311 845 1649 914 Quapropter
1674 845 1836 900 etiam
1873 844 2055 899 Domi-

482 946 692 1012 nusgeos
713 943 801 1010 qui
828 941 1076 994 laborant
1105 954 1166 993 ac
1199 939 1407 994 onerati
1449 949 1595 1005 sunt,
1615 939 1680 992 ad
1709 939 1950 1006 requiem
1972 937 2054 990 in-

481 1035 615 1088 vitat
645 1036 711 1088 ⁶².
731 1033 1014 1099 Quomodo
1061 1032 1227 1100 igitur
1254 1031 1343 1098 qui
1379 1032 1429 1083 in
1456 1030 1608 1084 bonis
1625 1029 1878 1099 operibus
1908 1028 2056 1083 labo-

483 1138 626 1191 rant,
649 1127 900 1182 dicuntur
919 1125 1127 1179 onerati
1151 1125 1174 1178 ?
1200 1123 1334 1190 Quia
1356 1121 1550 1177 Euntes
1580 1123 1730 1175 ibant
1755 1133 1800 1175 et
1835 1122 2053 1190 ﬂebant,

492 1221 748 1274 mittentes
793 1219 990 1271 semina
1019 1234 1116 1271 sua
1149 1230 1166 1268 :
1193 1217 1450 1270 venientes
1480 1223 1654 1268 autem
1702 1214 1902 1267 venient
1940 1227 2056 1265 cum

482 1310 850 1374 exsultatione,
869 1318 1134 1377 portantes
1154 1306 1449 1377 manipulos
1465 1321 1585 1359 suos
1601 1304 1927 1359 “fructibus
1951 1305 2058 1373 ple‘

485 1418 605 1467 nos,
628 1403 719 1472 qui
763 1415 858 1470 pro
902 1401 1108 1454 ratione
1153 1414 1338 1455 eorum
1378 1413 1497 1467 qua:
1543 1408 1658 1452 sata
1695 1398 1874 1458 fuere,
1917 1395 2049 1462 ipsis

487 1495 680 1551 redditi
707 1503 850 1550 sunt.
871 1493 1087 1550 Onerati
1109 1492 1286 1560 itaque
1301 1491 1576 1556 dicuntur,
1595 1489 1708 1555 qui,
1728 1486 1870 1556 quod
1890 1485 2055 1539 semi-

487 1588 750 1643 uaruntin
770 1584 1254 1648 benedictionibus,
1274 1583 1340 1637 de
1365 1579 1828 1636 benedictionibus
1857 1586 1912 1631 et
1944 1589 2060 1628 me-

489 1679 684 1742 lunt“,
703 1687 898 1732 etcum
921 1676 1103 1730 laetitia
1129 1673 1452 1743 sempiterna
1483 1667 1784 1737 manipulos
1809 1665 2064 1746 spiritua-

490 1772 618 1824 liunt
655 1769 926 1822 fructuum
962 1767 1063 1821 sibi
1088 1766 1218 1835 ipsis
1246 1770 1531 1832 reponunt.
1554 1760 1657 1827 Qui
1687 1772 1816 1829 ergo
1849 1758 2060 1812 redem-

493 1871 618 1930 ptus
638 1870 719 1914 est
748 1871 846 1927 per
870 1857 1060 1921 Deum,
1087 1854 1176 1923 qui
1206 1868 1302 1923 pro
1335 1867 1400 1907 eo
1436 1852 1583 1906 dedit
1609 1851 1988 1919 placationem,
2019 1849 2063 1902 is

500 1949 716 2018 quidem
770 1949 823 2003 in
850 1948 953 2002 hoc
984 1945 1178 2002 saaculo
1206 1944 1500 2007 laboravit,
1545 1952 1729 2011 postea
1763 1955 1892 1995 vero
1920 1939 2065 1993 vivet

504 2042 558 2096 in
583 2040 763 2095 linem.
785 2037 881 2091 Hic
910 2038 1072 2092 etiam
1101 2035 1223 2088 Non
1248 2034 1442 2088 uidebit
1472 2032 1760 2095 interitum,
1780 2046 1894 2084 eum
1921 2028 2064 2082 vide—

495 2135 562 2188 rit
584 2134 837 2202 sapientes
865 2130 1158 2184 morientes.
1187 2127 1289 2195 Qui
1334 2134 1618 2197 angustam
1645 2133 1700 2180 et
1732 2124 2062 2178 laboriosam

491 2228 658 2279 vitam
687 2238 794 2293 pra:
825 2222 980 2291 plana
1023 2235 1086 2275 ac
1127 2218 1272 2281 molli
1304 2216 1628 2288 elegerit,in
1662 2225 1905 2284 tempore
1939 2213 2068 2266 visi-

495 2315 712 2372 tationis
756 2314 883 2378 Dei,
913 2327 1035 2367 cum
1072 2311 1406 2365 abducentur
1435 2311 1501 2362 ad
1541 2318 1800 2362 aeternam
1851 2321 2064 2376 pinnam

497 2411 534 2463 ii
567 2408 686 2478 qui,
721 2417 781 2460 ut
813 2421 918 2460 non
950 2403 1296 2460 crediderunt
1318 2401 1497 2457 verbis
1537 2399 1655 2467 Dei,
1694 2400 1766 2454 ita
1793 2410 1914 2469 post
1944 2399 2067 2452 vani

494 2501 576 2556 sui
609 2499 787 2555 cordis
816 2497 1078 2552 desideria
1123 2492 1559 2557 ambulaverunt,
1589 2491 1679 2546 hic
1730 2507 1836 2545 non
1868 2489 2072 2544 videbit

493 2602 749 2648 veternum
781 2592 1089 2651 interitum,
1117 2587 1460 2641 alllictionem
1495 2583 1740 2639 videlicet
1775 2582 1918 2637 illam
1951 2597 2070 2652 per-

494 2693 653 2755 petuo
675 2685 1004 2738 duraturam.
1041 2679 1327 2748 Sapientes
1361 2686 1539 2730 autem
1563 2676 1693 2730 dicit
1729 2675 1898 2728 autin
1926 2686 2072 2728 astu-

499 2777 568 2828 tia
599 2773 943 2837 exercitatos,
972 2771 1038 2826 de
1077 2770 1275 2840 quibus
1318 2769 1395 2824 ait
1439 2767 1706 2823 Jeremias
1739 2784 1753 2820 :
1798 2766 2070 2835 Sapientes

495 2875 637 2934 sunt,
657 2873 712 2918 ut
738 2863 934 2934 faciant
963 2863 1126 2927 ntala,
1157 2861 1282 2915 bene
1315 2871 1490 2913 autent
1523 2859 1695 2928 facere
1723 2861 1957 2912 nesciunt
1984 2858 2068 2911 “z

500 2968 594 3012 aut
622 2956 890 3026 sapientes
919 2954 1049 3008 dicit
1077 2952 1242 3008 etiam
1271 2951 1610 3020 pereuntium
1638 2950 1938 3020 principum
1971 2951 2066 3004 hu-

2149 478 2433 532 ἀναλαϐεῖν
2456 477 2622 548 αὐτὴν
2661 479 2719 529 ὲν
2742 478 2930 540 κόποις
2959 479 3360 549 περισσοτέρως
3386 479 3734 545 ἐξετασθεξ,

2150 564 2305 632 οὗτός
2333 570 2478 622 ἐστιν
2514 571 2544 622 6
2582 569 2767 639 ζήσειν
2814 569 3024 640 μέλλων
3056 572 3135 633 εἰς
3163 570 3348 633 τέλος,
3387 569 3465 633 ὡς
3494 572 3523 623 6
3554 571 3738 624 πολλά

2151 660 2420 723 κοπιάσας
2439 663 2494 713 ὲν
2525 659 2736 731 θλίψεσι
2768 660 3047 733 Λάζαρος·
3071 662 3146 725 ὡς
3172 663 3201 714 6
3227 661 3541 724 κατάκοπος
3575 662 3741 728 γενό-

2156 769 2314 822 μενος
2337 753 2393 805 ὲν
2423 755 2534 815 τοῖς
2566 753 2702 824 πρὸς
2731 753 2822 806 τὸν
2852 754 3092 806 ἐναντίον
3118 754 3322 823 ἀγῶσιν
3361 753 3504 807 Ἰὼϐ·
3555 753 3741 815 Ἐκεῖ,

2151 844 2282 913 γὰρ,
2309 846 2462 913 φησι,
2491 844 2813 899 κατάκοποι
2833 847 3273 900 ἀνεπαύσαντο.
3300 845 3392 898 Διὸ
3421 847 3520 899 καὶ
3547 846 3576 897 6
3621 845 3745 897 K6-

2157 953 2270 1006 ριος
2295 937 2450 990 καλεῖ
2484 936 2592 1007 (85)
2638 938 2772 1009 πρὸς
2801 938 2897 1009 τὴν
2928 939 3232 994 ἀνάπαυσιν
3260 940 3388 1001 τοὺς
3418 937 3747 1000 κοπιῶντας

2155 1031 2249 1082 καὶ
2275 1030 2756 1101 πεφορτισμένους.
2786 1031 2913 1096 Πῶς
2940 1027 3033 1085 οὖν
3061 1033 3111 1084 oi
3141 1031 3440 1094 κοπιῶντες
3456 1032 3517 1083 ἐν
3548 1031 3751 1101 ἔργοις

2157 1120 2380 1188 ἀγαθοῖς
2409 1123 2826 1193 πεφορτισμένοι
2863 1123 3146 1191 λέγονται;
3181 1124 3302 1176 Ὅτι
3333 1123 3750 1191 Πορευόμενετ

2157 1213 2514 1281 ἐπορεύοντο
2542 1216 2638 1269 καὶ
2660 1217 2924 1280 ἔκλαιον,
2943 1216 3282 1281 βάλλοντες
3319 1215 3390 1268 τὰ
3421 1217 3754 1282 σπέρματα

2158 1305 2374 1360 αὐτῶν
2389 1306 2696 1376 ἐρχόμενοι
2710 1307 2777 1361 δὲ
2795 1307 3053 1374 ἥξουσιν
3064 1307 3136 1360 ἐν
3148 1304 3530 1375 ἀγαλλιάσει,
3546 1304 3755 1372 αἴρομ-

2160 1415 2258 1463 τες
2312 1399 2385 1452 τὰ
2438 1399 2745 1470 δράγματα
2791 1399 2990 1454 αὐτῶν
3038 1398 3442 1470 πεπληρωμένα
3478 1396 3750 1466 καρπῶν,

2161 1490 2270 1543 τῶν
2288 1490 2432 1545 κατὰ
2445 1492 2544 1562 τὴν
2564 1492 2856 1560 ἀναλογίαν
2874 1494 3052 1561 ὲσπαρ
3059 1490 3232 1561 μένων
3249 1489 3629 1544 ἀποδοθέντων
3652 1488 3754 1541 αὐ-

2161 1582 2291 1643 τοῖς.
2323 1581 2746 1652 Πεερορτισμένοι
2780 1576 2872 1634 οὖν
2906 1580 3152 1649 λέγονται
3183 1580 3232 1632 οἱ
3254 1620 3268 1643 ,
3306 1579 3395 1632 διὰ
3421 1581 3484 1633 τὸ
3518 1582 3750 1649 σπεῖραι

2163 1673 2249 1724 ἐπ’
2279 1671 2570 1740 εὐλογίαις,
2609 1674 2694 1725 ἐπ’
2718 1672 2989 1748 εὐλογίαις
3005 1674 3099 1726 καὶ
3128 1671 3435 1743 θερίζοντες
3465 1671 3607 1742 (86),
3653 1673 3752 1723 καὶ

2169 1765 2283 1835 μετ’
2310 1765 2646 1835 εὐφροσύνης
2674 1766 2894 1819 αἰωνίου
2926 1765 2994 1818 τὰ
3028 1765 3137 1819 τῶν
3171 1765 3564 1835 πνευματικῶν
3610 1780 3752 1833 καρ-

2165 1857 2282 1910 πῶν
2309 1859 2521 1922 ἑαυτοῖς
2549 1859 2945 1930 ὲπαναθέμενοι
2974 1858 3282 1928 δράγματα.
3325 1857 3382 1911 ⁸0
3406 1852 3501 1910 οὖν
3535 1856 3751 1926 λυτρω-

2167 1949 2278 2013 θεὶς
2305 1949 2394 2002 διὰ
2439 1950 2532 2002 τοῦ
2581 1950 2872 2013 δεδοικότος
2904 1950 3039 2003 Θεοῦ
3074 1950 3212 2021 ὑπὲρ
3239 1947 3402 2003 αὐτοῦ
3451 1947 3744 2016 ὲξίλασμα,

2165 2034 2320 2103 οὗτος
2356 2041 2613 2094 ἐκοπίασε
2663 2042 2760 2112 μὲν
2807 2044 2886 2105 εἰς
2918 2042 3009 2095 τὸν
3035 2041 3205 2095 αἰῶνα
3249 2041 3460 2103 τοῦτον,
3494 2040 3640 2112 μετὰ
3692 2039 3748 2092 δὲ

2165 2132 2339 2188 ταῦτα
2371 2135 2594 2204 ζήσεται
2621 2136 2700 2197 εἰς
2723 2132 2894 2197 τέλος.
2925 2129 3094 2196 Οὗτος
3128 2135 3220 2187 κα)⁸
3248 2136 3367 2186 Οὐκ
3398 2134 3616 2201 ὄψεται
3648 2149 3750 2184 ara-

2168 2226 2491 2294 tagpﬁopiw,
2527 2225 2672 2279 ὅταν
2717 2225 2814 2294 ιδῃ
2861 2225 3094 2294 σοφοὺς
3123 2224 3652 2292 ἀποθνήσκοντας.
3694 2222 3750 2274 '0

2167 2319 2262 2388 τὴν
2293 2317 2482 2389 στενὴν
2504 2319 2597 2371 καὶ
2626 2317 2857 2385 ἔγκοπον
2887 2318 3003 2370 ὁδὸν
3037 2317 3142 2388 πρὸ
3165 2319 3264 2388 τῆς
3288 2317 3438 2380 λείας
3476 2316 3575 2369 καὶ
3604 2315 3751 2367 ἀνει-

2173 2411 2338 2482 μένης
2372 2408 2746 2479 ὲκλεξάμενος,
2783 2412 2840 2462 ὲν
2876 2408 2953 2480 τῷ
2985 2408 3162 2480 καιρῷ
3184 2411 3281 2479 τῆς
3310 2407 3625 2477 ἐπισκοπῆς
3652 2405 3745 2458 τοῦ

2169 2499 2326 2565 Θεοῦ,
2359 2499 2722 2568 ἀπαγομένων
2749 2501 2828 2562 είς
2866 2497 2963 2569 τὴν
2991 2497 3212 2552 αἰωνίαν
3242 2498 3462 2551 κόλασιν
3489 2496 3603 2549 τῶν
3630 2497 3749 2549 ἀπι-

2173 2593 2483 2662 στησάντων
2519 2592 2617 2662 μὲν
2663 2595 2776 2656 τοῖς
2823 2592 3001 2660 λόγοις
3032 2591 3125 2645 τοῦ
3159 2591 3292 2645 Θεοῦ
3315 2633 3330 2657 ,
3370 2593 3748 2663 πορευθέντων

2169 2683 2227 2736 δὲ
2253 2682 2428 2735 ὀπίσω
2453 2681 2560 2733 τῶν
2592 2680 2912 2751 θελημάτων
2931 2681 3030 2751 τῆς
3059 2681 3286 2753 καρδίας
3306 2680 3482 2735 αὐτῶν
3514 2681 3620 2750 τῆς
3650 2698 3749 2751 μα-

2169 2775 2330 2838 ταίας
2351 2774 2486 2847 (87),
2518 2768 2672 2836 οὗτος
2686 2773 2783 2844 τὴν
2810 2773 3024 2829 αἰώνιον
3053 2773 3419 2846 καταφθορὰν,
3450 2774 3552 2844 τὴν
3580 2776 3658 2838 εἰς
3691 2774 3750 2826 τὸ

2177 2867 2426 2938 διηνεκὲς
2472 2865 2840 2919 κακοπάθειαν
2879 2865 2979 2918 οὐκ
3018 2865 3228 2935 ὄψεται.
3273 2865 3475 2933 Σοφούς
3507 2865 3564 2917 δὲ
3601 2865 3748 2933 λέγει

2172 2961 2292 3030 ἢτοι
2313 2960 2437 3021 τούς
2459 2959 2662 3021 δεινοὺς
2692 2959 2749 3010 ὲν
2779 2959 3107 3030 πανουργία,
3135 2959 3264 3030 περὶ
3308 2951 3381 3010 ὧν
3418 2974 3554 3029 φησι
3592 2957 3748 3029 Ἰερε-

493 3049 580 3117 jus
609 3048 784 3104 saeculi
826 3044 1140 3113 discipulos,
1163 3043 1256 3114 qui
1285 3042 1526 3098 Dicentes
1558 3059 1612 3096 se
1643 3059 1753 3097 esse
1785 3043 2064 3106 sapientes,

2175 3049 2304 3122 μίας
2329 3048 2465 3118 (88),
2497 3050 2578 3101 ὅτι
2613 3049 2798 3116 Σοφοί
2818 3051 2936 3102 εἱσι
2964 3047 3070 3102 τοῦ
3104 3045 3533 3113 κακοποιῆσαι,
3563 3046 3635 3099 τὸ
3681 3047 3746 3098 δὲ

499 3143 645 3196 stulti
679 3141 806 3212 [acti
835 3149 953 3195 sunt
971 3140 1036 3192 ⁵⁸.
1066 3137 1199 3192 Nam
1231 3137 1499 3206 Sapientia
1527 3137 1684 3207 hujus
1715 3137 1896 3190 mundi
1933 3136 2065 3189 stul-

502 3237 621 3289 titia
644 3246 717 3288 est
758 3234 896 3300 apud
925 3231 1091 3286 Deum
1120 3230 1185 3284 ‘7.
1219 3229 1285 3282 Et
1316 3229 1442 3297 quia
1483 3230 1596 3284 tunc
1631 3228 1894 3298 sapientia
1934 3227 2068 3280 stul-

503 3337 585 3382 tos
611 3327 758 3390 facit,
785 3325 902 3379 ideo
928 3323 1069 3378 Deus
1100 3322 1436 3393 perditurum
1469 3335 1528 3376 se
1553 3335 1672 3376 esse
1699 3321 1827 3375 dicit
1854 3320 2067 3389 sapien-
2094 3333 2098 3338 '

504 3419 630 3471 tiam
672 3416 1015 3486 sapientium,
1051 3423 1118 3469 et-
1148 3413 1489 3483 prudentiam
1526 3412 1866 3480 prudentium
1893 3424 2072 3479 repro-

504 3508 749 3563 baturum
781 3508 848 3562 "‘.
880 3507 1267 3562 Persuasiones
1295 3505 1457 3573 igitur
1481 3503 1636 3572 hujus
1673 3501 1912 3557 scientia:
1935 3501 2070 3556 falso

502 3597 810 3660 nominatae,
840 3597 927 3659 iis,
971 3598 1061 3665 qui
1107 3610 1200 3649 eas
1245 3593 1576 3663 exceperint,
1618 3591 1807 3646 mortis
1849 3607 2069 3646 causam

503 3688 730 3743 afferunt
756 3708 770 3743 :
797 3705 955 3759 quam
991 3697 1222 3742 mortem
1263 3701 1368 3740 non
1412 3684 1616 3739 videbit
1645 3684 1734 3752 qui
1764 3683 2070 3754 redemptus

502 3791 586 3836 est
627 3781 708 3835 ab.
736 3796 824 3844 eo,
866 3781 950 3834 cui
983 3780 1154 3833 visunt
1187 3788 1272 3834 est
1303 3780 1358 3832 in
1409 3776 1808 3846 praedicationis
1843 3777 2068 3832 stultitia

501 3876 783 3932 credentes
822 3871 1049 3925 salvare.

2169 3140 2363 3195 καλὸν
2379 3139 2626 3208 ποιῆσαι
2653 3141 2724 3194 οὐ
2753 3138 3173 3210 γινώσκουσιν*
3200 3139 3232 3210 ἢ
3267 3140 3462 3209 σοφοὺς
3483 3139 3636 3207 λέγει
3657 3141 3747 3192 καὶ

2169 3234 2297 3296 τούς
2332 3231 2579 3302 μαθητὰς
2611 3231 2718 3285 τῶν
2767 3233 3042 3304 ἀρχόντων
3072 3233 3164 3285 τοῦ
3200 3233 3392 3295 αἰῶνος
3420 3232 3609 3285 τούτου
3642 3233 3746 3285 τῶν

2173 3323 2654 3395 καταργουμένων,
2684 3325 2898 3386 οἵτινες,
2947 3324 3293 3390 Φάσκοντες
3341 3321 3494 3378 εἶναι
3543 3327 3743 3393 σοφοὶ,

2175 3415 2626 3487 ἐμωράνθησαν.
2655 3416 2799 3468 Διότι
2832 3416 2892 3472 Ἡ
2936 3416 3121 3484 σοφία
3146 3413 3253 3468 τοῦ
3280 3417 3509 3484 κόσμου
3535 3416 3745 3468 τούτου

2173 3507 2363 3576 μωριά
2395 3507 2551 3574 παρὰ
2584 3505 2664 3571 τῷ
2710 3507 2850 3571 Θεῷ.
2894 3508 3002 3560 Καὶ
3035 3507 3122 3558 διὰ.
3157 3507 3219 3559 τὸ
3259 3501 3396 3560 εἶναι
3443 3508 3746 3578 μωροποιόν

2176 3598 2275 3668 τὴν
2312 3597 2500 3667 σοφίαν
2528 3597 2750 3669 ταύτην,
2787 3597 3071 3651 ἀπολέσειν
3104 3597 3268 3667 φησὶν
3302 3599 3330 3650 6
3357 3598 3490 3661 Θεὸς
3516 3597 3628 3668 (89)
3651 3597 3747 3667 τὴν

2179 3689 2370 3756 σοφίαν
2403 3686 2511 3740 τῶν
2560 3688 2759 3757 σοφῶν,
2817 3692 2909 3740 καί
2946 3689 3046 3758 τὴν
3102 3687 3315 3740 σύνεσιν
3360 3687 3466 3740 τῶν
3512 3689 3746 3741 συνετῶν

2176 3779 2481 3850 ἀθετήσειν.
2513 3781 2577 3833 ΑΞ
2609 3776 2702 3833 οὐν
2729 3778 3078 3850 πιθανότητες
3105 3781 3202 3850 τῆς
3225 3780 3575 3850 ψευδωνύμου
3604 3779 3740 3849 γνώ-

2179 3893 2333 3939 σεως,
2363 3874 2592 3929 θανάτου
2640 3875 2816 3929 αἰτίαν
2845 3877 2955 3938 τοῖς
2993 3877 3452 3946 παραδεξαμένοις
3479 3877 3744 3948 παρέχον-

501 3983 621 4020 ται’
654 3967 835 4020 ὅντινα
855 3964 1077 4018 θάνατον
1113 3963 1213 4016 οὐκ
1234 3961 1420 4032 ὄψεται
1455 3962 1484 4014 6
1514 3957 1808 4031 λυτρωθεὶς
1839 3957 1944 4011 ὑπὸ
1997 3959 2091 4012 τοῦ
2131 3964 2519 4036 εὐδοκήσαντος
2585 3967 2641 4017 ὲν
2703 3966 2769 4034 τῇ
2823 3964 3002 4035 μωρία
3047 3964 3140 4016 τοῦ
3185 3964 3533 4036 κηρύγματος
3579 3965 3744 4018 σῶσαι

501 4059 626 4120 τοὺς
653 4055 1024 4118 πιστεύοντας.

575 4151 627 4206 6.
664 4148 831 4205 Simul
850 4149 1096 4217 insipiens
1112 4156 1158 4200 et
1186 4145 1378 4200 stultus
1403 4144 1662 4211 peribunt,
1692 4151 1742 4199 et
1780 4143 2071 4214 relinquent

505 4243 691 4296 alienis
725 4241 932 4295 divitias
964 4257 1085 4294 suas
1117 4253 1134 4290 :
1172 4239 1342 4304 (\‘ERS.
1379 4236 1466 4306 12)
1511 4247 1558 4290 et
1597 4237 1834 4305 sepulcra
1870 4252 2071 4299 eorum,

2249 4145 2301 4200 6.
2353 4144 2482 4198 Ἐπὶ
2501 4143 2569 4196 τό
2598 4144 2744 4198 αὑτό
2776 4143 2980 4212 ἀείρων
3011 4145 3108 4198 καὶ
3141 4144 3325 4212 ἄνους
3352 4147 3734 4211 dualem-car,

2177 4239 2275 4292 καὶ
2315 4238 2792 4304 καταλείψουσιν
2831 4236 3172 4304 ἀλλοτρίοις
3203 4237 3310 4291 τὸν
3348 4238 3614 4291 πλοῦτον
3645 4242 3743 4294 αὖ.

508 4333 692 4387 domus
737 4332 946 4384 illorum
995 4332 1049 4383 in
1087 4341 1358 4383 aeternum.
1395 4327 1750 4381 Tabernacula
1799 4343 1974 4379 eorum
2019 4329 2064 4379 in

2173 4330 2310 4384 τῶν.
2362 4330 2470 4384 Καὶ
2507 4334 2562 4382 οὶ
2595 4330 2766 4399 τάφοι
2805 4329 3006 4383 αὐτῶν
3051 4333 3228 4386 οἰκίαι
3271 4331 3466 4385 αὐτῶν
3508 4336 3597 4399 εις
3644 4336 3743 4388 τέν

507 4423 797 4490 progeniem
835 4429 882 4474 et
924 4419 1253 4488 progeniem,
1287 4426 1596 4471 vocaverunt
1641 4416 1851 4469 nomina
1885 4432 1980 4471 sua
2015 4416 2071 4468 in

506 4517 674 4566 terris.
721 4511 776 4566 ln
807 4511 1176 4580 superioribus
1211 4524 1314 4564 uno
1355 4508 1588 4576 generali
1621 4509 1835 4562 nomine
1857 4509 2069 4577 sapien-

509 4610 588 4654 tes
628 4603 858 4666 vocavit,
896 4617 1031 4670 quos
1085 4616 1227 4656 nunc
1268 4599 1536 4662 dividens,
1571 4599 1888 4666 insipientes
1942 4599 2074 4652 dicit

507 4703 561 4746 et
583 4693 792 4748 stultos.
823 4693 1004 4748 Palam
1047 4704 1129 4748 est
1161 4694 1336 4762 ipsum
1388 4707 1480 4746 eos
1515 4691 1787 4759 sapientes
1822 4704 2068 4754 vocasse,

510 4785 611 4838 hoc
646 4785 861 4838 nomine
887 4800 952 4838 ex
984 4799 1169 4839 eorum
1199 4784 1454 4852 opinione
1496 4796 1676 4837 nsunt.
1707 4780 2070 4847 Quemadmo-

510 4877 633 4927 dum
661 4882 718 4929 et
749 4875 990 4929 nominat
1018 4877 1167 4939 deos,
1201 4875 1294 4944 qui
1342 4873 1414 4928 dii
1452 4889 1554 4928 non
1594 4883 1721 4927 sunt
1751 4883 1970 4938 natura,
1994 4888 2074 4926 er-

579 4987 625 5017 ⁶⁰
664 4985 794 5057 Lue_.
821 5001 934 5047 xvi,
961 4987 1031 5039 20
1060 5003 1211 5057 seqq.
1261 4988 1328 5057 7"“
1353 4985 1452 5041 Job
1488 4986 1695 5057 ιιιΑἹ.

505 5055 594 5111 22.
673 5057 716 5088 ⁸⁸
748 5055 901 5110 Rom.
942 5071 982 5120 ι,
1018 5057 1108 5110 22.
1139 5055 1151 5057 ’
1185 5057 1230 5089 θ’
1259 5056 1279 5110 l
1307 5057 1432 5112 Cor.
1459 5071 1542 5118 ιιι,
1572 5055 1658 5110 l9.

579 5191 691 5262 (85)
715 5189 792 5262 Ita
828 5204 959 5262 mss.
985 5199 1216 5262 septem.
1251 5189 1389 5244 Editi
1420 5205 1830 5259 προσκαλειται.

581 5261 693 5332 (86)
729 5261 837 5332 δῖοί
866 5261 1048 5332 ΙὶειςὶιΔ
1073 5261 1284 5332 tertius,
1328 5269 1689 5332 quartus_et_
1715 5269 2066 5332 sextus__eum

509 5329 718 5387 duobus
775 5331 894 5384 aliis
941 5329 1260 5383 (Jolbertinis
1286 5339 1340 5382 et
1383 5345 1504 5381 cum
1551 5329 1716 5382 Coisl.
1747 5331 1818 5382 At
1857 5329 1984 5380 editi
2019 5339 2073 5381 et

511 5401 748 5523 ttzntnuili
793 5415 926 5456 mss.
953 5399 1118 5453 διὰτὸ
1153 5401 1369 5470 σπεῖραι
1406 5400 1491 5450 ἐπ’
1526 5398 1829 5467 εὐλογίαις,
1864 5399 1957 5450 καὶ
1988 5396 2074 5450 θε-

515 5489 544 5523 ο
570 5489 768 5523 εοντες.

570 5489 768 5535 ςοντες.

514 5489 768 5542 ριςοντες.

583 5543 692 5609 (87)
721 5543 849 5608 Iieg.
892 5542 1082 5595 tertius
1103 5539 1210 5592 τῶν
1261 5537 1521 5610 ματαίων.
1565 5537 1766 5610 Ibidem
1790 5538 1840 5590 in
1872 5537 2067 5608 aliqui-

515 5612 626 5682 bus
649 5627 774 5682 mss.
812 5613 1002 5682 legitur
1023 5612 1259 5674 αἰώνιον,
1283 5611 1335 5661 in
1366 5609 1486 5682 aliis
1509 5609 1765 5682 pimvlav.

584 5681 690 5740 (83)
726 5678 897 5738 sauia
925 5683 1093 5736 Paris.
1121 5684 1147 5733 ὁ
1189 5678 1475 5748 Ἱερεμίας.
1509 5679 1667 5734 Deest
1718 5678 1977 5735 articulus
2013 5681 2064 5734 in

1787 4987 1830 5017 ⁵³
1855 4986 2041 5040 Matth.
2077 5004 2155 5048 XI,
2191 4989 2282 5043 28.

1735 5057 1778 5087 ⁸⁸⁸
1813 5056 2091 5127 lsu.xx1x,
2123 5061 2222 5124 ll;
2267 5060 2284 5112 Ι
2315 5057 2437 5113 Cor.
2477 5076 2512 5125 ι,
2544 5059 2624 5114 19.

2175 4420 2377 4474 αἰῶνα.
2413 4419 2777 4489 Σκηνώματα
2801 4421 3000 4474 αὐτῶν
3023 4423 3110 4486 εις
3136 4422 3346 4491 γενεὰν
3383 4422 3480 4474 καὶ
3510 4425 3737 4491 γενεάν.

2188 4509 2658 4563 Ἐπεκαλέσαντο
2687 4510 2758 4563 τὰ
2793 4512 3053 4580 ὀνόματα
3083 4511 3387 4568 αὐτῶνέπεὶ
3407 4512 3524 4564 τῶν
3545 4513 3737 4582 rauim

2179 4603 2325 4654 ’Ἄνω
2364 4602 2444 4654 ἐν).
2485 4601 2813 4672 ὀνόματι
2845 4602 3045 4671 γενικῷ
3086 4603 3495 4674 προσηγόρευσε
3529 4606 3738 4672 σοφοὺς,

2169 4692 2262 4755 οὒς
2293 4692 2386 4744 νῦν
2431 4692 2790 4763 ὑποδιαιρῶν,
2835 4694 3076 4764 ἄφρονας
3107 4695 3201 4746 καὶ
3239 4692 3398 4756 ἄνους
3425 4694 3575 4762 λέγει
3615 4697 3737 4764 (96).

2176 4784 2340 4854 Δῆλον
2365 4783 2445 4836 ὅτι
2496 4785 2693 4852 σοφοὺς
2723 4783 2821 4853 μὲν
2853 4785 3048 4847 αὐτοὺς
3077 4779 3247 4846 εἶπεν,
3268 4785 3374 4837 ἀπὸ
3402 4788 3500 4855 τῆς
3523 4787 3741 4856 οἰήσεως

2177 4876 2278 4945 τῆς
2318 4875 2540 4928 ἐκείνων
2594 4875 3042 4948 συγχρησάμενος
3090 4875 3169 4945 τῷ
3218 4877 3459 4946 ὀνόματι.
3518 4877 3604 4940 Ὠς
3653 4877 3739 4928 καί

2359 4989 2404 5020 ³³
2440 4988 2580 5043 Psal.
2610 5005 2771 5053 cxxv,
2804 4988 2857 5043 6.
2935 4988 2981 5019 “
3008 4987 3052 5042 ll
3076 4987 3199 5043 Cor.
3225 5005 3300 5055 Ix,
3330 4989 3382 5043 6.
3460 4989 3506 5020 ⁶³
3532 4988 3641 5044 Jer.
3671 5007 3738 5054 tv,

2181 5211 2312 5250 mss.
2340 5205 2393 5250 et
2424 5197 2475 5248 in
2505 5197 2741 5250 editione
2778 5195 2942 5250 Basil.
2978 5196 3175 5251 Statim
3222 5196 3390 5251 editio
3431 5196 3606 5250 Paris.
3646 5216 3738 5247 mm

2176 5267 2339 5320 verbo
2391 5267 2772 5338 καλοποιῆσαι.
2804 5268 2980 5322 Editio
3029 5282 3158 5320 vero
3207 5265 3371 5322 Basil.
3408 5277 3461 5322 et
3486 5282 3580 5322 sex
3617 5283 3734 5323 mss.

2176 5338 2384 5408 duabus
2397 5337 2626 5408 vocibus
2645 5337 2813 5390 καλὸν
2841 5338 3087 5408 ποιῆσαι.

2245 5406 2357 5475 (89)
2392 5405 2483 5461 Sic
2527 5406 2822 5461 Colbertiui
2869 5405 3097 5474 primus.
3144 5406 3389 5474 quintus,
3451 5416 3638 5461 sextus
3685 5417 3736 5462 et

2180 5475 2446 5545 septimus
2505 5492 2626 5530 cum
2665 5477 2782 5530 aliis
2837 5479 3011 5531 tribus
3065 5477 3251 5545 Regiis
3304 5486 3358 5529 et
3425 5493 3544 5530 cum
3578 5477 3730 5532 (inisl.

2177 5539 2317 5598 Editi
2346 5561 2472 5599 vero
2494 5560 2616 5598 cum
2650 5562 2755 5599 ttnn
2788 5557 2874 5597 ant
2902 5548 3073 5599 altero
3101 5539 3201 5598 ms.
3246 5547 3379 5613 φησὶ
3407 5547 3497 5600 τὸν
3523 5547 3670 5604 Θεὸν.

2249 5615 2359 5685 (90)
2397 5614 2474 5669 Ita
2511 5630 2779 5682 IIISS.‘SBX.
2814 5618 2949 5671 Edili
2977 5616 3136 5679 ἄνους
3166 5615 3338 5669 καλεῖ.
