3978 6410
264 360 370 413 διδ

1358 350 1634 407 HOMILIA
1674 349 1743 405 IN
1778 348 2103 406 PSALMUM
2139 348 2372 405 XLVIII.

3393 347 3524 409 ιιϐ,

264 470 422 534 θεοὺς
454 468 708 538 ὀνομάζει
740 468 865 532 τοὺς
901 466 975 538 μὴ
1007 464 1165 535 φύσει
1216 466 1396 532 ὄντας,
1451 469 1518 538 τῇ
1569 465 1829 537 συνηθείᾳ

1944 466 2167 522 rantium
2222 472 2437 522 secutus
2481 466 2973 523 consuetudinem:
3021 467 3095 523 ita
3147 481 3360 538 quoque
3412 482 3501 523 sa-

265 564 373 619 τῶν
404 561 771 633 ἠπατημένων
820 560 1084 631 ἑπόμενος
1105 600 1119 625 ,
1159 561 1299 614 οὕτω
1330 560 1424 614 καὶ
1468 561 1662 629 σοφοὺς
1706 555 1827 614 εἷπε

264 656 390 719 τοὺς
417 654 655 725 ἄφρονας
692 652 784 704 καὶ
815 653 1091 723 ἀνοήτους.
1137 652 1366 705 Δυνατὸν
1410 646 1499 705 οὖν
1526 654 1591 722 τῇ
1621 652 1831 723 ἐπινοίᾳ

264 747 456 800 διελεῖν
485 744 574 797 τὸν
598 745 805 814 ἄφρονα
834 744 941 798 ἀπὸ
969 743 1061 798 τοῦ
1085 744 1330 814 ἀνοήτου.
1354 745 1574 815 Ἄφρων
1603 743 1700 813 μὲν
1723 743 1830 812 γάρ

264 839 415 891 ἐστιν
444 837 473 888 6
505 836 863 906 ἐστερημένος
892 838 1223 907 φρονήσεως,
1253 836 1345 888 καὶ
1368 837 1395 887 ό
1423 835 1557 905 πρὸς
1585 834 1651 887 τὰ
1678 835 1833 889 κοινὰ

266 932 363 984 καὶ
405 928 717 1000 ἀνθρώπινα
756 927 1075 999 διορατικῶς
1131 927 1206 997 μὴ
1261 927 1417 997 ἔχων.
1460 926 1614 979 Οὕτω
1658 927 1750 978 καὶ
1796 926 1830 996 ή

268 1020 522 1092 συνήθεια
556 1020 848 1090 φρονίμους
881 1020 1035 1074 καλεῖ
1052 1022 1177 1083 τοὺς
1209 1021 1265 1073 ἐν
1298 1021 1410 1082 τοῖς
1436 1018 1574 1071 κατὰ
1599 1018 1690 1070 τὸν
1721 1016 1831 1085 βίον

267 1110 555 1181 πράγμασι
586 1109 645 1162 τὸ
675 1109 948 1179 ὠφέλιμον
977 1108 1072 1160 καὶ
1106 1107 1366 1178 βλαϐερὸν
1391 1107 1497 1177 (91)
1532 1106 1831 1177 διακρίνον-

267 1218 393 1264 τας·
425 1200 558 1254 καθὸ
579 1199 793 1271 εἴρηται
821 1198 915 1251 καὶ
940 1200 997 1251 ὲν
1028 1197 1106 1267 τῷ
1123 1197 1455 1267 Εὐαγγελίῳ·
1481 1196 1610 1248 ’Ὅτι
1634 1197 1687 1247 οἱ
1714 1194 1830 1248 υἱοὶ

270 1293 375 1346 τοῦ
433 1289 645 1356 αἰῶνος
700 1291 916 1342 τούτου
974 1288 1394 1359 φρονιμώτεροι
1466 1286 1617 1353 ὑπὲρ
1691 1285 1833 1350 τοὺς

269 1383 441 1449 υἱοὺς
484 1382 590 1436 τοῦ
643 1380 834 1449 φωτὸς
892 1382 978 1445 εἰς
1025 1378 1141 1447 τὴν
1187 1378 1400 1449 γενεὰν
1454 1376 1568 1444 τὴν
1606 1373 1834 1429 ἑαυτῶν

270 1478 448 1529 εἰσιν.
496 1474 570 1526 Οὐ
613 1473 719 1543 γὰρ
768 1471 953 1535 ἁπλῶς
1003 1470 1417 1543 φρονιμώτεροι,
1465 1469 1576 1522 ἀλλ’
1608 1470 1687 1530 εἰς
1734 1466 1833 1536 τὴν

270 1567 604 1636 διεξαγωγὴν
632 1566 730 1636 τῆς
767 1564 914 1633 ζωῆς
939 1564 1139 1634 ταύτης
1182 1563 1281 1632 τῆς
1324 1564 1382 1614 ἐν
1410 1563 1474 1631 τῇ
1507 1560 1667 1631 σαρκί
1701 1558 1829 1628 (92).

272 1655 433 1713 Οὗτοι
465 1659 522 1712 δὲ
553 1658 648 1712 καὶ
667 1656 936 1727 οἰκονόμοι
966 1655 1176 1718 ἀδικίας
1189 1652 1464 1724 λέγονται,
1500 1652 1588 1705 διὰ
1623 1651 1683 1703 τὸ
1711 1650 1834 1722 φρό-

272 1766 426 1821 νιμον
458 1749 558 1818 τῆς
590 1747 719 1819 περὶ
765 1748 855 1800 τὸν
902 1745 1104 1800 ἑαυτῶν
1146 1744 1258 1815 βίον
1295 1742 1622 1812 οἰκονομίας.
1677 1738 1835 1794 Κατά

1930 557 2171 627 pientes,
2230 557 2546 627 insipientes
2591 565 2645 613 et
2698 558 2895 613 stultos
2944 558 3098 613 dixit.
3156 558 3500 627 lnsipientem

1931 648 2097 719 igitur
2134 665 2164 702 a
2197 650 2361 705 stulto
2400 650 2726 720 cogitatione
2761 649 2888 705 licet
2937 649 3287 717 distinguere.
3320 647 3503 720 Siqui-

1932 742 2050 794 dem
2092 740 2348 810 insipiens
2380 751 2463 796 est
2517 741 2609 809 qui
2645 741 2927 810 prudentia
2959 741 3223 809 privatus,
3256 742 3310 795 in
3346 756 3499 796 com-

1933 830 2181 883 munibus
2216 845 2280 884 ac
2322 831 2573 886 humanis
2615 833 2775 887 rebus
2824 834 3109 901 perspicax
3140 850 3243 888 non
3271 844 3374 890 est.
3408 835 3502 890 Sic

1933 918 2093 972 etiam
2127 920 2460 974 consuetudo
2504 920 2793 989 prudentes
2820 931 2975 977 vocat
3012 938 3127 988 eos,
3166 924 3256 993 qui
3296 926 3347 978 in
3375 925 3503 979 vita:

1932 1012 2183 1080 negotiis,
2210 1011 2343 1065 utile
2364 1022 2419 1066 et
2450 1012 2669 1066 noxium
2705 1014 3035 1077 discernunt,
3060 1015 3214 1085 juxta
3249 1017 3389 1086 quod
3420 1016 3499 1069 di-

1934 1108 2078 1152 ctum
2107 1107 2190 1152 est
2229 1108 2281 1153 et
2319 1100 2371 1152 in
2426 1098 2755 1169 Evangelio:
2798 1102 2935 1166 Quia
2974 1103 3074 1171 ﬁlii
3119 1104 3276 1175 hujus
3315 1111 3499 1164 διεθηιὶ

1932 1189 2293 1255 prudentiores
2308 1190 2435 1257 ﬁliis
2464 1192 2596 1245 lucis
2614 1194 2665 1244 in
2687 1196 3015 1261 generatione
3033 1212 3131 1250 sua
3157 1208 3280 1252 sunt
3303 1200 3367 1254 θ’.
3387 1201 3503 1259 Non

1934 1280 2078 1334 cnim
2104 1280 2478 1349 prudentiores
2520 1295 2642 1338 sunt
2687 1284 3025 1353 simpliciter,
3061 1290 3154 1344 sed
3204 1292 3271 1346 ad
3301 1294 3503 1361 degen-

1934 1371 2054 1424 dam
2097 1372 2235 1426 hane
2286 1373 2339 1427 in
2374 1388 2536 1430 carne
2575 1375 2760 1430 vitam.
2799 1377 3004 1433 Rursus
3047 1390 3100 1433 et
3142 1382 3304 1438 villici
3346 1386 3503 1457 183

1934 1461 2010 1516 illi
2054 1462 2354 1532 iniquitatis
2388 1466 2677 1534 prudentes
2712 1468 2986 1534 dicuntur,
3024 1476 3163 1537 quod
3214 1478 3506 1544 prudenter

1934 1555 2100 1608 vitam
2127 1569 2279 1609 suam
2316 1556 2619 1612 instituant.
2656 1557 2954 1615 Prudentes
2974 1578 3187 1633 quoque
3234 1578 3358 1622 sunt
3384 1584 3507 1625 ser-

1935 1647 2211 1715 pentes",
2249 1648 2543 1702 secundum
2602 1650 2743 1704 hanc
2798 1653 3268 1722 signiﬁcationem,
3312 1661 3509 1729 quippe

1936 1736 2024 1805 qui
2056 1736 2157 1790 sibi
2190 1736 2320 1804 ipsis
2343 1745 2529 1805 parent
2554 1736 2795 1804 latibula,
2816 1748 2980 1809 atque
3006 1742 3058 1794 in
3080 1744 3333 1811 periculis
3359 1746 3509 1800 omni

273 1842 428 1895 τοῦτο
457 1841 516 1892 τὸ
544 1840 958 1909 σημαινόμενον,
992 1835 1243 1909 φρόνιμοί
1272 1838 1407 1889 εἰσιν
1445 1835 1539 1887 καὶ
1574 1834 1622 1887 οἱ
1656 1832 1831 1901 ὄφεις,

1944 1829 2094 1882 modo
2129 1828 2312 1899 plagas
2352 1830 2544 1897 capitis
2588 1831 2812 1885 evitent.
2854 1830 3061 1888 Stultus
3094 1846 3271 1890 autem
3303 1838 3349 1892 is
3376 1840 3511 1894 dici-

274 1931 592 1995 καταδύσεις
616 1933 826 1993 ἑαυτοῖς
858 1928 1293 1999 εὐτρεπίζοντες,
1317 1927 1408 1979 καὶ
1438 1927 1494 1981 ἐν
1521 1928 1633 1988 τοῖς
1658 1922 1838 1977 κινδύ-

276 2043 388 2089 νοις
416 2024 575 2078 παντὶ
598 2022 780 2093 τρόπῳ
808 2021 905 2083 τὰς
938 2020 1030 2073 ἐπὶ
1058 2018 1156 2090 τὴν
1198 2017 1434 2088 κεφαλὴν
1459 2017 1672 2087 πληγὰς
1700 2017 1837 2069 ἀποο

276 2116 582 2185 φεύγοντες.
622 2115 814 2176 ’Ἀνους
838 2112 895 2164 δὲ
925 2111 1139 2179 λέγεται
1168 2111 1196 2162 6
1222 2109 1320 2161 οὐκ
1353 2108 1489 2178 ἔχων
1523 2109 1588 2162 τά
1628 2107 1723 2162 τοῦ
1752 2109 1839 2161 ἀν-

276 2207 494 2280 θρώπου
523 2205 790 2276 ἐξαίρετα.
822 2201 1002 2255 Ταῦτα
1030 2201 1085 2254 δέ
1116 2201 1231 2252 ἐστι
1262 2199 1401 2251 Θεοῦ
1427 2200 1639 2271 Πατρὸς
1676 2217 1839 2253 κατα-

277 2302 479 2370 νόησις,
512 2299 603 2352 καὶ
632 2299 664 2367 ή
702 2293 794 2348 τοῦ
817 2295 874 2347 ἐν
904 2294 1045 2365 ἀρχῇ
1068 2292 1219 2354 ὄντος
1248 2290 1381 2360 πρὸς
1396 2290 1486 2345 τὸν
1515 2290 1645 2343 Θεὸν
1666 2291 1837 2359 Λόγου

279 2390 554 2462 παραδοχή
590 2388 737 2459 (95)·
785 2387 878 2440 καὶ
924 2388 951 2438 6
1002 2384 1155 2456 παρά
1185 2385 1277 2438 τοῦ
1317 2384 1473 2451 ἁγίου
1525 2382 1840 2453 Πνεύματος

278 2483 623 2552 ἐγγινόμενος
660 2477 962 2548 φωτισμός·
992 2478 1174 2531 ὅντινα
1206 2474 1328 2529 νοῦν
1356 2475 1566 2544 ἔχουσιν
1593 2475 1641 2527 οί
1679 2474 1839 2529 δυνά-

280 2592 431 2647 μενοι
482 2571 619 2644 μετά
667 2569 877 2625 Παύλου
926 2568 1135 2637 λέγειν’
1178 2566 1367 2637 Ἡμεῖς
1422 2566 1490 2619 δὲ
1532 2566 1682 2619 γοῦν
1712 2568 1843 2633 Χρι-

278 2669 430 2724 στοῦ
479 2668 715 2737 ἔχομεν.
774 2664 1055 2736 Κέχρηται
1114 2663 1297 2733 μέντοι
1352 2662 1447 2715 καὶ
1507 2661 1842 2732 ἐνηλλαγμέ-

278 2779 384 2825 νως
430 2763 540 2822 τοῖς
591 2759 797 2830 ῥήμασι
823 2755 1090 2827 τούτοιςή
1127 2754 1382 2825 συνήθεια
1430 2753 1531 2823 τῆς
1576 2755 1817 2825 Γραφῆς,

278 2851 371 2906 τὸν
391 2850 489 2922 μὲν
517 2849 673 2903 ἄθεον
699 2848 906 2918 ἄφρονα
935 2845 1165 2915 λέγουσα
1192 2847 1249 2898 ἐν
1283 2844 1358 2915 τῷ
1378 2884 1393 2909 ,
1432 2841 1619 2898 Εἶπεν
1645 2846 1845 2914 ἄφρων

279 2943 349 2994 ἐν
375 2939 585 3008 καρδίᾳ
616 2937 828 2991 αὺτοῦ·
873 2937 993 2988 Οὐκ
1038 2934 1168 2987 ἐστι
1199 2935 1341 2999 Θεός
1368 2949 1382 2964 ’
1431 2934 1525 2987 καὶ
1577 2934 1738 2987 πάλιν
1785 2933 1846 2985 τὸ

284 3036 411 3106 περὶ
464 3034 563 3103 τὴν
628 3031 769 3101 ζωὴν
839 3028 1098 3100 βλαϐερὸν
1168 3028 1392 3099 ἀνόητον
1464 3027 1840 3098 ὀνομάζουσα’

281 3129 357 3191 ὼς
384 3127 413 3180 6
455 3122 774 3185 Ἀπόστολος
823 3121 951 3191 περὶ
982 3119 1090 3172 τῶν
1116 3118 1495 3190 ἐμπιπτόντων
1541 3119 1620 3181 είς
1658 3118 1845 3171 ἐπιθυ-

1941 1927 2046 1984 tur,
2070 1920 2159 1988 qui
2188 1934 2295 1974 non
2333 1920 2495 1975 habet
2523 1935 2607 1986 ea,
2650 1937 2769 1991 qua:
2798 1933 2923 1978 sunt
2953 1925 3189 1979 hominis
3219 1929 3506 1997 praecipua.

1937 2008 2063 2065 Haec
2091 2018 2269 2064 autem
2318 2019 2463 2078 sunt,
2503 2010 2596 2067 Dei
2628 2011 2805 2068 Patris
2830 2015 3040 2083 notitia,
3068 2024 3123 2070 et
3152 2017 3332 2083 Verbi,
3366 2021 3511 2089 quod

1937 2109 2057 2155 erat
2086 2100 2140 2155 in
2202 2102 2467 2172 principio
2499 2105 2638 2171 apud
2673 2105 2839 2161 Deum
2863 2108 2929 2175 “,
2960 2109 3205 2165 doctrina
3229 2127 3257 2165 a
3287 2112 3509 2180 majori-

1937 2191 2037 2246 bus
2064 2203 2309 2261 accepta,
2332 2202 2386 2248 et
2412 2208 2442 2247 a
2482 2205 2668 2249 sancto
2696 2195 2897 2264 Spiritu
2938 2203 3232 2267 procedens
3271 2203 3509 2259 illustra-

1943 2283 2015 2337 tio
2045 2302 2057 2336 :
2088 2298 2250 2353 quam
2281 2293 2513 2340 mentem
2558 2286 2781 2353 habent,
2810 2290 2900 2359 qui
2935 2302 3157 2360 possunt
3186 2308 3306 2349 cum
3347 2295 3510 2353 Paulo

1940 2375 2119 2430 dicere
2151 2395 2164 2429 :
2211 2375 2321 2431 Nos
2351 2388 2524 2431 autem
2561 2390 2782 2435 mentem
2816 2381 3011 2437 Christi
3037 2384 3285 2441 habemus
3307 2389 3376 2443 ⁷³.
3407 2390 3508 2443 At~

1942 2475 2120 2520 tamen
2163 2466 2246 2522 bis
2273 2469 2493 2523 vocibus
2528 2470 2770 2525 vicissim
2814 2487 2877 2527 ac
2913 2476 3223 2543 promiscue
3258 2480 3334 2532 uti
3375 2480 3512 2536 solet

1943 2556 2240 2627 Scriptura,
2283 2568 2467 2627 utpote
2503 2576 2621 2630 qum
2681 2563 2902 2630 impium
2947 2576 3101 2620 vocet
3141 2567 3506 2638 insipientem,

1940 2650 2188 2705 videlicet
2240 2651 2357 2707 loco
2404 2652 2528 2720 illo,
2574 2653 2720 2707 Dixit
2774 2656 3025 2724 insipiens
3056 2659 3110 2711 in
3160 2662 3315 2714 corde
3361 2678 3455 2715 suo
3492 2679 3513 2717 :

1946 2741 2070 2798 Non
2116 2755 2191 2798 est
2239 2744 2471 2799 Deus".
2523 2745 2589 2799 Et
2636 2746 2831 2801 iterum
2869 2748 2941 2813 id,
2974 2749 3113 2817 quod
3161 2752 3285 2805 vitae
3334 2762 3509 2819 nocet,

1945 2834 2168 2889 stultum
2222 2836 2501 2902 nominat;
2528 2837 2976 2905 quemadmodum
3028 2839 3316 2907 Apostolus
3344 2843 3410 2897 de
3446 2844 3512 2899 iis

1945 2928 2035 2996 qni
2064 2927 2117 2981 in
2163 2927 2626 2997 concupiscentias
2659 2930 2852 2984 stultas
2878 2940 2932 2984 et
2973 2934 3163 2987 noxias
3188 2934 3510 2993 incidunt“.

1946 3019 2057 3074 Iloc
2089 3019 2275 3088 utique
2309 3030 2463 3089 pacto
2498 3020 2755 3089 insipiens
2794 3027 2848 3073 et
2880 3020 3074 3075 stultus
3102 3023 3419 3076 deferuntur
3447 3027 3514 3079 ad

1948 3127 2115 3166 unum
2160 3126 2501 3166 communem
2536 3111 2697 3166 linem
2727 3152 2742 3178 ,
2775 3111 3127 3189 perditionem
3154 3114 3197 3145 ⁷⁵
3236 3114 3509 3171 videlicet.

285 3180 411 3289 μίας
444 3216 703 3286 ἀνοήτους
751 3180 845 3266 καὶ
880 3180 1165 3282 βλαϐεράςί
1222 3208 1376 3262 Οὕτω
1442 3209 1623 3278 μέντοι
1674 3208 1786 3281 (94)
1815 3210 1841 3261 6

1946 3207 2310 3263 Possitetiam
2339 3208 2461 3277 quis
2493 3208 2702 3273 dicere,
2751 3186 3097 3278 insipientem
3151 3211 3369 3280 quidem
3424 3230 3517 3284 ap-

283 3312 470 3380 ᾶφρων
514 3307 607 3360 καὶ
636 3307 664 3358 6
697 3304 854 3368 ἄνους
886 3302 1020 3373 πρὸς
1060 3302 1117 3354 ἓν
1158 3300 1333 3353 κοινὸν
1366 3299 1517 3364 τέλος
1564 3302 1662 3372 τὴν
1697 3299 1848 3354 ἀπώ-

282 3401 430 3454 λειαν
457 3396 873 3467 καταφέρονται.
905 3393 1136 3446 Δύναται
1182 3392 1238 3445 δέ
1292 3409 1376 3455 τις
1420 3393 1592 3444 εἰπεῖν
1640 3391 1848 3461 ἄφρονα

286 3494 385 3564 μὲν
433 3488 745 3560 ὠνομάσθαι
792 3486 883 3540 τὸν
929 3483 1157 3546 ἐθνικῶς
1201 3482 1407 3547 ζῶντα,
1450 3482 1610 3535 ἄνουν
1655 3482 1711 3535 δὲ
1758 3482 1848 3537 τὸν

296 3583 598 3645 Ἰουδαϊκῶς
627 3579 766 3635 κατά
789 3579 886 3650 τὴν
923 3576 1084 3646 ψιλὴν
1117 3574 1211 3627 τοῦ
1238 3575 1403 3644 νόμου
1432 3575 1660 3645 τήρησιν
1695 3572 1848 3625 πολι-

281 3679 589 3748 τευόμενον.
630 3672 815 3741 Τούτῳ
852 3668 959 3741 γὰρ
991 3667 1068 3737 τῷ
1106 3666 1300 3739 ἄφρονι
1333 3662 1486 3718 εἶπεν
1528 3667 1555 3718 ό
1589 3665 1718 3727 Θεὸς
1763 3664 1852 3719 διὰ

282 3773 384 3843 τήν
450 3768 855 3837 ἐνυπάρχουσαν
925 3760 1071 3831 αὐτῷ
1141 3759 1439 3829 ἀθεότητα·
1492 3758 1730 3825 Ἂφρον,
1783 3757 1853 3809 ἐν

284 3864 471 3929 ταύτῃ
504 3858 580 3927 τῇ
614 3856 785 3912 νυκτὶ
810 3854 923 3923 τὴν
953 3849 1164 3921 ψυχήν
1193 3862 1309 3903 σου
1338 3847 1701 3917 ἀφαιροῦσιν
1735 3847 1850 3901 ἀπὸ

284 3958 402 4013 σοῦ
446 3956 577 4028 (95).
624 3955 818 4015 Ἀνους
848 3950 904 4003 δὲ
932 3950 960 4001 6
1002 3947 1143 4002 κατά
1184 3944 1361 4017 σάρκα
1395 3942 1607 4014 Ἰσραὴλ
1639 3942 1853 4012 ὠνόμα-

286 4068 409 4106 σται
446 4048 585 4102 κατά
622 4048 712 4099 τὸν
743 4043 1045 4115 προφήτην,
1071 4040 1129 4103 ὃς
1162 4055 1323 4109 φησι·
1360 4036 1467 4091 Καὶ
1498 4030 1578 4105 ἦν
1610 4034 1854 4103 Ἐφραζμ

283 4147 366 4211 ὡς
398 4139 712 4212 περιστερὰ
748 4138 932 4202 ἄνους
952 4152 965 4165 ·
997 4133 1302 4202 Αἴγυπτον
1330 4128 1677 4184 ἐπεκαλεῖτο
1718 4126 1850 4198 (96),

285 4236 385 4291 καὶ
434 4236 521 4300 εἰς
561 4229 906 4298 Ἀσσυρίους
949 4226 1283 4295 ἐπορεύετο.
1316 4223 1531 4275 Τούτων
1571 4216 1660 4273 οὖν
1701 4223 1851 4291 κοινῇ

286 4327 393 4383 ὑπὸ
416 4329 515 4398 τῆς
557 4323 691 4385 ἰδίας
731 4319 951 4390 ἀγνοίας
994 4315 1446 4387 συντριϐομένων,
1477 4316 1637 4383 ἡμεῖς
1669 4313 1717 4365 oi
1757 4313 1853 4366 ἀλ.-

286 4420 486 4492 λότριοι
512 4416 687 4471 αὐτῶν
712 4411 1033 4484 κληρονόμοι
1061 4408 1152 4462 τοῦ
1179 4407 1407 4460 πλούτου
1436 4405 1698 4475 γινόμεθα
1722 4404 1849 4473 (97).

1948 3299 2200 3367 pellatum
2256 3312 2377 3353 esse
2430 3313 2588 3364 eum,
2657 3300 2747 3369 qui
2814 3314 2962 3354 more
3018 3300 3152 3356 vivit
3217 3304 3513 3376 gentium:

1948 3388 2171 3442 stultum
2225 3402 2357 3443 vero
2407 3402 2552 3455 eum,
2589 3388 2681 3458 qui
2741 3403 2893 3443 more
2939 3388 3161 3446 Iudaico
3215 3395 3511 3451 secundum

1950 3478 2145 3531 nudam
2172 3476 2303 3547 legis
2336 3477 2769 3532 observationem
2810 3480 2976 3533 vitam
3001 3480 3169 3550 degit.
3207 3480 3343 3539 Huic
3371 3487 3519 3540 enim

1952 3566 2224 3635 insipienti
2288 3566 2425 3622 dixit
2479 3567 2646 3630 Deus,
2697 3569 2766 3623 ob
2813 3584 2932 3623 eam
2982 3587 3100 3639 qua:
3137 3573 3190 3626 in
3226 3574 3344 3645 ipso
3401 3588 3519 3632 erat

1950 3658 2280 3727 impietatem
2327 3676 2340 3713 :
2390 3656 2685 3726 lnsipiens,
2744 3660 2845 3712 hac
2880 3673 3024 3715 nocte
3083 3671 3227 3718 tuam
3288 3667 3519 3721 animam

1952 3748 2197 3816 auferunt
2232 3766 2265 3802 a
2308 3758 2355 3802 te
2386 3749 2454 3802 ⁷⁸.
2484 3747 2646 3805 Israel
2685 3761 2885 3819 autem,
2925 3752 3018 3822 qui
3059 3735 3351 3811 secundum
3396 3774 3520 3813 car-

1952 3856 2076 3895 nem
2129 3850 2256 3906 est,
2305 3850 2528 3896 vocatus
2583 3853 2668 3895 est
2727 3843 2939 3908 stultus,
3000 3844 3152 3914 juxta
3203 3848 3520 3917 prophetam

1953 3931 2221 3987 dicentem
2256 3952 2271 3987 :
2317 3931 2385 3985 Et
2424 3942 2537 3987 erat
2566 3932 2817 4003 Epitraim
2853 3937 3005 4005 quasi
3041 3938 3278 3992 columba
3306 3941 3470 3996 stulta
3499 3957 3521 3996 :

1952 4024 2243 4095 Aigyptum
2294 4028 2604 4093 inuocabat,
2658 4039 2706 4082 et
2758 4028 2825 4082 ad
2877 4031 3119 4099 Assyrios
3164 4032 3273 4086 ibat
3321 4034 3387 4091 ⁷⁷.
3425 4034 3521 4091 His

1956 4117 2116 4187 igitur
2146 4134 2242 4189 per
2272 4134 2422 4174 suam
2457 4121 2698 4189 ipsorum
2738 4121 3003 4175 inscitiam
3035 4123 3195 4177 simul
3228 4126 3477 4180 contritis
3502 4167 3519 4194 ,

1956 4212 2115 4266 alieni
2164 4225 2262 4267 nos
2314 4211 2622 4265 divitiarum
2676 4228 2895 4267 suarum
2941 4213 3182 4269 bteredes
3226 4215 3517 4272 etIicimur.

1956 4303 2145 4359 Nostra
2209 4304 2354 4359 enim
2429 4312 2559 4360 sunt
2614 4316 2922 4374 praecepta,
2990 4305 3159 4361 nostri
3214 4308 3519 4377 prophetas,

1958 4396 2126 4451 nostri
2169 4396 2522 4464 patriarchae;
2569 4396 2740 4449 nostri
2777 4404 2903 4450 sunt
2957 4396 3112 4464 quia
3148 4396 3346 4451 saeculo
3389 4396 3521 4466 justi

299 4487 485 4586 Ἦμῶν
540 4510 649 4583 γὰρ
707 4509 763 4563 αἱ
829 4502 1076 4567 ἐντολαὶ,
1141 4501 1397 4572 ἡμέτεροι
1455 4500 1502 4551 οἱ
1558 4498 1841 4567 προφῆται,

1959 4489 2129 4546 fuere.
2176 4490 2312 4544 Suas
2358 4490 2514 4545 nobis
2561 4490 2775 4544 divitias
2824 4487 3158 4557 reliquerunt
3201 4489 3292 4559 qui
3338 4489 3392 4543 in
3425 4504 3522 4559 sua

363 4678 409 4710 ”
432 4675 564 4731 an.
634 4687 744 4732 xvr,
777 4671 830 4725 8.
906 4668 952 4698 "°
987 4663 1176 4718 Matth.
1208 4678 1261 4720 ιι,
1306 4659 1390 4732 16.

290 4748 382 4802 ⁷⁸1
432 4728 575 4802 illi}.
611 4759 684 4808 Vt,
717 4728 771 4797 9.
846 4739 893 4772 ⁷⁸
925 4736 1053 4791 Luc.
1080 4749 1180 4798 xu,
1207 4731 1295 4786 20.
1369 4730 1414 4760 ⁷⁷
1439 4729 1564 4784 Ose.
1596 4742 1682 4790 vn,
1724 4728 1772 4779 1.

364 4887 475 4957 (91)
504 4878 734 4957 Εάὶιί-τὸ
764 4873 1021 4957 βλαϐερὸν
1045 4864 1704 4957 καὶὶώφέλιμονῙᾸίλ-οξξιιὲιζ
1722 4877 1853 4957 vgro

294 4932 472 5012 inse-ii
499 4932 873 5007 mss—.‘inverso
904 4932 1094 5001 o'rdinc
1116 4942 1178 4995 τὸ
1213 4932 1486 5007 ὠφέλιμον
1518 4932 1611 4987 καὶ
1652 4932 1848 5004 βλαϐε-

294 5030 476 5162 ρόῖ99.)
508 5044 649 5147 Editi
677 5093 733 5144 ἐν
767 5085 1212 5162 σαρκίηΑι-ιιιεξ.
1241 5077 1393 5162 multi
1425 5078 1490 5147 τῇ
1513 5078 1590 5162 ὶέν
1631 5073 1813 5162 capri:

363 5096 455 5162 (9‘2
508 5096 649 5147 Editi
677 5096 733 5144 ἐν
767 5096 951 5160 σαρκί.
988 5096 1055 5137 At
1082 5096 1212 5135 mss.
1241 5096 1393 5132 mutu
1425 5096 1490 5147 τῃ
1534 5096 1590 5127 εν
1632 5096 1813 5144 σαρκι.

363 5096 476 5237 (95)
511 5165 621 5225 Ilia,
649 5162 812 5237 uati}
841 5156 934 5237 τοῦ
962 5158 1029 5237 ἐν
1054 5154 1198 5237 ἀρχῇ
1241 5150 1413 5237 burna
1427 5144 1852 5237 {bis}?

292 5213 474 5307 Λόγου
495 5213 895 5307 ταραδοχή,ἐἱο
921 5213 1451 5307 verterai'interpres
1468 5213 1853 5307 ἐξίοι-νεἏῇ

293 5284 797 5376 giéé'tn'iintctﬁié
832 5307 945 5376 erat
987 5294 1133 5376 apud
1168 5284 1721 5376 Daunin‘assutnptio:
1747 5284 1854 5376 sed

294 5352 432 5433 ἶδῖ
461 5352 747 5441 inﬁmiin;
774 5352 914 5424 ivisa
948 5352 1051 5441 _es't
1094 5358 1414 5441 gotnbelisio
1468 5352 1743 5437 remotior,
1787 5352 1856 5441 ob

296 5422 1068 5517 ivtiq‘newi'titweipreiarinmaluit,
1117 5432 1277 5517 Verbi
1296 5430 1401 5517 lin“
1417 5422 1853 5517 principianampuhd

294 5499 464 5571 Dejutn
486 5499 717 5568 traditio
743 5520 789 5564 et
819 5508 967 5577 fides.
1006 5505 1122 5558 \‘im
1157 5499 1403 5577 vocabuli
1429 5499 1484 5577 si
1529 5505 1852 5577 spectemus,

294 5566 579 5657 ἷτᾶιὲἆόόκή
628 5566 839 5651 ρτοιπίό
885 5578 989 5657 erit
1014 5572 1269 5657 φοίνιξι)
1322 5566 1856 5657 Ξεμτζξ.ί.³1’ῗ¹,-ἓ9ειέ¹ἐὲ

296 5635 750 5721 {midini'qimni
782 5666 809 5702 ο
864 5635 1171 5716 majoribus
1204 5644 1268 5695 de
1322 5635 1483 5692 Verbi
1528 5635 1855 5701 susceptione

295 5729 624 5793 accepimus.
1144 5784 1154 5793 _

714 5794 883 5846 Paris.
921 5802 1039 5842 cum
1070 5784 1301 5850 quinque
1327 5788 1417 5831 aut
1453 5792 1543 5833 sex
1582 5790 1709 5829 mss.
1748 5764 1843 5825 Οὗ-

1487 4659 1532 4690 '“
1568 4655 1721 4711 Jonn.
1758 4673 1796 4720 ι,
1827 4655 1881 4708 2.
1958 4653 2046 4705 ⁷²1
2080 4651 2207 4707 Cor.
2237 4666 2297 4715 tt,
2329 4648 2415 4704 16.

2514 4648 2561 4680 ’³
2589 4647 2729 4701 Psal.
2788 4662 2908 4712 xm,
2956 4648 3008 4700 1.
3082 4644 3129 4677 ⁷⁸
3166 4644 3323 4701 Rom.
3353 4662 3392 4712 ι,
3427 4646 3520 4701 31.

1957 4877 2046 4924 τος
2079 4859 2281 4929 μέντοι.
2306 4852 2467 4929 Coisl.
2499 4855 2667 4929 Ουτος
2695 4850 2791 4920 μὲν
2829 4845 2921 4902 οὖν
2946 4849 3153 4919 ἄφρων.
3172 4848 3364 4929 Pdiuo
3394 4862 3523 4929 vero

1956 4915 2122 4984 Basil.
2161 4940 2216 4982 et
2255 4926 2404 4993 Regii
2434 4915 2706 4977 secundus
2725 4931 2778 4974 et
2805 4915 3135 4975 sextuscum
3167 4919 3319 4975 Colb.
3342 4920 3519 4988 primo

1956 5000 2161 5062 Οὕτως,
2194 4996 2406 5068 melius.
2438 5061 2450 5068 _
2564 5059 2589 5068 _
2638 5060 2648 5068 _
2843 5060 2853 5068 _
3320 5056 3331 5068 .
3449 5058 3481 5068 η

2022 5059 2331 5139 (95))ὀεοε
2358 5061 2466 5117 ἀπὸ
2498 5059 2592 5113 σοῦ
2620 5060 2811 5113 desunt
2843 5060 2895 5113 in
2925 5074 3019 5114 sex
3067 5074 3196 5115 mss.
3228 5068 3281 5113 et
3320 5059 3373 5111 in
3396 5059 3513 5111 edi-

1955 5138 2098 5197 tione
2126 5138 2286 5192 Basil.

2030 5210 2140 5281 (96)
2171 5202 2464 5281 Colbertini
2498 5201 2723 5281 primus.
2776 5211 2969 5281 sex‘tus
3002 5209 3058 5253 et
3090 5199 3349 5281 septimus
3391 5212 3513 5281 cum

1955 5268 2161 5336 duobus
2221 5275 2400 5343 Regiis
2435 5268 2821 5343 ἐπεκαλέσατο.
2859 5269 3058 5343 Ibidem
3085 5270 3210 5343 editi
3246 5278 3300 5320 et
3347 5268 3519 5343 major

1956 5367 2081 5419 pars
2108 5364 2236 5403 mss.
2270 5337 2580 5414 ὲξςορεύετο.
2615 5341 2962 5419 Alii‘quidam
2998 5355 3125 5419 mss.
3174 5337 3518 5419 ἐπορεύοντο.

1954 5404 2097 5475 LXX
2120 5433 2332 5487 (pioque
2373 5404 2598 5468 numero
2632 5404 2987 5465 multitudinis
3012 5410 3094 5463 usi
3116 5404 3523 5477 ειιιιιίέπορεύ-

1954 5493 2302 5683 θηῗὲιέἀοιι).
2331 5555 2588 5624 septimus
2618 5549 2910 5622 γενόμεθα.
2971 5546 3105 5617 Reg.
3143 5546 3409 5631 secundus
3434 5562 3523 5629 γι-

1954 5633 2098 5683 νώμε
2137 5649 2189 5683 α.
2233 5628 2345 5683 IIoc
2393 5628 2509 5683 ipso
2553 5625 2604 5678 in
2645 5626 2759 5676 loco
2785 5630 2989 5683 septem
3031 5632 3161 5670 mss.
3206 5616 3363 5683 Ἦμιν
3392 5632 3521 5683 γαρ.

1952 5616 2189 5702 νώμεθα.
2233 5628 2345 5683 IIoc
2392 5616 2509 5694 ipso
2553 5625 2604 5678 in
2631 5616 2761 5702 ioco
2785 5616 3161 5702 septem'mss.
3206 5616 3363 5702 ᾘμίν
3392 5619 3521 5687 γάρ.

1953 5687 2092 5759 Editi
2116 5717 2242 5756 vero
2278 5714 2397 5753 cum
2414 5687 2530 5751 ἰιιιο
2562 5702 2653 5749 aut
2678 5691 2849 5747 altero
2873 5703 2971 5742 ms.
3000 5687 3156 5758 ἡμῶν
3183 5687 3312 5758 γάρ.
