3978 6410
482 358 593 415 447

1826 346 1883 401 S.
1926 344 2165 400 BASlLll
2206 342 2420 399 MAGNI

3622 340 3723 395 με

485 470 789 542 insipientia
822 470 1050 540 periere.
1076 467 1274 523 Horum
1295 476 1472 521 autem
1496 467 1705 530 domus,
1732 464 2034 531 insipientis

2152 463 2290 534 ἰπμῶν
2323 464 2371 515 οἱ
2423 461 2784 531 πατριάρχαιο
2819 458 2973 529 ἡμῶν
3019 457 3069 508 οἰ
3118 456 3211 509 ἀπ’
3258 456 3451 518 αἰῶνος
3495 455 3720 507 δίκαιοι.

483 572 537 617 et
574 562 746 626 stulti,
788 561 1037 630 sepulcra
1073 568 1197 615 sunt
1226 560 1278 613 in
1310 569 1591 613 aaternum.
1627 558 1865 622 Quorum
1897 556 2039 609 enim

483 654 593 706 vita
634 653 857 707 mortuis
889 652 1144 719 operibus
1174 666 1238 705 ex
1277 650 1423 705 omni
1477 656 1698 717 peccato
1738 646 2041 699 scaturien-

487 745 626 799 tibus
664 744 863 814 repleta
899 754 1014 806 est,
1051 744 1239 797 horum
1291 743 1481 795 domus
1534 738 1777 807 sepulcra
1822 747 1947 791 sunt
1988 738 2039 789 in

485 846 765 893 asternum.
815 837 914 902 Qut
946 835 1088 889 enim
1134 842 1378 887 mortuus
1408 841 1490 885 est
1523 844 1617 898 per
1650 839 1867 899 peccatu
1890 867 1903 891 ,
1936 842 2038 879 non

485 928 702 983 domum
743 927 982 993 habitat,
1033 926 1127 979 sed
1183 922 1520 991 sepulcrum,
1556 935 1675 973 cum
1719 919 1893 971 anima
1927 917 2043 983 ejus

488 1027 694 1071 mortua
722 1016 810 1069 sit.
843 1015 976 1068 Nam
1006 1015 1220 1069 domum
1260 1013 1466 1067 habitat
1498 1025 1705 1064 morum
1735 1009 1942 1075 integer
1981 1022 2044 1061 ac

487 1106 711 1175 simplex
750 1103 935 1167 Jacob,
988 1104 1052 1159 de
1104 1117 1209 1171 quo
1256 1102 1516 1168 scriptum
1562 1108 1685 1165 est,
1734 1097 1875 1167 quod
1928 1104 2044 1149 erat

490 1197 661 1252 Homo
702 1198 932 1251 sincerus
975 1211 1036 1247 ac
1075 1194 1268 1257 bonus,
1300 1192 1542 1244 habitans
1587 1191 1796 1243 domum
1834 1188 1880 1220 ⁷⁸
1911 1204 1924 1240 :
1961 1202 2045 1241 se-

489 1285 727 1356 pulcrum
771 1298 896 1338 vero
941 1282 1148 1336 habitat
1182 1282 1260 1347 is,
1303 1281 1393 1351 qui
1437 1279 1659 1333 omnino
1707 1278 1883 1333 malus
1924 1288 2041 1340 est,

488 1388 649 1445 atque
704 1388 771 1429 ne
825 1372 1157 1442 paenitentia:
1217 1372 1431 1441 quidem
1513 1369 1918 1423 fundamentum
1978 1368 2045 1421 de

487 1466 714 1519 mortuis
755 1464 1008 1534 operibus
1032 1463 1166 1533 jacit
1194 1476 1209 1515 :
1237 1462 1331 1515 sed
1378 1459 1572 1515 similis
1618 1458 1865 1527 sepulcro
1903 1457 2046 1513 deal-

487 1568 616 1611 nato
648 1555 892 1620 edicitur,
929 1553 1073 1623 quod
1104 1553 1321 1622 quidem
1366 1550 1666 1606 forinsecus
1704 1549 2044 1617 conspicuum

486 1656 590 1713 est,
623 1646 949 1700 intrinsecus
972 1660 1099 1700 vero
1133 1650 1466 1697 mortuorum
1492 1640 1705 1695 ossibus
1733 1641 2047 1708 cunctisque

489 1737 733 1791 sordibus
793 1736 1050 1791 refertum
1100 1744 1179 1789 est
1214 1733 1281 1786 ".
1341 1733 1701 1798 Quamobrem
1754 1730 1877 1785 talis
1918 1731 2043 1784 dum

2153 555 2310 624 Ἡμῖν
2360 553 2647 606 κατέλιπον
2686 550 2778 603 τὸν
2812 549 3039 603 πλοῦτον
3087 548 3292 601 ἑαυτῶν
3322 549 3371 599 οἱ
3408 548 3465 599 ὲν
3498 550 3568 616 τῇ
3606 546 3723 616 (98p

2141 641 2415 713 ἀφροσύνῃ
2462 640 2668 695 ἑαυτῶν
2717 638 3096 708 ἀπολλύμενοι.
3160 636 3376 689 Τούτων
3434 634 3493 687 δὲ
3546 636 3600 686 αἱ
3645 636 3721 687 οἰ-

2143 732 2275 795 κίαι,
2322 732 2414 784 τοῦ
2469 731 2701 803 ἄφρονος
2754 730 2849 783 καὶ
2892 728 2984 782 τοῦ
3045 728 3315 799 ἀνοήτου,
3372 726 3538 795 τάφοι
3582 728 3719 779 εἰσὶν

2142 824 2221 884 εἰς
2263 822 2353 874 τὸν
2398 820 2588 875 αἰῶνα.
2622 814 2720 873 Ὧν
2761 819 2869 889 γὰρ
2901 821 2929 871 6
2983 818 3091 888 βίος
3144 815 3353 887 νεκρῶν
3398 816 3580 888 ἔργων
3612 816 3725 867 τῶν

2142 915 2249 968 ἀπὸ
2302 914 2483 983 πάσης
2533 912 2805 983 ἁμαρτίας
2864 911 3248 981 πεπλήρωται,
3297 910 3503 961 τούτων
3557 908 3722 975 τάφοι

2144 1006 2278 1059 εἰσὶν
2308 1007 2361 1058 αἰ
2402 1005 2567 1058 οἰκίαι
2615 1006 2693 1067 εἰς
2724 1005 2814 1057 τὸν
2853 1002 3043 1055 αἰῶνα.
3085 1002 3141 1055 Ὀ
3186 999 3295 1071 γὰρ
3330 998 3523 1069 νεκρὸς
3560 998 3720 1065 γενόο

2148 1112 2305 1166 μενος
2336 1099 2447 1158 τοῖς
2482 1093 2918 1165 παραπτώμασιν
2972 1094 3070 1145 οὐκ
3128 1091 3305 1144 οἰκίαν
3359 1092 3532 1154 οἰκεῖ,
3581 1090 3723 1143 ἀλλὰ

2143 1185 2331 1253 τάφον,
2375 1186 2471 1255 τῆς
2508 1184 2698 1237 ἑαυτοῦ
2727 1184 2903 1253 ψυχῆς
2933 1182 3359 1253 νενεκρωμένης.
3388 1181 3583 1234 Οἰκίαν
3620 1182 3724 1249 μὲν

2143 1278 2251 1349 γάρ
2279 1279 2420 1330 οἰκεῖ
2445 1280 2472 1330 ὁ
2511 1277 2695 1340 ἄδολος
2723 1277 2785 1329 τὸ
2812 1273 2944 1346 ἦθος
2976 1276 3070 1327 καὶ
3100 1273 3301 1336 ἁπλοῦς
3340 1272 3558 1335 Ἰακὼϐ,
3590 1290 3660 1324 πε
3669 1273 3725 1343 ρὶ

2144 1364 2205 1424 οὗ
2250 1371 2592 1443 γέγραπται,
2642 1372 2722 1424 ὅτι
2776 1366 2843 1440 ἦν
2883 1371 3214 1436 Ἀνθρωπος
3256 1367 3573 1430 ἄπλαστος
3622 1365 3727 1419 καὶ

2146 1463 2384 1533 ἀγαθὸς,
2434 1460 2612 1516 οἰκῶν
2663 1462 2894 1515 οἰκίαν-⁸
2939 1460 3109 1529 τάφον
3154 1460 3212 1513 δὲ
3258 1460 3395 1511 οἰκεῖ
3432 1458 3461 1509 6
3492 1458 3723 1529 παμπὸο

2146 1572 2345 1626 νηρος,
2407 1553 2539 1625 μηδὲ
2600 1552 2849 1623 θεμέλιον
2906 1550 3191 1622 μετανοίας
3244 1549 3721 1620 καταϐαλλόμενος

2147 1644 2255 1699 ἀπὸ
2286 1644 2493 1715 νεκρῶν
2522 1644 2714 1716 ἔργων,
2755 1628 2892 1696 ἀλλά
2930 1642 3337 1713 παροιμοιάζων
3364 1643 3520 1712 τάφῳ
3562 1660 3725 1695 κεκο-

2147 1735 2414 1805 νιαμένῳ·
2446 1735 2504 1798 ὂς
2545 1734 2740 1799 ἔξωθεν
2777 1735 2872 1805 μὲν
2920 1734 3169 1803 ἐμφανὴς
3222 1732 3334 1802 (99)
3374 1733 3472 1793 ὢν,
3517 1732 3725 1785 ἔσωθεν

490 1829 746 1899 loquitur,
786 1844 889 1882 non
925 1844 984 1883 os
1014 1828 1185 1897 aperit
1212 1828 1376 1881 verbo
1421 1826 1555 1890 Dei,
1608 1826 1703 1881 sed
1732 1824 2037 1893 sepulcrum

2152 1826 2196 1879 Ξὲ
2233 1826 2416 1896 γέμων
2480 1826 2680 1878 ὀστέων
2730 1823 2939 1895 νεκρῶν
2991 1824 3086 1877 καὶ
3129 1824 3309 1894 πάσης
3355 1820 3720 1893 ἀκαθαρσίας.

489 1919 652 1973 habet
676 1927 941 1986 apertum,
980 1933 1133 1972 suum
1162 1916 1365 1972 scilicet
1394 1924 1595 1986 guttur.
1624 1915 1687 1970 Si
1721 1915 1846 1985 quis
1874 1916 2039 1985 igitur

491 2007 543 2062 in
569 2008 839 2063 Christum
887 2007 1135 2070 credens,
1182 2007 1421 2060 actiones
1455 2005 1566 2060 edit
1594 2003 1715 2059 ﬁdei
1752 2019 1857 2058 non
1902 2020 2039 2060 con-

489 2109 814 2162 sentaneas,
846 2099 891 2155 is
939 2107 1221 2168 propterea
1259 2098 1400 2167 quod
1430 2111 1592 2166 prava
1623 2097 1910 2151 attenderit
1947 2097 2044 2152 do-

494 2200 696 2261 gmata,
738 2190 1138 2260 Seripturaaque
1179 2187 1500 2258 perverterit
1530 2202 1775 2255 sensum,
1813 2186 1866 2242 in
1898 2198 2049 2257 petra

491 2280 593 2334 sibi
641 2281 753 2350 ipse
793 2279 1096 2349 sepulcrum
1144 2278 1351 2333 incidit.

2142 1917 2339 1989 Διόπερ
2387 1920 2416 1970 6
2445 1918 2683 1981 τοιοῦτος
2726 1916 3093 1986 φθεγγόμενος
3137 1916 3256 1985 οὐχὶ
3295 1914 3468 1983 στόμα
3512 1915 3723 1981 ἀνοίγει

2144 2008 2287 2079 λόγῳ
2315 2007 2471 2073 Θεοῦ,
2497 2007 2632 2062 ἀλλά
2658 2008 2827 2077 τάφον
2854 2007 2967 2078 ἔχει
2996 2007 3337 2077 ἀνεῳγμένον
3359 2004 3448 2058 τὸν
3469 2004 3726 2075 λάρυγγα

2147 2098 2330 2152 αὐτοῦ.
2356 2098 2422 2150 Et
2459 2116 2542 2161 τις
2570 2094 2662 2151 οῦν
2692 2101 2771 2162 εἰς
2798 2098 3031 2168 Χριστὸν
3060 2098 3347 2161 πιστεύων,
3388 2096 3463 2167 μὴ
3496 2096 3726 2149 ἀκολού-

2155 2190 2262 2254 θως
2296 2192 2363 2262 τῇ
2396 2189 2574 2243 πίστει
2608 2188 2706 2253 τὰς
2739 2190 2964 2261 πράξεις
2992 2188 3333 2252 ἀποδίδωσιν,
3361 2181 3514 2251 οὗτος
3549 2186 3639 2239 διὰ
3666 2187 3730 2240 τὸ

2158 2282 2447 2354 μοχθηροῖς
2470 2281 2705 2351 δόγμασι
2737 2281 3199 2355 προσεσχηκέναι,
3236 2282 3330 2334 καὶ
3365 2280 3453 2333 διά
3483 2280 3544 2333 τὸ
3576 2296 3722 2349 παρ·

491 2371 802 2443 εκδέχεσθαι
827 2372 887 2425 τὸ
916 2371 1158 2444 βούλημα
1186 2371 1286 2442 τῆς
1317 2371 1559 2443 Γραφῆς,
1585 2372 1809 2443 λατομεῖ
1832 2370 2010 2445 ἑαυτῷ
2049 2374 2106 2430 ὲν
2134 2378 2200 2448 τῇ
2231 2377 2409 2449 πέτρᾳ
2442 2379 2726 2448 μνημεῖον.

562 2464 614 2518 7.
643 2462 997 2517 Tabernacula
1022 2480 1204 2517 eorum
1236 2465 1290 2516 in
1312 2464 1610 2533 progeniem
1640 2472 1691 2517 et
1719 2465 2050 2534 progeniem;

493 2556 594 2611 hoc
629 2566 751 2625 est,
792 2554 1037 2626 sepulcra
1066 2556 1259 2610 domus
1295 2570 1482 2609 eorum
1512 2564 1639 2610 sunt
1672 2556 1723 2609 in
1767 2566 2046 2611 aeternum.

492 2649 694 2704 Deinde
738 2650 1033 2719 explanans
1080 2648 1145 2703 de
1197 2648 1391 2718 quibus
1430 2647 1698 2719 intelligat
1744 2648 2006 2718 sepulcris
2032 2687 2049 2714 ,

494 2748 553 2793 ut
579 2753 637 2795 se
660 2739 727 2794 de
753 2740 1067 2809 corporibus
1106 2753 1412 2794 sermonem
1455 2739 1655 2794 habere
1686 2740 1969 2803 ostendat,
1995 2740 2048 2793 in

493 2831 689 2900 quibus
720 2830 912 2885 anima:
960 2846 1055 2901 per
1099 2830 1397 2899 nequitiam
1437 2840 1662 2885 mortua:
1709 2831 2049 2891 inhabitant.

500 2919 660 2994 184
676 2922 913 2991 adjunxit
935 2922 1085 2991 ipsis,
1103 2921 1460 2976 Tabernacula
1482 2938 1659 2976 eorum
1682 2924 1733 2975 in
1761 2924 2052 2993 progeniem

494 3024 544 3068 et
602 3014 889 3085 progeniem
922 3027 941 3066 :
976 3015 1171 3085 quippe
1222 3029 1287 3070 ex
1355 3015 1771 3081 consuetudine,
1823 3016 2052 3069 humana

2229 2467 2279 2520 7.
2319 2466 2682 2536 Σκηνώματα
2717 2465 2915 2521 αὐτῶν
2948 2467 3035 2530 εἰς
3072 2462 3287 2535 γενεὰν
3327 2461 3424 2515 καί
3466 2458 3722 2531 τεν-εὰν·

2153 2559 2448 2623 τουτέστιν,
2470 2560 2518 2612 οἱ
2543 2560 2704 2629 τάφοι
2735 2558 2899 2612 οἰκίαι
2928 2556 3107 2611 αὐτῶν
3136 2558 3273 2609 εἰσιν
3296 2557 3377 2617 εἰς
3402 2554 3493 2607 τὸν
3521 2554 3722 2606 αἰῶνα.

2155 2648 2287 2706 Εἶτα
2340 2650 2653 2723 ἑρμηνεύων
2690 2650 2837 2713 τίνας
2888 2647 3133 2718 βούλεται
3182 2642 3322 2698 εἰναι
3365 2646 3592 2713 τάφους,
3639 2644 3727 2697 ἵνα

2153 2742 2321 2815 δείξῃ,
2360 2744 2441 2796 ὅτι
2488 2742 2750 2813 περὶτῶν
2782 2740 3044 2811 σωμάτων
3074 2739 3238 2807 λέγει,
3270 2732 3351 2798 οἷς
3386 2737 3440 2788 αἰ
3490 2734 3582 2787 διὰ
3628 2734 3726 2804 τὴν

2155 2835 2414 2906 πονηρίαν
2444 2832 2957 2904 ὲναπονεκρωθεῖσαι
2990 2830 3158 2901 ψυχαὶ
3204 2827 3503 2892 ἐνοικοῦσι,
3552 2844 3725 2897 προσ-

2156 2927 2349 2998 έθηκεν
2392 2927 2572 2989 αὑτοίς
2592 2943 2605 2956 ·
2651 2924 3009 2994 Σκηνώματα
3034 2921 3229 2977 αὐτῶν
3259 2924 3343 2987 εἰς
3382 2921 3597 2990 γενεὰν
3624 2919 3723 2970 καί

2155 3021 2386 3091 γενεὰν,
2421 3020 2560 3074 κατά
2584 3020 2684 3090 τὴν
2726 3018 3028 3088 συνήθειαν,
3075 3015 3442 3088 σκηνωμάτων
3481 3012 3592 3065 τῶν
3635 3012 3729 3063 άν-

499 3123 719 3179 corpora
754 3122 967 3178 semper
994 3106 1335 3162 tabernacula
1391 3106 1743 3176 appellantur.
1785 3107 1850 3161 Hi
1882 3118 2044 3162 auten

2160 3110 2443 3181 θρωπίνων
2496 3110 2762 3179 σωμάτων
2806 3110 2893 3161 ἀεὶ
2945 3108 3270 3178 λεγομένων.
3318 3098 3475 3159 Οὗτοι
3528 3104 3586 3156 δὲ
3630 3104 3725 3155 καὶ

498 3211 689 3257 vocant
736 3216 947 3271 quoque
999 3201 1213 3277 numina
1268 3214 1367 3254 sua
1411 3201 1463 3253 in
1517 3200 1700 3254 terris.
1744 3199 1859 3255 Non
1910 3201 2055 3255 enim

501 3294 645 3366 impii
675 3309 863 3349 nomen
893 3293 1147 3347 scribitur
1176 3292 1230 3345 in
1273 3291 1414 3347 libro
1461 3292 1755 3347 viventium
1792 3292 1859 3359 ⁸ο,
1885 3306 2057 3360 neque

501 3399 811 3444 numeratur
843 3403 965 3443 cum
1020 3386 1262 3442 Ecclesia
1315 3387 1793 3456 primogenitorum
1827 3388 1915 3456 qui
1957 3404 2059 3442 nu-

501 3488 774 3534 merantur
803 3478 855 3532 in
890 3477 1044 3533 cmlis
1072 3477 1117 3509 ⁸¹
1145 3495 1159 3531 :
1190 3477 1309 3543 sed,
1340 3478 1485 3546 quod
1517 3477 1885 3531 transitoriam
1921 3477 2058 3532 hanc

500 3579 555 3622 et
582 3568 796 3622 brevem
824 3566 991 3621 vitam
1028 3564 1389 3619 tabernaculis
1420 3563 1639 3617 aeternis
1673 3563 2019 3631 prmtulerunt
2039 3604 2054 3628 ,

501 3658 715 3712 nomina
752 3660 987 3726 ipsorum
1021 3657 1072 3710 in
1101 3666 1241 3709 terra
1271 3663 1610 3723 permanent.
1645 3653 1759 3708 Non
1791 3653 1939 3708 vides
1965 3668 2059 3708 eos

500 3752 585 3819 qui
623 3749 888 3804 aediﬁcant
946 3750 999 3802 in
1046 3748 1271 3801 urbibus
1321 3746 1435 3800 fora
1484 3760 1548 3800 ac
1603 3745 1910 3816 gymnasia,
1965 3760 2057 3799 ex-

499 3851 711 3894 struunt
751 3839 943 3894 mwnia
966 3877 981 3901 ,
1010 3840 1356 3906 aqumductus
1407 3845 1760 3901 construunt,
1791 3839 2058 3905 quomodo

504 3946 690 3985 eorum
752 3930 965 3983 nomina
1010 3929 1095 3982 his
1143 3930 1373 3982 terrenis
1422 3928 1587 3981 indita
1633 3927 1741 3981 sint
1782 3927 2057 3981 aediliciis?

2153 3200 2531 3255 ἐπικαλοῦνται
2558 3204 2626 3254 τὰ
2665 3202 2901 3272 ὀνόματα
2940 3201 3116 3253 αὐτῶν
3148 3200 3239 3251 ἐπὶ
3283 3198 3389 3250 τῶν
3420 3198 3613 3265 γαιῶν.
3649 3198 3723 3247 υὺ

2153 3291 2260 3361 γὰρ
2286 3291 2619 3361 ἐγγράφεται
2643 3289 2872 3352 ἀσεϐοῦς
2899 3290 3069 3359 ὄνομα
3094 3290 3150 3340 ὲν
3183 3288 3347 3357 βίϐλῳ
3373 3287 3447 3356 (l)
3479 3286 3721 3350 ζώντων,

2153 3382 2272 3434 οὐδὲ
2306 3380 2617 3452 ἀριθμεῖται
2676 3380 2814 3451 μετά
2863 3381 2961 3451 τῆς
2995 3380 3317 3451 Ἐκκλησίας
3358 3378 3463 3430 τῶν
3508 3394 3725 3448 πρωτο-

2153 3474 2323 3527 τόκων
2350 3474 2456 3525 τῶν
2504 3474 2917 3545 ἀριθμουμένων
2962 3476 3020 3527 ὲν
3069 3474 3342 3545 οὐρανοῖς’
3378 3470 3511 3524 ἀλλά
3539 3472 3609 3542 τῇ
3653 3474 3722 3540 γῇ

2153 3562 2330 3617 αὐτῶν
2362 3563 2683 3634 ὲναπομένει
2722 3566 2789 3618 τὰ
2818 3565 3076 3636 ὀνόματα,
3118 3564 3249 3617 διότι
3287 3564 3384 3633 τὴν
3418 3560 3723 3633 παροδικὴν

2153 3656 2352 3727 ταύτην
2394 3656 2537 3727 ζωὴν
2570 3659 2663 3710 καὶ
2706 3658 3061 3729 ὀλιγοχρόνιον
3101 3658 3209 3709 τῶν
3241 3655 3474 3708 αἰωνίων
3507 3656 3725 3725 σκηνῶν

2154 3750 2543 3822 προετίμησαν.
2576 3750 2686 3819 Οὐχ
2715 3751 2848 3820 ὁρᾷς
2894 3750 3019 3812 τοὺς
3048 3747 3455 3818 οἰκοδομοῦντας
3500 3748 3557 3798 ὲν
3603 3751 3723 3808 ταῖς

2155 3842 2373 3895 πόλεσιν
2418 3840 2622 3912 ἀγορὰς
2671 3842 2761 3893 καὶ
2806 3842 3112 3910 γυμνάσια,
3160 3840 3309 3909 τείχη
3357 3836 3720 3898 ἀνιστῶντας,

2161 3932 2505 4002 ύδραγωγοὺς
2538 3929 3011 3995 ἐπισκευάζοντας,
3045 3929 3159 3992 πῶς
3186 3929 3251 3980 τά
3282 3928 3518 3997 ὀνόματα
3543 3926 3722 3979 αὑτῶν

496 4021 613 4076 Jam
666 4035 791 4075 vero
835 4020 1121 4085 nonnulli,
1169 4021 1385 4073 nomine
1434 4034 1533 4072 suo
1578 4017 1840 4072 armentis
1894 4020 2044 4072 etiam

2161 4021 2367 4083 τούτοις
2396 4021 2746 4090 ἐπικέκληται
2776 4024 2884 4082 τοῖς
2924 4021 3131 4090 γηίνοις
3178 4018 3721 4087 κατασκευάσμασινς

498 4129 757 4184 equorum
816 4113 1097 4181 imposito,
1152 4111 1408 4165 induxere
1457 4112 1508 4163 in
1565 4110 1837 4175 animum,
1898 4120 1956 4163 ut
2004 4111 2055 4165 in

566 4251 609 4280 ⁷³
636 4248 768 4304 Gen.
799 4264 921 4314 xxv,
953 4248 1043 4301 27.
1116 4247 1159 4277 τ’
1187 4245 1378 4299 Matth.
1410 4261 1563 4310 ιιιιι,
1598 4244 1691 4298 27.

569 4378 1096 4454 (98)_lta_legitttr_itt
1134 4378 1368 4454 editione
1406 4376 1578 4454 Paris.
1602 4376 1652 4427 οἱ
1688 4374 2042 4454 πατριάρχαι.

499 4445 695 4503 orae
743 4445 931 4510 αἰῶνος
982 4449 1177 4501 δίκαιοι
1218 4449 1348 4517 ἡμῖν
1384 4446 1668 4499 κατέλιπον
1698 4445 1786 4497 τὸν
1820 4445 2045 4499 πλοῦτον

499 4520 724 4583 ἑαυτῶν,
753 4522 845 4573 καὶ
895 4521 941 4570 οἰ
975 4521 1030 4571 ἐν
1062 4521 1146 4588 τῇ.
1190 4530 1319 4578 etc.,
1364 4518 1414 4568 in
1467 4518 1659 4588 quibus
1706 4517 2041 4588 vitiialiquid

502 4593 672 4644 inesse
706 4600 930 4644 constat.
993 4585 1251 4646 Primum,
1300 4601 1455 4640 voces
1507 4585 1703 4636 δίκαιοι
1732 4587 1861 4653 ἡμῖν
1884 4586 2041 4638 simul

500 4662 915 4729 coniunguntur,
938 4674 1056 4729 tunc
1092 4666 1247 4729 erant
1302 4668 1713 4729 tamenpuneto
1733 4654 2040 4729 utsjungen-

499 4723 625 4783 due}
660 4723 868 4791 dctnde,
915 4723 1220 4795 coniunctio
1247 4726 1339 4777 καί
1384 4727 1450 4777 ita
1485 4728 1661 4787 inepte
1701 4723 2040 4795 hiciponitur,

502 4809 558 4850 ut
581 4798 859 4849 absurdam
880 4793 1159 4850 adtuudum
1185 4795 1499 4848 sententiam
1524 4795 1734 4845 cllicial.
1764 4793 1870 4846 Hoc
1901 4796 2039 4847 enim

501 4870 701 4920 diceret
733 4867 977 4930 Basilius,
1010 4877 1118 4918 tum
1145 4881 1236 4919 eos
1284 4865 1373 4932 qui
1407 4881 1434 4915 ει
1470 4864 1663 4915 stcculo
1699 4865 1827 4930 justi
1874 4864 2040 4928 fuere,

502 4948 613 4988 tum
645 4952 737 4989 eos
762 4937 848 5001 qui
888 4937 940 4988 in
969 4952 1063 4989 sua
1092 4935 1317 4989 stultitia
1357 4936 1587 5000 periere,
1618 4949 1743 4986 suas
1777 4932 1928 4985 nobis
1962 4934 2042 4984 di-

500 5008 655 5058 vitias
703 5006 901 5073 pariter
956 5006 1235 5071 reliquisse
1289 5019 1300 5052 :
1356 5005 1495 5073 quod
1554 5012 1730 5055 tamen
1798 5004 1944 5055 eine
1982 5004 2038 5073 in

501 5072 727 5129 tuentem
757 5075 967 5142 quidem
1002 5076 1205 5127 venisse
1250 5084 1392 5141 puto.
1446 5072 1625 5125 Basilii
1683 5072 1843 5138 igitur
1881 5072 2039 5124 verba

502 5149 569 5197 ita
602 5145 901 5211 interpungi
926 5145 1151 5207 debent,
1195 5146 1270 5196 uti
1310 5143 1723 5210 interpungonda
1764 5142 1992 5193 diximus
2026 5159 2037 5192 :

500 5218 687 5269 deinde
708 5214 948 5268 vuculam
974 5211 1063 5263 καί
1094 5228 1123 5266 e
1173 5212 1289 5264 loco
1314 5228 1469 5279 quem
1509 5213 1644 5263 male
1674 5221 1919 5277 occupat,
1952 5226 2043 5277 pe-

500 5300 642 5337 nitus
672 5286 902 5337 amoveri
936 5298 1108 5349 operat
1144 5284 1372 5349 pretium
1408 5291 1508 5335 est.
1540 5281 1650 5334 llnc
1702 5283 1891 5347 positu,
1923 5296 2041 5332 vcr-

456 5398 459 5403 .
499 5357 562 5406 bu
600 5354 781 5408 Basilii
806 5355 883 5406 sic
916 5352 1250 5419 interpretari
1280 5352 1458 5404 licebit
1487 5369 1499 5403 :
1536 5349 1729 5402 Nostra
1753 5351 1889 5401 enim
1918 5362 2037 5401 sunt

498 5439 769 5492 prwcepta,
802 5426 962 5475 nostri
995 5429 1276 5490 praphetm,
1320 5422 1483 5492 nostri
1506 5420 1815 5485 patriarcha:
1835 5458 1848 5479 ,
1876 5422 2039 5471 nostri

496 5490 737 5564 quotquot
771 5510 802 5546 a
830 5508 1021 5546 swcwo
1047 5493 1176 5561 justi
1200 5493 1363 5564 fuere.
1394 5490 1540 5564 Suus
1568 5492 1711 5541 nobis
1733 5492 1939 5541 divitias
1959 5506 2039 5541 rc-

496 5562 753 5631 hque‘runt
787 5566 875 5633 qui
905 5567 955 5616 in
982 5580 1075 5614 sua
1104 5562 1401 5628 insipientia
1432 5562 1627 5627 periere
1665 5575 1683 5611 :
1712 5575 1858 5633 qua;
1898 5564 2037 5611 inter

496 5630 554 5685 se
574 5638 771 5700 uplitttc
800 5630 1068 5687 cohaerere
1098 5647 1270 5695 nemo,
1296 5633 1506 5699 Opinor,
1537 5630 1767 5700 negabit.
1813 5630 1886 5681 Ex
1935 5645 2038 5694 quo

496 5699 801 5771 intelligitur
860 5706 943 5756 hic
990 5706 1215 5770 ellipsin:
1251 5718 1367 5755 esse
1396 5703 1538 5754 vocis
1566 5699 1743 5771 ἡμῶν,
1767 5700 2035 5771 a_ttt_voe_is

497 5767 763 5839 ἡμέτεροι,
806 5776 987 5837 sicque
1016 5767 1248 5837 suppleri
1279 5774 1491 5833 debere,
1524 5771 1675 5831 ’ἡμῶν
1701 5770 1747 5819 οἱ
1786 5768 1878 5820 ἀπ’
1907 5767 2029 5819 α.ίώ-

2167 4114 2304 4183 Ἤδη
2338 4112 2394 4165 δέ
2420 4130 2581 4177 τινες,
2612 4115 2703 4166 καὶ
2735 4115 2950 4182 ἀγέλαις
2978 4113 3157 4167 ῖππων
3182 4112 3279 4175 τὰς
3310 4111 3515 4164 ἑαυτῶν
3556 4126 3723 4181 προσ-

1764 4243 1809 4275 ⁸⁰
1842 4243 1979 4297 Psal.
2017 4261 2207 4311 uvut,
2235 4248 2323 4302 ‘29.
2381 4249 2423 4279 ⁸¹
2458 4248 2619 4303 llehr.
2662 4266 2756 4313 λιι,
2779 4250 2868 4303 ‘25.

2159 4400 2247 4445 νος
2266 4383 2481 4445 δίκαιοι,
2520 4392 2630 4445 aut,
2657 4383 2911 4453 ἡμέτεροι
2939 4381 3009 4443 οἰ,
3035 4390 3141 4436 etc.
3171 4380 3321 4453 Quod
3360 4380 3403 4433 si
3448 4379 3719 4447 quispiam

2162 4454 2288 4505 illud
2312 4453 2381 4516 οἱ,
2418 4454 2558 4520 quod
2590 4451 2773 4507 vocem
2804 4453 3133 4522 πατριάρχαι
3174 4451 3414 4522 proxime
3452 4454 3718 4522 sequitur,

2160 4523 2333 4590 legere
2391 4519 2539 4574 malit
2571 4538 2692 4575 cum
2729 4519 2949 4575 accentu
2983 4519 3137 4590 simul
3179 4519 3238 4573 et
3276 4520 3489 4587 spiritu,
3513 4519 3585 4579 οῖ,
3620 4535 3717 4569 au-

2157 4589 2274 4643 ctor
2301 4592 2347 4645 ei
2380 4606 2499 4643 sum
2538 4602 2593 4642 ιιι
2620 4593 2691 4644 ita
2725 4604 2934 4645 vertat:
2979 4589 3164 4643 Nostri
3203 4590 3543 4656 patriarcha,
3576 4590 3718 4655 quia

2148 4661 2340 4714 δωειιιο
2366 4660 2495 4726 iusti
2548 4662 2776 4728 fuerunt.
2805 4660 2908 4713 Sed
2974 4661 3155 4713 nescio
3205 4663 3469 4725 quomodo
3518 4658 3721 4728 placuit

2148 4732 2276 4783 mihi
2328 4724 2501 4799 magis
2546 4724 2689 4798 prior
2722 4731 2808 4783 illa
2867 4724 3253 4796 interpretandi
3316 4729 3455 4781 ratio
3487 4724 3719 4799 :Nostri

2146 4810 2399 4869 quotquot
2423 4794 2482 4851 ἀ
2537 4794 2727 4852 srrculo
2762 4794 3243 4869 fueruntaAcccdit
3271 4799 3433 4850 etiam
3459 4839 3472 4861 ,
3498 4799 3638 4861 quod
3669 4794 3720 4846 οἰ

2146 4868 2268 4923 eum
2307 4881 2538 4924 accentu
2569 4870 2727 4923 simul
2768 4880 2823 4924 et
2858 4871 3045 4938 Spiritu
3107 4868 3298 4935 legisse
3334 4881 3556 4938 usquam
3608 4881 3715 4917 non

2148 4941 2388 4992 metnini.
2461 4943 2747 5003 ueterum,
2804 4936 3015 5006 nequis
3043 4954 3138 4992 nos
3176 4938 3480 5003 conjectura
3523 4936 3717 4987 ductos

2146 5010 2435 5076 quidquam
2486 5010 2677 5063 iecisse
2707 5010 3031 5077 su5picetur,
3090 5024 3309 5060 monere
3352 5007 3523 5077 juvat
3558 5020 3717 5077 \‘occs

2143 5074 2337 5131 δίκαιοι
2360 5081 2497 5150 ἡμῖν
2531 5090 2725 5146 puncto
2754 5074 2818 5130 in'
2836 5080 3071 5150 editione
3112 5074 3663 5150 Basileensidzsjungi
3698 5091 3711 5126 :

2147 5154 2296 5212 item,
2321 5146 2762 5215 coniunctionem
2799 5147 2891 5199 καί
2920 5150 2971 5201 in
3025 5151 3120 5199 hac
3144 5150 3253 5214 ipsa
3285 5146 3518 5198 editione
3565 5159 3716 5210 :cqne

2145 5236 2206 5269 ac
2248 5219 2301 5271 in
2342 5220 2547 5271 nostris
2602 5232 2792 5271 novem
2836 5234 2965 5270 mss.
2998 5219 3202 5270 deesse.
3243 5215 3714 5281 Legitur‘quidem

2146 5290 2301 5353 paulo
2349 5289 2504 5341 aliter
2572 5288 2621 5339 itt
2670 5288 2858 5349 Coisl.,
2909 5302 3097 5355 nempe
3161 5292 3257 5338 hoc
3305 5287 3481 5355 nimio,
3520 5282 3715 5355 Qi_:o~3

2143 5350 2332 5419 αἰῶνος
2367 5358 2561 5409 δίκαιοι
2602 5357 2847 5409 πλούσιοι
2877 5359 3008 5427 ἡμῖν
3035 5350 3324 5409 κατέλιπον
3369 5353 3459 5427 τὸν
3485 5350 3714 5427 πλοῦτον

2144 5428 2370 5489 ἑαυτῶν,
2400 5429 2447 5479 οἱ
2489 5429 2545 5479 ἐν
2581 5430 2676 5498 τῇ,
2712 5438 2841 5491 etc.,
2872 5424 2980 5498 sed
3014 5430 3143 5479 nihil
3177 5429 3300 5479 inde
3323 5424 3616 5491 adjumenti
3649 5428 3712 5471 ad

2143 5498 2259 5562 ejus
2301 5498 2403 5549 luci
2434 5496 2869 5566 explanationem
2906 5496 3150 5549 alfet'tur.

2213 5566 2327 5636 (99)
2354 5569 2442 5620 Sic
2477 5558 2640 5620 cilitto
2686 5568 2849 5620 anil.
2887 5579 2939 5619 et
2974 5570 3208 5635 quinque
3262 5579 3391 5636 mss.
3427 5562 3517 5636 ΔΑΙ.
3547 5558 3711 5615 editio

2143 5632 2320 5691 Paris.
2347 5654 2469 5691 cum
2508 5638 2714 5690 duobus
2750 5648 2839 5689 aut
2877 5632 3045 5689 tribus
3088 5632 3213 5686 mss.
3240 5632 3499 5704 εύφανής.

2212 5708 2287 5777 (Ι)
2322 5707 2397 5761 itu
2423 5722 2551 5760 mss.
2583 5718 2806 5775 septem.
2836 5708 2973 5761 Editi
3009 5706 3101 5757 ἐπὶ
3132 5704 3320 5775 βίϐλῳ.
