3978 6410
235 333 340 385 4i!)

1335 331 1616 387 lIOSllIJA
1658 332 1722 386 IN
1765 326 2088 388 PSALMUM
2127 325 2360 382 XLVIII.

3368 329 3396 382 ἆ-
3407 326 3470 380 ῒΣΟ

232 459 458 514 ηγορισις
506 445 962 517 ὲνσημηναμενοι,
1007 446 1098 498 ἐπὶ
1147 445 1277 500 πολύ
1317 447 1804 517 συμπαραταθῆναι

1929 459 2124 514 ongum
2158 443 2280 497 vita:
2317 451 2525 510 tempus
2575 455 2667 495 sua
2701 441 2938 510 ipsorum
2976 440 3232 494 memoria
3283 451 3474 492 cxten-

233 536 313 607 τῷ
341 537 439 608 βίῳ
483 535 580 608 τὴν
617 539 833 609 μνήμην
877 538 1084 592 ἑαυτῶν
1114 537 1442 608 ἑπενόησανσ
1478 539 1570 591 καὶ
1617 541 1672 592 ἑν
1717 540 1811 593 τά-

235 646 358 698 φοις
397 629 452 682 δὲ
487 628 887 701 μεγαλουργίαν
919 629 1334 701 ἐπιδειξάμενοι,
1374 633 1487 694 τοῖς
1533 633 1810 702 μνήμασιν

236 719 445 772 ἑαυτῶν
493 719 766 788 ἑναφῆκαν
814 721 882 772 τὰ
928 720 1185 791 ὀνόματα.
1235 713 1391 774 Οὗτοί
1445 723 1583 774 εἰσιν
1641 722 1690 774 οἱ
1743 721 1812 776 τὰ

235 811 398 880 γήϊνα
444 809 784 880 φρονοῦντες,
832 812 923 863 καὶ
965 811 1062 880 τὴν
1113 811 1348 864 ἐνταῦθα
1393 809 1570 875 δόξαν,
1618 812 1708 864 καὶ
1754 811 1813 863 τὸ

239 899 389 972 παρὰ
416 902 526 964 τοῖς
567 899 872 972 ἀνθρώποις
919 900 1349 972 μνημονεύεσθαι
1379 901 1651 972 αὔταρκες
1690 902 1813 953 ἑαυ-

238 996 352 1056 τοῖς
386 995 464 1056 εἰς
505 993 878 1064 μακαριότητα
905 992 1258 1064 λογιζόμενοι.
1299 993 1420 1048 Κᾶν
1451 994 1565 1066 ἴδῃς
1605 993 1660 1045 δέ
1693 1009 1812 1045 τινα

241 1079 350 1130 τῶν
379 1079 473 1132 ἐπὶ
506 1078 840 1150 ψευδωνύμῳ
884 1079 1080 1148 γνώσει
1134 1081 1278 1152 μέγα
1323 1081 1663 1153 φρονούντων
1710 1080 1808 1147 (‘2),

246 1169 339 1221 καὶ
382 1169 792 1239 προσνεμόντων
821 1170 1046 1233 ἑαυτοὺς
1080 1170 1366 1242 μοχθηρῶν
1399 1188 1560 1222 τινων
1611 1169 1813 1239 δογμά-

241 1277 350 1313 των
382 1259 809 1328 συγκαταθέσεσι
871 1261 969 1330 (5),
998 1263 1092 1314 καὶ
1129 1261 1248 1313 ἀντὶ
1281 1259 1374 1314 τοῦ
1417 1261 1676 1331 ὀνόματος
1707 1261 1812 1315 τῶν

241 1349 598 1424 Χριστιανῶν,
642 1350 734 1419 ἀφ’
778 1351 894 1415 ἑνός
929 1368 1069 1414 τινος
1120 1351 1226 1404 τῶν
1275 1351 1813 1423 αἱρεσιαρχησάντων

241 1445 466 1505 ἑαυτοὺς
497 1441 879 1512 ὀνομάζοντας,
911 1442 1253 1513 Μαρκίωνος,
1295 1443 1328 1514 ἢ
1366 1441 1735 1504 Οὐαλεντίνου,
1779 1443 1811 1514 ἢ

241 1533 350 1586 τῶν
376 1531 471 1586 νῦν
503 1530 936 1595 ἑπιπολαζόντων
963 1531 1126 1597 τινὸς,
1158 1532 1411 1602 γίνωσκε,
1437 1533 1516 1586 ὅτι
1548 1533 1639 1586 καὶ
1668 1525 1815 1584 οὗτοι

243 1624 644 1678 ἐπεκαλέσαντο
689 1622 757 1676 τὰ
799 1624 1038 1694 ὀνόματα
1083 1624 1263 1678 αὐτῶν
1315 1625 1408 1678 ἑπὶ
1459 1625 1565 1678 τῶν
1620 1625 1812 1694 γαιῶν,

246 1718 506 1790 φθαρτοῖς
544 1714 851 1788 ἀνθρώποις
903 1717 997 1769 καὶ
1047 1717 1108 1769 τὸ
1155 1717 1274 1771 ὅλον
1328 1719 1537 1788 γηῖνοις
1590 1719 1814 1780 ἑαυτοὺς

244 1809 693 1882 προσνείμαντες.

314 1901 367 1954 8.
410 1899 519 1954 Καὶ
590 1898 898 1968 ἄνθρωπος
942 1899 1011 1952 ἐν
1063 1897 1200 1968 τιμῇ
1254 1896 1358 1966 ὢν,
1415 1903 1487 1954 οὐ
1550 1898 1815 1969 συνῆκε·

242 1987 748 2062 παρασυνεϐλήθη
783 1989 906 2054 τοῖς
940 1988 1186 2057 κτήνεσι
1226 1988 1352 2053 τοῖς
1383 1989 1685 2058 ἀνοήτοις,
1720 1989 1819 2043 καί

243 2081 508 2152 ὡμοιώθη
549 2079 771 2144 αὐτοῖς.
804 2080 962 2148 Αὕτη
997 2080 1034 2146 ἡ
1072 2080 1211 2145 ὁδὸς
1240 2079 1438 2135 αὐτῶν
1470 2080 1821 2135 σκάνδαλον

244 2173 482 2238 αὐτοῖς*
529 2169 627 2225 καὶ
669 2169 817 2240 μετὰ
861 2171 1047 2225 ταῦτα
1088 2172 1156 2225 ἐν
1199 2170 1279 2236 τῷ
1329 2174 1578 2242 στόματι
1625 2172 1821 2227 αὐτῶν

245 2263 672 2330 εὐδοκήσουσι.
728 2263 886 2332 Μέγα
938 2263 1251 2335 ἄνθρωπος,
1303 2264 1394 2316 καὶ
1451 2265 1627 2334 τίμιον
1682 2266 1820 2336 ἀνὴρ

244 2356 518 2428 ἐλεήμων,
559 2356 619 2408 τὸ
655 2355 834 2426 τίμιον
867 2356 923 2409 ὲν
957 2358 1022 2426 τῇ
1063 2359 1264 2429 φυσικῇ
1315 2359 1624 2428 κατασκευῇ
1659 2356 1816 2426 ἔχων.

247 2447 315 2500 Τί
344 2449 451 2518 γὰρ
477 2447 586 2500 τῶν
611 2447 703 2500 ἑπὶ
740 2445 842 2516 γῆς
876 2445 1003 2499 ἄλλο
1042 2448 1160 2499 κατ’
1204 2446 1383 2500 εἰκόνα
1415 2446 1506 2499 τοῦ
1538 2447 1821 2511 κτίσαντος

247 2541 475 2609 γέγονε;
510 2540 629 2593 Τίνι
665 2540 698 2610 ή
733 2538 873 2593 κατὰ
919 2538 1136 2592 πάντων
1169 2538 1246 2610 (4)
1292 2538 1432 2610 ἀρχὴ
1468 2539 1562 2592 καί⁸
1603 2537 1820 2604 ἐξουσία

245 2633 356 2686 τῶν
400 2649 461 2686 τε
505 2632 772 2703 χερσαίων
813 2631 905 2684 καὶ
946 2631 1178 2702 ἐνύδρων
1222 2632 1314 2684 καὶ
1363 2631 1622 2702 ἐναερίων
1667 2631 1820 2695 ζώων

249 2723 596 2794 κεχάρισται;
629 2722 811 2792 Βραχύ
848 2721 944 2794 μὲν
978 2721 1284 2792 ὐποὸέὸηκε
1311 2721 1410 2794 τὴν
1441 2722 1548 2775 τῶν
1577 2724 1821 2792 ἀγγέλων

249 2814 407 2880 ἀξίαν
446 2813 532 2868 διὰ
559 2813 655 2884 τὴν
683 2813 817 2885 πρὸς
845 2812 904 2865 τὸ
935 2811 1134 2880 γεῶδες
1167 2812 1325 2883 σῶμα
1359 2813 1652 2884 συνάφειαν
1671 2831 1684 2844 ·
1730 2815 1821 2868 τὸν

253 2907 353 2977 μὲν
394 2900 487 2960 οὖν
525 2905 808 2976 ἄνθρωπον
850 2905 1101 2976 ἐποίησεν
1130 2904 1235 2958 ἀπὸ
1263 2905 1363 2976 τῆς
1394 2907 1517 2976 γῆς,
1551 2907 1647 2960 καὶ
1684 2908 1824 2974 τοὺς

247 2994 632 3064 λειτουργοὺς
666 2995 850 3048 αὐτοῦ
884 2995 1072 3064 πυρὸς
1101 2997 1296 3064 φλόγα
1315 3012 1328 3025 ·
1363 2996 1476 3048 ἀλλ’
1505 2998 1654 3068 ὅμως
1683 2999 1718 3068 ἦ
1759 3017 1821 3067 γε

249 3087 345 3142 τοῦ
375 3091 515 3143 νοεῖν
556 3088 650 3142 καί
677 3087 915 3141 συνιέναι
943 3087 1033 3140 τὸν
1067 3087 1275 3140 ἑαυτῶν
1322 3087 1559 3160 Κτίστην
1589 3091 1682 3143 καὶ
1718 3093 1824 3162 Δη-

1911 537 2164 601 dcretur,
2222 534 2351 604 quin
2415 532 2580 587 etiam
2629 531 3026 601 magniﬁcentia
3101 531 3153 584 in
3206 529 3470 599 sepulcris

1913 637 2162 692 ostensa,
2221 623 2587 679 monumentis
2631 622 2851 677 nomina
2900 636 2994 676 sua
3055 619 3473 690 ipsettlpserunt.

1915 720 1977 774 Hi
2013 729 2140 774 sunt
2167 721 2254 788 qui
2289 726 2501 772 terrena
2532 715 2769 784 sapiunt,
2806 725 2860 769 et
2889 723 3206 784 praesentem
3242 711 3466 781 gloriam

1915 826 1979 863 ac
2010 809 2284 864 hominum
2319 806 2746 861 recordationem
2775 804 2874 859 sibi
2904 805 2969 858 ad
3007 801 3314 858 felicitatem
3344 801 3476 854 satis

1914 916 2031 957 esse
2058 901 2398 956 existimant.
2421 897 2572 964 Quod
2601 897 2643 952 si
2673 912 2830 966 quem
2853 897 3012 950 etiam
3043 894 3239 948 videris
3264 907 3473 953 eorum,

1913 992 2005 1062 qui
2032 991 2100 1046 ob
2127 990 2245 1044 falsi
2278 990 2511 1045 nominis
2555 990 2836 1044 scientiam
2876 987 3210 1056 superbiant,
3244 994 3298 1040 et
3353 1001 3478 1054 pra-

1915 1084 1993 1138 vis
2050 1081 2368 1152 qnibusdam
2414 1081 2754 1144 dogmatibus
2814 1080 3202 1142 assentiuntur,
3249 1093 3311 1132 ac
3357 1077 3477 1140 loco

1916 1172 2146 1228 nominis
2173 1171 2487 1237 Christiani,
2527 1171 2595 1224 ab
2627 1186 2733 1224 uno
2776 1169 2956 1238 aliquo
2988 1169 3346 1224 haeresiarcha
3373 1168 3474 1221 sibi

1917 1278 2109 1317 nomen
2140 1264 2429 1327 asciscant,
2470 1273 2592 1331 puta
2621 1276 2650 1315 a
2682 1260 2952 1315 Marcioue
2975 1301 2989 1326 ,
3023 1269 3116 1314 aut
3151 1259 3469 1322 Valentino,

1915 1363 2006 1407 aut
2034 1353 2101 1407 ab
2133 1354 2309 1422 aliquo
2334 1369 2518 1408 eorum
2563 1353 2654 1422 qui
2685 1367 2749 1407 ex
2784 1352 2980 1421 ignotis
3017 1365 3156 1406 nunc
3200 1351 3474 1420 conspicui

1915 1455 2076 1502 sunt:
2141 1446 2300 1500 velim
2375 1447 2592 1500 noveris
2662 1447 2760 1500 hos
2811 1459 3023 1514 quoque
3096 1459 3196 1499 sua
3259 1457 3476 1498 nomina

1914 1552 2140 1592 vocasse
2188 1538 2239 1591 in
2277 1531 2470 1600 terris,
2513 1545 2571 1590 ut
2612 1536 2704 1606 qui
2759 1535 3065 1591 hominibus
3101 1535 3370 1604 corruptis
3414 1549 3477 1588 ac
3533 1593 3538 1602 ,

1915 1628 2072 1700 plane
2098 1629 2328 1684 terrenis
2356 1643 2473 1684 sese
2503 1627 2831 1686 addixerint.

1991 1893 2044 1948 8.
2100 1891 2265 1947 Vens.
2298 1891 2387 1954 i3,
2429 1889 2515 1945 Η.
2558 1887 2628 1940 Et
2653 1887 2804 1941 homo
2842 1903 2958 1940 cum
2999 1888 3052 1940 in
3083 1885 3274 1940 honore
3309 1902 3437 1938 esset
3462 1924 3477 1950 ,

1921 1999 2022 2036 non
2046 1981 2335 2036 intellexit:
2363 1989 2696 2047 comparatus
2722 1987 2797 2032 est
2823 1976 3068 2044 iumentis
3100 1977 3480 2045 insipientibus,

1923 2085 1970 2128 et
1996 2075 2184 2127 similis
2209 2073 2379 2142 [actus
2397 2081 2471 2124 est
2506 2072 2628 2125 illis.
2653 2070 2784 2124 Ηανσ
2818 2073 2900 2124 via
2942 2070 3150 2122 illorum
3175 2069 3481 2123 scandalum

1921 2165 2088 2233 ipsis:
2117 2173 2165 2218 et
2206 2173 2384 2233 postea
2415 2165 2468 2216 in
2501 2179 2588 2216 ore
2615 2179 2709 2216 suo
2733 2160 3142 2230 complacebunt.
3179 2161 3365 2229 Magna
3400 2177 3484 2215 res

1921 2256 2102 2322 homo,
2125 2267 2179 2311 et
2206 2256 2498 2326 pretiosum
2536 2255 2787 2324 quiddam
2819 2255 2900 2309 vir
2937 2254 3268 2319 misericors,
3311 2254 3485 2319 digni-

1925 2355 2086 2400 tatem
2111 2345 2594 2414 excellentiamque
2621 2344 2672 2397 in
2698 2343 2930 2398 naturali
2957 2358 3053 2397 sua
3073 2345 3480 2399 constructione

1923 2438 2148 2493 habens.
2188 2437 2324 2504 Quid
2359 2437 2503 2491 enim
2541 2435 2686 2490 aliud
2711 2450 2777 2490 ex
2813 2435 2879 2490 iis
2909 2450 3027 2505 quae
3069 2436 3121 2490 in
3159 2444 3303 2490 terra
3335 2449 3482 2503 sunt,

1924 2530 1988 2583 ad
2016 2527 2324 2583 Conditoris
2362 2527 2651 2597 imaginem
2689 2523 2890 2581 factum
2921 2535 3004 2582 est
3025 2526 3111 2580 8"l
3147 2527 3244 2581 Cui
3284 2528 3488 2598 princi-

1931 2630 2089 2688 patus
2120 2628 2176 2672 et
2201 2628 2438 2687 potestas
2465 2618 2518 2671 in
2550 2617 2729 2672 omnia
2768 2616 3016 2672 animalia
3043 2626 3152 2671 tum
3182 2621 3483 2685 terrestria,

1927 2720 2035 2763 tum
2057 2707 2338 2778 aquatilia,
2360 2718 2470 2762 tum
2498 2722 2654 2762 aerea
2676 2722 2932 2763 concessa
2955 2709 3135 2764 θεμθῖ
3156 2710 3248 2765 Est
3269 2711 3484 2779 quidem

1925 2800 2083 2869 paulo
2130 2799 2356 2854 inferior
2397 2799 2608 2868 angelis
2656 2800 2916 2868 dignitate
2948 2800 3014 2866 “,
3047 2801 3116 2855 ob
3157 2817 3310 2855 suam
3365 2819 3484 2856 cum

1927 2890 2171 2945 terrestri
2216 2905 2442 2958 corpore
2482 2889 2948 2959 coniunctionem:
2985 2893 3181 2961 quippe
3213 2893 3486 2948 hominem

1925 2982 2054 3036 fecit
2111 2985 2178 3036 de
2243 2991 2384 3037 terra
2446 2981 2526 3050 ⁸⁸,
2586 2983 2654 3037 Et
2712 2983 2972 3038 ministros
3028 3001 3149 3038 suos
3215 2987 3487 3053 ﬂammam

1924 3072 2058 3140 ignis
2106 3070 2173 3126 ⁸⁸.
2220 3074 2290 3125 At
2327 3080 2472 3125 certe
2517 3071 2600 3125 vis
2651 3069 2981 3140 intelligendi
3030 3081 3085 3123 et
3129 3072 3488 3140 cognoscendi

254 3182 515 3253 μιουργὸν
557 3181 781 3252 δύναμις
814 3181 905 3233 καὶ
951 3182 1008 3232 ἑν
1054 3183 1166 3244 τοῖς
1212 3180 1516 3250 ἀνθρώποις
1567 3161 1820 3255 ὑπάρχει.

1925 3161 2269 3217 Conditorem
2301 3171 2355 3215 et
2383 3161 2640 3230 Opiﬁcem
2672 3177 2826 3216 suum
2868 3161 3007 3215 inest
3031 3162 3192 3216 etiam
3219 3163 3268 3215 in
3312 3163 3490 3216 homi-

265 3273 595 3343 Ἐνεφύσησε
642 3274 750 3344 γὰρ
799 3272 875 3343 (5)
920 3273 999 3336 εἰς
1053 3272 1114 3325 τὸ
1164 3273 1490 3343 πρόσωπον·
1542 3274 1820 3341 τουτέστι,

255 3365 448 3435 μοῖράν
504 3381 622 3416 τινα
674 3365 772 3434 τῆς
827 3362 959 3427 ἰδίας
1006 3363 1226 3434 χάριτος
1278 3365 1570 3418 ἐναπέθετο
1613 3365 1690 3438 τῷ
1733 3367 1827 3420 ἀν-

251 3456 476 3528 θρώπῳ,
508 3456 596 3508 ἴνα
635 3453 714 3526 τῷ
756 3453 924 3526 ὁμοίῳ
959 3454 1294 3526 ἑπιγινώσκῃ
1339 3455 1400 3507 τὸ
1445 3455 1647 3525 ὅμοιον.
1687 3455 1824 3509 Ἀλλ’

251 3548 403 3618 ὅμως
445 3548 503 3601 ὲν
534 3550 668 3618 τιμῇ
703 3545 777 3600 ὢν
811 3545 1132 3617 τηλικαύτῃ,
1176 3545 1241 3598 ἑκ
1291 3545 1384 3598 τοῦ
1431 3545 1826 3616 δεδημιουργῆ-

253 3639 378 3692 σθαι
411 3641 530 3692 κατ’
560 3638 744 3692 εἰκόνα
782 3635 874 3690 τοῦ
906 3637 1207 3700 κτίσαντος,
1242 3636 1381 3708 ὑπὲρ
1411 3637 1656 3708 οὐρανὸν,
1688 3637 1826 3707 ὑπὲρ

251 3731 423 3803 ἥλιον,
455 3731 595 3801 ὑπὲρ
624 3729 721 3793 τὰς
765 3728 871 3782 τῶν
913 3727 1156 3799 ἀστέρων
1202 3728 1421 3799 χορείας
1466 3729 1827 3800 τετιμημένος

253 3822 359 3892 (τίς
386 3821 494 3892 γὰρ
538 3820 645 3874 τῶν
683 3819 927 3892 οὐρανῶν
967 3819 1044 3890 (6)
1075 3818 1236 3872 εἰκὼν
1287 3819 1504 3892 εἴρηται
1553 3819 1646 3874 τοῦ
1691 3819 1824 3873 Θεοῦ

252 3915 348 3968 τοῦ
381 3913 639 3984 ὐψίστου;
670 3912 828 3965 ποίαν
853 3910 908 3964 δὲ
947 3910 1098 3981 ἣλιος
1146 3910 1329 3963 εἰκόνα
1363 3909 1524 3975 σώζει
1567 3909 1661 3963 τοῦ
1711 3909 1829 3963 xti-

255 4019 482 4069 σαντος;
513 4001 627 4073 τίή
676 4000 900 4072 σελήνη;
935 3999 988 4052 τί
1028 4001 1078 4052 οἰ
1119 3999 1294 4052 λοιποὶ
1337 4000 1600 4070 ἀστέρες;
1646 3997 1830 4069 ἄψυχα

257 4097 356 4168 μὲν
386 4096 477 4148 καὶ
512 4093 692 4158 ὐλικὰ,
727 4091 960 4162 διαφανῆ
996 4092 1052 4144 δὲ
1087 4091 1243 4162 μόνον
1271 4092 1338 4144 τὰ
1371 4091 1601 4162 σώματα
1641 4108 1831 4162 κεκτη-

258 4191 446 4262 μένοι,
502 4189 561 4241 ὲν
609 4181 689 4250 οἷς
733 4184 966 4256 οὐδαμοῦ
1029 4185 1270 4249 διάνοια,
1318 4185 1378 4237 οὐ
1441 4183 1828 4254 προαιρετικαὶ

254 4283 516 4353 κινήσεις,
543 4281 643 4333 οὐκ
669 4277 1140 4347 αὐτεξουσιὸτητος
1170 4275 1475 4348 ἐλευθερίου
1505 4273 1640 4327 ἀλλὰ
1667 4272 1829 4327 δοῦλά

254 4376 373 4426 ἑστι
421 4372 522 4442 τῆς
566 4370 918 4440 ἐπικειμένης
948 4369 1212 4440 ἀνάγκης,
1253 4367 1375 4422 καθ’
1409 4368 1475 4438 ἣν
1509 4367 1827 4438 ἀπαραλλά-

148 4477 163 4490 ’
256 4481 401 4527 κτως
445 4462 533 4516 ἀεὶ
584 4462 710 4532 περὶ
760 4459 829 4513 τὰ
886 4458 1025 4512 αὐτὰ
1061 4457 1511 4530 ἀναστρέφεται)·
1549 4457 1690 4527 ὑπὲρ
1733 4451 1825 4508 οὖν

255 4553 430 4610 ταῦτα
454 4557 574 4618 ταῖς
617 4555 803 4624 τιμαῖς
847 4551 1188 4623 προηγμένος
1214 4553 1243 4603 ὁ
1270 4548 1578 4620 ἄνθρωπος,
1608 4549 1669 4600 οὐ
1713 4563 1820 4600 συν-

1936 4535 2180 4603 inquam,
2212 4532 2386 4599 magis
2415 4531 2498 4585 his
2530 4532 2828 4586 honoratus
2848 4568 2863 4592 .
2900 4544 3003 4605 non
3033 4528 3328 4593 intellexit,
3367 4531 3495 4593 scd,

255 4649 412 4718 ἧκεν,
437 4646 572 4700 ἀλλὰ
610 4643 924 4698 καταλιπὼν
961 4643 1022 4695 τὺ
1051 4641 1276 4696 ’έπεσθαι
1317 4641 1455 4712 Θεῷ,
1482 4641 1576 4692 καὶ
1609 4637 1830 4709 ὁμοιοῦο

259 4738 384 4792 σθαι
409 4735 489 4807 τῷ
527 4736 794 4798 κτίσαντι,
821 4733 1002 4797 δοῦλος
1029 4731 1317 4803 γενόμενος
1353 4731 1462 4784 τῶν
1495 4730 1689 4784 παθῶν
1731 4731 1830 4798 τῆς

259 4829 482 4901 σαρκὸς,
515 4824 1026 4895 Παρασυνεϐλήθη
1054 4823 1178 4889 τοῖς
1208 4823 1455 4890 κτήνεσι
1487 4821 1612 4888 τοῖς
1649 4820 1832 4887 ἀνοή-

329 4968 374 4998 ⁸²
399 4967 535 5022 Gen.
575 4984 613 5033 ι,
650 4969 740 5037 27,
815 4969 863 5001 ⁸³
892 4969 1019 5024 ibid.
1063 4967 1153 5022 28.

329 5110 408 5180 (2)
443 5111 583 5166 Editi
617 5126 737 5166 cum
775 5111 908 5176 Reg.
933 5119 1126 5179 quarto
1154 5105 1721 5180 μεγαλοφρονούντων.
1752 5106 1822 5156 At

258 5195 393 5253 mss.
420 5191 543 5253 ogcto
568 5180 1068 5253 μεγαιρρονούντων.

327 5252 406 5320 (5)
437 5251 528 5306 Sic
567 5244 696 5306 inss.
726 5244 873 5314 octo,
915 5267 942 5302 ιι
990 5251 1186 5320 quibus
1228 5261 1330 5303 non
1363 5244 1618 5320 diﬂ'erunt
1661 5245 1814 5320 editi,

255 5315 360 5375 nisi
386 5315 549 5391 tquod
600 5336 695 5390 pro
729 5315 1022 5392 μοχθηρῶν
1067 5318 1298 5392 habeant
1340 5315 1611 5392 πονηρῶν.
1647 5317 1713 5368 At
1764 5317 1815 5367 in

258 5393 388 5461 lleg.
420 5387 578 5445 iertio
600 5387 693 5444 ἐἰς
719 5387 932 5460 legitur,
971 5387 1380 5461 προσνεμόντων
1408 5388 1618 5449 ἑαυτοῖς
1647 5402 1816 5455 πονη-

254 5460 367 5531 ρῶν
391 5479 551 5515 τινων
576 5461 860 5532 δογμάτων
889 5460 1332 5529 συγκαταθέσεις.

328 5532 402 5604 (4)
436 5532 575 5590 Editi
598 5524 793 5604 πᾶντα.
825 5524 1133 5604 Ουιυίνειορ
1163 5545 1313 5604 ιιιιιξ.Δ
1331 5527 1568 5580 πάντων.
1611 5524 1718 5579 Nec
1753 5525 1824 5577 ita

255 5597 423 5656 multo
456 5613 574 5667 post
603 5603 708 5656 duo
740 5617 867 5654 mss.
903 5600 1037 5670 πρὸς
1062 5600 1122 5651 τὸ
1143 5597 1398 5670 γαιῶδες,

331 5671 406 5741 (5)
451 5665 590 5727 Editi
656 5671 764 5742 γὰρ
811 5665 993 5741 φησιν.
1044 5665 1200 5724 DecSt
1264 5668 1430 5740 φησίν
1481 5667 1532 5721 in
1591 5665 1828 5736 quinque

265 5755 397 5797 11158.

510 5834 780 5894 Ριτιιοι.
823 5833 938 5895 Gn.
989 5831 1226 5891 XXIX.

1925 3255 2100 3309 nibus.
2123 3253 2407 3324 Insuﬁlavit
2426 3254 2563 3306 enim
2585 3254 2638 3306 in
2661 3251 2849 3322 faciem
2871 3252 2952 3320 ’7;
2981 3254 3082 3307 hoc
3113 3262 3216 3315 est.
3251 3253 3488 3323 aliquam

1924 3347 2110 3418 gratia:
2147 3348 2375 3418 propriae
2407 3345 2564 3417 185
2595 3355 2801 3416 partem
2839 3346 2892 3400 in
2925 3346 3195 3401 hominem
3237 3347 3488 3407 immisit,

1928 3449 1988 3495 ut
2027 3439 2201 3494 simile
2237 3454 2333 3508 per
2372 3439 2549 3494 simile
2584 3449 2903 3507 cognoscat.
2955 3438 3207 3492 Attamen
3261 3455 3380 3494 cum
3437 3441 3490 3493 in

1926 3539 2078 3585 tanto
2111 3538 2257 3584 esset
2279 3529 2522 3593 honore,
2556 3543 2621 3582 ex
2655 3543 2720 3584 eo
2748 3529 2888 3597 quod
2931 3529 2996 3583 ad
3023 3528 3332 3584 Conditoris
3360 3531 3493 3584 ima-

1927 3621 2108 3691 ginem
2155 3618 2408 3674 conditus
2463 3619 2858 3688 esseI,-magis
2909 3619 3084 3684 coelo,
3130 3620 3300 3686 magis
3356 3622 3491 3681 sole,

1929 3712 2102 3780 magis
2154 3710 2430 3766 stellarum
2477 3709 2688 3764 choreis
2728 3708 3022 3765 honoratus
3076 3709 3303 3779 (ecquod
3349 3712 3491 3765 enim

1929 3803 2189 3860 caelorum
2241 3801 2418 3872 imago
2448 3801 2538 3856 Dei
2590 3800 2836 3854 altissimi
2882 3801 3082 3856 dictum
3132 3802 3251 3856 est?
3281 3802 3492 3870 qualem

1929 3895 2090 3949 etiam
2139 3893 2426 3962 imaginem
2480 3892 2778 3947 conditoris
2835 3893 2917 3947 sui
2970 3900 3148 3946 servat
3195 3894 3315 3948 sol?
3367 3895 3495 3963 quid

1930 3985 2098 4040 luna?
2166 3985 2294 4053 quid
2359 3984 2576 4054 reliqua:
2645 3982 2850 4038 stcllm‘l
2903 3997 3129 4054 corpora
3201 3985 3494 4040 inanimata

1928 4075 2147 4146 quidem
2176 4082 2230 4128 et
2259 4088 2328 4128 ex
2359 4072 2582 4127 materia
2609 4071 2910 4126 constantia
2947 4087 3010 4127 ac
3031 4072 3201 4127 solum
3230 4073 3495 4142 pellucida

1930 4167 2169 4229 sortitae,
2208 4167 2262 4219 in
2297 4165 2492 4234 quibus
2535 4177 2799 4232 nusquam
2833 4177 2986 4218 mens
3023 4171 3140 4226 est,
3169 4179 3274 4217 non
3310 4163 3498 4216 volun-

1931 4259 2048 4314 tarii
2091 4270 2299 4324 monts,
2343 4273 2450 4312 non
2483 4255 2710 4311 liberum
2744 4255 3072 4322 arbitrium;
3118 4255 3214 4310 sed
3257 4258 3499 4310 serviunt

1929 4350 2256 4406 iucumbenti
2304 4349 2655 4412 necessitati,
2710 4363 2802 4416 per
2863 4361 3021 4415 quam
3068 4361 3280 4415 semper
3326 4349 3497 4399 modis

1931 4440 2356 4496 immutabilibns
2414 4439 2559 4494 circa
2619 4439 2806 4493 eadem
2868 4440 3227 4506 versantur):
3294 4438 3494 4500 homo,

1931 4626 2076 4696 quod
2099 4639 2222 4679 eum
2246 4624 2419 4692 sequi,
2460 4631 2516 4678 et
2541 4621 2816 4677 Conditori
2853 4620 3050 4676 similis
3083 4620 3197 4674 ﬁeri
3231 4621 3493 4690 neglexit.

1932 4733 2121 4775 servus
2159 4716 2383 4772 eﬂ'ectus
2414 4716 2768 4784 cupiditatum
2801 4713 3012 4777 carnis,
3049 4712 3394 4781 Comparatus
3423 4723 3497 4764 Pal

1929 4811 2178 4882 iumentis
2229 4807 2619 4876 insipientibus,
2672 4814 2720 4858 et
2777 4805 2962 4859 similis
3014 4804 3185 4872 [uetus
3238 4816 3310 4858 est
3369 4806 3495 4857 illis.

1251 4965 1458 5020 “Psal.
1493 4982 1608 5030 vnt,
1653 4965 1708 5019 6.
1783 4963 1820 4994 ⁸³

1925 4975 1992 5013 :n.
2034 4974 2096 5022 ιι,
2130 4956 2179 5007 7.
2255 4954 2301 4985 ⁸⁸
2335 4953 2495 5006 Hebr.
2543 4966 2584 5016 t,
2618 4949 2669 5004 7.
2745 4949 2788 4980 ⁸⁷
2820 4949 2953 5004 Gen.
2993 4964 3051 5010 ιι,
3092 4947 3139 5000 7.

1999 5100 2075 5170 (6)
2114 5093 2538 5170 SioCoIbertini
2593 5092 2848 5162 quintus,
2900 5100 3086 5170 sputus
3131 5100 3186 5170 et
3239 5089 3501 5170 septimus

1926 5161 2070 5227 cum,
2110 5168 2317 5220 duobus
2373 5163 2562 5232 Regiis
2587 5161 2650 5216 'et
2700 5177 2819 5216 cum
2851 5162 3088 5232 editione
3130 5161 3292 5213 Basil.
3326 5161 3502 5232 ιλιιιιιυ

1926 5255 2054 5295 vero
2079 5237 2254 5291 Paris.
2305 5235 2370 5286 Τί
2400 5230 2508 5304 γὰρ
2554 5233 2662 5307 τῶν
2715 5230 3003 5307 οὐρανίων,
3037 5231 3238 5300 Ecquid
3271 5231 3409 5307 enim
3438 5245 3504 5307 ea:

1927 5309 2238 5369 caelestibus,
2271 5316 2376 5358 etc.
2411 5299 2450 5356 Ᾱ
2480 5299 2950 5370 quibusomnibus
2984 5299 3306 5370 nonparum
3339 5299 3502 5370 dissi-

1927 5383 2018 5434 det
2047 5378 2197 5433 Cntb.
2226 5365 2476 5441 quintus,
2504 5365 2555 5425 in
2579 5389 2683 5440 quo
2706 5375 2786 5428 sic
2812 5371 3025 5441 legitur,
3053 5365 3148 5432 Τίς
3170 5369 3278 5439 γὰρ
3308 5365 3416 5441 τῶν
3445 5369 3504 5420 ἐν
3551 5393 3580 5421 ο

1933 5447 2166 5520 οὐρανῷ,
2197 5438 2562 5520 Ecquis__enim
2587 5438 2765 5520 eorum
2789 5438 2884 5512 qui
2913 5444 2964 5494 in
2997 5442 3120 5493 caelo
3156 5449 3299 5503 sunt,
3331 5438 3503 5520 dictus

1935 5509 2012 5573 esi
2038 5509 2234 5585 imago,
2259 5509 2362 5568 etc.
2390 5515 2560 5585 Verba
2587 5513 2672 5565 ιιι..
2695 5509 2822 5585 (ιιιειὲΔ
2840 5528 2956 5566 mox
2987 5509 3505 5585 sequuntur-Latoius;

1935 5590 2014 5652 δέ,
2044 5577 2175 5651 etei,
2215 5577 2278 5639 eo
2304 5586 2492 5638 ordine
2524 5577 2774 5652 leguntur
2811 5582 2863 5634 iu
2902 5596 3029 5634 titss.
3055 5594 3162 5652 quo
3184 5577 3502 5652 edidimus:

1939 5651 2033 5714 sed
2066 5658 2219 5710 aliter
2251 5657 2302 5708 in
2323 5655 2482 5708 editis
2513 5651 3157 5720 disponuntur,videlicet
3183 5651 3284 5702 huc
3310 5651 3502 5704 modo:

1939 5731 2096 5784 ποίαν
2127 5728 2182 5781 δὲ
2213 5725 2394 5779 εἰκόνα
2428 5719 2644 5787 σώζειὸ
2671 5723 2818 5790 ἣλιος
2854 5721 2946 5772 τοῦ
2973 5719 3272 5779 κτίσαντος.

3164 5813 3234 5871 ιὸ
