3978 6410
547 341 652 397 151

1891 341 1948 395 S.
1991 341 2234 397 BASILII
2275 345 2489 400 MAGNI
3689 349 3800 404 45'!

555 465 708 520 Nunc
753 464 964 534 quidem
1002 471 1254 532 tanquam
1290 477 1460 532 equus
1505 476 1686 517 amore
1736 463 1922 518 furens
1963 464 2087 518 femi

2220 485 2362 532 τοις,
2395 469 2491 520 καὶ
2538 466 2800 536 ὡμοιώθη
2835 467 3069 532 αὐτοῖς·
3107 468 3200 521 νῦν
3251 469 3346 538 μὲν
3375 469 3448 532 ὡς
3489 470 3658 532 ἵππος
3701 472 3803 540 θη-

555 574 744 613 narum
770 597 783 621 ,
818 557 1066 612 adhinuit
1092 558 1321 626 proximi
1363 557 1444 611 sui
1480 555 1637 611 uxori
1668 555 1712 588 ⁸⁸
1748 574 1760 609 :
1799 571 1946 611 nunc
1991 572 2120 610 vero

554 662 806 718 tanquam
841 649 994 716 lupus
1023 663 1182 716 rapax
1202 647 1392 702 alienis
1422 648 1645 701 insidias
1677 646 1893 702 struit”
1915 665 1926 700 :
1950 647 2119 700 inter-

551 744 677 795 dum
718 749 786 796 οι)
833 741 1133 794 adhibitum
1188 739 1446 794 adversus
1492 738 1712 792 fratrem
1749 740 1964 804 dolum,
1991 754 2117 792 ver-

551 836 708 889 sutia:
770 833 949 902 vulpis
1015 832 1347 887 assimilatur
1381 831 1452 885 ὀ.
1486 831 1580 885 Est
1635 841 1811 884 autem
1868 831 2118 886 cumulus

552 926 798 981 stultitiae
823 936 876 980 et
898 925 1180 979 dementia:
1211 922 1366 990 plane
1399 923 1670 986 belluinte,
1709 937 1832 978 eum
1861 923 1950 991 qui
1988 938 2118 975 con-

551 1023 695 1076 ditus
741 1031 824 1075 est
862 1021 928 1073 ad
976 1017 1250 1073 Creatoris
1297 1016 1629 1085 imaginem,
1667 1029 1840 1083 neque
1888 1014 2113 1084 primam

547 1127 699 1167 suam
737 1109 1174 1164 constitutionem
1205 1108 1510 1176 percipere,
1549 1121 1721 1175 neque
1750 1114 1825 1159 tot
1859 1119 1922 1158 ac.
1969 1114 2112 1159 tanta

545 1219 645 1272 pro
681 1217 738 1256 se
762 1203 1067 1270 dispensata
1109 1200 1364 1268 mysteria
1410 1198 1706 1268 intelligere
1747 1197 1882 1250 velle
1907 1237 1922 1261 ,
1957 1207 2012 1251 et
2049 1211 2112 1250 ne

544 1312 610 1350 ex
646 1295 752 1349 illis
793 1293 1009 1362 quidem
1050 1292 1364 1359 dignitatem
1409 1306 1560 1345 suam
1610 1304 1941 1357 cognoscere
1973 1307 1986 1342 :
2017 1290 2109 1344 sed

541 1388 913 1442 immemorem
953 1399 1096 1448 esse,
1137 1385 1276 1452 quod
1323 1383 1531 1451 abjecta
1573 1382 1647 1434 rei
1699 1381 1935 1434 ccelestis
1970 1378 2108 1432 ima-

542 1479 723 1548 gine,‘
757 1477 832 1530 rei
883 1485 1112 1530 terrena:
1159 1474 1448 1544 imaginem
1495 1473 1808 1568 sumpserit.
1840 1472 2016 1538 Atque
2052 1476 2109 1521 ut

549 1585 616 1623 ne
645 1572 694 1623 in
728 1577 949 1638 peccato
972 1575 1304 1637 permaneat,
1340 1573 1558 1634 propter
1573 1562 1692 1618 eum
1737 1562 1955 1617 Verbum
1984 1579 2107 1616 caro

541 1664 740 1730 factum
772 1669 869 1723 est,
924 1669 970 1712 et
1007 1658 1258 1710 habitarit
1287 1657 1340 1709 in
1383 1654 1528 1707 nobis
1562 1654 1629 1720 ν,
1665 1665 1719 1707 et
1761 1669 1929 1722 usque
1973 1653 2107 1708 adeo

539 1767 599 1806 se
628 1752 800 1819 ipsum
833 1748 1121 1818 depressit,
1157 1757 1213 1801 ut
1244 1747 1420 1801 factus
1450 1747 1519 1800 sit
1549 1743 1807 1798 Obediens
1835 1761 1998 1815 usque
2035 1746 2104 1798 ad

2227 557 2470 629 λυμανὴς
2511 557 2848 628 χρεμετίζων
2884 559 2976 610 ἐπὶ
3012 557 3110 628 τὴν
3149 561 3380 626 γυναῖκα
3426 558 3517 611 τοῦ
3569 560 3804 629 πλησίον

2227 650 2390 704 αὑτοῦ
2411 668 2423 680 ·
2457 649 2550 705 νῦν
2581 649 2635 704 δὲ
2666 650 2740 711 ὡς
2770 649 2931 713 λύκος
2974 649 3154 721 ἅρπαξ
3210 650 3515 720 ἐφεδρεύων
3546 653 3662 712 τοίς
3707 652 3802 703 ἀλ-

2224 742 2483 813 λοτρίοιςο
2530 741 2713 797 ἄλλοτε
2747 741 2803 794 δὲ
2853 741 2928 810 (7)
2972 741 3060 794 διὰ
3103 741 3195 793 τοῦ
3247 742 3382 812 πρὸς
3429 741 3519 794 τὸν
3569 740 3802 808 ἁδελςδν

2223 833 2372 886 δόλου
2433 837 2487 903 τῇ
2542 832 2844 904 πανουργίᾳ
2917 833 3016 902 τῆς
3074 831 3355 894 ἀλώπεκος
3418 831 3799 901 εἰκαζόμενος.

2235 922 2536 993 Ὑπερὸολὴ
2560 923 2616 974 δὲ
2646 923 2744 992 τῆς
2773 922 2957 986 ἀνοίας
2985 921 3196 990 καὶτῆς
3220 921 3526 991 κτηνώδους
3572 922 3803 989 ἀλογίας

2221 1012 2298 1082 τῷ
2327 1013 2439 1065 δντι
2474 1016 2609 1085 μήτε
2642 1014 2739 1084 τῆς
2769 1012 2825 1078 ἐξ
2855 1013 3026 1084 ἀρχῆς
3053 1011 3243 1065 ἑαυτοῦ
3276 1012 3624 1078 κατασκευῆς
3646 1013 3803 1064 trra:-

2222 1104 2532 1170 σθάνεσθαι,
2565 1104 3035 1174 δημιουργηθέντα
3076 1103 3194 1156 κατ’
3223 1103 3403 1156 εἰκόνα
3438 1103 3530 1155 τοῦ
3572 1103 3801 1156 κτίσαν-

2219 1212 2330 1258 τος,
2376 1197 2513 1266 μήτε
2560 1195 2658 1258 τάς
2703 1194 3034 1266 τηλικαύτας
3085 1196 3224 1267 ὑπὲρ
3275 1195 3438 1248 αὑτοῦ
3489 1197 3800 1264 γενομένας

2217 1288 2524 1358 οἰκονομίας
2579 1290 2718 1341 νοεῖν
2769 1287 3050 1357 βούλεσθαι
3101 1288 3216 1358 (8),
3263 1290 3356 1342 καὶ
3405 1288 3499 1340 ἀπ’
3565 1290 3800 1342 ἐκείνων

2216 1380 2346 1448 γοῦν
2388 1380 2582 1434 ἑαυτοῦ
2615 1381 2900 1452 γνωρίζειν
2933 1381 2992 1434 τὸ
3036 1381 3244 1452 τίμιονο
3278 1381 3390 1448 ἀλλ’
3430 1382 3795 1451 ἀμνημονεῖν,

2213 1473 2293 1526 ὅτι
2349 1472 2636 1526 ἀποϐαλὼν
2677 1472 2775 1544 τὴν
2814 1473 2996 1525 εἰκόνα
3037 1470 3130 1524 τοῦ
3175 1472 3518 1542 ἐπουρανίου.
3563 1473 3794 1525 ἀνέλαϐε

2213 1565 2311 1635 τὴν
2349 1564 2531 1618 εἰκόνα
2573 1563 2668 1617 τοῦ
2703 1561 2908 1634 χοϊκοῦ.
2954 1565 3062 1617 Καὶ
3104 1564 3188 1616 ἵνα
3225 1565 3300 1634 μὴ
3344 1565 3684 1636 ἐναπομείνῃ
3731 1569 3793 1635 τῇ

2213 1658 2483 1729 ἁμαρτίᾳ,
2524 1657 2592 1710 δι’
2640 1657 2800 1712 αὐτὸν
2833 1657 2896 1709 '0
2946 1657 3135 1726 Λόγος
3171 1656 3324 1725 σὰρξ
3371 1657 3642 1726 ἐγένετο,
3694 1661 3792 1711 καί

2211 1749 2564 1816 ἐσκήνωσεν
2591 1751 2661 1804 ἐν
2697 1750 2863 1820 ἡμῖν,
2900 1752 2995 1803 καὶ
3033 1750 3127 1803 ὲπὶ
3162 1750 3413 1803 τοσοῦτον
3439 1751 3643 1803 ἑαυτὸν
3672 1755 3795 1804 ἐτα-

535 1852 787 1904 mortem,
824 1848 1040 1891 mortem
1083 1849 1255 1890 autem
1300 1836 1470 1888 crucis
1506 1836 1572 1887 ⁹².
1626 1834 1816 1888 Primae
1857 1843 1960 1887 tuae
1991 1833 2090 1886 ori-

2205 1841 2490 1909 πείνωσεν,
2512 1839 2654 1894 ὥστε
2683 1840 2936 1909 γενέσθαι
2964 1839 3262 1907 ’Υπήκοος
3292 1842 3468 1910 μέχρι
3499 1841 3788 1907 θανάτοιν,

537 1937 676 2001 ginis
705 1934 748 1987 si
787 1946 995 1985 memor
1028 1946 1133 1985 non
1165 1945 1224 1984 es
1245 1969 1260 1992 ,
1291 1943 1356 1982 ex
1386 1926 1662 1997 persoluto
1702 1940 1798 1993 pro
1835 1932 1886 1978 te
1931 1924 2103 1992 pretio

536 2028 960 2097 qualemcunque
999 2025 1279 2093 dignitatis
1327 2031 1430 2076 tua;
1479 2020 1751 2076 notionem
1782 2019 2002 2086 accipe;
2036 2017 2102 2071 ad

534 2119 768 2189 pretium
823 2115 948 2170 illud
982 2130 1088 2184 quo
1120 2120 1486 2168 commutatus
1523 2125 1584 2164 es
1629 2109 1874 2177 respice,
1930 2116 2101 2161 tuam-

535 2227 639 2280 que
693 2224 922 2282 agnosce
964 2206 1298 2278 dignitatem.
1342 2203 1560 2271 Emptus
1612 2215 1669 2255 es
1712 2199 2101 2270 pretiosissimo

533 2303 736 2359 Christi
785 2301 1078 2370 sanguine,
1113 2295 1314 2366 peccati
1357 2311 1424 2349 ne
1467 2295 1563 2348 [ias
1605 2308 1816 2347 servus.
1863 2292 2100 2364 lntellige

534 2407 678 2449 tuam
734 2393 1135 2463 praestantiam,
1188 2399 1245 2441 ut
1302 2402 1369 2440 ne
1405 2385 1666 2454 iumentis
1719 2386 2098 2454 insipientibus

531 2486 867 2542 assimileris.
909 2481 1209 2540 Vens..M.
1258 2478 1386 2533 Ilwc
1422 2479 1504 2532 vin
1536 2495 1712 2531 eorum
1735 2518 1751 2544 ,
1785 2477 2097 2532 scandalum

528 2578 676 2647 ipsis.
731 2575 832 2643 Qui
881 2589 970 2628 res
1023 2579 1236 2626 nostras
1283 2570 1595 2623 moderatur
1653 2566 1830 2632 Deus,
1881 2566 2097 2620 obsistit

530 2673 685 2726 nobis
712 2685 810 2740 per
839 2667 1054 2722 malitiae
1087 2669 1228 2722 viam
1265 2663 1659 2727 incedentibus,
1689 2661 2012 2718 offendicula
2041 2671 2095 2716 et.

529 2761 909 2831 impedimenta
938 2759 1202 2829 objiciens
1226 2799 1242 2826 ,
1292 2768 1349 2810 ut
1382 2771 1411 2808 a
1451 2755 1558 2808 vita
1599 2754 1828 2809 rationis
1873 2763 2095 2823 experte

528 2854 853 2916 resilientes,
910 2862 1097 2920 postea
1148 2851 1200 2903 in
1249 2857 1435 2903 nostro
1482 2861 1576 2902 ore
1624 2846 2092 2915 complaceamus.

527 2947 615 3001 ubi
649 2945 811 3000 corde
860 2943 1078 3013 quidem
1123 2940 1508 2995 crediderimus
1553 2939 1620 2992 ad
1665 2937 1968 3005 justitiam,
1999 2952 2093 2992 ore

524 3051 652 3092 vero
679 3035 906 3106 confessi
937 3032 1202 3087 fuerimus
1227 3033 1292 3084 ad
1317 3030 1546 3085 salutem
1561 3029 1629 3082 ”.
1658 3027 2092 3097 Persequebatur

525 3127 746 3190 Paulus,
779 3126 1096 3179 devastabat
1141 3122 1435 3176 Ecclesiam
1482 3121 1685 3177 Christi
1714 3121 1782 3184 “,
1825 3135 1977 3174 suum
2022 3121 2087 3172 ad

527 3218 818 3286 nequitiam
849 3230 1066 3270 cursum
1114 3213 1434 3269 acceleravit
1467 3232 1479 3268 :
1526 3213 1718 3268 deinde
1759 3213 1811 3266 in
1858 3227 1952 3266 ore
1989 3226 2086 3266 suo

525 3312 886 3380 t'ntttplacuit,
939 3325 1059 3363 cum
1099 3307 1444 3363 annuntiaret
1487 3308 1540 3362 in
1588 3307 1895 3378 synagogis,
1934 3306 2085 3372 Quod

502 3407 604 3459 'kic
639 3417 710 3457 est
745 3404 985 3458 (.Itrislus
1011 3402 1076 3456 ".

566 3669 638 3721 ‘9.
682 3665 846 3720 Vens.
881 3666 964 3719 15.
1007 3664 1157 3720 Sicut
1207 3680 1322 3718 oves
1364 3665 1420 3718 in
1464 3664 1670 3735 inferno
1713 3664 1905 3733 posuit,
1943 3679 2081 3717 mors

513 3760 753 3825 deposcet
797 3774 905 3812 eos.
956 3755 1272 3825 Quicunque
1323 3767 1505 3810 autem
1567 3755 1788 3810 belluini
1839 3764 1964 3810 sunt
2019 3771 2083 3811 ac

515 3851 811 3918 comparati
877 3849 1025 3903 fuere
1097 3848 1308 3903 stolidis
1363 3848 1687 3917 pecoribus,
1739 3848 1883 3902 velut
1952 3863 2081 3902 ores

517 3959 692 4012 neque
733 3942 1063 3996 intellectum
1113 3955 1286 4007 neque
1320 3940 1640 3995 defendendi
1678 3956 1737 3994 se
1767 3939 2078 3994 facultatem

493 4035 794 4098 'liabentes,
830 4035 874 4088 is
904 4033 994 4102 qui
1026 4034 1091 4086 ad
1138 4033 1506 4103 captivitatem
1536 4033 1708 4102 rapit,
1745 4047 1864 4086 cum
1894 4032 2079 4086 inimi-

517 4141 612 4179 cus
644 4125 938 4195 sit,~186
957 4125 1066 4194 jam
1107 4125 1159 4179 in
1201 4138 1356 4178 suam
1410 4123 1581 4192 ipsius
1606 4139 1782 4178 arcem
1811 4123 2074 4193 conjecit,

515 4233 579 4272 :tc
609 4217 767 4272 morti
797 4218 1017 4273 tradidit
1045 4216 1364 4288 pascendos.
1393 4216 1723 4286 Depascebat
1753 4217 1894 4271 enim
1931 4232 2078 4272 mors

504 4313 585 4364 .ab
632 4311 799 4364 Adam
845 4311 911 4364 ad
963 4325 1132 4380 usque
1178 4311 1383 4380 Moysis
1433 4311 1956 4366 administrationem
2007 4310 2072 4373 ".

507 4405 677 4456 donec
710 4402 858 4458 venit
894 4416 1054 4457 verus
1099 4414 1301 4470 pastor,
1352 4403 1442 4472 qui
1499 4418 1652 4456 suam
1699 4403 1931 4456 animam
1978 4417 2075 4472 pro

2203 1936 2460 1990 θανάτου
2503 1935 2571 1988 δὲ
2612 1931 2900 2004 σταυροῦ.
2940 1935 3002 1986 Ei
3055 1935 3128 2005 μὴ
3161 1934 3258 2003 τῆς
3295 1934 3516 2006 πρώτης
3553 1936 3792 1988 σεαυτοῦ*

2202 2027 2466 2097 γενέσεως
2504 2026 2801 2096 μέμνησαι,
2830 2026 2893 2078 ὲκ
2920 2025 3018 2096 τῆς
3041 2024 3476 2096 κατασλτιθείσης
3510 2027 3659 2097 ὑπὲρ
3693 2027 3783 2080 σοῦ

2198 2122 2364 2193 τιμῆς
2406 2120 2536 2174 λά6ε
2568 2119 2660 2173 τοῦ
2701 2119 3009 2190 ἀξιώματος
3060 2119 3303 2172 ἔννοιαν·
3335 2121 3650 2190 ἀπόϐλεψον
3690 2140 3781 2175 σου

2201 2212 2337 2282 πρὸς
2369 2211 2430 2264 τὸ
2459 2211 2832 2282 ἀντάλλαγμα,
2869 2212 2962 2263 κα)⁸
2999 2210 3165 2280 γνῶθι
3203 2211 3427 2264 σεαυτοῦ
3466 2213 3568 2282 τὴν
3601 2214 3780 2279 ἀξίαν.

2199 2299 2289 2370 Τῷ
2337 2300 2686 2370 πολυτιμήτω
2740 2299 2929 2370 αἵματι
2983 2299 3076 2352 τοῦ
3130 2299 3364 2370 Χριστοῦ
3419 2301 3777 2372 ἡγοράσθηςο

2202 2391 2275 2462 μὴ
2304 2391 2454 2460 γίνου
2487 2389 2561 2460 (9)
2607 2390 2792 2454 δοῦλος
2842 2391 2940 2460 τῆς
2989 2391 3278 2462 ἁμαρτίας.
3325 2391 3492 2455 Σύνες
3542 2393 3777 2446 σεαυτοῦ

2199 2483 2298 2552 τῆς
2329 2482 2516 2552 τιμῆς,
2561 2481 2648 2534 ἵνα
2694 2480 2768 2551 μὴ
2812 2480 3185 2551 παρεικασθῇς
3215 2484 3324 2544 τοῖς
3355 2482 3609 2552 ἀνοήτοις
3648 2484 3776 2553 κτή-

2197 2589 2359 2624 νεσιν.
2391 2573 2552 2638 Αὕτη
2585 2571 2624 2637 ἡ
2653 2569 2792 2635 ὁδὸς
2832 2568 3030 2622 αὐτῶν
3057 2569 3406 2624 σκάνδαλον
3446 2572 3676 2637 αὐτοῖς.
3720 2574 3774 2625 '0

2195 2664 2493 2735 οἰκονομῶν
2526 2663 2594 2716 τά
2625 2663 2869 2734 ἡμέτερα
2902 2661 3031 2724 Θεὸς
3069 2660 3347 2732 ἐμποδίζει
3376 2665 3508 2733 ἡμῖν
3547 2664 3639 2717 διὰ
3675 2665 3772 2735 τῆς

2195 2755 2392 2818 κακίας
2437 2754 2762 2824 βαδίζουσιν,
2813 2751 3214 2822 προσκόμματα
3259 2755 3389 2824 ἡμῖν
3443 2756 3541 2808 καὶ
3596 2758 3772 2810 κωλύο

2197 2864 2343 2917 ματα
2394 2845 2598 2908 τιθεὶς,
2649 2846 2754 2907 ἵνα,
2809 2843 3143 2907 ἀποστάντες
3192 2844 3290 2914 τῆς
3354 2847 3496 2898 κατὰ
3545 2847 3769 2915 ἀλογίαν

2193 2938 2358 3008 ζωῆς,
2399 2938 2535 3009 μετά
2575 2937 2746 2990 ταῦτα
2790 2940 2847 2990 ὲν
2887 2934 2965 3005 τῷ
3007 2937 3235 3006 στόματι
3269 2937 3424 3008 ήμῶν
3465 2939 3769 3010 εὐδοκήσαν-

2195 3048 2314 3102 μεν,
2375 3030 2572 3100 καρδίᾳ
2635 3029 2733 3100 μὲν
2791 3029 3197 3082 πιστευσάντων
3261 3032 3340 3093 είς
3391 3031 3763 3104 δικαιοσύνην,

2193 3123 2419 3192 στόματι
2469 3122 2525 3174 δὲ
2565 3120 3012 3191 ὁμολογησάντων
3065 3122 3144 3182 είς
3207 3122 3498 3192 σωτηρίαν.
3543 3124 3765 3176 Ἐδίωκε

2189 3215 2422 3278 Παῦλος,
2464 3214 2685 3284 ἐπόρθει
2731 3214 2829 3284 τὴν
2875 3213 3198 3282 Ἐκκλησίαν
3243 3213 3334 3267 τοῦ
3383 3215 3647 3285 Χριστοῦ,
3680 3219 3764 3269 tv.

2185 3306 2315 3377 ἧκεν
2341 3306 2504 3359 αὐτοῦ
2536 3306 2627 3358 τὸν
2670 3305 2866 3376 δρόμον
2909 3304 2999 3356 τὸν
3044 3289 3137 3356 ἐπὶ
3169 3305 3266 3374 τὴν
3303 3306 3565 3377 πονηρίαν
3617 3309 3758 3377 (10)⁶

2187 3398 2325 3468 μετά
2351 3398 2522 3451 ταῦτα
2557 3400 2613 3450 ὲν
2645 3397 2720 3467 τῷ
2753 3396 2979 3466 στόματι
3026 3395 3189 3448 αὑτοῦ
3230 3396 3509 3468 εὐδόκησε,
3552 3415 3761 3466 καταγ-

2183 3489 2385 3558 γέλλων
2425 3491 2494 3542 ὲνι
2526 3492 2644 3553 ταῖς
2699 3491 3056 3559 συναγωγαῖς,
3111 3491 3228 3542 Ὅτι
3273 3485 3451 3555 οὗτός
3503 3491 3678 3544 ἐστιν
3726 3497 3760 3546 d

2182 3582 2455 3648 Χριστός.

2251 3672 2305 3727 9.
2359 3673 2452 3736 Ὠς
2504 3673 2764 3738 πρόϐατα
2807 3670 2877 3721 ἐν
2924 3669 3038 3739 ᾄδῃ
3088 3671 3252 3724 ἔθετο
3306 3672 3440 3742 (ll),
3495 3672 3755 3738 θάνατος

2181 3763 2462 3832 ποιμανεῖ
2488 3764 2725 3828 αὐτούς.
2759 3763 2896 3825 Τοὺς
2933 3762 2988 3814 δὲ
3019 3762 3312 3831 accumbam;
3338 3763 3429 3814 καὶ
3461 3779 3755 3834 παρασύμ-

2181 3855 2475 3926 ϐληθέντας
2521 3860 2634 3918 τοῖς
2681 3857 2900 3926 κτήνεσι
2947 3857 3056 3916 τοῖς
3090 3855 3352 3924 ἀνοήτοις,
3385 3856 3460 3917 ὡς
3504 3857 3752 3927 πρὸὗατα

2179 3947 2302 4000 οὔτε
2340 3948 2553 4001 σύνεσιν
2610 3948 2818 4017 ἔχοντα,
2859 3945 2981 3999 οὔτε
3030 3945 3128 4017 τὴν
3174 3947 3308 4017 πρὸς
3339 3945 3399 3998 τὸ
3439 3947 3748 4017 ἀμύνασθαι

2179 4039 2425 4109 δύναμιν,
2453 4041 2480 4091 6
2520 4038 2830 4108 διαρπάζων
2873 4040 2951 4100 εἰς
2985 4037 3082 4109 τὴν
3126 4038 3522 4107 αἰχμαλωσίαν,
3555 4041 3746 4111 ἐχθρὸς

2177 4133 2273 4196 ὢν,
2319 4133 2417 4202 ἤδη
2470 4131 2764 4184 κατέϐαλεν
2816 4132 2895 4195 εἰς
2952 4131 3012 4183 τὸ
3056 4130 3182 4182 ἴδιον
3232 4129 3396 4182 αὑτοῦ
3443 4131 3743 4202 ὀχύρωμα,

2177 4226 2270 4279 καὶ
2318 4226 2598 4296 παρέδωκε
2641 4223 2717 4295 τῷ
2756 4224 2968 4292 Θανάτῳ
3018 4222 3326 4292 ποιμαίνειν
3376 4223 3508 4291 (12).
3561 4224 3744 4276 Ἐποί-

2179 4333 2336 4384 μαινε
2385 4315 2492 4385 γάρ
2533 4317 2560 4366 6
2597 4315 2823 4376 Θάνατος
2869 4312 2977 4366 ἀπὸ
3029 4312 3196 4381 Ἀδὰμ
3247 4311 3406 4381 μέχρι
3448 4313 3545 4382 τῆς
3605 4314 3743 4366 κατά

2175 4407 2410 4460 Μωῦσέα
2442 4406 2734 4470 πολιτείας,
2761 4405 2866 4468 ἕως
2890 4398 2949 4458 οῦ
2980 4400 3139 4474 ἦλθεν
3166 4404 3194 4455 ὁ
3222 4403 3475 4474 ἀληθινὸς
3517 4407 3738 4476 ποιμὴν,

497 4492 696 4545 ovibus
716 4493 895 4560 posuit
920 4493 988 4557 ",
1021 4493 1210 4561 sicque
1243 4506 1336 4546 eas
1367 4506 1551 4546 secum
1588 4493 1878 4556 excitatas,
1913 4503 1965 4547 et
2003 4509 2066 4547 ex

2193 4499 2341 4558 ιθεὶς
2373 4499 2470 4568 τὴν
2512 4499 2706 4552 ἑαυτοῦ
2739 4498 2915 4569 ψυχὴν
2960 4498 3099 4569 ὑπὲρ
3149 4496 3256 4550 τῶν
3299 4496 3604 4567 προϐάτων,
3653 4501 3739 4550 καὶ

506 4583 701 4638 inferni
743 4599 964 4639 carcere
1007 4585 1074 4638 ad
1107 4585 1521 4639 resurrectionis
1561 4585 1883 4638 matutinum
1932 4586 2065 4640 edu-

573 4717 618 4746 "'
644 4716 841 4770 Jerem.
878 4735 928 4780 ι’,
966 4717 1019 4772 8.
1095 4718 1138 4749 ⁸⁹
1166 4715 1361 4770 Ezech.
1388 4733 1514 4778 sint,
1544 4715 1631 4767 27.

497 4785 547 4818 ⁸³
573 4787 723 4840 Iiom.
764 4806 815 4846 κ.
854 4790 940 4840 it).
1015 4787 1059 4818 "
1091 4791 1206 4840 Act.
1239 4802 1330 4840 Vttt
1354 4827 1368 4850 ,
1399 4787 1451 4839 5.

571 4923 646 4989 (7i
680 4921 835 4975 Deest
865 4923 920 4974 δέ
959 4923 1010 4974 in
1037 4939 1168 4976 mss.
1206 4939 1308 4975 non
1334 4921 1539 4989 paucis.

571 4993 646 5058 t8)
685 4992 758 5044 Ita
785 4993 909 5045 editi
946 5008 1066 5044 cum
1095 4993 1212 5045 solo
1247 4993 1399 5046 Coit).
1425 4990 1672 5058 septimo.
1709 4990 1779 5044 At
1825 4992 1912 5045 alii
1969 4994 2060 5050 de-

494 5076 618 5131 cent
646 5076 774 5131 "iss.
797 5062 935 5113 νοεῖν
972 5060 1269 5131 βουληθείς.

573 5129 654 5205 (9),
675 5129 871 5205 lta_se_x
909 5145 1039 5205 mss.
1071 5129 1209 5205 Editi
1242 5146 1366 5185 vero
1397 5133 1470 5205 μὴ
1504 5133 1653 5205 γίνῃ.

573 5151 647 5204 (υ)
675 5151 749 5182 Ilii
782 5151 871 5182 SCX
909 5151 1039 5184 "ISS.
1071 5151 1209 5184 LUIII
1242 5151 1366 5185 γει-ο
1504 5151 1593 5202 γιν
1639 5173 1653 5188 ο

570 5201 682 5270 μυ)
731 5199 1021 5274 Colbertini
1078 5202 1282 5265 primus
1307 5212 1361 5274 et
1401 5151 1828 5274 δοχιυεὶδρόμον,
1873 5204 1931 5256 ὃν
1962 5205 2053 5256 ἐπὶ

496 5269 591 5346 τὴν
628 5269 886 5346 πονηρίαν
935 5269 1124 5346 ἔτρεχε
1153 5287 1166 5322 :
1199 5273 1342 5346 quod
1377 5275 1504 5346 quin
1527 5290 1591 5346 ex
1640 5269 1822 5343 aliquo
1852 5275 2059 5344 glosse—

496 5343 638 5398 tnate
671 5343 948 5394 intextum
982 5343 1276 5409 irrepserit,
1321 5359 1424 5397 non
1462 5345 1664 5398 dubito.

565 5414 680 5480 (ll)
711 5411 861 5480 Apud
886 5409 1029 5464 LXX
1058 5427 1152 5480 pro
1182 5411 1361 5477 ἔθετο,
1387 5416 1576 5483 posuit,
1611 5414 1806 5483 legitur
1847 5414 2049 5477 ἔθεντο,

493 5483 649 5546 positi
675 5484 1066 5554 sunthecabA
1097 5483 1181 5554 eis
1230 5483 1476 5554 dissentit
1511 5482 1754 5554 Vulgata.
1814 5484 2055 5554 Symma-

495 5555 649 5613 chus.
697 5552 742 5606 si
793 5551 1003 5606 Nobilio
1041 5551 1171 5605 fides
1215 5553 1494 5616 habeatur,
1547 5551 1632 5606 ita’
1666 5551 2054 5620 interpretatus

492 5632 592 5693 est,
619 5622 693 5684 ὡς
715 5621 1030 5693 βοσκήματα
1059 5621 1184 5693 ᾅδου
1215 5622 1397 5686 ἔταξεν
1428 5622 1642 5687 αὐτούς,
1681 5624 1828 5678 Sicut
1863 5640 2048 5693 pecora

492 5691 682 5748 inferni
718 5691 995 5745 constituit
1046 5691 1152 5749 eos.
1195 5694 1298 5747 Sed
1365 5694 1519 5748 facile
1564 5691 1886 5749 crediderim
1921 5709 2043 5748 eum

493 5762 622 5824 falli,
650 5772 804 5831 atque
831 5777 926 5830 pro
958 5763 1142 5827 ἔταξεν
1165 5761 1355 5828 αὐτούς
1391 5765 1666 5835 legendum
1699 5779 1818 5820 esse
1844 5764 2040 5828 ἔταξαν

1710 4713 1755 4745 ’°
1785 4716 1979 4769 Ezcrh.
2004 4732 2124 4777 xm,
2173 4721 2242 4779 6;
2282 4720 2409 4774 Lnr.
2447 4737 2563 4779 xm.
2605 4722 2694 4778 52.
2769 4724 2811 4754 ⁸⁸
2841 4721 2994 4774 Joan.
3030 4738 3070 4782 I,
3106 4721 3190 4774 Η.

1527 4787 1572 4816 ⁹³
1611 4787 1726 4836 Act.
1761 4799 1847 4848 Ix,
1878 4787 1966 4840 22.
2041 4789 2087 4818 ⁸⁸
2123 4790 2272 4843 Rutn.
2312 4808 2359 4852 ι’,
2394 4792 2480 4844 Η.
2552 4793 2594 4821 ’⁷
2629 4791 2781 4846 Jonn.
2817 4811 2882 4856 Χ,
2917 4792 2999 4846 15.

2174 4589 2345 4654 οὕτως
2391 4592 2567 4661 ἐαυτῷ
2615 4593 3020 4660 συναναστήσας
3068 4591 3161 4644 καὶ
3206 4588 3485 4658 ἐξαγαγὼν
3536 4591 3602 4643 ὲκ
3646 4593 3737 4660 τῆς

3274 4723 3320 4752 θ’
3359 4719 3552 4788 Philip.
3587 4738 3647 4782 tt,
3680 4722 3730 4774 8.

2168 4930 2411 4990 ὲαυτους,
2445 4931 2834 4981 Lonstituerunt
2867 4945 2919 4980 se
2968 4929 3130 4996 ipsos.
3176 4926 3306 4980 Nam
3349 4927 3419 4979 ita
3448 4928 3732 4995 scripsisse

2171 4997 2557 5065 Symmachum
2632 4998 3035 5064 locupletissimi
3120 5008 3282 5050 testes
3347 4997 3610 5052 Eusebius
3678 5012 3728 5052 et

2168 5066 2540 5121 Tlieodoretus
2569 5066 2765 5120 litteris
2795 5069 3163 5135 prodiderunt.

2237 5137 2349 5205 (12)
2384 5139 2440 5190 In
2473 5138 2706 5216 editione
2727 5136 2906 5216 Raris.
2926 5139 2994 5189 ita
3019 5137 3218 5216 editum
3245 5136 3513 5189 invenitur
3536 5136 3613 5216 τῷ
3633 5135 3723 5216 Θατ

2159 5207 2302 5278 νάτῳ
2350 5207 2835 5278 ποιμιιίνειν.ῌΚαλ¹
2892 5204 3408 5278 κατακυριεύσουσιν
3458 5204 3640 5258 αὐτῶν
3677 5208 3722 5256 oi

2161 5274 2337 5340 εὐθεῖς
2370 5274 2756 5348 τὸ⁷πρωῒμΕι
2789 5274 3203 5329 dominabuntur
3247 5292 3427 5348 eorum
3486 5281 3612 5328 recti
3671 5278 3719 5348 iit

2163 5349 2442 5400 matutino.
2489 5344 2592 5401 Sed
2653 5346 2762 5408 illa,
2796 5349 2889 5398 καὶ
2942 5344 3486 5415 κατακυριεύσουσιν,
3511 5358 3644 5408 etc.,
3673 5346 3719 5396 in

2167 5433 2296 5469 tnss.
2331 5418 2724 5470 desiderantur.
2768 5417 2877 5469 Nec
2915 5418 3064 5467 talvle
3086 5419 3368 5468 admodum
3394 5415 3718 5473 dubitamus.

2161 5487 2290 5554 quin
2325 5488 2458 5548 haec,
2491 5497 2544 5540 et
2575 5484 2676 5538 alia
2713 5486 2900 5547 multa,
2935 5503 2963 5536 e
2999 5484 3180 5536 Bibliis
3211 5495 3461 5538 contextu
3520 5500 3547 5536 a
3605 5489 3720 5550 qui-

2164 5557 2386 5608 busdam
2423 5556 2660 5608 librariis
2708 5555 2912 5620 adjecta
2950 5557 3079 5616 sint,
3133 5569 3305 5622 eaque
3346 5555 3550 5618 magis,
3582 5555 3716 5620 quod

2161 5628 2358 5678 seriem
2407 5626 2668 5678 orationis
2700 5624 3024 5676 intercidere
3052 5625 3348 5676 videantur.
3404 5624 3581 5688 Quare
3609 5627 3713 5687 ἕρκει

2153 5695 2331 5748 delere
2366 5695 2534 5747 satius
2553 5695 2819 5747 duximus.
2861 5695 2972 5745 Hoc
3009 5695 3121 5759 ipso
3153 5696 3204 5748 itt
3240 5694 3355 5750 10(το
3380 5694 3509 5749 editi
3541 5691 3711 5744 Ἐποί-

2152 5781 2284 5836 μανε
2315 5765 2442 5835 γάρ.
2473 5766 2539 5817 At
2579 5780 2704 5816 mss.
2752 5763 3087 5833 Ἐποίμαινε.
