3978 6410
243 371 350 427 453

1336 371 1619 428 HOMILIA
1660 371 1726 426 ΙΝ
1768 370 2098 428 PSALMUM
2136 368 2370 432 XLVIII.

3391 378 3497 437 151

241 483 494 554 φυλακῆς
529 479 622 535 τοῦ
661 481 785 555 ᾅδου
815 485 893 546 εἰς
932 483 1032 554 τὴν
1061 483 1160 556 τῆς
1201 464 1548 550 ἀναστάσεως
1581 486 1809 558 πρωίαν,

1923 497 2059 551 ctas,
2097 489 2260 543 rectis
2299 488 2541 554 tradidit,
2583 487 2686 544 hoc
2713 495 2832 554 est,
2873 489 3079 545 sanctis
3107 491 3222 546 suis
3253 487 3498 563 angelis,

240 575 531 646 παρέδωκε
571 577 682 638 τοῖς
729 575 930 640 εύθέσι,
961 578 1234 643 τουτέστι,
1275 581 1388 642 τοῖς
1431 579 1608 648 ἁγίοις
1649 579 1816 634 αὐτοῦ

239 667 514 735 ἀγγέλοις,
535 669 615 730 εἰς
634 667 696 720 τὸ
725 667 1032 740 ποιμαίνειν
1058 669 1272 733 αὐτούς.
1299 669 1408 724 Καὶ
1441 670 1821 738 κατακυριεύ·

238 770 467 810 σουσιν
488 755 687 809 αὐτῶν
706 761 760 811 οί
785 758 978 825 εὐθεῖς
1005 759 1072 812 τὸ
1097 762 1252 828 πρωΐ
1273 761 1403 832 (15).
1439 761 1684 832 Ἐκάστῳ
1708 761 1819 833 γὰρ

237 848 352 899 τῶν
393 847 598 901 πιστῶν
648 851 796 902 ἐστιν
851 851 1081 918 ἄγγελος
1126 851 1607 925 παρεζευγμένος,
1667 852 1819 918 ἄξιος

237 938 336 991 τοῦ
363 938 578 1009 βλέπειν
615 941 704 993 τὸν
737 941 954 1014 Πατέρα
979 942 1071 996 τὸν
1109 945 1167 997 ἐν
1205 947 1318 1008 τοῖς
1351 946 1622 1017 οὐρανοῖς.
1653 940 1819 1000 Οὗτοι

237 1024 335 1082 οὖν
365 1031 413 1082 οἱ
439 1030 615 1094 εύθεῖς
648 1032 1169 1103 κατακυριεύσουσιν
1196 1034 1373 1089 αὐτῶν
1404 1039 1468 1090 ἐκ
1492 1038 1591 1108 τῆς
1617 1055 1815 1108 πικρο-

236 1123 410 1194 τάτης
451 1125 693 1188 δουλείας
747 1125 1242 1198 ἐλευθερωθέντων,
1300 1129 1396 1183 καὶ
1454 1129 1818 1200 κατακυριεύ-

236 1219 396 1266 boum
442 1215 550 1267 τῶν
599 1216 904 1287 γενομένων
957 1218 1068 1290 (li)
1104 1221 1161 1272 ὲν
1200 1223 1264 1292 τῇ
1306 1222 1509 1294 πρωΐᾳ,
1545 1221 1814 1287 τουτέστι,

231 1305 349 1357 τῶν
402 1306 739 1361 ὑπελθόντων
784 1308 880 1380 τὴν
927 1311 1188 1382 ἀνατολὴν
1221 1313 1314 1366 τοῦ
1366 1313 1563 1383 φωτός.
1614 1313 1817 1368 Θέασαι

235 1398 418 1452 πάντα
446 1400 535 1453 τὸν
568 1402 758 1473 εἱρμὸν
787 1403 896 1456 τῶν
926 1405 1211 1476 γραφικῶν
1241 1409 1519 1478 ῥημάτων.
1566 1409 1816 1476 Ἀνθρω-

233 1505 372 1557 πος,
400 1493 469 1545 ἐν
497 1493 634 1563 τιμῇ
653 1494 757 1558 ὢν,
786 1498 856 1550 οὐ
885 1496 1135 1565 συνῆκε·
1161 1499 1665 1568 παρασυνεϐλήθη
1695 1501 1818 1568 τοῖς

235 1583 487 1651 κτήνεσι
516 1585 640 1652 τοῖς
666 1588 965 1656 ἀνοήτοις.
1012 1589 1071 1644 '0
1099 1589 1183 1644 διὰ
1218 1592 1316 1662 μὲν
1341 1591 1439 1662 τὴν
1468 1593 1815 1664 κατασκευὴν

234 1674 378 1744 ἔχων
402 1676 462 1729 τὸ
488 1677 686 1748 τίμιον,
717 1679 802 1733 διὰ
825 1681 881 1734 δὲ
911 1682 1008 1754 τὴν
1036 1682 1350 1737 ἐνοικοῦσαν
1379 1685 1436 1736 ὲν
1462 1683 1611 1754 αύτῷ
1638 1686 1817 1756 ἁμαρ-

233 1767 359 1818 τίαν
389 1767 489 1822 ούκ
517 1768 904 1840 αισθανόμενος
928 1773 1143 1838 ἑαυτοῦ,
1170 1766 1326 1837 οὗτος
1358 1775 1814 1847 παρασυνεϐλήθη

233 1859 352 1918 τοῖς
395 1859 666 1919 κτήνεσιν.
707 1857 840 1915 Εἶτα
885 1863 972 1916 διὰ
1006 1849 1461 1937 τδάλλοτριῶσαι
1497 1866 1688 1921 ἑαυτὸν
1721 1865 1813 1920 τοῦ

232 1947 374 2001 Θεοῦ
423 1949 580 2019 λόγου
625 1953 756 2022 (15),
809 1955 1100 2027 γενόμενον
1150 1957 1362 2027 ἄλογον,
1416 1958 1492 2023 ὡς
1540 1959 1813 2029 πρόϐατον

234 2039 572 2110 ἀποίμαντον
599 2045 627 2096 ό
650 2044 839 2116 ἐχθρὸς
862 2047 1168 2118 διαρπάσας
1198 2052 1254 2103 ὲν
1282 2050 1361 2121 τῷ
1391 2051 1492 2124 ᾄδῃ
1521 2051 1692 2113 ἔθετο,
1719 2053 1812 2106 καὶ

235 2131 520 2202 παρέδωκε
554 2134 630 2206 τῷ
660 2136 871 2210 θανάτῳ
899 2141 1227 2211 ποιμαίνειν.
1259 2142 1357 2196 Διὰ
1379 2143 1535 2196 τοῦτο
1560 2146 1588 2198 ό
1608 2144 1815 2198 ἐκεῖθεν

235 2223 477 2293 ῥυσθεὶς,
514 2227 727 2281 καὶτοῦ
767 2232 1002 2302 πονηροῦ
1039 2234 1296 2304 ποιμένος
1334 2235 1690 2305 ἀπαλλαγεὶς,
1719 2236 1812 2289 λέ·

232 2332 326 2384 γει
362 2316 441 2382 τὺ,
472 2320 688 2388 Κύριος
717 2324 1012 2392 ποιμαίνει
1046 2343 1143 2394 με.
1175 2327 1286 2379 Καὶ
1334 2327 1515 2380 οὐκέτι
1561 2327 1809 2392 θάνατος,

233 2407 373 2462 ἀλλὰ
406 2409 517 2482 ζωή
539 2427 554 2441 ·
587 2413 769 2466 οὐκέτι
796 2415 1022 2480 πτῶσις,
1047 2416 1160 2469 ἀλλ’
1183 2417 1478 2481 ἀνάστασις
1497 2433 1511 2448 ⁸
1542 2419 1722 2472 οὐκέτι
1751 2419 1814 2472 τὸ

232 2499 452 2566 ψεῦδος,
488 2502 601 2556 ἀλλ’
633 2506 666 2575 ἡ
701 2505 947 2578 ἀλήθεια.
988 2505 1099 2562 Καὶ
1135 2511 1173 2577 ἠ
1202 2508 1453 2575 ,βοήθεια
1482 2508 1678 2564 αὐτῶν
1703 2527 1813 2562 πα-

232 2595 627 2662 λαιωθήσεται
658 2598 729 2651 ἐν
771 2597 851 2664 τῷ
891 2599 1024 2669 ᾅδῃ.
1061 2602 1217 2654 Ἤτοι
1263 2601 1394 2673 περὶ
1444 2601 1539 2655 τοῦ
1580 2601 1810 2656 θανάτου

234 2688 406 2755 λέγει,
450 2688 546 2742 τοῦ
595 2690 669 2760 μὴ
710 2691 1027 2762 δυνηθέντος
1084 2693 1223 2763 μετὰ
1264 2693 1446 2764 πάσης
1493 2693 1658 2747 αὑτοῦ
1713 2695 1812 2766 τῆς

235 2777 491 2851 βοηθείας
527 2781 875 2853 ἀντισχέσθαι
908 2785 1013 2836 τῶν
1047 2785 1137 2838 ὑπ’
1171 2784 1336 2839 αὑτοῦ
1379 2787 1813 2857 ποιμαινομένων

232 2873 325 2927 διὰ
354 2875 446 2927 τὸν
475 2874 811 2929 καταλύοντα
840 2877 928 2928 τὸν
967 2876 1026 2929 τὸ
1065 2878 1266 2950 κράτος
1295 2877 1486 2948 ἔχοντα
1518 2878 1612 2932 τοῦ
1647 2878 1812 2933 θανά-

231 2983 329 3019 του
354 2984 367 2996 °
415 2962 491 3020 ὧν
533 2969 743 3039 πᾶσαή
781 2968 1002 3040 βοήθεια
1047 2971 1252 3026 παλαιὰ
1292 2973 1386 3026 καὶ
1415 2973 1666 3045 ἀσθενής.
1699 2973 1810 3026 Καὶ

231 3060 354 3112 τότε
398 3059 843 3131 ἐξελεγχθήσεται
877 3063 910 3132 ἡ
959 3060 1178 3134 βοήθεια
1214 3063 1321 3117 τῶν
1359 3063 1662 3134 ἀνθρώπων
1702 3063 1810 3117 τῶν

1931 590 2026 630 eas
2044 586 2100 631 ιιι
2125 588 2432 645 pascerent.
2451 577 2520 632 Et
2535 577 3139 634 dominabuntureorum
3159 582 3284 634 recti
3305 582 3361 634 in
3382 599 3502 635 nta-

1922 666 2115 720 tutino.
2139 666 2371 723 Cuilibet
2391 668 2534 723 enim
2565 667 2800 723 ﬁdelium
2822 677 2904 724 est
2933 671 3154 737 angelus
3188 672 3495 742 adjunctus.

1920 759 2012 827 qui
2045 757 2241 830 dignus
2276 770 2361 816 est
2413 760 2504 831 qui
2555 762 2921 817 diversantem
2973 763 3025 815 in
3087 763 3243 816 caelis
3283 763 3496 816 Patrem

1922 849 2120 904 videat.
2163 847 2226 902 Hi
2269 850 2436 918 igitur
2469 851 2604 906 recti
2631 851 2712 905 eis
2750 866 2816 906 ex
2851 849 3188 906 amarissima
3235 854 3500 907 servitute

1923 940 2166 997 liberatis
2194 941 2637 1009 dominabuntur,
2669 951 2724 998 et
2751 944 3180 999 dominabuntur
3213 945 3344 1013 ipsis
3370 963 3500 1000 cou-

1923 1033 2130 1088 stitutis
2162 1032 2216 1086 in
2249 1033 2520 1089 matutino
2540 1074 2556 1101 ,
2587 1035 2692 1090 hoc
2716 1044 2819 1100 est,
2846 1036 2913 1090 ad
2950 1035 3086 1091 lucis
3115 1046 3364 1092 exortum
3405 1053 3498 1092 ac-

1921 1127 2264 1181 cedentibus.
2298 1125 2595 1181 Considera
2630 1141 2846 1182 omnem
2875 1128 3165 1183 verborum
3195 1125 3498 1197 Scriptura:

1922 1219 2122 1274 seriem
2152 1233 2166 1272 :
2204 1215 2376 1272 Homo
2410 1235 2527 1272 cum
2555 1220 2608 1271 in
2642 1219 2840 1273 honore
2869 1230 3022 1285 esset,
3059 1238 3163 1273 non
3202 1220 3494 1285 intellexit;

1907 1317 2259 1384 comparatus
2299 1319 2376 1364 est
2398 1303 2655 1380 jume‘ntis
2697 1311 3085 1380 insipientibus.
3135 1311 3238 1377 Qui
3283 1327 3351 1366 ex
3399 1328 3494 1366 sua

1922 1401 2231 1455 conditione
2271 1401 2434 1456 habet
2461 1401 2806 1471 dignitatem,
2847 1414 2896 1456 et
2941 1412 3160 1470 propter
3189 1401 3498 1456 inhabitans

1922 1495 1974 1547 in
2005 1495 2120 1562 ipso
2155 1505 2441 1562 peccatum
2464 1535 2478 1560 ,
2513 1510 2619 1550 non
2663 1497 2941 1565 cognoscit
2980 1509 3041 1552 se
3083 1495 3259 1565 ipsum
3281 1534 3297 1558 ,
3330 1495 3376 1548 is
3405 1494 3496 1564 ju-

1922 1587 2121 1640 meutis
2155 1597 2502 1656 comparatus
2535 1597 2639 1642 est.
2685 1589 2888 1643 Deinde
2929 1589 3076 1658 quod
3120 1605 3150 1641 ιι
3191 1587 3357 1642 verbo
3401 1587 3497 1641 Dei

1921 1692 2041 1731 sese
2079 1677 2432 1741 abalienavit,
2468 1676 2720 1733 eil'eclum
2751 1679 2995 1744 brutum,
3031 1679 3180 1735 velut
3207 1696 3365 1736 ovem
3402 1695 3498 1750 pa-

1869 1773 1876 1780 '
1922 1779 2069 1824 store
2115 1769 2428 1824 destitutam
2472 1771 2731 1825 inimicus
2777 1771 3038 1841 abripuit,
3093 1773 3384 1843 posuitque
3439 1773 3496 1825 in

1919 1862 2153 1930 inferno,
2197 1872 2251 1918 et
2279 1865 2439 1919 morti
2475 1863 2699 1918 tradidit
2743 1867 3096 1934 pascendum.
3147 1867 3497 1935 Quapmpter

1920 1957 2046 2012 inde
2067 1967 2379 2027 exemptus,
2407 1965 2462 2010 et
2488 1971 2518 2010 a
2545 1956 2783 2026 maligno
2815 1965 3032 2025 pastore
3057 1957 3342 2020 liberatus,
3374 1957 3450 2010 ait
3476 1975 3491 2010 :

1917 2048 2176 2103 Dominus
2219 2051 2381 2119 pascit
2422 2066 2502 2102 me
2524 2050 2592 2112 ⁸⁸,
2643 2058 2698 2101 et
2733 2046 2862 2102 uon'
2893 2049 3128 2118 amplius
3179 2064 3344 2112 mors,
3397 2047 3497 2102 sed

1916 2142 2026 2194 vita
2058 2159 2072 2196 ε
2107 2155 2212 2196 nou
2241 2139 2472 2210 amplius
2501 2154 2682 2205 casus,
2717 2142 2812 2194 sed
2839 2141 3169 2194 resurrectio
3199 2159 3213 2194 ι
3246 2155 3351 2194 non
3378 2155 3497 2192 am-

1915 2234 2058 2304 plius
2092 2233 2457 2297 mendacium,
2501 2233 2596 2286 sed
2631 2234 2856 2287 veritas.
2893 2232 2964 2285 Et
3005 2231 3272 2285 auxilium
3311 2246 3494 2286 eorum

1916 2338 2195 2382 veterascet
2240 2329 2292 2380 in
2336 2326 2570 2395 inferno.
2601 2327 2708 2380 Aut
2747 2325 2989 2394 loquitur
3016 2327 3082 2378 de
3115 2334 3323 2390 morte,
3371 2341 3497 2394 qua:

1917 2435 2036 2472 cum
2071 2418 2217 2474 omni
2250 2433 2349 2472 suo
2397 2418 2653 2488 praesidio
2684 2432 2813 2484 eos,
2847 2433 2986 2487 quos
3017 2417 3306 2488 pascebat,
3349 2417 3496 2472 deti-

1917 2526 2048 2566 nere
2082 2525 2188 2566 non
2215 2511 2409 2580 potuit,
2441 2521 2663 2582 propter
2700 2510 2849 2564 illum
2879 2526 2907 2562 a
2933 2524 3040 2577 quo
3064 2509 3380 2563 destructus
3411 2516 3498 2562 est

1917 2604 1962 2657 is
1997 2605 2088 2671 qui
2123 2603 2318 2656 mortis
2365 2603 2599 2657 habebat
2630 2600 2919 2670 imperium
2945 2599 3028 2664 °’;
3068 2616 3298 2669 quorum
3329 2613 3495 2655 omne

1916 2691 2177 2744 auxilium
2211 2703 2366 2745 vetus
2388 2701 2443 2744 et
2475 2692 2748 2745 inlirntum
2773 2701 2878 2746 est.
2915 2690 3178 2760 Tuncque
3201 2691 3496 2762 redargue-

1918 2794 2002 2837 tur
2039 2783 2297 2838 auxilium
2328 2783 2607 2837 hominum
2640 2797 2851 2848 eorum,
2897 2784 2990 2853 qui
3029 2794 3210 2838 mente
3249 2783 3491 2852 decepti,

1913 2877 1984 2931 ob
2014 2875 2229 2930 divitias
2271 2874 2611 2944 gloriamque
2656 2884 2711 2928 et
2745 2886 3074 2944 potesmtem
3108 2889 3169 2930 se
3215 2874 3315 2944 ipsi
3349 2875 3495 2929 mul-

1917 2981 2026 3022 tum
2060 2965 2314 3022 eﬂ'eruut.
2351 2967 2417 3019 In
2448 2967 2654 3034 inferno
2683 2978 2963 3021 veterascet
2997 2979 3131 3032 tum,
3163 2982 3286 3021 cum
3326 2967 3495 3021 fuerit.

1913 3074 2102 3114 eorum
2136 3057 2484 3114 imbecillitas
2520 3058 2876 3128 deprehensa.
2913 3059 3019 3112 Aut
3056 3059 3194 3112 forte
3226 3059 3488 3112 auxilium

232 3149 602 3221 ἠπατημένων
645 3149 754 3213 (16)
784 3155 852 3222 τῇ
879 3151 1107 3223 διανοίᾳ,
1149 3151 1226 3223 τῷ
1262 3151 1497 3224 πλούτῳ,
1531 3154 1624 3206 καὶ
1658 3150 1809 3224 δόξῃ,

1918 3150 2178 3220 iustorum
2226 3164 2362 3218 quos
2399 3148 2630 3204 redemit
2678 3147 2961 3214 Dominus,
3006 3151 3058 3203 iu
3098 3148 3311 3203 inferno
3360 3163 3491 3218 pro-

233 3242 330 3294 κα“ι
377 3238 668 3312 δυναστείᾳ
700 3241 842 3312 μέγα
888 3243 1246 3314 φρονούντων.
1289 3246 1384 3299 Ἐν
1417 3244 1497 3311 τῷ
1540 3245 1654 3314 ᾅδῃ
1698 3259 1812 3299 πα-

229 3334 646 3400 λαιωθήσεται,
711 3335 1071 3408 ὲλεγχομένης
1120 3338 1299 3392 αὐτῶν
1355 3339 1455 3409 τῆς
1500 3339 1806 3403 ἀσθενείας.

235 3430 308 3481 Ἢ
346 3430 553 3499 μήποτε
582 3432 614 3501 ή
647 3429 866 3502 βοήθεια
900 3431 1007 3483 τῶν
1038 3431 1260 3486 δικαίων
1289 3432 1396 3484 τῶν
1425 3432 1806 3504 λυτρωθέντων

231 3519 386 3585 παρὰ
415 3521 619 3591 Κυρίου
653 3521 1098 3592 παραταθήσεται
1133 3524 1191 3574 ὲν
1226 3521 1302 3592 τῷ
1333 3523 1457 3596 ᾄδῃ.
1491 3521 1663 3576 Οὔπω
1693 3524 1803 3593 γὰρ

230 3609 558 3679 ἐκομίσαντο
582 3610 680 3673 τὰς
707 3612 1056 3680 ἐπαγγελίας,
1080 3612 1174 3664 τοῦ
1197 3611 1331 3664 Θεοῦ
1363 3613 1489 3684 περὶ
1511 3613 1665 3684 ἡμῶν
1691 3612 1803 3683 (17)

230 3702 478 3770 κρεῖττόν
505 3720 554 3756 τι
590 3704 1061 3776 προϐλεψαμένου,
1092 3706 1180 3759 ἴνα
1221 3705 1296 3778 μὴ
1326 3707 1493 3776 χωρὶς
1531 3705 1687 3775 ἡμῶν
1715 3721 1806 3757 τε-

227 3791 525 3847 λειωθῶσιν
553 3797 604 3848 οί
633 3796 1040 3866 προειληφότες.
1071 3796 1242 3865 Πλὴν
1271 3800 1303 3850 ό
1328 3796 1472 3862 Θεὸς
1507 3793 1806 3862 λυτρώσε-

228 3904 324 3939 τοι
370 3887 471 3955 τὴν
528 3889 740 3958 ψυχήν
777 3907 896 3959 μου
925 3890 994 3944 ἐκ
1036 3889 1235 3959 χειρός
1268 3889 1438 3957 ᾅδου,
1470 3887 1615 3940 ὅταν
1650 3890 1804 3955 ,λαμ-

1921 3243 2190 3298 teudetur.
2222 3239 2475 3295 Nondum
2511 3241 2658 3294 enim
2697 3249 3025 3309 acceperant
3060 3238 3493 3309 promissiones,

1918 3333 2058 3402 quod
2092 3334 2235 3387 Deus
2262 3332 2330 3387 de
2369 3331 2531 3386 nobis
2558 3331 2752 3385 melius
2781 3331 2911 3400 quid
2944 3331 3253 3398 providerat
3288 3330 3327 3396 ¹;
3355 3345 3424 3383 ue
3456 3330 3494 3382 ii

1915 3427 2007 3496 qui
2035 3425 2386 3494 pra’iveraut,
2419 3423 2538 3480 sine
2570 3423 2725 3477 nobis
2756 3431 3290 3478 cousummarentur.
3325 3420 3492 3475 Vsus.

1915 3517 2004 3572 16.
2069 3515 2444 3571 Verumtamen
2498 3514 2645 3570 Deus
2680 3516 2897 3569 redimet
2940 3517 3174 3568 animum
3225 3529 3394 3567 meam
3426 3515 3492 3566 de

1914 3624 2074 3662 manu
2107 3607 2292 3676 inferi,
2319 3623 2436 3660 cum
2471 3605 2731 3675 acceperit
2761 3621 2861 3659 me.
2887 3603 3072 3657 Palam
3100 3604 3350 3672 praedicit
3386 3601 3492 3656 Do-

1913 3701 2044 3754 mini
2071 3700 2138 3755 ad
2171 3699 2376 3754 inferos
2399 3700 2745 3764 descensum,
2765 3697 2856 3766 qui
2889 3712 2994 3749 una
3021 3711 3144 3750 cum
3173 3695 3295 3748 aliis
3319 3694 3492 3764 ipsius

1915 3795 2081 3850 etiam
2119 3794 2406 3865 Propheta!
2438 3792 2678 3847 animam
2718 3791 2999 3854 liberabit,
3045 3801 3103 3845 ut
3141 3806 3210 3845 ne
3247 3790 3360 3843 illic
3399 3805 3489 3843 re-

1914 3895 2150 3941 maneat.

227 3982 384 4054 σάνῃ
417 4003 512 4055 με.
549 3987 743 4057 Σαφῶς
778 3986 1108 4059 προφητεύει
1142 3987 1240 4059 τὴν
1265 3985 1358 4040 τοῦ
1404 3984 1607 4056 Κυρίου
1635 3981 1860 4037 κάθοδον
1893 3981 2004 4053 (18)
2044 3984 2124 4046 είς
2157 3981 2306 4054 ᾅδου,
2335 3981 2396 4045 ὃς
2420 3981 2558 4052 μετὰ
2625 3981 2733 4035 τῶν
2800 3980 2975 4036 ἄλλων
3038 3981 3132 4034 καὶ
3195 3979 3362 4036 αὐτοῦ
3397 3977 3491 4030 λυη

229 4079 498 4152 τρῶσεται
523 4084 614 4136 τοῦ
649 4085 932 4156 Προφήτου
957 4085 1056 4156 τὴν
1084 4083 1279 4156 ψυχὴν,
1302 4083 1378 4147 ὠς
1405 4083 1478 4154 μὴ
1508 4081 1856 4152 ὲναπομεῖναι
1890 4080 2021 4132 ἐκεῖ.

309 4173 395 4226 10.
438 4175 534 4242 Μὴ
579 4177 795 4245 φοϐοῦ,
831 4179 977 4232 ὅταν
1023 4176 1340 4247 πλουτήσῃ
1389 4175 1718 4243 ἄνθρωπος,
1763 4174 1802 4243 ἢ

227 4267 377 4322 ὅταν
398 4269 720 4338 πληθυνθῇ
753 4273 790 4340 ἠ
819 4271 969 4336 δόξα
1001 4269 1104 4324 τοῦ
1133 4270 1302 4324 οἴκου
1330 4267 1536 4324 αὑτοῦ.
1568 4267 1666 4336 Μὴ
1697 4285 1804 4336 φο-

227 4360 359 4424 ϐοῦ,
383 4361 566 4432 φησὶν,
591 4362 736 4415 ὅταν
759 4362 1077 4431 πλουτήσῃ
1110 4361 1418 4430 ἄνθρωπος
1447 4359 1578 4428 (19).
1615 4359 1804 4426 Ἀναγ-

225 4454 383 4506 καῖον
411 4453 505 4504 καί
527 4451 684 4505 τοῦτο
711 4451 770 4504 τὸ
799 4455 1056 4523 κήρυγμα
1087 4453 1198 4513 τοῖς
1211 4449 1308 4521 τὴν
1323 4447 1646 4518 οἰκουμένην
1672 4465 1801 4501 κατ-

221 4541 458 4603 οικοῦσι,
484 4544 596 4605 τοῖς
620 4559 679 4594 τε
716 4541 970 4612 γηγενέσι
1025 4542 1119 4595 καὶ
1148 4543 1259 4603 τοῖς
1285 4542 1420 4603 υἱοῖς
1448 4538 1556 4593 τῶν
1589 4536 1798 4610 ἀνθρώ-

228 4651 368 4698 πων,
420 4633 694 4697 πλουσίοις
729 4651 790 4686 τε
841 4632 976 4704 όμοῦ
1032 4633 1125 4688 καὶ
1173 4631 1384 4702 πένησι.
1443 4629 1541 4698 Μὴ
1589 4628 1798 4698 φοϐοῦ,

226 4725 376 4778 ὅταν
396 4723 715 4791 πλουτήσῃ
750 4722 1077 4790 ἄνθρωπος.
1108 4723 1272 4775 Ὅταν
1307 4722 1444 4792 ἴδῃς,
1480 4722 1664 4792 φησὶν,
1693 4719 1802 4773 ἄδι-

225 4833 323 4869 κον
356 4818 454 4886 μὲν
481 4815 832 4880 πλουτοῦντα,
865 4814 1069 4866 δίκαιον
1101 4814 1156 4866 δὲ
1188 4815 1500 4882 πενόμενον,
1535 4810 1608 4882 μὴ
1637 4811 1804 4884 φοϐη-

224 4908 326 4980 θῇς
363 4908 504 4962 κατὰ
544 4908 800 4962 σεαυτόν·
845 4909 918 4978 μὴ
959 4906 1198 4979 πτοηθῇς
1239 4909 1307 4978 τῇ
1338 4907 1561 4978 διανοίᾳ,
1590 4906 1664 4969 ὼς
1686 4906 1794 4976 ἄρα

296 5074 342 5106 ’³
379 5072 522 5130 Psal.
553 5091 690 5142 xm,
721 5074 776 5132 1.
848 5075 892 5108 ⁸⁸
928 5073 1091 5129 Hebr.
1120 5089 1180 5139 tt,
1209 5073 1294 5128 ﬂ.
1376 5073 1392 5103 ¹
1432 5072 1597 5129 Hebr.
1633 5087 1709 5137 ιι,
1745 5071 1835 5127 40.

303 5255 408 5377 ll?)
437 5254 527 5309 Sic
549 5270 681 5310 mss.
713 5265 963 5324 quatuor.
1003 5253 1141 5308 Editi
1172 5269 1293 5308 cum
1332 5254 1464 5322 Reg.
1517 5262 1671 5308 sexto
1715 5251 1792 5324 τῷ

303 5344 350 5377 ω
378 5366 390 5377 .

221 5343 350 5396 πρω

221 5463 457 5529 ιίοτοὺς
489 5465 878 5536 γενομένους...
912 5467 1037 5528 τοὺς
1061 5464 1410 5527 ὑπελθόντας.
1450 5463 1519 5516 At
1544 5465 1628 5518 alii
1653 5477 1782 5517 mss.

220 5554 328 5590 non
363 5540 512 5602 pauci
543 5552 664 5589 cum
695 5540 853 5589 editis
876 5547 931 5587 ut
963 5537 1013 5588 in
1051 5546 1218 5590 textu.

295 5605 406 5673 (15)
436 5605 565 5676 Reg.
601 5608 790 5659 tertius
816 5606 960 5660 θείου
993 5605 1175 5674 λόγου,
1208 5626 1237 5660 a
1262 5605 1410 5660 verba
1429 5603 1623 5657 divino.

293 5677 402 5746 (16)
440 5678 512 5729 Ita
569 5676 860 5730 Colhertini
919 5678 1160 5743 primus,
1207 5677 1448 5743 quintus,
1510 5685 1696 5728 sextus
1736 5679 1789 5728 et

219 5748 502 5811 septimus.
541 5747 761 5807 perinde
801 5757 961 5814 atque
1018 5746 1168 5815 Regii
1210 5747 1400 5798 tertius
1447 5756 1500 5797 et
1530 5754 1778 5815 quartus.

222 5817 365 5870 Editi
387 5831 506 5871 cum
539 5815 719 5885 Regiis
745 5817 980 5872 secundo
1016 5825 1070 5871 et
1103 5814 1254 5872 Sesto
1281 5814 1627 5887 ἠπατημένῃ.

1985 4171 2071 4228 10.
2112 4172 2277 4229 Vsus.
2308 4174 2397 4230 17.
2441 4170 2524 4228 Ne
2546 4174 2803 4239 timueris,
2845 4189 2963 4226 cum
2997 4173 3141 4226 dives
3171 4173 3342 4240 [actus
3373 4171 3488 4240 fue-

1911 4266 1978 4316 rit
2012 4261 2191 4329 homo,
2230 4264 2307 4318 vel
2336 4281 2456 4318 cum
2491 4263 2839 4334 multiplicata
2875 4263 3039 4333 fuerit
3079 4263 3252 4332 gloria
3298 4263 3488 4314 domus

1909 4356 2042 4422 ejus.
2092 4353 2176 4410 Ne
2216 4356 2480 4422 timueris,
2527 4357 2723 4425 inquit,
2771 4372 2889 4409 cum
2920 4355 3063 4408 dives
3103 4353 3278 4423 [nctus
3321 4354 3483 4420 fuerit

1909 4445 2083 4502 homo.
2113 4447 2431 4504 Necessaria
2465 4461 2549 4504 est
2583 4460 2637 4503 et
2673 4451 2786 4502 hinc
2815 4447 3135 4518 praedicatio
3159 4446 3226 4499 iis
3259 4446 3348 4513 qui
3390 4459 3484 4498 or-

1910 4542 2028 4594 bem
2058 4540 2329 4607 habitant,
2375 4544 2775 4612 terrigenisque
2800 4557 2865 4598 ac
2897 4541 3023 4596 ﬁliis
3060 4540 3364 4600 hominum,
3405 4536 3484 4591 di-

1913 4633 2216 4703 vitibusque
2252 4634 2414 4688 simul
2448 4645 2504 4690 et
2553 4634 2901 4705 pauperibus.
2937 4633 3022 4688 Ne
3052 4633 3290 4686 timueris
3312 4671 3327 4694 ,
3367 4646 3486 4683 cum

1911 4728 2052 4781 dives
2083 4725 2255 4796 [actus
2286 4727 2445 4798 fuerit
2471 4729 2648 4782 homo.
2681 4726 2820 4781 Cum
2863 4726 3086 4789 videris,
3120 4725 3313 4792 inquit,
3343 4723 3485 4790 injuo

1910 4831 2053 4876 stmn
2084 4823 2461 4888 ditescentem,
2485 4822 2690 4892 justum
2722 4836 2854 4875 vero
2882 4828 3151 4887 egentem.
3191 4834 3257 4872 ne
3291 4817 3484 4869 timeas

1911 4913 2052 4983 apud
2087 4913 2465 4983 temetipsum;
2497 4928 2564 4968 ne
2591 4911 2964 4967 consterneris
2987 4910 3189 4976 animo,
3221 4917 3479 4962 tauuuam

1973 5252 2084 5322 (17)
2115 5250 2268 5322 illud,
2295 5251 2424 5322 περὶ
2449 5249 2629 5322 ἡμῶν,
2661 5249 2814 5322 abest
2838 5263 2866 5301 a
2894 5257 3133 5322 quatuor
3165 5263 3292 5322 mss.

1975 5315 2083 5390 (18)
2112 5321 2245 5390 Reg.
2288 5315 2616 5390 ter'tius'10ii
2684 5315 2928 5390 Χριστοῦ
2971 5319 3217 5390 κάθοδον.
3271 5315 3473 5390 ibidem

451 5395 742 5466 Colbertini
796 5396 1002 5462 primus
1045 5404 1098 5446 et
1139 5405 1322 5466 sestus
1351 5409 1474 5466 cum
1514 5393 1645 5466 Reg.
1679 5403 1793 5446 ter-
1904 5366 3367 5466 ειιὲἶίῖί’ρἓἒῐςὲήῇἷῖίὲέἠυδε
3397 5386 3478 5437 vi-

1893 5465 2068 5518 dimus
2117 5458 2390 5514 codicibus
2425 5470 2479 5512 et
2510 5458 2560 5513 in
2589 5461 2823 5514 editione
2847 5458 3012 5512 BaSii.

1965 5533 2074 5602 (I9)
2111 5531 2222 5592 Illa.
2252 5532 2343 5600 Μὴ
2392 5529 2580 5600 φοϐοῦ,
2640 5531 2826 5602 φησὶν,
2847 5530 3028 5602 όταν,
3059 5526 3337 5602 πλρυᾏτήσῃ
3371 5527 3471 5602 ἄν·

1894 5595 2131 5671 θρωπος,
2162 5595 2354 5656 desunt
2404 5595 2621 5669 quidem
2649 5595 2714 5654 in'
2729 5599 2892 5671 editis
2924 5607 2979 5652 et
3018 5597 3073 5650 iu
3109 5595 3263 5671 Coll).
3304 5595 3472 5671 septi-

1897 5667 1982 5726 mo
2012 5690 2024 5723 :
2069 5672 2161 5726 sed
2187 5667 2441 5740 leguntur
2466 5671 2520 5724 in
2549 5673 2734 5742 Regiis
2757 5669 2953 5742 primo,
2978 5667 3234 5742 secundo,
3270 5669 3470 5742 Atertio,

1896 5752 2093 5810 quarto
2126 5751 2180 5795 et
2205 5738 2382 5806 sexto,
2412 5741 2574 5810 inque
2595 5738 2922 5810 Cblbertinis
2963 5738 3159 5810 primo,
3191 5738 3379 5810 quinto
3419 5745 3474 5790 et

1894 5805 2064 5870 s'exfo.
2106 5812 2300 5868 Statim
2333 5805 2463 5882 Reg.
2487 5805 2689 5868 'tertius
2714 5807 2794 5862 ετι
2825 5809 2920 5864 καὶ
2947 5805 3060 5872 τοῖς
3109 5805 3267 5870 υίοῖς.
