3978 6410
553 423 656 477 ίϋῖἱ

1900 423 1957 477 S.
1995 422 2237 478 BASILII
2280 421 2491 476 MAGNI

3712 412 3812 472 4.36

552 541 597 591 si
638 549 900 603 nusquam
944 534 1013 589 sit
1048 532 1385 603 providentia
1421 533 1533 600 Dei,
1580 549 1699 603 qua:
1735 550 1820 591 res
1854 538 2116 591 humanas

2222 538 2458 609 οὐδαμοῦ
2496 537 2609 590 ἔστι
2654 538 2879 609 πρόνοια
2912 535 3047 589 Θεοῦ
3083 535 3457 590 ἐπισκοποῦσα
3497 536 3567 588 τὰ
3604 535 3815 605 ἀνθρώ-ο

554 628 844 699 inspiciat;
875 638 968 682 aut
992 628 1061 682 sit
1092 628 1308 697 quidem
1341 627 1594 684 fortassis
1622 629 1888 696 inspectio
1920 630 2118 693 divina,

552 722 647 777 scd
684 736 747 776 ea
779 734 1119 789 nequaquam
1152 720 1219 775 ad
1260 729 1577 774 terrestrem
1623 719 1801 775 locum
1829 721 2119 790 pertingat,

552 817 689 869 adeo
718 824 776 867 ut
803 828 890 867 res
916 827 1129 882 quoque
1162 822 1378 869 nostras
1404 813 1562 882 187
1592 814 1900 878 intueatur;
1921 823 2121 867 etenim

552 909 599 963 si
628 916 776 962 esset
798 907 1153 976 providentia,
1182 905 1475 975 unicuique
1504 906 1852 960 distribueret
1878 905 2117 975 propria,

555 1001 635 1054 sic
666 1008 724 1052 ut
766 998 960 1053 divites
991 998 1205 1066 quidem
1246 1006 1430 1052 essent
1464 996 1619 1065 justi.
1670 996 1762 1065 qui
1799 996 2004 1050 divitiis
2046 997 2120 1050 uti

557 1094 802 1147 scirent:
835 1106 1097 1160 pauperes
1124 1105 1254 1145 vero
1281 1101 1468 1145 essent
1496 1090 1643 1152 mali.
1690 1089 1888 1159 quibus
1922 1088 2123 1142 divitire

557 1187 975 1239 instrumentum
1005 1180 1179 1236 forent
1213 1196 1327 1236 sua:
1351 1183 1593 1250 ipsorum
1628 1179 1956 1248 iniquitatis.
1986 1177 2118 1231 Cum

556 1278 720 1345 igitur
760 1274 912 1328 multi
946 1274 1054 1327 sint
1082 1274 1222 1328 inter
1251 1282 1444 1344 gentes
1478 1283 1641 1343 atque
1670 1272 1996 1338 terrigenas,
2031 1268 2119 1337 qui

556 1367 682 1419 talia
706 1366 969 1430 sentiunt,
999 1365 1197 1435 quique
1233 1375 1454 1434 pr0pter
1487 1372 1837 1434 apparentem
1884 1362 2123 1429 inmqua-

556 1460 759 1513 litatem
790 1457 1189 1513 distributionis
1216 1472 1392 1510 rerum
1425 1458 1491 1509 ad
1516 1458 1679 1510 vitam
1706 1453 2119 1521 pertinentium.

554 1548 809 1602 mundmn
852 1550 985 1602 citra
1018 1548 1413 1616 providentiam
1448 1546 1558 1612 regi
1604 1544 1984 1612 suspicantur;
2018 1540 2117 1594 hos

552 1638 839 1707 compellat
868 1652 1067 1699 sermo,
1098 1638 1427 1690 ineruditum
1459 1637 1695 1705 ipsorum
1728 1645 1929 1688 motum
1964 1646 2119 1686 coer-

552 1747 679 1786 cens
706 1749 718 1784 :
748 1744 881 1799 quos
924 1730 1041 1797 ipso
1080 1732 1240 1782 etiam
1272 1727 1427 1781 initio
1457 1728 1522 1780 ad
1565 1727 1827 1780 audienda
1859 1725 2115 1794 dogmata
2147 1755 2165 1774 .

551 1823 832 1878 invitabat.
876 1822 982 1875 Aut
1027 1823 1187 1873 etiam
1232 1821 1484 1887 privatim
1534 1820 1598 1872 ad
1640 1819 1808 1872 solam
1859 1812 2116 1888 pauperis

551 1930 839 1987 personam
866 1914 1168 1966 orationem
1200 1913 1489 1973 convertit,
1524 1912 1712 1965 dicens
1743 1929 1754 1962 :
1794 1910 1874 1963 Ne
1908 1909 2113 1976 timeas,
2150 1904 2189 1956 Β

550 2026 665 2063 cum
694 2009 835 2060 dives
874 2007 1042 2073 factus
1076 2006 1230 2075 fuerit
1270 2007 1445 2057 homo.
1483 2003 1543 2056 lli
1592 2003 1734 2057 enim
1764 2005 1847 2056 vel
1882 2002 2116 2055 maxime

550 2096 783 2167 indigent
818 2095 1187 2149 consolatione
1211 2136 1224 2157 ,
1257 2110 1324 2149 ne
1362 2095 1693 2163 potentiores
1732 2093 2112 2147 reformident.

549 2188 701 2241 Nulla
734 2188 901 2248 enim,
938 2187 1132 2255 inquit,
1158 2186 1362 2239 utilitas
1390 2196 1472 2240 est
1498 2186 1649 2239 diviti
1682 2186 1957 2249 morienti,
1992 2202 2114 2240 cum

550 2295 655 2335 non
707 2288 868 2347 queat
910 2292 1093 2332 secum
1131 2278 1344 2331 auferre
1373 2278 1624 2343 divitias;
1668 2277 1758 2343 qui
1794 2277 2009 2332 scilicet
2062 2279 2113 2332 id

548 2387 615 2426 ex
677 2386 860 2425 earum
918 2368 1259 2436 possessione
1315 2368 1555 2422 lucratus
1602 2367 1673 2422 sit
1725 2367 1921 2432 solum,
1975 2370 2116 2438 quod

550 2462 717 2530 ipsius
746 2463 926 2515 anima
958 2462 1009 2513 in
1035 2461 1135 2513 hac
1162 2460 1266 2512 vita
1294 2461 1361 2511 ab
1388 2459 1763 2513 adulatoribus
1789 2458 1945 2513 beata
1979 2475 2117 2529 prte-

547 2553 720 2607 dicata
763 2553 852 2607 sit.
890 2548 1091 2604 Verum
1139 2566 1261 2604 cum
1297 2550 1551 2612 moritur,
1598 2564 1703 2603 non
1738 2559 1997 2615 assumet,
2032 2552 2115 2604 in-

546 2644 682 2712 quit,
736 2659 951 2698 onmem
999 2642 1135 2696 hanc
1179 2641 1554 2709 opulentiam:
1600 2641 1689 2694 vix
1741 2640 2115 2695 indumentum

545 2734 814 2803 accipiet,
859 2749 966 2802 quo
1000 2730 1244 2801 pudenda
1286 2729 1407 2797 ejus
1447 2739 1715 2799 tegantur,
1743 2730 1925 2798 idque,
1960 2730 2005 2784 si
2039 2730 2118 2783 vi-

546 2841 663 2880 sum
700 2825 861 2878 fuerit
906 2822 1123 2877 famulis
1156 2823 1329 2892 ipsum
1375 2822 1775 2877 amicientibus.
1812 2821 1956 2875 Bene
1990 2836 2113 2875 cura

544 2933 610 2972 eo
634 2926 813 2970 actum
845 2915 1028 2978 fuerit,
1051 2914 1096 2968 si
1122 2914 1368 2983 exiguam
1413 2922 1611 2966 terram
1648 2913 1929 2979 sortiatur,
1959 2928 2103 2967 eam-

546 3020 651 3077 que
686 3007 782 3074 ipsi
828 3021 858 3058 a
897 3003 1100 3058 funeris
1128 3002 1470 3057 curatoribus
1502 3003 1684 3056 datam
1723 3004 1791 3057 ob
1822 3006 2114 3060 commise-

548 3100 867 3154 rationem:
905 3098 994 3169 qui
1043 3098 1089 3150 ei
1136 3097 1326 3151 istha‘c
1373 3106 1655 3167 prmstant,
1695 3099 1764 3152 ob
1810 3100 2116 3153 communis

548 3192 797 3246 humana:
823 3200 1029 3245 natura:
1054 3190 1437 3255 reverentiam,
1466 3202 1569 3243 non
1588 3189 1635 3242 ei
1662 3190 1774 3244 [nec
1805 3188 2112 3260 largientes,

549 3280 643 3335 sed
671 3281 959 3335 humanam
1007 3289 1254 3333 naturam
1288 3279 1493 3333 honore
1522 3277 1839 3333 allicientes.
1881 3278 2116 3334 Proinde

550 3389 617 3427 ne
647 3372 722 3427 sis
749 3370 940 3441 pusillo
973 3372 1152 3425 animo
1197 3369 1343 3424 circa
1376 3370 1664 3439 praesentia
1696 3388 1709 3424 :
1741 3370 1834 3424 sed
1858 3380 2115 3439 exspecta

550 3464 764 3515 beatam
806 3457 949 3513 illam
993 3469 1042 3510 et
1074 3467 1386 3527 perpetuam
1420 3459 1607 3511 vitam.
1659 3456 1811 3512 Tunc
1847 3458 1990 3512 enim
2021 3459 2118 3512 vi—

470 3560 471 3567 ‘
548 3554 703 3609 dehis
742 3561 1130 3622 paupertatem,
1163 3561 1219 3605 et
1262 3552 1634 3621 ignominiam,
1683 3560 1737 3607 et
1794 3551 2115 3607 deliciarum

546 3645 908 3716 privationem
947 3644 997 3697 ei
1035 3645 1123 3713 qui
1170 3644 1350 3711 justus
1386 3656 1473 3697 est
1514 3645 1652 3698 bene
1686 3646 1902 3701 cedere.
1950 3645 2017 3699 Et
2049 3660 2116 3701 ne

546 3738 886 3793 conturberis
932 3752 1077 3791 nunc
1126 3747 1345 3805 propter
1376 3751 1437 3789 ea
1483 3750 1603 3804 quae
1642 3747 1902 3805 putantur
1950 3740 2111 3803 bona,

548 3844 801 3897 tanquam
836 3827 1031 3895 injuste
1061 3829 1173 3882 sint
1201 3828 1393 3883 divisa.
1427 3828 1629 3883 Audies
1668 3831 1808 3883 enim
1844 3828 2114 3899 quomodo

545 3922 755 3974 dicetur
787 3920 937 3973 diviti
976 3920 1191 3988 quidem
1228 3933 1241 3969 ε
1282 3918 1541 3985 Recepisti
1584 3920 1717 3974 bona
1767 3929 1859 3974 tua
1907 3923 1961 3974 in
2011 3922 2114 3975 vita

545 4027 635 4066 tua
660 4015 680 4043 ³
704 4030 717 4078 ;
745 4013 966 4083 pauperi
994 4028 1122 4067 vero
1144 4014 1289 4082 quod
1313 4014 1583 4083 acceperit
1607 4014 1747 4068 mala
1774 4015 1828 4068 iu
1858 4014 1964 4068 vita
1993 4030 2109 4071 sua.

546 4106 885 4175 Quapropter
931 4114 989 4159 ut
1032 4105 1121 4159 hic
1143 4104 1269 4173 jure
1304 4119 1370 4160 ac
1402 4106 1597 4161 merito
1636 4106 1835 4174 reperit
1866 4106 2113 4162 consola-

546 4201 767 4263 tionem,
802 4198 873 4253 ita
898 4198 985 4253 ille
1016 4198 1200 4253 dolore
1222 4201 1510 4255 cruciatur.
1545 4199 1711 4254 Vens.
1750 4198 1838 4257 19.
1876 4198 2115 4267 Conﬁte-

544 4292 637 4345 bor
678 4292 809 4359 tibi,
852 4308 969 4345 cum
1015 4292 1329 4360 benefaceris
1368 4295 1439 4347 ei.
1482 4293 1746 4363 Loquitur
1797 4294 1863 4347 de
1897 4292 2115 4347 homine

548 4398 785 4449 terreno,
809 4395 865 4440 et
892 4386 984 4456 qui
1032 4386 1171 4439 bona
1201 4399 1321 4440 esse
1360 4386 1639 4441 existimat
1671 4386 1815 4441 solas
1855 4387 1982 4440 vita:
2013 4384 2113 4439 ιω-

540 4478 628 4543 jus
660 4477 1067 4546 prterogativas,
1103 4490 1247 4545 spes,
1275 4478 1669 4546 sanitatemque
1700 4486 1754 4530 et
1782 4478 2103 4546 potentiam.

2232 650 2359 683 πινα
2380 648 2391 659 ⁸
2426 634 2458 703 ἡ
2488 633 2601 683 ἐστι
2636 632 2732 701 μέν
2757 648 2857 684 που
2884 630 3024 701 τάχα
3054 632 3087 701 ἡ
3130 629 3247 682 θεία
3280 630 3576 700 ὲπισκοπὴ,
3610 629 3672 681 ού
3709 632 3810 698 μὴν

2231 722 2321 775 καὶ
2354 722 2487 792 πρὸς
2524 722 2611 774 τὸν
2655 721 2930 792 περίγειον
2975 721 3138 773 τόπον
3172 719 3384 789 φθάνει,
3426 719 3570 771 ὥστε
3612 720 3706 771 καὶ
3749 719 3808 770 τὰ

2230 814 2473 885 ἡμέτερα
2510 814 2733 885 ἑφορᾷν.
2776 814 2839 866 Εἰ
2882 815 2989 884 γὰρ
3029 814 3253 884 πρόνοια
3282 808 3371 883 ἦν,
3403 811 3623 881 ἑκάστῳ
3654 810 3804 880 μερίς

2231 907 2396 971 ζουσα
2439 907 2507 960 τὰ
2545 910 2741 973 οίκεῖα,
2772 908 2911 961 ὥστε
2954 908 3201 961 πλουτεῖν
3234 908 3333 978 μὲν
3377 907 3502 969 τοὺς
3542 904 3804 967 δικαίους,

2228 1003 2355 1063 τοὺς
2390 1000 2784 1071 ἐπισταμένους
2817 1000 2896 1069 τῷ
2935 1000 3149 1069 πλούτῳ
3182 999 3508 1070 χρήσασθαι,
3548 997 3807 1050 πένεσθαι

2228 1092 2281 1143 δὲ
2317 1092 2442 1156 τοὺς
2476 1092 2745 1164 πονηροὺς
2770 1094 2895 1157 τοὺς
2928 1092 3147 1161 ἔχοντας
3189 1091 3298 1161 (20)
3324 1092 3555 1161 ὄργανον
3596 1091 3701 1159 τῆς
3731 1092 3806 1141 οξ-

2231 1182 2382 1245 κείας
2408 1183 2669 1253 πονηρίας
2707 1183 2798 1235 τὸν
2840 1181 3090 1238 πλοῦτον.
3138 1182 3289 1234 Ἐπεὶ
3319 1178 3410 1234 οὖν
3441 1181 3630 1233 πολλοί
3675 1182 3806 1233 εἰσιν

2231 1277 2286 1328 ὲν
2314 1280 2423 1340 τοῖς
2448 1276 2623 1328 ἔθνεσι
2653 1276 2746 1329 καὶ
2776 1278 2888 1339 τοῖς
2914 1275 3202 1346 γηγενέσιν
3228 1275 3277 1328 οἱ
3316 1274 3384 1327 τά
3417 1273 3646 1327 τοιαῦτα
3677 1289 3804 1342 φρο-

2230 1368 2465 1434 νοῦντες,
2506 1369 2600 1421 κα),
2634 1368 2719 1421 διὰ
2743 1367 2841 1439 τὴν
2870 1366 3198 1438 φαινομένην
3224 1366 3539 1438 ἀνωμαλίαν
3570 1366 3667 1417 τοῦ
3694 1365 3806 1416 ὲπι-

2232 1459 2499 1532 μερισμοῦ
2534 1461 2641 1513 τῶν
2679 1459 2947 1530 βιωτικῶν
2980 1459 3319 1530 πραγμάτων
3353 1457 3697 1529 ἀπρονόητον
3734 1454 3804 1509 εἱ-

2229 1570 2315 1605 ναι
2349 1552 2437 1605 τὸν
2482 1553 2682 1622 κόσμον
2713 1551 3183 1622 ὑπολαμϐάνοντες
3204 1568 3216 1580 ·
3254 1549 3463 1612 τούτοις
3493 1548 3804 1615 διαλέγεται

2228 1645 2256 1695 ὁ
2282 1644 2457 1712 λόγος,
2492 1644 2867 1697 καταστέλλων
2890 1642 3067 1695 αὐτῶν
3089 1641 3188 1713 τὴν
3214 1641 3539 1695 ἀπαίδευτον
3569 1641 3801 1711 κίνησιν

2228 1736 2319 1800 οὓς
2346 1737 2437 1789 κα).
2466 1738 2522 1788 ὲν
2552 1736 2851 1808 προοιμίοις
2878 1735 2969 1787 ἐπ)⁵
2988 1734 3085 1804 τὴν
3112 1732 3373 1804 ἀκρόασιν
3400 1734 3507 1785 τῶν
3537 1733 3802 1803 διδαγμά-

2228 1846 2334 1882 των
2366 1828 2566 1881 ἐκάλει.
2603 1829 2674 1881 Ἤ
2704 1845 2803 1880 που
2857 1827 2951 1880 κα)⁵
3003 1825 3139 1897 πρὸς
3185 1826 3343 1895 μόνον
3371 1824 3514 1887 ίδίως
3544 1824 3610 1877 τό
3639 1826 3806 1896 πρόσ-

2217 1938 2363 1973 ωπον
2380 1920 2472 1973 τοῦ
2500 1921 2722 1991 πένητος
2745 1919 3082 1972 ἀποτείνεται
3103 1917 3297 1986 λέγων’
3314 1916 3407 1983 Μὴ
3426 1915 3636 1985 φοϐοῦ,
3665 1916 3805 1968 Jrar

2219 2010 2535 2079 πλουτήσῃ
2565 2011 2893 2079 ἄνθρωπος.
2927 2003 3086 2063 Οὗτοι
3112 2009 3219 2080 γὰρ
3248 2009 3342 2062 καὶ
3370 2009 3606 2079 μάλιστα
3640 2025 3803 2078 παραυ

2222 2101 2422 2171 μυθίας
2463 2101 2675 2155 δέονται
2721 2102 2856 2172 πρὸς
2883 2101 2944 2153 τὸ
2981 2102 3053 2172 μὴ
3085 2101 3448 2171 ὑποπτήσσειν
3478 2100 3609 2161 τοὺς
3638 2100 3802 2169 ὑπερ-

2217 2192 2460 2261 έχοντας.
2492 2180 2656 2245 Ούδὲν
2685 2192 2812 2264 γὰρ,
2852 2194 3034 2263 φησὶν,
3070 2192 3258 2262 ὄφελος
3285 2191 3363 2262 τῷ
3394 2192 3638 2262 πλουσίῳ
3677 2193 3803 2243 ἀπο-

2218 2284 2523 2354 θνήσκοντι,
2577 2284 2651 2355 μὴ
2702 2284 2981 2355 δυναμένῳ
3040 2284 3225 2337 λαϐεῖν
3268 2283 3359 2336 τὸν
3415 2282 3649 2335 πλοῦτον
3714 2284 3801 2333 aia-4

2216 2376 2426 2447 ἐαυτῷ·
2476 2377 2534 2439 ὃς
2564 2394 2626 2445 γε
2660 2374 2913 2431 τοσοῦτον
2964 2377 3071 2429 ἀπὸ
3117 2376 3217 2445 τῆς
3260 2374 3619 2437 ἀπολαύσεως
3652 2376 3803 2443 ἐκέρ-

2217 2468 2363 2521 δαινε
2414 2470 2594 2539 μόνον,
2661 2470 2783 2521 ὅσον
2834 2466 2930 2539 τὴν
2982 2466 3157 2538 ψυχὴν
3218 2466 3382 2520 αὑτοῦ
3444 2468 3503 2519 ὲν
3562 2470 3632 2537 τῇ
3696 2466 3799 2534 ζωῇ

2216 2560 2387 2631 ταύτῃ
2440 2559 2550 2631 (21)
2596 2559 2745 2631 παρὰ
2796 2559 2903 2611 τῶν
2943 2558 3190 2610 κολάκων
3230 2556 3665 2627 μακαρισθῆναι.
3720 2557 3798 2608 Ἐν

2215 2652 2271 2703 δὲ
2298 2652 2373 2720 τῷ
2399 2651 2783 2722 ἀποθνήσκειν,
2812 2650 2871 2702 οὐ
2907 2649 3157 2719 λήψεται,
3187 2649 3343 2719 φησὶ,
3385 2650 3570 2701 πᾶσαν
3597 2646 3800 2717 ταύτην

2218 2742 2313 2813 τὴν
2347 2742 2666 2814 περιϐολήν·
2708 2741 2859 2811 μόλις
2898 2740 3100 2811 ἔνδυμα
3127 2740 3352 2811 λήψεται
3389 2739 3669 2792 καλύπτον
3706 2740 3798 2793 αύ-

2216 2833 2309 2887 τού
2342 2833 2407 2886 τά
2440 2834 2761 2904 ἀσχήμονα·
2792 2834 2887 2885 καὶ
2920 2831 3078 2885 τοῦτο
3098 2872 3112 2895 ,
3146 2830 3238 2884 ἐὰν
3271 2831 3395 2901 δόξῃ
3429 2829 3537 2885 τῶν
3574 2831 3802 2884 οἰκετῶν

2216 2929 2328 2988 τοῖς
2386 2924 2845 2995 περιστέλλουσιν.
2919 2924 3225 2995 Ἀγαπητὺν
3268 2923 3416 2993 αὐτῷ
3461 2923 3567 2991 γῆς
3614 2924 3799 2994 ὀλίγης

2217 3018 2431 3087 λαχεῖν*
2472 3016 2566 3068 καὶ
2595 3015 2799 3086 ταύτης
2825 3016 2891 3069 δι’
2926 3011 3107 3069 οἶκτον
3149 3014 3427 3087 διδομένης
3466 3017 3620 3086 αύτῷ
3650 3017 3799 3089 παρὰ

2218 3109 2321 3161 τῶν
2352 3107 2710 3178 κηδευόντων,
2748 3107 2942 3169 οἵτινες
2972 3105 3122 3176 αύτῷ
3155 3108 3483 3177 παρέχονται
3514 3108 3693 3161 ταῦτα
3721 3111 3797 3160 cti-

2202 3192 2298 3253 ’δοῖ
2341 3199 2440 3268 τῆς
2488 3198 2674 3268 κοινῆς
2713 3199 2806 3251 καὶ
2856 3197 2966 3267 (ὶὲ)
3007 3197 3356 3269 ἀνθρωπίνης
3407 3199 3648 3266 φύσεως,
3703 3199 3798 3252 οὐκ

2220 3290 2366 3361 αύτῷ
2402 3288 2769 3361 χαριζόμενοι,
2795 3288 2931 3342 ἀλλά
2954 3289 3223 3360 τιμῶντες
3252 3290 3349 3359 τὴν
3379 3291 3795 3361 ἀνθρωπότητα.

2218 3382 2308 3453 Μὴ
2346 3382 2670 3453 μικροψύχει
2699 3379 2791 3436 οὖν
2832 3383 2960 3453 περὶ
2998 3381 3061 3435 τά
3094 3382 3354 3452 παρόντα,
3385 3382 3521 3434 ἀλλά
3560 3384 3796 3453 ἀνάμενε

2216 3474 2313 3545 τὴν
2362 3474 2637 3544 μακαρίαν
2682 3474 2897 3543 ἐκείνην
2947 3472 3092 3544 ζωὴν
3136 3473 3227 3525 καὶ
3273 3473 3598 3544 ἀπέραντον.
3640 3476 3796 3543 Ὀψει

2217 3566 2325 3637 γὰρ
2356 3566 2497 3627 τότε,
2526 3565 2607 3617 ὅτι
2634 3564 2769 3638 πρὸς
2795 3562 2956 3617 καλοῦ
2988 3564 3194 3632 γίνεται
3221 3562 3297 3631 τῷ
3324 3563 3515 3634 δικαίῳ
3544 3564 3579 3633 ἡ
3617 3565 3794 3626 πενία,

2218 3659 2311 3712 καὶ
2352 3660 2384 3727 ἡ
2423 3657 2627 3724 ἀδοξία,
2668 3656 2761 3710 καὶ
2801 3658 2833 3726 ἡ
2878 3655 3131 3727 στέρησις
3162 3657 3261 3723 τῆς
3298 3654 3526 3725 τρυφῆς.
3560 3656 3674 3709 Καὶ
3725 3658 3797 3727 μὴ

2215 3749 2491 3820 ταραχθῇς
2516 3748 2609 3801 νῦν
2641 3748 2733 3801 ἐπὶ
2766 3750 2877 3810 τοῖς
2900 3746 3271 3816 νομιζομένοις
3302 3745 3544 3813 ἀγαθοῖς,
3577 3746 3656 3808 ὡς
3696 3747 3795 3799 ἁδίο

2217 3857 2326 3902 κως
2371 3837 2770 3909 μεριζομένοις.
2820 3835 3053 3909 Ἀκούσῃ
3084 3834 3191 3906 γὰρ
3227 3833 3343 3897 πῶς
3374 3833 3450 3904 τῷ
3495 3834 3596 3905 μὲν
3633 3836 3795 3888 πλου-

2219 3935 2317 4003 σίῳ
2354 3932 2697 4003 λεχθήσεται’
2744 3930 3057 3995 Ἀπέλαόες
3089 3927 3161 3981 τὰ
3208 3926 3397 3995 ἀγαθά
3437 3944 3553 3980 σου
3607 3930 3678 3981 ἐν
3724 3928 3797 3994 τῇ

2216 4018 2326 4087 ζωῇ
2358 4032 2504 4072 σου·
2540 4018 2618 4089 τῷ
2645 4018 2701 4070 δὲ
2742 4017 2953 4088 πένητι,
2989 4017 3070 4069 ὅτι
3112 4017 3306 4084 ἀπέχει
3350 4014 3419 4067 τὰ
3457 4021 3609 4069 κακά
3642 4018 3699 4069 ὲν
3732 4021 3797 4086 τῇ

2217 4109 2330 4181 ζωῇ
2366 4108 2549 4164 αὑτοῦ.
2594 4108 2794 4179 Διόπερ
2828 4106 3138 4169 ἀκολούθως
3173 4108 3202 4158 ὁ
3238 4106 3333 4175 μὲν
3368 4107 3793 4177 παρακαλεῖται,

2215 4204 2244 4254 ὁ
2278 4202 2333 4255 δὲ
2370 4202 2641 4255 ὀδυνᾶται.
2684 4199 3213 4271 Ἐξομολογήσεταί
3257 4216 3373 4262 σοι,
3405 4199 3550 4252 ὅταν
3582 4200 3793 4267 eruas-

2216 4308 2327 4359 νῃς
2350 4291 2508 4357 αὐτῷ
2536 4293 2668 4364 (25).
2696 4294 2831 4365 Περὶ
2851 4292 2943 4345 τοῦ
2974 4292 3159 4363 χοϊκοῦ
3186 4289 3467 4363 ἀνθρώπου
3495 4290 3591 4343 καὶ
3616 4291 3794 4359 ἀγαθὰ

2215 4383 2524 4453 νομίζοντος
2552 4380 2689 4438 εἶναι
2733 4385 2869 4454 μόνα
2909 4383 2975 4437 τὰ
3020 4382 3111 4436 τοῦ
3144 4382 3258 4452 βίου
3302 4378 3489 4435 τούτου
3520 4384 3792 4452 προτερὴ-

2220 4494 2385 4546 ματα,
2437 4476 2683 4539 πλοῦτον,
2725 4478 2819 4530 καὶ
2868 4477 3099 4544 ὑγίειαν,
3140 4475 3234 4528 καὶ
3278 4474 3619 4539 δυναστείαν,
3661 4475 3792 4543 περὶ

549 4568 621 4619 Ue
651 4566 752 4621 hoc
780 4568 883 4622 isto
911 4567 1062 4632 dicit,
1090 4567 1233 4637 quod
1261 4569 1368 4622 Deo
1395 4568 1759 4634 confitebitur,
1789 4583 1910 4621 cum
1945 4566 2111 4622 fuerit

2222 4567 2401 4621 τούτου
2432 4568 2615 4637 φησὶν,
2642 4568 2721 4620 ὅτι
2756 4567 3206 4638 ἐξομολογήσεται
3237 4566 3315 4633 τῷ
3337 4564 3474 4634 Θεῷ,
3508 4565 3635 4617 ὅταν
3664 4566 3791 4630 ἁγαι

546 4658 772 4713 afl‘ectus
812 4659 1115 4727 beneflciis;
1152 4660 1203 4712 in
1237 4661 1481 4714 adversis
1528 4669 1707 4713 autem
1741 4674 1957 4714 omnem
1988 4673 2113 4727 pro-

549 4751 1110 4819 t’eratblasphemiam.
1141 4752 1273 4806 Nam
1308 4752 1497 4806 relicto
1520 4766 1773 4822 paupere,
1806 4751 1970 4806 Deum
2002 4751 2114 4819 jam

548 4841 871 4909 alloquitur:
908 4845 958 4896 in
989 4845 1375 4914 redarguendis
1400 4844 1604 4897 divitiis
1634 4846 1795 4898 etiam
1831 4845 1931 4900 hoc
1958 4846 2111 4899 adhi-

547 4931 699 4996 bens,
727 4934 871 5001 quod
894 4932 1047 4988 dives
1072 4934 1124 4987 in
1154 4934 1266 4987 sola
1298 4933 1569 5002 opulentia
1596 4933 1704 4989 Deo
1734 4946 1856 5001 agat
1884 4937 2106 5002 gratias,

618 5074 638 5103 ²
680 5071 808 5126 Luc.
843 5087 951 5139 xw,
989 5074 1079 5128 25.

621 5276 733 5347 (20)
770 5276 860 5331 Sic
888 5276 1037 5347 Regii
1064 5276 1293 5347 primus,
1327 5277 1848 5347 secundusptertius
1889 5289 1942 5332 et
1981 5291 2101 5331 sex-

548 5345 653 5412 tus,
704 5362 810 5401 non
868 5345 1025 5401 sectis
1058 5345 1120 5417 ac
1172 5346 1466 5417 Culibertini
1528 5345 1738 5409 tertius,
1789 5348 2023 5417 quintus
2051 5357 2104 5400 et

547 5419 811 5486 septimus
843 5432 962 5470 cum
994 5416 1229 5471 editione
1262 5416 1579 5486 Basileensi.
1631 5416 1819 5471 Editio’
1839 5432 1963 5471 vero
2002 5416 2103 5469 Pa-

550 5485 643 5543 ris.
668 5503 790 5541 cum
836 5486 988 5543 Colb.
1036 5497 1189 5543 sexto
1215 5488 1341 5549 τοὺς
1372 5485 1447 5557 μὴ
1475 5486 1695 5556 ἔχοντας
1720 5527 1735 5550 ,
1781 5504 1882 5543 non
1934 5502 2119 5541 emen-

549 5561 731 5696 ddigi)
769 5626 900 5699 Beg.
945 5630 1133 5682 tertius
1165 5631 1221 5682 ἐν
1254 5631 1318 5699 τῇ
1356 5627 1464 5697 ςωῇ
1502 5626 1686 5699 αὑτοῦ.

646 5698 730 5765 22)
765 5697 854 5767 Sic
880 5701 1115 5767 quinque
1142 5716 1270 5756 mss.
1295 5697 1476 5751 "Deest
1505 5697 1597 5749 καί
1633 5700 1683 5751 in
1715 5697 1890 5753 editis.

646 5708 730 5765 22)
765 5708 854 5749 Sic
880 5708 1115 5767 quinque
1142 5716 1270 5756 mss.
1318 5708 1476 5751 Deest
1505 5708 1597 5749 καί
1633 5715 1683 5751 ιιι
1715 5708 1890 5753 editis.

619 5708 732 5835 (25)
778 5766 867 5820 Sic
902 5785 1029 5822 mss.
1057 5780 1180 5823 octo
1227 5786 1347 5823 cum
1398 5769 1637 5821 editione
1681 5767 1938 5823 Romana.
1975 5770 2111 5823 Editi

554 5850 678 5887 vero
712 5846 761 5889 et
801 5839 950 5890 Colb.
986 5851 1165 5894 sextus
1212 5837 1486 5909 ἁγαθύνῃς
1518 5838 1698 5894 αὐτόν.
1734 5836 1852 5892 Mox
1898 5842 2115 5895 Culbcr-

2221 4655 2479 4727 θύνηταιο
2533 4658 2589 4709 ὲν
2640 4657 2695 4710 δὲ
2752 4660 2861 4720 τοῖς
2918 4658 3321 4726 περιστατικοῖς
3377 4655 3555 4707 πᾶσαν
3598 4654 3790 4723 ἀφίησι

2220 4753 2547 4823 δυσφημίαν.
2584 4753 2916 4806 Καταλιπὼν
2958 4753 3066 4824 γὰρ
3103 4752 3195 4805 τὸν
3236 4751 3478 4819 πένητα.
3522 4748 3660 4819 πρὸς
3700 4749 3791 4800 τὸν

2221 4845 2350 4896 Θεὸν
2387 4844 2485 4915 ἤδη
2530 4847 2761 4898 ποιεῖται
2794 4844 2883 4897 τόν
2922 4845 3108 4913 λόγον’
3152 4846 3208 4896 ὲν
3253 4841 3555 4911 κατηγορίᾳ
3597 4845 3661 4911 τῇ
3698 4840 3789 4892 τοῦ

2218 4936 2446 4987 πλούτου
2478 4934 2589 5006 (24)
2635 4936 3078 5007 παραλαμϐάνων
3123 4938 3217 4989 καὶ
3260 4936 3322 4988 τὺ
3360 4936 3417 4987 ἐν
3461 4937 3528 5004 τῇ
3568 4934 3787 5003 εὐθηνίᾳ

2214 5276 2308 5329 ιίιιί
2349 5286 2535 5331 sextus
2565 5285 2620 5332 et
2654 5277 2917 5344 septimus
2951 5292 3073 5333 cum
3098 5276 3229 5346 Reg.
3264 5276 3423 5331 tertio
3454 5274 3782 5344 ἐξομολογή-

2214 5363 2387 5399 σεται.

2286 5417 2411 5497 (24).
2441 5416 2582 5497 eum
2627 5431 2746 5497 cum
2780 5432 2921 5497 mss:
2952 5434 3055 5497 neu
3090 5417 3276 5484 paucis
3307 5417 3363 5497 ὲν
3388 5416 3693 5497 κατηγορία⁵
3722 5410 3782 5493 τὰ

2225 5471 2317 5540 τού
2352 5471 2603 5539 πλούτου.
2661 5487 2729 5538 At
2777 5471 2962 5541 Cuisl.
2988 5488 3045 5539 ὲν
3080 5471 3378 5557 κατηγορίᾳ
3413 5490 3475 5554 τῇ
3506 5471 3771 5557 τοῦ’πλού;

2224 5574 2339 5611 του.
2368 5557 2725 5627 Combefisius
2748 5571 2812 5609 ex
2840 5558 3041 5627 Catena
3080 5553 3365 5627 legendum
3392 5553 3588 5627 censet
3624 5555 3679 5605 ὲν
3703 5553 3780 5627 τῇ

2227 5626 2530 5697 κατηγορίᾳ
2576 5626 2683 5697 τοῦ(
2720 5626 2948 5679 πλούτου
3003 5646 3016 5681 :
3072 5625 3252 5697 aqua
3285 5626 3591 5697 conjectura
3620 5625 3779 5677 codex

2224 5664 2394 5751 Cuisi.‘
2430 5664 2531 5749 lion
2585 5696 2807 5749 multum
2858 5698 3081 5750 abludit.
3116 5664 3317 5750 Ibidem
3368 5664 3496 5748 έιΙὶιί
3555 5704 3610 5747 et
3655 5706 3777 5745 mss.

2226 5766 2460 5837 nonnulli
2504 5764 2596 5817 καὶ
2621 5767 2678 5818 τὸ
2706 5768 2763 5818 ὲν
2793 5770 2881 5837 τῇ.
2936 5767 3037 5821 Alii
3072 5769 3292 5835 quidam
3328 5781 3457 5818 mss.
3491 5766 3585 5817 καὶ
3631 5761 3780 5816 τοῦτο

2225 5839 2281 5888 ἐν
2306 5839 2395 5907 τῇ.
2430 5836 2559 5907 Reg.
2586 5848 2810 5904 quartus
2836 5836 2936 5889 καὶ
2970 5838 3124 5890 τοῦτο
3154 5837 3213 5890 τὸ
3253 5839 3309 5891 ἐν
3339 5838 3429 5907 τῇ.
