3978 6410
231 400 334 457 437

1342 393 1627 449 ΗΟΜΙΙΛΑ
1666 393 1735 449 IN
1773 393 2104 450 PSALMUM
2147 393 2379 451 XLVIII.

3374 398 3476 452 458

234 513 373 586 μόνῃ
405 511 744 582 εὐχαριστεῖν
777 509 853 579 τῷ
883 509 1020 580 Θεῷ,
1066 507 1528 580 σκυθρωποτέρων
1557 508 1612 562 δέ
1649 527 1808 562 τινων

1932 523 2012 563 nec
2057 509 2288 579 amplius
2327 512 2466 564 idem
2506 519 2854 579 permaneat,
2892 511 2979 564 ubi
3019 527 3104 566 res
3149 511 3342 580 aliqua
3378 513 3474 562 tri-

231 605 632 680 περιστάντων,
680 603 876 674 μηκέτι
917 602 1007 656 τὸν
1042 602 1200 655 αὐτὸν
1231 603 1524 672 διαμένειν.
1561 604 1810 658 Τοιοῦτον

229 701 342 768 γάρ
365 700 482 751 ἐστι
513 697 606 751 καὶ
631 695 691 749 τὸ
719 696 812 749 τοῦ
835 695 1080 748 διαϐόλου
1107 696 1185 758 εἰς
1213 696 1550 767 κατηγορίαν
1577 713 1813 769 προσφε-

236 794 465 865 ρόμενον
506 790 584 863 τῷ
611 790 724 862 (25)
771 789 910 854 Ἰὼϐ,
945 791 1027 843 ὅτι
1082 791 1142 842 οὐ
1194 789 1403 861 δωρεὰν
1442 790 1658 845 σέϐεται
1692 790 1811 843 Ἰὼϐ

232 886 324 940 τὸν
353 883 581 956 Κύριον,
607 881 745 938 ἀλλὰ
777 881 964 954 μισθὸν
987 881 1097 953 ἔχει
1117 883 1214 953 τῆς
1243 882 1521 946 εὐσεϐείας
1537 883 1629 937 τὸν
1652 882 1814 936 πλοῦ-

232 995 327 1031 τον
346 1018 362 1041 ,
393 977 490 1029 καὶ⁵
514 975 582 1028 τὰ
603 974 786 1032 λοιπά.
813 976 902 1030 Διὸ
933 977 1024 1030 καὶ
1057 979 1134 1040 εἰς
1159 977 1430 1042 ἀπόδειξιν
1462 978 1560 1049 τῆς
1594 978 1688 1031 τοῦ
1721 980 1813 1032 ἁν-

232 1068 361 1139 δρὸς
405 1067 605 1137 ἀρετῆς
639 1065 954 1136 ἐγύμνωσεν
989 1065 1150 1121 αὐτὸν
1184 1069 1212 1120 6
1246 1068 1376 1132 Θεὸς
1417 1061 1492 1122 ὧν
1525 1063 1689 1140 εἶχεν,
1727 1068 1814 1122 ἵνα

231 1158 324 1212 διὰ
366 1158 586 1212 πάντων
628 1157 862 1228 διαφανῇ
902 1157 962 1210 τὸ
1009 1157 1144 1228 πρὸς
1183 1158 1313 1212 Θεὸν
1354 1158 1676 1230 εὐχάριστον
1719 1158 1813 1212 τοῦ

232 1250 549 1323 ἀνθρώπου.

309 1353 398 1406 ll.
435 1351 778 1419 Εἰσελεύσιῃ
804 1351 915 1423 (26)
943 1352 1052 1418 ἕως
1085 1351 1291 1421 γενεᾶς
1313 1352 1581 1422 πατέρων
1605 1353 1811 1408 αὐτοῦ.

234 1439 407 1516 Οἶμαι
441 1443 619 1513 λέγειν
650 1444 779 1515 περὶ
811 1443 904 1498 τοῦ
933 1446 1279 1518 ἀμαρτωλοῦ,
1306 1447 1390 1500 ὅτι
1417 1447 1667 1501 τοσοῦτον
1697 1449 1817 1501 ὲπι-

233 1535 496 1606 γινώσκει
524 1536 654 1589 Θεὸν
680 1536 814 1607 (27),
842 1538 968 1591 ὅσον
995 1540 1027 1610 ἡ
1053 1538 1160 1591 τῶν
1188 1539 1437 1610 πατέρων
1479 1539 1644 1593 αὐτοῦ
1696 1558 1817 1594 συν-

235 1628 398 1699 ήθεια
420 1629 790 1699 παραδέδωκε·
821 1632 885 1701 τῇ
917 1630 973 1683 δὲ
1007 1631 1184 1703 οἰκείᾳ
1215 1631 1308 1684 τοῦ
1342 1634 1557 1704 φρονεῖν
1591 1633 1816 1705 δυνάμει

233 1719 390 1773 οὐδὲν
425 1720 586 1774 πλέον
620 1723 980 1792 προσκτᾶται,
1006 1723 1126 1776 οὐδὲ
1152 1724 1503 1796 προστίθησιν
1528 1727 1704 1798 ἐαυτῷ
1738 1731 1818 1794 εἰς

236 1811 338 1882 τὴν
370 1811 472 1881 τῆς
506 1811 762 1883 ἀληθείας
810 1813 1125 1882 ἐπίγνωσιν.
1176 1814 1443 1869 Τοσοῦτον
1487 1813 1615 1882 οὖν,
1652 1820 1815 1889 φησὶ,

238 1901 520 1973 παραγίνῃ
556 1903 643 1968 σὺ,
676 1905 704 1954 6
735 1903 887 1968 Θεὸς,
930 1905 1026 1958 καὶ
1052 1906 1289 1977 τοσαύτη
1325 1908 1473 1961 ἐστὶν
1510 1908 1568 1961 έν
1599 1909 1747 1980 αὐτῷ
1788 1912 1820 1981 ἡ

240 1993 372 2063 περὶ
401 1991 495 2047 σοῦ
523 1992 722 2058 ἔννοια,
754 1995 852 2065 ὅση
882 1996 940 2048 ὲν
964 1998 1032 2067 τῇ
1053 1998 1217 2068 γενεᾷ
1240 1997 1348 2050 τῶν
1378 1999 1630 2070 πατέρων
1655 2001 1819 2054 αὐτοῦ

240 2085 479 2156 ὑπῆρχε.
527 2085 639 2138 Καὶ
681 2086 913 2139 ἐνταῦθα
959 2087 1020 2140 τὸ
1067 2088 1234 2158 ἀργὸν
1281 2089 1415 2143 πολὺ
1455 2090 1555 2160 τῆς
1585 2090 1823 2156 διανοίας

219 2174 338 2228 καὶ
370 2175 490 2230 ὅλον
527 2176 713 2246 γήϊνον
747 2178 840 2231 καὶ
879 2177 1206 2250 φιλόσαρκον
1238 2179 1330 2232 τοῦ
1378 2182 1437 2234 ὲν
1481 2181 1694 2254 πλούτῳ
1728 2184 1823 2238 καὶ

239 2271 419 2340 ’τρυφῇ
456 2269 778 2340 κυλιομένου
807 2272 1128 2343 παρίστησι,
1157 2275 1251 2327 καὶ
1276 2273 1370 2326 τοῦ
1402 2275 1541 2347 ὑπὲρ
1565 2275 1670 2329 τῶν
1697 2276 1823 2346 βιω-

239 2360 406 2414 τικῶν
446 2361 724 2432 μεριμνῶν
755 2364 1266 2435 καταπεπνιγμένον
1299 2365 1389 2419 τὸν
1430 2367 1553 2419 νοῦν
1588 2368 1821 2438 ἔχοντος.

239 2455 344 2508 Διὰ
374 2455 549 2510 τοῦτο
573 2456 687 2521 ἕως
713 2455 928 2523 αἰῶνος
949 2460 1060 2514 οὐκ
1089 2459 1298 2529 ὄψεται
1325 2460 1470 2530 φῶς.
1502 2464 1563 2516 Οἱ
1594 2465 1700 2535 γὰρ
1729 2482 1824 2517 τυ-

242 2546 395 2614 φλοῖς
427 2545 770 2611 διδασκάλοις
803 2547 901 2619 τὴν
935 2549 1157 2619 ὁδηγίαν
1186 2553 1394 2606 ἑαυτῶν
1432 2555 1824 2625 ἐπιτρέψαντες

241 2639 546 2711 ἐστέρησαν
603 2641 829 2705 ἑαυτοὺς
889 2641 989 2712 τῆς
1045 2643 1139 2696 τοῦ
1202 2645 1378 2714 φωτὸς
1448 2647 1818 2713 ἀπολαύσεως.

245 2728 398 2799 Ἔχει
423 2729 479 2782 δὲ
512 2728 623 2800 (28)
657 2729 750 2783 καί
781 2746 904 2783 τινα
936 2731 1175 2788 τοιοῦτον
1207 2736 1330 2789 νοῦν
1368 2737 1452 2802 τὸ,
1483 2739 1824 2810 Εἱσελεύσῃ

241 2822 354 2886 ἕως
382 2821 589 2892 γενεᾶς
616 2823 888 2892 πατέρων
919 2826 1126 2884 αὐτοῦ.
1163 2829 1440 2895 Τουτέστι,
1475 2831 1602 2896 τοὺς
1629 2835 1687 2886 ὲν
1727 2852 1826 2888 πο-

244 2912 396 2984 νηρῷ
439 2913 535 2983 βίῳ
574 2913 668 2966 καὶ
697 2914 928 2986 δόγμασι
967 2917 1214 2989 πατρίοις
1257 2921 1383 2989 μὲν,
1430 2922 1724 2994 ἀλλοτρίως
1767 2924 1824 2978 δὲ

245 3003 428 3073 ἔχουσι
454 3003 589 3074 πρὸς
622 3003 719 3076 τὴν
754 3006 1058 3072 εὐσέϐειαν,
1091 3010 1538 3081 καταληφθέντας
1569 3014 1700 3085 (29),
1727 3017 1827 3071 οὐκ

247 3093 446 3156 αὐτοὺς
486 3094 720 3158 ἐκδικεῖς
754 3095 934 3166 μόνον,
963 3098 1098 3152 ἀλλὰ
1127 3102 1222 3153 καὶ
1253 3101 1380 3166 τοὺς
1411 3103 1689 3176 ἀρχηγοὺς
1718 3106 1825 3160 τῶν

251 3179 543 3250 μοχθηρῶν
573 3181 916 3254 διδαγμάτων
949 3186 1250 3259 ἐπιζητεῖς.
1295 3191 1405 3244 Καὶ
1437 3193 1593 3248 τοῦτό
1623 3198 1738 3249 ἐστι
1766 3196 1826 3249 τὸ

249 3272 538 3341 λεγόμενον
573 3275 682 3343 (30)
706 3293 722 3306 ·
763 3281 1101 3350 Εἰσελεύσῃ
1148 3281 1259 3349 ἓως
1304 3283 1514 3352 γενεᾶς
1559 3288 1829 3359 πατέρων

248 3367 456 3420 αὑτοῦ.
493 3369 566 3420 Οὐ
595 3369 704 3440 γὰρ
731 3371 893 3440 μόνον
924 3373 952 3424 6
979 3373 1220 3445 πονηρὰς
1251 3376 1390 3446 ἔχων
1419 3380 1545 3451 περὶ
1573 3381 1708 3436 Θεοῦ
1739 3384 1826 3436 ὲν-

250 3456 400 3520 νοίας
422 3458 689 3523 ὑπαίτιος,
716 3459 852 3515 ἀλλὰ
869 3463 963 3516 καὶ
989 3465 1016 3516 6
1039 3462 1245 3518 τούτων
1268 3467 1404 3536 πρὸς
1431 3467 1528 3538 τὴν
1552 3470 1829 3525 ἀπώλειαν

251 3547 454 3618 ταύτην
482 3549 956 3623 καθηγησάμενος.
1001 3555 1244 3608 Τοιοῦτοι
1279 3558 1336 3610 δὲ
1373 3559 1421 3610 οἱ
1457 3561 1550 3612 καὶ
1572 3561 1670 3634 τὴν
1697 3581 1829 3634 προ-

252 3640 427 3708 γόνων
454 3643 654 3696 κακίαν
681 3644 1072 3716 διαδεξάμενοι,
1097 3649 1190 3703 καὶ
1217 3649 1568 3706 δυσέκνιπτον
1591 3655 1826 3724 ἔχοντες,

251 3731 340 3784 διὰ.
378 3732 440 3784 τὸ
480 3735 680 3805 χρονίῳ
720 3736 831 3789 ἔθει
863 3736 1247 3809 βεϐαιωθῆναι.
1280 3743 1433 3809 ’Ἐως
1475 3743 1687 3812 αὶῶνος
1719 3750 1829 3802 οὐκ

255 3822 465 3892 ὄψεται
488 3825 632 3894 φῶς.
663 3828 976 3898 Πέμπονται
999 3831 1107 3903 γὰρ
1133 3836 1236 3900 Εἰς
1259 3833 1325 3887 τὸ
1351 3838 1572 3904 σκότος
1600 3841 1663 3892 τὸ
1690 3836 1836 3906 ἐξώεέ

256 3930 430 3980 τερον
448 3932 460 3943 ο
490 3915 619 3968 ἐκεῖ
639 3915 810 3971 ἔσται
841 3921 873 3972 ό
913 3921 1220 3989 κλαυθμὸς
1251 3924 1345 3976 καὶ
1371 3927 1403 3977 ὀ
1418 3926 1690 3996 βρυγμὸς
1713 3929 1834 3984 τῶν

257 4007 552 4059 ὀδόντωνο
604 4009 699 4062 καὶ
744 4008 901 4063 τοῦτο
934 4012 1075 4066 κατὰ
1106 4011 1204 4084 τὴν
1238 4014 1454 4070 δικαίαν
1502 4017 1681 4089 κρίσιν
1729 4019 1823 4073 τοῦ

257 4097 393 4151 Θεοῦ
423 4098 803 4169 ὑπομένουσιν,
835 4103 1021 4175 ἐπειδὴ
1057 4107 1114 4157 έν
1145 4104 1222 4176 τῷ
1258 4105 1358 4177 βίῳ
1389 4109 1582 4180 τούτῳ,
1615 4111 1702 4166 διὰ
1735 4112 1828 4166 τοῦ

256 4187 327 4242 τὰ
355 4189 535 4258 φαῦλα
567 4191 676 4261 (51)
707 4193 992 4264 πράσσειν,
1041 4196 1272 4266 ἑμίσουν
1301 4198 1362 4251 τὸ
1395 4201 1530 4269 φῶς.
1581 4205 1830 4277 Ἀνθρω-

259 4298 392 4347 πος,
417 4283 488 4336 ἐν
509 4284 646 4354 τιμῇ
671 4283 775 4350 ὢν,
796 4288 867 4340 οὐ
899 4288 1152 4357 συνῆκε·
1181 4294 1685 4364 nuperque-86.175011
1711 4298 1834 4365 τοῖς

261 4374 510 4442 κτήνεσι
542 4377 665 4444 τοῖς
690 4379 987 4448 ἀνοήτοις,
1014 4381 1113 4434 καὶ
1139 4383 1404 4453 ὡμοιώθη
1433 4387 1655 4453 αὐτοῖς.
1698 4390 1832 4460 Σχε-

257 4467 543 4540 τλιαστικὴ
572 4471 605 4540 ἡ
634 4472 803 4542 φωνή.
839 4471 1179 4544 Ἄνθρωπος,
1215 4477 1245 4528 6
1278 4475 1451 4546 βραχύ
1482 4494 1534 4529 τι
1571 4480 1700 4558 παρ’
1731 4481 1832 4550 ἀγ-

333 4621 355 4653 ⁸
393 4622 494 4679 Job
538 4639 572 4685 I,
621 4623 674 4680 9.
755 4628 777 4657 ‘
817 4623 1007 4682 Matth.
1040 4644 1158 4693 vm,
1211 4630 1299 4684 12.
1373 4631 1393 4662 ⁵
1437 4630 1598 4688 Hebr.
1626 4650 1689 4700 Il,
1721 4635 1773 4701 7,
1802 4637 1854 4692 9.

336 4739 666 4818 (25:)“COtIt‘X
723 4738 967 4818 (Danihel.
1016 4755 1135 4818 cum
1187 4743 1353 4818 Coisl.
1384 4747 1831 4818 Attpozpspépsvov

336 4762 449 4808 (20)
486 4762 666 4794 LIMN'X
723 4762 966 4794 bUIlIDel.
1016 4762 1135 4795 cum
1187 4762 1353 4798 LOISI.
1423 4763 1463 4797 π
1500 4763 1527 4798 0

264 4810 363 4882 τῷ.
398 4810 686 4882 Aliquanto
713 4820 836 4878 post
857 4810 1009 4866 Colb.
1037 4813 1242 4879 primus
1264 4814 1354 4866 τὸν
1375 4762 1527 4868 Θενξύ.

337 4880 449 4952 (26)
482 4881 629 4952 Regii
663 4883 976 4952 secundus.
1012 4883 1201 4937 tertius
1231 4893 1286 4938 et
1331 4895 1518 4940 sextus
1557 4898 1610 4941 et
1665 4889 1831 4942 editio

267 4947 439 5004 Basil.
468 4947 772 5023 εἰσελεύσῃ,
808 4951 1054 5023 introibis
1079 4967 1098 5005 :
1127 4967 1288 5023 quam
1321 4957 1646 5022 scripturam
1673 4966 1728 5011 et
1779 4960 1830 5012 hi

269 5032 382 5077 tres
443 5021 660 5075 codices
710 5021 764 5076 et
821 5021 984 5076 editio
1020 5021 1179 5076 Basil.
1231 5024 1284 5077 in
1333 5021 1544 5081 duobus
1581 5030 1715 5082 locis
1748 5044 1833 5083 se—

267 5093 558 5167 quentibus
597 5099 932 5167 constanter_
965 5092 1244 5167 exhibent.
1304 5093 1370 5147 Et
1418 5095 1489 5148 ita
1547 5099 1836 5167 scripsisse

267 5162 670 5232 Basiliumtota
698 5163 966 5218 orationis
1007 5163 1178 5217 series
1220 5173 1406 5232 aperte
1439 5162 1700 5223 ostendit.
1760 5169 1832 5222 lla

266 5247 483 5301 quoque
496 5231 625 5287 olim
656 5231 937 5302 legebatur
953 5234 1092 5302 apud
1112 5241 1221 5289 tres
1245 5231 1589 5302 interpretes,
1612 5249 1834 5293 auctore

269 5300 632 5357 'l‘heOdoreto.
666 5300 735 5355 At
782 5300 1077 5374 Colbertini
1142 5313 1328 5374 sextus
1358 5300 1412 5358 et
1445 5308 1707 5374 septimus
1730 5350 1745 5371 ,
1783 5319 1836 5362 et

271 5375 404 5444 Reg.
451 5383 705 5444 quartus,
752 5383 806 5426 et
833 5371 1006 5444 (Olive
1034 5382 1088 5444 et
1131 5373 1269 5428 LXX
1331 5384 1385 5428 et
1436 5371 1604 5429 editio
1665 5378 1836 5431 Paris.

267 5442 932 5515 εἰσελεύσεται,ἱηινοὶὺίι.
967 5442 1064 5497 Ubi
1117 5445 1436 5506 notandum,
1501 5446 1588 5499 hic
1623 5449 1839 5515 quidem

266 5515 553 5585 iuittltimis
606 5514 776 5585 tribus
809 5514 1087 5585 codicibus
1146 5516 1249 5585 legi
1304 5514 1671 5569 εἰσελεύσεται
1701 5535 1714 5569 :
1747 5519 1840 5573 sed

266 5584 506 5658 ἱιιΐιξιι-ῖιιΔ
531 5583 719 5658 iisdem
739 5583 920 5658 semel
946 5591 1037 5658 aut
1068 5583 1264 5658 iterum
1298 5587 1398 5655 legi
1432 5587 1734 5658 εἰσελεύσῃ.

339 5653 452 5720 (27)
481 5653 570 5706 Ait
602 5654 959 5707 Combelisius
977 5654 1097 5721 Jegi
1131 5657 1272 5709 foedo
1308 5645 1494 5710 errore
1528 5654 1582 5710 iu
1612 5645 1838 5718 Ca't'ena,

265 5724 519 5794 τοσοῦτον
574 5722 926 5791 ἐπιγινώσκει
957 5725 984 5776 6
1014 5723 1167 5786 Θεὸς,
1207 5727 1257 5779 id
1304 5731 1444 5794 quod
1499 5729 1571 5781 ita
1617 5730 1844 5782 reddidit

270 5793 578 5860 Curderius,
631 5794 770 5862 quod
809 5804 1013 5847 tantum
1066 5793 1341 5863 cognoscat
1383 5815 1499 5851 eum
1542 5798 1701 5864 Deus,
1731 5811 1833 5853 etc.

1915 603 2112 657 stiores
2136 605 2452 659 acciderint.
2475 603 2604 659 Tale
2629 605 2771 659 enim
2802 612 2884 659 est
2903 606 3066 658 etiam
3095 603 3223 658 illud
3246 602 3473 666 diaboli,

1915 695 1968 751 iu
2001 699 2244 752 criminis
2271 699 2391 753 loco
2420 697 2688 766 ohjcctum
2725 695 2881 762 Jobo,
2914 697 3057 766 quod
3084 695 3184 751 Job
3212 711 3315 750 non
3351 710 3473 763 gra-

1915 790 1984 844 tis
2012 790 2151 844 colat
2175 789 2463 845 Dominum
2488 791 2530 856 ⁸,
2564 789 2659 846 sed
2683 789 2898 845 divitias
2925 787 3229 843 mercedem
3257 786 3480 857 pietatis

1915 882 2182 947 obtineat,
2218 892 2272 938 et
2311 882 2538 954 reliqua.
2567 881 2775 938 Idcirco
2800 883 2963 938 etiam
2996 882 3060 935 ad
3094 878 3479 936 ostendendam

1915 973 2019 1027 viri
2051 975 2328 1040 virtutem,
2349 989 2470 1027 eum
2502 974 2569 1028 iis
2599 988 2716 1043 qua:
2745 970 3298 1044 possidebatprivavit
3319 969 3479 1033 Deus,

1917 1068 2055 1122 utin
2090 1068 2342 1124 omnibus
2371 1078 2556 1139 gratus
2590 1067 2830 1122 hominis
2861 1067 2913 1121 in
2948 1065 3115 1120 Deum
3151 1063 3366 1118 animus
3397 1062 3481 1116 in-

1918 1169 2244 1216 notesceret.

1988 1343 2074 1399 ll.
2120 1343 2282 1399 Vens.
2316 1342 2405 1396 20.
2431 1341 2680 1398 Introibis
2707 1359 2864 1413 usque
2890 1343 2942 1396 in
2978 1341 3248 1412 progenies
3273 1350 3483 1408 patrum

1918 1436 2100 1504 ipsius.
2138 1436 2300 1506 188
2327 1437 2573 1491 Arbitror
2600 1453 2720 1492 eum
2753 1437 2854 1491 hoc
2879 1438 2944 1490 de
2979 1442 3260 1505 peccatore
3285 1433 3483 1496 dicere,

1919 1527 2059 1599 quod
2079 1537 2284 1582 tantum
2299 1528 2574 1597 cognoscit
2593 1528 2786 1592 Deum,
2804 1536 3064 1598 quantum
3090 1535 3300 1596 patrum
3319 1522 3486 1594 ipsius

1918 1618 2252 1674 consuetudo
2289 1619 2541 1686 tradidit;
2597 1619 2811 1688 propria
2849 1632 2979 1673 vero
3019 1616 3262 1687 sapieudi
3311 1613 3485 1668 facul-

1921 1722 2031 1769 tate
2065 1713 2196 1768 nihil
2236 1713 2469 1782 amplius
2502 1714 2769 1782 acquirit,
2801 1727 2973 1782 neque
3001 1718 3158 1780 parat
3199 1708 3301 1763 sibi
3332 1707 3489 1778 quid-

1920 1821 2083 1876 quam
2135 1805 2203 1860 ad
2237 1805 2481 1859 veritatis
2520 1803 2871 1872 agnitionem.
2909 1801 3138 1856 Tantum
3185 1801 3368 1868 igitur,
3403 1800 3488 1854 in-

1859 1881 1896 1934 Β
1924 1898 2061 1967 quit,
2095 1897 2308 1952 accedis
2337 1905 2412 1960 tu,
2451 1894 2611 1960 Deus,
2647 1905 2702 1949 et
2729 1903 2876 1948 tanta
2901 1891 2951 1948 ei
2983 1892 3051 1947 de
3084 1900 3140 1946 te
3164 1892 3305 1945 inest
3331 1889 3492 1945 intel-

1924 1989 2182 2058 Iigentia,
2252 1997 2453 2056 quanta
2513 1986 2568 2040 in
2622 1984 2973 2058 generatione
3039 1990 3254 2051 patrum
3319 1980 3489 2049 ipsius

1923 2082 2154 2138 exstitit.
2208 2081 2274 2135 Et
2317 2081 2408 2136 hic
2458 2079 2698 2134 animum
2751 2077 2904 2132 valde
2945 2076 3175 2130 inertem
3220 2081 3276 2128 et
3319 2081 3487 2127 totum

1927 2185 2203 2231 terrenum
2248 2189 2311 2228 ac
2345 2171 2496 2229 carni
2543 2172 2818 2226 addictum
2864 2168 3082 2225 exhibet
3109 2166 3251 2235 ejus,
3297 2165 3388 2235 qui
3437 2165 3489 2218 in

1924 2266 2128 2322 divitiis
2165 2265 2484 2334 deliciisque
2509 2263 2806 2326 volutatur,
2839 2277 2902 2316 ac
2929 2270 3166 2314 mentem
3199 2259 3360 2314 habet
3391 2259 3492 2310 hu-

1919 2359 2008 2431 jus
2031 2361 2152 2414 vita!
2178 2356 2324 2411 curis
2352 2355 2692 2411 sull'ocatam.
2724 2352 3059 2423 Quapropter
3079 2367 3245 2422 usque
3266 2350 3321 2404 in
3346 2357 3494 2404 teter-

1925 2465 2050 2502 num
2089 2465 2192 2502 non
2222 2447 2409 2502 videbit
2437 2446 2632 2500 lumen.
2663 2445 2765 2511 Qui
2790 2445 2932 2500 enim
2969 2458 3028 2498 se
3062 2443 3222 2499 caecis
3252 2442 3493 2498 doctori-

1925 2543 2024 2597 bus
2076 2539 2352 2596 ducendos
2390 2537 2797 2602 commiserint,
2843 2534 3166 2604 semetipsos
3207 2531 3344 2587 lucis
3392 2547 3491 2586 usu

1926 2633 2294 2703 privaverunt.
2331 2630 2474 2698 Quin
2496 2638 2550 2685 et
2578 2629 2738 2684 talem
2773 2627 3058 2698 quemdam
3083 2640 3300 2681 sensum
3325 2623 3490 2679 habet

1924 2729 2090 2794 illud,
2138 2727 2390 2783 Introibis
2431 2742 2592 2798 usque
2633 2726 2688 2780 in
2725 2724 2993 2794 progenies
3049 2733 3259 2787 patrum
3303 2722 3490 2791 ipsius.

1929 2820 2040 2878 Hoc
2083 2830 2188 2886 est,
2221 2835 2336 2885 eos,
2368 2819 2459 2888 qui
2508 2819 2563 2872 in
2607 2816 2744 2871 mala
2777 2816 2884 2870 vita
2917 2823 2971 2869 et
3015 2813 3357 2884 dogmatibus
3389 2827 3486 2879 pa-

1927 2914 2096 2968 ternis
2143 2912 2395 2982 quidem,
2454 2908 2550 2964 sed
2599 2922 2627 2961 a
2667 2907 2865 2978 pietate
2912 2905 3123 2972 alienis,
3170 2904 3494 2974 deprehensi

1926 3013 2072 3070 sunt,
2101 3018 2210 3060 non
2245 3001 2527 3059 ulcisceris
2557 3000 2737 3066 modo,
2772 3001 2866 3054 sed
2898 3007 3146 3054 auctores
3173 2997 3338 3051 etiam
3371 3011 3495 3066 pra-

1925 3112 2118 3154 vorum
2145 3097 2455 3164 dogmatum
2495 3093 2750 3162 inquiris.
2785 3093 2963 3162 Atque
2998 3093 3101 3147 hoc
3126 3102 3209 3146 est
3236 3092 3381 3161 quod
3413 3092 3496 3144 di-

1929 3192 2119 3246 citur-z
2156 3189 2407 3244 Inlroibis
2456 3203 2618 3256 usque
2655 3185 2711 3240 in
2745 3186 3018 3256 progenies
3048 3194 3260 3255 patrum
3306 3185 3494 3254 ipsius.

1931 3281 2046 3338 Non
2075 3282 2218 3338 enim
2248 3281 2419 3336 solum
2448 3282 2541 3350 qui
2571 3295 2733 3350 prave
2764 3280 2832 3334 de
2863 3278 2972 3332 Deo
3000 3277 3188 3341 Sentit,
3220 3292 3345 3332 reus
3368 3285 3452 3331 est
3481 3295 3496 3331 ;

1931 3373 2024 3429 sed
2060 3373 2224 3428 etiam
2252 3373 2343 3443 qui
2388 3372 2510 3428 aliis
2551 3373 2619 3427 ad
2665 3372 2808 3427 hanc
2849 3369 3210 3441 perditionem
3263 3369 3493 3439 praeivit.

1931 3467 2207 3538 Ejusmodi
2232 3475 2413 3522 autem
2450 3475 2577 3522 sunt
2603 3473 2658 3521 et
2686 3466 2778 3535 qui
2809 3463 3073 3533 majorum
3104 3461 3496 3532 malignitatem

1931 3573 2260 3629 suscepere:
2301 3573 2443 3627 quae,
2473 3558 2618 3627 quod
2647 3557 2855 3612 diutina
2887 3553 3279 3612 consuetudine
3317 3569 3501 3610 corro-

1932 3652 2120 3707 borata
2153 3659 2256 3714 est,
2297 3648 2401 3704 elui
2439 3649 2524 3703 vix
2559 3658 2755 3718 potest.
2809 3646 2982 3718 Usque
3023 3649 3077 3702 in
3111 3655 3365 3700 wteruum
3398 3661 3502 3698 non

1932 3746 2117 3801 videbit
2137 3744 2333 3798 lumen.
2360 3741 2649 3797 Mittuntur
2674 3741 2818 3795 enim
2846 3738 2913 3794 In
2935 3739 3170 3794 tenebras
3197 3737 3499 3798 exteriores,

1931 3839 2020 3892 ubi
2057 3839 2151 3892 erit
2181 3838 2336 3907 ﬂetus
2376 3848 2423 3890 et
2459 3835 2658 3889 stridor
2683 3831 2990 3896 dentium‘;
3027 3831 3186 3898 idque
3215 3827 3361 3896 justo
3408 3827 3502 3882 Dei

1927 3931 2132 4002 judicio
2161 3931 2457 4000 patiuntur,
2494 3943 2616 3981 cum
2647 3927 2699 3981 in
2734 3927 2834 3980 hac
2870 3925 2977 3978 vita
3023 3923 3166 3978 inter
3211 3921 3349 3975 mala
3405 3936 3503 3990 pa-

1933 4022 2122 4078 tranda
2153 4021 2366 4078 oderint
2394 4019 2593 4074 lumen.
2624 4018 2788 4074 Vens.
2833 4017 2925 4072 2i.
2957 4015 3130 4071 Homo
3160 4032 3280 4069 cum
3317 4015 3370 4068 in
3411 4016 3503 4067 ho-

1936 4133 2063 4170 nore
2101 4126 2254 4182 esset,
2297 4132 2400 4168 non
2440 4113 2732 4176 intellexit;
2776 4120 3112 4180 comparatus
3147 4121 3220 4164 est
3245 4109 3505 4179 jumeutis

1931 4210 2318 4278 insipientibus,
2365 4218 2412 4262 et
2444 4209 2633 4262 similis
2667 4206 2840 4276 factus
2881 4213 2957 4258 est
3015 4204 3141 4258 illis.
3183 4202 3506 4258 Miserabilis

1935 4319 2057 4357 vox.
2099 4303 2290 4366 Homo,
2321 4302 2476 4372 paulo
2496 4300 2700 4372 angelis
2729 4299 3012 4360 inferior“,
3051 4299 3114 4352 de
3147 4312 3254 4366 quo
3277 4307 3332 4350 et
3354 4295 3506 4348 Salo-

1937 4415 2062 4454 mon
2096 4398 2172 4452 ait
2206 4415 2220 4451 :
2258 4397 2507 4468 Magnum
2543 4397 2797 4465 quiddam
2829 4405 2912 4449 est
2954 4395 3135 4454 homo,
3173 4400 3228 4446 et
3267 4405 3354 4445 res
3382 4405 3506 4458 pre-

1942 4493 2076 4548 tiosa
2111 4493 2195 4547 vir
2224 4490 2532 4546 misericors
2553 4489 2573 4520 ⁸
2607 4507 2619 4542 :
2651 4487 2740 4543 hic
2771 4485 2888 4558 ipse
2909 4526 2924 4552 ,
2957 4501 3022 4542 eo
3064 4485 3206 4555 quod
3239 4481 3506 4554 propriam

1931 4644 1952 4676 ο
1975 4638 2132 4693 Prov.
2162 4656 2257 4704 xx,
2287 4636 2339 4690 6.

1941 4751 2054 4824 Iloc
2082 4752 2221 4808 idem
2271 4764 2557 4824 pcccatmn
2608 4764 2662 4808 et
2695 4755 2747 4808 in
2777 4753 3013 4807 editione
3050 4750 3213 4824 Basil.
3237 4757 3290 4803 et
3322 4748 3510 4824 inlic—

1979 4823 2043 4894 iis
2103 4821 2359 4884 secundo,
2399 4826 2558 4879 tertio
2615 4835 2670 4880 et
2717 4833 2911 4894 quarto
2972 4822 3177 4894 pariter
3221 4821 3507 4894 reperitur.

1983 4893 2047 4946 ed
2079 4903 2256 4947 tamen
2279 4896 2604 4961 scripturam
2642 4889 2848 4955 veram,
2882 4889 3133 4946 τοσοῦτον
3159 4889 3510 4961 ἐπιγινώσκει

1941 4962 2092 5020 Θεόν.
2134 4973 2354 5018 tuentur
2389 4957 2499 5018 tum
2527 4965 2695 5020 editio
2722 4963 3066 5025 Parisiensis,
3102 4973 3213 5014 tum
3247 4957 3510 5013 Colberti-

1940 5033 1994 5086 ui
2022 5032 2264 5100 quintus.
2287 5042 2473 5088 sextus
2503 5044 2559 5087 et
2597 5036 2875 5102 septimus.
2911 5033 3109 5086 Ibidem
3142 5029 3504 5102 editiogllnsil.

1938 5113 1994 5156 et
2020 5099 2169 5171 Regii
2206 5105 2502 5164 secundus,
2533 5099 2723 5158 tertius
2750 5114 2804 5158 et
2839 5112 3068 5170 quartus
3089 5117 3215 5156 cum
3243 5099 3404 5153 Coisl.
3429 5099 3510 5149 ὅτι

1932 5175 1994 5243 τῇ
2026 5173 2133 5244 τῶν
2154 5175 2419 5244 ⁸πατέρων
2445 5175 2612 5227 αὐτοῦ
2647 5175 2905 5244 συνηθείᾳ
2934 5172 3315 5244 παραδέδοται.

2006 5243 2118 5318 (εξξ)
2145 5241 2244 5318 Sic
2268 5241 2412 5318 mss:
2437 5257 2666 5312 septem.
2703 5241 2951 5299 Αιὲεειδέ
2976 5241 3044 5296 ab
3077 5244 3258 5297 editis.

2004 5305 2124 5385 (29),
2157 5314 2334 5368 Editio
2382 5305 2544 5368 Basi'l.
2576 5327 2632 5368 et
2674 5325 2907 5385 quatuor
2940 5328 3068 5385 mss.
3123 5305 3512 5376 καταλειφθέν-

1938 5401 2054 5447 τας.
2091 5384 2266 5438 Editio
2321 5400 2447 5438 vero
2486 5385 2659 5438 Paris.
2694 5384 2824 5440 cum
2877 5384 3033 5440 Colb.
3067 5385 3256 5452 quinto
3304 5391 3356 5432 et
3389 5395 3508 5430 cum

1942 5455 2086 5526 (leg.
2102 5465 2266 5526 sexto
2294 5455 2757 5526 καταληφθέντας.

2009 5517 2120 5596 (50)
2155 5524 2301 5596 Regii
2334 5517 2529 5580 tertius"
2552 5537 2605 5580 et
2651 5517 2874 5594 «manus
2909 5523 3227 5596 λεγόμενον
3254 5522 3356 5575 ὅτι.
3392 5517 3514 5596 διας

1941 5594 2033 5649 tim
2085 5594 2449 5680 Reg—tertius
2496 5596 2633 5650 ἀλλὰ
2659 5597 2752 5649 καὶ
2791 5595 3054 5651 ὁτούτου.
3092 5594 3230 5648 Editi
3265 5603 3316 5645 ct
3358 5594 3516 5645 multi

1942 5682 2068 5720 IIISS.
2092 5684 2298 5720 τουτων
2311 5708 2320 5719 .

2011 5738 2123 5806 (3|)
2154 5739 2281 5809 εἶρε.
2311 5739 2503 5794 tertius
2528 5738 2613 5792 διὰ
2648 5736 2704 5790 τὸ
2737 5735 2801 5789 τὰ
2839 5734 3035 5804 φαῦλα.
