3978 6410
493 404 600 460 459

1858 403 1916 460 S.
1957 403 2041 457 BA
2051 401 2199 458 SlLll
2235 400 2445 458 MAGNI

3644 404 3749 456 460

491 534 598 572 nou
643 517 883 585 percepit
922 512 1268 587 dignitatem,
1312 517 1407 571 sed
1453 515 1632 572 carnis
1681 516 2061 586 cupiditatibus

2165 516 2354 586 γέλους
2395 514 2737 578 ἐλαττωθεὶς,
2787 517 2916 585 περὶ
2952 508 3012 570 οῦ
3058 515 3150 570 καὶ
3195 517 3222 570 ὁ
3263 516 3514 587 Σολομῶν
3568 535 3746 586 φησι·

491 608 804 672 succubuit,
835 606 1186 677 Comparatus
1218 621 1295 663 est
1315 609 1571 678 jumentis
1601 609 1984 678 insipientibus,
2011 621 2059 665 et

490 699 678 752 similis
705 698 879 767 [actus
903 708 979 753 est
1007 699 1134 752 illis.

2166 609 2324 677 Μέγα
2362 607 2676 680 ἄνθρωπος,
2711 606 2807 660 κοιλ¹
2849 606 3028 678 τίμιον
3074 609 3215 680 ἀνὴρ
3257 610 3541 681 ἐλεήμων
3585 603 3748 672 οὗτος

2164 703 2251 756 διὰ
2284 701 2345 755 τὸ
2385 703 2458 773 μὴ
2491 702 2845 772 αίσθανθῆναι
2886 702 2982 756 τοῦ
3016 703 3218 757 οίκείου
3255 704 3591 775 ἀξιώματος,
3631 703 3745 757 ἀλλ’

487 790 765 863 ὑποκῦψαι
805 795 919 857 τοῖς
957 793 1153 846 πάθεσι
1182 795 1283 864 τῆς
1323 793 1546 866 σαρκὸς,
1583 794 2100 864 Παρασυνεϐλήθη
2129 797 2252 864 τοῖς
2280 797 2532 864 κτήνεσι
2557 796 2681 862 τοῖς
2715 797 3015 864 ἀνοήτοις,
3052 797 3151 853 καὶ
3171 797 3430 867 ὡμοιώθη
3471 797 3708 863 αὐτοῖς.

933 1051 998 1106 IN
1041 1051 1374 1108 PSALMUM
1420 1050 1553 1107 LIX.

561 1150 612 1202 l.
647 1146 778 1202 Cum
803 1154 1039 1200 vestram
1066 1144 1130 1198 ad
1159 1143 1483 1198 audiendum
1507 1143 1866 1205 alacritatem.
1901 1160 2051 1199 mea-

489 1253 716 1308 rumque
739 1237 930 1289 virium
961 1233 1288 1288 debilitatem
1313 1234 1547 1298 intueor,
1573 1234 1872 1290 similitudo
1899 1235 2050 1303 pueri

489 1329 786 1399 cujuspiam
814 1326 1052 1379 animum
1078 1325 1254 1378 subit:
1289 1325 1378 1392 qui
1409 1324 1624 1394 quidem
1649 1324 1758 1392 jam
1786 1325 2057 1380 robustior

489 1432 594 1484 est,
635 1420 862 1475 necdum
903 1425 1086 1471 tamen
1131 1431 1160 1469 a
1198 1415 1332 1470 lacte
1367 1415 1616 1484 depulsus
1647 1415 1766 1480 luit,
1803 1417 1895 1470 sed
1935 1431 2051 1470 ma-

489 1526 700 1568 ternam
755 1509 1044 1565 mamillam
1089 1523 1198 1577 prae
1244 1506 1558 1560 inﬁrmitate
1603 1505 1930 1560 exsiccatam
1979 1505 2058 1560 di-

486 1615 688 1660 vcxat:
733 1603 818 1660 cui
862 1615 1055 1666 mater,
1088 1601 1250 1654 etiam
1287 1599 1331 1654 si
1367 1598 1542 1653 siccos
1571 1597 1728 1653 lactis
1758 1596 1934 1652 fontes
1963 1597 2059 1652 ha-

487 1698 619 1752 bere
666 1711 725 1750 se
769 1694 1003 1756 sentiat,
1048 1692 1175 1761 quia
1225 1701 1404 1743 tamen
1447 1689 1682 1744 trahitur
1729 1697 1784 1742 et
1828 1689 1896 1743 ab
1943 1688 2060 1757 ipso

489 1789 792 1852 vellicalur,
828 1800 1116 1840 mammam
1167 1782 1426 1852 porrigit;
1479 1796 1581 1834 non
1628 1790 1686 1834 ut
1727 1779 1930 1835 nutriat
1979 1779 2061 1833 in-

490 1882 715 1941 fantem,
758 1877 850 1931 sed
908 1885 966 1929 ut
1001 1875 1178 1944 ipsum
1237 1872 1524 1941 eiulantem
1593 1871 1764 1926 sedet.
1833 1871 1899 1924 Et
1942 1869 2063 1939 qui-

2475 1054 2583 1106 ΕΙΣ
2620 1053 2758 1108 TON
2787 1054 2906 1123 (ΝΘ
2943 1055 3238 1109 ΨΑΛΜΟΝ
3284 1057 3417 1126 (52).

2232 1142 2283 1198 1.
2309 1144 2452 1215 Πρὸς
2475 1145 2535 1197 τὸ
2564 1143 2840 1215 πρόθυμον
2855 1147 3138 1218 ἀφορῶντα
3149 1148 3247 1217 τῆς
3265 1148 3739 1220 ὑμετέραςάκοῆς,

2165 1237 2260 1290 καὶ
2291 1237 2352 1290 τὸ
2376 1237 2474 1306 τῆς
2499 1235 2735 1306 ὲμαυτοῦ
2759 1237 3037 1308 δυνάμεως
3061 1237 3303 1301 ἀσθενὲς,
3329 1240 3538 1310 ὑπῆλθέ
3565 1245 3638 1312 μέ
3661 1261 3742 1306 τις

2163 1329 2324 1382 εἰκὼν
2353 1329 2563 1382 παιδίου
2588 1328 2974 1399 νεανικωτέρου
2997 1327 3199 1388 λοιπόν,
3221 1328 3369 1382 οὔπω
3393 1331 3579 1401 μέντοι
3607 1335 3744 1386 ἀπο-

2161 1422 2690 1492 γεγαλακτισμένου,
2725 1419 3059 1492 διοχλοῦντος
3099 1421 3156 1474 δὲ
3200 1422 3311 1491 (55)
3340 1422 3437 1493 τὴν
3473 1425 3743 1495 μητρῴαν

2157 1513 2333 1586 θηλὴν
2378 1513 2470 1568 ὑπ’
2505 1515 2817 1586 ἀρρωστίας
2849 1514 3266 1585 κατεψυγμένην
3289 1531 3301 1546 ’
3403 1519 3507 1570 κᾶν
3546 1519 3741 1571 αἰσθά-

2155 1621 2317 1676 νηται
2346 1607 2379 1675 ἡ
2420 1605 2601 1677 μήτηρ
2646 1604 2814 1676 ξηρὰς
2854 1605 3049 1676 ἔχουσα
3090 1607 3188 1670 τὰς
3222 1609 3403 1679 πηγὰς
3434 1609 3531 1662 τοῦ
3565 1611 3740 1677 γάλα-

2157 1715 2318 1762 κτος,
2379 1698 2642 1770 ἑλκομένη
2712 1697 2808 1751 καὶ
2881 1699 3300 1769 σπαρασσομένη
3376 1702 3510 1770 παρ’
3567 1701 3739 1752 αὐτοῦ

2154 1792 2247 1845 τὸν
2295 1790 2466 1862 μαζὸν
2515 1789 2852 1843 ἐπιδίδωσιν·
2895 1790 2993 1861 οὐχ
3044 1791 3130 1842 ἵνα
3184 1791 3355 1861 θρέψῃ
3410 1792 3469 1844 τὸ
3519 1795 3736 1864 νήπιον.

2159 1880 2276 1934 ἀλλ’
2317 1880 2404 1935 ἵνα
2456 1878 2640 1952 παύσῃ
2691 1876 3242 1950 κλαυθμυριζόμενον.
3294 1881 3402 1932 Καὶ
3450 1881 3635 1933 τοίνυν
3693 1885 3738 1934 εξ

488 1975 611 2025 dem
662 1967 878 2023 tametsi
919 1943 1065 2021 vires
1131 1975 1330 2020 nostra:
1392 1964 1548 2033 longa
1621 1963 1783 2033 189
1834 1961 1938 2016 hac
1996 1976 2058 2016 ac

2165 1972 2253 2025 καὶ
2284 1971 2352 2024 τά
2379 1943 3106 2042 ἡμέτερανκατεξηραμμέννα
3132 1972 3196 2040 τῇ
3229 1972 3411 2041 μακρᾷ
3439 1971 3612 2041 ταύτῃ
3646 1973 3737 2024 καὶ

488 2062 640 2116 varia
707 2060 948 2127 corporis
995 2058 1314 2128 aagritudine
1357 2065 1715 2120 exaruerunt,
1784 2053 2059 2108 nihilomi-

492 2167 596 2206 nus
666 2160 843 2204 tamen
903 2159 1104 2219 priesto
1175 2156 1304 2203 sunt
1379 2147 1564 2212 vobis,
1627 2160 1730 2201 non
1783 2146 2058 2200 miniatra-

493 2256 628 2298 tum
675 2242 895 2296 delicias
948 2240 1197 2304 eximias,
1235 2238 1329 2294 sed
1388 2241 1530 2308 quod
1592 2246 1862 2307 utcunque
1908 2237 2059 2292 vobis

490 2333 808 2388 satisfacere
848 2332 1018 2401 possit
1051 2348 1065 2384 :
1098 2328 1543 2399 quippe'amoris
1580 2327 1746 2382 vestri
1793 2326 2060 2394 magnitu-

490 2425 604 2480 dini
651 2425 784 2478 satis
820 2433 921 2488 est,
953 2423 997 2477 si
1035 2421 1115 2477 vel
1155 2421 1266 2476 sola
1319 2433 1447 2476 voce
1491 2419 1814 2474 desiderium
1868 2419 1920 2473 in
1974 2432 2058 2472 me

490 2526 734 2570 vestrum
771 2515 1023 2570 leniatur.
1055 2513 1332 2568 Salutetur
1377 2513 1539 2582 igitur
1569 2512 1665 2566 Dei
1707 2511 1963 2573 Ecclesia,
1995 2525 2056 2564 ac

489 2609 672 2661 dicere
707 2607 878 2661 discat
911 2605 1052 2675 quod
1085 2605 1241 2659 modo
1272 2604 1583 2674 legebamus
1616 2623 1629 2657 :
1660 2604 1821 2659 Vens.
1854 2603 1941 2656 15.
1974 2601 2056 2656 Da

490 2700 640 2755 nobis
676 2700 939 2755 auxilium
964 2700 1028 2752 de
1052 2697 1388 2753 tribulatione
1420 2713 1438 2752 :
1464 2707 1512 2751 et
1542 2713 1678 2751 vana
1707 2696 1850 2750 salus
1887 2695 2056 2749 homi-

492 2793 592 2846 uis.
636 2791 813 2858 Quare
857 2791 1102 2846 fortassis
1149 2805 1216 2846 ne
1261 2790 1473 2846 causari
1513 2790 1726 2859 quidem
1769 2787 2056 2842 inlirmita~

491 2892 601 2936 tem
636 2882 766 2937 sinit
805 2881 995 2952 psalmi
1032 2881 1295 2936 sententia
1326 2899 1339 2934 :
1370 2879 1637 2950 siquidem
1675 2877 1912 2944 alllictio,
1951 2893 2055 2932 non

492 2973 789 3028 debilitatis
837 2983 1128 3042 praeteritus
1177 2972 1428 3026 auxilium
1473 2985 1738 3041 opemque
1779 2969 2054 3025 conciliat.

494 3066 599 3135 Qui
640 3081 770 3136 ergo
817 3073 942 3119 sunt
985 3063 1182 3133 repulsi
1236 3065 1304 3118 ob
1343 3073 1589 3134 peccata,
1623 3078 1686 3118 ac
1732 3063 1923 3117 deinde
1961 3061 2056 3117 Dei

495 3159 866 3214 misericordia
901 3172 1087 3211 rursus
1125 3156 1366 3217 admissi,
1398 3155 1462 3209 iis
1496 3155 1659 3210 fuerit
1699 3164 2055 3224 opportunqu

2159 2061 2377 2132 ποικίλῃ
2437 2060 2530 2113 τοῦ
2579 2058 2826 2130 σώματος
2877 2061 3176 2132 ἀρρωστίᾳ,
3236 2063 3383 2132 ὅμως
3445 2065 3740 2134 πρόκειται

2159 2153 2308 2223 ὑμῖν,
2349 2151 2448 2204 οὐκ
2491 2151 2789 2203 ἀπόλαυσιν
2835 2150 3130 2219 ἀξιόλογον,
3173 2152 3306 2206 ἀλλά
3361 2153 3739 2226 πληροφρίαν

2157 2241 2279 2296 τινὰ
2316 2243 2685 2314 παρεχόμενα,
2739 2243 2871 2297 διότι
2915 2244 3015 2314 τῆς
3044 2243 3262 2314 ἀγάπης
3291 2246 3443 2315 ὑμῶν
3474 2249 3536 2300 τὸ
3563 2251 3738 2320 ὑπερ-

2157 2334 2348 2388 ϐάλλον
2379 2335 2627 2404 ἀρκεῖται
2665 2335 2759 2386 καὶ
2785 2331 2920 2408 μόνῃ
2947 2338 3013 2407 τῇ
3048 2339 3195 2407 φωνῇ
3233 2336 3321 2390 τὸν
3353 2337 3438 2404 ἐφ’
3468 2340 3604 2409 ἡμῖν
3637 2341 3736 2392 πό-

2157 2425 2247 2479 θον
2278 2424 2389 2494 (54)
2439 2425 2838 2495 καταπραῧναι.
2887 2428 3271 2498 Προσειρήσθω
3317 2429 3492 2482 τοίνυν
3549 2434 3584 2502 ὴ
3642 2433 3735 2484 τοῦ

2156 2517 2291 2570 Θεοῦ
2340 2515 2652 2586 Ἐκκλησία,
2677 2519 2773 2570 καὶ
2803 2518 3132 2572 διδασκέσθω
3161 2519 3336 2587 λέγειν
3362 2522 3497 2593 ὅπερ
3530 2523 3737 2593 ἀρτίως

2157 2607 2440 2678 ἐλέγομεν·
2466 2607 2577 2674 Δὸς
2603 2608 2746 2678 ἡμῖν
2771 2610 3060 2676 βοήθειαν
3093 2613 3160 2665 ἐκ
3186 2615 3464 2681 θλίψεως,
3495 2616 3596 2668 καὶ
3622 2634 3737 2684 μα·-

2155 2699 2290 2752 sala
2307 2700 2566 2767 σωτηρία
2589 2698 2919 2767 ἀνθρώπου.
2948 2702 3105 2754 Ὥστε
3131 2703 3267 2773 τάχα
3292 2705 3409 2756 οὐδὲ
3431 2705 3492 2758 τὸ
3521 2724 3735 2778 1190;19-

2159 2790 2401 2856 σίζεσθαι
2433 2791 2744 2863 ἀρρωστίαν
2775 2793 2905 2862 ἡμῖν
2936 2793 2970 2862 ή
2995 2793 3088 2846 τοῦ
3121 2794 3333 2865 ψαλμοῦ
3360 2796 3570 2850 διάνοια
3604 2815 3735 2864 συγ-

2157 2885 2340 2955 χωρεῖ,
2369 2884 2526 2955 είπερ
2559 2885 2590 2956 ἡ
2627 2883 2802 2954 θλίψις
2843 2884 3093 2954 βοηθείας
3142 2887 3416 2958 πρόξενος,
3466 2889 3582 2942 ἀλλ’
3629 2892 3734 2943 οὐκ

2159 2975 2442 3040 ἀσθενείας
2487 2977 2636 3030 ἐστὶν
2683 2977 2926 3048 ἀφορμή.
2975 2979 3098 3041 Τοῖς
3129 2975 3220 3032 οὖν
3262 2981 3606 3052 ἀπωσμένοις
3640 2983 3732 3036 se:

2157 3068 2254 3132 τὰς
2283 3069 2577 3140 ἁμαρτίας,
2602 3063 2718 3122 εἶτα
2737 3068 2824 3121 διὰ
2847 3069 3250 3140 φιλανθρωπίαν
3275 3071 3405 3124 Θεοῦ
3430 3073 3542 3143 (55)
3568 3073 3734 3125 πάλιν

2158 3157 2561 3228 προσδεχθεῖσιν
2623 3157 2875 3230 εὔκαιρον
2917 3157 3125 3226 λέγειν’
3186 3161 3237 3211 Ὁ
3297 3161 3460 3227 Θεὸς,
3508 3161 3734 3216 ἀπώσω

495 3253 677 3305 dicere
710 3269 724 3304 :
760 3251 922 3306 Vsus.
954 3249 1008 3304 5.
1049 3248 1212 3312 Deus,
1248 3247 1481 3316 repu-listi
1514 3263 1629 3307 nos.
1660 3256 1707 3300 et
1752 3247 2056 3301 destruxisti

2165 3246 2334 3316 ἡμᾶς,
2369 3247 2467 3300 καί
2496 3248 2767 3315 καθεῖλες
2807 3249 2995 3320 ἡμᾶς·
3044 3250 3358 3321 ὠργίσθης,
3404 3254 3498 3304 καὶ
3525 3255 3731 3318 ᾠκτεί-

495 3359 590 3396 nos
622 3343 830 3395 :iratus
881 3357 954 3403 es,
986 3349 1036 3394 et
1086 3340 1330 3394 misertus
1382 3355 1435 3393 es
1488 3337 1672 3392 nostri.
1720 3337 1810 3392 Vel
1859 3339 2056 3407 potius,

495 3433 750 3505 quoniam
807 3434 873 3487 de
927 3431 1116 3501 psalmi
1170 3430 1438 3487 sententia
1477 3430 1666 3485 incidit
1705 3445 1905 3494 sermo,
1941 3445 2059 3500 age,

497 3526 888 3596 expositionem
917 3524 1036 3594 ejus
1062 3523 1399 3592 aliquatenus
1430 3521 1778 3592 attingamus.

566 3621 623 3676 2.
664 3618 901 3675 Historia
931 3618 1212 3689 praesentis
1242 3615 1452 3688 psalmi,
1484 3616 1551 3670 ad
1573 3616 1795 3671 verbum
1823 3616 2060 3686 quidem,

498 3717 794 3773 secundum
829 3712 1258 3783 inscriptionem,
1291 3726 1552 3782 nusquam
1587 3712 1688 3766 hoc
1729 3719 1969 3782 tempore
2010 3712 2061 3766 in

500 3811 715 3864 traditis
737 3807 992 3863 divinitus
1018 3805 1260 3861 historiis
1289 3803 1581 3859 invenitur.
1605 3804 1855 3859 Attamen
1883 3803 2060 3872 aliqua

499 3901 628 3958 huic
655 3915 760 3954 non
788 3897 1012 3967 imparia
1045 3896 1112 3949 ab
1143 3896 1210 3951 iis
1235 3893 1327 3963 qui
1355 3893 1643 3963 diligenter
1682 3893 1982 3963 inquirunt,
2009 3893 2062 3947 in

499 3993 738 4048 secundo
780 3990 1088 4057 Regnorum
1135 3989 1273 4042 libro
1315 3986 1670 4056 reperientur,
1703 3986 1755 4040 in
1791 4000 1899 4056 quo
1931 3985 2066 4040 scri-

501 4093 648 4154 ptum
673 4090 759 4136 est
806 4099 821 4134 :
854 4081 917 4134 Et
942 4077 1190 4145 percussit
1243 4076 1412 4131 David
1438 4075 1679 4130 Adrazar
1698 4075 1866 4143 filium
1893 4074 2062 4140 Raab,

499 4190 672 4245 regem
703 4171 861 4235 Saba,
899 4189 1015 4226 eum
1056 4172 1152 4226 iret
1192 4172 1299 4237 ipse
1338 4168 1406 4222 ad
1449 4167 1815 4233 imponendam
1852 4182 2062 4220 manum

500 4284 654 4320 suam
701 4282 858 4335 super
901 4267 1096 4335 flumen
1135 4261 1473 4331 Euphratem.
1510 4260 1576 4314 Et
1624 4260 1752 4328 cepit
1786 4258 1956 4313 David
1999 4259 2064 4313 de

501 4357 654 4411 rebus
686 4355 799 4424 ejus
830 4355 970 4409 mille
1003 4369 1210 4419 currus,
1242 4363 1287 4407 et
1320 4363 1514 4420 septem
1549 4349 1716 4404 millia
1741 4350 1993 4420 equitum,
2013 4359 2063 4404 et

500 4446 684 4514 viginti
729 4446 896 4498 millia
938 4445 1167 4498 virorum
1210 4445 1460 4512 peditum.
1509 4441 1572 4496 Et
1620 4443 1856 4497 dissoluit
1893 4442 2063 4498 David

503 4551 680 4589 euntes
716 4550 922 4596 currus,
953 4542 1001 4586 et
1039 4531 1310 4600 dereliquit
1353 4546 1418 4585 ea:
1449 4531 1523 4584 eis
1563 4538 1770 4582 centum
1799 4545 1983 4582 currus
2017 4529 2060 4582 ⁷.

2154 3352 2351 3406 ρησας
2375 3338 2557 3409 ἡμᾶς.
2585 3340 2798 3396 Μᾶλλον
2829 3341 2906 3406 δὲ,
2934 3341 3117 3413 ἐπειδὴ
3146 3344 3226 3406 εἰς
3251 3343 3569 3398 ἀκολουθίαν
3597 3349 3625 3399 ό
3645 3346 3734 3399 λό-

2159 3447 2254 3500 γος
2285 3433 2384 3502 τῆς
2410 3431 2502 3486 τοῦ
2529 3432 2742 3504 ψαλμοῦ
2775 3433 3012 3498 διανοίας
3040 3436 3280 3502 ἐνέπεσε,
3310 3436 3467 3507 δεῦρο
3495 3439 3733 3509 μετρίως

2159 3520 2422 3592 ἁψώμεθα
2455 3521 2616 3574 αὑτοῦ
2638 3521 2736 3592 τῆς
2767 3522 3098 3594 ἐξηγήσεως.

2229 3609 2284 3666 2.
2331 3610 2394 3663 Ἠ
2425 3610 2633 3682 ἱστορία
2667 3609 2760 3662 τοῦ
2793 3611 3151 3681 προκειμένου
3192 3613 3404 3684 ψαλμοῦ
3453 3614 3733 3679 aurai—sisi.

2165 3703 2285 3771 μὲν,
2331 3701 2470 3755 κατά
2506 3703 2604 3773 τὴν
2637 3701 2967 3774 ἐπιγραφὴν,
2997 3703 3205 3758 οὐδέπω
3251 3707 3342 3758 καὶ
3384 3705 3476 3758 νῦν
3502 3706 3732 3778 εὕρηταί

2163 3810 2264 3846 που
2304 3793 2528 3865 κειμένη
2571 3793 2678 3847 τῶν
2725 3793 3094 3848 θεοπνεύστων
3123 3796 3398 3868 ἱστοριῶν·
3440 3799 3508 3851 τὰ
3541 3800 3730 3868 μέντοι

2165 3885 2583 3955 ἰσοδυναμοῦντα
2621 3887 2756 3956 αὐτῇ
2778 3888 2891 3950 τοῖς
2923 3887 3220 3956 φιλοπόνως
3255 3889 3544 3960 ἐρευνῶσιν
3575 3892 3634 3943 ὲν
3660 3895 3729 3961 τῇ

2161 3978 2388 4050 δευτέρᾳ
2447 3977 2613 4049 βίϐλῳ
2661 3978 2767 4030 τῶν
2816 3979 3110 4033 Βασιλειῶν
3174 3980 3544 4052 εὑρεθήσεται,
3604 3979 3728 4056 ὲνῇ

2162 4071 2496 4140 γέγραπται·
2521 4069 2628 4123 Kal
2654 4069 2910 4135 ἐπάταξε
2941 4070 3115 4123 Δαϐὶδ
3153 4072 3258 4124 τὸν
3298 4072 3561 4140 Ἁδραζὰρ
3598 4072 3731 4126 vids-

2173 4162 2355 4218 Ῥαὰϐ
2387 4161 2520 4232 (56),
2561 4161 2825 4227 ,ϐασιλέα
2858 4159 3042 4226 Σωϐᾶ,
3088 4162 3488 4237 πορευομένου
3538 4163 3730 4217 αὐτοῦ

2161 4255 2482 4324 ἐπιστῆσαι
2509 4255 2623 4324 τὴν
2643 4255 2808 4324 χεῖρα
2836 4255 3022 4310 αὑτοῦ
3055 4256 3149 4308 ἐπὶ
3179 4255 3288 4308 τὸν
3317 4253 3583 4323 ποταμὸν
3611 4258 3728 4309 Εὑ-

2163 4346 2413 4421 ςᾳράτην.
2438 4347 2546 4401 Καὶ
2579 4345 3046 4415 προκατελάὅετο
3072 4346 3249 4401 Δασὶδ
3280 4346 3396 4400 τῶν
3423 4347 3611 4400 αὑτοῦ
3636 4348 3727 4416 χί-

2162 4443 2264 4493 λια
2291 4439 2538 4509 ἅρματα,
2563 4440 2659 4493 καὶ
2697 4437 2845 4492 ἑπτὰ
2881 4438 3152 4507 χιλιάδας
3172 4437 3416 4503 ἱππέων,
3446 4439 3544 4491 καὶ
3569 4440 3724 4492 εἴκο-

2165 4546 2229 4585 σι
2261 4530 2524 4599 χιλιάδας
2572 4530 2807 4599 ἀνδρῶν
2841 4531 3044 4592 πεζῶν.
3080 4530 3186 4585 Καὶ
3225 4529 3529 4599 παρέλυσε
3555 4530 3733 4583 Δαεὶδ

504 4624 570 4680 Et
599 4624 755 4692 paulo
784 4630 904 4692 post
929 4621 1060 4675 dicit
1093 4640 1106 4675 :
1139 4619 1204 4673 Et
1236 4622 1460 4690 regnavit
1493 4619 1662 4672 David
1687 4635 1839 4687 super
1872 4615 2060 4682 Israel,

2165 4620 2360 4675 πάντα
2385 4623 2456 4676 τὰ
2485 4622 2731 4693 ἅρματα,
2759 4623 2855 4677 καί
2890 4623 3240 4677 ὑπελείπετο
3271 4621 3339 4685 ἐξ
3369 4620 3567 4676 αὐτῶν
3592 4622 3728 4674 ἑκα-

573 4738 592 4766 "
623 4734 664 4789 ll
692 4734 825 4806 Reg.
859 4751 973 4802 vm,
1001 4735 1055 4797 5.
1084 4735 1138 4789 4.

579 4828 690 4897 (52)
726 4829 898 4900 Editio
934 4829 1103 4900 Paris.
1158 4829 1264 4900 Τοῦ
1291 4829 1454 4900 αὑτοῦ
1485 4831 1563 4891 εἰς
1595 4829 1687 4900 τὸν
1725 4826 1803 4883 νθ⁹
1835 4828 2068 4900 ψαλμόν.

506 4901 600 4962 Εἰς
621 4901 682 4951 τὸ
711 4899 861 4962 τέλος
895 4903 1005 4961 τοῖς
1041 4899 1590 4970 ἁλλοιωθησομένοις’
1617 4899 1697 4952 ἔτι
1744 4900 1823 4970 είς
1884 4899 2073 4970 στηλο-

505 4970 745 5040 γραφίαν
772 4970 849 5038 τῷ
884 4970 1050 5023 Δαϐὶδ
1073 4972 1152 5032 είς
1179 4969 1418 5040 διδαχὴν,
1452 4969 1610 5021 ὁπότε
1659 4968 1946 5040 ἐνεπύρισε
1972 4968 2074 5040 τὴν

504 5039 929 5110 Μεσοποταμίαν
984 5041 1204 5110 Συρίας.
1230 5039 1463 5110 καὶντὴν
1522 5041 1721 5110 Συρίαν
1755 5039 1938 5110 -Σοὸἄ,
1983 5039 2076 5094 καὶ

506 5105 849 5182 ἐπέστρεψεν
878 5105 1074 5182 dedit},
1117 5105 1483 5182 καιέπάταξε
1518 5105 1612 5182 τὸν
1654 5108 1830 5182 esse
1897 5113 1957 5164 ὲν
2005 5115 2070 5182 τῇ

509 5178 752 5250 φάραγγι
782 5179 891 5250 τῶν
932 5179 1122 5242 ⁹Λλῶν,
1149 5179 1354 5234 δώδεκα
1392 5178 1650 5249 χιλιάδας.
1682 5179 1748 5234 In
1794 5181 1948 5250 ﬁnem
2008 5178 2071 5234 iis

507 5248 600 5318 qui
637 5248 1092 5310 immutabuntur;
1136 5252 1306 5303 adhuc
1369 5248 1422 5303 in
1477 5250 1617 5302 tituli
1679 5248 2070 5316 inscriptionem

510 5323 611 5382 ipsi
641 5320 810 5372 David
847 5319 901 5372 in
933 5321 1248 5382 doctrinam,
1283 5338 1398 5371 cum
1445 5322 1709 5373 succendit
1771 5320 2069 5386 Mesopota-

511 5393 674 5442 miam
706 5389 897 5459 Syria’,
932 5401 977 5442 et
1007 5389 1215 5458 Syriam
1269 5388 1430 5453 Saba,
1462 5400 1508 5443 et
1559 5392 1806 5443 convertit
1836 5390 1990 5448 Joab.
2023 5401 2070 5445 et

511 5460 762 5582 percussit
792 5459 963 5513 Edam
989 5461 1043 5512 in
1069 5460 1199 5513 valle
1223 5459 1551 5522 Salinarum,
1580 5461 1852 5512 duodecim
1881 5461 2068 5514 millia.

539 5529 612 5582 lic
634 5529 817 5582 titulus
853 5547 1022 5582 uentre
1048 5531 1098 5582 in
1128 5531 1325 5582 nostris
1355 5531 1600 5582 undecim
1636 5545 1764 5582 mss.
1803 5545 1971 5582 neuue
2017 5532 2066 5582 in

539 5529 612 5582 lic
634 5529 817 5584 titulus
853 5547 1022 5598 neque
1048 5531 1098 5583 iu
1128 5531 1325 5584 nostris
1355 5531 1600 5583 undecim
1636 5545 1764 5582 mss.
1803 5545 1971 5596 neque
2017 5532 2066 5583 in

514 5599 746 5654 editione
795 5599 1089 5654 Basileensi
1133 5599 1416 5669 reperitur.
1467 5598 1673 5652 Idcirco
1708 5608 1882 5652 autem
1912 5598 2066 5652 addiv

515 5674 626 5741 tum
661 5683 784 5741 eum
818 5670 982 5741 fuisse
1013 5687 1041 5723 a
1072 5670 1415 5741 typographis
1439 5678 1707 5741 putamus,
1735 5669 1880 5741 quod
1930 5669 2063 5724 lucis

517 5735 714 5808 aliquid
741 5739 1019 5795 Basiliam:
1048 5735 1408 5808 eiplanatioui
1439 5735 1632 5793 alierre
1659 5735 1927 5793 videatur.

589 5806 696 5876 (55)
728 5808 799 5861 lta
834 5808 982 5880 Regii
1009 5806 1293 5876 secundus,
1332 5810 1517 5866 tertius
1537 5819 1587 5864 et
1629 5819 1874 5878 quartus.
1910 5811 2065 5865 Deest

2177 4829 2236 4882 δέ
2260 4829 2313 4881 in
2355 4827 2536 4880 multis
2561 4825 2682 4880 aliis
2703 4839 2830 4878 mss.
2857 4833 2908 4877 et
2940 4823 2992 4877 iu
3027 4822 3202 4877 editis.

2246 4899 2360 4968 (54)
2387 4897 2573 4968 Ειιίιὶοῗ
2611 4895 2775 4968 liasil.
2807 4904 2856 4968 et
2902 4893 3061 4968 Regii
3112 4891 3650 4968 secundushtertius
3678 4905 3731 4968 et

2177 4961 2360 5023 Scitus
2389 4981 2508 5020 cum
2535 4966 2687 5020 Colb.
2729 4965 2888 5019 tertio
2915 4961 3006 5016 τὸν
3047 4964 3128 5030 ἐφ’
3156 4963 3283 5031 ὑμῖν
3334 4961 3517 5014 πόθον.
3556 4963 3733 5017 Ειιίιὶυ

2179 5037 2354 5091 Paris.
2387 5045 2440 5089 et
2463 5035 2613 5089 multi
2650 5035 2738 5086 alii
2770 5050 2897 5088 mss.
2925 5033 3016 5086 τὸν
3053 5033 3138 5102 ἐφ’
3175 5034 3304 5102 ἡμῖν
3337 5031 3517 5084 πόθον.

2251 5107 2363 5188 (55)
2392 5105 2628 5188 “mea:
2662 5103 3257 5188 φιλανθρωπίαν-Θεοῦ,
3285 5102 3614 5188 jatrqlutlupr
3634 5117 3730 5188 an-

2181 5170 2384 5232 notavit
2431 5170 2768 5230 Duczeus'ex
2805 5170 3011 5241 Anglic.
3049 5185 3100 5226 et
3135 5173 3274 5227 Oliv.
3312 5170 3726 5241 addilaluisse.

2176 5251 2450 5302 Annotare
2478 5255 2722 5299 nostrum
2753 5251 2856 5307 est,
2883 5239 2980 5297 lioc
3006 5244 3144 5297 idem
3181 5251 3233 5292 ct
3261 5242 3310 5293 in
3357 5239 3555 5293 nostris
3597 5258 3703 5307 quo

2174 5334 2278 5388 que
2311 5316 2584 5388 codicibus
2617 5315 2864 5388 inveniri.
2891 5312 3033 5367 lnl‘ra
3061 5327 3155 5382 pro
3185 5310 3493 5382 ἐξηγήσεως
3545 5311 3732 5380 legitur

2175 5385 2226 5444 iu
2264 5389 2391 5456 lleg.
2432 5386 2588 5440 tertio
2615 5385 2937 5456 διηγήσεως.

2246 5449 2557 5527 (56}Editio
2614 5449 2786 5527 Paris.
2836 5453 2948 5527 υίὺν
3019 5451 3211 5527 Ἱξοιάὸἐ
3255 5449 3428 5527 Editio
3469 5449 3628 5527 Basil.
3683 5461 3732 5499 et

2175 5520 2284 5582 tres
2317 5520 2447 5581 mss.
2480 5525 2592 5579 υἱὸν
2633 5524 2824 5590 Ῥαάφ.
2859 5524 2926 5576 At
2976 5522 3139 5576 codex
3173 5520 3416 5575 Combel'.
3445 5529 3498 5574 et
3522 5521 3607 5571 alii
3636 5533 3725 5571 sex

2174 5611 2306 5652 mss.
2357 5597 2468 5648 υἱὸν
2526 5594 2716 5648 Μωάὸ.
2754 5592 2951 5646 Ibidem
2977 5592 3121 5648 .cditi
3173 5601 3228 5646 et
3274 5591 3424 5645 Colb.
3477 5590 3730 5656 septimus

2173 5665 2433 5737 βασιλέως
2461 5663 2636 5737 Σωϐἅι.
2662 5664 2766 5737 Sed
2787 5662 2923 5719 Oliv.
2951 5672 3002 5719 et
3020 5661 3230 5732 Anglic.
3258 5674 3376 5715 cum
3405 5658 3523 5713 aliis
3551 5660 3727 5714 decem

2172 5731 2302 5795 inss.
2342 5731 2564 5806 βασιλέα
2589 5734 2764 5788 Σωϐᾶ.
