3978 6410
299 353 400 410 461

1434 354 1714 410 iiOMlLIA
1757 355 1820 408 ΙΝ
1863 355 2190 410 ΡΞΑωίυΜ
2230 355 2360 410 LIX.

3429 359 3538 413 462‘

296 477 404 531 τὸν
430 474 675 544 ἅρματα.
732 473 840 527 Καὶ
880 474 1016 544 μετὰ
1060 454 1265 544 βραχέα
1296 474 1472 541 λέγει·
1515 473 1622 527 Καὶ
1666 474 1867 527 ἐϐασί-

1972 483 2016 525 ει
2053 483 2163 526 erat
2193 473 2360 528 David
2405 471 2602 540 faciens
2645 471 2896 539 iudicium
2919 481 2968 526 et
3004 473 3284 542 justitiam,
3322 485 3369 529 et
3396 475 3540 532 Jaab'

299 573 489 623 λευσε
516 567 624 635 (57)
648 565 822 618 Δαϐὶδ
839 565 938 618 ἐπὶ
978 565 1244 634 Ἰσραὴλ,
1265 566 1359 618 καὶ
1387 561 1466 636 ἦν
1487 565 1660 618 Δαϐὶδ
1686 563 1870 618 ποιῶν

299 659 479 727 κρίμα
504 657 598 710 καὶ
629 656 1039 723 δικαιοσύνην,
1083 656 1179 709 καὶ
1225 657 1392 708 Ἰωὰϐ
1421 655 1549 721 υἱὸς
1582 656 1871 723 Σαρουΐας

297 746 398 798 ἐπὶ
425 743 534 812 τῆς
559 743 857 812 στρατιᾶς.
884 745 991 797 Καὶ
1020 745 1132 814 μετ’
1155 744 1308 808 ὀλίγα
1328 761 1340 773 ο
1374 745 1481 797 Καὶ
1508 744 1872 798 ἀπέστειλαν

299 837 356 889 οἱ
409 834 522 888 υἱοὶ
589 833 828 903 Ἆμμὼν,
873 834 969 887 καὶ
1026 834 1431 903 ἐμισθώσαντο
1482 834 1594 902 τὴν
1651 835 1872 901 Συρίαν

314 927 491 982 Ῥοὼϐ
513 927 643 998 (58),
674 927 769 980 καὶ
802 925 915 994 τὴν
937 927 1160 994 Σηρίαν
1188 925 1352 979 Σωϐίὶ
1379 925 1572 978 εἴκοσι
1599 925 1873 994 χιλιάδας

300 1018 539 1087 ἀνδρῶν
557 1037 570 1050 ο
596 1019 692 1072 καὶ
709 1017 867 1073 εἶδεν
904 1019 1086 1084 Ἰωάϐ,
1115 1019 1200 1071 ὅτι
1228 1017 1478 1086 ἐγενήθη
1514 1017 1662 1085 πρὸς
1689 1017 1874 1070 αὐτὸν

301 1113 760 1178 ἀντιπρόσωπον
781 1111 884 1164 τοῦ
909 1112 1193 1178 πολέμου,
1224 1111 1321 1162 καὶ
1350 1109 1638 1174 ἐπέλεξεν
1661 1110 1769 1180 (59)
1803 1110 1872 1162 ἐκ

301 1203 544 1256 πάντων
575 1202 692 1255 τῶν
709 1202 855 1256 υἱῶν
892 1201 1146 1269 Ἰσραὴλ,
1182 1202 1280 1254 καὶ
1317 1201 1721 1269 παρετάξαντο
1761 1201 1870 1272 (40)

299 1295 645 1359 ἐξεναντίας
687 1294 922 1360 Σιιοίας.
989 1293 1098 1348 Καὶ
1142 1291 1303 1348 εἶδον
1346 1298 1398 1348 οἱ
1437 1295 1640 1349 δοῦλοι
1679 1295 1872 1363 Ἄδρα-

303 1384 423 1453 (ap,
463 1382 550 1437 ὅτι
589 1384 880 1437 ἔπταισαν
914 1383 1200 1438 ἀπέναντι
1239 1384 1497 1452 Ἰσραὴλ,
1553 1385 1649 1438 καὶ
1694 1388 1864 1452 ηὐτο-

296 1479 582 1544 μόλησαν
633 1475 730 1528 ἐπὶ
804 1473 1057 1542 Ἰσραὴλ,
1096 1476 1191 1528 καὶ
1230 1476 1605 1531 ἐδούλευσαν
1648 1477 1868 1542 αὐτοῖς.

303 1568 486 1638 Ταύτῃ
537 1570 601 1638 τῇ
649 1569 917 1637 περικοπῇ
966 1567 1075 1636 (41)
1122 1567 1220 1638 τῆς
1269 1568 1507 1638 ἱστορίας
1548 1568 1872 1639 εὑρίσκομεν

301 1661 400 1731 τὴν
434 1661 742 1731 ἐπιγραφὴν
773 1657 867 1711 τοῦ
904 1658 1119 1730 ψαλμοῦ
1165 1660 1594 1731 συμϐαίνουσαν·
1636 1660 1775 1731 πλήν
1809 1677 1872 1729 γε

301 1755 382 1806 ὅτι
410 1756 438 1806 ὁ
467 1753 654 1823 χρόνος
681 1752 796 1804 ἐστὶ
826 1751 927 1820 τῆς
957 1752 1358 1825 στηλογραφίας
1391 1754 1611 1824 ταύτης,
1665 1753 1787 1807 καθ’
1815 1753 1872 1808 ὂν

301 1845 680 1916 λαμπρότατος
717 1845 905 1898 ἑαυτοῦ
947 1845 1040 1899 καὶ
1087 1846 1542 1916 περιφανέστατος
1573 1844 1641 1918 ἦν
1681 1849 1738 1900 ὲν
1763 1850 1873 1911 τοῖς

301 1937 446 1992 κατὰ
481 1937 710 2008 πόλεμον
744 1937 1223 2008 ἀνδραγαθήμασιν
1253 1939 1281 1990 ὁ
1307 1938 1487 1992 Δαϐίδ.
1524 1939 1681 1990 Ὥστε
1709 1937 1874 2010 ζητή-

305 2047 443 2094 σεως
480 2030 648 2096 ἄξιον,
685 2029 800 2094 πῶς
835 2029 940 2082 ἀπὸ
979 2029 1226 2100 ὀδυρμῶν
1269 2031 1361 2084 καὶ
1387 2029 1599 2100 ορήνων
1625 2031 1870 2101 ἄρχεται,

301 2122 417 2176 δέον
449 2122 716 2193 περιχαρῆ
750 2118 888 2175 εἷναι
921 2122 1013 2177 καὶ
1052 2120 1282 2192 εὔθυμον
1323 2122 1414 2174 ἐπὶ
1465 2125 1574 2186 τοῖς
1598 2120 1872 2194 κατορθώ-

307 2230 489 2283 μασιν.
526 2212 714 2264 Ἀλλαι
761 2211 869 2283 γὰρ
919 2212 1281 2283 ἑορταζόντων
1327 2215 1520 2282 φωναὶ,
1578 2215 1669 2267 καὶ
1714 2214 1872 2269 ἄλλαι

304 2303 820 2375 σκυθρωπαζόντων.
857 2304 1125 2357 Ἐπινίκια
1149 2304 1204 2357 δὲ
1229 2305 1419 2376 ἑορτῆς
1450 2307 1702 2371 ὑπόθεσις
1735 2324 1871 2362 παν-

300 2395 492 2466 δήμου,
546 2395 606 2447 οὐ
653 2394 1010 2466 στρατιώταις
1055 2395 1233 2464 μόνον,
1279 2395 1415 2450 ἀλλὰ
1463 2398 1555 2451 καὶ
1584 2402 1870 2470 γεωργοῖς,

302 2487 396 2540 καὶ
431 2486 712 2558 ἐμπόροις,
740 2487 832 2539 καὶ
863 2487 1250 2557 χειροτέχναις,
1285 2489 1379 2541 καὶ
1413 2490 1548 2542 πᾶσι
1589 2491 1700 2553 τοῖς
1741 2507 1873 2559 μετ-

303 2580 488 2648 έχουσι
541 2577 649 2632 τῶν
694 2578 912 2647 ἀγαθῶν
961 2581 1058 2648 τῆς
1081 2581 1319 2650 εἰρήνης.
1366 2581 1491 2644 Πῶς
1529 2577 1622 2635 οὖν
1651 2581 1782 2654 (42),
1819 2583 1873 2636 Ὀ

304 2669 469 2735 Θεὸς,
503 2669 721 2723 ἀπώσω
745 2667 922 2738 ἡμᾶς,
952 2670 1050 2722 καὶ
1082 2669 1351 2736 καθεῖλες
1387 2670 1577 2739 ήμᾶς;
1613 2674 1722 2726 Καὶ
1765 2673 1873 2744 μὴν

302 2761 665 2833 προσελάϐετο
692 2763 817 2825 τοὺς
844 2761 1210 2830 νενικηκότας.
1243 2761 1368 2824 Πῶς
1409 2763 1466 2816 δὲ
1496 2764 1741 2817 καθεῖλεν
1781 2765 1874 2829 οὓς

300 2855 553 2907 τοσοῦτον
577 2852 800 2925 ηὔξησε,
825 2853 1079 2925 προσθεὶς
1108 2854 1288 2917 αὐτοῖς
1313 2855 1473 2919 ὅπλα,
1505 2857 1599 2908 καὶ
1628 2855 1870 2928 ἅρματα,

300 2945 397 2998 καὶ
434 2944 654 3008 ἵππους,
689 2945 782 2998 καὶ
815 2945 1087 3014 ὑπηκόους
1125 2946 1217 2998 καὶ
1245 2943 1424 3015 χώραν
1457 2947 1748 3018 ὑπόφορον,
1775 2948 1872 3020 τὴν

314 3035 572 3109 Ἀραὸίαν
609 3036 808 3099 πᾶσαν,
841 3034 938 3106 τὴν
961 3033 1211 3106 Φοινικὴν
1245 3035 1375 3107 (13),
1408 3035 1505 3107 τὴν
1536 3037 1722 3109 Μέσην
1765 3037 1872 3092 τῶν

301 3126 595 3195 ποταμῶν;
626 3126 808 3191 Ἀξιον
829 3126 1135 3195 ἐπιστῆσαι,
1165 3127 1236 3196 μή
1267 3143 1386 3179 τινα
1415 3127 1734 3198 ἀχαριστίαν
1760 3127 1870 3198 ἔχει

299 3217 369 3270 τὰ
394 3218 632 3289 ῥήματα.
671 3217 730 3269 Ὀ
754 3215 861 3287 γὰρ
897 3217 1098 3270 ἀνελὼν
1133 3217 1229 3288 μὲν
1264 3219 1522 3291 πρότερον
1555 3221 1644 3274 τὸν
1685 3222 1871 3294 Ἀδρα-

301 3307 408 3378 Cap
442 3306 660 3377 βασιλέα
683 3306 859 3369 Σωϐᾶ,
894 3305 1074 3358 λαϐὼν
1099 3307 1155 3359 δὲ
1180 3309 1308 3379 παρ’
1337 3307 1499 3361 αὐτοῦ
1519 3309 1662 3378 χίλια
1694 3310 1872 3380 ἅρμα-ο

300 3413 390 3458 τα,
417 3397 511 3448 καὶ
544 3395 683 3448 ἑπτὰ
725 3395 968 3465 χιλιάδας
1016 3396 1244 3460 ἱππέων,
1290 3398 1382 3450 καὶ
1422 3397 1590 3451 εἴκοσι
1629 3400 1870 3469 χιλιάδας

300 3489 506 3555 πεζῶν,
560 3489 720 3542 πάλιν
763 3488 819 3540 δὲ
855 3487 945 3540 τὸν
985 3489 1182 3559 Συρίας
1223 3488 1443 3558 βασιλέα
1483 3490 1871 3561 ὲπιϐοηθοῦντα

298 3583 379 3653 τῷ
409 3582 689 3636 ὲπταικότι
723 3581 1147 3651 δουλωσάμενος,
1183 3581 1275 3634 καὶ
1304 3582 1570 3653 ὑπόφορον
1603 3584 1871 3654 καταστή-

301 3692 422 3739 σας,
466 3675 559 3727 καὶ
597 3677 654 3726 ὲν
698 3676 795 3744 μιᾷ
835 3672 1026 3743 καιροῦ
1074 3676 1210 3744 ῥοπῇ
1242 3671 1414 3726 εἴκοσι
1455 3673 1668 3726 καὶδύο
1702 3674 1872 3744 χιλιά-

299 3767 396 3830 δας
427 3765 539 3836 (Μ)
569 3765 731 3820 αὐτοῦ
766 3767 1190 3834 καταφονεύσας,
1225 3766 1318 3818 καὶ
1346 3765 1534 3836 τρίτην
1566 3766 1720 3835 νίκην
1747 3768 1871 3831 τοὺς

300 3859 453 3922 υἱοὺς
506 3856 729 3928 Ἀμμὼν
774 3857 1003 3927 νικήσας
1053 3857 1539 3928 παραταξαμένους
1583 3857 1735 3928 παρὰ
1772 3858 1871 3930 τὴν

301 3948 472 4020 θύραν
501 3948 598 4018 τῆς
633 3947 835 4011 πόλεως
867 3947 954 4000 διὰ
995 3947 1149 4001 Ἰωὰϐ
1183 3947 1276 4000 τοῦ
1303 3950 1760 4020 ἀρχιστρατήγου,
1813 3948 1872 4012 ὃς

297 4038 491 4093 διελὼν
546 4038 667 4109 δίχα
716 4038 815 4109 τὴν
866 4037 1111 4107 δύναμιν,
1160 4041 1273 4101 τοῖς
1327 4038 1424 4109 μὲν
1474 4038 1688 4110 ἀπήντα
1729 4039 1872 4094 κατὰ

301 4125 615 4196 πρόσωπον,
671 4127 796 4189 τοὺς
853 4125 909 4178 δὲ
933 4127 1070 4179 κατὰ
1117 4127 1268 4181 νότου
1315 4128 1613 4199 περιελθὼν
1649 4129 1872 4201 ἐχειρώ-

302 4235 434 4272 σατο
452 4235 466 4248 ·
501 4217 616 4280 πῶς
644 4218 736 4270 ἐπὶ
768 4221 878 4282 τοῖς
915 4218 1175 4283 τοιούτοις
1196 4219 1644 4291 ἀνδραγαθήμασι
1671 4223 1871 4291 στυγνὰ

299 4309 442 4363 οὕτω
477 4310 571 4363 καὶ
603 4310 821 4380 κατηφῆ
874 4310 1187 4380 φθέγγεται,
1211 4310 1383 4378 λέγων
1405 4328 1418 4341 ο
1471 4312 1531 4363 '0
1565 4312 1728 4379 Θεὸς,
1755 4314 1868 4368 ἀπα

298 4400 436 4455 ώσω
495 4399 670 4470 ἡμᾶς,
726 4401 822 4454 καὶ
881 4402 1147 4468 καθεῖλες
1195 4401 1388 4471 ἡμᾶς·
1429 4402 1741 4474 ὠργίσθης,
1770 4407 1867 4460 καὶ

1973 565 2116 632 ﬁlius
2145 564 2347 619 Sarvia:
2369 582 2524 628 super
2548 567 2827 619 exercitum
2854 576 2961 619 erat
2979 567 3021 623 ⁸.
3050 566 3157 620 Nec
3183 568 3348 621 multo
3373 582 3531 638 post:

1976 651 2041 706 Et
2079 655 2334 707 miserunt
2381 654 2482 722 ﬁlii
2533 655 2772 717 Ammon,
2821 664 2866 708 et
2913 657 3143 709 mercede
3175 659 3536 714 conduxerunt

1979 743 2190 812 Syriam
2223 742 2422 808 thoob,
2448 755 2494 798 et
2527 744 2740 814 Syriam
2773 743 2913 798 Soba
2949 745 3131 814 viginti
3163 746 3328 799 millia
3362 749 3531 801 Itomi‘

1973 852 2094 888 num
2125 852 2142 889 :
2167 847 2212 889 et
2242 836 2369 889 vidit
2397 835 2554 901 Joab,
2581 836 2719 907 quod
2746 846 2874 889 esset
2905 837 2970 889 ad
2999 855 3051 890 se
3083 839 3346 890 contraria
3372 839 3532 904 facies

1973 927 2175 997 pra'lii;
2203 940 2248 982 et
2289 929 2438 997 elegit
2476 944 2539 982 ex
2571 929 2808 980 omnibus
2846 927 2974 995 ﬁliis
3019 927 3206 991 Israel,
3239 939 3283 981 et
3323 938 3532 983 struxe-

1975 1029 2094 1070 runt
2119 1021 2279 1071 aciem
2306 1033 2368 1071 ea:
2398 1018 2616 1071 adverso
2639 1016 2827 1085 Syrite.
2859 1015 2927 1069 Et
2955 1018 3191 1071 viderunt
3211 1019 3345 1071 servi
3365 1017 3535 1070 Adra-

1975 1128 2087 1175 zar,
2113 1114 2251 1179 quod
2279 1112 2570 1164 ceciderunt
2603 1120 2722 1162 ante
2750 1109 2939 1175 Israel,
2968 1119 3016 1162 et
3044 1111 3432 1178 transfugerunt
3465 1113 3532 1163 ad

1974 1200 2168 1267 Israel,
2197 1211 2242 1254 et
2264 1201 2546 1254 servierunt
2573 1201 2646 1253 eis
2675 1201 2713 1254 ’.
2741 1199 3144 1267 lnscriptionem
3178 1200 3365 1269 psalmi
3410 1199 3535 1253 huic

1973 1293 2272 1364 fragmento
2317 1292 2554 1346 historice
2590 1291 2887 1358 reperimus
2921 1291 3227 1355 convenire,
3265 1291 3365 1344 nisi
3394 1292 3535 1359 quod

1974 1384 2110 1438 tituli
2138 1381 2294 1448 hujus
2319 1382 2596 1452 inscriptio
2615 1383 2662 1435 id
2689 1391 2894 1451 tempus
2915 1393 3139 1451 spectat,
3159 1397 3264 1451 quo
3286 1381 3450 1436 David
3468 1383 3536 1434 ob

1975 1489 2061 1529 res
2089 1473 2227 1527 bello
2262 1472 2470 1527 fortiter
2500 1483 2696 1542 gestas,
2732 1473 2898 1528 multo
2933 1473 3263 1528 clarissimus
3307 1484 3425 1528 erat
3473 1490 3537 1528 ae

1974 1562 2390 1617 illustrissimus.
2412 1562 2587 1627 Quare
2607 1577 2704 1630 par
2727 1561 2888 1615 fuerit
2908 1576 3166 1630 quaerere,
3194 1576 3296 1629 qua
3331 1561 3538 1614 ratione

1973 1669 2002 1708 a
2031 1655 2177 1709 luctu
2204 1664 2257 1708 et
2288 1652 2534 1707 lamentis
2555 1653 2815 1716 ordiatur,
2842 1669 2961 1705 cum
2993 1652 3165 1720 ipsum
3189 1653 3258 1707 ob
3281 1653 3538 1720 praeclara

1974 1745 2210 1799 facinora
2242 1744 2513 1814 perlitatum
2551 1760 2671 1799 esse
2711 1754 2982 1812 oporteret
3010 1759 3073 1798 ac
3103 1743 3258 1799 valde
3284 1744 3533 1799 hilarem.

1973 1838 2106 1892 Alite
2137 1837 2278 1892 enim
2308 1846 2434 1890 sunt
2468 1837 2663 1891 festum
2708 1837 2848 1889 diem
2897 1838 3166 1906 agentium
3211 1851 3387 1901 voces,
3422 1836 3538 1889 aliae

1977 1931 2233 1985 tristium.
2267 1929 2508 1998 Epinicia
2538 1939 2716 1983 autem
2747 1937 3118 1998 argumentum
3147 1939 3269 1983 sunt
3296 1944 3539 1983 commu-

1973 2025 2058 2078 nis
2113 2022 2482 2086 celebritatis,
2534 2038 2640 2076 non
2685 2021 2945 2075 militibus
2991 2021 3198 2085 solum,
3244 2020 3338 2074 sed
3376 2021 3537 2074 etiam

1971 2112 2224 2185 agricolis
2252 2123 2306 2168 et
2337 2112 2728 2166 mercatoribus
2762 2120 2817 2165 et
2855 2111 3175 2176 artificibus,
3205 2121 3260 2165 et
3291 2111 3540 2164 omnibus

1971 2207 2062 2276 qui
2110 2208 2374 2262 bonorum
2424 2205 2574 2274 pacis
2617 2203 2910 2273 participes
2944 2203 3098 2256 fiunt.
3132 2202 3410 2270 Quomodo
3443 2201 3542 2271 igi-

1972 2309 2079 2363 tur,
2112 2297 2276 2359 Deus,
2312 2295 2550 2364 repulisti
2602 2310 2714 2360 nos,
2746 2303 2793 2347 et
2850 2294 3154 2348 destruxiin
3200 2295 3334 2347 nos?
3376 2291 3538 2360 Atqui

1972 2405 2067 2446 eos
2116 2388 2373 2444 effecerat
2415 2388 2668 2442 victores.
2711 2385 2991 2453 Quomodo
3039 2393 3216 2439 autem
3253 2385 3536 2449 destruxit,

1977 2496 2114 2553 quos
2142 2482 2280 2536 adeo
2310 2478 2674 2548 locupletavit,
2705 2478 2918 2532 tradens
2953 2478 3082 2546 ipsis
3110 2491 3281 2540 arma,
3315 2485 3370 2531 et
3411 2492 3538 2530 cur-

1973 2589 2086 2638 rus,
2119 2582 2173 2628 et
2207 2585 2396 2640 equos,
2424 2578 2477 2624 et
2507 2569 2770 2634 subditos,
2803 2582 2866 2623 ac
2899 2568 3167 2637 regionem
3196 2567 3536 2634 vectigalem,

1974 2664 2227 2718 Arabiam
2264 2677 2503 2730 omnem,
2535 2659 2867 2724 Phoenicem,
2901 2658 3374 2727 Mesopotamiam?
3405 2657 3537 2710 Num

1972 2755 2164 2810 vitium
2217 2754 2433 2820 aliquod
2484 2752 2678 2821 ingrati
2731 2752 2896 2805 animi
2941 2753 3105 2806 verba
3158 2750 3341 2804 isthme
3383 2749 3542 2818 190

1972 2864 2084 2918 pra:
2131 2861 2190 2901 se
2236 2844 2434 2908 ferant,
2465 2844 2606 2898 scire
2651 2858 2826 2911 operae
2867 2843 3096 2912 pretium
3131 2851 3230 2895 est.
3263 2841 3362 2907 Qtll
3395 2841 3538 2894 enim

1975 2941 2122 3008 prius
2164 2937 2406 2990 Adrazar
2456 2950 2637 3005 regem
2693 2934 2834 2989 Soba
2883 2934 3104 2997 evertit,
3141 2934 3298 3001 eique
3351 2948 3542 2987 currus

1977 3031 2121 3084 mille
2153 3029 2368 3098 eripuit,
2403 3037 2458 3083 et
2503 3037 2711 3097 septem
2762 3025 2926 3079 millia
2974 3026 3238 3094 equitum,
3271 3037 3324 3078 et
3352 3024 3540 3093 viginti

1897 3152 1939 3208 ο
1977 3120 2139 3174 millia
2179 3119 2439 3187 peditum,
2470 3122 2671 3188 quique
2714 3133 2900 3171 rursus
2944 3117 3116 3208 Syrize
3167 3130 3346 3208 regem
3394 3115 3543 3183 lapso

1973 3213 2245 3282 suppetias
2279 3210 2539 3264 ferentem
2584 3209 2790 3280 redegit
2834 3209 2886 3262 in
2930 3207 3271 3272 servitutem,
3308 3207 3543 3277 fecitque

1973 3303 2311 3374 vectigalem,
2339 3319 2403 3358 ac
2429 3304 2480 3356 in
2507 3318 2614 3358 uno
2642 3301 2900 3370 temporis
2925 3310 3197 3355 momento
3222 3301 3406 3369 viginti
3436 3301 3542 3354 duo

1973 3396 2140 3450 millia
2196 3395 2367 3463 ipsius
2412 3395 2631 3458 occidit,
2661 3404 2718 3449 et
2768 3395 2926 3449 tertia
2968 3394 3195 3448 victoria
3241 3393 3380 3448 ﬁlios
3411 3393 3542 3447 Am-

1974 3505 2119 3549 mon,
2145 3486 2238 3556 qui
2267 3487 2437 3540 aciem
2470 3488 2840 3540 instruxerant
2861 3485 3012 3554 juxta
3042 3486 3277 3542 civitatis
3306 3495 3538 3556 portam,

1973 3596 2068 3650 per
2089 3579 2224 3633 Joab
2253 3579 2526 3634 exercitus
2565 3580 2752 3632 ducem
2791 3578 3013 3642 devicit,
3046 3577 3135 3646 qui
3181 3577 3387 3631 viribus
3428 3578 3541 3631 suis

1973 3673 2026 3726 in
2053 3673 2185 3726 duas
2215 3681 2396 3742 partes
2421 3669 2628 3732 divisis,
2648 3669 2769 3722 aliis
2790 3669 3003 3738 quidem
3028 3669 3268 3723 occurrit
3287 3684 3314 3720 a
3339 3666 3538 3734 fronte,

1971 3765 2105 3820 alios
2139 3779 2265 3817 vero
2308 3778 2338 3816 a
2386 3771 2538 3831 tergo
2573 3761 2789 3816 adortus
2834 3761 3043 3829 subegit
3078 3777 3092 3814 :
3124 3760 3392 3830 quomodo
3421 3769 3542 3829 post

1971 3857 2232 3925 ejusmodi
2267 3865 2491 3910 strenua
2529 3853 2694 3918 facta,
2727 3854 2865 3906 adeo
2897 3853 3070 3906 tristia
3103 3868 3165 3907 ac
3195 3863 3384 3908 moesta
3415 3870 3540 3924 pro-

1973 3953 2096 4012 fert,
2121 3948 2306 4002 dicens
2334 3963 2349 4000 :
2377 3946 2543 4008 Deus,
2586 3944 2826 4012 repuliin
2859 3960 2973 4009 nos,
2997 3953 3042 3997 et
3071 3944 3379 3998 destruxisti
3406 3961 3496 3998 nos
3520 3959 3538 3997 :

1971 4042 2136 4093 iratus
2175 4055 2249 4102 es,
2284 4047 2331 4092 et
2366 4039 2613 4090 misertus
2651 4053 2702 4090 es
2738 4037 2944 4090 nostri?
2976 4036 3141 4092 Porro
3176 4048 3382 4107 tempus
3416 4041 3540 4109 qui-

1972 4131 2092 4184 dem
2143 4129 2518 4199 inscriptionis
2546 4128 2709 4191 tituli,
2742 4127 2869 4182 illud
2899 4139 3035 4194 erat,
3077 4145 3183 4198 quo
3212 4131 3428 4200 egregia
3463 4131 3540 4184 fa-

1971 4223 2155 4276 cinora
2208 4220 2536 4289 perpetravit
2581 4221 2710 4274 :vis
2760 4235 2889 4275 vero
2938 4237 3123 4275 eorum
3171 4238 3290 4291 qua:
3337 4224 3537 4288 scripta

1970 4324 2135 4379 sunt,
2208 4314 2273 4367 ad
2361 4312 2518 4369 ﬁnem
2583 4310 2852 4377 refertur;
2931 4327 3050 4366 cum
3123 4324 3300 4366 autem
3379 4315 3536 4367 finem

1970 4405 2120 4470 dicit,
2172 4404 2261 4472 qui
2321 4403 2376 4458 in
2432 4405 2746 4459 saeculorum
2797 4407 3262 4459 consummatione
3317 4416 3538 4458 eventu-

298 4493 668 4560 ᾠκτείρησας
703 4491 891 4560 ἡμᾶς
929 4493 1066 4545 Ἀλλ’
1098 4495 1126 4544 ὀ
1164 4495 1260 4564 μὲν
1305 4497 1491 4566 καιρὸς
1539 4497 1638 4566 τῆς
1681 4497 1868 4568 στηλο-

1976 4513 2063 4550 rus
2118 4508 2221 4551 est.
2279 4491 2614 4566 Quapmpter
2665 4507 2719 4552 et
2775 4497 2874 4562 iis,
2936 4498 3027 4567 qui
3093 4499 3536 4563 int-mutabuntur,

299 4581 537 4651 γραφίας
565 4575 717 4643 οὗτος
746 4576 813 4650 ἦν
839 4581 866 4633 ὁ
883 4579 989 4633 τῶν
1011 4582 1444 4654 κατορθωμάτων
1462 4601 1475 4615 ο
1503 4587 1534 4656 ἡ
1564 4584 1618 4638 δὲ
1645 4585 1870 4657 δύναμις

300 4670 408 4724 τῶν
454 4671 850 4742 γεγραμμένων
882 4673 960 4734 εἰς
991 4671 1051 4724 τὸ
1081 4671 1232 4736 τέλος
1268 4674 1380 4745 ἔχει
1421 4675 1520 4746 τὴν
1558 4677 1830 4748 ἀναφοράν
1851 4696 1862 4708 ·

369 4783 391 4816 ⁸
420 4781 460 4835 ll
489 4783 620 4853 Reg.
649 4801 764 4850 vm,
799 4785 992 4849 15,16.
1076 4788 1095 4818 ν
1130 4785 1169 4838 ll
1204 4786 1340 4858 Reg.
1376 4804 1428 4853 χ,
1460 4789 1512 4853 6,
1543 4791 1596 4854 9,
1627 4792 1713 4846 l9.

373 4895 587 4966 (37)lla
649 4913 776 4952 mss.
850 4910 1076 4967 septem.
1126 4901 1262 4955 Editi
1321 4902 1625 4958 ἐϐασίλευε.
1669 4906 1865 4961 Ibidem

300 4968 468 5043 glitio
499 4967 672 5043 Paris.
707 4970 798 5022 ἐπὶ
823 4971 1001 5043 πάντα
1042 4971 1273 5041 Ἰσραήλ.
1318 4973 1420 5026 Sed
1455 4977 1582 5043 quin
1618 4975 1776 5029 fuerit
1802 4993 1868 5031 ex

305 5038 493 5091 Bibliis
545 5036 754 5106 adjecta
803 5056 903 5113 vox
933 5036 1132 5106 πάντα,
1147 5036 1391 5113 dubitari
1416 5036 1501 5098 vii:
1537 5061 1694 5113 posse
1723 5048 1868 5101 arbi-

306 5119 534 5171 tramur,
567 5122 688 5161 cum
717 5120 769 5162 et
800 5112 851 5164 in
878 5113 1112 5166 editione
1142 5111 1305 5167 Basil.
1337 5123 1391 5168 et
1433 5115 1488 5168 in
1534 5111 1733 5170 nostris
1773 5134 1873 5170 tut-

306 5176 484 5254 decim
516 5179 1124 5254 n15s_._pa[iterd9_sit.u
1176 5203 1182 5210 ί

314 5245 495 5368 .Ρὲῗὲ
536 5245 714 5303 Editio
743 5249 914 5306 Paris.
957 5249 1147 5309 Ῥαάὅ.
1177 5251 1245 5306 At
1268 5268 1399 5308 mss.
1434 5262 1546 5309 tres
1579 5271 1700 5310 cum
1733 5255 1873 5310 LXX

437 5335 452 5366 )
495 5355 507 5367 .

379 5333 488 5368 οωο
495 5355 507 5367 .

377 5385 492 5462 (5_9)
526 5385 896 5462 Etlitigpasil.
931 5400 1136 5462 etmss.
1167 5403 1370 5460 septem
1397 5395 1668 5462 ἐπέλεξεν.
1702 5395 1876 5449 Editio

307 5455 480 5588 ἕως.
509 5472 630 5511 cum
667 5457 850 5512 Bibliis
891 5461 1200 5527 ἐπελέξατο.
1227 5455 1356 5533 Reg.
1403 5455 1670 5521 secundus
1697 5466 1878 5519 ὲπέλευ

339 5541 425 5581 αν.

339 5541 425 5581 αν.

381 5594 907 5666 (470)Corrigendum
977 5614 1100 5654 esse
1130 5602 1272 5657 hunc
1316 5604 1491 5658 locum
1553 5619 1616 5658 ex
1646 5603 1784 5660 Oliv.
1819 5615 1874 5660 et

308 5665 523 5746 Anglic.
577 5665 725 5735 putat
783 5669 1026 5746 Dircaeus,
1059 5671 1240 5746 aitque
1266 5690 1363 5742 pro
1401 5675 1772 5746 παρετάξαντο
1799 5676 1873 5730 le-

309 5735 542 5801 gendum
574 5751 692 5790 esse
720 5735 1079 5814 παρετάξατο.
1106 5735 1222 5814 Sed
1246 5735 1366 5814 cium
1397 5735 1659 5814 vulgatth
1690 5747 1870 5801 lectio-

312 5821 434 5860 nem
468 5816 519 5861 et
549 5823 677 5864 mss.
716 5809 884 5865 nostri
917 5826 1102 5868 oumes
1126 5821 1174 5867 et
1204 5812 1345 5868 LXX
1371 5831 1435 5872 ex
1471 5809 1624 5888 aEquo
1675 5827 1864 5872 tuean-

1974 4586 2231 4655 scriptum
2289 4586 2548 4654 psalmum
2615 4601 2734 4641 esse
2791 4588 2937 4642 dicit.
2993 4586 3178 4644 Potest
3245 4599 3420 4644 autem
3488 4590 3539 4642 id

1976 4678 2194 4749 intelligi
2246 4679 2311 4733 de
2368 4679 2513 4735 onmi
2561 4681 2781 4734 omnino
2829 4681 3102 4734 hominum
3152 4697 3366 4751 genere,
3397 4682 3540 4752 quod

1980 4918 2086 4969 tur,
2121 4909 2248 4961 nihil
2283 4908 2639 4962 innovandum
2676 4909 3002 4962 censuimus.

2051 4977 2168 5046 (41)
2202 4979 2341 5050 Editi
2399 4980 2465 5048 τῇ
2521 4982 2792 5050 προκοπῇ.
2824 4981 2892 5031 At
2932 4978 3069 5034 Oliv.
3098 4991 3148 5033 et
3176 4980 3380 5050 Anglic.
3416 4997 3539 5034 cum

1981 5050 2180 5120 nostris
2205 5048 2483 5120 duodecim
2516 5048 3062 5120 ηεξατῇπερικοπῇ,
3090 5050 3244 5120 bene.

2053 5118 2164 5187 (42)
2204 5119 2293 5187 Sic
2351 5118 2514 5187 editio
2550 5117 2872 5173 Basilfcum
2902 5135 2995 5173 sex
3013 5117 3172 5172 "tliss.
3207 5119 3379 5174 Editio
3409 5136 3539 5172 vero

1979 5184 2152 5270 Paris.
2178 5186 2302 5250 Πῶς
2322 5184 2415 5240 οὖν
2474 5204 2655 5269 φησιν.
2693 5189 2813 5244 Mox
2841 5190 2969 5243 editi
2997 5189 3115 5253 πῶς
3143 5189 3200 5242 δὲ
3237 5190 3348 5242 καί.
3383 5192 3542 5242 Deest

1978 5258 2069 5309 καί
2100 5258 2149 5308 in
2191 5272 2316 5309 mss.
2342 5275 2444 5311 non
2473 5258 2675 5326 paucis.

2053 5327 2164 5396 (15)
2212 5328 2327 5397 Alia
2385 5337 2468 5380 est
2528 5328 2890 5396 interpunctio
2936 5328 2989 5381 in
3060 5328 3223 5381 Coisl.
3260 5327 3537 5397 Ἀραϐίαν.

1985 5401 2162 5451 πᾶσαν
2185 5396 2280 5465 τὴν
2305 5397 2577 5467 Φοινίκην,
2613 5399 2886 5458 Arabiam,
2917 5397 3194 5450 Pltwm'cen
3227 5396 3449 5451 omnem.

2055 5469 2166 5536 (Η)
2222 5467 2441 5522 Videtur
2480 5469 2670 5534 legisse
2730 5471 2992 5536 interpres
3050 5467 3221 5518 εἴκοσι
3275 5467 3536 5536 χιλιάδας,

1985 5553 2104 5590 cum
2132 5549 2326 5600 vertat,
2363 5538 2542 5606 viginti
2574 5540 2758 5591 millia.
2794 5539 2898 5590 Sed
2925 5547 2976 5588 et
3020 5539 3068 5588 in
3099 5536 3235 5606 Oliv.
3266 5550 3317 5589 et.
3345 5538 3394 5588 in
3420 5539 3542 5592 aliis

1986 5625 2114 5660 mss.
2152 5625 2254 5660 non
2285 5605 2470 5676 paucis
2521 5608 2711 5676 legitur
2760 5607 2932 5660 εἴκοσι
2982 5609 3081 5676 ,καὶ
3136 5605 3228 5658 δύο
3275 5607 3537 5676 χιλιάδας,

1981 5677 2159 5760 viginti
2183 5675 2294 5730 duo
2318 5677 2508 5745 millia,
2539 5675 2590 5733 ct
2624 5678 2694 5731 ita
2731 5678 2931 5732 editum
2976 5675 3282 5732 invenimus
3322 5677 3359 5730 ll
3407 5679 3534 5750 lies.

1979 5761 2091 5814 vm,
2129 5763 2178 5800 ο.
