3978 6410
438 407 544 462 665

1821 404 1876 457 S.
1917 402 2157 457 BASlLll
2190 402 2404 458 MAGNI

3601 401 3708 456 464

441 525 506 577 ad
535 538 721 578 omnes
752 521 909 590 hujus
942 521 1130 590 psalmi
1163 521 1364 577 utilitas
1397 520 1699 591 perveniat.
1734 521 1832 588 Qui
1865 522 2007 575 enim

2145 521 2261 585 έλος
2290 521 2345 574 δὲ
2385 520 2531 588 λέγει
2562 519 2619 572 τὸ
2645 520 2735 572 ἐπὶ
2767 518 3045 589 συντελείᾳ
3081 518 3187 571 τῶν
3223 518 3434 572 αἰώνων
3472 517 3710 587 ἐκϐήσε-

442 615 816 679 immutantur,
853 622 906 666 et
946 613 1034 681 qui
1071 613 1519 679 iimnutabuntur,
1558 612 1592 666 ii
1630 621 1757 666 sunt
1792 613 1882 682 qui
1919 629 2009 666 ne-

440 721 543 770 quo
590 705 836 759 euunlem
887 704 1134 772 corporis
1183 704 1424 758 habitum
1467 713 1711 771 servant,
1747 718 1921 773 neque
1961 704 2012 757 in

441 797 630 850 eadem
659 809 876 865 semper
899 796 1191 864 persistunt
1223 796 1487 850 sententia
1521 811 1536 850 :
1565 797 1657 852 sed
1685 796 1775 866 qui
1803 805 1861 850 ut
1889 812 2015 850 cor-

2120 610 2240 662 σθαι
2263 609 2473 678 μέλλον.
2499 609 2588 661 Διὸ
2611 609 2699 662 καὶ
2722 611 2832 672 τοῖς
2854 608 3373 679 ἁλλοιωθησομένοις
3391 607 3711 678 γεγράφθαι

2117 705 2251 776 φησὶ
2294 705 2384 757 τὸν
2421 703 2653 774 ψαλμόν.
2691 703 2843 755 Ἔστι
2871 700 2926 752 δὲ
2959 699 3289 766 ἁπαξαπλῶς
3328 701 3461 770 περὶ
3504 699 3712 761 argutia;

2117 790 2212 843 τοῦ
2247 789 2438 859 γένους
2464 790 2572 843 τῶν
2601 788 2902 861 ἀνθρώπων
2932 789 3138 860 νοῆσαι,
3166 789 3240 854 ὡς
3270 793 3346 854 εἰς
3369 791 3587 852 πάντας
3614 789 3714 858 τῆς

441 906 574 959 pore
603 889 692 942 alii
720 888 1029 942 etliciuntur
1052 887 1205 956 juxta
1236 896 1456 941 aetatum
1486 889 1915 956 vicissitudines,
1943 890 2034 943 ital

2144 883 2229 936 ιπὸ
2255 882 2348 936 τοῦ
2370 881 2584 953 ψαλμοῦ
2612 882 2991 954 διαϐαινούσης
3030 881 3314 952 ὠφελείας.
3360 881 3716 952 Ἀλλοιούμε-

441 992 623 1036 mente
667 998 763 1051 pro
814 996 1033 1034 casuum
1081 981 1439 1053 varietatibus
1489 992 1882 1052 permutantur.
1915 983 2016 1037 Alii

445 1089 678 1141 namque
727 1089 912 1127 sumus
960 1073 1133 1142 pueri,
1179 1073 1266 1126 alii
1327 1074 1576 1142 puberes,
1629 1075 1716 1129 alii
1765 1076 1865 1129 viri
1909 1075 2018 1148 jam

444 1162 597 1226 facti,
640 1180 703 1217 ac
753 1173 1208 1217 consenesceutes
1251 1163 1445 1218 iterum
1499 1166 1717 1220 omnino
1767 1165 2018 1218 immuta-

447 1269 588 1308 mur.
621 1253 683 1307 Et
715 1253 801 1306 alii
830 1255 1046 1324 quidem
1081 1269 1268 1309 smnus
1302 1254 1352 1309 in
1386 1254 1590 1309 laetiore
1621 1271 1797 1310 rerum
1835 1265 1977 1310 statu
2006 1275 2019 1309 :

447 1345 532 1397 alii
584 1359 714 1400 vero
772 1361 836 1398 ex
889 1346 1012 1400 aliis
1064 1346 1343 1409 efficimur,
1387 1348 1662 1416 asperiore
1721 1356 2020 1417 temporum

447 1450 574 1488 casn
618 1437 741 1490 usi:
776 1436 868 1489 alii
910 1436 1035 1490 dum
1085 1447 1434 1505 argrotamus,
1464 1436 1554 1492 alii
1590 1439 1716 1490 dum
1754 1437 2022 1492 valemus:

448 1527 538 1580 alii
591 1527 643 1580 in
691 1528 916 1598 nuptiis,
958 1528 1046 1580 alii
1098 1530 1147 1581 in
1188 1530 1355 1582 luctu.
1390 1530 1498 1583 Aut
1535 1530 1788 1597 quoniam
1824 1529 2024 1584 dictmn

447 1633 553 1671 non
590 1627 693 1682 est,
728 1616 798 1672 lis
829 1620 920 1687 qui
955 1619 1332 1685 immutantur,
1365 1620 1482 1683 sed,
1519 1617 1596 1674 Iis
1640 1621 1730 1689 qui
1777 1619 2028 1673 immuta-

448 1714 663 1775 buntur,
712 1726 923 1781 voxque
984 1712 1217 1779 speciem
1249 1712 1563 1782 prophetia:
1625 1726 1735 1782 prce
1784 1725 1844 1766 se
1902 1710 2026 1779 fert,

447 1804 590 1871 quod
630 1801 795 1856 futuri
851 1803 922 1857 sit
974 1805 1270 1872 temporis;
1304 1804 1719 1860 convenientius
1754 1805 1939 1872 fuerit,
1973 1815 2031 1861 ut

2122 993 2201 1029 νοι
2233 975 2342 1047 γὰρ
2377 977 2471 1029 καὶ
2500 974 2987 1046 ἀλλοιωθησόμενοι
3016 977 3064 1028 οἱ
3097 976 3233 1047 μήτε
3271 975 3367 1048 τὴν
3392 975 3488 1029 τοῦ
3520 976 3714 1046 σώμα-

2122 1085 2212 1132 τος
2245 1067 2358 1133 ἕξιν
2387 1067 2482 1139 τὴν
2517 1069 2685 1139 αὐτὴν
2717 1066 3089 1132 διασώζοντες,
3140 1070 3274 1140 μήτε
3313 1068 3406 1122 ἐπὶ
3443 1069 3543 1138 τῆς
3576 1068 3719 1137 γνὼ-

2129 1177 2235 1231 μης
2266 1159 2352 1213 ἀεὶ
2372 1160 2473 1229 τῆς
2497 1161 2666 1230 αὐτῆς
2701 1159 3012 1231 βεϐηκότες,
3039 1159 3173 1214 ἀλλά
3200 1160 3260 1213 τὸ
3289 1161 3384 1230 μὲν
3413 1159 3581 1231 σῶμα
3622 1179 3720 1213 κα-

2125 1251 2191 1304 τὰ
2230 1249 2329 1315 τὰς
2357 1250 2463 1304 τῶν
2489 1249 2714 1322 ἡλικιῶν
2753 1249 3054 1322 μεταϐολὰς
3099 1251 3487 1322 ἀλλοιούμενοι,
3527 1253 3636 1324 τὴν
3667 1252 3721 1306 δὲ

2126 1341 2367 1395 διάνοιαν
2401 1340 2537 1413 πρὸς
2573 1341 2671 1405 τάς
2702 1341 2974 1403 ποικιλίας
3017 1341 3126 1394 τῶν
3158 1342 3582 1412 συμπτωμάτων
3622 1360 3722 1413 με-

2125 1433 2493 1504 τατιθέμενοι.
2533 1432 2716 1487 Ἀλλοι
2747 1433 2846 1505 μὲν
2868 1433 2976 1505 γάρ
3005 1435 3172 1505 ἐσμεν
3207 1434 3412 1497 παῖδες,
3435 1435 3537 1488 καὶ
3562 1435 3724 1487 ἄλλοι

2128 1525 2343 1596 ἔφηϐοι,
2375 1527 2468 1578 καὶ
2496 1524 2862 1596 ἀνδρωθέντες
2886 1527 3084 1597 ἕτεροι,
3122 1529 3214 1580 καί
3254 1527 3726 1598 ἀπογηράσαντες

2131 1618 2293 1672 πάλιν
2318 1616 2598 1682 παντελῶς
2630 1616 2987 1689 ἀλλοιούμεθα
3017 1619 3150 1689 (45).
3183 1621 3291 1673 Καὶ
3330 1618 3482 1673 ἄλλοι
3522 1620 3627 1689 μὲν
3669 1622 3726 1670 ἐν

2130 1713 2250 1772 ταῖς
2283 1709 2665 1780 φαιδροτέραις
2701 1709 2868 1780 ἐσμὲν
2915 1711 3280 1765 καταστάσεσι
3316 1710 3425 1762 τῶν
3456 1712 3730 1783 πραγμά-

2131 1817 2239 1852 των
2262 1817 2275 1829 ·
2311 1799 2459 1853 ἄλλοι
2491 1800 2546 1852 δὲ
2585 1799 2644 1863 ἐξ
2669 1799 2842 1854 ἄλλων
2882 1799 3145 1871 γινόμεθα
3181 1801 3496 1874 τραχυτέρᾳ
3526 1819 3730 1855 συντυ-

448 1894 814 1950 immutaudos
876 1894 1242 1966 intelligamus
1297 1912 1414 1964 eos,
1469 1897 1583 1967 qui,
1641 1897 1828 1952 relicta
1888 1913 2026 1952 vana

2144 1892 2225 1962 (ίᾳ
2276 1891 2484 1962 καιρῶν
2526 1890 2889 1963 κεχρημένοι·
2930 1891 3078 1945 ἄλλοι
3126 1891 3424 1957 νοσοῦντες,
3470 1895 3570 1946 καὶ
3628 1894 3728 1947 ἆλ-

451 1997 665 2056 patrum
719 2003 938 2042 suorum
992 1989 1404 2055 consuetudine,
1435 2004 1500 2043 ex
1551 1989 1822 2060 Evangelii
1871 1990 2032 2044 disci-

447 2077 596 2148 plina
630 2079 795 2132 vitam
829 2095 980 2135 suam
1009 2092 1166 2136 erant
1195 2081 1514 2136 instituturi.
1540 2080 1726 2150 Itaque
1757 2098 1863 2137 non
1889 2083 2032 2138 illius

449 2171 626 2226 a-tatis
666 2169 866 2228 Judazis
907 2175 991 2228 hic
1029 2175 1269 2244 psalmus
1315 2175 1550 2244 scriptus
1589 2183 1693 2239 est,
1733 2176 1825 2230 sed
1878 2174 2033 2231 nobis

454 2262 830 2326 immutandis.
865 2265 957 2336 qui
989 2267 1209 2321 deorum
1241 2267 1638 2322 multitudinem
1667 2267 1719 2320 in
1751 2269 2028 2335 pietatem,

452 2371 518 2410 ac
553 2355 818 2411 idolorum
863 2373 1101 2412 errorem
1148 2358 1200 2412 in
1229 2359 1537 2415 Conditoris
1568 2360 1735 2415 nostri
1766 2361 2034 2429 cognitio-

453 2463 576 2502 nem
607 2450 933 2504 mutavimus
961 2465 974 2505 :
1000 2454 1089 2519 qui
1120 2469 1215 2521 pro
1242 2461 1575 2522 repugnante
1604 2452 1705 2523 legi
1737 2452 2031 2522 voluptate,

452 2541 886 2596 consentientem
950 2544 1048 2614 legi
1105 2546 1518 2614 temperantiam
1569 2546 1832 2618 elegimus
1880 2565 1896 2603 :
1944 2548 2032 2617 qui

453 2645 553 2700 pro
589 2631 732 2685 tibiis
762 2642 814 2685 et
847 2634 1034 2689 choris
1064 2651 1124 2690 ac
1151 2636 1416 2692 ebrietate
1446 2637 1710 2707 psalmum
1737 2637 2036 2708 jejunium-

453 2739 558 2791 que
601 2733 654 2778 et
709 2727 1073 2794 precationem
1127 2729 1286 2784 nobis
1331 2729 1745 2786 vindicarimus.
1803 2731 2038 2787 Proinde

454 2815 545 2884 qui
594 2817 736 2872 hunc
788 2818 1052 2887 psalmum
1099 2820 1299 2874 dixerit
1340 2822 1602 2890 scriptum
1642 2823 1797 2877 nobis
1830 2839 1970 2890 esse,
2006 2840 2036 2877 a

458 2908 711 2964 veritatis
744 2924 910 2979 scopo
937 2911 1078 2965 haud
1117 2911 1411 2967 aberrabit.
1443 2911 1568 2967 Ideo
1603 2923 1657 2968 et
1697 2925 1880 2969 nostra
1912 2925 2038 2971 sunt

453 2998 670 3052 oracula
707 3001 909 3068 divina,
944 3012 996 3056 et
1044 3003 1111 3056 ab
1160 3003 1401 3059 Ecclesia
1451 3006 1566 3072 Dei,
1607 3015 1860 3076 tanquam
1896 3008 2037 3063 dona

456 3089 715 3145 divinitus
765 3093 954 3155 missa,
985 3095 1036 3147 in
1089 3095 1317 3164 singulis
1363 3100 1720 3155 conventibus
1768 3100 2035 3171 leguntur,

455 3179 605 3232 velut
635 3181 948 3237 alimentum
997 3187 1266 3254 quoddam
1316 3190 1640 3258 animarum,
1677 3195 1820 3262 quod
1853 3212 1881 3246 a
1920 3195 2036 3262 Spi-

456 3269 566 3323 ritu
595 3273 1057 3329 subministrelur.
1090 3275 1195 3332 Sed
1227 3291 1276 3333 et
1305 3279 1393 3334 hic
1426 3282 1664 3351 psalmus
1691 3285 1924 3354 scriptus
1953 3297 2036 3340 est

456 3373 518 3416 ut
551 3364 603 3418 in
655 3364 907 3421 columna
941 3368 1298 3438 inscribatur;
1343 3372 1443 3427 hoc
1478 3385 1580 3442 est,
1618 3391 1722 3429 non
1765 3377 2032 3448 neg1igen-

458 3467 542 3511 ter
585 3468 640 3512 et
687 3458 1051 3526 perfunctorie
1101 3465 1382 3533 audiatur;
1437 3482 1635 3536 neque,
1677 3471 2036 3538 quemadmo—

456 3549 584 3602 dum
622 3550 730 3604 eito
776 3551 1026 3607 delentur
1065 3569 1184 3623 qua:
1227 3557 1280 3611 in
1327 3561 1552 3614 materia
1603 3575 1660 3615 se
1699 3561 1852 3633 191
1883 3562 2038 3616 facile

457 3652 844 3712 corrumpenle
886 3645 1196 3701 scribuntur
1229 3667 1244 3704 :
1276 3651 1358 3705 sic
1391 3651 1442 3706 in
1488 3663 1580 3707 tuo
1621 3655 1804 3710 animo
1851 3656 2039 3711 isthtcc

455 3730 524 3787 ad
560 3733 723 3788 breve
761 3746 973 3806 tempus
1017 3742 1293 3796 memoriae
1341 3743 1638 3814 insculpas,
1675 3746 1868 3801 deinde
1923 3748 2036 3818 ipsa

456 3825 712 3881 confundi
747 3843 809 3883 ac
837 3829 1142 3888 oblitterari
1167 3833 1351 3900 sinas;
1392 3837 1488 3892 sed
1521 3838 1572 3891 in
1609 3848 1696 3892 tua
1732 3841 1910 3896 anima
1939 3857 2036 3896 ceu

456 3915 512 3972 in
566 3916 818 3973 columna
872 3920 1039 3976 incisa
1086 3923 1229 3991 sint;
1280 3924 1332 3979 id
1386 3937 1490 3991 est,
1525 3926 1938 3983 immutabiliter
1975 3945 2040 3985 ac

459 4009 693 4064 ﬁrmiter
741 4027 838 4081 per
880 4029 1046 4070 omne
1086 4025 1296 4089 tempus
1337 4019 1391 4073 in
1438 4021 1697 4076 memoria
1749 4023 2036 4078 insideant.

459 4102 614 4168 Quod
645 4106 688 4158 si
731 4122 828 4162 nos
860 4110 1120 4178 reputerit
1151 4110 1390 4176 Iudaeus,
1425 4112 1571 4167 velut
1598 4129 1628 4168 a
1652 4114 1873 4182 scriptis
1901 4115 2039 4171 alie-

459 4213 594 4264 nos;
641 4214 735 4267 per
769 4199 885 4256 haec
933 4217 1054 4271 quae
1100 4205 1301 4274 scripta
1350 4214 1496 4270 sunt,
1531 4206 1704 4274 ipsum
1745 4207 2042 4262 aﬂiciamus

459 4289 668 4356 pudore
705 4309 720 4347 :
764 4293 843 4347 sic
894 4303 950 4348 ut
1005 4297 1354 4352 ostendamus
1418 4299 1640 4352 mixtam
1703 4302 2039 4356 vocationem

460 4396 603 4440 esse.
631 4397 751 4451 qua:
775 4384 1031 4438 distantia
1060 4386 1283 4457 colligit,
1311 4400 1366 4443 et
1391 4403 1452 4443 ea
1482 4405 1601 4459 qua:
1632 4392 1818 4460 procul
1846 4393 2042 4447 absunt

461 4481 744 4535 convocat,
774 4488 837 4526 ac
889 4490 983 4543 per
1027 4475 1185 4530 ﬁdem
1234 4478 1285 4531 in
1331 4476 1609 4533 Christum
1650 4481 1811 4534 ellicit
1846 4483 2042 4538 multos

2132 1984 2214 2037 λοι
2277 1984 2674 2048 εὐπαθοῦντες·
2734 1984 2884 2039 ἄλλοι
2935 1987 2992 2039 ὲν
3053 1985 3271 2057 γάμοις,
3323 1986 3416 2038 καὶ
3462 1985 3620 2040 ἄλλοι
3673 1989 3731 2039 ἐν

2133 2076 2410 2130 πένθεσιν.
2461 2078 2530 2130 Ἢ
2571 2077 2658 2131 διὰ
2701 2077 2762 2130 τὸ
2811 2075 2885 2149 μὴ
2927 2077 3200 2148 εἰρῆσθαι,
3243 2075 3367 2140 Τοῖς
3403 2078 3732 2148 ἀλλοιουμέ-

2133 2185 2264 2232 νοις,
2301 2167 2457 2232 ἀλλά,
2494 2169 2622 2234 Τοῖς
2651 2167 3255 2238 ἁλλοιωθησομένοις,
3292 2169 3385 2222 καὶ
3406 2167 3509 2239 τὴν
3541 2171 3731 2239 φωνὴν

2133 2257 2356 2323 ἔνδειξιν
2391 2259 2535 2329 ἔχειν
2563 2257 2916 2328 προφητείας,
2948 2256 3027 2327 τῷ
3061 2259 3140 2321 είς
3171 2255 3230 2310 τὸ
3265 2257 3456 2328 μέλλον
3481 2259 3598 2329 (46)
3639 2263 3728 2312 ὲκ-

2135 2351 2421 2406 κεκλίσθαι
2456 2354 2548 2406 τὸν
2577 2351 2789 2424 χρόνον,
2815 2349 3235 2422 ἀκολουθότερον
3255 2351 3456 2405 ἐννοεῖν
3484 2353 3614 2416 τοὺς
3645 2352 3735 2404 άλ-

2135 2442 2597 2514 λοιωθησομένους
2629 2442 2754 2504 τοὺς
2784 2441 3096 2512 μέλλοντας,
3130 2440 3229 2512 τὴν
3261 2441 3398 2513 πρὸς
3418 2440 3487 2494 τά
3519 2443 3733 2513 μάταια

2135 2535 2244 2588 τῶν
2279 2534 2530 2604 πατέρων
2564 2533 2849 2604 συνήθειαν
2896 2533 3009 2602 (47)
3060 2532 3315 2601 ἀφέντας,
3374 2535 3444 2604 τῇ
3473 2534 3623 2586 κατᾶ
3671 2535 3732 2587 τὸ

2137 2628 2470 2699 Εὐαγγέλιον
2513 2627 2768 2700 ἀκριϐείᾳ
2808 2626 3110 2692 κανονίζειν
3161 2628 3258 2700 τὴν
3305 2629 3604 2683 πολιτείαν.
3655 2632 3731 2684 Οὐ

2137 2723 2315 2776 τοίνυν
2347 2723 2459 2786 τοῖς
2494 2721 2615 2774 τότε
2655 2720 2926 2784 Ἰουδαίοις
2947 2722 2975 2775 ό
3003 2720 3215 2792 ψαλμὺς
3239 2721 3576 2793 γέγραπται,
3611 2723 3732 2776 ἀλλ’

2138 2817 2271 2886 ἡμῖν
2312 2817 2423 2878 τοῖς
2453 2813 2998 2886 άλλοιωθησομένοις,
3031 2816 3144 2878 τοῖς
3182 2815 3280 2886 τὴν
3315 2815 3607 2870 πολυθεῖαν
3651 2819 3735 2880 εἰς

2140 2908 2421 2962 εὐσέϐειαν
2467 2907 2829 2979 διαμείϐουσι,
2884 2911 2983 2979 τὴν
3037 2907 3167 2981 περὶ
3205 2908 3274 2962 τά
3329 2908 3527 2962 εἴδωλα
3587 2909 3734 2964 πλά-

2141 3021 2237 3073 νην
2265 3002 2375 3072 (48)
2420 3004 2499 3063 εἰς
2547 3001 2648 3072 τὴν
2693 3001 2789 3055 τοῦ
2839 3002 3164 3072 ποιήσαντος
3202 3002 3350 3072 ἡμᾶς
3397 3002 3728 3071 ἐπίγνωσιν·

2141 3096 2251 3157 τοῖς
2282 3093 2401 3146 ἀντὶ
2428 3092 2617 3163 ἡδονῆς
2644 3092 2961 3163 παρανόμου
2991 3092 3348 3164 σωφροσύνην
3382 3093 3612 3164 ἔννομον
3640 3097 3734 3147 αἱ·

2145 3186 2424 3259 ρουμένοις
2450 3203 2461 3216 ·
2495 3188 2615 3240 ἀντὶ
2653 3184 2861 3250 αὐλῶν,
2891 3185 2986 3239 καὶ
3018 3185 3216 3257 χορῶν,
3247 3187 3340 3238 καὶ
3373 3186 3566 3256 μέθης,
3594 3186 3735 3257 φιλ.

2149 3279 2270 3350 μὸν.
2307 3279 2399 3332 καὶ
2430 3277 2702 3348 νηστείαν,
2733 3277 2824 3330 καὶ
2857 3277 3162 3348 προσευχὴν
3200 3277 3732 3348 μεταλαμϐάνουσιν.

2157 3373 2316 3442 Ἡμῖν
2342 3366 2432 3424 οὖν
2463 3370 2771 3443 γεγράφθαι
2808 3370 2899 3424 τὸν
2936 3370 3149 3441 ψαλμὸν
3179 3370 3346 3424 είττών
3387 3388 3490 3434 τις,
3526 3373 3628 3424 οὐκ
3666 3371 3735 3425 ἂν

2144 3466 2381 3536 ἁμάρτοι
2413 3464 2512 3535 τῆς
2544 3463 2822 3535 ἀληθείας.
2853 3464 2946 3517 Διὸ
2974 3464 3085 3533 (49)
3119 3465 3214 3517 καὶ
3237 3464 3481 3536 ⁴ἡμέτερά
3507 3467 3626 3518 ἐστι
3661 3466 3734 3517 τὶ

2146 3557 2266 3611 θεῖα
2305 3557 2482 3627 λόγια,
2542 3557 2637 3610 καὶ
2680 3559 2746 3628 τῇ
2787 3556 2881 3610 τοῦ
2923 3555 3059 3610 Θεοῦ
3107 3556 3423 3627 Ἐκκλησία,
3476 3556 3553 3619 ὡς
3609 3555 3734 3609 θεό-

2147 3665 2372 3719 πεμπτα
2415 3647 2585 3719 δῶρα,
2628 3647 2750 3700 καθ’
2800 3646 3031 3701 ἕκαστον
3075 3646 3332 3716 σύλλογον
3385 3645 3736 3713 ὑπαναγινὼ-

2147 3758 2357 3804 σκεται,
2404 3734 2515 3793 οἷόν
2554 3756 2638 3802 τις
2673 3739 2846 3810 τροφὴ
2879 3738 3066 3810 ψυχῶν
3106 3739 3484 3812 χορηγουμένη
3516 3740 3607 3794 διά
3634 3739 3732 3792 τοῦ

2149 3830 2482 3900 Πνεῦματος.
2526 3828 2686 3881 Ἀλλά
2717 3829 2809 3881 καὶ
2849 3830 2927 3892 είς
2962 3829 3364 3900 στηλογραφίαν
3411 3829 3734 3900 γέγραπται

2146 3926 2175 3978 ό
2221 3923 2471 3996 ψαλμός·
2529 3922 2793 3988 τουτέστι,
2843 3923 2918 3995 μὴ
2974 3923 3250 3995 πάρεργος
3296 3923 3434 3976 ἔστω
3479 3921 3646 3976 αὑτοῦ
3700 3925 3732 3992 ἡ

2147 4017 2438 4089 ἀκρόασις·
2471 4016 2626 4087 μηδὲ,
2657 4015 2845 4087 ὥσπερ
2873 4015 2942 4068 τά
2975 4019 3031 4069 ὲν
3051 4018 3116 4088 τῇ
3151 4015 3437 4088 εὐφθάρτῳ
3471 4015 3574 4088 ὕλῃ
3596 4032 3734 4086 γρα-

2149 4110 2359 4181 φόμενα
2402 4109 2572 4179 ταχὺν
2605 4107 2716 4178 (50)
2749 4107 3016 4178 λαμϐάνει
3057 4107 3146 4161 τὴν
3178 4108 3503 4179 ἀφανισμὸν,
3554 4107 3733 4170 οὕτως

2149 4205 2206 4256 ὲν
2231 4205 2298 4274 τῇ
2326 4199 2550 4254 σεαυτοῦ
2576 4198 2784 4269 διανοίᾳ
2809 4198 2944 4270 πρὸς
2971 4197 3150 4267 ὀλίγον
3172 4197 3478 4270 ἐγχαράξας
3503 4201 3566 4268 τῇ
3599 4205 3733 4268 μνή-

2153 4312 2248 4365 μῃ,
2303 4288 2422 4346 εἶτα
2470 4291 2832 4363 συγχωρησῃς
2889 4289 3028 4344 αὐτὰ
3084 4289 3414 4360 συγχυθῆναι
3474 4289 3587 4357 (Si)
3637 4289 3726 4342 καὶ

2149 4385 2542 4455 ἀφανισθῆναι·
2579 4383 2692 4435 ἀλλ’
2717 4381 2804 4452 ἕχε
2828 4382 3308 4454 ἐνεστηλιτευμένα
3336 4399 3425 4434 σου
3457 4383 3522 4452 τῇ
3549 4381 3694 4450 ψυχῇ
3711 4396 3724 4407 ·

2149 4477 2422 4532 τουτέστιν
2453 4476 2683 4546 ἀκίνητα
2726 4476 2820 4528 καὶ
2853 4473 3024 4543 πάγια
3066 4475 3146 4539 εἰς
3184 4474 3357 4528 πάντα
3399 4473 3491 4525 τὸν
3541 4473 3734 4542 χρόνον

461 4574 650 4613 unttm.
694 4560 856 4616 Vens.
899 4564 953 4617 7.
999 4564 1147 4619 Meus
1182 4577 1279 4632 est,
1312 4568 1506 4638 inquit,
1548 4568 1779 4636 Gulaad,
1810 4582 1859 4625 et
1898 4590 2034 4627 meus

2149 4568 2476 4641 ἐνιδρυμένα
2518 4570 2584 4638 τῇ
2625 4568 2834 4638 μνήμη.
2885 4566 3009 4620 Ἐὰν
3053 4567 3110 4620 δὲ
3155 4567 3474 4639 παρωθῆται
3518 4569 3668 4638 ἡμᾶς
3703 4569 3733 4619 ό

462 4659 536 4702 est
566 4650 856 4708 Manasses.
878 4657 940 4710 Et
971 4656 1226 4725 Ephraim
1252 4661 1406 4724 dixit,
1425 4673 1479 4715 et
1511 4661 1704 4717 ludam
1728 4666 2045 4735 assumpsit,

464 4749 518 4792 et
545 4749 920 4800 annumeravit
946 4749 1123 4806 Moab.
1151 4751 1291 4818 Quin
1319 4763 1373 4806 et
1401 4753 1450 4806 in
1475 4753 1762 4808 ldumaeam
1791 4773 2050 4812 ascensu-

469 4846 586 4884 rum
613 4848 670 4887 se
702 4839 954 4906 minatur,
976 4858 1038 4895 ac
1064 4845 1305 4897 omnium
1348 4845 1506 4898 simul
1535 4847 1923 4916 subjectionem
1955 4865 2050 4902 an-

468 4925 680 4978 nuntiat
713 4944 726 4980 :
760 4927 922 4984 Vens.
964 4931 1048 4986 10.
1083 4932 1216 4987 Milli
1243 4935 1550 5004 alienigena!
1573 4937 1768 4990 subditi
1797 4949 1938 4992 sunt.

2167 4663 2414 4726 Ἰουδαῖος
2447 4662 2523 4725 ὡς
2553 4659 2867 4730 ἀλλοτρίους
2904 4659 3012 4713 τῶν
3054 4659 3472 4731 γεγραμμένων,
3530 4661 3594 4712 ἐκ
3625 4659 3731 4712 τῶν

2148 4752 2548 4825 γεγραμμένων
2602 4751 2765 4805 αὐτὸν
2814 4751 3255 4822 δυσωπήσωμεν·
3322 4749 3607 4820 δηλοῦντες
3675 4751 3732 4801 τὸ

2151 4845 2455 4916 σύμμικτον
2482 4844 2579 4914 τῆς
2605 4843 2877 4912 κλήσεως·
2911 4843 3059 4905 ὅπως
3103 4841 3172 4894 τὰ
3197 4841 3457 4895 διεστῶτα
3485 4841 3730 4910 συνάγει,

2148 4937 2218 4990 τά
2242 4937 2456 5008 μακράν
2489 4933 2773 5003 συγκαλεῖ,
2802 4933 2899 4986 ἕνα
2928 4935 3071 4984 ποιεῖ
3108 4933 3232 4996 τοὺς
3267 4931 3492 4996 πολλοὺς
3523 4931 3611 4985 διὰ
3637 4935 3734 5002 τῆς

466 5022 546 5084 εἰς
595 5021 828 5092 Χριστὸν
887 5024 1121 5088 πίστεως
1166 5025 1297 5097 (52).
1360 5028 1528 5093 Ἐιιός
1564 5030 1714 5093 ἐστι,
1777 5031 1932 5101 φησὶ,
1985 5029 2258 5084 Γαλαὰδ·
2317 5028 2415 5082 καὶ
2457 5028 2598 5095 ἐμός
2629 5026 2760 5080 ἐστι
2807 5023 3166 5092 Μανασσῆς.
3216 5024 3324 5077 Καὶ
3360 5023 3452 5076 τὸν
3495 5023 3734 5095 Ἑφραῒμ

541 5229 653 5299 (45)
689 5230 818 5297 Reg.
853 5229 1048 5282 tertius
1079 5229 1470 5300 ἀλλοιούμενοι.

543 5301 655 5374 (46)
690 5300 868 5374 Nostri
906 5301 1154 5374 undecim
1215 5317 1343 5374 ipss.
1384 5302 1580 5355 habent
1611 5305 1689 5366 εἰς
1746 5303 1804 5356 τὸ
1835 5303 2047 5374 μέλλον.

473 5370 613 5442 Eliti
659 5374 738 5442 εἰς
771 5371 861 5424 τὸν
913 5370 1195 5441 μέλλοντα.
1232 5369 1432 5424 Ibidem
1475 5383 1584 5425 tres
1624 5389 1752 5427 mss.
1802 5369 2050 5442 ἐγκεκλί-

471 5440 615 5495 σθαι.
649 5441 843 5496 Statim
882 5440 1122 5512 quinque
1155 5457 1283 5494 mss.
1325 5442 1750 5512 ἀκολουθότερον
1784 5440 1945 5500 νοεῖν.

545 5514 658 5577 (47)
692 5513 765 5565 Ita
809 5512 948 5568 Oliv.
983 5524 1037 5566 ct
1088 5511 1331 5566 Combel'.
1373 5529 1494 5566 cum
1549 5511 1669 5568 aliis
1695 5531 1787 5568 sex
1821 5533 1949 5570 mss.
1987 5518 2055 5571 At

473 5584 851 5655 cilt'ti‘etrlteg.
887 5595 1071 5638 sextus
1092 5583 1210 5655 (τῶν
1233 5582 1537 5655 ἀνθρώπων
1568 5585 1874 5655 συνήθειαν.

549 5652 659 5722 (t8)
693 5653 994 5726 (iulberlini
1022 5654 1228 5726 primus
1253 5664 1303 5707 et
1334 5652 1520 5709 Sextus
1545 5672 1666 5726 cum
1688 5652 1825 5726 'lteg.
1863 5669 2056 5725 quarto

473 5721 574 5794 τῂν
607 5724 827 5794 περὶτὰ
857 5723 1052 5777 εἴδωλα
1081 5725 1290 5783 πτοίαν,
1317 5726 1524 5777 inanem
1545 5721 1804 5780 idolorum
1838 5721 2050 5782 nierum.

479 5791 752 5866 Multi_ahi
779 5810 912 5866 mss.
955 5810 1076 5848 eum
1109 5797 1269 5849 editis
1300 5796 1399 5866 τὴν
1440 5798 1567 5866 περὶ
1602 5795 1673 5848 τὰ
1701 5799 1894 5852 εἴδωλα
1918 5799 2055 5851 πλά-

478 5877 590 5936 νην.
635 5861 742 5919 Nec
789 5865 862 5919 ita
891 5866 1060 5921 multo
1108 5875 1227 5938 post
1284 5861 1472 5924 nostra
1500 5861 1667 5925 editio
1695 5868 1868 5927 Paris.
1897 5871 2053 5945 αἱρη-

2156 5234 2357 5303 μένοις.
2407 5234 2653 5288 Secunda
2701 5234 2868 5289 editio
2916 5232 3089 5288 Paris.
3121 5231 3437 5303 ᾑρημένοις.
3488 5230 3556 5283 At
3600 5246 3727 5283 mss.

2153 5308 2515 5382 αἱρουμένοις.
3265 5372 3300 5382 κ
3372 5371 3404 5382 ,,
3483 5372 3497 5382 ,

2227 5371 2337 5445 (49)
2371 5375 2447 5429 lta
2487 5392 2579 5430 sex
2622 5391 2754 5432 mss.
2809 5389 2932 5431 eum
2972 5375 3210 5430 editione
3265 5371 3427 5427 Basil.
3471 5372 3541 5426 At
3567 5371 3731 5424 editio

2154 5446 2326 5502 l‘aris.
2354 5446 2506 5500 διότι.

2226 5516 2338 5587 (50)
2367 5517 2596 5570 Codices
2619 5517 2826 5583 aliquot
2853 5515 3014 5587 ταχύ,
3045 5514 3304 5569 celeriter.

2226 5582 2338 5656 (51)
2371 5587 2508 5641 Editi
2539 5582 2890 5656 συγχεοῆναι.
2923 5582 2993 5641 Ᾰι
3023 5601 3152 5656 mss.
3210 5593 3427 5656 septem
3472 5582 3733 5656 συγχυθῆ-

2157 5652 2263 5710 ναι.
2299 5657 2407 5711 Iloc
2437 5657 2553 5723 ipso
2585 5652 2798 5710 iii-loco
2825 5658 2990 5710 editio
3020 5655 3191 5710 Paris.
3248 5652 3722 5723 ὲνστηλιτευμένα.

2153 5731 2220 5800 At
2278 5737 2514 5800 quatuor
2581 5742 2712 5782 mss.
2790 5725 3295 5800 ἐνεστηλιτευμένα.
3347 5724 3499 5778 Coll).
3548 5733 3731 5775 sextus

2154 5799 2434 5868 ἐστηλιτευ
2443 5797 2599 5868 μένα.

2226 5866 2336 5940 (ὅέ)
2375 5866 2670 5926 tio‘lbertini
2709 5869 2937 5939 primus,
2961 5874 3212 5940 quartus,
3263 5866 3504 5936 quintus,
3542 5871 3730 5916 sextus
