3978 6410
243 456 348 510 465

1404 449 1683 506 ilOMlLlA
1723 448 1786 502 ΙΝ
1825 447 2151 503 PSALMUM
2190 446 2326 505 LIX.

3385 443 3489 498 466

244 567 387 634 εἷπε,
421 569 514 623 καὶ
545 569 635 622 τὸν
669 566 864 620 Ἰούδαν
903 564 1294 636 προσελάϐετο·
1347 565 1440 618 καὶ
1501 563 1867 636 συνηρίθμησε
1904 561 1994 614 τὸν
2023 561 2212 616 Μωάϐ.
2249 560 2360 614 Καὶ
2387 559 2487 630 τῆς
2535 558 2833 630 Ἰδουμαίας
2859 559 3211 630 ἐπιϐήσεσθαι
3244 560 3490 616 ἀπειλεῖ⁹

245 661 340 717 καὶ
364 660 580 713 πάντων
626 656 760 726 ὁμοῦ
818 657 913 727 τὴν
943 655 1220 727 ὑποταγὴν
1245 655 1679 724 εὐαγγελίζεται·
1727 653 1877 720 Ἐμοί
1921 653 2260 720 ἁνιίόεουλοι
2300 650 2708 720 ὑπετάγησαν-

318 753 370 806 5.
413 753 475 803 '0
516 747 660 814 Θεὸς
706 743 798 800 οῦν
835 746 1052 800 ἀπώσω
1086 744 1260 814 ἡμᾶς.
1281 745 1419 809 Τοὺς
1452 744 1824 815 μα-κρύνοντας

2000 743 2052 795 5.
2100 742 2237 796 Deus
2279 741 2440 812 igitur
2473 739 2708 809 repulisti
2751 755 2864 792 nos.
2904 737 3005 791 Eos
3038 738 3129 806 qui
3178 740 3495 808 semetipsos

249 845 474 906 ἑαυτοὺς
517 840 624 893 ἀπὸ
667 838 761 892 σοῦ
793 838 933 892 κατὰ
964 838 1062 908 τὴν
1090 837 1378 905 ἀναλογίαν
1422 837 1534 889 τῶν
1573 837 1822 906 ἀμαρτηο

1928 848 1956 882 a
2011 841 2060 882 te
2103 831 2384 898 clangunt,
2435 845 2532 898 pro
2578 830 2786 883 ratione
2851 827 3167 881 delictorum
3229 829 3490 896 repulisti.

253 933 440 1008 μάτων
472 931 694 984 ἀπώσω.
738 929 819 982 Τὰ
859 931 1176 998 συστήματα
1222 929 1319 999 τῆς
1360 928 1622 998 πονηρίας
1671 926 1826 997 ἡμῶν

1957 922 2246 976 )estruxisti
2277 919 2576 990 iniquitatis
2599 929 2794 975 nostrae
2821 919 3149 986 congeriem,
3173 918 3244 974 ob
3271 920 3496 974 inﬁrmi-

251 1021 516 1085 καθεῖλες,
551 1019 873 1092 [εὐεργετῶν
907 1020 1052 1088 ἡμᾶς
1088 1017 1175 1071 διὰ
1203 1019 1305 1088 τῆς
1331 1016 1658 1088 ἀσθενείας.]
1712 1018 1828 1087 Ὠρ-

251 1115 463 1185 γίσθης,
492 1114 578 1166 ὅτε
608 1108 748 1183 ἦμεν
774 1111 930 1180 φύσει
957 1112 1122 1163 τέκνα
1149 1112 1337 1181 ὀργῆς,
1367 1109 1554 1162 ἐλπίδα
1587 1109 1660 1180 μὴ
1683 1108 1829 1181 ἔχον-

252 1223 364 1268 τες,
400 1205 493 1257 καὶ
529 1202 674 1256 ἀθεοι
705 1203 762 1253 ὲν
788 1201 866 1270 τῷ
894 1200 1101 1271 κόσμῳ.
1151 1200 1503 1271 ᾩκτείρησας
1538 1203 1705 1272 ἡμᾶς,
1741 1201 1826 1254 ὅτε

250 1296 340 1350 τὸν
408 1294 685 1363 Μονογενῆ
748 1310 837 1346 σου
901 1292 1128 1363 προέθου
1182 1291 1491 1364 ἱλαστήριον
1535 1292 1674 1362 ὑπὲρ
1721 1292 1828 1344 τῶν

249 1387 534 1459 ἁμαρτιῶν
573 1385 752 1456 ἡμῶν,
786 1386 873 1438 ἴνα
904 1386 959 1438 ὲν
983 1383 1060 1454 τῷ
1083 1386 1273 1454 αἵματι
1299 1383 1462 1437 αὑτοῦ
1495 1383 1590 1454 τὴν
1624 1383 1827 1436 ἀπολύ-

251 1498 453 1552 τρωσιν
495 1479 762 1551 εὕρωμεν.
794 1480 861 1530 "A
881 1477 980 1530 οὐκ
1005 1476 1069 1530 ἂν
1106 1477 1481 1546 ἐγνωρίσαμεν
1513 1476 1830 1546 εὐεργετού-

254 1591 424 1644 μενοι,
475 1574 522 1625 εί
575 1571 648 1642 μὴ
705 1570 960 1631 ὲπότισας
1011 1570 1156 1639 ήμᾶς
1206 1565 1377 1621 Οἶνον
1425 1567 1826 1632 κατανύξεως.

251 1660 406 1717 Οἶνον
427 1661 573 1729 λέγει
616 1660 706 1713 τὸν
733 1657 887 1727 λόγον
913 1657 1000 1710 τὸν
1029 1657 1125 1728 τὴν
1159 1656 1572 1726 πεπωρωμένην
1607 1654 1830 1725 καρδίαν

251 1755 331 1815 είς
400 1749 750 1819 συναίσθησιν
814 1747 1034 1815 ἄγοντα.
1111 1745 1370 1810 Ἔδωκας
1435 1743 1560 1809 τοῖς
1617 1745 1831 1811 φοϐου-

248 1844 455 1915 μένοις
481 1859 554 1896 σε
581 1839 931 1909 σημείωσιν,
965 1838 1071 1892 τοῦ
1112 1837 1324 1907 φυγεῖν
1357 1835 1475 1890 ἀπὸ
1509 1835 1830 1904 προσώπου

252 1935 453 1999 τόξου.
525 1933 764 2002 Μωῦσῆς
828 1932 926 2002 μὲν
990 1930 1090 1994 τὰς
1160 1929 1320 1999 φλιὰς
1387 1928 1493 1981 τῶν
1569 1927 1833 1999 Ἰσραηλι-

253 2029 362 2081 τῶν
405 2026 514 2097 (55)
553 2025 632 2096 τῷ
680 2027 870 2094 αἵματι
925 2022 1018 2076 τοῦ
1067 2022 1337 2094 προϐάτου
1381 2023 1827 2091 κατεσημήνατοο

256 2121 322 2174 σὺ
373 2120 430 2172 δὲ
477 2119 683 2180 ἔδωκας
727 2118 858 2187 ἡμῖν
898 2116 1215 2186 σημείωσιν,
1267 2113 1397 2166 αὐτὸ
1446 2113 1506 2166 τὸ
1561 2107 1698 2183 αἷμα
1735 2110 1829 2164 τοῦ

257 2211 490 2282 ἀμώμου
543 2208 716 2280 ἀμνοῦ
751 2207 844 2260 τοῦ
887 2205 1313 2275 σφαγιασθέντος
1337 2205 1474 2276 ὑπὲρ
1509 2204 1607 2275 τῆς
1656 2205 1836 2274 ἁμαρ-

257 2304 376 2367 τίας
418 2302 511 2355 τοῦ
574 2303 802 2372 κόσμου.
859 2299 972 2354 Καὶ
1031 2295 1291 2368 Ἰεζεκιὴλ
1345 2297 1439 2349 ἐπὶ
1495 2295 1563 2349 τὰ
1612 2295 1838 2365 μέτωπα

257 2393 366 2446 τῶν
409 2391 714 2463 προσώπων
751 2387 988 2442 δίδοσθαι
1025 2386 1172 2455 λέγει
1220 2385 1280 2439 τὸ
1315 2387 1554 2455 σημεῖον.
1590 2385 1839 2452 Πορεύε-

262 2491 372 2541 σθε
421 2484 551 2554 γὰρ,
609 2482 793 2552 φησιν,
833 2482 1024 2534 ὀπίσω
1058 2477 1264 2537 αὑτοῦ.
1313 2476 1412 2530 καὶ
1445 2478 1720 2530 κόπτετε·
1751 2475 1837 2545 μὴ

264 2575 558 2646 φείσησθε
588 2573 699 2643 (54)
721 2591 733 2602 ·
767 2570 921 2640 μηδὲ
941 2568 1250 2637 ἐλεήσητε.
1280 2569 1710 2636 Πρεσϐύτερον,
1742 2567 1841 2620 καί

261 2666 606 2729 νεανίσκον,
641 2663 736 2716 καί
761 2661 1001 2728 νήπιον,
1028 2661 1126 2714 καί
1166 2658 1481 2727 παρθένον,
1513 2658 1610 2710 καὶ
1642 2655 1843 2727 γυναῖ-

265 2776 376 2824 κας
417 2756 804 2812 ἀποκτείνατε
843 2756 929 2818 εὶς
969 2752 1314 2820 ἐξήλειψεν-ο
1361 2750 1457 2803 ἐπὶ
1491 2749 1560 2802 δὲ
1591 2749 1839 2814 πάντας,

266 2851 360 2921 ἐφ’
407 2851 512 2916 οὓς
554 2850 685 2902 ἐστι
730 2846 794 2900 τὸ
838 2844 1108 2914 σημεῖον,
1151 2842 1236 2912 μὴ
1269 2843 1563 2912 ἐγγίσητε.
1606 2842 1660 2892 '0
1702 2841 1845 2905 Θεὸς

267 2941 576 3008 ἐλάλησεν
613 2939 683 2991 ἐν
718 2935 800 3001 τῷ
827 2935 971 3005 ἁγίῳ
997 2932 1202 3000 αὑτοῦ,
1232 2931 1703 3002 Ἀγαλλιὰσομαι,
1747 2929 1844 2983 καὶ

269 3029 546 3100 διαμεριῶ
573 3029 782 3096 Σίκιμα
816 3025 948 3097 (55).
993 3025 1193 3094 Σίκιμα
1237 3023 1297 3075 τὸ
1329 3022 1605 3093 ἐξαίρετον
1626 3021 1845 3092 χωρίον,

271 3125 350 3193 τῷ
391 3122 590 3193 Ἰωσὴφ
623 3121 775 3191 παρὰ
814 3117 908 3171 τοῦ
969 3115 1162 3169 Ἰακὼϐ
1205 3115 1509 3185 δεδομένον,
1551 3115 1719 3177 τύπος
1749 3114 1850 3184 τῆς

271 3215 540 3285 διαθήκης
576 3213 676 3283 τῆς
711 3211 854 3282 μόνῳ
878 3208 1137 3278 δοκούσης
1157 3207 1234 3278 τῷ
1249 3207 1477 3279 Ἰσραὴλ
1497 3205 1846 3279 δεδωρῆσθαι..

275 3307 388 3378 Τὴν
422 3306 598 3359 τοίνυν
636 3303 909 3374 ἐξαίρετον
939 3299 1202 3371 διαθήκην
1233 3300 1326 3352 καὶ
1356 3298 1719 3369 κληρονομίαν
1757 3297 1850 3350 τοῦ

1932 1025 2094 1067 tatem
2149 1014 2306 1067 nobis
2363 1012 2730 1067 hencl‘aciens.
2783 1011 2959 1065 Iratus
3004 1025 3083 1074 es,
3127 1025 3246 1065 cum
3306 1021 3495 1065 natura

1929 1122 2173 1162 essemus
2202 1107 2294 1160 ira:
2320 1104 2412 1160 filii
2444 1107 2506 1172 ιο,
2542 1118 2690 1174 spem
2721 1119 2825 1158 non
2855 1103 3133 1166 habentes,
3158 1113 3209 1156 et
3238 1117 3304 1157 ne
3332 1105 3495 1158 Deum

1931 1199 2150 1269 quidem
2179 1198 2232 1251 in
2261 1197 2461 1251 mundo
2489 1202 2840 1265 agnoscentes
2874 1191 2937 1248 “.
2969 1191 3216 1246 Misertus
3243 1207 3301 1247 es
3330 1193 3495 1246 nostri

1931 1302 2064 1353 tum,
2098 1305 2220 1344 cum
2268 1287 2610 1357 Unigenitum
2663 1297 2810 1339 tuum
2864 1297 2961 1352 pro
3012 1282 3209 1338 nostris
3265 1282 3499 1350 peccatis

1930 1381 2370 1450 propitiationem
2400 1375 2751 1447 proposuisti,
2776 1383 2836 1429 ut
2877 1376 2930 1428 in
2970 1372 3086 1442 ejus
3124 1374 3385 1442 sanguine
3412 1373 3499 1425 in-

1932 1473 2240 1526 veniremus
2270 1470 2716 1539 redemptionem.
2747 1467 2876 1532 Qua:
2904 1466 3088 1534 utique
3119 1479 3224 1517 non
3252 1464 3500 1532 agnovis-

1929 1575 2112 1617 semus
2169 1559 2429 1613 beneﬁcio
2488 1568 2578 1612 tuo
2633 1556 2788 1610 nobis
2849 1554 3171 1623 contigisse,
3241 1552 3342 1606 nisi
3403 1566 3500 1605 nos

1935 1652 2122 1724 (Vens.
2157 1651 2212 1721 5)
2259 1648 2391 1702 Vino
2425 1646 2832 1718 compunctionis
2875 1655 3135 1714 potasses.
3181 1642 3372 1697 Vinum
3404 1657 3504 1695 au-

1934 1755 2041 1800 tem
2103 1741 2334 1813 appellat
2393 1754 2718 1801 sermonem,
2760 1751 2867 1808 quo
2919 1736 3240 1791 ebduratum
3294 1749 3389 1789 cor
3437 1737 3503 1788 ad

1933 1851 2152 1892 sensum
2187 1832 2493 1889 deducitur.
2529 1830 2693 1886 Vens.
2731 1829 2786 1884 6.
2832 1828 3031 1883 Dedisti
3069 1825 3412 1880 metuentibus
3455 1835 3506 1879 te

1934 1928 2468 2001 signiﬁcationem,ut
2489 1923 2693 1994 fugiunt
2723 1937 2754 1974 a
2781 1920 2917 1988 facie
2947 1935 3124 1974 arcus.
3157 1917 3365 1988 Moyses
3389 1917 3506 1985 qui-

1936 2023 2056 2077 dem
2103 2018 2462 2073 Israelitarum
2508 2024 2691 2085 postes
2737 2012 2900 2066 ovillo
2943 2011 3205 2080 sanguine
3250 2009 3507 2078 obsigna-

1936 2115 2014 2170 vit
2041 2116 2120 2179 “;
2169 2123 2223 2166 tu
2261 2123 2390 2163 vero
2440 2106 2594 2160 nobis
2645 2103 2837 2158 dedisti
2873 2100 3344 2172 signiﬁcationem,
3383 2114 3511 2152 san-

1936 2205 2152 2275 guinem
2203 2201 2379 2269 ipsum
2426 2191 2830 2250 incontaminati
2879 2191 3022 2260 agni,
3055 2188 3145 2258 qui
3192 2201 3288 2255 pro
3324 2182 3507 2238 mundi

1937 2273 2158 2364 peccato
2195 2289 2501 2344 immolatus
2531 2292 2633 2340 est.
2663 2281 2730 2336 Et
2762 2280 3012 2336 Ezechiel
3067 2279 3119 2333 in
3172 2276 3379 2331 frontes
3425 2273 3508 2326 fa-

1939 2385 2140 2439 cierum
2167 2381 2376 2448 signum
2400 2380 2582 2433 datum
2622 2390 2743 2431 esse
2776 2372 2974 2429 dicit“
3002 2390 3015 2426 :
3046 2370 3324 2424 Ambulale
3349 2373 3506 2436 enim,

1941 2476 2134 2546 inquit,
2170 2485 2284 2543 post
2331 2473 2520 2540 ipsum,
2547 2479 2593 2522 et
2627 2461 2898 2536 percutite,
2940 2480 3002 2518 ne
3037 2461 3387 2531 pepereeritis,
3425 2477 3513 2514 ne-

1940 2584 2039 2639 que
2070 2561 2443 2618 misereamini.
2475 2558 2761 2622 Seniorem,
2789 2567 2834 2610 et
2854 2555 3119 2624 juvenem,
3149 2563 3194 2605 et
3228 2551 3512 2619 infantem,

1942 2670 1988 2714 et
2011 2657 2284 2727 virginem,
2312 2664 2358 2706 et
2383 2652 2626 2705 mulieres
2651 2647 2930 2714 interﬁcite
2965 2645 3035 2698 ad
3066 2642 3471 2697 internecionem
3490 2653 3512 2693 :

1946 2753 2011 2806 ad
2043 2764 2218 2803 omnes
2251 2761 2387 2807 uero,
2419 2745 2474 2796 in
2511 2741 2700 2812 quibus
2747 2749 2820 2793 est
2870 2738 3093 2807 signum,
3122 2750 3186 2788 ne
3229 2733 3516 2802 apprttpin-

1944 2843 2132 2913 qnetis.
2167 2837 2329 2893 νεῐιε.
2361 2835 2416 2890 8.
2449 2833 2589 2886 Deus
2623 2832 2826 2885 locutus
2851 2838 2925 2882 est
2959 2827 3011 2879 in
3043 2835 3221 2879 sancto
3251 2841 3366 2886 suo,
3401 2821 3518 2876 Lc-

1947 2935 2119 2997 tabor,
2159 2940 2207 2983 et
2239 2927 2474 2998 partibor
2509 2924 2786 2978 Sicimam.
2836 2918 3036 2974 Sicima
3068 2915 3340 2985 peculiare
3379 2927 3518 2982 pra-

1950 3026 2118 3086 dium,
2145 3020 2381 3088 Josepbo
2403 3033 2431 3070 a
2455 3015 2655 3071 Jacobu
2677 3014 2858 3067 datum
2883 3010 2948 3077 ¹⁶,
2978 3009 3144 3078 ﬁgura
3171 3022 3235 3060 ac
3259 3016 3414 3075 typus
3436 3014 3519 3059 est

1952 3111 2287 3175 testamenti,
2321 3109 2463 3176 quod
2494 3104 2675 3159 Israeli
2716 3101 2812 3157 soli
2846 3099 3101 3156 traditum
3131 3111 3251 3152 esse
3287 3095 3516 3150 videtur.

1952 3209 2135 3274 Itaque
2169 3199 2439 3274 peculiare
2472 3195 2596 3251 illud
2634 3200 3011 3248 testamentum
3044 3186 3522 3254 haereditatemque

1954 3296 2136 3369 populi
2195 3297 2456 3349 adducam
2515 3290 2569 3342 in
2623 3285 2979 3348 divisionem,
3029 3294 3093 3335 ac
3143 3294 3266 3334 cum
3313 3275 3524 3331 caeteris

276 3369 411 3452 λαοῦ
454 3397 655 3467 ταύτην
699 3369 778 3457 είς
825 3369 1091 3464 μερισμὸν
1123 3369 1254 3454 ἄξω,
1299 3390 1394 3443 καὶ
1425 3390 1608 3459 κοινὴν
1645 3390 1848 3461 ποιήσω

1957 3387 2392 3449 communicabo.
2428 3383 2720 3450 Pomquam
2772 3390 2901 3445 ergo
2955 3380 3331 3428 testamentum
3385 3369 3526 3422 inter

281 3493 420 3566 πρὸς
447 3493 573 3554 τοὺς
590 3488 830 3551 λοιπούς.
858 3483 1307 3555 Διαμερισθείσης
1343 3479 1434 3536 οῦν
1464 3483 1563 3552 τῆς
1594 3482 1857 3554 διαθήκης

284 3589 367 3649 εἰς
398 3584 622 3646 πάντας,
651 3583 747 3635 καὶ
774 3579 868 3633 τοῦ
908 3578 1000 3632 ἀπ’
1031 3576 1202 3646 αὐτῆς
1239 3575 1516 3645 ὠφελίμου
1544 3575 1724 3628 κοινοῦ
1756 3577 1860 3629 πᾶ-

284 3696 340 3731 σι
377 3679 490 3740 τοῖς
524 3672 996 3747 εὐεργετουμένοις
1038 3669 1186 3740 παρά
1221 3667 1356 3721 Θεοῦ
1400 3668 1705 3739 γινομένου,
1739 3669 1858 3722 τότε

284 3770 382 3824 καὶ
415 3771 449 3840 ή
486 3767 669 3830 κοιλὰς
719 3767 826 3819 τῶν
876 3761 1088 3834 σκηνῶν
1133 3759 1622 3831 διαμετρηθήσεται
1646 3777 1660 3792 ο
1705 3777 1861 3813 τουτ-

289 3860 438 3914 έστιν
459 3902 472 3923 ,
510 3856 855 3930 ήοίκουμένη
907 3858 1056 3909 πᾶσα
1076 3853 1288 3919 ,οοίονεὶ
1326 3851 1550 3922 κλήροις
1581 3852 1709 3913 τισὶ,
1745 3855 1864 3915 ταῖς

287 3951 410 4005 καθ’
451 3952 678 4004 ἕκαστον
707 3949 868 4002 τόπον
915 3946 1225 4019 παροικίαις
1253 3944 1676 4016 διαιρεθήσεται.
1730 3945 1864 3998 Τότε

289 4045 383 4097 καὶ
416 4042 485 4096 τὰ
516 4042 775 4096 διεστῶτα
822 4039 1078 4108 συνάψει,
1109 4039 1170 4091 '0
1205 4034 1593 4106 εἰρηνοποιῶν
1630 4037 1750 4090 εἴτε
1795 4035 1867 4089 τὰ

289 4137 389 4191 ἐπὶ
437 4133 549 4202 τῆς
597 4132 726 4204 τῆς,
757 4133 877 4186 εἴτε
927 4133 998 4188 τὰ
1038 4132 1106 4184 ἐν
1155 4130 1279 4195 τοῖς
1308 4126 1614 4197 οὐρανοῖς·
1659 4127 1767 4181 Καὶ
1799 4127 1866 4180 τὸ

290 4229 649 4298 μεσότοιχον
682 4224 788 4278 τοῦ
829 4222 1098 4294 φραγμοῦ
1145 4221 1256 4293 (56)
1315 4222 1533 4286 λύσας,
1582 4220 1656 4275 τὰ
1683 4221 1869 4290 ἀμφό-

294 4336 435 4389 τερα
457 4317 691 4383 ποιήσει
718 4317 806 4371 ἓν.

366 4410 420 4463 4.
473 4409 648 4478 Ἔμός
691 4408 822 4462 ἐστι
853 4406 1130 4471 Γαλαὰδ,
1163 4406 1261 4461 καὶ
1299 4407 1442 4476 ἐμός
1466 4406 1595 4460 ἐστι
1627 4410 1870 4460 Μανασ-

296 4501 437 4571 σῆς.
475 4503 736 4570 Ἐγγονος
789 4500 883 4554 τοῦ
935 4501 1198 4570 Μανασσῆ
1249 4501 1278 4552 ὁ
1317 4498 1554 4552 Γαλαάδ”
1597 4498 1685 4551 ἵνα
1725 4498 1871 4570 δείξῃ

297 4593 397 4664 τὴν
427 4591 535 4646 τῶν
565 4591 919 4663 πατριαρχῶν
959 4591 1280 4646 ἀκολουθίαν
1322 4589 1472 4661 παρὰ
1516 4588 1650 4641 Θεοῦ
1701 4588 1872 4659 καθή-

299 4701 522 4749 κουσαν,
548 4683 606 4751 ἐξ
633 4679 706 4737 ὧν
728 4685 756 4736 ὁ
775 4685 1008 4755 Χριστὸς
1026 4684 1086 4736 τὸ
1111 4682 1251 4737 κατά
1273 4681 1469 4752 σάρκα.
1492 4680 1598 4734 Καὶ
1627 4680 1876 4749 Ἐφραῒμ

1958 3500 2148 3544 omnes
2205 3480 2549 3536 distributum
2613 3471 2793 3538 fuerit,
2833 3477 2888 3524 et
2945 3465 3092 3522 illius
3141 3463 3348 3518 utilitas
3401 3475 3523 3516 om-

1960 3579 2115 3633 nibus
2164 3569 2427 3627 beneﬁcio
2476 3582 2504 3619 a
2558 3567 2666 3619 Deo
2714 3560 2922 3616 aifectis
2966 3557 3108 3612 facta
3169 3554 3329 3608 fuerit
3376 3566 3526 3607 com-

1963 3669 2164 3727 munis,
2196 3675 2321 3719 tunc
2345 3663 2507 3716 etiam
2537 3654 2796 3712 convallis
2838 3647 3302 3707 tabernaculorum
3340 3643 3527 3699 metie-

1965 3773 2052 3819 tur
2092 3759 2238 3813 :boc
2266 3762 2371 3818 est,
2405 3761 2552 3806 totus
2579 3759 2844 3800 terrarum
2878 3743 3026 3798 orbis
3071 3734 3397 3793 habitaculis
3431 3748 3530 3803 per

1964 3849 2173 3922 singula
2211 3847 2327 3900 loca
2363 3841 2518 3914 quasi
2557 3836 2878 3908 quibusdam
2937 3832 3179 3888 sortibus
3229 3826 3526 3881 dividetur.

1965 3916 2117 4002 Tunc
2168 3943 2382 3996 demum
2413 3931 2667 3990 distantia
2694 3927 2984 3997 conjungel
3014 3925 3059 3979 is
3081 3966 3097 3990 ,
3134 3921 3238 3988 Qui
3281 3916 3529 3986 paci/ient

1965 4041 2072 4095 sive
2109 4050 2226 4106 quae
2248 4035 2301 4086 in
2329 4029 2503 4092 terris,
2534 4026 2638 4080 sive
2661 4039 2778 4094 qua:
2806 4021 2859 4073 in
2894 4018 3035 4072 caelis
3064 4025 3181 4069 sunt
3206 4013 3249 4044 ¹³
3281 4030 3294 4065 :
3325 4009 3392 4063 Et
3423 4024 3532 4061 meo

1967 4132 2113 4184 dium
2161 4127 2410 4196 parietem
2471 4118 2713 4173 maceria:
2756 4114 2978 4176 solvens,
3012 4119 3234 4177 utraque
3259 4119 3419 4158 unum
3451 4101 3532 4171 {a-

1967 4225 2066 4278 ciet
2103 4221 2167 4275 ".

2044 4404 2098 4460 4.
2133 4400 2282 4456 Meus
2322 4406 2397 4452 est
2447 4391 2678 4455 Galaad,
2707 4396 2754 4442 et
2789 4401 2934 4440 meus
2985 4390 3057 4436 est
3109 4377 3402 4434 Manasses.
3432 4371 3537 4426 Ga-

1973 4496 2093 4551 laad
2125 4491 2284 4562 192
2320 4488 2581 4542 Manassm
2604 4494 2684 4538 est
2715 4477 2962 4541 soboles;
3000 4482 3058 4527 ut
3104 4467 3536 4541 patriarcharum

1975 4555 2465 4643 seriem'ostendat
2496 4592 2561 4632 ex
2608 4575 2718 4629 Deo
2753 4568 3192 4628 descendentem,
3225 4576 3292 4616 ex
3345 4555 3542 4627 quibus

1979 4677 2227 4735 Christus
2265 4683 2349 4726 εει
2377 4667 2671 4725 secundum
2695 4675 2938 4718 carnem.
2976 4656 3042 4710 Et
3077 4652 3328 4724 Epitraim
3368 4661 3543 4702 susce-

299 4745 624 4846 ἀντίληψις
661 4775 770 4846 τῆς
808 4745 1079 4845 θίεφαίῆς
1122 4794 1269 4846 μου·
1325 4745 1555 4840 Ἰούδας
1579 4745 1848 4838 ﬁdentem

1981 4772 2089 4840 ptio
2120 4765 2306 4835 c'upilis
2338 4761 2439 4815 mei
2467 4776 2485 4823 ;
2532 4756 2675 4810 Iuda
2712 4769 2803 4807 rex
2829 4767 2991 4804 meus.
3046 4745 3329 4801 Abscissas
3362 4748 3544 4809 partes

296 4888 436 4939 μου.
469 4871 551 4923 Τὰ
582 4868 964 4941 ἀπορραγέντα
999 4868 1137 4939 μέρη
1184 4867 1443 4920 συνάπτει
1485 4866 1571 4918 διὰ
1611 4866 1710 4937 τῆς
1751 4868 1880 4937 ὀμο-

1985 4831 2260 4918 connectit
2297 4871 2392 4925 per
2423 4850 2792 4908 concordiam.
2816 4845 2977 4900 Vens.
3013 4841 3099 4894 10.
3147 4837 3303 4892 Moab
3340 4833 3446 4904 spei
3471 4831 3546 4884 le-

376 5009 420 5042 ³⁸
447 5009 644 5077 Ephes.
680 5023 739 5066 ιι,
764 5008 818 5064 3.
898 5008 938 5038 “
973 5007 1102 5062 ibid.
1135 5007 1221 5061 12.
1301 5007 1341 5039 ι’
1374 5006 1538 5060 Exod.
1573 5020 1672 5067 χιι,
1703 5006 1756 5060 7.
1834 5007 1848 5036 ¹

1958 5004 2110 5058 zech.
2137 5018 2214 5068 ts,
2243 4999 2297 5065 5,
2329 4994 2382 5050 6.
2461 4991 2506 5024 “‘
2533 4989 2667 5046 Gen.
2702 4993 2887 5049 sunt,
2914 4979 3005 5035 '22.
3085 4979 3124 5010 ¹⁸
3150 4975 3354 5033 Coloss.
3384 4989 3422 5036 ι,
3452 4969 3550 5026 20..

308 5080 351 5111 “
387 5079 583 5149 Ephes.
627 5093 688 5142 ιι,
721 5077 806 5132 14.

308 5205 363 5251 ει
408 5193 670 5268 septimus
722 5207 844 5246 cum
880 5190 1026 5268 ἷξες..
1071 5188 1246 5268 tertio
1262 5185 1361 5268 τῆς
1392 5187 1472 5248 εις
1507 5187 1742 5257 Χριστὸν
1769 5187 1893 5256 κλή-

312 5256 484 5329 σεως,
517 5264 660 5317 haud
689 5272 852 5318 recte.
886 5260 1030 5316 Editi
1055 5274 1174 5314 cum
1208 5256 1392 5327 Regiis
1415 5256 1608 5325 quarto
1636 5268 1688 5310 et
1718 5267 1890 5324 sexto,

314 5349 372 5390 ιιι
399 5337 452 5388 in
490 5343 660 5386 textu.

387 5404 501 5470 (55)
533 5403 685 5456 Colb.
720 5411 948 5471 quartus
970 5401 1129 5470 φλιὰς
1154 5398 1260 5454 τῶν

215 5499 220 5504 -
318 5487 486 5542 postes
541 5482 814 5541 portarum
864 5471 1254 5542 Israelilarum.

319 5541 502 5602 titultis
542 5543 664 5599 aliis
693 5557 824 5597 mss.
858 5551 912 5596 et
944 5541 1011 5594 ab
1033 5541 1214 5595 editis.

417 5615 508 5684 54)
543 5616 675 5680 lteg.
707 5622 932 5681 quartus
961 5621 1014 5684 ει
1039 5611 1192 5684 Colb.
1233 5619 1419 5664 sextus
1438 5623 1605 5684 atque
1637 5622 1703 5662 ac
1746 5606 1887 5663 LXX

319 5679 590 5757 φείδεσθε.
620 5679 896 5757 Editicum
929 5681 1174 5757 plurimis
1199 5695 1327 5735 mss.
1359 5679 1640 5750 φείσησθε.

1305 5395 1654 5519 ἰίσιραηλιτῶν
1689 5396 1890 5479 θυρῶν,

1305 5481 1365 5519 se
1449 5470 1604 5519 abest
1657 5466 1890 5519 θυοωνιι

1295 5459 1399 5522 Sed
1449 5459 1604 5521 abest
1657 5459 1890 5539 θυρῶνα
1990 5479 2174 5539 sum,
2208 5459 2297 5539 (ζῆ.

1991 5183 2210 5256 χωρίον,
2241 5181 2318 5234 sic
2347 5184 2586 5256 uerterat
2617 5174 2912 5256 interpres,
2939 5159 3546 5256 prwcilpui‘tmp‘r‘t‘udliuzz:

1989 5228 2510 5317 géiti'iitkéﬁuidém
2536 5228 2979 5317 ιιιιιίοιοξφειίιῇε
3011 5228 3246 5315 reddidit
3279 5228 3548 5317 Comiteii:

2147 5298 2761 5385 pecui'iure‘priudiutn.’
2799 5309 3050 5386 Jacob_t_ts_
3082 5304 3226 5386 enim
3245 5313 3455 5386 aqua!)
3489 5298 3550 5349 ἱΙ-

1987 5366 2126 5448 ῖιὶῆῖ
2152 5366 2591 5459 ῑὸἑέῥῆόέιὶιιιὲ
2621 5366 2821 5440 Sortem
2859 5376 3142 5435 tradidisse
3179 5366 3372 5426 dicitur
3413 5366 3548 5421 Gen.

2063 5507 2177 5605 (ἀεὶ
2213 5507 2297 5584 ῖῖέ
2349 5523 2718 5605 animum
2755 5531 2809 5603 et
2842 5509 3337 5605 m§§:_f‘.‘?'_‘_.!““.'fi:
3392 5507 3556 5605 ἔξιτε

1997 5580 2291 5659 ωὶῐώἷιὰζ
2317 5580 2382 5654 ab
2397 5580 2648 5652 editione
2680 5592 2851 5647 Paris.
2892 5588 3188 5659 Aliquanto
3225 5588 3344 5650 post
3393 5580 3561 5658 editio

2277 5648 2384 5724 duo
2419 5648 2822 5732 mss—.iéwovoc.
2854 5659 2908 5712 In
2937 5648 3028 5732 illo
3050 5648 3345 5732 quod_ntox
3379 5648 3558 5714 sequi-

395 5755 506 5823 (55)
541 5756 630 5806 Sic
654 5722 960 5823 Colbertini
974 5751 1198 5820 primus,
1227 5722 1455 5823 queritis
1477 5722 1529 5802 ei
1562 5722 1748 5802 sestns
1768 5763 1890 5823 cum
1998 5722 2227 5823 ᾗῖιῖξίνα
2243 5722 2417 5823 δεῖς-ῃ,
2448 5722 2876 5823 ell'ipsiinJ-inesse
2901 5722 3105 5788 vident,
3124 5722 3554 5823 (rttt'itt0l;,(.)tnn;as.

327 5815 460 5893 Reg.
490 5815 678 5878 tertio.
719 5823 828 5878 Vox
879 5815 1079 5893 Σίκιμα
1109 5815 1273 5893 semel
1305 5820 1572 5893 duntaxat
1619 5819 1893 5893 reperitur
2002 5815 2114 5869 Iloc
2151 5824 2235 5866 est
2270 5830 2284 5865 :

2321 5788 2620 5862 ἢλὶιῖενίᾶεο
2651 5803 2812 5862 dicit,
2861 5808 2914 5850 ut
2964 5788 3198 5850 ostendat
3233 5788 3557 5861 patriarcha:

334 5896 388 5951 in
409 5867 692 5965 aliquibus
743 5907 875 5947 mss.
908 5898 961 5947 et
996 5867 1049 5946 ii.
1106 5890 1286 5945 editis.
1333 5867 1586 5954 Illum-reb
1614 5867 1893 5962 ἐξαίρετον
2004 5867 2118 5940 inut
2146 5879 2522 5938 successionem
2553 5890 2616 5932 ex
2653 5872 2759 5928 Deo
2782 5867 3034 5925 descende
