3978 6410
427 412 525 466 46⁸1

1766 411 1824 466 S.
1866 409 2103 466 BASlLll
2141 409 2355 465 MAGNI

3557 405 3686 459 668

427 527 532 577 bes.
563 525 689 588 Aut,
727 523 886 578 Lebes
918 523 1143 588 lavacri,
1174 524 1254 579 ait
1278 525 1416 581 alius
1445 527 1660 596 quidam
1691 527 1987 594 interpres:

2110 525 2262 587 ιοίας.
2323 523 2376 575 Ὁ
2401 521 2581 576 Μωὰσ
2600 519 2709 588 τῆς
2756 517 3004 583 ἐλπίδος
3062 515 3263 584 λέϐης.
3310 518 3400 578 Ἥ,
3445 516 3680 584 Λέεης,

426 623 543 674 aut,
579 611 740 665 Lebes
785 613 1126 675 securitatis;
1184 611 1290 667 hoc
1338 622 1443 678 est,
1496 613 1618 668 vilis
1650 622 1706 666 et
1753 613 1994 682 abjectus

429 706 612 768 homo,
635 704 719 756 cui
753 719 875 758 cum
910 703 1072 759 minis
1099 704 1447 758 interdictum
1483 715 1586 770 est,
1617 721 1682 759 ne
1709 707 1760 758 in
1787 704 1991 758 Domini

429 795 726 850 Ecclesium
768 796 1123 862 ingrediatur.
1159 795 1275 849 Non
1312 796 1456 850 enim
1482 797 1704 850 intrabit
1739 795 1996 850 Moabites

427 895 485 940 et
522 886 863 941 Ammonites
893 901 1065 955 usque
1094 887 1158 940 ad
1187 886 1430 950 tertiam,
1473 895 1527 941 et
1555 901 1728 956 usque
1757 888 1823 942 ad
1853 888 1998 941 deci-

432 990 575 1028 mam
602 977 1032 1044 generationem,
1057 988 1111 1030 et
1159 990 1332 1044 usque
1375 978 1442 1030 ad
1473 985 1736 1030 aeternum
1766 986 1994 1046 tempus.

321 1102 325 1106 ι
433 1068 700 1134 Quoniam
735 1077 914 1120 tamen
958 1068 1222 1136 baptisma
1260 1069 1636 1122 remissionem
1679 1067 1843 1121 habet
1873 1084 1999 1137 pec-

431 1166 698 1221 catorum,
729 1171 793 1210 ac
811 1157 1146 1211 debitoribus
1179 1155 1336 1212 aliert
1358 1157 1737 1222 securitatem;
1773 1157 1997 1224 idcirco,

432 1247 628 1303 iactam
663 1263 756 1316 per
779 1249 1105 1315 baptismum
1139 1249 1559 1318 redemptionem
1584 1257 1638 1303 et
1663 1248 2000 1312 conjunctio-

433 1355 558 1394 nem
607 1355 736 1394 cum
785 1342 895 1394 Deo
951 1341 1266 1404 ostendens,
1303 1340 1483 1406 Moab,
1515 1341 1875 1409 inquit,lebes
1921 1355 1998 1397 est

433 1431 666 1496 lavacri,
687 1443 778 1484 aut
808 1430 969 1485 Lebes
999 1433 1317 1486 securitatis.
1345 1430 1538 1486 Omnes
1558 1433 1720 1502 igitur
1749 1433 2002 1504 alienige-

437 1538 519 1576 na:
563 1522 760 1576 subditi
789 1533 930 1589 sunt,
957 1535 1138 1594 utpote
1169 1525 1258 1593 qui
1277 1539 1335 1579 se
1357 1523 1560 1578 Christi
1581 1525 1709 1596 jugo
1733 1526 2001 1582 submise-

435 1613 574 1668 rint:
609 1630 774 1683 quare
801 1616 850 1669 in
884 1615 1168 1670 ldumzeam
1194 1631 1350 1671 suum
1383 1617 1640 1671 extendet
1666 1616 2003 1672 calceamen-

439 1714 571 1759 tum.
627 1705 936 1762 Divinitatis
987 1717 1168 1761 autem
1234 1707 1668 1761 calceamentum
1735 1723 1863 1762 caro
1922 1717 2004 1762 est

440 1797 530 1851 Dei
589 1799 888 1866 gestatrix,
959 1813 1054 1867 per
1109 1813 1268 1867 quam
1309 1799 1375 1853 ad
1435 1800 1682 1854 homines
1748 1801 1998 1855 accessit.

2097 616 2262 688 φησι,
2293 613 2547 681 λουτροῦ
2579 611 2712 682 (57),
2741 610 2898 674 ἄλλος
2941 626 3024 673 τις
3053 608 3156 662 τῶν
3179 608 3679 679 ὲρμηνευσάντωνο

2096 706 2152 776 ἢ.
2190 703 2380 772 Λέϐης
2403 703 2782 772 ἀμεριμνίας-ο
2823 699 3117 762 τουτέστιν,
3156 699 3184 750 6
3216 698 3520 768 ἀπόϐλητος
3573 699 3685 751 ἆν-

2097 797 2334 866 θρωπος,
2364 796 2392 848 6
2427 794 2653 864 ἀπειλὴν
2695 792 2831 863 ἔχων
2870 792 2944 862 μὴ
2990 789 3384 844 εἰσελεύσεσθαι
3415 793 3496 852 εἰς
3540 791 3680 842 Ἐκ-

2081 885 2324 956 ,κλησίαν
2345 885 2568 955 Κυρίου.
2599 884 2712 936 Οὑκ
2735 881 3094 958 εἰσελεύσεται
3120 880 3226 951 γὰρ
3252 881 3548 949 Μωαϐίτης
3574 880 3685 931 καὶ

2111 977 2450 1048 Ἀμμανίτης
2482 977 2586 1040 ἕως
2610 975 2797 1046 τρίτης
2830 973 2922 1027 καὶ
2949 972 3054 1035 ἕως
3082 972 3312 1043 δεκάτης
3331 974 3544 1040 γενεᾶς,
3573 973 3684 1024 καὶ

2099 1071 2180 1133 εἰς
2209 1069 2300 1122 τὸν
2348 1069 2519 1122 αἰῶνα
2575 1069 2787 1139 χρόνον.
2831 1067 3018 1136 Ὅμως
3069 1064 3251 1134 ἐπειδὴ
3289 1064 3348 1116 τὸ
3381 1063 3683 1133 βάπτισμα

2100 1163 2294 1230 ἄφεσιν
2329 1159 2440 1231 ἔχει
2470 1158 2900 1231 ἁμαρτημάτων,
2939 1155 3032 1208 καὶ
3054 1154 3379 1226 ἀμεριμνίας
3409 1154 3686 1224 πρόξενον

2101 1254 2308 1323 γίνεται
2346 1255 2456 1318 τοῖς
2492 1251 2842 1323 καταχρέοις,
2877 1250 2974 1322 τὴν
3016 1249 3103 1303 διὰ
3147 1249 3240 1301 τοῦ
3297 1248 3684 1318 βαπτίσματος

2100 1345 2476 1416 ἀπολύτρωσιν
2506 1343 2599 1396 καὶ
2627 1342 2762 1414 πρὸς
2789 1341 2919 1394 Θεὸν
2951 1341 3218 1394 οἰκείωσιν
3240 1338 3682 1409 ἐνδεικνύμενος,

2102 1437 2299 1500 Μωὰϐ,
2327 1438 2480 1506 φησι,
2516 1436 2698 1503 λέϐης
2725 1435 2855 1488 ἐστὶ
2875 1434 3154 1502 λουτροῦ,
3178 1433 3234 1503 ἢ,
3258 1433 3444 1499 Λέϐης
3470 1434 3684 1501 ἀμεριο

2096 1531 2295 1600 μνίας.
2326 1527 2550 1593 Πάντες
2576 1522 2667 1580 οὖν
2690 1526 3026 1596 ἀλλόφυλοι
3055 1524 3442 1593 ὑπετάγησαν
3465 1524 3544 1593 τῷ
3572 1523 3684 1588 ζυ-

2101 1620 2184 1692 γῷ
2229 1621 2322 1674 τοῦ
2379 1619 2613 1692 Χριστοῦ
2659 1619 3064 1688 ὑποκύψαντες’
3115 1618 3202 1672 διὰ
3253 1617 3409 1670 τοῦτο
3437 1616 3531 1668 ἐπὶ
3570 1616 3684 1686 τὴν

2116 1710 2417 1781 Ἰδουμαίαν
2457 1709 2704 1762 ὲπιϐαλεῖ
2738 1708 2799 1761 τὺ
2831 1707 3022 1760 ἑαυτοῦ
3069 1707 3338 1775 ὑπόδημα.
3385 1704 3684 1774 ’Υπόδημα

2103 1803 2160 1856 δὲ
2183 1802 2281 1872 τῆς
2306 1801 2607 1873 θεότητοςή
2637 1799 2770 1870 σὰρξ
2802 1800 2968 1870 (58)ή
3001 1800 3276 1869 θεοφόρος,
3306 1797 3372 1850 δι’
3397 1794 3464 1868 ἦς
3495 1797 3681 1868 ἐπέϐη

435 1890 515 1944 Ob
568 1890 709 1944 hanc.
766 1907 914 1959 spem
957 1866 1222 1960 l’ropheta
1270 1893 1484 1947 beatum
1535 1893 1834 1962 praedicans
1869 1903 2004 1947 tem-

2110 1894 2215 1954 τοῖς
2241 1866 2572 1960 ανθρώποις.
2591 1866 2718 1942 Ἐπὶ,
2739 1866 2910 1963 ταύτῂ
2932 1866 2996 1960 τῇ
3025 1866 3196 1942 ἐλπίδι
3235 1866 3552 1959 μακαρίζων
3579 1866 3684 1939 τὸν

436 1996 535 2048 pus
591 1984 850 2036 adventus
905 1983 1160 2051 Domini,
1218 1984 1294 2038 ait
1331 1982 1537 2053 (Vsus.
1579 1984 1666 2051 lll)
1699 2002 1712 2038 :
1753 1984 1885 2049 Quis
1914 1985 2005 2038 de-

434 2073 586 2124 ducet
613 2089 693 2125 me
724 2075 777 2125 in
808 2074 1069 2128 ciuitatem
1107 2076 1418 2128 munitionis
1445 2076 1469 2128 ?
1501 2074 1778 2129 Fortassis
1817 2074 2005 2129 Eccle-

434 2161 571 2213 siam
596 2162 749 2226 dicit,
791 2178 909 2232 quae
939 2157 1156 2233 quidem
1180 2164 1376 2218 civitas
1406 2173 1511 2229 est,
1541 2166 1684 2233 quod
1731 2164 1804 2218 sit
1830 2175 2004 2221 coetus

435 2251 527 2318 qui
577 2252 782 2322 legibus
832 2255 1035 2324 regitur
1082 2269 1097 2309 :
1154 2257 1337 2310 ciuitas
1375 2270 1506 2311 vero
1549 2255 1886 2322 munitionis,
1934 2259 2002 2310 ob

435 2342 557 2397 lidei
578 2343 990 2398 munimentum.
1008 2342 1160 2398 Unde
1176 2345 1440 2413 interpres
1456 2345 1676 2413 quidam
1692 2345 2005 2414 signiﬁcau-

437 2437 645 2490 tissime
674 2436 902 2490 reddidit
929 2455 941 2491 :
971 2435 1037 2490 In
1071 2437 1330 2491 civitatem
1357 2438 1840 2491 circummunitam.
1873 2437 2004 2504 Quis

435 2527 599 2596 igitur
649 2527 797 2582 dabit
829 2528 983 2592 milii,
1041 2535 1102 2581 ut
1153 2543 1408 2596 magnum
1456 2528 1586 2583 illud
1634 2529 2002 2597 spectaculum

434 2619 785 2688 conspiciam,
814 2621 979 2674 Deum
1007 2620 1148 2674 inter
1174 2621 1423 2674 homines
1447 2618 1850 2674 diversantem?
1873 2619 2005 2675 Illud

435 2719 540 2774 est,
569 2712 712 2780 quod
741 2726 768 2762 ιι
803 2709 1027 2765 Domino
1049 2710 1255 2765 dictum
1295 2709 1435 2764 fuit:
1472 2707 1634 2763 Multi
1654 2713 1917 2778 propheta:
1955 2721 2006 2766 et

433 2799 564 2870 iusti
591 2801 867 2870 cupierunt
897 2803 1073 2856 videre
1091 2819 1208 2872 qua:
1236 2801 1508 2865 videtis,et
1532 2817 1635 2855 non
1667 2802 1908 2859 viderunt
1938 2804 2003 2858 "’.

505 2981 561 3037 5.
595 2980 676 3035 Da
712 2983 858 3036 nobis
915 2984 1179 3038 auxilium
1219 2983 1282 3038 de
1319 2983 1684 3039 tribulatione.
1729 2984 2004 3039 Auxilium

437 3088 508 3128 ne
534 3088 838 3141 quaeramus
862 3089 890 3127 a
915 3075 1134 3141 robore,
1187 3089 1255 3128 ne
1289 3090 1317 3128 a
1351 3073 1490 3129 bona
1529 3075 1771 3143 corporis
1802 3073 2008 3128 habitu-

2103 1983 2291 2052 καιρὸν
2313 1983 2410 2052 τῆς
2429 1981 2521 2034 τοῦ
2548 1981 2752 2053 Κυρίου
2779 1981 3085 2052 ἀποδημίας
3119 1981 3146 2032 ὁ
3172 1982 3460 2050 Προφήτης
3498 1979 3636 2048 φησί
3661 1996 3679 2006 ο

2109 2075 2204 2140 Τίς
2228 2074 2442 2139 ἀπάξει
2467 2091 2542 2143 με
2567 2077 2654 2140 εἰς
2686 2075 2867 2128 πόλιν
2891 2072 3206 2141 περιοχῆς;
3237 2072 3386 2142 Τάχα
3418 2071 3517 2142 τὴν
3552 2071 3685 2124 Ἐκ-

2103 2165 2330 2237 κλησίαν
2376 2165 2550 2228 λέγει·
2588 2163 2740 2217 πόλιν
2774 2164 2873 2234 μὲν
2892 2203 2907 2227 ,
2940 2163 3026 2217 διὰ
3051 2164 3112 2216 τὸ
3142 2163 3389 2233 σύστημα
3416 2159 3557 2216 εἶναι
3585 2179 3681 2212 νο-

2107 2257 2288 2328 μίμως
2318 2257 2631 2326 οἰκούμενον
2667 2257 2776 2327 (59)
2800 2274 2812 2287 ·
2845 2257 3129 2325 περιοχῆς
3155 2256 3210 2308 δὲ
3230 2256 3318 2309 διὰ
3338 2256 3434 2326 τὴν
3464 2256 3564 2325 τῆς
3591 2254 3684 2306 πί-

2107 2365 2275 2412 στεως
2309 2348 2618 2420 περιϐολήν.
2657 2349 2814 2402 Ὅθεν
2855 2348 3202 2418 εύσημότατά
3243 2365 3324 2410 τις
3365 2347 3472 2400 τῶν
3498 2348 3684 2416 ἑρμη-

2103 2439 2405 2494 νευσάντων
2424 2439 2736 2503 ἐκδέδωκεν,
2762 2441 2862 2504 Εἰς
2889 2440 3069 2493 πόλιν
3096 2437 3678 2507 περιπεφραγμένην.

2104 2528 2198 2592 Τίς
2219 2525 2311 2583 οὖν
2338 2528 2497 2582 δώσει
2537 2547 2624 2600 μοι
2658 2531 2717 2583 τὸ
2749 2530 2888 2600 μέγα
2929 2529 3083 2583 τοῦτο
3121 2529 3296 2600 θέαμα
3347 2530 3498 2592 ἰδεῖν,
3541 2529 3682 2580 Θεὸν

2103 2617 2410 2690 ἀνθρώποις
2441 2619 2552 2689 (60)
2587 2618 2983 2691 ὲπιδημοῦντα;
3023 2618 3192 2672 Τοῦτό
3215 2621 3329 2671 ἐστι
3354 2619 3415 2671 τὸ
3448 2619 3684 2690 εἰρημε-

2103 2727 2192 2763 νον
2225 2711 2374 2782 παρὰ
2418 2710 2512 2763 τοῦ
2563 2710 2801 2782 Κυρίου’
2835 2712 2916 2764 ὃτι
2957 2710 3180 2764 Πολλοὶ
3231 2709 3530 2779 προφῆται
3576 2711 3683 2763 καὶ

2103 2798 2318 2854 δίκαιοι
2374 2799 2759 2868 ἐπεθύμησαν
2807 2798 2953 2853 ἰδεῖν
3011 2797 3049 2852 d
3091 2797 3384 2863 βλέπετε,
3433 2800 3528 2853 καί
3565 2801 3682 2854 οὐκ

2103 2885 2285 2944 εἶδον.

2174 2981 2229 3035 5.
2258 2979 2372 3046 Δὸς
2415 2979 2559 3049 ἡμῖν
2610 2979 2902 3045 ,βοήθειαν
2947 2979 3015 3032 ἐκ
3076 2981 3353 3048 θλίψεως.
3423 2980 3512 3051 Μὴ
3568 2979 3683 3032 ἀπὸ

2109 3070 2286 3141 ἰσχύος
2337 3069 2656 3143 ζητήσωμεν
2690 3071 2788 3141 τὴν
2858 3069 3142 3142 βοήθειαν·
3211 3071 3286 3143 μὴ
3343 3071 3450 3124 ἀπὸ
3501 3071 3679 3123 εὐπα-

437 3163 562 3217 dine
594 3181 608 3217 :
649 3177 716 3217 ne
760 3164 828 3217 ab
889 3163 998 3218 ullo
1031 3177 1218 3218 eorum
1250 3165 1339 3234 qui
1371 3163 1506 3218 clari
1543 3175 1597 3218 et
1637 3162 1872 3218 illustres
1911 3163 2006 3217 ho-

2110 3162 2258 3225 θείας
2297 3163 2528 3233 σαρκόςο
2573 3163 2681 3216 ἀπὸ
2723 3163 2947 3234 μηδενὸς
2981 3163 3091 3236 (61)
3132 3163 3240 3218 τῶν
3277 3163 3426 3235 παρὰ
3463 3163 3681 3234 ἀνθρώ-υ

440 3254 674 3308 minibus
704 3253 999 3320 habentur,
1033 3271 1188 3324 opem
1219 3256 1477 3325 consequi
1514 3255 1768 3310 velimus.
1811 3253 1928 3308 Non
1954 3254 2007 3308 in

441 3345 798 3413 pecuniarum
832 3346 1212 3414 exsuperantia
1241 3387 1255 3412 ,
1293 3361 1398 3400 non
1441 3347 1494 3400 in
1545 3347 1800 3415 potentiae
1839 3344 2005 3413 fastu,

441 3450 546 3489 non
583 3435 635 3488 in
663 3435 848 3506 gloria:
877 3436 1209 3491 sublimitate
1234 3439 1335 3492 sita
1367 3437 1592 3493 victoria
1622 3446 1706 3492 est
1737 3452 1751 3490 :
1783 3437 1877 3492 sed
1931 3451 2001 3490 ex

441 3541 654 3580 summa
687 3527 1038 3582 tribulatione
1061 3527 1288 3594 largitur
1312 3527 1576 3584 Dominus
1626 3527 1887 3582 auxilium
1941 3527 2008 3584 iis

440 3617 531 3686 qui
585 3618 758 3688 ipsum
796 3618 1095 3688 inquirunt.
1141 3617 1289 3674 Talis
1339 3627 1457 3674 erat
1491 3629 1546 3673 et
1572 3617 1786 3684 Paulus,
1815 3619 1906 3688 qui
1951 3619 2004 3673 in

442 3708 554 3762 suis
591 3709 926 3779 gloriabatur
955 3709 1393 3764 tribulationibus
1411 3710 1477 3764 ".
1496 3711 1674 3777 Quare
1699 3711 1882 3765 dicere
1909 3724 2006 3779 po-

443 3809 605 3868 terat,
637 3800 768 3856 Cum
796 3801 1058 3877 inﬁrmor,
1087 3811 1207 3855 tunc
1243 3809 1423 3870 potens
1446 3818 1561 3856 sum
1601 3804 1668 3855 ".
1707 3801 1875 3857 Vsus.
1913 3802 2005 3856 15.

441 3891 526 3946 Da
555 3895 700 3946 nobis
727 3894 909 3962 igitur,
945 3893 1190 3961 Domine,
1222 3893 1481 3947 auxilium
1521 3892 1584 3948 de
1612 3893 1960 3948 tribulatione
1988 3911 2007 3959 ;

442 4001 564 4039 cum
599 3985 875 4040 tribulatio
906 3986 1221 4054 patientiam
1257 3993 1536 4056 operetur,
1572 3985 1834 4054 patientia
1881 4000 2008 4054 pro-

441 4077 738 4143 bationem,
774 4077 1018 4147 probatio
1053 4092 1200 4144 spem
1227 4095 1241 4132 :
1281 4092 1406 4147 spes
1431 4086 1611 4131 autem
1643 4092 1748 4131 non
1777 4077 2008 4131 confun-

443 4169 535 4222 dat
564 4169 631 4222 ὀ.
665 4167 826 4223 Vides
872 4185 980 4237 quo
1026 4169 1304 4224 tribulatio
1337 4179 1387 4223 te
1417 4168 1720 4224 subvehat?
1749 4169 1828 4221 Ad
1861 4183 2008 4235 spem

443 4276 564 4329 qua:
595 4277 700 4316 non
733 4261 1038 4316 confundit.
1074 4260 1372 4330 Egrotas?
1405 4260 1612 4325 Gaude,
1642 4259 1768 4330 quia
1793 4302 1807 4326 ,
1844 4258 2009 4325 Quem

442 4351 618 4423 diligit
666 4353 962 4419 Dominus,
1014 4354 1236 4424 castigat
1263 4358 1329 4407 ει.
1366 4352 1575 4421 Pauper
1607 4350 1708 4406 es?
1757 4351 1965 4404 luctare
1990 4389 2006 4416 ,

2112 3271 2235 3316 ποις
2260 3254 2656 3325 νενομισμένων
2690 3256 3001 3327 περιφανῶν
3026 3256 3344 3327 ἀξιώσωμεν
3374 3261 3553 3327 τυχεῖν
3578 3258 3679 3325 τῆς

2112 3345 2462 3416 ἀντιλήψεως.
2515 3347 2627 3399 Οὐκ
2680 3349 2737 3400 ἐν
2789 3347 3046 3420 περιϐολῇ
3104 3349 3434 3419 χρημάτων,
3472 3349 3573 3401 οὐκ
3618 3351 3680 3401 ὲν

2110 3431 2386 3502 δυνάμεως
2433 3432 2613 3503 ὄγκῳ,
2652 3435 2753 3487 οὐκ
2797 3437 2854 3488 ὲν
2884 3435 3134 3505 ὑψώματι
3172 3437 3328 3508 δόξης
3355 3437 3412 3490 τὸ
3457 3442 3680 3508 κρατεῖν

2113 3523 2478 3592 περιγίνεται,
2526 3525 2641 3578 ἀλλ’
2686 3525 2750 3578 ὲκ
2781 3527 2879 3598 τῆς
2925 3526 3046 3580 καθ’
3100 3528 3402 3599 ὑπερϐολὴν
3445 3527 3682 3597 θλίψεως

2112 3615 2391 3686 χαρίζεται
2411 3615 2613 3688 Κύριος
2629 3621 2740 3681 τοῖς
2765 3616 3081 3689 ἐκζητοῦσιν
3105 3619 3265 3672 αὐτὸν
3286 3619 3380 3690 τὴν
3402 3619 3678 3691 βοήθειαν.

2113 3705 2361 3769 Τοιοῦτος
2385 3701 2453 3777 ἦν
2505 3707 2598 3761 καὶ
2628 3709 2655 3760 6
2699 3707 2936 3773 Παῦλος,
2971 3710 3294 3780 καυχήματα
3341 3709 3534 3762 ἑαυτοῦ
3579 3712 3682 3774 τὰς

2113 3796 2320 3868 θλίψεις
2352 3798 2687 3871 ποιούμενος.
2716 3800 2812 3853 Διὰ
2834 3799 2990 3855 τοῦτο
3016 3801 3242 3870 ἠδύνατο
3265 3802 3439 3870 λέγειν
3455 3819 3469 3830 ο
3495 3803 3682 3855 Ὅταν

2111 3889 2369 3954 ἀσθενῶ,
2395 3892 2530 3944 τότε
2569 3889 2824 3957 δυνατός
2846 3894 2979 3961 εἰμι.
3014 3892 3126 3958 Δὸς
3151 3889 3242 3947 οὖν
3271 3893 3434 3962 ἡμῖν,
3479 3894 3679 3960 Κύριε,

2107 3980 2395 4048 ,ϐοήθειαν
2437 3982 2505 4035 ἐκ
2574 3983 2862 4050 θλίψεως·
2899 3984 3083 4056 ἐπειδὴ
3108 3986 3154 4056 οὴ
3193 3985 3366 4054 θλίψις
3403 3986 3683 4056 ὑπομονὴν

2114 4073 2529 4145 κατεργάζεται,
2554 4076 2585 4145 ή
2616 4075 2674 4128 δὲ
2699 4074 2939 4147 ὑπομονὴ
2960 4075 3207 4148 δοκιμὴν,
3241 4077 3353 4148 ira:
3379 4077 3572 4148 δοκιμὴ
3599 4078 3682 4130 ἑλ-

2115 4167 2264 4233 πίδα,
2295 4169 2328 4237 ἡ
2356 4167 2413 4219 δὲ
2438 4167 2593 4232 ἐλπὶς
2629 4169 2688 4222 οὐ
2722 4169 3088 4239 καταισχύνει.
3137 4170 3297 4241 Ὁρᾷς
3337 4169 3439 4222 ποῦ
3485 4170 3681 4239 ἀνάγει

2116 4273 2176 4309 σε
2207 4258 2240 4328 ἡ
2268 4257 2477 4328 θλίψις;
2509 4260 2603 4322 Εἰς
2633 4261 2730 4330 τὴν
2753 4260 3179 4330 ἀκαταίσχυντον
3203 4261 3411 4316 ἐλπίδα.
3451 4261 3678 4328 Noack;

2114 4347 2336 4420 εύθύμει
2360 4389 2376 4417 ,
2415 4351 2496 4405 ὃτι
2549 4355 2658 4405 Ὃν
2699 4351 2898 4421 ἀγαπᾷ
2931 4353 3162 4420 Κύριος,
3200 4352 3482 4408 παιδεύει.
3523 4355 3678 4407 Πτω-

515 4557 560 4590 ¹⁷
600 4555 788 4613 Matth.
833 4574 950 4624 xm,
976 4558 1061 4612 17.
1141 4557 1183 4589 ⁸⁸
1221 4556 1377 4612 Rom.
1418 4571 1469 4618 v,
1498 4557 1551 4610 ὅ.
1632 4555 1674 4625 ⁸)
1700 4555 1740 4610 ll
1763 4555 1890 4610 Cor.
1921 4569 2006 4608 xu.

2110 4556 2141 4607 l.
2222 4552 2266 4583 ³ο
2296 4550 2454 4607 Rom.
2478 4565 2533 4618 ν,
2562 4551 2676 4607 3-5.
2753 4553 2795 4583 "
2827 4551 2990 4606 Hebr.
3023 4568 3120 4606 xu.
3146 4551 3199 4606 6.

515 4760 628 4841 (§7)
652 4761 859 4841 “Editio
904 4761 1077 4841 Daris.
1107 4777 1256 4841 cum.
1291 4760 1442 4841 C_olb.
1493 4758 1720 4841 septimo
1746 4755 2006 4841 τοῦμλου-

2119 4754 2538 4841 Theodoretnm,
2563 4755 3210 4841 p‘ro’nsptrracppuxpévnv
3237 4754 3335 4841 legi
3366 4755 3681 4841 simpliciter

441 4827 618 4954 Εροεῖ
652 4831 810 4885 Deest
855 4830 947 4883 τοῦ
1007 4833 1059 4886 in
1121 4831 1370 4902 plurimis
1405 4827 1634 4885 mss.’et
1688 4828 1740 4881 in
1785 4827 2019 4882 editione

493 4919 568 4952 :ISI
601 4939 614 4952 .

493 4919 614 4952 :ISII.

515 4970 626 5040 (58)
659 4969 749 5040 Sic
786 4967 953 5040 Riegii
996 4969 1184 5023 tertius
1220 4981 1275 5024 et
1329 4978 1563 5040 quartus
1592 4980 1856 5040 atqueac
1908 4973 2018 5040 tres

443 5035 763 5108 Colbe’rtini.
785 5038 957 5108 iEditi
1010 5053 1138 5091 vero
1177 5055 1298 5091 cum
1328 5035 1465 5106 Reg.
1514 5035 1726 5108 sexto'i;
1758 5035 2017 5108 θεοφόρος

447 5110 604 5180 σάρξ.
632 5107 755 5162 [hcc
779 5107 962 5180 Ba_s_ilii
994 5108 1155 5162 verba
1188 5109 1319 5162 citat
1355 5107 1726 5164 Theodoretus
1759 5107 2008 5177 tom..lV,

443 5177 589 5235 Dial.
619 5197 658 5242 ι,
690 5193 807 5244 pag.
833 5177 921 5233 to.

516 5249 627 5317 (59)
663 5249 744 5302 Ait
772 5246 1127 5301 Combelisins
1168 5262 1265 5303 suo
1307 5248 1548 5316 periculo
1604 5265 1701 5318 pro
1766 5245 2012 5317 οἰκούμε-

444 5337 533 5373 νον
570 5319 850 5390 legendum
876 5332 993 5372 esse
1023 5319 1473 5390 οἰκονομούμενον
1502 5336 1518 5376 :
1550 5321 1640 5374 sed
1670 5320 1806 5390 quid
1829 5333 2016 5372 neces-

445 5406 505 5443 se
532 5393 600 5445 sit
633 5393 703 5442 ita
735 5388 832 5456 legi
870 5397 1057 5442 contra
1083 5387 1455 5443 auctoritatem
1478 5389 1718 5443 omnium
1753 5387 2011 5442 librorum

448 5469 557 5512 tum
594 5475 748 5517 mss..
806 5470 917 5511 tum
953 5473 1295 5518 excusorum,
1324 5474 1423 5524 ego
1462 5475 1568 5513 non
1594 5459 1727 5510 satis
1761 5456 2022 5520 intelligo.

448 5529 581 5580 Nam
641 5530 923 5597 utriusque
978 5529 1125 5581 verbi
1177 5528 1443 5581 οἰκεῖσθαι
1511 5537 1564 5582 ει
1625 5527 2024 5597 οἰκονομεῖσθαι

447 5598 690 5650 earndem
729 5596 890 5667 "srepe
917 5599 1368 5666 signiﬁcationem
1394 5611 1536 5660 esse,
1594 5597 1676 5667 v_el
1725 5613 1790 5649 ex
1838 5596 2026 5667 lexicis

448 5675 686 5737 constat.
725 5665 1080 5735 [interpretem
1111 5667 1254 5720 illum
1279 5668 1369 5737 qui
1406 5683 1524 5737 mox
1551 5681 1578 5718 τι
1609 5665 1808 5737 Basilio
1840 5666 2023 5720 lauda-

451 5744 559 5794 tur,
582 5734 966 5805 Symmachum
991 5753 1109 5790 esse
1143 5734 1336 5791 docent
1395 5736 1658 5790 Eusebius
1687 5747 1739 5790 et
1771 5736 2023 5791 Theodov

449 5804 632 5862 rctus.
663 5804 962 5861 Notandum
1023 5817 1202 5862 tamen
1263 5809 1402 5879 apud
1459 5806 1744 5862 Eusebium
1776 5816 1827 5862 et
1885 5805 2021 5874 apud

2123 4826 2540 4896 πεφραγμένην.
2578 4823 2682 4878 Sed
2707 4823 2953 4896 suspicor
2983 4823 3130 4889 illud,
3162 4823 3308 4895 περί,
3332 4895 3336 4896 ν
3360 4841 3388 4879 a
3442 4825 3679 4879 librariis

2121 4894 2432 4963 utro'que'in
2469 4894 2586 4948 loco
2613 4894 2871 4948 omissum
2896 4909 3036 4960 esse,
3062 4907 3170 4948 tum
3199 4894 3340 4962 quod
3375 4911 3474 4948 vox
3510 4912 3679 4964 impt-

2121 4964 2514 5036 πεφραγμένην
2546 4964 2936 5036 signiﬁcantior
2972 4967 3063 5028 sit,
3097 4975 3208 5018 tum
3240 4965 3381 5031 quod
3409 4966 3461 5018 in
3493 4963 3678 5018 ﬂexae

2118 5035 2218 5104 plis
2238 5033 2318 5087 ita
2350 5033 2414 5104 ex
2438 5033 2566 5104 mss.
2597 5033 2801 5087 editum
2831 5033 2998 5104 fuisse
3028 5036 3321 5104 videamus.

2190 5105 2304 5170 (60)
2345 5103 2494 5158 Colh.
2565 5115 2791 5174 quartu_s
2851 5103 2984 5158 Θεὸν
3041 5106 3099 5156 ὲν
3154 5103 3480 5174 ἀνθρώποις.
3524 5103 3677 5157 llaud

2115 5172 2270 5242 longe
2289 5169 2408 5228 duo
2441 5169 2694 5236 “155.116;
2718 5169 2810 5226 οὖν
2831 5174 2981 5244 ἡμῖν.

2213 5245 2300 5313 lii)
2326 5244 2517 5314 Totum
2568 5244 2718 5308 illud,
2750 5243 3137 5314 ἀπδμηδενὸς,
3169 5253 3299 5305 elc.,
3355 5243 3432 5297 sic
3485 5243 3679 5298 Latine

2120 5313 2390 5368 redditum
2439 5313 2490 5366 in
2548 5315 2786 5367 editione
2833 5313 3006 5370 Paris.
3045 5314 3344 5367 invenimus
3379 5329 3392 5364 :
3432 5315 3471 5365 Α
3507 5313 3677 5370 nulla.

2120 5384 2355 5450 inquam,
2391 5398 2446 5436 re
2465 5399 2580 5451 qua:
2599 5383 2883 5452 quamlibet
2907 5385 3045 5452 apud
3068 5383 3301 5437 homines
3333 5392 3587 5450 praestans
3613 5386 3677 5433 sit

2123 5465 2171 5507 et
2208 5456 2425 5516 eximia,
2461 5455 2674 5522 dignum
2719 5464 2792 5506 est
2826 5463 2882 5505 ut
2911 5459 2974 5505 ab
2997 5469 3056 5506 en
3091 5453 3337 5518 deposcas
3361 5454 3452 5505 tibi
3482 5454 3680 5514 impar-
3765 5457 3772 5464 '

2124 5526 2214 5576 tiri
2249 5523 2404 5578 veluti
2436 5524 2858 5590 redemptionem.
2896 5522 3001 5576 Sed
3038 5522 3218 5576 Basilii
3254 5523 3413 5575 verba
3443 5522 3510 5575 de
3553 5537 3673 5589 per-

2122 5595 2268 5648 sonis
2293 5609 2395 5647 non
2428 5593 2494 5645 de
2527 5594 2684 5645 rebus
2714 5592 3054 5660 intelligenda
3085 5607 3204 5646 esse
3239 5602 3383 5661 puto.
3418 5591 3548 5644 lloc
3575 5592 3678 5659 igi-

2126 5674 2210 5717 tur
2276 5664 2429 5724 dicit,
2487 5677 2661 5729 neque
2705 5678 2733 5714 a
2807 5665 2988 5724 rebus,
3038 5676 3210 5730 neque
3257 5661 3325 5714 ab
3374 5661 3680 5715 hominibus

2123 5733 2419 5800 quamlibet
2483 5731 2644 5786 claris
2703 5730 2866 5785 ullum
2938 5731 3196 5785 auxilium
3257 5731 3680 5799 exspectandum

2123 5799 2262 5858 esse.
2283 5799 2412 5855 Nam
2449 5801 2627 5856 omnia
2659 5802 2915 5869 excludit,
2950 5810 3004 5856 et
3038 5817 3122 5856 res
3147 5809 3198 5856 et
3227 5815 3502 5868 personas.
