3978 6410
306 439 411 494 469

307 553 486 622 χεὺεις
519 549 628 620 (6‘2)
656 567 669 615 ;

305 642 625 706 διαδέξεται.
675 639 938 712 ’Δτιμάζῃ
994 640 1080 692 διὰ
1128 639 1185 692 τὸ
1232 640 1401 711 ὄνομα
1451 639 1546 694 τοῦ
1600 641 1871 712 Χριστοῦ;

1484 435 1766 492 ΗυΜιιιΑ
1805 435 1873 490 ΙΝ
1913 436 2242 494 PSALMUM
2280 437 2414 492 LXI.

707 549 998 619 εὐφραίνου
1023 591 1036 612 ,
1072 549 1150 601 δτι
1185 548 1431 619 Λαζάρου
1481 566 1540 602 σε
1591 550 1660 602 τὰ
1703 551 1858 619 ἀγαθέ

1987 553 2111 620 quia
2149 553 2338 608 Lazari
2365 556 2504 610 bona
2541 562 2589 610 ιε
2617 554 2978 626 excipient".
3027 555 3318 626 Ignominia
3361 560 3536 616 aiiice-

3433 443 3538 498 470

1985 645 2060 698 ris
2099 657 2319 714 propter
2341 645 2542 702 Christi
2575 648 2807 702 nomen?
2845 647 3042 702 Beatus
3090 663 3180 714 es,
3212 652 3337 718 quia
3388 663 3536 707 tmun

306 735 590 803 Μακάριος
619 727 688 795 εἷ,
729 733 812 785 ὄτι
843 749 936 784 σου
971 731 1080 803 (65)
1112 733 1146 802 ἡ
1168 731 1394 803 αἰσχύνη
1433 735 1512 796 είς
1540 733 1769 801 ἀγγέλου
1793 734 1858 786 δδ

1982 739 2218 792 dedecus
2246 739 2298 792 in
2337 738 2512 808 angeli
2535 739 2757 808 gloriam
2789 748 3053 794 vertetur.
3093 739 3278 806 Nobis,
3319 743 3534 808 fratres,

306 825 400 889 ξαν
439 824 923 895 μεταϐληθήσεται.
957 824 1238 895 Πείσωμεν
1259 825 1484 888 ἑαυτοὺς
1502 866 1515 888 ,
1547 825 1791 894 ἀδελφοὶ,
1818 828 1858 878 ei

1982 831 2300 885 tentationis
2329 841 2572 900 tempore
2601 831 3040 900 persuadeamus,
3071 842 3128 886 ιιι
3157 849 3222 887 ne
3254 835 3320 888 ad
3342 836 3533 889 huma—

305 915 479 986 καιρῷ
501 917 828 987 πειρασμοῦ,
864 915 936 987 μὴ
967 916 1101 987 πρὸς
1123 916 1466 988 ἀνθρωπίνας
1496 916 1714 980 ἐλπίδας
1742 919 1858 971 ἀπο

1983 937 2077 976 nas
2112 937 2236 990 spes
2276 922 2668 990 conlugiamus,
2704 937 2803 977 nec
2835 923 2990 994 193
3020 925 3142 978 inde
3181 926 3333 980 nobis
3389 941 3536 994 qum-

304 1009 535 1080 τρὲχειν,
572 1010 704 1078 μηδὲ
735 1009 941 1061 ἐκεῖθεν
965 1011 1174 1073 ἑαυτοῖς
1193 1009 1292 1072 τὰς
1313 1009 1564 1080 βοηθείας
1585 1009 1869 1079 θηρᾶσθαι,

303 1097 419 1152 ἀλλ’
447 1101 505 1151 ἐν
533 1098 762 1170 δάκρυσι
793 1101 884 1152 καὶ
917 1103 1258 1170 στεναγμοῖς,
1293 1100 1385 1153 καὶ
1405 1099 1674 1170 φιλοπόνῳ
1707 1116 1869 1170 προσ-

303 1195 436 1263 ευχῇ
462 1231 476 1255 ,
512 1193 604 1244 καὶ
633 1192 909 1263 ἀγρυπνίᾳ
969 1193 1168 1264 εὐτόνῳ
1207 1192 1306 1256 τὰς
1339 1193 1553 1262 δεήσεις
1581 1191 1869 1246 ποιεῖσθαι.

300 1275 470 1346 Οὗτος
496 1282 602 1352 γὰρ
625 1283 886 1353 λαμϐάνει
913 1283 1160 1353 βοήθειαν
1196 1285 1259 1336 ἐκ
1281 1282 1510 1352 θλίψεως
1529 1325 1544 1347 ,
1585 1285 1614 1334 ὀ
1645 1284 1742 1353 τῆς
1774 1283 1868 1334 ἀν-

299 1374 576 1445 θρωπίνης
601 1373 853 1445 βοηθείας
891 1375 966 1437 ὡς
998 1374 1229 1444 ματαίας
1255 1374 1604 1446 καταφρονῶν
1624 1414 1638 1436 ,
1678 1374 1772 1426 καλ⁸
1804 1375 1867 1444 τῇ

297 1462 390 1515 ἐπὶ
417 1462 508 1515 τὸν
540 1462 730 1528 σώζειν
761 1465 1057 1534 δυνάμενον
1086 1467 1231 1536 ἡμᾶς
1254 1465 1426 1519 ἐλπίδι
1458 1465 1864 1536 στηριζόμενος,

296 1555 354 1606 ὲν
373 1552 592 1625 Χριστῷ
631 1555 803 1627 Ἰησοῦ
829 1555 906 1626 τῷ
944 1557 1338 1627 Κυρίῳήμῶν,
1383 1551 1425 1624 ᾧ
1449 1559 1482 1627 ή
1512 1556 1636 1620 δόξα
1678 1557 1770 1609 καὶ
1808 1555 1867 1608 τὸ

296 1645 496 1717 κράτος
521 1648 602 1710 είς
633 1648 758 1710 τοὺς
779 1647 977 1711 αἰῶνας
999 1648 1106 1700 τῶν
1127 1648 1357 1702 αἰώνων.
1403 1649 1594 1718 Ἀμήν.

699 1821 806 1873 ΕΙΣ
840 1822 976 1873 TON
1003 1818 1100 1873 ΞΑ⁹
1136 1820 1455 1874 ΨΑΛΜΟΝ.

328 1913 434 1974 Εις
461 1909 526 1962 τὸ
549 1909 725 1975 τέλος
750 1909 901 1977 ὑπὲρ
944 1910 1219 1978 Ἰδιθοὺμ,
1256 1908 1496 1978 ψαλμός
1520 1908 1600 1974 τῷ
1633 1909 1828 1962 Δαϐίδ.

366 2003 415 2054 1.
451 2000 562 2070 (64)
615 1999 717 2052 Δύο
770 1999 1017 2070 ψαλμοὺς
1071 1999 1314 2070 ἔγνωμεν
1374 1999 1553 2066 ’Υπὲρ
1609 1999 1866 2070 Ἶδιθοὺμ

287 2092 511 2162 ἔχοντας
550 2092 649 2163 τὴν
695 2093 1040 2162 ἐπιγραφήνο
1081 2091 1170 2143 τόν
1213 2108 1270 2142 τε
1321 2091 1638 2162 τριακοστὸν
1683 2090 1864 2159 ὄγδοον

289 2185 507 2239 καὶτὸν
541 2187 597 2238 ὲν
645 2184 823 2255 χερσί.
867 2185 976 2236 Καὶ
1024 2183 1346 2253 λογιζόμεθα
1394 2184 1490 2254 μὲν
1538 2183 1701 2236 Δαῦὶδ
1753 2183 1861 2253 (65)

287 2274 428 2331 εἶναι
455 2277 552 2349 τὴν
580 2275 826 2340 σύνταξιν
850 2276 948 2346 τῆς
980 2275 1388 2346 πραγματείας·
1421 2275 1500 2344 τῷ
1528 2277 1710 2346 μέντοι
1749 2276 1864 2329 Ἰδι-

286 2369 429 2440 θοὺμ
469 2368 711 2421 δεδόσθαι
756 2371 835 2430 εἰς
892 2366 1156 2435 ὠφέλειαν
1204 2365 1402 2431 αὑτοῦ,
1446 2367 1536 2419 ἐπὶ
1582 2365 1862 2437 διορθώσει

284 2460 396 2514 τῶν
435 2463 492 2513 ὲν
532 2463 598 2531 τῇ
638 2459 784 2530 ψυχῇ
831 2458 1206 2528 παθημάτων,
1246 2459 1338 2511 καὶ
1368 2461 1446 2522 είς
1472 2459 1734 2529 μελῳδίαν
1765 2459 1862 2530 τὴν

285 2553 378 2606 ἐπὶ
411 2551 504 2605 τοῦ
534 2551 662 2605 λαοῦ
683 2569 695 2581 ’
754 2551 818 2603 δι’
845 2545 913 2621 ἦς
939 2550 1033 2602 καὶ
1073 2553 1101 2603 ό
1149 2549 1280 2613 Θεὸς
1324 2551 1600 2616 ἐδοξάζετο
1623 2590 1636 2613 ,
1673 2551 1765 2603 καὶ
1811 2555 1858 2604 οἱ

283 2646 576 2708 ἀκούοντες
613 2645 713 2714 τῆς
754 2643 1021 2714 ἁρμονίας
1056 2643 1461 2714 ὲπανωρθοῦντο
1495 2643 1562 2696 τὰ
1596 2644 1719 2714 ήθη.
1755 2639 1861 2696 Ἦν

282 2737 392 2809 γὰρ
414 2737 508 2790 καὶ
547 2739 575 2790 ὁ
623 2735 851 2803 Ἰδιθοὺμ
899 2735 1217 2805 ἱεροψάλτης
1238 2776 1252 2798 ,
1281 2736 1354 2799 ὡς
1383 2739 1794 2807 μαρτυρείήμῖν
1827 2739 1858 2807 ή

284 2828 496 2902 ἱστορία
517 2827 624 2880 τῶν
647 2826 1159 2899 Παραλειπομένων,
1190 2824 1446 2892 λέγουσα’
1478 2826 1584 2878 Καὶ
1601 2825 1727 2893 μετ’
1756 2827 1862 2878 αὐ-

280 2919 402 2973 τῶν
437 2918 548 2987 (66)
598 2918 791 2986 Αὶμὰν
833 2917 930 2970 καὶ
977 2915 1257 2983 Ἰδιθοὺμ,
1300 2913 1629 2984 σάλπιγγές
1661 2931 1724 2967 τε
1761 2915 1857 2968 καὶ

281 3013 553 3080 κύμϐαλα
596 3009 702 3063 τοῦ
741 3008 1110 3078 ἀναφωνεῖν,
1158 3007 1256 3060 καὶ
1287 3006 1506 3074 ὄργανα
1549 3007 1664 3059 τῶν
1693 3005 1861 3072 ᾠδῶν

279 3101 387 3154 τοῦ
451 3098 618 3154 Θεοῦ.
693 3099 803 3152 Καὶ
863 3099 980 3168 μετ’
1030 3097 1184 3165 ὀλίγα
1243 3097 1410 3166 φησί’
1468 3096 1577 3149 Καὶ
1635 3097 1858 3163 ἔστησε

280 3192 460 3246 Δαόὶδ
491 3195 523 3246 ὀ
547 3189 848 3256 ,βασιλεὺς
863 3163 976 3242 ⁷καὶ
1008 3191 1062 3242 οι
1090 3163 1376 3256 ἄρχοντες
1411 3186 1521 3253 τῆς
1554 3187 1858 3256 δυνάμεως
1885 3163 1926 3219 C

279 3288 368 3352 εἰς
394 3283 466 3338 τὰ
489 3283 632 3354 ἔργα
656 3283 797 3346 τοὺς
820 3281 988 3348 υἱοὺς
1023 3281 1224 3349 Ἀσάφ,
1260 3281 1355 3333 καὶ
1387 3283 1576 3350 ΑΙμὰν
1604 3281 1734 3351 (67),
1759 3281 1858 3333 καὶ

293 3374 574 3443 Ἰδιθοὺμ,
605 3373 745 3439 τοὺς
765 3372 1323 3442 ἀποφθεγγομένους
1355 3372 1423 3423 ἐν
1448 3373 1733 3440 κινύραις,
1761 3370 1859 3424 καὶ

276 3469 349 3521 ἐν
370 3465 639 3531 νάϐλαις,
672 3465 771 3518 καί
801 3465 870 3516 ἐν
896 3462 1247 3532 τυμπάνοις.
1272 3463 1407 3534 Περὶ
1435 3462 1715 3532 ὑπομονῆς
1747 3463 1858 3514 τοί-

278 3577 372 3612 νυν
399 3558 656 3628 ἑκάτερος
683 3555 894 3627 ψαλμὸς
919 3558 1018 3626 τὴν
1043 3555 1298 3627 πλείστην
1324 3559 1555 3610 ποιεῖται
1575 3556 1684 3625 (68)
1714 3574 1856 3627 πραε-

275 3647 582 3718 γματείαν,
615 3647 681 3700 δι’
712 3642 780 3718 ἦς
827 3643 1246 3698 καταστέλλεται
1299 3646 1395 3715 μὲν
1436 3645 1534 3715 τῆς
1574 3645 1752 3715 ψυχῆς
1795 3645 1856 3698 τὸ

279 3739 638 3811 Θυμούμενον,
691 3737 1066 3808 ὑπερηφανίας
1124 3737 1178 3790 δὲ
1235 3738 1412 3808 πάσης
1461 3737 1850 3808 ὲξορισθείσης,

278 3830 639 3902 κατορθοῦται
668 3829 1014 3892 ταπείνωσις.
1063 3829 1365 3899 Ἀμήχανον
1396 3827 1504 3897 γὰρ
1531 3828 1620 3881 τὸν
1651 3828 1723 3899 μὴ
1757 3846 1855 3880 κα-

277 3923 642 3993 ταδεξάμενον
667 3922 728 3976 τὸ
750 3922 886 3993 πρὸς
912 3923 1116 3984 πάντας
1138 3921 1356 3984 ὺποδεὲς
1376 3921 1470 3974 καὶ
1491 3921 1712 3990 ἔσχατον
1742 3921 1852 3990 (69)

276 4014 570 4085 δυνηθῆναί
604 4030 734 4066 ποτε
775 4013 807 4083 ἢ
855 4011 1258 4083 λοιδορούμενον
1285 4007 1457 4080 θυμοῦ
1491 4011 1784 4082 κρατῆσαι,
1818 4009 1850 4081 ἢ

280 4105 594 4176 θλιϐόμενον
626 4103 714 4156 διὰ
749 4102 1126 4174 μακροθυμίας
1175 4102 1554 4173 περιγενέσθαι
1597 4103 1704 4154 τῶν
1744 4119 1856 4156 πειο

283 4197 527 4269 ρασμῶν.
573 4198 629 4250 Ὀ
685 4197 792 4266 γὰρ
857 4196 955 4267 τὴν
1003 4195 1178 4266 ἄκραν
1210 4195 1537 4248 ταπείνωσιν
1587 4194 1853 4268 κατορθώ-

282 4305 401 4351 σας,
431 4290 488 4339 ὲν
524 4287 619 4357 μὲν
652 4289 769 4349 ταῖς
799 4285 1084 4356 λοιδορίαις
1112 4285 1330 4338 πλείονα
1356 4285 1548 4338 ἑαυτοῦ
1589 4302 1854 4357 προκατα-

280 4381 442 4448 γνοὺς
479 4379 575 4449 τήν
611 4377 902 4440 εὐτέλειαν,
930 4379 990 4430 οὐ
1021 4378 1372 4449 κινηθήσεται
1396 4379 1494 4448 τὴν
1542 4378 1718 4449 ψυχὴν
1751 4379 1854 4432 ὑπὸ

1980 1024 2165 1064 ramus
2198 1011 2394 1063 auxilia
2429 1025 2444 1062 :
2477 1011 2568 1065 sed
2600 1011 2652 1064 in
2686 1010 2938 1081 lacrymts
2971 1022 3024 1067 et
3064 1015 3334 1084 suspiriis,
3363 1026 3418 1070 et
3449 1031 3536 1070 se-

1976 1101 2098 1155 dula
2145 1101 2540 1167 obsecratione,
2571 1111 2627 1157 et
2670 1103 2888 1158 intentis
2944 1106 3140 1176 vigiliis
3185 1123 3369 1175 preces
3410 1124 3536 1178 per-

1975 1208 2221 1261 agamus.
2249 1192 2347 1247 iiic
2369 1194 2512 1248 enim
2538 1208 2568 1247 e
2597 1194 2943 1250 tribulatione
2971 1198 3274 1266 prtesidium
3317 1199 3531 1268 accipit,

1973 1285 2063 1353 qui
2105 1301 2260 1354 opem
2298 1285 2588 1340 humanam
2633 1296 2690 1340 ut
2720 1303 2913 1342 vanam
2963 1302 3304 1357 aspernatur,
3342 1306 3406 1346 ac
3437 1306 3533 1359 spe

1977 1377 2168 1430 nititur
2197 1378 2359 1441 illius,
2393 1380 2482 1448 qui
2529 1396 2627 1435 nos
2657 1380 2834 1435 salvos
2857 1382 3034 1435 facere
3061 1390 3256 1452 potest,
3287 1383 3340 1435 in
3371 1381 3531 1437 Chri-

1972 1479 2058 1521 sm
2087 1467 2211 1522 Jesu
2247 1469 2473 1524 Domino
2503 1482 2709 1538 nostro,
2752 1473 2836 1526 cui
2869 1472 3037 1542 gloria
3073 1481 3127 1526 et
3162 1473 3444 1541 imperium
3475 1473 3528 1527 in

1971 1559 2170 1613 saecula
2193 1559 2532 1614 smeulornm.
2563 1563 2752 1618 Amen.

2455 1817 2522 1871 IN
2556 1818 2881 1875 PSALMUM
2909 1819 3041 1876 LXI.
3379 1890 3383 1894 ι

2168 1909 2232 1964 1η
2263 1910 2419 1980 ﬁnem
2457 1925 2552 1978 pro
2579 1908 2837 1974 Iditltum,
2865 1912 3099 1978 psalmus
3138 1911 3350 1968 Davidi.

2037 2002 2088 2054 i.
2124 2001 2364 2055 Psalmos
2391 2001 2528 2056 duos
2564 2001 2836 2066 novimus,
2867 2003 3065 2070 quibus
3109 2002 3390 2071 inscriptio
3419 2014 3504 2060 est

1970 2090 2075 2145 Pro
2106 2091 2363 2154 Iditlmm,
2411 2091 2741 2145 tricesimum
2785 2101 3032 2146 octavum
3062 2130 3078 2153 ,
3111 2101 3166 2146 et
3198 2093 3340 2148 hunc
3365 2109 3526 2162 quem

1964 2185 2228 2239 habemus
2264 2183 2317 2238 in
2348 2183 2617 2237 manibus.
2648 2182 2714 2237 Et
2746 2183 3073 2238 arbitramur
3107 2184 3525 2254 quidem—aba-

1965 2278 2086 2330 vide
2144 2275 2504 2343 compositum
2561 2289 2696 2344 opus
2723 2289 2864 2339 esse,
2915 2275 3096 2329 datum
3136 2291 3264 2330 vero
3292 2276 3525 2330 ldithum

1965 2382 2064 2436 pro
2096 2365 2330 2420 utilitate
2362 2366 2550 2434 ipsius,
2586 2365 2651 2418 ad
2675 2365 3022 2437 corrigendas
3053 2366 3244 2420 anima:
3285 2366 3526 2422 aiiectio-

1964 2475 2083 2524 nes,
2113 2468 2168 2513 et
2196 2459 2262 2511 ad
2297 2456 2728 2512 concinnandam
2756 2471 2938 2511 curam
2981 2458 3178 2527 populo
3211 2459 3522 2523 melodiam,

1963 2565 2058 2619 per
2089 2565 2249 2619 quam
2299 2559 2354 2602 et
2398 2549 2536 2602 Deus
2566 2547 2902 2602 aiiiciehatur
2925 2548 3119 2617 gloria,
3145 2561 3200 2603 et
3224 2564 3401 2604 mores
3429 2563 3522 2604 eo-

1963 2660 2079 2698 rum
2110 2644 2200 2713 qui
2223 2642 2560 2697 harmoniam
2590 2641 2880 2695 audiebant
2915 2641 3359 2695 emendabantur.
3394 2642 3524 2695 Erat

1961 2736 2106 2790 enim
2147 2744 2199 2789 et
2234 2733 2466 2788 ldithum
2495 2733 2608 2802 ipse
2635 2747 2912 2788 sacrorum
2943 2733 3268 2801 psalmorum
3309 2744 3520 2798 cantor,

1963 2838 2017 2883 ut
2045 2828 2199 2881 nobis
2252 2836 2481 2880 testatur
2525 2823 2967 2892 Paralipomenon
3009 2824 3255 2889 historia,
3285 2825 3471 2879 dicens
3503 2843 3518 2879 :

1964 2922 2172 2974 Etcum
2208 2919 2335 2988 ipsis
2380 2917 2581 2971 zEman
2635 2925 2685 2969 et
2725 2915 2985 2980 ldithum,
3027 2926 3073 2968 et
3120 2916 3256 2970 tubae
3297 2926 3344 2969 et
3378 2932 3522 2986 cym-

1960 3013 2080 3066 bala
2113 3014 2181 3064 ad
2230 3009 2603 3074 resonandum,
2635 3017 2686 3062 et
2725 3025 2924 3077 organa
2964 3011 3291 3062 canticorum
3327 3008 3421 3063 Dei
3449 3009 3516 3060 ".

1961 3105 2027 3159 Et
2062 3103 2223 3175 paulo
2267 3112 2390 3170 post
2419 3102 2495 3154 ait
2525 3118 2538 3154 :
2584 3100 2783 3154 Statuit
2813 3099 2979 3152 David
3031 3115 3120 3152 rex
3156 3108 3204 3152 et
3259 3099 3519 3168 principes

1959 3197 2214 3250 exercitus
2237 3195 2306 3249 ad
2336 3210 2492 3260 opera
2512 3192 2650 3262 ﬁlios
2680 3192 2856 3261 Asaplt
2873 3200 2919 3244 et
2951 3188 3151 3243 :Eman
3187 3200 3236 3243 et
3262 3189 3515 3252 ldithum,

1959 3306 2114 3344 sonos
2139 3287 2346 3342 edentes
2385 3288 2441 3340 in
2470 3286 2711 3351 citharis,
2740 3295 2788 3338 et
2811 3285 2865 3337 in
2895 3283 3090 3348 nablis,
3128 3290 3177 3336 et
3216 3283 3272 3335 in
3317 3293 3518 3352 tympa-

1959 3381 2040 3433 nis
2070 3379 2136 3432 “.
2166 3377 2355 3446 Itaque
2397 3377 2464 3430 de
2504 3375 2763 3446 patientia
2813 3374 3052 3442 psalmus
3094 3383 3322 3442 uterque
3355 3373 3522 3442 pluri-

1959 3487 2104 3527 mum
2139 3479 2358 3532 tractat,
2393 3484 2490 3539 per
2517 3482 2681 3536 quam
2707 3475 2765 3520 ut
2795 3466 3014 3518 sedatur
3070 3464 3236 3517 animi
3273 3465 3520 3534 indigna-

1959 3565 2066 3628 tio,
2126 3563 2197 3614 ita
2253 3562 2400 3615 omni
2473 3557 2724 3626 superbia
2782 3557 3182 3618 exterminata,
3239 3554 3518 3609 humilitas

1955 3653 2276 3723 acquiritur.
2307 3650 2447 3705 Fieri
2477 3649 2620 3704 enim
2647 3663 2754 3702 non
2787 3654 2981 3717 potest,
3006 3657 3065 3700 ut
3096 3647 3140 3700 is
3190 3646 3282 3714 qui
3333 3644 3518 3698 intimo

1956 3749 2254 3816 ultimoque
2283 3745 2402 3798 loco
2427 3757 2556 3812 erga
2587 3755 2777 3795 omnes
2821 3739 3007 3793 haberi
3039 3755 3144 3793 non
3187 3739 3318 3802 vult,
3353 3749 3517 3808 queat

1956 3854 2190 3910 unquam
2221 3845 2313 3890 aut
2347 3836 2472 3889 dum
2502 3832 2760 3888 conviciis
2781 3831 3078 3900 impetitur,
3113 3830 3202 3883 irae
3226 3829 3514 3892 dominari,

1956 3930 2193 3985 autdum
2221 3925 2535 3990 alilictatur,
2581 3938 2678 3993 per
2712 3922 3025 3991 patientiam
3067 3920 3396 3974 tentationes
3427 3933 3518 3974 su-

1954 4035 2169 4091 perare.
2198 4017 2297 4084 Qui
2331 4016 2474 4070 enim
2511 4015 2577 4068 ad
2617 4025 2882 4066 summam
2935 4008 3289 4063 humilitatem
3328 4024 3517 4078 perve-

1955 4113 2053 4176 nit,
2088 4112 2133 4165 is
2163 4125 2285 4164 cum
2345 4107 2398 4161 in
2443 4104 2702 4160 conviciis
2747 4117 2896 4156 suam
2946 4101 3205 4154 vilitatem
3257 4101 3515 4170 majorem

1953 4207 2101 4276 prior
2144 4213 2431 4271 agnoscat,
2465 4198 2535 4254 ob
2588 4195 2754 4250 verba
2793 4195 3147 4264 ignominiosa
3177 4192 3358 4248 animo
3409 4209 3514 4247 non

1955 4295 2431 4352 commovebitur:
2466 4289 2560 4344 sed
2598 4289 2643 4342 si
2685 4286 2982 4356 appelletur
3014 4301 3234 4357 pauper,
3272 4286 3422 4340 novit
3455 4300 3515 4338 se

1955 4389 2127 4456 ipsum
2157 4396 2444 4454 pauperem
2482 4393 2626 4442 esse,
2650 4388 2704 4432 et
2723 4377 2963 4432 omnium
2996 4377 3257 4445 indigum,
3300 4389 3362 4427 ac
3384 4390 3514 4442 quo-

279 4473 389 4525 τῶν
457 4472 714 4543 ῥημάτων
760 4471 856 4540 τῆς
892 4470 1142 4540 ἀτιμίαςο
1197 4470 1309 4523 ἀλλ’
1354 4471 1449 4523 ἐὰν
1500 4471 1599 4541 μὲν
1644 4472 1849 4542 ἀκούσῃ

1961 4479 2159 4532 tidiano
2193 4473 2400 4535 Domini
2430 4467 2701 4539 stipendio
2723 4483 2856 4536 opus
2886 4468 3086 4522 habere
3115 4485 3128 4531 ;
3171 4466 3215 4520 si
3265 4480 3394 4520 vero
3418 4481 3514 4519 vo-

279 4565 470 4634 πὲνης,
504 4559 646 4616 οἶδεν
674 4563 863 4616 ἑαυτὸν
894 4564 1104 4633 πτωχὸν
1129 4564 1276 4628 ὄντα,
1306 4565 1399 4618 καὶ
1426 4565 1638 4617 πάντων
1674 4565 1848 4634 ἐνδεῆ,

1961 4579 2111 4623 cetur
2141 4563 2390 4636 ignobilis
2413 4573 2470 4617 et
2498 4562 2787 4624 obscurus,
2819 4558 2968 4628 prius
2989 4558 3090 4612 sibi
3134 4558 3185 4610 in
3223 4571 3324 4612 suo
3353 4556 3515 4610 corde

279 4658 372 4711 καὶ
396 4658 496 4727 τῆς
523 4656 645 4710 καθ’
665 4656 878 4726 ἡμέραν
903 4657 1052 4727 παρὰ
1077 4655 1168 4710 τοῦ
1198 4658 1403 4726 Κυρίου
1434 4658 1695 4728 χορηγίας
1730 4660 1850 4710 ὲπι-

276 4749 563 4821 δεόμενονο
599 4749 692 4802 ἐὰν
726 4748 783 4800 δὲ
820 4747 1026 4819 ἀκούσῃ
1064 4748 1328 4821 δυσγενὴς
1366 4749 1459 4802 καὶ
1504 4749 1561 4814 ἐξ
1610 4749 1850 4818 ἀφανῶν,

1959 4657 2208 4713 conscius
2247 4666 2352 4718 est,
2402 4659 2744 4722 procreatum
2781 4663 2901 4704 esse
2927 4662 2986 4702 se
3017 4662 3083 4701 ex
3114 4646 3245 4701 luto.
3275 4647 3516 4716 Quapro—

1962 4758 2078 4818 pter
2106 4747 2212 4801 illic
2239 4745 2452 4814 quidem
2481 4744 2578 4807 ait,
2609 4740 2734 4795 Dixi
2759 4757 2777 4793 :
2805 4737 3107 4793 Custodiam
3137 4738 3243 4792 vias
3276 4753 3414 4790 mens
3445 4736 3511 4799 ",

349 4865 394 4896 ἰ
413 4863 540 4918 Luc.
570 4879 681 4927 xvn,
707 4863 798 4916 22.
875 4863 917 4893 ”
955 4861 1172 4918 lParal.
1209 4878 1314 4927 1m,
1347 4864 1434 4917 ΑΞ.
1515 4864 1556 4895 ’⁵⁸
1591 4865 1605 4916 1
1637 4863 1810 4918 Ριινιιι.
1847 4881 1858 4918 1

1961 4909 1971 4931 ,
2004 4865 2054 4917 'i.
2129 4865 2173 4896 "
2194 4859 2334 4915 Psal.
2361 4871 2587 4921 xxxvut,
2616 4853 2672 4906 2.

347 5030 457 5102 (δὲ)
486 5026 776 5102 §ic_edilio
805 5027 969 5102 Basil.
989 5040 1108 5080 cum
1141 5025 1375 5102 quinque
1404 5027 1636 5102 mss._dt
1660 5040 1838 5102 nostra

276 5095 442 5153 editio
486 5097 657 5151 Paris.
684 5097 1038 5168 πτωχεύσεις.
1073 5111 1200 5168 non
1233 5097 1505 5168 itareme.
1540 5095 1658 5150 Mox
1705 5099 1833 5168 Reg.

278 5168 547 5226 secundus
575 5183 695 5219 cum
729 5165 962 5221 editione
996 5166 1152 5220 Basii.
1181 5165 1533 5229 διαδέξονται.

351 5237 690 5309 (63)~Ed_ilio
739 5239 897 5290 Basil.
959 5253 1080 5292 cum
1138 5247 1538 5309 quatuorhmss.
1583 5237 1666 5309 ὅτι
1724 5254 1840 5290 σου.

276 5305 453 5366 Editio
483 5307 658 5360 Paris.
690 5322 811 5360 cum
863 5324 992 5360 mss.
1028 5321 1130 5375 non
1163 5307 1349 5375 paucis
1371 5305 1453 5358 ὅτι
1511 5322 1614 5359 σοι.
1648 5308 1842 5361 Statim

277 5383 431 5436 Colb.
465 5378 668 5448 primus
697 5378 980 5448 Πείσωμεν
1005 5373 1117 5430 οὖν.

352 5445 479 5520 (64f
525 5447 737 5520 Initium
762 5445 1078 5520 ‘Basiiiauzp
1147 5445 1564 5520 explanationis
1592 5446 1842 5499 tribuitur

279 5516 566 5576 Theodoro
627 5518 676 5570 in
750 5517 948 5572 Catena
1021 5518 1366 5571 Corderiana.
1437 5516 1565 5568 Illud
1629 5532 1844 5583 qtmqtte

278 5594 640 5657 fragmentum
675 5590 815 5656 quod
839 5587 1079 5655 proxime
1105 5589 1154 5639 in
1179 5601 1240 5640 ea
1267 5586 1531 5657 Anonymi
1567 5585 1841 5657 cujusdam

279 5655 496 5712 nurnine
531 5657 732 5710 editum
768 5667 870 5722 est,
899 5657 964 5709 ad
1016 5667 1258 5711 nostrum
1303 5655 1558 5711 Basilium
1598 5656 1848 5710 similiter

278 5735 533 5799 pertinet.

355 5801 466 5864 (6ft)
494 5800 582 5855 Sic
616 5814 746 5854 mss.
777 5806 832 5853 et
856 5797 1018 5853 editio
1055 5795 1214 5851 Basil.
1256 5797 1325 5850 At
1352 5795 1519 5853 editio
1549 5794 1723 5852 Paris.
1755 5795 1844 5849 τοῦ

280 5871 462 5925 Δαῦίδ.

2020 5024 2132 5094 (66)
2158 5023 2307 5076 Colit.
2335 5031 2560 5094 quartus
2582 5019 2675 5094 καὶ
2702 5018 2816 5094 μετ’
2839 5015 3025 5076 αὐτοῦ,
3046 5029 3141 5067 nec
3171 5013 3322 5065 aliter
3350 5009 3510 5094 LXX,

1946 5095 1962 5148 I
2003 5082 2240 5160 Paralip.
2281 5082 2388 5157 xvi,
2426 5091 2516 5144 41.
2569 5093 2636 5144 At
2680 5082 2808 5142 editi
2839 5103 2960 5140 cum
2994 5095 3226 5155 quatuor
3252 5097 3381 5135 mss.
3420 5082 3512 5134 καὶ

1947 5166 2064 5236 μετξ
2084 5163 2286 5236 αὐτῶν.

2022 5233 2134 5303 (67)
2168 5234 2218 5286 Ιιι
2273 5232 2484 5300 Anglic.
2547 5227 2713 5303 Αίθάν
2753 5227 3106 5303 ιιθςίιιι-τηιπο
3150 5221 3342 5303 Αίμάν.
3409 5220 3510 5272 Sed

1949 5291 2214 5371 vulgatam
2283 5291 2562 5354 lcciiouem
2625 5291 3108 5371 ᾼὶμάνίιξκιιίιξξιιι
3157 5301 3211 5343 et
3262 5291 3396 5344 Uliv.
3459 5303 3508 5371 et

1951 5363 2120 5426 ιηιεῖιί
2165 5388 2292 5426 mss.
2321 5387 2424 5425 una
2479 5386 2600 5425 cum
2638 5363 2802 5423 LXX.
2834 5367 2950 5420 Mox
2993 5363 3142 5418 Coll).
3195 5371 3420 5428 quartus
3455 5363 3511 5412 ὲν

1950 5460 2164 5496 κινυοα.

2021 5501 2132 5582 (685
2158 5512 2231 5563 lla
2269 5527 2362 5565 sex
2391 5526 2519 5564 mss.
2544 5509 2608 5562 At
2635 5508 2762 5582 editi
2785 5507 2951 5582 eratsi.
2989 5572 3009 5582 Η
3272 5566 3315 5582 Π
3442 5567 3452 5578 ο

2023 5566 2134 5651 (69)
2173 5582 2304 5651 Reg.
2336 5576 2840 5653 secuiidtts_é_1tt8s‘sg
2869 5575 2959 5653 καὶ
2988 5572 3232 5653 ξσχατον.
3272 5566 3390 5653 Ncc‘
3433 5567 3510 5653 ita

1953 5637 2280 5722 mtiltofpos‘t'
2303 5651 2466 5722 editio
2514 5649 2678 5722 Basil.
2718 5637 3090 5722 Ctttll_tiuubtis
3149 5654 3282 5722 mss.
3332 5637 3515 5722 πλεῖον

1950 5708 2169 5778 ὲαυτοῦί
2205 5722 2377 5778 Editio
2408 5719 2577 5776 Paris.
2611 5733 2731 5774 cum
2766 5714 2946 5770 multis
2983 5727 3110 5768 mss.
3139 5709 3356 5765 πλείονα
3393 5708 3512 5764 ἑαυ-

1951 5792 2065 5847 τοῦ.
