3978 6410
436 398 534 454 471
1773 395 1829 449 S.
1874 394 2018 449 BASI

2159 393 2370 447 MAGNI
3581 392 3615 443 4
3626 394 3706 446 72

438 515 851 588 peccatorisque
884 513 1314 580 conjarationcm
1356 518 1566 574 narrat,
1626 520 1681 563 et
1735 512 2006 581 propriam

2125 506 2550 580 προειλημμένον
2581 505 2693 576 ἔχει
2721 507 2777 558 ἐν
2806 509 2870 577 τῇ
2900 504 3089 559 ἑαυτοῦ
3127 504 3320 576 καρδίᾳ
3344 504 3402 557 τὸ
3425 506 3488 557 ἐκ
3514 505 3704 575 πηλοῦ

439 608 778 677 patientiam.
814 605 945 659 Cum
974 606 1111 659 enim
1134 644 1150 669 ,
1185 605 1379 675 inquit,
1431 606 1736 657 consisteret
1766 616 2010 672 peccator

2125 601 2455 671 γεγενῆσθαι.
2483 599 2580 652 Διά
2606 598 2761 651 τοῦτο
2784 600 2898 650 ἐκεῖ
2917 597 3013 667 μέν
3034 613 3215 667 φησιν,
3232 591 3405 659 Bina,
3431 596 3733 661 «multiva

441 698 714 750 adversum
755 711 858 756 me,
899 696 1135 747 obmutui
1174 704 1222 747 et
1264 695 1573 748 humiliatus
1618 709 1755 758 sum,
1800 703 1850 746 et
1884 694 2009 746 silui

2125 696 2220 759 τὰς
2262 693 2439 760 ὁδούς
2485 709 2624 759 μου.
2656 691 2749 744 καὶ
2795 691 3059 761 διηγεῖται
3103 688 3195 741 τοῦ
3224 688 3551 759 ἁμαρτωλοῦ
3594 690 3710 756 τὴν

440 807 470 840 a
518 788 664 841 bonis
704 787 770 840 ’°.
822 786 1013 840 Postea
1075 787 1423 856 progrediens
1481 787 1594 840 ait:
1644 783 2010 838 Verumtamen

2125 786 2490 847 ὲπισύστασιν,
2531 784 2623 836 καὶ
2656 782 2750 853 τὴν
2794 783 2999 835 οἰκείαν
3038 780 3448 853 μακροθυμίαν·
3478 782 3577 832 Ἐν
3613 779 3713 843 τῷ

442 864 617 930 omnia
657 876 881 938 vanitas,
924 876 1093 928 omnis
1114 876 1267 928 homo
1308 877 1477 930 z-ivens
1517 876 1599 942 ’7;
1629 875 1840 938 deinde,
1881 874 2011 928 Tlte-

2125 877 2419 945 συστῆναι
2440 880 2570 946 γὰρ,
2588 876 2739 947 φησὶ,
2762 875 2867 929 τὸν
2889 874 3234 945 ἁμαρτωλὸν
3251 873 3532 925 ἐναντίον
3546 890 3707 939 μου,

442 968 703 1030 saurizat,
740 976 788 1020 et
820 968 1023 1036 ignorat
1061 967 1145 1019 cui
1173 968 1503 1037 congregabit
1528 984 1588 1020 ea
1612 968 1679 1021 ³³.
1705 969 1775 1019 At
1801 968 1850 1019 in
1877 981 2010 1036 pra:—

2125 968 2433 1039 ἒκωρώθην
2454 968 2553 1022 καὶ
2583 967 3002 1034 ἐταπεινώθην,
3034 964 3131 1019 καὶ
3161 965 3417 1034 ἐσίγησα
3448 963 3519 1027 ἐξ
3549 965 3711 1031 ἀτα-

443 1060 589 1114 seuti
614 1058 823 1128 psalmo
857 1059 1172 1115 dubitanter
1213 1062 1446 1127 orditur,
1480 1061 1626 1115 velut
1660 1061 1725 1114 ad
1774 1060 2010 1113 animam

445 1167 599 1205 suam
650 1150 895 1219 loquens,
956 1161 1210 1220 tanquam
1243 1153 1286 1205 si
1332 1152 1518 1206 istlnec
1546 1166 1608 1206 ex
1646 1151 1795 1219 prius
1851 1149 2011 1206 dictis

446 1250 927 1309 consequerentur.
946 1241 1155 1295 Etenim
1181 1257 1245 1296 ne
1263 1244 1440 1296 anima
1470 1242 1648 1297 sensui
1678 1241 1858 1296 carnis
1888 1241 2013 1293 sub-

446 1332 581 1394 dita,
614 1332 680 1384 ad
709 1332 817 1385 iras
848 1340 902 1386 et
935 1332 1186 1387 tristitias
1213 1342 1535 1403 provocetur
1566 1352 1579 1388 :
1634 1334 1765 1397 Cur,
1815 1334 2010 1403 inquit,

446 1422 785 1477 aﬂ‘ectionum
841 1424 1106 1479 malarum
1160 1440 1371 1480 servam
1410 1426 1549 1481 facio
1583 1426 1818 1480 animam
1848 1466 1864 1489 ,
1925 1427 2011 1479 cui

448 1515 692 1581 corporis
751 1515 1207 1585 aﬂ‘ectionumque
1258 1519 1373 1587 ejus
1408 1517 1567 1589 194
1614 1517 1950 1587 principatus
1984 1533 2011 1569 a

451 1606 582 1670 Deo,
612 1607 703 1676 qui
737 1622 856 1662 eam
904 1608 1170 1672 condidit,
1220 1611 1568 1665 concreditus
1616 1611 1740 1664 est?
1791 1610 2015 1679 Oportet

448 1698 631 1766 itaque
662 1699 931 1767 imperare
970 1698 1273 1763 aliectibus,
1319 1709 1373 1755 et
1430 1702 1639 1756 servire
1693 1702 1822 1756 Deo.
1870 1700 2014 1755 Fieri

448 1789 591 1842 enim
634 1804 737 1841 non
769 1799 967 1857 potest,
1000 1802 1060 1845 ut
1087 1791 1202 1859 ipsa
1243 1801 1298 1845 et
1332 1807 1360 1845 a
1386 1802 1608 1861 peccato
1643 1802 1697 1847 et
1725 1807 1756 1847 a
1788 1792 1898 1847 Deo
1925 1809 2012 1846 re—

449 1890 645 1945 gatur:
685 1881 778 1934 sed
834 1888 891 1933 ut
922 1880 1140 1936 malitia:
1186 1892 1398 1951 oportet
1448 1898 1566 1938 eam
1615 1884 1903 1948 dominari,
1942 1884 2014 1937 ita

454 1972 679 2026 Domino
732 1972 1109 2027 universorum
1154 1976 1455 2042 subjeclam
1501 1989 1641 2030 esse.
1675 1975 1853 2042 Quare
1883 1975 2013 2029 Pro-

416 2063 610 2143 .pheta
660 2064 943 2133 insurgens
976 2064 1027 2118 in
1082 2079 1226 2127 eum,
1258 2066 1349 2133 qui
1402 2066 1727 2121 teutationes
1763 2066 1969 2119 inducit
1997 2104 2012 2130 ,

452 2155 785 2225 multamque
829 2157 1091 2211 malorum
1147 2159 1362 2211 turbam
1406 2160 1454 2213 ei
1490 2160 1716 2222 excitat,
1754 2168 1808 2211 et
1856 2173 2012 2212 suum

453 2246 687 2299 studium
721 2247 773 2300 in
804 2248 856 2301 id
883 2248 1115 2313 confert,
1147 2259 1202 2301 ut
1233 2251 1458 2318 spiritus
1481 2250 1779 2305 celsitatem
1812 2251 2018 2320 redigat

453 2335 506 2390 in
534 2338 850 2393 servitutem
882 2340 953 2405 ",
978 2355 1041 2395 ac
1065 2340 1239 2410 ipsum
1262 2342 1416 2396 carni
1445 2342 1718 2413 subjiciat,
1755 2342 1899 2397 velut
1933 2358 2016 2397 re-

454 2428 725 2498 darguens
746 2445 937 2485 vanam
967 2431 1113 2487 illius
1136 2433 1423 2488 adversum
1463 2448 1523 2489 se
1548 2433 1865 2501 versutiam,
1905 2434 2017 2490 lnaac

452 2520 581 2574 dicit
614 2538 628 2575 :
662 2523 799 2589 Quid
823 2538 907 2578 me
937 2524 1141 2579 servire
1157 2525 1306 2595 cogis
1336 2525 1404 2581 iis
1431 2525 1625 2594 quibus
1649 2525 1730 2578 fas
1761 2526 2012 2579 nonest?

454 2609 583 2666 Milli
614 2613 868 2669 Dominus
907 2627 1009 2679 est,
1043 2632 1278 2686 agnosco
1308 2633 1490 2672 verum
1526 2620 1748 2687 Regem.

2115 1062 2235 1117 θῶν
2254 1080 2266 1092 ·
2302 1057 2421 1114 εἶτα
2453 1059 2657 1133 προῖὼν
2697 1060 2877 1127 λέγει’
2917 1059 3091 1126 Πλὴν
3123 1058 3193 1111 τὰ
3225 1058 3548 1127 σύμπαντα
3572 1072 3709 1125 μα-

2115 1153 2373 1219 ταιότης,
2425 1150 2543 1217 πᾶς
2597 1150 2904 1218 ἄνθρωπος
2946 1146 3084 1209 ζῶν·
3132 1143 3269 1210 εἶτα,
3317 1144 3708 1213 Θησαυρίζίςι,

2115 1244 2211 1298 καὶ
2239 1246 2309 1298 οὐ
2354 1242 2629 1313 γινώσκει
2680 1242 2799 1294 τίνι
2836 1240 3085 1304 συνάξει
3138 1238 3304 1293 αὐτὰ.
3361 1240 3448 1291 Ἐν
3501 1237 3559 1289 δὲ
3614 1238 3711 1307 τῷ

2117 1335 2462 1407 προκειμένῳ
2492 1331 2689 1403 ψαλμῷ
2717 1332 2942 1402 ἄρχεται
2978 1329 3399 1403 διαπρητικῶς,
3433 1328 3596 1382 οἱονεὶ
3627 1333 3709 1399 τῇ

2118 1428 2307 1481 ἑαυτοῦ
2355 1427 2499 1498 ψυχῇ
2561 1426 2961 1495 διαλεγόμενος,
2992 1424 3065 1488 ὡς
3109 1421 3169 1488 ἐξ
3216 1422 3536 1484 ἀκολουθίας
3578 1422 3709 1473 τῶν

2117 1518 2544 1590 προειρημένων.
2602 1518 2717 1569 Ἵνα
2776 1514 2882 1586 γὰρ
2952 1515 3025 1586 μὴ
3084 1513 3158 1585 τῷ
3235 1515 3539 1584 φρονήματι
3586 1512 3709 1580 τῆς

2119 1609 2320 1680 σαρκὸς
2356 1611 2388 1679 ἡ
2435 1606 2578 1679 ψυχὴ
2626 1608 2977 1674 ὑποταγεῖσα,
3016 1605 3151 1677 πρὸς
3182 1605 3346 1677 ὀργὰς
3383 1605 3473 1657 καὶ
3511 1603 3706 1666 λύπας

2115 1700 2513 1771 διερεθίζηται,
2577 1699 2664 1752 ἵνα
2708 1698 2780 1761 τί,
2819 1698 2972 1768 φησὶ,
3026 1696 3217 1767 δούλην
3270 1696 3529 1766 ποιοῦμαι
3574 1695 3706 1765 (70)

2120 1792 2368 1864 πονηρῶν
2402 1791 2590 1843 παθῶν
2610 1790 2736 1860 ,τὴν
2762 1788 2959 1859 ψυχὴν,
2991 1787 3141 1859 παρὰ
3167 1786 3258 1841 τοῦ
3284 1787 3570 1849 κτίσαντος
3593 1787 3707 1839 αὖ·

2118 1885 2215 1956 τὴν
2253 1884 2387 1937 Θεοῦ
2432 1883 2530 1954 τὴν
2575 1882 2868 1953 ἡγεμονίαν
2918 1878 3012 1933 τοῦ
3049 1879 3299 1950 σώματος
3346 1880 3437 1932 καὶ
3486 1878 3597 1931 τῶν
3636 1880 3703 1930 ἐν

2120 1976 2267 2046 αὺτῴ
2298 1973 2633 2044 παθημάτων
2663 1972 3139 2041 πεπιστευμένην;
3171 1973 3262 2023 Δεῖ
3291 1972 3471 2023 τοίνυν
3500 1973 3704 2042 ἄρχειν

2124 2069 2220 2140 μὲν
2244 2067 2350 2120 τῶν
2377 2064 2581 2130 παθῶν,
2604 2062 2870 2116 δουλεύειν
2890 2062 2944 2115 δὲ
2966 2060 3044 2133 τῷ
3070 2060 3207 2131 Θεῷ.
3247 2060 3550 2131 Ἀμήχανον
3584 2061 3705 2130 γάρ

2120 2156 2288 2226 αὐτὴν
2321 2155 2413 2207 καὶ
2451 2152 2556 2205 ὑπὸ
2586 2151 2684 2221 τῆς
2724 2150 2995 2221 ἁμαρτίας
3031 2148 3426 2219 βασιλεύεσθαι,
3458 2149 3553 2199 καὶ
3588 2148 3706 2199 ὑπὸ

2122 2247 2214 2301 τοῦ
2243 2245 2408 2297 Θεοῦ·
2444 2243 2578 2297 ἀλλὰ
2621 2242 2702 2296 δεῖ
2751 2241 2949 2304 κακίας
2996 2241 3092 2311 μὲν
3126 2241 3459 2310 ἐπικρατεῖν,
3493 2238 3574 2308 τῷ
3600 2242 3706 2290 Δε-

2126 2339 2296 2408 σπότῃ
2317 2336 2373 2389 δὲ
2402 2335 2509 2389 τῶν
2537 2334 2671 2388 ὅλων
2716 2333 3094 2402 ὑποτετάχθαι.
3137 2329 3238 2383 Διὰ
3271 2331 3428 2383 τοῦτο
3468 2332 3701 2383 ἀποτει-

2123 2430 2343 2500 νόμενος
2366 2430 2393 2480 ὁ
2432 2428 2717 2498 Προφήτης
2760 2425 2836 2495 τῷ
2868 2424 3122 2491 ὲπάγοντι
3165 2423 3289 2485 τοὺς
3329 2424 3700 2492 πειρασμοῦς,

2122 2519 2214 2572 καὶ
2238 2517 2326 2570 τὸν
2356 2514 2519 2568 πολὺν
2559 2513 2711 2583 ὄχλον
2747 2510 2895 2581 αὐτῴ
2940 2510 3045 2564 τῶν
3091 2509 3277 2563 κακῶν
3322 2510 3432 2580 (71)
3474 2510 3704 2578 ἐπεγεί-

2128 2625 2291 2681 ροντι,
2321 2606 2414 2659 καὶ
2442 2604 2671 2674 σπουδὴν
2702 2603 2875 2673 ἔχοντι
2903 2600 3307 2672 ὼυλαγωγῆσαι
3349 2601 3406 2653 τὸ
3436 2602 3701 2673 φρόνημα

450 2702 542 2756 τοῦ
574 2705 909 2776 πνεύματος,
949 2709 1041 2762 καὶ
1086 2710 1388 2781 ὑπορρῖψαι
1430 2712 1561 2765 αὐτὸ
1626 2715 1690 2783 τῇ
1749 2712 1945 2785 σαρκὶ,
1977 2702 2086 2762 οἷον
2126 2702 2363 2771 ἐλέγχων
2415 2697 2578 2751 αὑτοῦ
2616 2696 2849 2767 ματαίαν
2880 2691 3043 2748 οὖσαν
3086 2695 3183 2764 τὴν
3219 2696 3337 2748 κατ’
3375 2696 3540 2748 αὐτοῦ
3576 2696 3702 2747 ἕπε’

452 2810 621 2859 νοιαν,
652 2800 823 2854 ταῦτά
850 2818 1007 2871 φησιο
1037 2804 1099 2855 Τί
1136 2822 1202 2873 με
1235 2803 1396 2876 βιάζῃ
1422 2804 1690 2860 δουλεύειν
1722 2802 1801 2869 οἷς
1826 2806 1899 2876 μὴ
1930 2803 2120 2872 θέμις;
2156 2796 2307 2863 Ἔχω
2330 2790 2628 2860 Δεσπότην,
2658 2786 2908 2859 γνωρίζω
2936 2787 3025 2840 τὸν
3054 2785 3268 2856 ἀληθῶς
3292 2785 3544 2839 Βασιλέα.

521 2889 576 2943 2.
603 2890 792 2945 Nonne
818 2893 924 2947 Deo
950 2894 1183 2964 subjecm
1223 2899 1320 2949 erit
1370 2899 1548 2950 anima
1578 2902 1736 2953 mea?
1786 2898 1848 2951 ab
1903 2897 2013 2964 ipso

452 2983 588 3036 enim
628 2984 860 3039 salutare
895 3002 1086 3040 meum.
1127 2987 1356 3042 Causam
1386 2990 1522 3044 dixit
1551 3006 1646 3045 cur
1678 2990 1871 3060 subjici
1901 3001 2015 3044 stu-

2189 2888 2243 2940 2.
2279 2885 2422 2953 Οὐχὶ
2466 2882 2545 2948 τῷ
2600 2881 2720 2946 Θεῷ
2773 2877 3208 2948 ὑποταγήσεται
3253 2878 3291 2945 ή
3325 2878 3493 2946 ψυχή
3533 2895 3697 2945 μου;

2120 2978 2252 3047 παρ’
2287 2975 2470 3030 αὑτοῦ
2507 2975 2616 3043 γὰρ
2648 2972 2716 3025 τὸ
2753 2969 3046 3037 σωτήριόν
3068 2987 3207 3039 μου.
3239 2968 3347 3039 Τὴν
3372 2969 3547 3021 αἰτίαν
3570 2965 3695 3020 εἷπε

454 3075 579 3129 deat
608 3093 622 3129 :
655 3077 911 3144 quoniam
945 3093 974 3131 a
1001 3078 1111 3134 Deo
1146 3080 1387 3135 salutare
1413 3090 1515 3135 est.
1562 3080 1845 3151 Proprium
1870 3082 2013 3136 enim

2125 3071 2218 3141 τῆς
2252 3066 2379 3138 περὶ
2409 3066 2506 3137 τὴν
2551 3062 2827 3133 ὑποταγὴν
2878 3062 3137 3131 σπουδῆς⁹
3186 3061 3267 3113 ὅτι
3316 3060 3376 3113 τὸ
3424 3062 3696 3130 σωτήριον

455 3165 678 3235 Opiﬁcis
701 3176 803 3231 est,
836 3168 1171 3236 Opiﬁciorum
1205 3186 1425 3227 suorum
1471 3172 1895 3228 incolumitatem
1924 3187 2018 3226 cu-

2125 3162 2266 3234 παρὰ
2295 3160 2385 3214 τοῦ
2405 3157 2558 3212 Θεοῦ.
2586 3156 2743 3209 Ἰδιον
2771 3153 2880 3225 γὰρ
2908 3153 3248 3225 Δημιουργοῦ
3277 3153 3335 3204 τὸ
3366 3153 3470 3205 τῶν
3495 3153 3694 3205 ἑαυτοῦ

459 3270 601 3311 rare.
656 3256 771 3323 Vel,
802 3258 877 3311 Ab
919 3260 1033 3328 ipso
1064 3261 1300 3317 salutare
1331 3270 1407 3316 est
1425 3280 1446 3329 ;
1500 3264 1757 3333 quoniam
1786 3264 2019 3333 prophe-

458 3350 563 3403 tice
587 3350 888 3417 praevidens
915 3350 1151 3406 futuram
1182 3367 1303 3408 esse
1346 3355 1575 3424 gratiam
1624 3354 2021 3412 incarnationis

457 3443 690 3510 Domini,
721 3446 833 3501 haec
867 3446 1037 3503 dicit:
1072 3448 1326 3502 nimirum
1363 3451 1470 3505 Deo
1510 3451 1716 3506 servire
1748 3460 2019 3520 oportere,

456 3545 513 3591 et
541 3537 716 3606 ipsum
743 3540 986 3610 diligere,
1010 3540 1101 3610 qui
1125 3541 1443 3596 beneﬁcium
1482 3552 1685 3597 tantum
1720 3543 1870 3612 prior
1895 3558 2022 3598 cou-

460 3627 646 3682 tulerit
678 3630 729 3683 in
768 3630 1044 3685 hominum
1100 3648 1293 3702 genus,
1325 3642 1384 3688 ut
1438 3649 1503 3690 ne
1555 3636 1773 3705 proprio
1807 3637 2021 3705 quidem

461 3718 602 3774 Filio
629 3723 954 3791 pepercerit,
997 3724 1088 3778 sed
1118 3740 1217 3793 pro
1246 3724 1400 3779 nobis
1432 3727 1685 3782 omnibus
1730 3727 1879 3782 illum
1914 3736 2021 3784 tra-

457 3812 657 3867 diderit
702 3814 768 3868 '°.
799 3814 912 3869 Mos
954 3824 1040 3871 est
1086 3817 1229 3870 enim
1273 3816 1588 3885 Scriptum,
1644 3829 1701 3872 ut
1744 3817 2019 3873 Christum

462 3902 840 3967 Dei,-salutare
871 3906 1138 3975 appellet;
1171 3908 1314 3961 sicut
1351 3907 1549 3963 alicubi
1601 3909 1766 3963 etiam
1802 3909 2020 3964 Simeon

460 3998 536 4050 ait
570 4017 585 4053 :
617 3998 773 4052 Nunc
812 4000 1033 4053 dimittis
1062 4017 1267 4054 servum
1301 4013 1472 4067 tuum,
1506 4002 1759 4067 Domine,
1800 4004 1924 4073 quia
1945 4003 2023 4057 vi-

462 4091 649 4143 derunt
672 4092 809 4145 oculi
840 4092 937 4146 mei
965 4092 1200 4147 salutare
1245 4102 1395 4148 tuum
1420 4096 1486 4147 ³¹.
1522 4095 1885 4166 Subjiciamur
1925 4096 2023 4167 igi—

463 4190 548 4235 tur
588 4183 716 4249 Deo,
755 4184 897 4253 quod
946 4186 1183 4241 salutare
1218 4188 1285 4242 ab
1314 4187 1435 4257 ipso
1485 4195 1589 4242 est.
1645 4189 1784 4255 Quid
1840 4198 2020 4245 autem

460 4272 529 4326 sit
561 4273 817 4342 salutare,
879 4276 1130 4345 explicat.
1162 4276 1296 4334 ~Non
1338 4278 1477 4332 nuda
1512 4279 1757 4349 quaedam
1782 4290 1868 4335 est
1890 4295 2020 4350 ope-

463 4364 604 4417 ratio
631 4407 645 4430 ,
700 4365 933 4434 aliquam
970 4367 1126 4422 nobis
1174 4368 1585 4423 beneﬁcentiam
1634 4370 1884 4433 afferens,
1916 4387 2020 4441 qua

2121 3255 2440 3324 ποιημάτων
2467 3250 2580 3320 (72)
2620 3250 2717 3319 τῆς
2746 3246 3042 3315 ἀσφαλείας
3065 3243 3388 3316 φροντίζειν.
3419 3244 3509 3307 Ἢ,
3543 3245 3694 3309 ΙΙαρ⁹

2117 3344 2301 3401 αὑτοῦ
2329 3345 2394 3398 τὸ
2426 3341 2718 3410 σωτήριον
2738 3359 2749 3370 ·
2774 3338 2961 3410 ἐπειδὴ
2988 3337 3337 3409 προφητικῶς
3369 3336 3692 3407 προορώμε-

2118 3454 2207 3499 νος
2227 3436 2324 3506 τὴν
2349 3435 2643 3506 μέλλουσαν
2664 3431 2881 3485 ἔσεσθαι
2919 3431 3079 3501 χάριν
3106 3430 3201 3500 τῆς
3228 3428 3693 3498 ὲνανθρωπήσεως

2120 3527 2211 3583 τοῦ
2235 3527 2460 3598 Κυρίου,
2485 3524 2657 3578 ταῦτά
2687 3541 2878 3594 φησιν·
2904 3524 2984 3575 ὃτι
3012 3520 3278 3573 δουλεύειν
3311 3520 3389 3571 δεῖ
3430 3519 3508 3589 τῷ
3546 3518 3689 3588 Θεῷ,

2122 3619 2215 3674 κα)⁸
2239 3620 2454 3690 ἀγαπᾷν
2480 3617 2661 3680 αὑτὸν,
2701 3616 2757 3679 ὃς
2799 3614 3130 3685 τηλικαύτην
3168 3611 3481 3683 εὐεργεσίαν
3521 3613 3603 3673 εἰς
3629 3611 3693 3663 τὸ

2122 3712 2275 3783 γένος
2315 3710 2421 3765 τῶν
2463 3708 2760 3780 ἀνθρώπων
2810 3705 3275 3776 προκατεϐάλετο,
3325 3702 3399 3765 ὡς
3435 3702 3571 3772 μηδὲ
3594 3701 3691 3753 τοῦ

2126 3804 2253 3857 ἰδίου
2287 3801 2415 3854 Υἱοῦ
2444 3799 2749 3869 φείσασθαι,
2772 3796 2883 3851 ἀλλ’
2909 3795 3047 3866 ὑπὲρ
3084 3794 3297 3847 πάντων
3328 3792 3484 3864 ἡμῶν
3512 3810 3691 3863 παρα-

2121 3916 2319 3970 δοῦναι.
2356 3914 2622 3984 Σωτήριον
2654 3912 2763 3983 γὰρ
2811 3912 2929 3975 ἔθος
2962 3909 3245 3980 ὀνομάζειν
3286 3911 3350 3979 τῇ
3375 3908 3564 3979 Γραφῇ
3597 3909 3690 3961 τὸν

2121 4006 2353 4075 Χριστὸν
2396 4004 2487 4057 τοῦ
2524 4003 2659 4056 Θεοῦ
2681 4020 2694 4035 σ
2729 4003 2803 4065 ὥς
2838 4019 2938 4055 που
2975 4002 3067 4053 καὶ
3107 3996 3329 4069 Συμεών
3361 4015 3493 4067 φησι
3516 4016 3527 4029 ·
3558 3999 3694 4051 Νῦν

2122 4097 2405 4161 ἀπολύεις
2430 4094 2538 4147 τὸν
2556 4095 2779 4148 δοῦλόν
2800 4108 2936 4156 σου,
2959 4091 3228 4145 Δέσποτα
3245 4090 3354 4161 (75)
3372 4107 3385 4118 ·
3412 4088 3499 4142 ὅτι
3524 4089 3694 4142 εἶδον

2123 4190 2177 4240 οἱ
2221 4187 2515 4255 ὀφθαλμοί
2550 4203 2669 4255 μου
2706 4185 2768 4239 τὸ
2803 4184 3097 4251 σωτήριόν
3131 4197 3265 4235 σου.
3304 4179 3691 4251 ’Υτιοταγησώ⁶

2128 4274 2264 4345 μεθα
2310 4270 2402 4328 οὖν
2450 4274 2529 4345 τῷ
2574 4274 2712 4344 Θεῷ,
2742 4273 2872 4326 διότι
2906 4274 3035 4343 παρ’
3080 4270 3241 4324 αὐτοῦ
3297 4269 3357 4321 τὸ
3400 4272 3688 4339 σωτήριον.

2126 4365 2189 4418 Τί
2239 4366 2295 4419 δέ
2339 4368 2452 4419 ἐστι
2506 4366 2567 4419 τὸ
2620 4367 2902 4436 σωτήριον,
2944 4363 3253 4435 ἑρμηνεύει.
3302 4360 3415 4415 Οὐκ
3440 4359 3690 4432 ἐνέργειά

463 4455 532 4507 ab
586 4455 899 4512 inﬁrmitate
943 4457 1254 4524 liberemur,
1306 4459 1551 4528 bonaque
1586 4462 1830 4530 corporis
1864 4462 2018 4516 habi-

2125 4471 2205 4517 τις
2259 4454 2407 4525 ψιλὴ,
2460 4455 2618 4527 χάριν
2676 4454 2798 4507 τινὰ
2841 4456 2970 4524 ἡμῖν
3024 4452 3370 4524 παρεχομένη
3409 4456 3488 4517 εἰς
3516 4456 3689 4508 ἀπαλ-

466 4545 650 4600 tudine
669 4556 902 4606 utamur.
930 4551 1034 4606 Sed
1065 4551 1192 4620 quid
1217 4559 1302 4606 est
1345 4550 1622 4605 salutare?
1651 4550 1810 4607 Vsus.
1842 4553 1896 4608 5.
1927 4551 2021 4606 Ει-

464 4637 601 4688 enim
646 4638 753 4704 ipse
807 4640 945 4694 Deus
993 4658 1135 4695 meus
1169 4651 1217 4693 et
1267 4639 1510 4695 Salvator
1544 4657 1708 4706 meus,
1756 4652 2019 4710 susceptor

466 4742 639 4792 meus;
675 4746 777 4784 non
812 4734 1049 4786 movebor
1075 4732 1319 4787 multum.
1346 4732 1532 4799 Filius,
1558 4735 1647 4801 qui
1681 4749 1748 4789 ex
1780 4733 1892 4790 Deo
1919 4744 2021 4799 est,

468 4817 609 4873 Deus
643 4831 823 4877 noster
868 4832 974 4878 est.
1025 4824 1167 4878 ldem
1199 4824 1360 4879 etiam
1417 4823 1665 4879 Salvator
1694 4834 1772 4879 est
1814 4826 2027 4894 generis

464 4910 711 4981 humani,
755 4915 1085 4971 debilitatem
1134 4927 1370 4972 nostram
1416 4916 1662 4983 fulciens,
1687 4933 1749 4972 ac
1782 4933 2027 4972 commo-

2127 4551 2297 4622 λαγὴν
2349 4550 2650 4614 ἀσθενείας,
2690 4550 2782 4603 καὶ
2828 4548 3075 4620 σώματος
3126 4548 3354 4615 εὐεξίαν.
3426 4550 3583 4604 Ἀλλὰ
3638 4552 3689 4603 τί

2123 4643 2238 4695 ἐστι
2302 4642 2365 4694 τὸ
2436 4642 2729 4712 σωτήριον;
2797 4640 2907 4695 Καὶ
2958 4641 3066 4710 γὰρ
3122 4642 3302 4704 αὐτὸς
3365 4643 3509 4707 Θεός
3569 4660 3689 4710 μου

2120 4733 2218 4787 καὶ
2271 4732 2470 4801 Σωτήρ
2525 4750 2665 4803 μου,
2713 4730 3088 4799 ἀντιλήπτωρ
3128 4750 3247 4800 μου
3274 4750 3286 4762 ·
3321 4734 3393 4786 οὐ
3444 4732 3530 4802 μὴ
3581 4749 3689 4786 σα-

2120 4827 2313 4881 λευθῶ
2354 4825 2451 4879 ἐπὶ
2494 4824 2705 4879 πλεῖον
2748 4825 2882 4894 (74).
2916 4824 3045 4887 Θεὸς
3084 4824 3238 4894 ἡμῶν
3276 4826 3421 4878 ἐστιν
3445 4828 3472 4877 ὁ
3502 4827 3563 4877 ἐκ
3594 4825 3689 4877 τοῦ

2124 4920 2258 4974 Θεοῦ
2306 4920 2452 4983 Υἱός.
2510 4920 2569 4972 '0
2623 4918 2783 4982 αὐτὸς
2827 4918 2919 4972 καὶ
2967 4918 3156 4989 Σωτὴρ
3196 4917 3290 4971 τοῦ
3338 4918 3527 4986 γένους
3581 4918 3689 4969 τῶν

531 5023 577 5054 ⁸⁸
603 5022 747 5078 Psal.
794 5041 1020 5095 xxxvnl,
1048 5028 1101 5082 5.
1174 5029 1218 5059 ’⁷
1246 5028 1375 5083 ibid.
1412 5026 1461 5081 6.
1536 5028 1582 5059 ’⁸
1601 5028 1726 5088 ibid.
1763 5030 1814 5084 7.
1870 5029 1953 5083 "l
1989 5030 2018 5086 (Σ

2145 5046 2221 5097 Ix,
2245 5029 2338 5085 27.
2413 5032 2457 5063 ⁸ο
2475 5030 2630 5085 Rom.
2667 5045 2778 5095 VIII,
2801 5030 2890 5085 32.
2966 5032 3006 5063 ³¹
3050 5029 3180 5086 Luc.
3205 5046 3263 5095 ιι,
3288 5030 3377 5094 29,
3409 5032 3495 5084 50.

537 5156 650 5229 (70)
678 5156 830 5229 ροιι).
850 5166 1075 5225 quartus
1103 5158 1298 5229 δούλην
1324 5157 1609 5228 ποιοῦμεν.

467 5306 656 5352 latum.

536 5367 648 5442 (Eg)
673 5366 1225 5442 (lolb._quar_tus_frt3v
1257 5370 1447 5423 ἑαυτοῦ
1484 5370 2001 5442 δημιουργημάτων.

537 5437 651 5508 (75)
687 5436 759 5490 Ita
788 5437 955 5492 editio
986 5437 1149 5493 Basil.
1178 5449 1232 5491 et
1281 5452 1403 5494 orto
1435 5436 1568 5493 mss.
1598 5436 1746 5494 Δι’ἱὴ
1780 5436 2031 5495 editione

467 5504 640 5560 Paris.
673 5516 795 5574 post
821 5522 1003 5561 vocem
1032 5508 1279 5562 Δέσποτα
1309 5510 1486 5564 addita
1518 5518 1637 5563 sunt
1664 5510 1771 5574 illa,
1808 5510 1945 5564 κατὰ
1974 5511 2034 5563 τὸ

466 5576 742 5660 ῥῆμάσου
783 5579 1059 5660 ξνῃεὶρήνῃ
1093 5611 1105 5632 .
1143 5580 1235 5634 sed
1292 5581 1418 5660 quin
1463 5594 1527 5632 ex
1586 5580 1873 5648 Evangelia
1929 5581 2032 5635 huc

470 5646 727 5698 translata
757 5648 885 5712 sint,
920 5646 1139 5704 dubium
1164 5665 1267 5703 non
1305 5651 1496 5703 habeo.

537 5714 648 5788 (74)
688 5714 938 5788 Verterat
967 5720 1234 5787 interpres
1256 5736 1321 5773 ex
1363 5718 1605 5788 Vulgata.
1638 5718 1758 5773 Non
1791 5720 2027 5774 merebor

472 5784 716 5854 amplius.
773 5786 876 5842 Sed
927 5804 1047 5845 cum
1077 5784 1177 5845 vox
1236 5784 1894 5859 amplins'accumtuodari
1936 5791 2020 5844 vix

537 5156 650 5298 (70;
678 5156 830 5211 Culb.
850 5166 1075 5225 quartus
1103 5158 1298 5229 δούλην
1324 5157 1609 5228 ποιοῦμεν.
2006 5176 2007 5179 ‘

536 5227 619 5298 (7i
679 5228 810 5299 Reg.
855 5230 1043 5283 tertius
1069 5228 1222 5298 ὄχλον
1245 5230 1350 5282 τῶν
1375 5230 1577 5294 παθῶν,
1610 5233 1810 5285 turbam
1846 5232 2039 5300 cupidi-

2133 5161 2572 5232 posse_videatur
2604 5162 2669 5217 ad
2715 5161 3036 5215 Basilianam
3068 5161 3530 5232 explanationem,
3592 5180 3688 5213 Ilus

2134 5230 2256 5286 cum
2288 5230 2614 5286 Combelisio
2641 5232 2861 5283 multum
2892 5230 3238 5300 interpretari
3268 5231 3573 5285 maluimus.
3605 5234 3689 5283 At.

2134 5316 2237 5370 que
2294 5302 2432 5355 hanc
2464 5313 2703 5356 nostram
2735 5301 3122 5370 interpretandi
3151 5301 3427 5370 rationem
3460 5315 3489 5353 a
3538 5301 3688 5353 Scri-

2135 5368 2306 5439 plura:
2337 5386 2495 5424 sensu
2552 5386 2653 5423 non
2706 5368 2980 5432 aberrare,
3020 5384 3083 5423 ex
3140 5368 3394 5438 llexaplis
3435 5373 3687 5437 cognosci

2138 5438 2329 5508 potest.
2365 5440 2418 5493 In
2454 5441 2518 5495 iis
2547 5442 2688 5494 enim
2718 5455 2785 5495 ex
2820 5439 3041 5494 Hebraeo
3070 5441 3146 5493 sic
3174 5442 3423 5501 vertitur,
3452 5438 3573 5492 Non
3611 5440 3685 5492 la-

2140 5510 2232 5563 bar
2269 5510 2511 5563 multum.
2575 5509 2683 5563 Hoc
2713 5510 2850 5562 idem
2885 5510 3119 5563 ostendit
3164 5518 3218 5564 et
3263 5508 3509 5575 Aquilas,
3562 5513 3686 5560 dum

2138 5582 2209 5631 ita
2250 5581 2756 5650 iuterpretatusrest
2806 5580 2865 5631 ού
2917 5579 3256 5650 σφαλήσομαι
3296 5579 3513 5650 πολλήν,
3567 5576 3684 5650 Non

2139 5649 2290 5701 labar
2344 5649 2582 5701 multant.
2615 5649 2737 5702 Mox
2775 5648 3422 5719 (“terarumnegligentia
3454 5648 3681 5719 proba:-

2134 5719 2351 5789 ερείδων
2380 5720 2577 5773 editum
2607 5721 2851 5775 lucretio
2879 5720 3113 5777 editione
3138 5717 3304 5775 Paris.
3345 5717 3629 5792 ὑπεριδών.
