3978 6410
454 321 565 376 475

1773 309 1830 363 S.
1871 303 2117 360 BASlLll
2153 301 2366 359 MAG-Nl

3600 297 3737 351 £76

455 445 579 492 runt
606 432 880 502 repellere;
905 435 1252 483 cucurrerunt
1290 428 1344 481 in
1371 428 1482 495 siti,
1511 443 1599 481 ore
1638 442 1730 481 suo
1756 424 2022 479 benedice-

2142 420 2383 487 ἓνδίψει,
2401 417 2481 484 τῷ
2496 420 2743 487 στόματι
2754 418 2950 471 αὐτῶν
2960 418 3271 485 εὐλόγουν,
3287 415 3381 468 καὶ
3398 413 3473 481 τῇ
3490 412 3740 480 καρδίᾳ

457 530 600 590 bant,
622 536 668 579 et
693 523 847 576 corde
868 538 961 575 suo
984 521 1383 574 maledicebant.
1410 521 1653 575 Pretium
1690 518 1926 574 hominis
1943 527 2026 571 est

457 619 676 687 sanguis
718 615 920 669 Christi
962 632 974 667 :
1011 612 1190 667 Pretio
1226 614 1388 675 enim,
1435 613 1630 682 inquit,
1668 612 1825 680 empti
1870 610 2026 669 estis;

456 710 616 765 nolite
643 708 757 776 ﬁeri
785 709 919 760 servi
944 705 1293 758 hominum”.
1334 703 1446 758 Hoc
1490 705 1655 773 igitur
1686 703 1916 772 pretium
1947 702 2026 753 iu-

463 802 591 855 utile
623 800 777 853 nobis
804 798 1029 851 reddere
1047 797 1422 866 cogitaverunt
1451 797 1652 850 milites
1685 794 1842 861 hujus
1875 792 2028 846 mali-

461 895 572 963 gni,
609 891 772 945 semel
806 891 1060 943 liberatos
1094 903 1281 942 rursus
1317 888 1369 941 in
1405 890 1722 942 servitutem
1751 888 2027 941 adducen-

464 995 562 1036 tes.
593 980 946 1035 Cucurrerunt
976 980 1027 1031 in
1059 979 1169 1033 siti.
1196 978 1627 1032 Concitationem
1653 994 1715 1031 ac
1739 978 2030 1031 vehemen-

464 1075 589 1127 tiam
623 1073 941 1126 insidiarutn
968 1072 1269 1123 daemonum
1298 1072 1579 1125 enuntiat:
1607 1071 1806 1139 quippe
1836 1070 2027 1122 adver-

460 1178 579 1216 sum
610 1178 708 1216 nos
757 1169 1002 1223 currunt,
1036 1161 1317 1213 interitum
1352 1170 1597 1213 nostrum
1629 1160 1893 1212 sitientes.
1928 1155 2031 1210 Ore

459 1271 553 1308 suo
601 1252 984 1317 benedicebant,
1025 1262 1073 1304 et
1106 1252 1261 1305 corde
1312 1268 1406 1304 suo
1447 1251 1847 1305 maledicebant.
1880 1248 2029 1302 Multi

462 1354 587 1398 sunt
614 1345 704 1413 qui
742 1359 936 1411 pravas
986 1343 1341 1411 comprobant
1397 1344 1671 1408 actiones;
1708 1351 1763 1395 et
1791 1341 2030 1395 dicacem

462 1437 674 1505 quidem
703 1434 941 1504 lepidum
968 1434 1172 1500 dicunt,
1208 1449 1331 1487 eum
1373 1448 1499 1487 vero
1524 1435 1611 1503 qui
1640 1434 1873 1487 obscena
1904 1446 2030 1486 vero

460 1525 527 1579 ba
567 1522 795 1593 profert,
830 1524 1104 1592 politicum
1140 1536 1154 1573 :
1187 1522 1583 1576 amarulentum
1610 1520 2029 1585 etiraeundum,

462 1633 569 1672 non
598 1615 1053 1670 contemnendum
1082 1615 1304 1667 dicunt:
1336 1615 1560 1669 laudant
1595 1628 1816 1681 parcum
1842 1621 1896 1669 et
1928 1612 2033 1665 illi-

462 1707 699 1762 beralem
726 1715 785 1759 ut
821 1706 1242 1769 meouomicum,
1290 1706 1572 1774 prodigum
1609 1713 1863 1772 tanquam
1893 1702 2028 1757 libe-

465 1798 655 1860 ralem.
695 1806 1052 1851 scortatorem
1086 1806 1139 1850 et
1175 1795 1459 1861 lascivum,
1488 1796 1739 1848 utvirum
1771 1796 1927 1863 genio
1953 1794 2034 1849 in-

463 1893 791 1959 dulgentem,
811 1899 863 1942 et
884 1890 1047 1943 animi
1072 1888 1385 1943 solutioris:
1411 1889 1642 1958 denique
1670 1887 1854 1941 vitium
1876 1903 2035 1942 omne

466 1984 711 2051 specioso
739 1980 959 2034 nomine
979 1979 1194 2034 virtutis
1228 1980 1527 2049 adiacentis
1544 1978 1841 2047 appellant.
1879 1976 2036 2032 Tales

468 2089 565 2128 ore
601 2072 815 2142 quidem
863 2071 1211 2137 benedicunt,
1243 2071 1405 2125 corde
1442 2085 1571 2125 vero
1613 2069 1943 2123 maledicunt
1968 2068 2035 2122 “.

469 2163 603 2217 Nam
634 2164 812 2217 verbis
858 2163 996 2217 bene
1032 2164 1287 2218 omittatis
1333 2176 1548 2217 onmem
1606 2162 2035 2217 exsecrationem

467 2257 592 2310 vita:
619 2255 831 2309 illorum
861 2255 1130 2325 ingerunt,
1158 2256 1410 2325 ipsosque
1434 2264 1649 2310 aeternae
1671 2252 2037 2307 damnationis

470 2360 592 2399 reos
619 2358 712 2415 per
732 2360 793 2398 ea
822 2359 941 2413 qua:
960 2346 1282 2415 approbant,
1310 2347 1666 2400 constituunt.
1688 2345 1894 2399 Rursus
1907 2344 2039 2398 allo-

469 2436 655 2507 quitur
683 2436 942 2499 animam,
972 2436 1087 2505 ejus
1117 2451 1245 2506 erga
1288 2437 1455 2490 Deum
1497 2435 1857 2491 obedientiam
1881 2436 2039 2507 196

472 2529 762 2598 adaugens.
807 2526 968 2583 Vens.
1010 2526 1063 2583 6.
1110 2527 1497 2591 Verumtamen,
1544 2528 1740 2597 inquit,
1774 2528 1882 2581 Deo
1916 2529 2036 2581 sub-

463 2619 607 2686 jecta
628 2630 758 2683 esto,
778 2620 955 2672 anima
979 2635 1113 2685 mea,
1137 2621 1383 2689 quoniam
1409 2620 1472 2672 ab
1495 2620 1607 2688 ipso
1628 2620 1881 2689 patientia
1901 2636 2035 2674 mea.

473 2710 675 2764 Iudicat
721 2710 1077 2764 tentationum
1125 2711 1571 2781 magnitudinem,
1627 2721 1681 2766 et
1712 2712 1841 2766 illud
1892 2716 2035 2782 Apo-

472 2802 594 2855 stoli
618 2800 767 2868 dicit,
797 2803 941 2870 quod
968 2816 1074 2854 non
1104 2801 1247 2854 sinet
1278 2800 1475 2854 tentari
1504 2815 1602 2856 nos
1634 2816 1794 2870 supra
1815 2802 1867 2855 id
1897 2802 2037 2872 quod

473 2894 737 2949 sustinere
772 2909 1057 2961 possumus
1075 2894 1140 2946 ³⁸.
1167 2892 1242 2946 Ab
1271 2894 1384 2963 ipso
1404 2893 1546 2948 enim
1574 2896 1835 2963 patientia
1866 2910 2002 2949 mea.

542 3165 596 3220 4.
641 3166 803 3221 Vens.
841 3169 892 3221 8.
938 3166 1002 3219 In
1069 3167 1172 3221 Deo
1217 3168 1452 3222 salutare
1516 3186 1721 3237 meum,
1764 3181 1811 3224 et
1868 3171 2038 3241 gloria

476 3275 590 3311 mea
622 3275 642 3313 :
665 3259 801 3312 Deus
824 3261 1014 3312 auxilii
1054 3262 1174 3324 mei,
1204 3273 1249 3314 et
1278 3279 1391 3328 spes
1420 3279 1533 3317 mea
1560 3264 1614 3317 in
1642 3263 1749 3317 Deo
1781 3276 1876 3318 est.
1909 3263 2042 3320 Bea-

477 3365 562 3405 tns
590 3353 681 3421 qui
718 3353 787 3406 oh
834 3352 1035 3405 nullam
1066 3353 1187 3407 vita:
1220 3369 1330 3406 rem
1365 3356 1712 3423 quantumvis
1754 3355 2038 3409 sublimem

476 3447 728 3509 exsultat,
762 3446 854 3499 sed
907 3460 1060 3499 suam
1122 3446 1346 3515 gloriam
1394 3448 1560 3501 Deum
1619 3448 1778 3501 habet
1807 3466 1819 3502 :
1848 3449 1939 3517 qui
1987 3449 2040 3502 in

474 3535 690 3588 Christo
727 3534 1013 3603 gloriatur,
1039 3550 1099 3588 ac
1139 3536 1438 3590 secundum
1489 3538 1808 3605 Apostolum
1857 3537 2039 3591 dicere

477 3636 656 3694 potest
704 3643 719 3680 :
770 3626 903 3679 Mihi
962 3639 1133 3680 autent
1175 3628 1310 3681 absit
1355 3628 1600 3696 gloriari,
1654 3630 1756 3681 nisi
1794 3630 1846 3681 in
1890 3645 2044 3682 cruce

477 3720 673 3772 Christi
700 3720 763 3773 ".
796 3717 947 3772 Nunc
986 3734 1114 3773 vero
1161 3720 1315 3773 multi
1344 3720 1408 3773 de
1444 3735 1670 3788 corpore
1717 3721 2042 3789 gloriantur,

476 3811 565 3877 qui
614 3825 731 3863 sese
776 3810 827 3863 in
880 3811 1144 3880 gymnicis
1186 3826 1484 3865 exercuere
1516 3812 1920 3875 certaminibus,
1954 3820 2046 3866 aut

476 3901 697 3956 omnino
722 3904 791 3955 ob
826 3905 1000 3956 aztatis
1049 3902 1235 3956 ﬂorem
1264 3904 1485 3973 vigent:
1518 3904 1668 3957 multi
1695 3904 1877 3958 itidem
1910 3903 2041 3957 εσθ-

482 4002 673 4046 runtur
703 3994 769 4045 de
816 3994 1009 4048 bellica
1060 3993 1393 4053 fortitudine.
1430 3996 1519 4063 qui
1550 3995 1712 4049 etiam
1759 3996 2041 4049 tribulium

479 4083 675 4137 ca-detn
723 4084 975 4138 virtutem
1024 4100 1149 4139 esse
1203 4086 1428 4139 ducunt.
1462 4086 1747 4140 Enimvero
1779 4100 1955 4139 rerum
1990 4088 2041 4139 in

481 4174 630 4229 bellis
657 4175 792 4228 bene
842 4187 1113 4244 gestarum
1154 4178 1393 4245 prtetnia,
1423 4192 1485 4230 ac
1513 4179 1746 4246 trophaaa
1772 4179 1837 4231 ah
1875 4179 2046 4247 impe-

481 4277 661 4320 ratore
708 4276 761 4319 et
786 4283 814 4319 a
840 4268 1151 4322 civitatibus
1181 4280 1386 4331 erecta,
1424 4284 1523 4336 pro
1564 4272 1724 4323 caedis
1776 4254 2043 4338 Inagniin-

481 4360 602 4411 dine
623 4359 775 4411 fiunt.
806 4359 906 4411 Alii
943 4359 1244 4426 gloriantur
1264 4364 1331 4413 ob
1355 4361 1541 4415 ductos
1566 4362 1768 4415 circum
1797 4362 2042 4417 civitates

2126 512 2323 567 αὐτῶν
2354 509 2710 579 κατηρῶντο.
2760 511 2903 582 Τιμὴ
2960 510 3243 581 ἀνθρώπου
3300 509 3360 561 τὸ
3407 503 3549 577 αἷμα
3611 503 3735 557 τοῦ

2125 606 2395 680 Χριστοῦ·
2454 603 2631 675 Τιμῆς
2667 606 2798 673 γὰρ,
2835 604 3019 675 φησὶν,
3068 601 3470 672 ἠγοράσθητε·
3493 599 3584 668 μὴ
3626 597 3741 666 τί·

2127 703 2306 753 νεσθε
2354 698 2563 752 δοῦλοι
2617 699 2960 766 ἀνθρώπων.
2998 695 3211 766 Ταύτην
3249 691 3340 748 οὖν
3384 695 3484 765 τὴν
3538 692 3739 762 τιμὴν

2127 792 2512 844 ἐϐουλεύσαντο
2584 790 2856 862 ἄχρηστον
2918 791 3048 859 ἡμῖν
3122 788 3505 858 καταστῆσαι,
3575 786 3737 845 τοὺς

2129 882 2276 946 ἅπαξ
2310 883 2770 954 ἐλευθερωθέντας
2795 881 2954 935 πάλιν
2987 883 3063 944 είς
3102 879 3343 933 δουλείαν
3394 879 3735 946 ἐνάγοντες,

2128 975 2176 1023 οἱ
2217 972 2540 1043 στρατιῶται
2569 973 2660 1024 τοῦ
2688 969 2945 1042 πονηροῦ.
2982 970 3281 1037 Ἔδραμον
3318 969 3387 1021 ἐν
3414 969 3605 1036 δίψει.
3644 964 3738 1019 Τὸ

2132 1064 2378 1118 σύντονον
2426 1064 2573 1131 λέγει
2626 1064 2726 1134 τῆς
2779 1064 2887 1116 τῶν
2931 1063 3199 1133 δαιμόνων
3255 1061 3570 1130 ἐπιϐουλῆς,
3633 1060 3735 1112 ὃτι

2130 1157 2385 1228 τρέχουσι
2410 1156 2531 1209 καθ’
2564 1156 2741 1226 ἡμῶν,
2791 1154 3050 1224 διψῶντες
3081 1154 3237 1224 ἡμῶν
3275 1152 3369 1223 τὴν
3405 1152 3733 1205 ἀπώλειαν.

2137 1247 2218 1312 Τῷ
2240 1248 2489 1316 στόματι
2515 1246 2712 1300 αὐτῶν
2739 1249 3052 1315 εὑλόγουν,
3073 1246 3167 1298 καὶ
3188 1243 3261 1311 τῇ
3279 1244 3492 1311 καρδίᾳ
3509 1242 3739 1299 αὐτῶν

2130 1336 2489 1406 κατηρῶντο.
2536 1337 2725 1390 Πολλοί
2779 1339 2883 1389 εἰσι
2920 1336 3031 1407 (8i)
3061 1337 3159 1398 τὰς
3193 1336 3435 1404 πονηρὰς
3478 1336 3735 1405 πράξεις

2131 1428 2536 1499 ἀποδεχόμενοι,
2566 1428 2661 1481 καὶ
2692 1428 2951 1497 χαρίεντα
2994 1425 3091 1496 μὲν
3119 1425 3209 1477 τὸν
3244 1424 3581 1495 εὐτράπελον
3617 1424 3688 1476 λὲ
3708 1453 3729 1463 ο

2131 1538 2348 1590 γοντες,
2394 1520 2484 1573 τὸν
2525 1520 2581 1572 δὲ
2621 1518 2972 1591 αἰσχρολόγον
3020 1517 3293 1571 πολιτικόν
3320 1533 3333 1547 ⁸
3375 1518 3466 1570 τὸν
3511 1517 3735 1587 πικρὸν

2133 1616 2225 1668 καὶ
2247 1613 2456 1685 ὀργίλον
2488 1611 2932 1683 ἀκαταφρόνητον
2965 1609 3329 1681 ὀνομάζουσι’
3380 1610 3470 1662 τὸν
3510 1610 3730 1678 φειδω-

2132 1707 2222 1761 λὸν
2260 1708 2353 1760 καὶ
2392 1703 2751 1777 ἀκοινώνητον
2787 1704 2862 1767 ὡς
2904 1702 3244 1773 οἰκονομικὸν
3285 1701 3588 1763 ἐπαινοῦσι,
3624 1701 3730 1754 τὸν

2135 1800 2340 1854 ἄσωτον
2396 1799 2470 1862 ὡς
2526 1797 2832 1868 ἐλευθέριον
2864 1836 2880 1860 ,
2955 1794 3043 1848 τὸν
3096 1794 3291 1866 πόρνον
3344 1794 3440 1846 καὶ
3505 1794 3725 1861 ἀσελγῆ

2135 1890 2530 1946 ἀπολαυστικόν
2572 1906 2691 1943 τινα
2724 1888 2817 1942 καὶ
2856 1886 3138 1957 ἀνειμένον
3162 1902 3175 1916 ⁶
3230 1885 3323 1938 καὶ
3373 1884 3727 1951 ἁπαξαπλῶς

2136 1988 2314 2039 πᾶσαν
2348 1984 2544 2037 κακίαν
2572 1984 2634 2035 ὲκ
2664 1981 2765 2051 τῆς
2807 1978 3225 2053 παρακειμένης
3257 1975 3458 2049 ἀρετῆς
3506 1977 3727 2028 ὑποκο-

2141 2076 2393 2149 ρίζονται.
2434 2076 2495 2128 Oi
2520 2073 2750 2127 τοιοῦτοι
2785 2072 2861 2142 τῷ
2902 2071 3128 2142 στόματι
3167 2070 3263 2140 μὲν
3304 2067 3615 2135 εὑλογοῦσι,
3649 2070 3726 2137 τῇ

2134 2169 2189 2221 δὲ
2234 2166 2430 2239 καρδίᾳ
2472 2165 2839 2237 καταρῶνται.
2896 2164 2983 2216 Ἐν
3020 2162 3129 2234 γὰρ
3181 2165 3248 2233 τῇ
3290 2162 3398 2213 τῶν
3448 2160 3729 2231 ῥημάτων

2136 2260 2381 2331 εὐφημίᾳ
2408 2259 2586 2311 πᾶσαν
2618 2257 2863 2327 κατάραν
2912 2256 3207 2322 ἐπάγουσιν
3251 2252 3429 2307 αὑτῶν
3464 2255 3534 2322 τῇ
3576 2251 3723 2320 ζωῇ,

2136 2353 2420 2416 ὑποδίκους
2462 2352 2657 2414 αὐτοὺς
2695 2354 2761 2422 τῇ
2794 2350 2988 2421 αἱωνίᾳ
3039 2348 3362 2417 κατακρίσει
3399 2346 3511 2416 (89.)
3544 2346 3612 2398 6t'
3642 2340 3727 2397 ὧν

2136 2445 2486 2515 ἀποδέχονται
2537 2442 2921 2505 καθιστῶντες.
2978 2440 3145 2493 Πάλιν
3200 2442 3264 2509 τῇ
3324 2439 3468 2507 ψυχῇ
3532 2435 3727 2489 διαλέ-

2135 2554 2309 2606 γεται,
2346 2535 2443 2606 τὴν
2478 2534 2757 2604 ὑποταγὴν
2792 2535 2962 2602 αὐτῆς
2994 2531 3091 2602 τὴν
3134 2531 3269 2601 πρὸς
3300 2530 3389 2581 τὸν
3411 2528 3545 2581 Θεὸν
3595 2530 3726 2579 ἐπι-

2136 2629 2343 2682 τείνων.
2379 2626 2554 2695 Πλὴν
2584 2625 2665 2691 τῷ
2699 2624 2839 2691 Θεῷ,
2877 2624 3060 2695 φησὶν,
3096 2621 3439 2691 ὑποτάγηθι,
3472 2621 3507 2688 ἠ
3540 2620 3721 2689 ψυχή

2131 2736 2272 2788 μου,
2322 2718 2411 2770 ὅτι
2460 2716 2595 2783 παρ’
2620 2715 2805 2769 αὑτοῦ
2832 2712 2943 2784 (85)
2967 2714 3004 2779 ἡ
3037 2709 3310 2781 ὑπομονὴ
3334 2727 3473 2778 μου.
3514 2707 3723 2759 Ἐνδεί-

2136 2827 2328 2864 κνυται
2353 2809 2414 2861 τὸ
2445 2806 2673 2878 μέγεθος
2702 2805 2809 2859 τῶν
2836 2802 3176 2874 πειρασμῶν,
3212 2802 3304 2854 καὶ
3327 2801 3387 2853 τὸ
3414 2799 3503 2852 τοῦ
3553 2799 3723 2851 Ἀπο-

2139 2903 2325 2957 στόλου
2385 2900 2578 2969 λέγει·
2639 2899 2722 2950 ὅτι
2778 2897 2877 2949 οὑκ
2941 2895 3090 2948 ὲάσει
3141 2895 3288 2964 ἡμᾶς
3346 2892 3721 2963 πειρασθῆναι

2137 2995 2275 3065 ὑπὲρ
2317 2992 2344 3045 ὃ
2392 2988 2667 3060 δυνάμεθα
2721 2988 3061 3055 ὑπενεγκεῖν.
3107 2985 3247 3051 Παρ’
3291 2983 3478 3037 αὐτοῦ
3520 2982 3628 3053 γὰρ
3674 2984 3721 3050 ἠ

2063 3117 2105 3173 C
2136 3082 2407 3154 ὑπομονὴ
2437 3100 2556 3173 μου

2211 3178 2263 3230 4.
2296 3176 2423 3229 Ἐπὶ
2447 3172 2527 3239 τῷ
2556 3170 2675 3238 Θεῷ
2694 3171 2758 3225 τὸ
2780 3169 3079 3239 σωτήριόν
3102 3189 3220 3241 μου
3238 3169 3334 3223 καὶ
3350 3169 3386 3235 ἡ
3404 3165 3553 3231 δόξα
3568 3184 3717 3235 μουο

2142 3272 2175 3323 ό
2206 3266 2348 3332 Θεὸς
2378 3265 2488 3333 τῆς
2501 3263 2787 3331 βοηθείας
2800 3280 2942 3332 μου,
2972 3262 3071 3315 καὶ
3099 3264 3136 3329 ἡ
3172 3261 3345 3326 ἐλπίς
3368 3276 3486 3327 μου
3509 3258 3608 3311 ἐπὶ
3631 3253 3722 3321 τῷ

2143 3357 2282 3426 Θεῷ.
2312 3357 2595 3429 Μακάριος
2634 3359 2662 3409 ὁ
2688 3355 2877 3427 μηδενὶ
2904 3354 3011 3425 (84)
3037 3353 3143 3405 τῶν
3166 3353 3306 3407 κατὰ
3327 3353 3416 3404 τὸν
3444 3351 3557 3420 βίον
3580 3350 3722 3418 ὑψηο

2139 3453 2246 3506 λῶν
2293 3449 2754 3519 ἐπαγαλλόμενος,
2805 3446 2942 3500 ἀλλὰ
2993 3445 3126 3498 Θεὸν
3181 3444 3318 3513 ἔχων
3367 3444 3466 3513 τὴν
3515 3440 3719 3496 ἑαυτοῦ

2140 3545 2295 3611 δόξαν
2316 3559 2331 3574 ·
2365 3546 2393 3597 ό
2426 3542 2685 3612 καύχημα
2725 3539 2861 3610 ἔχων
2914 3536 3106 3590 ἑαυτοῦ
3136 3536 3228 3589 τὸν
3260 3536 3489 3605 Χριστόν
3513 3552 3526 3563 ⁸
3556 3535 3586 3585 ό
3624 3534 3720 3585 δυ-

2141 3634 2370 3703 νάμενος
2393 3631 2570 3698 λέγειν
2592 3626 2735 3681 κατά
2758 3628 2847 3679 τὸν
2878 3625 3218 3678 ’Ᾱπόστολοψ
3248 3623 3399 3693 Ἐμοὶ
3429 3622 3599 3691 δὲμὴ
3618 3622 3716 3691 γέ-

2142 3743 2303 3780 νοιτο
2325 3722 2659 3793 καυχᾶσθαι
2680 3723 2729 3773 εὶ
2748 3719 2831 3787 μὴ
2857 3718 2926 3771 ἐν
2945 3716 3023 3782 τῷ
3050 3715 3287 3785 σταυρῷ
3303 3716 3406 3768 τοῦ
3426 3715 3710 3782 Χριστοῦ.

2143 3817 2254 3870 Νῦν
2284 3816 2341 3870 δὲ
2375 3815 2557 3868 πολλοὶ
2590 3813 2689 3884 μὲν
2711 3809 3075 3874 ὲνδοξάζονται
3106 3808 3336 3879 σώματι,
3357 3811 3403 3861 οἱ
3432 3809 3558 3879 περὶ
3585 3808 3719 3871 τοὺς
3778 3802 3781 3803 ⁷

2143 3909 2443 3979 γυμνικοὺς
2489 3904 2843 3976 ὲσχολακότες
2882 3903 3118 3970 ἀγῶνας,
3162 3903 3192 3970 ἢ
3237 3901 3371 3965 ὅλως
3423 3903 3470 3953 οἱ
3517 3903 3612 3953 ἐπὶ
3641 3905 3711 3972 τῇ

2145 4004 2293 4071 ἀκμῇ
2310 4000 2405 4069 τῆς
2434 3997 2648 4069 ἡλικίας
2666 3993 3000 4065 σφριγῶντες
3027 3994 3156 4063 (85)·
3191 3992 3370 4045 πολλοὶ
3390 3992 3447 4045 δὲ
3474 3996 3540 4063 τῇ
3568 3995 3714 4047 κατὰ

2144 4094 2266 4155 τοὺς
2300 4090 2567 4160 πολέμους
2598 4087 2807 4158 ἀνδρίᾳ,
2843 4085 2893 4137 οἱ
2926 4086 3020 4138 καὶ
3049 4084 3107 4136 τὸ
3152 4085 3393 4152 φονεύειν
3425 4084 3550 4144 τοὺς
3583 4084 3714 4150 ὁμο-

2145 4184 2341 4253 φύλους
2371 4181 2571 4252 ἀρετὴν
2622 4177 2913 4247 τιθέμενοι.
2952 4174 3015 4227 Ἠ
3043 4175 3150 4246 γὰρ
3183 4175 3240 4227 ὲν
3286 4177 3395 4238 τοῖς
3448 4172 3709 4243 πολέμοις

2144 4276 2388 4349 ἀριστεία
2416 4275 2509 4327 καὶ
2536 4272 2604 4325 τὰ
2631 4272 2867 4343 τρόπαια
2907 4269 3013 4323 ὑπὸ
3045 4268 3351 4340 στρατηγοῦ
3375 4268 3466 4321 καὶ
3498 4267 3711 4320 πόλεων

2147 4367 2467 4440 ἐγειρόμενα
2505 4364 2643 4417 κατά
2694 4364 2793 4434 τὴν
2821 4361 2913 4414 τοῦ
2946 4362 3190 4430 φονεύειν
3218 4360 3529 4431 περιουσίαν
3558 4360 3710 4427 γίνε-

482 4461 663 4502 muros
692 4465 706 4501 :
739 4448 829 4501 alii
861 4450 929 4503 ob
952 4450 1359 4517 aquzeductuum
1386 4461 1708 4515 strueturas,
1743 4462 1797 4505 et
1824 4468 2034 4522 magno

2148 4477 2256 4511 ται.
2300 4455 2482 4509 Ἀλλοι
2510 4453 2841 4517 δοξάζον-ται,
2868 4451 3022 4520 τείχη
3050 4450 3235 4502 πόλεσι
3270 4448 3709 4519 περιϐάλλοντεςο

549 4607 594 4638 ³³
620 4607 640 4661 l
667 4607 791 4661 Cor.
830 4622 924 4672 vti,
954 4608 1044 4663 25.
1122 4612 1168 4643 ³⁸
1192 4611 1336 4667 Psal.
1377 4629 1490 4676 LXI,
1526 4613 1579 4667 5.

479 4804 647 4857 ταῦτα
671 4803 864 4874 συνέϐη
898 4804 1129 4873 χρόνοις,
1157 4804 1296 4857 ὥστε
1326 4804 1445 4858 ἀντὶ
1468 4803 1583 4865 τοῦ,
1614 4804 1682 4854 ἐν
1711 4803 1941 4869 ψεύδει.
1964 4804 2035 4857 ἐν

478 4876 639 4941 δίψει
664 4877 961 4942 γραφῆναι.
988 4893 1005 4924 ι
1038 4875 1393 4926 Cucuri'erunt
1420 4876 1473 4926 in
1495 4876 1604 4936 siti,
1630 4890 1798 4925 meum
1825 4891 2035 4928 cernere

477 4944 755 5011 perniciem
782 4945 1028 4995 sitientes.
1068 4942 1173 4995 Pro
1205 4945 1296 4996 illo
1328 4952 1520 5007 autem,
1556 4963 1573 4994 ι
1607 4945 1656 4995 in
1680 4944 1793 5008 siti,
1819 4944 2033 5011 Aquila,

480 5017 531 5065 in
562 5012 802 5077 fallacia;
842 5012 1182 5080 Symmachus
1230 5029 1364 5072 vero.
1399 5014 1449 5065 in
1495 5014 1808 5075 mendacio;
1844 5015 2032 5079 quinta

477 5086 658 5144 editio,
686 5084 738 5136 in
770 5081 937 5144 lalso;
980 5092 1024 5133 et
1062 5082 1170 5133 alia
1194 5082 1313 5133 item
1335 5083 1512 5144 editio,
1538 5084 1589 5135 in
1616 5084 1756 5149 dolo,
1776 5085 2032 5149 interpre-

478 5154 575 5204 tati
610 5159 749 5205 sunt.
791 5149 1088 5203 Verisimile
1114 5152 1291 5218 itaque
1322 5160 1396 5203 est
1436 5154 1489 5203 in
1522 5160 1699 5204 nostra
1730 5169 1930 5221 quoque
1960 5152 2032 5202 le-

479 5225 646 5274 ctione
674 5223 898 5288 positum
935 5222 1102 5287 primo
1124 5220 1305 5287 fuisse,
1340 5221 1390 5272 in
1431 5220 1832 5286 meudacio,ita
1861 5234 1915 5274 ut
1953 5222 2033 5273 di-

478 5301 696 5354 ceretur,
736 5299 1089 5344 cucurrerunt
1118 5292 1168 5341 in
1210 5291 1505 5352 mendacio,
1532 5291 1583 5342 id
1623 5301 1720 5354 est,
1754 5292 1956 5343 inimici
1982 5302 2029 5343 et

478 5360 816 5413 insidiatores
847 5361 967 5420 mei,
1002 5376 1103 5410 non
1128 5361 1258 5412 duce
1292 5360 1528 5422 veritate,
1565 5360 1654 5412 sed
1678 5378 1794 5411 cum
1824 5377 1933 5413 sese
1962 5371 2036 5412 to-

476 5440 558 5479 tos
597 5431 869 5482 mendacio
906 5429 1265 5491 tradidissent,
1302 5445 1511 5481 cursum
1533 5440 1577 5482 et
1610 5433 1840 5481 studium
1881 5446 2031 5481 suum

478 5510 660 5550 contra
699 5516 779 5552 me
816 5500 1120 5552 direxerant
1160 5512 1179 5550 .'
1217 5501 1306 5551 sed
1355 5499 1682 5567 sequentibus
1718 5502 2033 5567 temporibus

476 5570 630 5630 lapsu
656 5571 902 5635 graphice
930 5586 1022 5636 pro
1055 5570 1167 5632 illo,
1196 5569 1252 5621 ὲν
1284 5567 1488 5637 ψεύδει,
1544 5570 1595 5621 in
1637 5570 1938 5634 mendacio,
1978 5571 2035 5621 ὲν

476 5637 636 5704 ζίφει,
667 5638 718 5688 in
753 5637 863 5697 siti,
894 5643 1122 5699 positum
1154 5638 1332 5706 fuisse.

549 5708 657 5775 (81)
695 5706 866 5759 Editio
891 5706 1065 5761 Paris.
1102 5709 1281 5761 πολλοί
1305 5711 1439 5763 εἰσιν
1468 5711 1537 5761 οἱ.
1579 5708 1731 5764 Deest
1770 5710 1819 5761 οἱ
1856 5710 1906 5762 iu
1932 5709 2038 5764 edi-

1659 4613 1703 4644 ³⁵
1744 4613 1913 4668 lCor.
1948 4615 2121 4678 3,15.

2199 4614 2244 4646 ³⁸
2276 4612 2454 4667 Galut.
2499 4626 2572 4673 τι,
2610 4608 2695 4661 14.

2144 4804 2287 4857 tione
2320 4802 2480 4875 Basil.
2514 4813 2565 4857 et
2594 4805 2646 4858 in
2674 4804 2911 4873 quinque
2947 4819 3076 4859 mss.
3107 4802 3300 4859 Statim
3337 4804 3469 4875 Reg.
3513 4807 3707 4860 tet-tius

2140 4873 2456 4942 ἁκαταπόνη
2464 4891 2571 4927 τον.

2216 4944 2326 5010 (8‘2)
2361 4945 2435 5014 ita
2467 4959 2594 4996 mss.
2631 4944 2871 5012 plerique
2912 4958 3119 4997 omnes.
3152 4942 3291 4997 Editi
3321 4943 3522 5014 κρίσει.

2213 5012 2441 5084 (85)7Sie
2469 5014 2596 5065 editi
2629 5030 2749 5066 cum
2786 5014 2916 5084 Reg.
2951 5026 3103 5067 sexto
3134 5024 3329 5066 etcum
3354 5012 3503 5084 Colby.
3525 5016 3707 5068 tertio.

2140 5084 2209 5135 At
2240 5083 2392 5154 multi
2418 5098 2545 5154 mss.
2580 5093 2633 5136 et
2666 5085 2754 5138 hic
2792 5095 2847 5137 et
2878 5085 3034 5151 paulo
3059 5094 3171 5149 post
3198 5084 3325 5154 παρ’
3356 5083 3526 5154 αὐτῷ.
3562 5085 3710 5139 Sub-

2141 5155 2262 5205 inde
2311 5167 2340 5203 e
2363 5152 2475 5204 lilio
2538 5153 2704 5209 Basil.
2730 5163 2782 5207 et
2814 5166 3042 5221 quatuor
3067 5170 3195 5205 mss.
3228 5152 3321 5205 καὶ
3350 5154 3407 5204 τὸ
3432 5152 3547 5204 τοῦ.
3584 5154 3710 5208 Eili-

2142 5228 2216 5275 tio
2257 5222 2427 5273 Paris.
2460 5236 2577 5272 cum
2603 5240 2709 5277 uno
2748 5236 2839 5274 aut
2864 5223 3033 5274 altern
3069 5240 3165 5274 ms.
3200 5224 3291 5274 καὶ
3316 5223 3383 5274 τὰ
3411 5222 3525 5275 τοῦ.
3762 5286 3765 5289 γ

2209 5291 2320 5360 ι84)
2346 5290 2435 5342 Sic
2474 5306 2665 5344 novem
2690 5309 2817 5346 mss.
2847 5308 2967 5345 cum
2994 5294 3228 5346 editione
3256 5292 3414 5347 Bnle
3445 5292 3513 5345 At
3544 5294 3711 5346 editio

2138 5359 2210 5412 Pa
2221 5359 2311 5414 ris.
2344 5360 2434 5411 ἐπὶ
2473 5360 2679 5430 μηδενί.

2211 5432 2321 5499 (85)
2356 5432 2576 5503 ρυόιοεε
2612 5444 2722 5487 tres
2748 5448 2844 5502 pro
2867 5432 3201 5503 σφριγῶντες
3234 5433 3429 5486 habent
3458 5432 3713 5502 φρονοῦν-

2137 5518 2249 5563 τες.
2281 5500 2434 5573 (mlh.
2466 5513 2689 5573 quartus
2716 5500 3198 5573 μέγαφρονοῦντες.
3239 5503 3349 5558 Vox
3380 5500 3713 5569 qute‘seqm-

2143 5582 2249 5629 tur,
2288 5570 2557 5639 ἀριστεία,
2592 5570 2997 5639 [εισεείςξιιιιὶυειι
3025 5572 3413 5633 fortitudinem,
3439 5583 3531 5623 aut
3570 5588 3711 5638 pra:-

2143 5637 2345 5693 claruni
2374 5640 2637 5714 facinus»;
2662 5644 2754 5695 sed
2779 5637 2850 5695 ita
2872 5642 3211 5714 interpretati
3246 5659 3455 5709 sumus,
3489 5652 3546 5694 ut
3574 5637 3703 5697 Seu-

2144 5726 2235 5763 sus
2256 5708 2525 5778 postulare
2555 5712 2853 5767 videbatur.
