3978 6410
312 337 418 391 477

1474 340 1753 399 HOMILIA
1796 343 1863 397 IN
1902 344 2237 401 PSALMUM
2277 345 2413 401 LXI.

3452 349 3556 403 478

315 455 409 507 καὶ
433 452 582 506 ἄλλοι
610 454 668 506 ὲν
698 452 1026 526 ὑδραγωγῶν
1044 463 1423 523 κατασκευαῖς,
1452 464 1544 515 καὶ
1569 468 1875 533 γυμνασίων

1989 479 2104 517 rum
2134 465 2541 535 gymnasiorum
2568 462 2816 517 aedilicia.
2850 463 2943 518 Ille
2977 478 3107 533 opes
3122 480 3249 521 suas
3268 482 3320 520 in
3353 467 3557 522 bestia-

316 546 568 614 μεγάλων
600 546 1051 617 οἰκοδομήμασιν.
1108 550 1164 600 ὐ
1209 550 1356 603 δεῖνα
1400 551 1455 604 δὲ
1505 554 1597 605 τὸν
1653 554 1884 609 πλοῦτον

312 636 508 689 ἑαυτοῦ
527 636 880 708 θηριομάχοις
894 641 1360 711 προσαναλίσκων,
1376 645 1468 698 καί
1487 649 1605 709 ταῖς
1630 648 1885 717 ματαίαις

312 728 420 780 τῶν
439 727 502 797 δή
512 745 626 796 μων
643 732 845 795 φωναῖς
873 730 1141 798 ἑπαγαλλό
1148 749 1325 801 μενος,
1350 736 1583 803 φυσᾶται
1599 740 1711 801 τοῖς
1730 738 1886 790 ἐπαί-

312 835 446 881 νοις,
480 820 573 870 καὶ
612 818 751 887 μέγα
773 822 975 889 φρονεῖ,
1000 821 1099 890 τὴν
1128 823 1284 888 δόξαν
1318 824 1456 895 ἔχων
1478 829 1536 879 ἐν
1559 831 1625 899 τῇ
1652 829 1881 901 αἰσχύνῃ

313 909 479 962 αὑτοῦ
503 926 515 938 ε
545 910 603 972 ὃς
630 926 692 978 γε
724 911 814 962 καὶ
847 912 1121 983 ἔγγραφον
1172 918 1228 968 ὲν
1269 920 1378 981 τοῖς
1412 921 1736 991 περιφανέσι
1785 923 1883 993 τῆς

313 1002 521 1064 πόλεως
546 1002 642 1072 τὴν
667 1002 858 1055 ἑαυτοῦ
877 1005 1148 1076 ἁμαρτίαν
1170 1008 1261 1061 ἐπὶ
1282 1010 1392 1062 τῶν
1416 1015 1658 1067 πινάκων
1677 1014 1883 1068 δείκνυ-

315 1111 418 1147 σιν.
455 1093 646 1156 νΑλλος
681 1095 771 1146 ἐπὶ
806 1094 1018 1167 πλούτῳ
1062 1098 1174 1168 (86)
1226 1100 1546 1166 δοξάζεται·
1584 1107 1677 1159 καὶ
1704 1106 1880 1173 ἄλλος,

311 1186 393 1238 ὅτι
422 1186 603 1256 ῥήτωρ
630 1186 745 1238 ἐστὶ
774 1186 944 1250 δεινός
975 1205 1058 1252 τις
1078 1190 1170 1243 καὶ
1199 1191 1435 1263 ἄμαχος,
1460 1195 1492 1265 ἢ
1523 1197 1621 1266 τῆς
1637 1197 1776 1251 κατὰ
1794 1199 1882 1251 τὸν

311 1277 517 1349 κόσμον
571 1278 763 1347 σοφίας
812 1278 1092 1352 ἔμπειρος.
1138 1279 1237 1336 Ὧν
1298 1286 1512 1341 πάντων
1567 1289 1738 1343 ἐλεεῖν
1783 1293 1883 1363 τὴν

309 1368 466 1434 δόξαν
497 1371 739 1441 προσῆκε
762 1386 775 1400 ο
815 1372 1142 1444 μακαρίζειν
1173 1375 1229 1427 δὲ
1246 1378 1371 1441 τοὺς
1400 1380 1491 1434 τὸν
1518 1381 1650 1434 Θεὸν
1673 1383 1883 1436 ἑαυτῶν

308 1460 469 1526 δόξαν
502 1461 875 1531 ποιουμένους.
909 1465 971 1516 Εἰ
1004 1464 1112 1535 γὰρ
1144 1468 1171 1518 ὁ
1204 1467 1350 1521 δεῖνα
1391 1471 1532 1540 μέγα
1560 1478 1765 1543 φρονεῖ,
1801 1476 1883 1527 ὅτι

307 1545 495 1610 δοῦλός
514 1548 628 1599 ἐστι
657 1547 937 1616 βασιλέως,
975 1552 1286 1623 τιμώμενος
1316 1559 1443 1629 παρ’
1474 1561 1641 1614 αὑτοῦ
1688 1564 1755 1616 τὰ
1788 1581 1883 1634 με-

308 1638 480 1706 γάλαο
514 1638 678 1691 πόσον
705 1656 785 1692 σοι
815 1642 1087 1713 προσῆκεν
1118 1645 1209 1698 ἐπὶ
1247 1648 1431 1719 σαυτῷ
1463 1652 1879 1721 μεγαλύνεσθαι,

306 1729 390 1782 ὅτι
412 1729 595 1792 δοῦλος
612 1726 663 1783 εἴ
678 1730 770 1784 τοῦ
800 1733 1033 1802 μεγάλου
1059 1736 1352 1803 Βασιλέως,
1372 1742 1735 1814 προσκληθεὶς
1753 1748 1882 1817 παρ’

307 1821 474 1876 αὑτοῦ
500 1824 579 1885 εἰς
607 1823 703 1895 τὴν
738 1824 912 1895 ἄκραν
943 1827 1234 1892 οίκείωσιν,
1256 1830 1435 1885 λαϐὼν
1456 1833 1514 1886 τὸ
1536 1835 1759 1905 Πνεῦμα
1783 1837 1880 1907 τῆς

308 1914 661 1984 ἐπαγγελίας,
700 1916 840 1969 ὥστε
876 1920 1230 1989 σφραγισθεὶς
1253 1923 1309 1974 ὲν
1331 1924 1478 1994 αὐτῷ
1509 1926 1621 1991 υίὸς
1660 1928 1878 1981 ἀποδει-

307 2010 501 2081 χθῆναι
514 2012 668 2078 Θεοῦ;
688 2012 968 2083 Ἐν-έαυτῷ
981 2014 1035 2066 δὲ
1052 2015 1211 2082 γνοὺς
1231 2014 1338 2085 (87)
1357 2016 1418 2068 τὸ
1439 2016 1627 2085 ὄφελος
1642 2017 1740 2087 τῆς
1755 2036 1881 2091 γνη-

309 2104 431 2167 σίας
446 2105 536 2157 ὲπὶ
560 2106 692 2157 Θεὸν
706 2106 937 2170 ἐλπίδος,
957 2107 1049 2160 ἐπὶ
1067 2107 1156 2160 τὸν
1178 2109 1289 2161 ἴσον
1312 2109 1503 2162 ἑαυτοῦ
1523 2109 1683 2179 ζῆλον
1700 2129 1878 2181 παρα-

308 2194 462 2248 καλεῖ
487 2196 576 2249 τὸν
602 2196 749 2260 λαὸν,
781 2196 973 2265 λέγων·
1003 2198 1323 2252 Ἐλπίσατε
1346 2200 1438 2252 ἐπ’
1467 2200 1671 2265 αὑτὸν,
1711 2200 1879 2256 πᾶσα

305 2288 627 2357 συναγωγὴ
663 2288 846 2354 λαῶν,
878 2289 1122 2360 ἐκχέατε
1143 2290 1253 2362 (88)
1280 2291 1534 2346 ἐνώπιον
1558 2294 1743 2348 αὑτοῦ
1773 2293 1879 2360 τὰς

306 2382 552 2449 καρδίας
568 2383 751 2451 ὑμῶν.
770 2385 1071 2456 Ἀμήχανόν
1083 2389 1198 2440 ἐστι
1215 2391 1550 2460 χωρητικοὺς
1566 2392 1597 2461 ἡ
1607 2393 1711 2460 μᾶς
1726 2392 1878 2460 γενέ-

308 2475 431 2529 σθαι
455 2479 554 2547 τῆς
586 2476 735 2540 θείας
760 2479 979 2549 χάριτος
998 2479 1073 2551 μὴ
1107 2481 1173 2534 τὰ
1200 2481 1307 2534 ἀπὸ
1345 2482 1541 2545 κακίας
1574 2484 1718 2554 πάθη
1747 2501 1877 2554 προ-

305 2569 647 2639 κατασχόντα
690 2571 785 2633 τὰς
842 2571 1019 2640 ψυχὰς
1068 2573 1225 2644 ήμῶν
1280 2574 1659 2640 ἐξελάσαντας,
1720 2572 1876 2631 Εἶδον

308 2661 526 2731 ἰατροὺς
547 2660 657 2727 ἐγὼ
693 2660 765 2732 μὴ
794 2662 1056 2731 πρότερον
1096 2664 1334 2728 διδόντας
1371 2667 1440 2720 τὰ
1479 2668 1718 2739 σωτήρια
1746 2668 1877 2740 φάρ-

310 2768 480 2819 μακα,
524 2752 651 2820 πρὶν
682 2754 894 2822 ὲμετοῖς
924 2756 1266 2811 ἁποκενῶσαι
1301 2759 1397 2830 τὴν
1422 2762 1695 2815 νοσοποιὸν
1721 2762 1872 2831 ὕλην,

303 2841 373 2907 ἢν
404 2841 468 2891 ἐκ
508 2843 748 2911 πονηρᾶς
776 2842 985 2914 διαίτης
1016 2846 1229 2909 ἑαυτοῖς
1270 2850 1317 2899 οἱ
1359 2848 1646 2903 ἀκόλαστοι
1709 2853 1875 2904 ἐναπ-

308 2930 509 2983 έθεντο.
566 2931 723 2985 Ἀλλὰ
750 2934 843 2985 καὶ
898 2935 1118 3002 ἀγγεῖον
1176 2938 1717 3010 προκατειλημμένον
1774 2942 1877 2994 ὑπό

304 3038 449 3085 τινος
476 3022 740 3087 δυσώδους
774 3025 960 3095 ὑγροῦ,
996 3025 1069 3096 μὴ
1093 3026 1409 3091 ἐκπλυνθὲν,
1453 3029 1514 3082 οὐ
1545 3030 1619 3101 μὴ
1661 3031 1876 3101 δέξηται

304 3111 397 3167 τοῦ
434 3112 604 3183 μύρου
653 3114 751 3186 τὴν
798 3117 1078 3186 ἐπιρροήν.
1126 3120 1216 3171 Δεῖ
1262 3120 1441 3175 τοίνυν
1479 3122 1773 3193 ἐκχυθῆναι
1810 3124 1877 3177 τὰ

305 3205 747 3275 προϋπάρχοντα,
786 3207 869 3259 ἵνα
926 3209 1123 3282 δυνηθῇ
1183 3213 1500 3286 χωρηθῆναι
1554 3214 1623 3268 τὰ
1676 3216 1879 3285 ἐπαγόά

308 3313 464 3365 μενα.
490 3286 662 3363 Πλὴν
677 3297 908 3364 μάταιοι
927 3304 978 3353 οἱ
996 3301 1110 3354 υιοὶ
1131 3300 1248 3357 τῶν
1274 3304 1615 3373 ἀνθρώπων.
1644 3302 1766 3360 Εἷδε
1798 3306 1873 3378 μὴ

306 3388 514 3451 πάντας
536 3388 961 3456 ἀκολουθοῦντας
997 3394 1160 3446 αὑτοῦ
1194 3395 1269 3466 τῷ
1296 3398 1709 3468 παραγγέλματι
1738 3398 1870 3471 (89),

307 3478 446 3548 μηδὲ
489 3479 949 3551 καταδεχομένους
1002 3484 1240 3548 ἐλπίζειν
1288 3487 1381 3538 ἐπὶ
1416 3488 1505 3541 τὸν
1546 3488 1702 3554 Θεὸν,
1757 3489 1872 3542 ἀλλ’

304 3572 527 3640 ἔχοντας
576 3572 673 3643 τὴν
712 3574 902 3627 ἐλπίδα
945 3576 1037 3627 ἐπὶ
1078 3576 1146 3629 τὰ
1184 3579 1385 3647 μάταια
1435 3579 1527 3632 τοῦ
1584 3580 1721 3649 βίου.
1775 3580 1874 3634 Διὰ

303 3661 462 3713 τοῦτό
489 3679 640 3731 φησι·
695 3664 870 3730 Πλὴν
893 3663 1129 3732 μάταιοι
1162 3670 1217 3720 οὶ
1246 3669 1361 3721 υἱοὶ
1387 3668 1506 3721 τῶν
1526 3669 1871 3736 ἀνθρώπων,

305 3752 551 3819 ψευδεῖς
595 3756 651 3806 οἱ
688 3756 803 3807 υἱοὶ
851 3756 970 3808 τῶν
1015 3757 1357 3826 ἀνθρώπων.
1386 3760 1484 3814 Διὰ
1524 3762 1577 3813 τί
1611 3762 1870 3832 μάταιοι;

320 3844 535 3915 Ἐπειδὴ
588 3844 817 3914 ψευδεῖς.
874 3847 985 3900 Ποῦ
1038 3850 1268 3919 μάλιστα
1321 3853 1500 3905 αὐτῶν
1553 3854 1613 3907 τὸ
1680 3854 1874 3923 ψεῦδος

303 3936 618 4007 ὲλέγχεται;
662 3938 761 3991 Ἐν
789 3937 999 4009 ζυγοῖς,
1029 3945 1179 4013 φησι,
1213 3945 1319 3999 τοῦ
1350 3945 1651 4015 ἀδικῆσαι.
1694 3947 1872 4012 Ποίοις

306 4028 438 4096 φησι
466 4026 678 4094 ζυγοῖς;
706 4028 795 4099 Μὴ
833 4030 941 4102 γὰρ
991 4034 1188 4096 πάντες
1212 4034 1485 4103 ἄνθρωποι
1512 4037 1873 4105 ζυγοστατοῦ-

307 4136 395 4183 σι;
452 4121 525 4190 μὴ
562 4120 761 4183 πάντες
795 4122 1110 4193 ἐριοπῶλαι,
1159 4125 1191 4196 ἢ
1224 4126 1570 4197 κρεωπῶλαι,
1606 4128 1637 4199 ἦ
1674 4129 1871 4201 χρυσὸν

304 4213 337 4281 ἦ
360 4212 598 4282 ἄργυρον
627 4211 969 4278 διατίθενται,
999 4215 1031 4285 ἢ
1065 4216 1200 4279 ὅλως
1236 4218 1364 4288 περὶ
1384 4218 1585 4282 ταύτας
1606 4218 1705 4282 τὰς
1740 4219 1871 4285 ὔλας

304 4302 402 4372 τὴν
438 4302 668 4373 σπουδὴν
697 4302 927 4372 ἔχουσιν,
957 4305 1022 4367 ἃς
1060 4305 1242 4374 ζυγοῖς
1277 4308 1371 4360 καὶ
1412 4308 1670 4379 σταθμοῖς
1694 4309 1870 4378 πεφύ-

304 4410 463 4446 κασιν
517 4395 566 4446 οἱ
614 4394 841 4467 ἔμποροι
900 4398 1233 4468 διαμείόειν;
1283 4400 1441 4454 Ἀλλὰ
1487 4402 1621 4455 πολὺ
1668 4401 1763 4472 μὲν
1806 4401 1867 4454 τὸ

302 4488 408 4542 τῶν
435 4488 718 4559 βαναύσων
746 4491 919 4558 γένος,
956 4492 1133 4561 ζυγῶν
1164 4493 1315 4545 οὐδὲν
1350 4494 1428 4556 είς
1459 4494 1557 4563 τὴν
1607 4492 1867 4564 ἐργασίαν
1902 4518 1944 4571 D

301 4580 479 4633 αὐτῶν
512 4581 903 4652 προσδεόμενον
923 4584 1051 4653 (90)·
1072 4583 1253 4636 πολλοὶ
1290 4584 1346 4636 δὲ
1376 4586 1421 4636 οἱ
1442 4583 1866 4653 ναυτιλλόμενοι’

302 4671 488 4724 πολλοὶ
515 4672 572 4724 δὲ
594 4673 644 4724 οἱ
676 4674 801 4744 περὶ
832 4673 900 4726 τὰ
925 4674 1246 4745 δικαστήρια
1283 4676 1375 4728 καὶ
1406 4676 1465 4728 τὸ
1492 4676 1683 4746 ἄρχειν
1709 4692 1869 4746 στρε-

301 4765 549 4835 φόμενοι,
584 4768 712 4836 παρ’
747 4761 828 4827 οἷς
863 4765 959 4835 μὲν
988 4766 1047 4817 τὸ
1070 4765 1259 4835 ψεῦδός
1292 4768 1457 4830 ἐστιν,
1486 4767 1513 4817 ὁ
1545 4767 1601 4820 δὲ
1636 4766 1724 4819 διὰ
1756 4767 1864 4819 τῶν

302 4855 480 4923 ζυγῶν
508 4856 655 4919 δόλος
682 4856 783 4909 οὐκ
812 4855 1202 4926 ἐπιτηδεύεται.
1240 4857 1303 4909 Τί
1325 4855 1417 4911 οὖν
1449 4860 1592 4911 ἐστιν
1621 4858 1649 4911 ὅ
1678 4858 1859 4926 λέγει;

304 4949 424 4999 Ὅτι
451 4946 677 4999 ἑκάστου
710 4947 868 5017 ἡμῶν
894 4947 1003 5017 (9i)
1030 4949 1085 5000 ὲν
1106 4948 1183 5018 τῷ
1205 4948 1430 5019 κρυπτῷ
1457 4948 1613 5019 ζυγὸς
1630 4967 1712 5012 τις
1748 4950 1863 5001 ἐστὶ

411 5106 453 5136 ³⁷
483 5107 712 5175 Philipp.
745 5122 829 5172 in,
852 5106 950 5161 19.

512 5268 941 5345 Ee_g._seeiitiiitis
973 5267 1029 5318 ἐν
1068 5263 1299 5334 πλούτῳ.
1332 5334 1387 5345 _
1468 5333 1481 5345 .
1606 5331 1631 5343 _
1779 5330 1790 5345 ν

377 5333 991 5409 (87)EditiorBasil._et
1024 5351 1112 5390 sex
1166 5333 1290 5388 mss.
1332 5334 1420 5385 Ἐν
1465 5333 1642 5409 ἐξαυτῷ
1666 5333 1852 5409 γνούς.

300 5402 555 5479 Λιόιίὶιῖο
604 5408 774 5462 Paris.
801 5418 852 5461 et
898 5406 1023 5479 Reg.
1062 5416 1246 5460 sextus
1292 5403 1547 5458 secundis
1602 5402 1748 5455 curis
1797 5402 1854 5452 ὲν

300 5478 479 5546 ἑαυτῷ
504 5478 581 5532 δέ.

373 5542 485 5618 (88)
522 5549 660 5601 Editi
687 5556 740 5601 et
763 5562 889 5600 mss.
916 5543 1399 5618 aliqnotsnxéai-cs.
1431 5542 1545 5618 _Alii
1583 5551 1689 5618 tres
1720 5555 1848 5618 mss.

300 5612 539 5689 ὓκγέετε.
566 5618 763 5689 Ibidem
807 5612 1177 5689 nostr_a_'editio
1206 5616 1372 5689 Paris.
1419 5612 1695 5689 αμήχανόν
1738 5612 1850 5689 ἐστι

300 5680 711 5759 τὸᾶωρητικοὺς
746 5687 905 5756 ὑμᾶς.
933 5683 1107 5739 Editio
1142 5698 1267 5738 vero
1315 5680 1475 5739 Basil.
1519 5680 1640 5737 cum
1670 5680 1852 5735 multis

303 5776 435 5814 mss.
467 5769 521 5813 ut
545 5768 597 5813 in
615 5768 885 5812 contextu.

1988 553 2098 607 rios
2130 553 2428 616 insnmens,
2455 561 2510 606 et
2539 553 2696 607 vanis
2720 554 3036 622 populorum
3076 556 3556 616 acclamationibus

1987 645 2284 709 exsultans,
2312 644 2559 699 laudibus
2592 644 2826 710 inﬂatur,
2863 659 2926 699 ac
2957 648 3240 716 magniﬁce
3261 652 3326 703 de
3349 666 3408 703 se
3436 666 3557 705 sen-

1990 742 2053 791 tit
2086 748 2218 799 tum,
2239 752 2359 790 cum
2385 737 2608 805 gloriam
2639 738 2691 790 in
2724 752 2819 791 sua
2850 738 3182 805 turpitudine
3214 741 3442 796 collocat
3462 742 3509 775 ³⁷
3535 756 3554 797 :

1985 833 2078 899 qni
2112 830 2273 882 etiam
2309 829 2361 881 in
2409 829 2719 897 patentibus
2748 830 2896 883 urbis
2923 829 3057 883 locis
3088 845 3241 884 suum
3273 842 3549 899 peccatum

1987 922 2186 975 tabulis
2216 920 2533 988 inscriptum
2569 929 2823 975 ostentat.
2860 919 3095 974 Eﬂertur
3132 922 3271 977 alius
3314 925 3383 977 ob
3410 925 3549 977 divi-

1988 1014 2089 1067 tias
2118 1014 2312 1079 :alius,
2341 1013 2482 1082 quod
2529 1013 2713 1067 rhetor
2742 1013 2811 1066 sit
2847 1014 3091 1077 callidus,
3123 1025 3177 1068 et
3206 1016 3547 1079 invincibilis,
3578 1086 3579 1093 γ

1986 1116 2079 1159 ant
2113 1106 2399 1160 mundanae
2446 1106 2725 1175 sapientiae
2773 1107 3000 1174 peritus.
3034 1107 3274 1173 Quorum
3309 1112 3548 1163 omnium

1985 1195 2171 1262 gloria:
2196 1197 2443 1250 misereri
2468 1212 2564 1266 par
2601 1196 2782 1260 fuerit,
2820 1206 2873 1250 et
2898 1198 3083 1252 beatos
3116 1200 3412 1265 praedicare
3435 1216 3548 1266 eos,

1985 1287 2074 1354 qui
2106 1287 2269 1340 Deum
2318 1302 2471 1340 suam
2510 1288 2750 1357 ipsorum
2787 1287 3013 1356 gloriam
3067 1291 3419 1347 constituunt.
3457 1293 3547 1346 Et-

1987 1379 2129 1431 enim
2164 1378 2205 1433 si
2243 1379 2365 1447 quis
2388 1393 2510 1433 sese
2544 1378 3229 1449 magnoperejactat,quod
3261 1396 3451 1438 servus
3478 1384 3551 1438 sit

1986 1470 2148 1539 regis,
2179 1480 2339 1540 atque
2365 1472 2416 1525 in
2454 1487 2650 1541 magno
2694 1472 2894 1526 honore
2920 1472 3060 1540 apud
3096 1489 3216 1526 cum
3258 1475 3546 1530 habeatur:

1985 1570 2243 1630 quantum
2301 1563 2555 1616 convenit
2601 1561 2815 1632 gloriari
2878 1572 2929 1615 te
2982 1564 3121 1631 apud
3179 1567 3547 1633 temetipsum,

1985 1654 2125 1723 quod
2146 1653 2305 1721 Regis
2343 1653 2520 1719 magni
2552 1668 2738 1707 servus
2762 1669 2841 1717 es,
2870 1655 2936 1708 ab
2958 1654 3073 1723 ipso
3090 1656 3295 1710 accitus
3318 1658 3381 1710 ad
3405 1675 3552 1713 sum-

1989 1758 2128 1796 inatn
2161 1741 2612 1805 familiaritatem,
2652 1741 3025 1810 promissionis
3057 1742 3257 1810 Spiritu
3286 1756 3546 1815 accepto:

1913 1810 1952 1864 Β
1983 1844 2039 1888 ιιι
2069 1834 2119 1887 in
2149 1834 2265 1902 ipso
2287 1834 2618 1902 obsignatus,
2643 1832 2731 1887 Dei
2762 1831 2903 1886 ﬁlius
2917 1832 3339 1889 elIiciare‘!Cum
3371 1810 3548 1892 autem

1981 1925 2209 1978 sincera:
2240 1924 2292 1976 in
2326 1922 2493 1977 Deum
2529 1924 2642 1994 spei
2673 1923 2962 1978 utilitatem
2985 1926 3035 1977 in
3067 1927 3359 1994 semetipso
3383 1943 3548 1992 agno-

1979 2025 2155 2070 sceret
2179 2013 2471 2083 PrOpheta,
2496 2012 2751 2083 populum
2782 2014 2849 2067 ad
2890 2028 3072 2082 parem
3105 2027 3289 2067 secum
3323 2016 3548 2070 aemula-

1982 2109 2178 2163 tionem
2206 2107 2398 2161 invitat
2422 2106 2609 2159 dicens
2639 2122 2652 2158 :
2686 2104 2850 2158 Vens.
2882 2104 2935 2160 9.
2956 2102 3176 2173 Sperate
3199 2106 3251 2157 in
3272 2121 3353 2171 eo,
3376 2107 3546 2160 omnis

1978 2201 2309 2270 congregatio
2323 2197 2656 2267 populorum,
2681 2198 2934 2265 e/fundite
2953 2214 3130 2251 coram
3155 2197 3247 2250 illo
3265 2199 3424 2252 corda
3459 2215 3545 2252 ve-

1977 2304 2106 2347 stra.
2143 2290 2283 2344 Fieri
2332 2306 2441 2344 non
2490 2299 2694 2359 potest.
2741 2298 2800 2343 ut
2848 2289 3044 2342 divina:
3090 2290 3275 2357 gratia:
3319 2305 3547 2358 capaces

1978 2384 2287 2447 reddamur,
2320 2381 2422 2435 nisi
2456 2379 2676 2433 malitia:
2706 2377 3042 2445 aﬂ'ectiones,
3073 2394 3193 2447 qua:
3214 2380 3425 2433 animas
3450 2395 3546 2434 [ιο-

1978 2482 2118 2528 stras
2164 2478 2584 2541 occupaverant,
2632 2469 3021 2538 expulerimus.
3067 2469 3204 2523 Novi
3235 2484 3335 2539 ego
3372 2471 3543 2524 medi-

1978 2580 2092 2629 cos,
2126 2564 2215 2633 qui
2242 2578 2350 2616 non
2377 2563 2530 2631 prius
2546 2558 2802 2614 salutaria
2824 2559 3213 2613 medicamenta
3238 2559 3543 2625 tradebant,

1899 2658 1907 2667 '
1977 2671 2137 2725 quam
2180 2654 2463 2709 materiam
2518 2652 2816 2707 morbidam
2850 2667 2946 2721 per
2991 2652 3251 2706 vomitum
3284 2667 3546 2707 evacnas-

1978 2757 2116 2811 sent,
2172 2762 2333 2816 quam
2373 2746 2800 2813 intemperantes
2846 2743 2917 2797 illi
2962 2757 3028 2798 ex
3070 2746 3211 2798 malo
3253 2744 3395 2798 victu
3441 2744 3543 2797 sibi

1977 2848 2321 2907 pepererant.
2356 2835 2463 2891 Sed
2495 2844 2549 2890 et
2595 2835 2648 2888 in
2677 2849 2774 2889 vas
2815 2835 3144 2903 graveolenti
3179 2835 3432 2904 quopiam
3479 2835 3547 2887 li-

1977 2942 2148 2999 quore
2180 2929 2474 2990 imbutum,
2504 2925 2605 2980 nisi
2633 2925 2798 2980 fuerit
2818 2926 3042 2991 elotum,
3075 2937 3407 2996 unguentum
3437 2941 3543 2979 non

1977 3020 2299 3074 infunditur.
2355 3018 2430 3072 Ea
2484 3032 2614 3088 ergo
2670 3033 2790 3087 qua:
2862 3018 3014 3086 prius
3066 3017 3299 3082 inerant,
3345 3017 3541 3071 effundi

1977 3118 2207 3178 oportet,
2248 3120 2309 3164 ut
2334 3124 2453 3178 quae
2496 3109 2884 3172 immittuntur,
2915 3108 3077 3177 recipi
3116 3109 3341 3177 possint.
3382 3107 3542 3162 Vens.

1982 3203 2069 3257 10.
2117 3200 2484 3255 Verumtamen
2524 3200 2644 3254 uani
2699 3200 2796 3259 ﬁlii
2860 3198 3148 3252 hominum.
3221 3197 3379 3251 Novit
3438 3214 3547 3253 non

1980 3308 2167 3350 omnes
2198 3308 2353 3347 suum
2392 3293 2543 3361 sequi
2572 3292 2857 3355 monitum,
2889 3305 3061 3358 neque
3106 3304 3255 3357 spem
3291 3290 3344 3343 in
3378 3288 3544 3345 Deum

1979 3388 2272 3455 suscipere,
2301 3386 2395 3439 sed
2425 3399 2575 3453 spem
2615 3397 2878 3451 reponere
2904 3382 2956 3435 in
2991 3380 3151 3449 hujus
3180 3382 3305 3435 vitae
3336 3382 3547 3436 vanita-

1982 3480 2143 3533 tibus.
2174 3477 2380 3531 ldcirco
2404 3476 2479 3528 ait
2515 3490 2527 3525 :
2571 3471 2935 3527 Verumtamen
2964 3475 3082 3526 vani
3118 3474 3220 3540 ﬁlii
3252 3474 3545 3537 hominum,

1978 3572 2251 3625 mendaces
2279 3568 2379 3636 ﬁlii
2416 3566 2702 3619 hominum.
2733 3566 2841 3620 Cur
2869 3565 3029 3619 vani?
3067 3564 3201 3630 Quia
3236 3566 3543 3621 mendaces.

1980 3661 2210 3716 Ubinam
2243 3658 2477 3713 maxime
2503 3656 2839 3710 mendacium
2861 3670 3049 3710 eorum
3072 3657 3539 3725 deprehenditur?

1981 3754 2045 3808 In
2075 3752 2304 3817 stateris,
2338 3749 2531 3818 inquit,
2569 3748 2636 3800 ad
2675 3749 3033 3813 fraudandum
3063 3749 3238 3818 factis.
3270 3750 3344 3802 De
3369 3750 3547 3818 quali-

1979 3846 2078 3900 bus
2112 3843 2329 3898 stateris
2373 3839 2648 3909 loquitur?
2679 3837 2929 3907 Nunquid
2969 3839 3112 3892 enim
3167 3856 3354 3896 omnes
3385 3842 3542 3912 197

1979 3934 2222 3988 homines
2251 3939 2478 3985 utuntur
2502 3928 2768 3983 stateris?
2802 3944 2929 3982 num
2970 3944 3157 3984 omnes
3194 3931 3327 3986 lanae
3357 3935 3545 3988 vendi-

1980 4036 2123 4081 tores
2149 4031 2295 4086 sunt,
2326 4029 2418 4075 aut
2452 4019 2773 4085 macellarii;
2799 4029 2891 4073 aut
2918 4035 3108 4075 aurum
3142 4032 3233 4075 aut
3263 4031 3541 4093 argentum

1980 4124 2233 4181 tractant,
2277 4121 2371 4167 aut
2404 4110 2627 4165 omnino
2654 4112 2707 4164 in
2755 4111 2903 4164 hisce
2940 4113 3184 4165 materiis
3224 4128 3440 4182 operam
3486 4122 3542 4167 et

1978 4209 2211 4265 studium
2258 4217 2486 4278 ponunt,
2514 4221 2649 4276 quas
2686 4213 3018 4259 mercatores
3059 4222 3177 4259 cum
3212 4208 3431 4262 stateris
3476 4223 3543 4263 ac

1977 4289 2302 4372 pbnderibns
2352 4299 2527 4353 solent
2595 4298 2922 4359 divendere}
2976 4299 3138 4367 Atqui
3189 4298 3354 4352 multa
3415 4309 3545 4353 sunt

1976 4410 2170 4467 genera
2215 4393 2614 4464 operariorum,
2664 4390 2754 4459 qui
2794 4389 2860 4442 ad
2897 4404 3093 4457 operas
3144 4404 3271 4443 suas
3320 4392 3543 4445 stateris

1978 4487 2105 4542 nihil
2160 4502 2295 4556 opus
2328 4484 2552 4542 habent.
2594 4482 2744 4536 Multi
2783 4481 2925 4533 enim
2978 4480 3251 4534 nauticam
3284 4491 3544 4535 exercent

1976 4591 2145 4634 artem
2185 4596 2198 4645 ;
2235 4577 2384 4633 multi
2425 4578 2587 4630 etiam
2616 4575 2762 4629 circa
2792 4573 2968 4627 forum
2998 4582 3052 4627 et
3080 4573 3426 4643 magistratus
3451 4589 3543 4629 oc-

1974 4682 2261 4740 cupantur,
2290 4669 2427 4739 apud
2472 4680 2610 4737 quos
2648 4665 2863 4734 quidem
2914 4673 2998 4719 est
3051 4664 3414 4728 mendacium,
3444 4680 3543 4719 nec

1980 4775 2157 4818 tamen
2188 4776 2283 4831 per
2305 4771 2534 4815 stateras
2559 4759 2712 4812 dolus
2746 4757 3043 4827 perﬁcitur.
3075 4757 3213 4823 Quid
3257 4757 3422 4827 igitur
3457 4767 3543 4812 est

1975 4853 2116 4923 quod
2141 4849 2473 4915 dieit?Quod
2494 4849 2544 4901 in
2568 4862 2889 4915 unoquoque
2914 4856 3155 4901 nostrum
3175 4848 3316 4903 intus
3334 4858 3540 4902 statera

1975 4945 2216 5015 quaedam
2262 4959 2292 4996 a
2328 4950 2517 4997 nostro
2557 4939 2852 4995 Conditore
2887 4948 3195 4995 constructa
3239 4941 3405 5009 sit,iu
3432 4957 3541 5011 qua

2042 5257 2151 5327 (89)
2183 5256 2410 5327 Legitur
2449 5259 2502 5313 in
2552 5258 2754 5314 Catena
2803 5258 3026 5316 Corder.
3057 5259 3223 5313 αὑτοῦ
3257 5258 3336 5328 τῷ
3369 5260 3542 5328 κηρύ-

1971 5344 2177 5470 γμῶῗ)
2196 5396 2325 5467 Reg.
2369 5398 3067 5470 quartusgrrpoaosopévwv.
3115 5400 3193 5451 Ad
3243 5398 3538 5470 marginem

1977 5466 2113 5540 gero
2140 5466 2297 5540 Reg.
2336 5471 2473 5522 sexti
2508 5466 2767 5540 scriptum
2799 5466 3086 5540 invenitur
3130 5466 3536 5540 προσδεόμενοι.

1980 5537 2171 5591 Statim
2208 5537 2339 5608 Reg.
2368 5549 2592 5606 quartus
2621 5537 2741 5593 cum
2786 5538 2939 5593 Colb.
2980 5537 3181 5608 quarto
3214 5538 3536 5608 δικαστήρια

1961 5608 2055 5660 κα)⁵
2093 5608 2161 5659 τὰ
2213 5607 2428 5678 ἀρχεῖα.
2475 5608 2612 5661 Editi
2646 5622 2770 5661 vero
2803 5625 2924 5663 cum
2970 5607 3151 5660 multis
3182 5622 3312 5662 mss.
3352 5607 3540 5659 καὶτὸ

1960 5678 2470 5819 ἄοίὲῗῧάοιιιεηὶιιί
2498 5758 2723 5818 quartus
2749 5755 2801 5803 et
2843 5745 3065 5815 quintus
3093 5745 3309 5817 ἑκάστῳ
3344 5748 3375 5818 ἠ
3392 5747 3530 5818 μῶν.
