3978 6410
491 325 598 381 4³19

1804 322 1859 375 S.
1899 320 2145 378 BASILII
2186 322 2400 379 MAGNI

3662 325 3771 380 £89

492 452 670 491 rerum
691 444 940 490 naturam
972 434 1284 493 discernere
1315 449 1379 490 ac
1411 435 1661 506 judicare
1678 444 1863 503 queat.
1899 435 2055 491 Ροεηά

2171 438 2322 509 παρά
2370 437 2463 491 τοῦ
2512 435 2793 499 κτίσαντος
2824 435 2969 506 ἡμᾶς
2996 434 3551 503 ὲγκατασκευασθεὶς,
3588 439 3688 507 ἐφ’
3711 437 3773 496 οὗ

491 537 611 583 ante
643 538 788 582 tuam
830 528 1020 597 faciem
1061 530 1226 583 vitam
1278 538 1324 581 et
1369 536 1608 593 mortem,
1643 528 1833 585 bonum
1873 539 1919 583 et
1957 546 2068 583 mn-

488 621 685 683 .um”,
729 622 866 675 duas
910 628 1135 674 naturas
1192 620 1294 674 sibi
1344 619 1576 675 invicem
1622 622 1937 689 oppositas:
1970 637 2068 675 ex-

492 714 665 780 pende
704 712 850 781 ipsas
893 712 944 765 in
993 720 1085 766 luo
1121 712 1291 781 ipsius
1338 712 1596 766 tribunali
1628 729 1641 764 :
1673 713 1913 781 pondera
1949 715 2069 768 dili-

488 813 680 875 genter
723 804 852 875 quid
899 805 972 859 sit
1009 804 1104 858 tibi
1155 802 1575 870 conducibilius,
1615 814 1795 858 utrum
1858 815 2067 873 tempo-

491 896 690 950 rariam
735 896 935 966 eligere
976 894 1337 963 voluptatem,
1392 902 1445 948 et
1508 909 1605 963 per
1644 909 1763 948 eam
1822 895 2068 964 accipere

487 996 746 1042 maternam
779 997 1005 1042 mortem
1028 1003 1041 1039 :
1064 1001 1129 1041 an
1171 987 1223 1040 in
1260 986 1476 1041 virtutis
1521 986 1783 1041 exercitio
1818 984 2065 1042 amictio-

490 1093 608 1134 nem
650 1079 869 1148 eligere,
908 1087 963 1133 et
997 1078 1142 1133 illius
1182 1093 1295 1147 ope-
1335 1078 1560 1134 delicias
1606 1088 1839 1133 aeternas
1876 1093 2069 1133 conse-

485 1170 925 1240 qui?MendaCeS
956 1170 1123 1240 igitur
1167 1179 1297 1224 sunt
1347 1170 1623 1232 homines,
1678 1178 1934 1238 corrupta
1973 1169 2067 1223 ba-

488 1262 678 1316 bentes
733 1262 929 1316 animae
972 1261 1180 1329 judicia
1226 1276 1239 1314 :
1278 1276 1506 1331 quorum
1556 1262 1720 1317 etiam
1775 1262 2065 1316 miseretur

489 1352 751 1423 Propheta
791 1354 973 1409 dicens
1003 1373 1016 1408 :
1056 1353 1167 1419 Vw,
1198 1354 1288 1423 qui
1321 1356 1501 1408 dicunt
1526 1355 1764 1409 tenebras
1800 1354 1988 1417 lucem,
2019 1363 2066 1409 et

484 1446 649 1500 lucem
689 1448 924 1502 tenebras
956 1464 975 1501 :
1004 1450 1092 1516 qui
1130 1449 1311 1501 dicunt
1346 1464 1589 1501 amarum
1619 1449 1791 1512 dulce,
1824 1456 1874 1500 et
1917 1447 2068 1500 dulce

484 1554 725 1592 amarum
749 1539 815 1593 ‘°.
868 1538 1018 1603 Mihi,
1057 1540 1253 1606 inquit,
1296 1548 1496 1607 praasto
1540 1547 1666 1592 sunt
1720 1538 2007 1606 praesentia
2050 1555 2064 1601 ;

483 1631 606 1699 quis
648 1644 771 1685 vero
802 1631 953 1686 novit
1001 1630 1181 1685 futura
1212 1631 1235 1685 ’ί
1270 1631 1407 1685 Male
1454 1630 1746 1701 ponderas,
1771 1645 1892 1684 cum
1929 1631 2065 1685 mala

483 1722 639 1775 bonis
662 1721 939 1790 pra-feras,
971 1738 1107 1777 vana
1143 1723 1287 1777 veris
1328 1723 1498 1777 ducas
1529 1723 1761 1791 potiora,
1792 1732 2063 1791 tempora-

482 1812 551 1865 lia
603 1814 823 1867 mternis
857 1823 1177 1883 anteponas,
1206 1813 1534 1882 voluptatem
1565 1812 1766 1866 ﬂuxam
1798 1828 1897 1882 pro
1931 1813 2064 1868 [mti-

482 1905 556 1957 tia
596 1913 850 1973 perpetua
897 1919 959 1957 ac
1008 1904 1212 1973 perpeti
1254 1904 1441 1971 eligas.
1481 1902 1760 1958 Mendaces
1804 1922 1926 1975 ergo
1963 1906 2061 1973 filii

479 1996 747 2049 hominum
774 1996 828 2049 in
859 1997 1071 2050 steteris
1108 1996 1176 2049 ad
1216 1996 1579 2065 fraudandunt
1611 1997 1886 2052 adhibitis.
1921 1997 2062 2067 Inju-

482 2089 561 2142 ria
591 2088 827 2141 alliciunt
859 2089 1090 2141 maxime
1130 2088 1346 2157 quidem
1392 2102 1450 2141 se
1499 2087 1669 2157 ipsos,
1702 2088 1899 2143 deinde
1933 2103 2061 2142 vero

479 2180 754 2249 proximos
778 2180 1008 2250 :quippe
1041 2179 1134 2249 qui
1158 2190 1211 2234 et
1246 2178 1349 2234 sibi
1372 2180 1499 2248 ipsis
1535 2180 1588 2233 in
1623 2183 1738 2234 suis
1753 2179 2060 2235 actionibus

481 2271 619 2326 male
649 2273 956 2337 consulunt,
989 2282 1044 2327 et
1078 2272 1201 2326 aliis
1251 2281 1379 2325 sunt
1421 2273 1672 2342 exemplo
1728 2272 1891 2329 malo.
1942 2273 2059 2326 Non

481 2363 663 2419 licebit
692 2364 788 2419 tibi
834 2366 1018 2421 dicere
1046 2367 1096 2420 in
1130 2367 1217 2421 die
1254 2365 1442 2433 judicii
1477 2384 1489 2419 :
1526 2365 1644 2420 Non
1678 2380 1934 2420 noveram
1968 2365 2061 2419 bo-

481 2473 626 2512 num.
662 2455 1041 2527 Proponuntur
1075 2458 1167 2512 tibi
1198 2467 1301 2513 tua
1330 2460 1499 2528 ipsius
1524 2458 1728 2525 lances,
1765 2459 1965 2512 bonum
1999 2472 2061 2511 ac

480 2551 679 2603 malum
704 2548 1032 2605 sufﬁcienter
1056 2550 1456 2606 discernentes.
1488 2549 1623 2604 Nam
1655 2550 1903 2620 corporis
1927 2564 2060 2619 pou-

479 2643 606 2695 dera
640 2656 707 2696 ex
742 2643 957 2697 trutinae
988 2645 1276 2699 momentis
1307 2646 1679 2699 aestimamus:
1718 2645 1813 2698 sed
1853 2658 1972 2713 qua:
2009 2643 2061 2696 in

479 2734 585 2787 vita
626 2734 869 2803 eligenda
910 2745 1056 2801 sunt,
1100 2736 1271 2792 libero
1304 2737 1499 2791 anima:
1549 2738 1779 2793 arbitrio
1817 2736 2062 2792 secerni-

479 2842 598 2881 mus
640 2841 655 2880 :
704 2828 847 2897 quod
887 2837 942 2881 et
1001 2838 1258 2884 stateram
1312 2831 1649 2896 nominavit,
1687 2832 1885 2901 quippe
1933 2831 2061 2900 quia

477 2920 735 2988 :equalem
762 2922 826 2974 ad
846 2930 1132 2991 utrumque
1158 2924 1561 2980 inclinationem
1594 2927 1835 2993 recipere
1862 2933 2061 2995 potest.

2170 529 2268 599 τὴν
2300 528 2459 597 φύσιν
2502 527 2609 580 τῶν
2655 525 2997 597 πραγμάτων
3037 524 3261 579 δυνατόν
3314 528 3430 579 ἐστι
3481 528 3776 597 διακρίνει

2172 617 2315 670 σθαι.
2336 619 2563 685 Ἐθηκα
2592 616 2706 685 πρὸ
2728 614 3054 683 προσώπου
3071 629 3188 669 σου
3208 615 3322 682 τὴν
3342 615 3497 683 ζωὴν
3526 620 3631 672 καὶ
3664 620 3774 672 m-

2169 708 2449 774 θάνατον,
2493 710 2558 763 τὸ
2578 708 2802 779 ἀγαθὸν
2836 708 2934 761 καὶ
2963 706 3031 759 τὸ
3067 708 3273 760 κακόν·
3294 707 3385 761 δύο
3412 709 3609 777 φύσεις
3627 712 3774 763 ἀντι-

2171 801 2431 871 κειμένας
2479 801 2771 872 ἀλλήλαιςο
2821 799 3258 872 ἀντιστάθμησον
3303 802 3472 867 αὐτὰς
3522 804 3627 856 ἐπὶ
3672 806 3770 857 τοῦ

2167 892 2369 945 οἰκείου
2419 892 2647 946 σεαυτοῦ
2679 892 2997 964 κριτηρίου·
3032 891 3436 962 ζυγοστάτησον
3481 896 3769 966 ἀκριῦὦς,

2167 986 2220 1038 τί
2267 1003 2347 1039 σοι
2392 986 2847 1056 λυσιτελέστερον,
2887 983 2985 1056 τὴν
3012 985 3346 1057 πρόσκαιρον
3376 986 3597 1040 ἑλέσθαι
3643 988 3772 1057 ἡδο-

2168 1076 2285 1148 νὴν,
2344 1078 2437 1130 καὶ
2484 1078 2550 1130 δι’
2587 1077 2753 1147 αὐτῆς
2796 1076 2888 1129 τὸν
2938 1075 3155 1130 αἰώνιον
3201 1076 3385 1130 λαϐεῖν
3430 1077 3699 1140 θάνατον,
3736 1078 3769 1150 ἦ

2167 1168 2266 1238 τὴν
2319 1170 2377 1221 ὲν
2429 1172 2493 1240 τῇ
2548 1171 2777 1240 ἀσκήσει
2818 1169 2915 1239 τῆς
2958 1169 3160 1239 ἀρετῆς
3207 1170 3459 1240 ἑλόμενον
3505 1172 3775 1225 κακοπα-

2169 1260 2338 1323 θειαν,
2374 1263 2546 1334 ταύτῃ
2589 1262 2833 1333 προξένῳ
2867 1262 3176 1333 χρήσασθαι
3222 1266 3319 1333 τῆς
3356 1265 3578 1317 αἰωνίου
3632 1282 3775 1336 τρυ-

2170 1356 2274 1422 φῆς
2292 1354 2423 1425 (92).
2444 1356 2670 1419 Ψευδεῖς
2694 1351 2785 1408 οῦν
2811 1356 2861 1407 οἱ
2878 1354 3175 1425 ἄνθρωποι,
3205 1355 3573 1428 διεφθαρμένα
3600 1358 3770 1427 ἔχον-

2168 1465 2258 1511 τες
2300 1448 2399 1518 τῆς
2441 1449 2620 1519 ψυχῆς
2662 1450 2729 1503 τά
2767 1450 3061 1521 κριτήρια·
3115 1449 3208 1512 οὓς
3255 1450 3351 1502 καὶ
3404 1450 3700 1515 ταλανίζει
3743 1456 3774 1505 ὁ

2168 1545 2459 1614 Προφήτης
2484 1543 2677 1610 λέγων’
2704 1541 2849 1596 Οὐαὶ
2881 1545 2935 1595 οί
2956 1540 3238 1609 λέγοντες
3251 1542 3319 1595 τὸ
3350 1544 3577 1608 σκότος
3602 1542 3767 1611 φῶς,

2167 1636 2265 1690 καὶ
2290 1636 2353 1689 τὸ
2387 1634 2510 1704 φῶς
2532 1635 2752 1697 σκότος
2771 1650 2783 1663 ·
2818 1637 2871 1687 οἱ
2891 1633 3171 1703 λέγοντες
3197 1635 3261 1686 τὸ
3291 1635 3507 1701 πικρὸν
3532 1636 3766 1705 γλυκὺ,

2169 1727 2265 1780 καὶ
2304 1726 2370 1779 τὸ
2423 1725 2616 1795 γλυκὺ
2654 1725 2889 1792 πικρόν.
2950 1726 3122 1794 Ἐμοὶ,
3174 1726 3326 1797 φησὶ,
3364 1725 3433 1779 τά
3464 1728 3727 1798 παρόντα
3750 1744 3764 1755 ·

2163 1820 2246 1881 τίς
2268 1818 2325 1871 δὲ
2357 1813 2465 1871 οἶδε
2492 1816 2560 1870 τά
2591 1816 2883 1887 μέλλοντα;
2917 1815 3119 1879 Κακῶς
3142 1814 3508 1884 ζυγοστατεῖς,
3541 1820 3767 1889 πονηρά

2162 1910 2269 1963 τῶν
2311 1908 2531 1978 ἀγαθῶν
2571 1908 3019 1979 ἀνθαιρούμενος,
3067 1908 3134 1962 τὰ
3170 1909 3372 1979 μάταια
3414 1908 3522 1961 τῶν
3564 1909 3766 1981 ἀληθι-

2163 2000 2268 2053 νῶν
2300 1999 2410 2070 (95)
2442 1999 2747 2071 προτιμῶν,
2772 1998 2841 2051 τὰ
2867 1998 3174 2069 πρόσκαιρα
3212 1998 3319 2051 τῶν
3350 1999 3587 2051 αἰωνίων
3617 2017 3766 2071 προ-

2163 2092 2397 2152 τάσσων,
2426 2092 2524 2161 τὴν
2581 2090 2995 2162 παρερχομένην
3022 2089 3214 2161 ἡδονὴν
3258 2090 3375 2143 ἀντὶ
3422 2091 3520 2161 τῆς
3574 2093 3763 2145 arrab-

2166 2200 2289 2236 στου
2327 2182 2665 2254 εὐφροσύνης
2712 2183 2805 2234 καὶ
2854 2181 3135 2252 διηνεκοῦς
3179 2181 3559 2251 ἐκλεγόμενος.
3592 2187 3757 2237 Ψευ-

2163 2275 2287 2342 δεῖς
2338 2270 2453 2329 οὖν
2490 2278 2544 2327 οὶ
2595 2274 2713 2328 υἱοὶ
2759 2273 2874 2327 τῶν
2914 2274 3239 2341 ἀνθρώπων
3290 2274 3360 2327 ἐν
3406 2274 3603 2343 ζυγοῖς
3646 2278 3762 2331 τοῦ

2163 2368 2465 2437 ἀδικῆσαι.
2514 2366 2778 2420 Ἀδικοῦσι
2817 2367 2874 2419 δὲ
2912 2366 3335 2437 προηγουμένως
3368 2368 3465 2437 μὲν
3494 2369 3757 2432 Erato-2;,

2164 2460 2354 2513 ἔπειτα
2384 2459 2439 2512 δὲ
2475 2460 2565 2512 καὶ
2592 2460 2715 2521 τοὺς
2747 2459 3163 2529 πλησιάζοντας,
3190 2461 3238 2511 οἱ
3268 2460 3359 2512 καὶ
3396 2461 3612 2523 ἑαυτοῖς
3638 2463 3756 2530 (91)

2169 2552 2393 2623 πονηροὶ
2419 2549 2709 2621 σύμϐουλοι
2749 2549 2841 2602 ἐπὶ
2882 2549 2990 2601 τῶν
3033 2550 3283 2620 πράξεων
3330 2551 3625 2619 γινόμενοι,
3661 2554 3758 2603 καὶ

2169 2645 2375 2714 ἑτέροις
2412 2641 2682 2713 μοχθηρὸν
2719 2640 2871 2703 ὄντες
2903 2640 3227 2710 ὑπόδειγμα.
3262 2641 3374 2693 Οὐκ
3408 2641 3523 2693 ἔστι
3558 2659 3640 2694 σοι
3678 2645 3758 2695 εξ-

2166 2740 2288 2791 πεῖν
2315 2738 2372 2789 ἐν
2398 2738 2461 2806 τῇ
2498 2735 2681 2805 ἡμέρᾳ
2712 2733 2810 2803 τῆς
2840 2732 3090 2802 κρίσεως’
3128 2734 3240 2785 Οὐκ
3265 2733 3408 2802 ᾔδειν
3430 2734 3488 2786 τὸ
3517 2736 3752 2801 ἀγαθόν.

2163 2827 2504 2899 Προφέρεταί
2534 2828 2642 2895 (95)
2688 2843 2768 2877 σοι
2806 2825 2873 2878 τὰ
2906 2824 3014 2877 ἴδιά
3054 2841 3147 2877 σου
3208 2824 3347 2893 ζυγᾲ
3378 2826 3569 2895 ἱκανὴν
3606 2844 3755 2896 παρ-

2160 2920 2394 2990 εχόμενα
2422 2916 2690 2987 διάκρισιν
2715 2912 2919 2982 ἀγαθοῦ
2936 2914 3030 2966 καὶ
3055 2912 3246 2966 κακοῦ.
3278 2913 3360 2966 Τὰ
3392 2915 3489 2983 μὲν
3514 2914 3625 2984 γὰρ
3649 2913 3751 2965 τοῦ

480 3008 727 3080 σώματος
762 3010 902 3083 βάρη
932 3016 1050 3077 ταῖς
1074 3014 1165 3067 ἐπὶ
1214 3016 1313 3087 τῆς
1368 3018 1637 3089 τρυτάνης
1672 3020 1865 3089 ῥοπαῖς
1930 3013 2327 3085 δοκιμάζομεν,
2368 3009 2435 3063 τά
2482 3009 2538 3061 δὲ
2583 3007 2677 3060 τοῦ
2727 3006 2839 3077 βίου
2885 3005 3119 3058 ἐκλεκτά
3156 3004 3236 3074 τῷ
3284 3005 3615 3076 αύτεξουσίῳ
3640 3004 3749 3072 τῆς

475 3106 653 3177 ψυχῆς
675 3107 1017 3179 διακρίνομεν
1039 3127 1052 3139 ο
1102 3110 1130 3162 ὃ
1157 3112 1248 3164 καὶ
1302 3111 1464 3181 ζυγὸν
1521 3114 1771 3185 ὠνόμασε
1813 3113 1947 3184 (96),
1987 3111 2075 3165 διά
2113 3110 2175 3163 τὸ
2212 3109 2333 3178 ἴσην
2363 3103 2620 3159 δύνασθαι
2648 3102 2947 3172 λαμϐάνειν
2997 3100 3094 3171 τὴν
3136 3101 3305 3173 ῥοπὴν
3338 3101 3422 3171 ἐφ’
3450 3103 3711 3173 ἑκάτερα.

547 3198 601 3251 5.
641 3196 802 3252 Vens.
832 3199 913 3253 il.
952 3197 1130 3254 Nolite
1165 3218 1377 3271 sperare
1413 3207 1466 3258 in
1497 3206 1803 3275 iniquitate,
1839 3216 1886 3260 et
1913 3208 2059 3272 rapi-

479 3306 573 3343 nas
606 3288 765 3344 nolite
801 3294 1183 3360 concupiscere.
1226 3294 1491 3364 Superius
1531 3298 1667 3352 dixit
1699 3317 1712 3353 :
1743 3298 1963 3367 Sperate
2001 3301 2056 3355 in

476 3398 558 3450 eo,
592 3384 758 3437 omnis
786 3388 1116 3454 congregatio
1145 3387 1476 3456 populorum.
1518 3391 1661 3445 Vidit
1702 3408 1904 3446 morem
1941 3393 2055 3462 geri

481 3475 633 3529 tarde
681 3477 1056 3547 segniterque,
1102 3489 1158 3534 et
1211 3481 1580 3551 pronuntiavit
1628 3502 1639 3537 :
1689 3482 2055 3539 Verumtamen

476 3567 598 3621 vani
652 3568 751 3637 ﬁlii
799 3568 1087 3626 hominum.
1118 3570 1326 3627 Rursus
1361 3582 1511 3628 vetat
1551 3589 1619 3629 ne
1671 3591 1952 3645 speremus
2000 3577 2052 3630 in

477 3662 783 3729 iniquitate.
828 3661 930 3728 Qui
972 3674 1192 3719 coactus
1223 3680 1289 3719 ex
1325 3666 1615 3735 iniquitate
1647 3670 1866 3724 divitias
1909 3669 2056 3723 sum-

476 3750 625 3805 ciens
665 3751 767 3805 sibi
814 3751 1183 3821 adjumentum
1214 3755 1281 3808 ad
1319 3757 1483 3809 robur
1516 3766 1571 3811 et
1600 3760 1895 3827 potentiam
1933 3774 2055 3814 esse

474 3839 698 3907 iudicat,
752 3843 1004 3897 assimilis
1049 3853 1133 3899 est
1166 3855 1389 3915 mgroto,
1440 3849 1529 3915 qui
1574 3850 1625 3902 in
1663 3851 1834 3905 morbi
1880 3852 2055 3920 gravi-

479 3941 587 3986 tate.
633 3935 1002 3989 habitudinem
1054 3937 1245 3993 bonam
1287 3942 1588 3995 constituit.
1620 3940 1803 3996 Nolite
1840 3960 2053 4013 sperare

477 4024 531 4075 in
562 4022 855 4094 iniquitate.
874 4023 997 4080 Haec
1022 4027 1407 4096 impedimento
1433 4030 1525 4085 tibi
1550 4031 1615 4083 ad
1644 4045 1857 4085 omnem
1887 4034 2054 4088 actio-

477 4128 619 4167 nem.
656 4114 721 4167 Et
746 4130 903 4183 super
924 4117 1164 4184 rapinam
1189 4117 1347 4173 nolite
1364 4122 1745 4189 concupiscere.
1764 4122 1951 4176 Aliena
1986 4137 2051 4177 ne

477 4209 942 4278 concupiscamus,
975 4212 1247 4266 admonet.
1277 4210 1487 4269 Divitia:
1519 4215 1564 4269 si
1607 4214 1819 4284 afﬂuant
1843 4255 1858 4279 ,
1894 4217 2051 4297 nqlite

475 4317 566 4355 cor
599 4320 873 4371 apponere.
912 4305 967 4358 Si
1015 4305 1214 4361 videris
1258 4308 1563 4377 quempiam
1616 4309 2051 4377 praedivitemme

474 4392 641 4446 vitam
667 4394 831 4463 ipsius
862 4395 1023 4466 198
1052 4398 1261 4451 beatam
1299 4399 1704 4467 praedicaveris.
1740 4398 1795 4454 Si
1844 4401 2049 4454 muleli-

2227 3200 2281 3253 5.
2316 3198 2367 3252 Μ
2374 3196 2411 3265 ἡ
2438 3195 2702 3255 ἐλπίζετε
2725 3195 2817 3248 ἐπ’
2848 3194 3086 3249 ἀδικίαν
3107 3194 3206 3247 καὶ
3231 3195 3329 3246 ἐπὶ
3351 3195 3626 3265 ἅρπαγμα
3650 3198 3745 3266 μὴ

2153 3290 2507 3345 ἑπιποθεῖτε.
2557 3290 2704 3341 Ἀνω
2759 3282 2943 3340 εἶπεν
3002 3287 3320 3341 Ἑλπίσατε
3371 3289 3463 3341 ἐπ’
3526 3291 3742 3352 αὐτὸν,
3816 3276 3825 3282 ’

2154 3383 2321 3440 πᾶσα
2364 3380 2686 3451 συναγωγὴ
2734 3379 2919 3433 λαῶν.
2989 3374 3111 3432 Εἷδε
3150 3379 3208 3431 τὸ
3238 3379 3469 3451 ὀκνηρὸν
3507 3380 3608 3450 τῆς
3633 3382 3744 3433 ὑπ-

2154 3479 2344 3549 ακοῆς,
2371 3476 2465 3530 καὶ
2481 3475 2817 3546 ἀπεφήνατο,
2850 3473 2931 3525 ὅτι
2948 3472 3122 3541 Πλὴν
3132 3471 3370 3541 μάταιοι
3393 3474 3447 3526 οἱ
3470 3475 3585 3527 υἱοὶ
3620 3473 3742 3527 τῶν

2152 3569 2500 3637 ἀνθρώπων.
2533 3566 2702 3620 Πάλιν
2753 3563 3086 3636 ἀπαγορεύει
3134 3565 3208 3635 μὴ
3246 3565 3485 3628 ἐλπίζειν
3509 3566 3597 3619 ἐπ’
3628 3567 3742 3619 ἀδι-

2152 3663 2297 3719 κίαν.
2334 3661 2390 3713 Ὀ
2421 3660 2511 3713 τὸν
2547 3659 2607 3723 ἐξ
2646 3657 2855 3721 ἀδικίας
2891 3658 3250 3729 ἠθροισμένον
3284 3658 3510 3712 πλοῦτον
3541 3660 3739 3731 ἱκανὴν

2154 3755 2329 3826 ἑαυτῷ
2363 3752 2498 3825 πρὸς
2536 3753 2598 3806 τὸ
2653 3753 2856 3822 ἰσχύειν
2901 3753 2995 3805 καὶ
3035 3754 3257 3823 κρατεῖν
3296 3752 3547 3822 ἀφορμὴν
3593 3748 3737 3807 εἶναι

2153 3850 2353 3922 κρίνων
2405 3846 2589 3916 ὅμοιός
2617 3847 2763 3898 ἐστιν
2794 3842 3059 3916 ἀρρώστῳ
3093 3846 3150 3897 ὲν
3197 3846 3261 3915 τῇ
3299 3845 3581 3916 περιουσίᾳ
3632 3846 3736 3916 τῆς

2151 3941 2307 3995 νόσου
2346 3939 2446 4010 τὴν
2476 3936 2686 4002 εὐεξίαν
2720 3936 3009 4007 τιθεμένῳ,
3042 3936 3140 4004 Μὴ
3173 3936 3437 3996 ἐλπίζετε
3461 3937 3555 3989 ἐπ’
3604 3937 3736 3991 ἀδι-

2152 4032 2309 4085 κίαν.
2358 4028 2504 4099 Αὕτη
2548 4045 2628 4081 σοι
2679 4026 2960 4099 ἐμποδίζει
3011 4027 3147 4098 πρὸς
3192 4030 3370 4081 πᾶσαν
3422 4029 3729 4099 ἐνέργειαν.

2150 4124 2259 4178 Καὶ
2306 4122 2405 4176 ἐπὶ
2447 4122 2724 4190 ἅρπαγμα
2756 4120 2864 4192 (97)
2910 4119 2997 4189 μὴ
3044 4119 3392 4173 ὲπιποθεῖτε.
3450 4120 3540 4191 Μὴ
3588 4116 3732 4173 εἶναι

2148 4216 2257 4269 τῶν
2289 4215 2584 4286 ἀλλοτρίων
2623 4211 2967 4284 ἐπιθυμητὰς
3007 4213 3282 4283 παραινεῖ.
3318 4211 3586 4277 Πλοῦτος
3618 4212 3730 4265 ἐὰν

2142 4306 2274 4375 ῥέῃ,
2302 4304 2387 4374 μὴ
2428 4306 2821 4373 προστίθεσθε
2853 4302 3063 4371 καρδίᾳ
3101 4303 3231 4373 (98).
3276 4303 3398 4356 Ἐἀν
3439 4302 3553 4375 ἴδῃς
3602 4305 3725 4358 τινὰ

2149 4401 2257 4453 τῶν
2315 4400 2849 4471 ὑπερπλουτούντων,
2910 4399 2984 4469 μὴ
3040 4398 3349 4471 μακαρίσῃς
3402 4397 3564 4450 αὑτοῦ
3623 4399 3722 4467 τὴν

476 4483 584 4547 bet.
621 4493 674 4540 et
706 4500 772 4539 ex
800 4488 1055 4542 uberibus
1084 4488 1321 4543 fontibus
1353 4490 1445 4543 tibi
1482 4490 1701 4545 aﬂluaut
1729 4492 1953 4555 divitiae,
1981 4506 2045 4545 ne

2165 4494 2313 4564 ζωήν.
2371 4494 2500 4569 ,Ἐάν
2534 4510 2617 4545 σοι
2666 4490 2994 4562 πολλαχόθεν
3031 4492 3123 4544 καὶ
3158 4490 3215 4556 ἐξ
3244 4489 3486 4557 ἀφθόνων
3529 4489 3725 4559 πηγῶν

477 4574 528 4625 in
564 4589 748 4629 earum
779 4577 933 4644 copia
983 4579 1316 4647 acquiescas.
1370 4578 1575 4634 Πὶτῑιὶίε
1608 4583 1653 4633 si
1681 4582 1913 4652 afﬂuant.
1939 4582 2044 4634 Ad-

476 4665 675 4718 mirare
730 4681 935 4722 vocent.
994 4668 1159 4723 Fluxa
1204 4680 1289 4725 est
1338 4670 1646 4725 divitiarum
1685 4683 1894 4736 natura,
1936 4684 2044 4726 tor-

479 4764 629 4809 rente
662 4756 821 4811 citius
867 4758 1263 4826 praeterlabitur
1306 4776 1666 4829 possessores,
1708 4762 1841 4816 alios
1886 4766 2044 4820 aliter

474 4846 610 4900 solet
660 4857 889 4903 mutare.
911 4849 1370 4915 Quemadmodum
1401 4851 1592 4906 ﬂuvius
1616 4855 1682 4907 ab
1712 4855 1819 4907 alto
1851 4857 2041 4911 labens

545 4987 589 5016 ³⁸
610 4988 761 5041 Deut.
804 5004 934 5053 xxx,
982 4990 1066 5043 15.
1144 4991 1187 5022 ³³
1214 4989 1315 5043 lsa.
1358 5006 1409 5054 ν,
1439 4992 1529 5045 ‘20.

541 5150 654 5218 (92)
689 5151 765 5205 Ita
790 5154 955 5207 editio
982 5152 1143 5206 Basil.
1177 5163 1231 5206 et
1264 5155 1403 5211 Oliv.
1432 5165 1487 5208 et
1516 5155 1728 5223 Anglic.
1761 5169 1882 5207 cum
1912 5154 2034 5205 aliis

471 5226 707 5289 quinque
743 5240 871 5280 mss.
897 5228 964 5278 At
982 5224 1147 5276 editio
1174 5224 1343 5279 Paris.
1376 5241 1499 5279 cum
1524 5227 1707 5291 paucis
1740 5240 1866 5277 mss.
1893 5226 2032 5276 αίω-

472 5291 587 5354 νίας
628 5291 794 5363 ζωῆς,
836 5296 992 5347 vitam
1024 5304 1289 5348 wternam.
1322 5295 1472 5349 Colb.
1522 5297 1780 5363 septimus
1810 5294 2026 5346 αἰωνίου

462 5364 707 5441 τιτελυιενῖζις1
731 5360 956 5441 ibidem.
986 5364 1138 5419 Colb.
1182 5374 1406 5434 quartus
1432 5364 1657 5426 Ψευδεῖς
1702 5360 1793 5417 οὖν
1843 5366 1892 5415 οἱ
1928 5365 2033 5415 υἱοὶ

469 5434 582 5506 τῶν
600 5434 713 5506 _dtvO
722 5435 936 5506 ρώπων.

481 5503 651 5623 ᾖλαέῗζ)
689 5503 762 5560 Ita
812 5523 906 5562 sex
950 5520 1080 5561 mss.
1110 5507 1179 5560 At
1223 5504 1352 5560 editi
1394 5514 1448 5559 et
1492 5520 1619 5560 mss.
1657 5504 1893 5559 nonnulli
1929 5503 2036 5557 τῶν

481 5606 504 5620 η
540 5589 570 5623 η
610 5592 707 5623 ων.

470 5582 707 5642 αΛηθων.

542 5641 652 5707 (94)
684 5644 771 5697 Sic
801 5662 930 5697 mss.
961 5656 1209 5713 quatuor.
1257 5644 1397 5698 Edili
1444 5645 1492 5695 οἱ
1538 5646 1632 5697 καὶ
1665 5646 1868 5707 αὐτοῖς.
1919 5645 2038 5700 Cul-

473 5706 665 5765 bertini
691 5727 913 5783 quartus
938 5706 991 5771 ei
1011 5728 1196 5771 sextus
1221 5718 1268 5769 οἱ
1305 5715 1398 5768 καὶ
1418 5714 1595 5768 αὐτοί.

2152 4586 2415 4657 περιρῤέῃ
2453 4586 2519 4639 τὰ
2551 4587 2832 4656 χρήματα,
2878 4585 2951 4655 μὴ
2988 4584 3252 4656 προσδέξῃ
3278 4583 3452 4635 αὐτῶν
3489 4584 3585 4655 τὴν
3621 4602 3723 4637 πε-

2153 4678 2411 4748 ριουσίαν.
2448 4678 2716 4743 Πλοῦτος
2748 4677 2855 4729 ἐὰν
2882 4676 3013 4743 ῥέῃ.
3052 4674 3342 4745 Θαύμασον
3388 4675 3485 4745 τὴν
3513 4678 3717 4746 φωνήν.

2160 4770 2444 4839 Ῥευστὴή
2483 4769 2643 4838 φύσις
2667 4767 2759 4820 τοῦ
2807 4767 3036 4820 πλούτου
3061 4784 3074 4797 ο
3121 4765 3419 4837 χειμάρρου
3466 4764 3721 4835 ὀξύτερον

2146 4863 2270 4924 τοὺς
2298 4861 2514 4930 ἔχοντας
2548 4860 2881 4931 παρατρέχει
2904 4877 2919 4891 ·
2960 4858 3143 4912 ἄλλοτε
3178 4857 3332 4910 ἄλλον
3376 4856 3583 4910 πέφυκε
3619 4888 3720 4923 πα-

2216 5156 2327 5221 (95)
2361 5155 2450 5209 Sic
2476 5154 2611 5209 Oliv.
2647 5163 2699 5207 et
2728 5154 2938 5220 Anglic.
2974 5164 3028 5209 et
3049 5155 3292 5210 Combef.
3326 5170 3446 5209 cum
3469 5155 3591 5210 aliis
3624 5171 3713 5210 sex

2141 5240 2272 5278 mss.
2305 5225 2521 5279 Atediti
2557 5224 2946 5296 προσφέρεται.

2214 5296 2323 5365 (96)
2354 5296 2483 5351 Colb
2554 5306 2775 5366 quartus
2821 5296 3100 5365 ὠνόμασεν
3145 5296 3173 5346 ό
3221 5296 3533 5366 Προφήτης.
3591 5297 3714 5353 Mox

2141 5365 2281 5418 idem
2316 5367 2484 5420 codex
2508 5367 2597 5418 ἐπὶ
2627 5364 2692 5418 τὰ
2717 5364 3075 5435 ἁρπάγματα.

2213 5435 2323 5502 (97)
2359 5435 2562 5489 Rursus
2592 5436 2718 5502 Reg.
2743 5448 2967 5502 quartus
2991 5436 3353 5505 ἁρπάγματα.

2214 5507 2324 5577 (98)
2363 5508 2457 5577 Sic
2483 5517 2684 5573 septem
2722 5520 2862 5577 mss.
2882 5514 2993 5557 tum
3016 5504 3136 5577 _l_mc
3164 5508 3276 5577 loco
3305 5518 3414 5577 tum
3434 5504 3713 5573 aliquanto

2140 5574 2279 5645 poSt.
2306 5574 2462 5628 'Editi
2495 5592 2619 5645 vero
2644 5584 2695 5626 et
2730 5574 2865 5627 LXX
2898 5574 3150 5645 καρδίαν.
3177 5574 3337 5645 Πειιιό
3381 5576 3535 5645 longe
3574 5590 3707 5628 mss.

2141 5643 2343 5715 Septem
2372 5644 2535 5698 αὐτοῦ
2562 5646 2676 5715 τήν.
2722 5645 2857 5699 Editi
2891 5643 3017 5700 vero
3046 5643 3244 5697 αὐτῶν.
