  <div class='ocr_page' id='page_1' title='image "/cluster/home/n/w/nwhite01/storage/ocr_20150623/29/hvd.32044011320256/674.png"; bbox 0 0 3978 6410; ppageno 0'>
   <div class='ocr_carea' id='block_1_1' title="bbox 293 395 3543 481">
    <p class='ocr_par' dir='ltr' id='par_1_1' title="bbox 293 395 3543 481">
     <span class='ocr_line' id='line_1_1' title="bbox 293 395 3543 481; baseline 0.009 -33"><span class='ocrx_word' id='word_1_1' title='bbox 293 395 400 449; x_wconf 64' lang='lat' dir='ltr'><strong>is:</strong></span> <span class='ocrx_word' id='word_1_2' title='bbox 1467 405 1749 464; x_wconf 76' lang='lat' dir='ltr'><strong>llOMlLlA</strong></span> <span class='ocrx_word' id='word_1_3' title='bbox 1787 408 1853 462; x_wconf 84' lang='lat' dir='ltr'><strong>IN</strong></span> <span class='ocrx_word' id='word_1_4' title='bbox 1894 408 2220 467; x_wconf 65' lang='lat' dir='ltr'><strong>PSALilUii</strong></span> <span class='ocrx_word' id='word_1_5' title='bbox 2262 412 2395 472; x_wconf 77' lang='lat' dir='ltr'><strong>LXI.</strong></span> <span class='ocrx_word' id='word_1_6' title='bbox 2777 403 2780 406; x_wconf 85' lang='grc'><strong>’</strong></span> <span class='ocrx_word' id='word_1_7' title='bbox 3177 409 3186 418; x_wconf 87' lang='grc'><strong>’</strong></span> <span class='ocrx_word' id='word_1_8' title='bbox 3439 424 3543 481; x_wconf 68' lang='lat' dir='ltr'><strong>ts;</strong></span> 
     </span>
    </p>
   </div>
   <div class='ocr_carea' id='block_1_2' title="bbox 294 511 1829 608">
    <p class='ocr_par' dir='ltr' id='par_1_2' title="bbox 294 511 1829 600">
     <span class='ocr_line' id='line_1_2' title="bbox 294 511 1829 600; baseline 0.01 -35"><span class='ocrx_word' id='word_1_9' title='bbox 294 511 673 584; x_wconf 82' lang='grc' dir='ltr'>ραμείϐεσθαι.</span> <span class='ocrx_word' id='word_1_10' title='bbox 722 517 930 590; x_wconf 84' lang='grc' dir='ltr'>Ὥσπερ</span> <span class='ocrx_word' id='word_1_11' title='bbox 977 520 1218 590; x_wconf 81' lang='grc' dir='ltr'>ποταμὸς</span> <span class='ocrx_word' id='word_1_12' title='bbox 1261 523 1351 592; x_wconf 80' lang='grc' dir='ltr'>ἀφ’</span> <span class='ocrx_word' id='word_1_13' title='bbox 1403 525 1608 595; x_wconf 67' lang='grc' dir='ltr'>ὑψηλοῦ</span> <span class='ocrx_word' id='word_1_14' title='bbox 1642 529 1829 600; x_wconf 79' lang='grc' dir='ltr'>φερόμε</span> 
     </span>
    </p>
   </div>
   <div class='ocr_carea' id='block_1_3' title="bbox 1933 511 3539 608">
    <p class='ocr_par' dir='ltr' id='par_1_3' title="bbox 1933 530 3539 608">
     <span class='ocr_line' id='line_1_3' title="bbox 1933 530 3539 608; baseline 0.004 -20"><span class='ocrx_word' id='word_1_15' title='bbox 1933 558 1946 588; x_wconf 67' lang='grc' dir='ltr'><strong>ι</strong></span> <span class='ocrx_word' id='word_1_16' title='bbox 1975 530 2040 586; x_wconf 91' lang='lat' dir='ltr'><strong>iis</strong></span> <span class='ocrx_word' id='word_1_17' title='bbox 2072 531 2289 600; x_wconf 85' lang='lat' dir='ltr'><strong>quidem</strong></span> <span class='ocrx_word' id='word_1_18' title='bbox 2318 531 2410 602; x_wconf 89' lang='lat' dir='ltr'><strong>qui</strong></span> <span class='ocrx_word' id='word_1_19' title='bbox 2457 533 2522 587; x_wconf 83' lang='lat' dir='ltr'><strong>ad</strong></span> <span class='ocrx_word' id='word_1_20' title='bbox 2554 535 2726 604; x_wconf 80' lang='lat' dir='ltr'><strong>ripam</strong></span> <span class='ocrx_word' id='word_1_21' title='bbox 2781 543 2962 590; x_wconf 83' lang='lat' dir='ltr'><strong>astant</strong></span> <span class='ocrx_word' id='word_1_22' title='bbox 3007 537 3422 608; x_wconf 87' lang='lat' dir='ltr'><strong>appropinquat,</strong></span> <span class='ocrx_word' id='word_1_23' title='bbox 3446 541 3539 594; x_wconf 84' lang='lat' dir='ltr'><strong>sed</strong></span> 
     </span>
    </p>
   </div>
   <div class='ocr_carea' id='block_1_4' title="bbox 291 603 1829 694">
    <p class='ocr_par' dir='ltr' id='par_1_4' title="bbox 291 603 1829 690">
     <span class='ocr_line' id='line_1_4' title="bbox 291 603 1829 690; baseline 0.013 -36"><span class='ocrx_word' id='word_1_24' title='bbox 291 620 383 666; x_wconf 87' lang='grc' dir='ltr'><strong>νος</strong></span> <span class='ocrx_word' id='word_1_25' title='bbox 411 603 619 672; x_wconf 76' lang='grc' dir='ltr'><strong>ἐγγίζει</strong></span> <span class='ocrx_word' id='word_1_26' title='bbox 674 606 774 676; x_wconf 81' lang='grc' dir='ltr'>μὲν</span> <span class='ocrx_word' id='word_1_27' title='bbox 799 612 908 670; x_wconf 82' lang='grc' dir='ltr'>τοῖς</span> <span class='ocrx_word' id='word_1_28' title='bbox 939 612 1249 682; x_wconf 77' lang='grc' dir='ltr'><strong>παρεστῶσι</strong></span> <span class='ocrx_word' id='word_1_29' title='bbox 1296 618 1363 686; x_wconf 79' lang='grc' dir='ltr'>τῇ</span> <span class='ocrx_word' id='word_1_30' title='bbox 1410 617 1564 690; x_wconf 73' lang='grc' dir='ltr'>ὄχθῃ,</span> <span class='ocrx_word' id='word_1_31' title='bbox 1624 620 1758 689; x_wconf 75' lang='grc' dir='ltr'>ὁμοῦ</span> <span class='ocrx_word' id='word_1_32' title='bbox 1813 621 1829 673; x_wconf 72' lang='grc' dir='ltr'><strong>ἰ</strong></span> 
     </span>
    </p>
   </div>
   <div class='ocr_carea' id='block_1_5' title="bbox 1933 603 3541 694">
    <p class='ocr_par' dir='ltr' id='par_1_5' title="bbox 1969 603 3541 694">
     <span class='ocr_line' id='line_1_5' title="bbox 1969 603 3541 694; baseline 0.006 -19"><span class='ocrx_word' id='word_1_33' title='bbox 1969 621 2129 676; x_wconf 82' lang='lat' dir='ltr'><strong>simul</strong></span> <span class='ocrx_word' id='word_1_34' title='bbox 2179 631 2237 676; x_wconf 93' lang='lat' dir='ltr'><strong>ut</strong></span> <span class='ocrx_word' id='word_1_35' title='bbox 2286 625 2529 694; x_wconf 81' lang='lat' dir='ltr'><strong>coatigit,</strong></span> <span class='ocrx_word' id='word_1_36' title='bbox 2566 603 2750 681; x_wconf 85' lang='lat' dir='ltr'><strong>statim</strong></span> <span class='ocrx_word' id='word_1_37' title='bbox 2783 629 2989 682; x_wconf 87' lang='lat' dir='ltr'><strong>secedit</strong></span> <span class='ocrx_word' id='word_1_38' title='bbox 3030 603 3158 683; x_wconf 53' lang='lat' dir='ltr'><strong>:&quot;ita</strong></span> <span class='ocrx_word' id='word_1_39' title='bbox 3212 631 3374 685; x_wconf 88' lang='lat' dir='ltr'><strong>etiam</strong></span> <span class='ocrx_word' id='word_1_40' title='bbox 3406 631 3541 685; x_wconf 80' lang='lat' dir='ltr'><strong>divi-</strong></span> 
     </span>
    </p>
   </div>
   <div class='ocr_carea' id='block_1_6' title="bbox 289 693 1866 782">
    <p class='ocr_par' dir='ltr' id='par_1_6' title="bbox 289 693 1866 782">
     <span class='ocr_line' id='line_1_6' title="bbox 289 693 1866 782; baseline 0.013 -37"><span class='ocrx_word' id='word_1_41' title='bbox 289 693 488 764; x_wconf 67' lang='grc' dir='ltr'>ἤψατο,</span> <span class='ocrx_word' id='word_1_42' title='bbox 525 697 618 749; x_wconf 78' lang='grc' dir='ltr'><strong>καὶ</strong></span> <span class='ocrx_word' id='word_1_43' title='bbox 639 698 799 763; x_wconf 76' lang='grc' dir='ltr'>εὐθὺς</span> <span class='ocrx_word' id='word_1_44' title='bbox 835 701 1208 774; x_wconf 78' lang='grc' dir='ltr'>ἀνεχώρησεν·</span> <span class='ocrx_word' id='word_1_45' title='bbox 1237 705 1377 760; x_wconf 73' lang='grc' dir='ltr'>οὕτω</span> <span class='ocrx_word' id='word_1_46' title='bbox 1399 711 1490 762; x_wconf 78' lang='grc' dir='ltr'><strong>καὶ</strong></span> <span class='ocrx_word' id='word_1_47' title='bbox 1518 713 1550 782; x_wconf 80' lang='grc' dir='ltr'>ἡ</span> <span class='ocrx_word' id='word_1_48' title='bbox 1583 713 1676 764; x_wconf 75' lang='grc' dir='ltr'>τοῦ</span> <span class='ocrx_word' id='word_1_49' title='bbox 1707 713 1866 764; x_wconf 76' lang='grc' dir='ltr'>πλού-</span> 
     </span>
    </p>
   </div>
   <div class='ocr_carea' id='block_1_7' title="bbox 288 786 1866 875">
    <p class='ocr_par' dir='ltr' id='par_1_7' title="bbox 288 786 1866 875">
     <span class='ocr_line' id='line_1_7' title="bbox 288 786 1866 875; baseline 0.013 -39"><span class='ocrx_word' id='word_1_50' title='bbox 288 802 387 838; x_wconf 88' lang='grc' dir='ltr'><strong>του</strong></span> <span class='ocrx_word' id='word_1_51' title='bbox 416 786 634 840; x_wconf 77' lang='grc' dir='ltr'>εὐκολία</span> <span class='ocrx_word' id='word_1_52' title='bbox 671 786 935 862; x_wconf 80' lang='grc' dir='ltr'><strong>ὀξυτάτην</strong></span> <span class='ocrx_word' id='word_1_53' title='bbox 957 794 1066 864; x_wconf 83' lang='grc' dir='ltr'>ἔχει</span> <span class='ocrx_word' id='word_1_54' title='bbox 1098 799 1191 848; x_wconf 72' lang='grc' dir='ltr'><strong>καὶ</strong></span> <span class='ocrx_word' id='word_1_55' title='bbox 1222 798 1511 871; x_wconf 72' lang='grc' dir='ltr'>ὀλισθηρὰν</span> <span class='ocrx_word' id='word_1_56' title='bbox 1540 802 1635 872; x_wconf 77' lang='grc' dir='ltr'><strong>τὴν</strong></span> <span class='ocrx_word' id='word_1_57' title='bbox 1663 821 1866 875; x_wconf 84' lang='grc' dir='ltr'>παρου-</span> 
     </span>
    </p>
   </div>
   <div class='ocr_carea' id='block_1_8' title="bbox 289 874 1861 960">
    <p class='ocr_par' dir='ltr' id='par_1_8' title="bbox 289 874 1861 960">
     <span class='ocr_line' id='line_1_8' title="bbox 289 874 1861 960; baseline 0.013 -34"><span class='ocrx_word' id='word_1_58' title='bbox 289 874 437 937; x_wconf 86' lang='grc' dir='ltr'>σίαν,</span> <span class='ocrx_word' id='word_1_59' title='bbox 499 875 689 940; x_wconf 81' lang='grc' dir='ltr'>ἄλλους</span> <span class='ocrx_word' id='word_1_60' title='bbox 746 879 804 946; x_wconf 77' lang='grc' dir='ltr'>ἐξ</span> <span class='ocrx_word' id='word_1_61' title='bbox 852 881 1024 935; x_wconf 82' lang='grc' dir='ltr'>ἄλλων</span> <span class='ocrx_word' id='word_1_62' title='bbox 1086 889 1520 957; x_wconf 85' lang='grc' dir='ltr'>παραμείϐεσθαι</span> <span class='ocrx_word' id='word_1_63' title='bbox 1571 896 1861 960; x_wconf 82' lang='grc' dir='ltr'>πεφυκυῖα.</span> 
     </span>
    </p>
   </div>
   <div class='ocr_carea' id='block_1_9' title="bbox 296 965 1860 1054">
    <p class='ocr_par' dir='ltr' id='par_1_9' title="bbox 296 965 1860 1054">
     <span class='ocr_line' id='line_1_9' title="bbox 296 965 1860 1054; baseline 0.013 -39"><span class='ocrx_word' id='word_1_64' title='bbox 296 965 547 1036; x_wconf 81' lang='grc' dir='ltr'><strong>Σήμερον</strong></span> <span class='ocrx_word' id='word_1_65' title='bbox 593 968 745 1021; x_wconf 83' lang='grc' dir='ltr'>τοῦδε</span> <span class='ocrx_word' id='word_1_66' title='bbox 788 971 816 1022; x_wconf 99' lang='lat'><strong>6</strong></span> <span class='ocrx_word' id='word_1_67' title='bbox 871 971 1040 1044; x_wconf 76' lang='grc' dir='ltr'>ἀγρὸς</span> <span class='ocrx_word' id='word_1_68' title='bbox 1099 974 1228 1044; x_wconf 85' lang='grc'><strong>(99),</strong></span> <span class='ocrx_word' id='word_1_69' title='bbox 1288 977 1381 1029; x_wconf 76' lang='grc' dir='ltr'>καὶ</span> <span class='ocrx_word' id='word_1_70' title='bbox 1413 977 1601 1050; x_wconf 74' lang='grc' dir='ltr'>αὔριον</span> <span class='ocrx_word' id='word_1_71' title='bbox 1652 982 1860 1054; x_wconf 83' lang='grc' dir='ltr'>ἑτέρου.</span> 
     </span>
    </p>
   </div>
   <div class='ocr_carea' id='block_1_10' title="bbox 285 1056 1862 1143">
    <p class='ocr_par' dir='ltr' id='par_1_10' title="bbox 285 1056 1862 1143">
     <span class='ocr_line' id='line_1_10' title="bbox 285 1056 1862 1143; baseline 0.013 -35"><span class='ocrx_word' id='word_1_72' title='bbox 285 1056 384 1109; x_wconf 76' lang='grc' dir='ltr'><strong>καὶ</strong></span> <span class='ocrx_word' id='word_1_73' title='bbox 459 1059 574 1128; x_wconf 83' lang='grc' dir='ltr'>μετ’</span> <span class='ocrx_word' id='word_1_74' title='bbox 631 1057 808 1128; x_wconf 86' lang='grc' dir='ltr'>ὀλίγον</span> <span class='ocrx_word' id='word_1_75' title='bbox 883 1062 1064 1118; x_wconf 81' lang='grc' dir='ltr'>ἄλλον.</span> <span class='ocrx_word' id='word_1_76' title='bbox 1149 1067 1474 1139; x_wconf 66' lang='grc' dir='ltr'>Ἀπόϐλεψον</span> <span class='ocrx_word' id='word_1_77' title='bbox 1555 1073 1691 1143; x_wconf 84' lang='grc' dir='ltr'>πρὸς</span> <span class='ocrx_word' id='word_1_78' title='bbox 1762 1075 1862 1140; x_wconf 75' lang='grc' dir='ltr'>τὰς</span> 
     </span>
    </p>
   </div>
   <div class='ocr_carea' id='block_1_11' title="bbox 297 1150 1861 1234">
    <p class='ocr_par' dir='ltr' id='par_1_11' title="bbox 297 1150 1861 1234">
     <span class='ocr_line' id='line_1_11' title="bbox 297 1150 1861 1234; baseline 0.012 -33"><span class='ocrx_word' id='word_1_79' title='bbox 297 1150 358 1201; x_wconf 80' lang='grc' dir='ltr'>ἐν</span> <span class='ocrx_word' id='word_1_80' title='bbox 423 1152 490 1221; x_wconf 81' lang='grc' dir='ltr'>τῇ</span> <span class='ocrx_word' id='word_1_81' title='bbox 560 1150 709 1203; x_wconf 89' lang='grc' dir='ltr'>πόλει</span> <span class='ocrx_word' id='word_1_82' title='bbox 772 1154 969 1218; x_wconf 72' lang='grc' dir='ltr'>οἰκίας,</span> <span class='ocrx_word' id='word_1_83' title='bbox 1036 1157 1178 1212; x_wconf 84' lang='grc' dir='ltr'>πόσα</span> <span class='ocrx_word' id='word_1_84' title='bbox 1226 1159 1348 1232; x_wconf 74' lang='grc' dir='ltr'>ἤδη,</span> <span class='ocrx_word' id='word_1_85' title='bbox 1393 1163 1486 1230; x_wconf 88' lang='grc' dir='ltr'>ἀφ’</span> <span class='ocrx_word' id='word_1_86' title='bbox 1529 1159 1588 1218; x_wconf 74' lang='grc' dir='ltr'>οὗ</span> <span class='ocrx_word' id='word_1_87' title='bbox 1636 1166 1861 1234; x_wconf 81' lang='grc' dir='ltr'>γεγόνα-</span> 
     </span>
    </p>
   </div>
   <div class='ocr_carea' id='block_1_12' title="bbox 290 1240 1857 1316">
    <p class='ocr_par' dir='ltr' id='par_1_12' title="bbox 290 1240 1857 1316">
     <span class='ocr_line' id='line_1_12' title="bbox 290 1240 1857 1316; baseline 0.013 -26"><span class='ocrx_word' id='word_1_88' title='bbox 290 1256 396 1302; x_wconf 90' lang='grc' dir='ltr'>σιν,</span> <span class='ocrx_word' id='word_1_89' title='bbox 454 1240 693 1311; x_wconf 82' lang='grc' dir='ltr'>ὀνόματα</span> <span class='ocrx_word' id='word_1_90' title='bbox 740 1243 1146 1316; x_wconf 83' lang='grc' dir='ltr'>μετειλήφασιν,</span> <span class='ocrx_word' id='word_1_91' title='bbox 1190 1249 1374 1305; x_wconf 84' lang='grc' dir='ltr'>ἄλλοτε</span> <span class='ocrx_word' id='word_1_92' title='bbox 1424 1255 1522 1308; x_wconf 84' lang='grc' dir='ltr'>ἀπ’</span> <span class='ocrx_word' id='word_1_93' title='bbox 1553 1256 1710 1310; x_wconf 75' lang='grc' dir='ltr'>ἄλλον</span> <span class='ocrx_word' id='word_1_94' title='bbox 1750 1259 1857 1312; x_wconf 87' lang='grc' dir='ltr'><strong>τῶν</strong></span> 
     </span>
    </p>
   </div>
   <div class='ocr_carea' id='block_1_13' title="bbox 287 1330 1853 1413">
    <p class='ocr_par' dir='ltr' id='par_1_13' title="bbox 287 1330 1853 1413">
     <span class='ocr_line' id='line_1_13' title="bbox 287 1330 1853 1413; baseline 0.015 -33"><span class='ocrx_word' id='word_1_95' title='bbox 287 1330 642 1400; x_wconf 75' lang='grc' dir='ltr'>κεκτημένων</span> <span class='ocrx_word' id='word_1_96' title='bbox 683 1332 1100 1406; x_wconf 77' lang='grc' dir='ltr'>ὀνομαζόμεναι.</span> <span class='ocrx_word' id='word_1_97' title='bbox 1129 1341 1238 1394; x_wconf 79' lang='grc' dir='ltr'>Καὶ</span> <span class='ocrx_word' id='word_1_98' title='bbox 1275 1344 1472 1413; x_wconf 80' lang='grc' dir='ltr'>χρυσὸς</span> <span class='ocrx_word' id='word_1_99' title='bbox 1515 1347 1601 1400; x_wconf 80' lang='grc' dir='ltr'>ἀεὶ</span> <span class='ocrx_word' id='word_1_100' title='bbox 1634 1348 1730 1412; x_wconf 80' lang='grc' dir='ltr'>τὰς</span> <span class='ocrx_word' id='word_1_101' title='bbox 1762 1349 1853 1403; x_wconf 80' lang='grc' dir='ltr'>τοῦ</span> 
     </span>
    </p>
   </div>
   <div class='ocr_carea' id='block_1_14' title="bbox 279 1417 1854 1506">
    <p class='ocr_par' dir='ltr' id='par_1_14' title="bbox 279 1417 1854 1506">
     <span class='ocr_line' id='line_1_14' title="bbox 279 1417 1854 1506; baseline 0.016 -36"><span class='ocrx_word' id='word_1_102' title='bbox 279 1417 495 1489; x_wconf 79' lang='grc' dir='ltr'>ἔχοντος</span> <span class='ocrx_word' id='word_1_103' title='bbox 520 1424 706 1493; x_wconf 88' lang='grc' dir='ltr'>χεῖρας</span> <span class='ocrx_word' id='word_1_104' title='bbox 748 1424 1035 1498; x_wconf 72' lang='grc' dir='ltr'>διαρρέων,</span> <span class='ocrx_word' id='word_1_105' title='bbox 1070 1430 1155 1499; x_wconf 80' lang='grc' dir='ltr'><strong>ἐφ’</strong></span> <span class='ocrx_word' id='word_1_106' title='bbox 1185 1431 1368 1504; x_wconf 78' lang='grc' dir='ltr'>ἕτερον</span> <span class='ocrx_word' id='word_1_107' title='bbox 1399 1438 1726 1506; x_wconf 88' lang='grc' dir='ltr'>μεταϐαίνει,</span> <span class='ocrx_word' id='word_1_108' title='bbox 1763 1443 1854 1494; x_wconf 75' lang='grc' dir='ltr'><strong>καὶ</strong></span> 
     </span>
    </p>
   </div>
   <div class='ocr_carea' id='block_1_15' title="bbox 279 1511 1848 1603">
    <p class='ocr_par' dir='ltr' id='par_1_15' title="bbox 279 1511 1848 1603">
     <span class='ocr_line' id='line_1_15' title="bbox 279 1511 1848 1603; baseline 0.013 -40"><span class='ocrx_word' id='word_1_109' title='bbox 279 1511 376 1564; x_wconf 86' lang='grc' dir='ltr'>ἀπ’</span> <span class='ocrx_word' id='word_1_110' title='bbox 406 1513 612 1566; x_wconf 77' lang='grc' dir='ltr'>ἐκείνου</span> <span class='ocrx_word' id='word_1_111' title='bbox 656 1515 792 1588; x_wconf 81' lang='grc' dir='ltr'>πρὸς</span> <span class='ocrx_word' id='word_1_112' title='bbox 840 1517 1017 1573; x_wconf 72' lang='grc' dir='ltr'>ἄλλον.</span> <span class='ocrx_word' id='word_1_113' title='bbox 1067 1521 1284 1575; x_wconf 74' lang='grc' dir='ltr'>Μᾶλλον</span> <span class='ocrx_word' id='word_1_114' title='bbox 1340 1525 1563 1582; x_wconf 75' lang='grc' dir='ltr'>δύνασαι</span> <span class='ocrx_word' id='word_1_115' title='bbox 1599 1528 1740 1602; x_wconf 76' lang='grc' dir='ltr'>ὕδωρ</span> <span class='ocrx_word' id='word_1_116' title='bbox 1784 1535 1848 1603; x_wconf 83' lang='grc' dir='ltr'><strong>τῇ</strong></span> 
     </span>
    </p>
   </div>
   <div class='ocr_carea' id='block_1_16' title="bbox 277 1604 1850 1696">
    <p class='ocr_par' dir='ltr' id='par_1_16' title="bbox 277 1604 1850 1696">
     <span class='ocr_line' id='line_1_16' title="bbox 277 1604 1850 1696; baseline 0.014 -43"><span class='ocrx_word' id='word_1_117' title='bbox 277 1604 422 1674; x_wconf 77' lang='grc' dir='ltr'>χειρὶ</span> <span class='ocrx_word' id='word_1_118' title='bbox 448 1604 758 1677; x_wconf 88' lang='grc' dir='ltr'>περιλαϐὼν</span> <span class='ocrx_word' id='word_1_119' title='bbox 786 1613 1098 1681; x_wconf 80' lang='grc' dir='ltr'>κατασχεῖν,</span> <span class='ocrx_word' id='word_1_120' title='bbox 1134 1613 1165 1684; x_wconf 78' lang='grc' dir='ltr'>ἢ</span> <span class='ocrx_word' id='word_1_121' title='bbox 1199 1615 1428 1670; x_wconf 82' lang='grc' dir='ltr'>πλοῦτον</span> <span class='ocrx_word' id='word_1_122' title='bbox 1461 1619 1670 1690; x_wconf 82' lang='grc' dir='ltr'>σεαυτῷ</span> <span class='ocrx_word' id='word_1_123' title='bbox 1701 1621 1850 1696; x_wconf 87' lang='grc' dir='ltr'>διαρ-</span> 
     </span>
    </p>
   </div>
   <div class='ocr_carea' id='block_1_17' title="bbox 275 1695 1850 1782">
    <p class='ocr_par' dir='ltr' id='par_1_17' title="bbox 275 1695 1850 1782">
     <span class='ocr_line' id='line_1_17' title="bbox 275 1695 1850 1782; baseline 0.014 -35"><span class='ocrx_word' id='word_1_124' title='bbox 275 1695 390 1760; x_wconf 86' lang='grc' dir='ltr'><strong>κῶς</strong></span> <span class='ocrx_word' id='word_1_125' title='bbox 431 1699 784 1770; x_wconf 80' lang='grc' dir='ltr'>συντηρῆσαι.</span> <span class='ocrx_word' id='word_1_126' title='bbox 839 1704 1034 1768; x_wconf 85' lang='grc' dir='ltr'>Καλῶς</span> <span class='ocrx_word' id='word_1_127' title='bbox 1085 1703 1178 1763; x_wconf 84' lang='grc' dir='ltr'>οὖν</span> <span class='ocrx_word' id='word_1_128' title='bbox 1229 1709 1442 1782; x_wconf 78' lang='grc' dir='ltr'>εἴρηται</span> <span class='ocrx_word' id='word_1_129' title='bbox 1471 1713 1552 1777; x_wconf 82' lang='grc' dir='ltr'><strong>τὸ,</strong></span> <span class='ocrx_word' id='word_1_130' title='bbox 1583 1715 1850 1781; x_wconf 75' lang='grc' dir='ltr'>Πλοῦτος</span> 
     </span>
    </p>
   </div>
   <div class='ocr_carea' id='block_1_18' title="bbox 273 1785 1847 1875">
    <p class='ocr_par' dir='ltr' id='par_1_18' title="bbox 273 1785 1847 1875">
     <span class='ocr_line' id='line_1_18' title="bbox 273 1785 1847 1875; baseline 0.013 -38"><span class='ocrx_word' id='word_1_131' title='bbox 273 1785 528 1855; x_wconf 58' lang='grc' dir='ltr'><strong>ἐὼρἐ,</strong></span> <span class='ocrx_word' id='word_1_132' title='bbox 551 1787 636 1857; x_wconf 77' lang='grc' dir='ltr'>μὴ</span> <span class='ocrx_word' id='word_1_133' title='bbox 660 1792 1053 1858; x_wconf 73' lang='grc' dir='ltr'>προστίθεσθε</span> <span class='ocrx_word' id='word_1_134' title='bbox 1075 1796 1309 1866; x_wconf 80' lang='grc' dir='ltr'>καρδίᾳ,</span> <span class='ocrx_word' id='word_1_135' title='bbox 1347 1801 1436 1872; x_wconf 79' lang='grc' dir='ltr'><strong>Μὴ</strong></span> <span class='ocrx_word' id='word_1_136' title='bbox 1464 1805 1530 1873; x_wconf 81' lang='grc' dir='ltr'>τῇ</span> <span class='ocrx_word' id='word_1_137' title='bbox 1570 1803 1711 1875; x_wconf 73' lang='grc' dir='ltr'>ψυχῇ</span> <span class='ocrx_word' id='word_1_138' title='bbox 1752 1822 1847 1858; x_wconf 88' lang='grc' dir='ltr'><strong>σου</strong></span> 
     </span>
    </p>
   </div>
   <div class='ocr_carea' id='block_1_19' title="bbox 1970 711 3540 791">
    <p class='ocr_par' dir='ltr' id='par_1_19' title="bbox 1970 711 3540 791">
     <span class='ocr_line' id='line_1_19' title="bbox 1970 711 3540 791; baseline 0.006 -27"><span class='ocrx_word' id='word_1_139' title='bbox 1970 711 2164 765; x_wconf 88' lang='lat' dir='ltr'><strong>tiarum</strong></span> <span class='ocrx_word' id='word_1_140' title='bbox 2207 714 2526 771; x_wconf 88' lang='lat' dir='ltr'><strong>instabilitas</strong></span> <span class='ocrx_word' id='word_1_141' title='bbox 2576 717 2969 773; x_wconf 77' lang='lat' dir='ltr'><strong>velocissimam</strong></span> <span class='ocrx_word' id='word_1_142' title='bbox 3003 719 3377 791; x_wconf 85' lang='lat' dir='ltr'><strong>lubricamque</strong></span> <span class='ocrx_word' id='word_1_143' title='bbox 3403 737 3540 790; x_wconf 83' lang='lat' dir='ltr'><strong>pra--</strong></span> 
     </span>
    </p>
   </div>
   <div class='ocr_carea' id='block_1_20' title="bbox 1965 802 3538 878">
    <p class='ocr_par' dir='ltr' id='par_1_20' title="bbox 1965 802 3538 878">
     <span class='ocr_line' id='line_1_20' title="bbox 1965 802 3538 878; baseline 0.008 -23"><span class='ocrx_word' id='word_1_144' title='bbox 1965 802 2193 856; x_wconf 78' lang='lat' dir='ltr'><strong>sentiam</strong></span> <span class='ocrx_word' id='word_1_145' title='bbox 2222 804 2399 867; x_wconf 82' lang='lat' dir='ltr'><strong>habet,</strong></span> <span class='ocrx_word' id='word_1_146' title='bbox 2420 805 2556 861; x_wconf 88' lang='lat' dir='ltr'><strong>alios</strong></span> <span class='ocrx_word' id='word_1_147' title='bbox 2582 823 2645 861; x_wconf 80' lang='lat' dir='ltr'><strong>ex</strong></span> <span class='ocrx_word' id='word_1_148' title='bbox 2679 809 2798 862; x_wconf 84' lang='lat' dir='ltr'><strong>aliis</strong></span> <span class='ocrx_word' id='word_1_149' title='bbox 2825 820 3132 878; x_wconf 81' lang='lat' dir='ltr'><strong>permutare</strong></span> <span class='ocrx_word' id='word_1_150' title='bbox 3174 813 3352 867; x_wconf 83' lang='lat' dir='ltr'><strong>solita.</strong></span> <span class='ocrx_word' id='word_1_151' title='bbox 3370 814 3538 869; x_wconf 84' lang='lat' dir='ltr'><strong>Hodie</strong></span> 
     </span>
    </p>
   </div>
   <div class='ocr_carea' id='block_1_21' title="bbox 1966 892 3534 972">
    <p class='ocr_par' dir='ltr' id='par_1_21' title="bbox 1966 892 3534 972">
     <span class='ocr_line' id='line_1_21' title="bbox 1966 892 3534 972; baseline 0.01 -26"><span class='ocrx_word' id='word_1_152' title='bbox 1966 892 2125 960; x_wconf 83' lang='lat' dir='ltr'><strong>liujus</strong></span> <span class='ocrx_word' id='word_1_153' title='bbox 2175 904 2259 948; x_wconf 88' lang='lat' dir='ltr'><strong>est</strong></span> <span class='ocrx_word' id='word_1_154' title='bbox 2296 910 2444 966; x_wconf 82' lang='lat' dir='ltr'><strong>ager,</strong></span> <span class='ocrx_word' id='word_1_155' title='bbox 2489 914 2611 952; x_wconf 89' lang='lat' dir='ltr'><strong>cras</strong></span> <span class='ocrx_word' id='word_1_156' title='bbox 2651 901 2894 967; x_wconf 83' lang='lat' dir='ltr'><strong>alterius,</strong></span> <span class='ocrx_word' id='word_1_157' title='bbox 2926 913 2981 954; x_wconf 91' lang='lat' dir='ltr'><strong>et</strong></span> <span class='ocrx_word' id='word_1_158' title='bbox 3018 902 3177 971; x_wconf 88' lang='lat' dir='ltr'><strong>paulo</strong></span> <span class='ocrx_word' id='word_1_159' title='bbox 3211 915 3331 972; x_wconf 92' lang='lat' dir='ltr'><strong>post</strong></span> <span class='ocrx_word' id='word_1_160' title='bbox 3376 905 3534 964; x_wconf 83' lang='lat' dir='ltr'><strong>alius.</strong></span> 
     </span>
    </p>
   </div>
   <div class='ocr_carea' id='block_1_22' title="bbox 1963 981 3532 1060">
    <p class='ocr_par' dir='ltr' id='par_1_22' title="bbox 1963 981 3532 1060">
     <span class='ocr_line' id='line_1_22' title="bbox 1963 981 3532 1060; baseline 0.008 -23"><span class='ocrx_word' id='word_1_161' title='bbox 1963 981 2192 1054; x_wconf 80' lang='lat' dir='ltr'><strong>Respice</strong></span> <span class='ocrx_word' id='word_1_162' title='bbox 2233 987 2298 1039; x_wconf 91' lang='lat' dir='ltr'><strong>ad</strong></span> <span class='ocrx_word' id='word_1_163' title='bbox 2345 987 2579 1040; x_wconf 78' lang='lat' dir='ltr'><strong>civitatis</strong></span> <span class='ocrx_word' id='word_1_164' title='bbox 2623 990 2810 1044; x_wconf 88' lang='lat' dir='ltr'><strong>domos</strong></span> <span class='ocrx_word' id='word_1_165' title='bbox 2838 1007 2852 1056; x_wconf 91' lang='lat'><strong>;</strong></span> <span class='ocrx_word' id='word_1_166' title='bbox 2883 1000 3012 1059; x_wconf 80' lang='grc' dir='ltr'>(ιιιυι</span> <span class='ocrx_word' id='word_1_167' title='bbox 3051 990 3162 1058; x_wconf 87' lang='lat' dir='ltr'><strong>jam</strong></span> <span class='ocrx_word' id='word_1_168' title='bbox 3201 994 3444 1060; x_wconf 83' lang='lat' dir='ltr'><strong>numina,</strong></span> <span class='ocrx_word' id='word_1_169' title='bbox 3469 1011 3532 1049; x_wconf 65' lang='lat' dir='ltr'><strong>et</strong></span> 
     </span>
    </p>
   </div>
   <div class='ocr_carea' id='block_1_23' title="bbox 1961 1081 3536 1153">
    <p class='ocr_par' dir='ltr' id='par_1_23' title="bbox 1961 1081 3536 1153">
     <span class='ocr_line' id='line_1_23' title="bbox 1961 1081 3536 1153; baseline 0.007 -23"><span class='ocrx_word' id='word_1_170' title='bbox 1961 1090 2069 1144; x_wconf 91' lang='lat' dir='ltr'><strong>quo</strong></span> <span class='ocrx_word' id='word_1_171' title='bbox 2100 1087 2391 1132; x_wconf 61' lang='lat' dir='ltr'><strong>exstructa:</strong></span> <span class='ocrx_word' id='word_1_172' title='bbox 2422 1090 2569 1143; x_wconf 90' lang='lat' dir='ltr'><strong>sunt,</strong></span> <span class='ocrx_word' id='word_1_173' title='bbox 2603 1094 2880 1150; x_wconf 85' lang='lat' dir='ltr'><strong>accepere,</strong></span> <span class='ocrx_word' id='word_1_174' title='bbox 2907 1081 3063 1136; x_wconf 85' lang='lat' dir='ltr'><strong>aliter</strong></span> <span class='ocrx_word' id='word_1_175' title='bbox 3096 1083 3163 1138; x_wconf 87' lang='lat' dir='ltr'><strong>ab</strong></span> <span class='ocrx_word' id='word_1_176' title='bbox 3189 1085 3296 1139; x_wconf 91' lang='lat' dir='ltr'><strong>alio</strong></span> <span class='ocrx_word' id='word_1_177' title='bbox 3323 1100 3536 1153; x_wconf 55' lang='lat' dir='ltr'><strong>posses-</strong></span> 
     </span>
    </p>
   </div>
   <div class='ocr_carea' id='block_1_24' title="bbox 1959 1165 3534 1242">
    <p class='ocr_par' dir='ltr' id='par_1_24' title="bbox 1959 1165 3534 1242">
     <span class='ocr_line' id='line_1_24' title="bbox 1959 1165 3534 1242; baseline 0.006 -20"><span class='ocrx_word' id='word_1_178' title='bbox 1959 1183 2082 1222; x_wconf 88' lang='lat' dir='ltr'><strong>sore</strong></span> <span class='ocrx_word' id='word_1_179' title='bbox 2109 1168 2404 1238; x_wconf 71' lang='lat' dir='ltr'><strong>appellatas.</strong></span> <span class='ocrx_word' id='word_1_180' title='bbox 2424 1169 2561 1237; x_wconf 83' lang='lat' dir='ltr'><strong>Quin</strong></span> <span class='ocrx_word' id='word_1_181' title='bbox 2591 1173 2753 1226; x_wconf 89' lang='lat' dir='ltr'><strong>etiam</strong></span> <span class='ocrx_word' id='word_1_182' title='bbox 2779 1189 2969 1228; x_wconf 88' lang='lat' dir='ltr'><strong>aurum</strong></span> <span class='ocrx_word' id='word_1_183' title='bbox 2993 1191 3203 1242; x_wconf 85' lang='lat' dir='ltr'><strong>semper</strong></span> <span class='ocrx_word' id='word_1_184' title='bbox 3229 1192 3260 1232; x_wconf 89' lang='lat' dir='ltr'><strong>e</strong></span> <span class='ocrx_word' id='word_1_185' title='bbox 3287 1165 3534 1232; x_wconf 79' lang='lat' dir='ltr'><strong>manibus</strong></span> 
     </span>
    </p>
   </div>
   <div class='ocr_carea' id='block_1_25' title="bbox 1956 1256 3527 1334">
    <p class='ocr_par' dir='ltr' id='par_1_25' title="bbox 1956 1256 3527 1334">
     <span class='ocr_line' id='line_1_25' title="bbox 1956 1256 3527 1334; baseline 0.007 -22"><span class='ocrx_word' id='word_1_186' title='bbox 1956 1256 2098 1327; x_wconf 82' lang='lat' dir='ltr'><strong>ejus,</strong></span> <span class='ocrx_word' id='word_1_187' title='bbox 2123 1273 2285 1328; x_wconf 84' lang='lat' dir='ltr'><strong>quem</strong></span> <span class='ocrx_word' id='word_1_188' title='bbox 2317 1275 2484 1329; x_wconf 86' lang='lat' dir='ltr'><strong>penes</strong></span> <span class='ocrx_word' id='word_1_189' title='bbox 2515 1272 2620 1325; x_wconf 90' lang='lat' dir='ltr'><strong>est,</strong></span> <span class='ocrx_word' id='word_1_190' title='bbox 2657 1262 2897 1330; x_wconf 89' lang='lat' dir='ltr'><strong>elabens,</strong></span> <span class='ocrx_word' id='word_1_191' title='bbox 2933 1265 3001 1318; x_wconf 90' lang='lat' dir='ltr'><strong>ad</strong></span> <span class='ocrx_word' id='word_1_192' title='bbox 3041 1265 3268 1320; x_wconf 85' lang='lat' dir='ltr'><strong>alterum</strong></span> <span class='ocrx_word' id='word_1_193' title='bbox 3311 1271 3527 1334; x_wconf 86' lang='lat' dir='ltr'><strong>transit,</strong></span> 
     </span>
    </p>
   </div>
   <div class='ocr_carea' id='block_1_26' title="bbox 1955 1347 3524 1428">
    <p class='ocr_par' dir='ltr' id='par_1_26' title="bbox 1955 1347 3524 1428">
     <span class='ocr_line' id='line_1_26' title="bbox 1955 1347 3524 1428; baseline 0.009 -28"><span class='ocrx_word' id='word_1_194' title='bbox 1955 1357 2008 1400; x_wconf 91' lang='lat' dir='ltr'><strong>et</strong></span> <span class='ocrx_word' id='word_1_195' title='bbox 2040 1347 2107 1402; x_wconf 89' lang='lat' dir='ltr'><strong>ab</strong></span> <span class='ocrx_word' id='word_1_196' title='bbox 2151 1349 2240 1404; x_wconf 90' lang='lat' dir='ltr'><strong>illo</strong></span> <span class='ocrx_word' id='word_1_197' title='bbox 2275 1350 2341 1404; x_wconf 88' lang='lat' dir='ltr'><strong>ad</strong></span> <span class='ocrx_word' id='word_1_198' title='bbox 2389 1351 2577 1406; x_wconf 88' lang='lat' dir='ltr'><strong>alium.</strong></span> <span class='ocrx_word' id='word_1_199' title='bbox 2611 1351 3069 1423; x_wconf 86' lang='lat' dir='ltr'><strong>Comprehensatr.</strong></span> <span class='ocrx_word' id='word_1_200' title='bbox 3114 1372 3274 1411; x_wconf 87' lang='lat' dir='ltr'><strong>manu</strong></span> <span class='ocrx_word' id='word_1_201' title='bbox 3329 1375 3524 1428; x_wconf 88' lang='lat' dir='ltr'><strong>aquam</strong></span> 
     </span>
    </p>
   </div>
   <div class='ocr_carea' id='block_1_27' title="bbox 1955 1435 3530 1513">
    <p class='ocr_par' dir='ltr' id='par_1_27' title="bbox 1955 1435 3530 1513">
     <span class='ocr_line' id='line_1_27' title="bbox 1955 1435 3530 1513; baseline 0.01 -23"><span class='ocrx_word' id='word_1_202' title='bbox 1955 1435 2166 1492; x_wconf 78' lang='lat' dir='ltr'><strong>facilius</strong></span> <span class='ocrx_word' id='word_1_203' title='bbox 2191 1440 2365 1509; x_wconf 88' lang='lat' dir='ltr'><strong>possis</strong></span> <span class='ocrx_word' id='word_1_204' title='bbox 2397 1443 2695 1507; x_wconf 86' lang='lat' dir='ltr'><strong>continere,</strong></span> <span class='ocrx_word' id='word_1_205' title='bbox 2715 1459 2875 1513; x_wconf 90' lang='lat' dir='ltr'><strong>quam</strong></span> <span class='ocrx_word' id='word_1_206' title='bbox 2908 1445 3124 1501; x_wconf 86' lang='lat' dir='ltr'><strong>divitias</strong></span> <span class='ocrx_word' id='word_1_207' title='bbox 3158 1447 3250 1503; x_wconf 86' lang='lat' dir='ltr'><strong>tibi</strong></span> <span class='ocrx_word' id='word_1_208' title='bbox 3273 1460 3530 1506; x_wconf 82' lang='lat' dir='ltr'><strong>constan-</strong></span> 
     </span>
    </p>
   </div>
   <div class='ocr_carea' id='block_1_28' title="bbox 1954 1529 3528 1613">
    <p class='ocr_par' dir='ltr' id='par_1_28' title="bbox 1954 1529 3528 1613">
     <span class='ocr_line' id='line_1_28' title="bbox 1954 1529 3528 1613; baseline 0.011 -32"><span class='ocrx_word' id='word_1_209' title='bbox 1954 1538 2035 1581; x_wconf 87' lang='lat' dir='ltr'><strong>ter</strong></span> <span class='ocrx_word' id='word_1_210' title='bbox 2062 1543 2300 1584; x_wconf 88' lang='lat' dir='ltr'><strong>servare.</strong></span> <span class='ocrx_word' id='word_1_211' title='bbox 2331 1529 2509 1598; x_wconf 86' lang='lat' dir='ltr'><strong>Quare</strong></span> <span class='ocrx_word' id='word_1_212' title='bbox 2534 1544 2677 1588; x_wconf 89' lang='lat' dir='ltr'><strong>recte</strong></span> <span class='ocrx_word' id='word_1_213' title='bbox 2707 1535 2912 1590; x_wconf 90' lang='lat' dir='ltr'><strong>dictum</strong></span> <span class='ocrx_word' id='word_1_214' title='bbox 2953 1547 3037 1592; x_wconf 89' lang='lat' dir='ltr'><strong>est</strong></span> <span class='ocrx_word' id='word_1_215' title='bbox 3070 1558 3083 1591; x_wconf 88' lang='lat'><strong>:</strong></span> <span class='ocrx_word' id='word_1_216' title='bbox 3110 1539 3406 1597; x_wconf 75' lang='lat' dir='ltr'><strong>Divitite&#39;si</strong></span> <span class='ocrx_word' id='word_1_217' title='bbox 3445 1529 3528 1613; x_wconf 67' lang='grc' dir='ltr'>ἀί-</span> 
     </span>
    </p>
   </div>
   <div class='ocr_carea' id='block_1_29' title="bbox 1949 1619 3521 1692">
    <p class='ocr_par' dir='ltr' id='par_1_29' title="bbox 1949 1619 3521 1692">
     <span class='ocr_line' id='line_1_29' title="bbox 1949 1619 3521 1692; baseline 0.012 -22"><span class='ocrx_word' id='word_1_218' title='bbox 1949 1620 2137 1688; x_wconf 75' lang='lat' dir='ltr'><strong>fluant,</strong></span> <span class='ocrx_word' id='word_1_219' title='bbox 2169 1619 2328 1675; x_wconf 78' lang='lat' dir='ltr'><strong>nolite</strong></span> <span class='ocrx_word' id='word_1_220' title='bbox 2355 1636 2448 1674; x_wconf 89' lang='lat' dir='ltr'><strong>cor</strong></span> <span class='ocrx_word' id='word_1_221' title='bbox 2465 1639 2740 1692; x_wconf 82' lang='lat' dir='ltr'><strong>apponere.</strong></span> <span class='ocrx_word' id='word_1_222' title='bbox 2759 1625 2834 1680; x_wconf 85' lang='lat' dir='ltr'><strong>Ne</strong></span> <span class='ocrx_word' id='word_1_223' title='bbox 2869 1627 2934 1681; x_wconf 86' lang='lat' dir='ltr'><strong>iis</strong></span> <span class='ocrx_word' id='word_1_224' title='bbox 2955 1629 3030 1683; x_wconf 87' lang='lat' dir='ltr'><strong>sis</strong></span> <span class='ocrx_word' id='word_1_225' title='bbox 3058 1631 3241 1686; x_wconf 89' lang='lat' dir='ltr'><strong>animo</strong></span> <span class='ocrx_word' id='word_1_226' title='bbox 3276 1633 3521 1689; x_wconf 85' lang='lat' dir='ltr'><strong>deditus:</strong></span> 
     </span>
    </p>
   </div>
   <div class='ocr_carea' id='block_1_30' title="bbox 1948 1711 3518 1786">
    <p class='ocr_par' dir='ltr' id='par_1_30' title="bbox 1948 1711 3518 1786">
     <span class='ocr_line' id='line_1_30' title="bbox 1948 1711 3518 1786; baseline 0.01 -21"><span class='ocrx_word' id='word_1_227' title='bbox 1948 1711 2042 1766; x_wconf 89' lang='lat' dir='ltr'><strong>sed</strong></span> <span class='ocrx_word' id='word_1_228' title='bbox 2071 1711 2138 1765; x_wconf 92' lang='lat' dir='ltr'><strong>de</strong></span> <span class='ocrx_word' id='word_1_229' title='bbox 2169 1711 2300 1780; x_wconf 89' lang='lat' dir='ltr'><strong>ipsis</strong></span> <span class='ocrx_word' id='word_1_230' title='bbox 2335 1715 2676 1768; x_wconf 90' lang='lat' dir='ltr'><strong>commodum</strong></span> <span class='ocrx_word' id='word_1_231' title='bbox 2704 1730 2859 1786; x_wconf 85' lang='lat' dir='ltr'><strong>cape,</strong></span> <span class='ocrx_word' id='word_1_232' title='bbox 2891 1732 2996 1773; x_wconf 90' lang='lat' dir='ltr'><strong>non</strong></span> <span class='ocrx_word' id='word_1_233' title='bbox 3022 1719 3146 1774; x_wconf 89' lang='lat' dir='ltr'><strong>illas</strong></span> <span class='ocrx_word' id='word_1_234' title='bbox 3174 1721 3320 1777; x_wconf 88' lang='lat' dir='ltr'><strong>velut</strong></span> <span class='ocrx_word' id='word_1_235' title='bbox 3353 1739 3518 1780; x_wconf 89' lang='lat' dir='ltr'><strong>unum</strong></span> 
     </span>
    </p>
   </div>
   <div class='ocr_carea' id='block_1_31' title="bbox 1947 1803 3520 1882">
    <p class='ocr_par' dir='ltr' id='par_1_31' title="bbox 1947 1803 3520 1882">
     <span class='ocr_line' id='line_1_31' title="bbox 1947 1803 3520 1882; baseline 0.01 -26"><span class='ocrx_word' id='word_1_236' title='bbox 1947 1803 2236 1873; x_wconf 88' lang='lat' dir='ltr'><strong>quodpiam</strong></span> <span class='ocrx_word' id='word_1_237' title='bbox 2262 1806 2461 1859; x_wconf 92' lang='lat' dir='ltr'><strong>bonum</strong></span> <span class='ocrx_word' id='word_1_238' title='bbox 2500 1805 2796 1876; x_wconf 90' lang='lat' dir='ltr'><strong>impensius</strong></span> <span class='ocrx_word' id='word_1_239' title='bbox 2826 1807 3075 1879; x_wconf 82' lang='lat' dir='ltr'><strong>diligens,</strong></span> <span class='ocrx_word' id='word_1_240' title='bbox 3102 1820 3195 1866; x_wconf 89' lang='lat' dir='ltr'><strong>aut</strong></span> <span class='ocrx_word' id='word_1_241' title='bbox 3223 1814 3520 1882; x_wconf 87' lang='lat' dir='ltr'><strong>admirans,</strong></span> 
     </span>
    </p>
   </div>
   <div class='ocr_carea' id='block_1_32' title="bbox 275 1878 1829 1976">
    <p class='ocr_par' dir='ltr' id='par_1_32' title="bbox 275 1878 1829 1968">
     <span class='ocr_line' id='line_1_32' title="bbox 275 1878 1829 1968; baseline 0.015 -40"><span class='ocrx_word' id='word_1_242' title='bbox 275 1878 598 1953; x_wconf 77' lang='grc' dir='ltr'>προσπάθῃς</span> <span class='ocrx_word' id='word_1_243' title='bbox 617 1897 630 1910; x_wconf 88' lang='grc'><strong>·</strong></span> <span class='ocrx_word' id='word_1_244' title='bbox 668 1881 801 1957; x_wconf 85' lang='grc' dir='ltr'><strong>ἀλλά</strong></span> <span class='ocrx_word' id='word_1_245' title='bbox 836 1883 898 1936; x_wconf 81' lang='grc' dir='ltr'><strong>τὸ</strong></span> <span class='ocrx_word' id='word_1_246' title='bbox 929 1886 1023 1939; x_wconf 81' lang='grc' dir='ltr'>ἀπ’</span> <span class='ocrx_word' id='word_1_247' title='bbox 1048 1889 1212 1943; x_wconf 77' lang='grc' dir='ltr'>αὑτοῦ</span> <span class='ocrx_word' id='word_1_248' title='bbox 1233 1893 1500 1963; x_wconf 86' lang='grc' dir='ltr'>χρήσιμον</span> <span class='ocrx_word' id='word_1_249' title='bbox 1521 1897 1829 1968; x_wconf 78' lang='grc' dir='ltr'>καταδέχου,</span> 
     </span>
    </p>
   </div>
   <div class='ocr_carea' id='block_1_33' title="bbox 1933 1878 3521 1976">
    <p class='ocr_par' dir='ltr' id='par_1_33' title="bbox 1942 1878 3521 1976">
     <span class='ocr_line' id='line_1_33' title="bbox 1942 1878 3521 1976; baseline 0.009 -28"><span class='ocrx_word' id='word_1_250' title='bbox 1942 1895 2034 1948; x_wconf 89' lang='lat' dir='ltr'><strong>sed</strong></span> <span class='ocrx_word' id='word_1_251' title='bbox 2059 1908 2244 1949; x_wconf 90' lang='lat' dir='ltr'><strong>earum</strong></span> <span class='ocrx_word' id='word_1_252' title='bbox 2269 1894 2585 1950; x_wconf 76' lang='lat' dir='ltr'><strong>fantulatum</strong></span> <span class='ocrx_word' id='word_1_253' title='bbox 2621 1905 2872 1967; x_wconf 86' lang='lat' dir='ltr'><strong>tanquam</strong></span> <span class='ocrx_word' id='word_1_254' title='bbox 2896 1878 3310 1958; x_wconf 80' lang='lat' dir='ltr'><strong>instrumentum</strong></span> <span class='ocrx_word' id='word_1_255' title='bbox 3350 1878 3521 1976; x_wconf 52' lang='lat' dir='ltr'><strong>quod;</strong></span> 
     </span>
    </p>
   </div>
   <div class='ocr_carea' id='block_1_34' title="bbox 274 1969 1839 2058">
    <p class='ocr_par' dir='ltr' id='par_1_34' title="bbox 274 1969 1839 2058">
     <span class='ocr_line' id='line_1_34' title="bbox 274 1969 1839 2058; baseline 0.004 -25"><span class='ocrx_word' id='word_1_256' title='bbox 274 1971 353 2040; x_wconf 83' lang='grc' dir='ltr'>μὴ</span> <span class='ocrx_word' id='word_1_257' title='bbox 381 1969 457 2032; x_wconf 84' lang='grc' dir='ltr'>ὡς</span> <span class='ocrx_word' id='word_1_258' title='bbox 486 1971 544 2023; x_wconf 73' lang='grc' dir='ltr'>ἓν</span> <span class='ocrx_word' id='word_1_259' title='bbox 585 1989 638 2026; x_wconf 89' lang='grc' dir='ltr'><strong>τι</strong></span> <span class='ocrx_word' id='word_1_260' title='bbox 675 1973 784 2028; x_wconf 89' lang='grc' dir='ltr'><strong>τῶν</strong></span> <span class='ocrx_word' id='word_1_261' title='bbox 821 1976 1040 2044; x_wconf 82' lang='grc' dir='ltr'>ἀγαθῶν</span> <span class='ocrx_word' id='word_1_262' title='bbox 1087 1981 1454 2052; x_wconf 82' lang='grc' dir='ltr'>ὑπεραγαπῶν</span> <span class='ocrx_word' id='word_1_263' title='bbox 1500 1986 1592 2038; x_wconf 76' lang='grc' dir='ltr'><strong>καὶ</strong></span> <span class='ocrx_word' id='word_1_264' title='bbox 1629 1985 1839 2058; x_wconf 81' lang='grc' dir='ltr'>θαυμά-</span> 
     </span>
    </p>
   </div>
   <div class='ocr_carea' id='block_1_35' title="bbox 272 2063 1840 2153">
    <p class='ocr_par' dir='ltr' id='par_1_35' title="bbox 272 2063 1840 2153">
     <span class='ocr_line' id='line_1_35' title="bbox 272 2063 1840 2153; baseline 0.015 -41"><span class='ocrx_word' id='word_1_265' title='bbox 272 2063 402 2126; x_wconf 86' lang='grc' dir='ltr'>ζων,</span> <span class='ocrx_word' id='word_1_266' title='bbox 441 2063 554 2116; x_wconf 57' lang='lat' dir='ltr'><strong>em</strong></span> <span class='ocrx_word' id='word_1_267' title='bbox 583 2065 658 2130; x_wconf 85' lang='grc' dir='ltr'>ὡς</span> <span class='ocrx_word' id='word_1_268' title='bbox 690 2067 985 2140; x_wconf 81' lang='grc' dir='ltr'>ὀργανικὴν</span> <span class='ocrx_word' id='word_1_269' title='bbox 1013 2072 1176 2132; x_wconf 78' lang='grc' dir='ltr'>αὑτοῦ</span> <span class='ocrx_word' id='word_1_270' title='bbox 1211 2075 1309 2144; x_wconf 75' lang='grc' dir='ltr'><strong>τὴν</strong></span> <span class='ocrx_word' id='word_1_271' title='bbox 1333 2077 1634 2148; x_wconf 84' lang='grc' dir='ltr'>ὑπηρεσίαν</span> <span class='ocrx_word' id='word_1_272' title='bbox 1665 2082 1840 2153; x_wconf 77' lang='grc' dir='ltr'>αἱρού-</span> 
     </span>
    </p>
   </div>
   <div class='ocr_carea' id='block_1_36' title="bbox 272 2152 1836 2242">
    <p class='ocr_par' dir='ltr' id='par_1_36' title="bbox 272 2152 1836 2242">
     <span class='ocr_line' id='line_1_36' title="bbox 272 2152 1836 2242; baseline 0.015 -37"><span class='ocrx_word' id='word_1_273' title='bbox 272 2170 451 2224; x_wconf 82' lang='grc' dir='ltr'>μενος.</span> <span class='ocrx_word' id='word_1_274' title='bbox 492 2152 624 2210; x_wconf 76' lang='grc' dir='ltr'>Είτα</span> <span class='ocrx_word' id='word_1_275' title='bbox 657 2160 853 2229; x_wconf 80' lang='grc' dir='ltr'>ἐπάγει</span> <span class='ocrx_word' id='word_1_276' title='bbox 880 2163 1012 2215; x_wconf 79' lang='grc' dir='ltr'>πᾶσι</span> <span class='ocrx_word' id='word_1_277' title='bbox 1052 2168 1164 2229; x_wconf 80' lang='grc' dir='ltr'>τοῖς</span> <span class='ocrx_word' id='word_1_278' title='bbox 1197 2167 1506 2238; x_wconf 76' lang='grc' dir='ltr'>εἰρημένοις</span> <span class='ocrx_word' id='word_1_279' title='bbox 1543 2173 1836 2242; x_wconf 84' lang='grc' dir='ltr'>ἀπόφασιν,</span> 
     </span>
    </p>
   </div>
   <div class='ocr_carea' id='block_1_37' title="bbox 269 2247 1834 2336">
    <p class='ocr_par' dir='ltr' id='par_1_37' title="bbox 269 2247 1834 2336">
     <span class='ocr_line' id='line_1_37' title="bbox 269 2247 1834 2336; baseline 0.015 -39"><span class='ocrx_word' id='word_1_280' title='bbox 269 2247 449 2300; x_wconf 84' lang='grc' dir='ltr'>οὑκέτι</span> <span class='ocrx_word' id='word_1_281' title='bbox 495 2249 639 2303; x_wconf 76' lang='grc' dir='ltr'>ἰδίων</span> <span class='ocrx_word' id='word_1_282' title='bbox 666 2253 948 2324; x_wconf 78' lang='grc' dir='ltr'>ῥημάτων,</span> <span class='ocrx_word' id='word_1_283' title='bbox 991 2255 1105 2310; x_wconf 87' lang='grc' dir='ltr'>ἀλλ’</span> <span class='ocrx_word' id='word_1_284' title='bbox 1140 2258 1206 2329; x_wconf 81' lang='grc' dir='ltr'>ἢν</span> <span class='ocrx_word' id='word_1_285' title='bbox 1259 2262 1386 2331; x_wconf 88' lang='grc' dir='ltr'>παρ’</span> <span class='ocrx_word' id='word_1_286' title='bbox 1429 2264 1593 2317; x_wconf 80' lang='grc' dir='ltr'>αὑτοῦ</span> <span class='ocrx_word' id='word_1_287' title='bbox 1635 2266 1834 2336; x_wconf 72' lang='grc' dir='ltr'>ἤκουσε</span> 
     </span>
    </p>
   </div>
   <div class='ocr_carea' id='block_1_38' title="bbox 273 2338 1832 2426">
    <p class='ocr_par' dir='ltr' id='par_1_38' title="bbox 273 2338 1832 2426">
     <span class='ocr_line' id='line_1_38' title="bbox 273 2338 1832 2426; baseline 0.014 -36"><span class='ocrx_word' id='word_1_288' title='bbox 273 2338 360 2392; x_wconf 71' lang='grc' dir='ltr'>τοῦ</span> <span class='ocrx_word' id='word_1_289' title='bbox 406 2339 562 2395; x_wconf 81' lang='grc' dir='ltr'>Θεοῦ.</span> <span class='ocrx_word' id='word_1_290' title='bbox 612 2343 799 2409; x_wconf 76' lang='grc' dir='ltr'>Ἃπαξ</span> <span class='ocrx_word' id='word_1_291' title='bbox 852 2347 982 2416; x_wconf 79' lang='grc' dir='ltr'>γὰρ,</span> <span class='ocrx_word' id='word_1_292' title='bbox 1034 2350 1218 2422; x_wconf 77' lang='grc' dir='ltr'>φησὶν,</span> <span class='ocrx_word' id='word_1_293' title='bbox 1267 2352 1573 2422; x_wconf 75' lang='grc' dir='ltr'><strong>ἐλάλησεν</strong></span> <span class='ocrx_word' id='word_1_294' title='bbox 1609 2360 1640 2410; x_wconf 83' lang='grc' dir='ltr'><em>ὁ</em></span> <span class='ocrx_word' id='word_1_295' title='bbox 1669 2359 1832 2426; x_wconf 85' lang='grc' dir='ltr'>Θεὸς,</span> 
     </span>
    </p>
   </div>
   <div class='ocr_carea' id='block_1_39' title="bbox 268 2429 1832 2517">
    <p class='ocr_par' dir='ltr' id='par_1_39' title="bbox 268 2429 1832 2517">
     <span class='ocr_line' id='line_1_39' title="bbox 268 2429 1832 2517; baseline 0.014 -35"><span class='ocrx_word' id='word_1_296' title='bbox 268 2429 375 2483; x_wconf 84' lang='grc' dir='ltr'>δύο</span> <span class='ocrx_word' id='word_1_297' title='bbox 396 2432 582 2486; x_wconf 83' lang='grc' dir='ltr'>ταῦτα</span> <span class='ocrx_word' id='word_1_298' title='bbox 599 2433 853 2504; x_wconf 77' lang='grc' dir='ltr'>ἥκουσα.</span> <span class='ocrx_word' id='word_1_299' title='bbox 889 2440 998 2493; x_wconf 79' lang='grc' dir='ltr'>Καὶ</span> <span class='ocrx_word' id='word_1_300' title='bbox 1037 2441 1238 2511; x_wconf 81' lang='grc' dir='ltr'>μηδένα</span> <span class='ocrx_word' id='word_1_301' title='bbox 1268 2447 1591 2517; x_wconf 80' lang='grc' dir='ltr'>ταρασσέτω</span> <span class='ocrx_word' id='word_1_302' title='bbox 1621 2449 1696 2511; x_wconf 85' lang='grc' dir='ltr'>ὡς</span> <span class='ocrx_word' id='word_1_303' title='bbox 1726 2468 1832 2504; x_wconf 60' lang='grc' dir='ltr'>παι</span> 
     </span>
    </p>
   </div>
   <div class='ocr_carea' id='block_1_40' title="bbox 271 2522 1834 2616">
    <p class='ocr_par' dir='ltr' id='par_1_40' title="bbox 271 2522 1834 2616">
     <span class='ocr_line' id='line_1_40' title="bbox 271 2522 1834 2616; baseline 0.014 -41"><span class='ocrx_word' id='word_1_304' title='bbox 271 2522 486 2592; x_wconf 81' lang='grc' dir='ltr'>ράδοξον</span> <span class='ocrx_word' id='word_1_305' title='bbox 524 2527 586 2579; x_wconf 76' lang='grc' dir='ltr'>τὸ</span> <span class='ocrx_word' id='word_1_306' title='bbox 615 2529 923 2600; x_wconf 83' lang='grc' dir='ltr'>εἰρημένον,</span> <span class='ocrx_word' id='word_1_307' title='bbox 960 2533 1077 2597; x_wconf 87' lang='grc' dir='ltr'><strong>πῶς</strong></span> <span class='ocrx_word' id='word_1_308' title='bbox 1110 2536 1138 2588; x_wconf 91' lang='lat'><strong>6</strong></span> <span class='ocrx_word' id='word_1_309' title='bbox 1170 2536 1268 2606; x_wconf 79' lang='grc' dir='ltr'><strong>μὲν</strong></span> <span class='ocrx_word' id='word_1_310' title='bbox 1305 2537 1435 2601; x_wconf 74' lang='grc' dir='ltr'>Θεὸς</span> <span class='ocrx_word' id='word_1_311' title='bbox 1467 2539 1612 2607; x_wconf 76' lang='grc' dir='ltr'>ἅπαξ</span> <span class='ocrx_word' id='word_1_312' title='bbox 1641 2543 1834 2616; x_wconf 81' lang='grc' dir='ltr'>ἐλάλη-</span> 
     </span>
    </p>
   </div>
   <div class='ocr_carea' id='block_1_41' title="bbox 266 2617 1830 2704">
    <p class='ocr_par' dir='ltr' id='par_1_41' title="bbox 266 2617 1830 2704">
     <span class='ocr_line' id='line_1_41' title="bbox 266 2617 1830 2704; baseline 0.014 -37"><span class='ocrx_word' id='word_1_313' title='bbox 266 2630 374 2679; x_wconf 90' lang='grc' dir='ltr'>σεν,</span> <span class='ocrx_word' id='word_1_314' title='bbox 408 2618 436 2669; x_wconf 90' lang='lat'><strong>6</strong></span> <span class='ocrx_word' id='word_1_315' title='bbox 466 2617 522 2671; x_wconf 80' lang='grc' dir='ltr'>δὲ</span> <span class='ocrx_word' id='word_1_316' title='bbox 554 2620 845 2692; x_wconf 77' lang='grc' dir='ltr'>Προφήτης</span> <span class='ocrx_word' id='word_1_317' title='bbox 886 2622 978 2676; x_wconf 76' lang='grc' dir='ltr'>δύο</span> <span class='ocrx_word' id='word_1_318' title='bbox 1013 2625 1232 2696; x_wconf 68' lang='grc' dir='ltr'>ἤκουσε.</span> <span class='ocrx_word' id='word_1_319' title='bbox 1268 2629 1501 2682; x_wconf 82' lang='grc' dir='ltr'>Δυνατὸν</span> <span class='ocrx_word' id='word_1_320' title='bbox 1536 2631 1644 2704; x_wconf 77' lang='grc' dir='ltr'>γὰρ</span> <span class='ocrx_word' id='word_1_321' title='bbox 1686 2634 1830 2702; x_wconf 78' lang='grc' dir='ltr'>ἅπαξ</span> 
     </span>
    </p>
   </div>
   <div class='ocr_carea' id='block_1_42' title="bbox 266 2707 1829 2787">
    <p class='ocr_par' dir='ltr' id='par_1_42' title="bbox 266 2707 1829 2787">
     <span class='ocr_line' id='line_1_42' title="bbox 266 2707 1829 2787; baseline 0.013 -29"><span class='ocrx_word' id='word_1_322' title='bbox 266 2707 364 2776; x_wconf 89' lang='grc' dir='ltr'><strong>μέν</strong></span> <span class='ocrx_word' id='word_1_323' title='bbox 387 2725 508 2761; x_wconf 88' lang='grc' dir='ltr'>τινα</span> <span class='ocrx_word' id='word_1_324' title='bbox 541 2709 788 2783; x_wconf 79' lang='grc' dir='ltr'>λαλῆσαι,</span> <span class='ocrx_word' id='word_1_325' title='bbox 825 2717 880 2767; x_wconf 78' lang='grc' dir='ltr'><strong>ἐν</strong></span> <span class='ocrx_word' id='word_1_326' title='bbox 904 2715 959 2767; x_wconf 82' lang='grc' dir='ltr'>δὲ</span> <span class='ocrx_word' id='word_1_327' title='bbox 994 2715 1069 2787; x_wconf 82' lang='grc' dir='ltr'>τῷ</span> <span class='ocrx_word' id='word_1_328' title='bbox 1103 2718 1250 2782; x_wconf 80' lang='grc' dir='ltr'>ἆπαξ</span> <span class='ocrx_word' id='word_1_329' title='bbox 1275 2720 1442 2774; x_wconf 74' lang='grc' dir='ltr'>πολλὰ</span> <span class='ocrx_word' id='word_1_330' title='bbox 1467 2718 1603 2776; x_wconf 74' lang='grc' dir='ltr'>εἶναι</span> <span class='ocrx_word' id='word_1_331' title='bbox 1634 2725 1702 2777; x_wconf 67' lang='grc' dir='ltr'><strong>τὰ</strong></span> <span class='ocrx_word' id='word_1_332' title='bbox 1734 2726 1829 2779; x_wconf 86' lang='grc' dir='ltr'>λα-</span> 
     </span>
    </p>
   </div>
   <div class='ocr_carea' id='block_1_43' title="bbox 264 2797 1826 2884">
    <p class='ocr_par' dir='ltr' id='par_1_43' title="bbox 264 2797 1826 2884">
     <span class='ocr_line' id='line_1_43' title="bbox 264 2797 1826 2884; baseline 0.013 -34"><span class='ocrx_word' id='word_1_333' title='bbox 264 2797 512 2870; x_wconf 87' lang='grc' dir='ltr'>ληθέντα.</span> <span class='ocrx_word' id='word_1_334' title='bbox 552 2803 869 2874; x_wconf 84' lang='grc' dir='ltr'>Ἀνθρωπος</span> <span class='ocrx_word' id='word_1_335' title='bbox 901 2809 1008 2879; x_wconf 85' lang='grc' dir='ltr'><strong>γάρ</strong></span> <span class='ocrx_word' id='word_1_336' title='bbox 1056 2828 1158 2873; x_wconf 83' lang='grc' dir='ltr'>τις.</span> <span class='ocrx_word' id='word_1_337' title='bbox 1210 2813 1483 2884; x_wconf 83' lang='grc' dir='ltr'>συντυχὼν</span> <span class='ocrx_word' id='word_1_338' title='bbox 1513 2832 1616 2868; x_wconf 85' lang='grc' dir='ltr'>τινι</span> <span class='ocrx_word' id='word_1_339' title='bbox 1660 2816 1826 2882; x_wconf 74' lang='grc' dir='ltr'>ἅπαξ,</span> 
     </span>
    </p>
   </div>
   <div class='ocr_carea' id='block_1_44' title="bbox 265 2892 1825 2971">
    <p class='ocr_par' dir='ltr' id='par_1_44' title="bbox 265 2892 1825 2971">
     <span class='ocr_line' id='line_1_44' title="bbox 265 2892 1825 2971; baseline 0.014 -30"><span class='ocrx_word' id='word_1_340' title='bbox 265 2892 392 2962; x_wconf 75' lang='grc' dir='ltr'>περὶ</span> <span class='ocrx_word' id='word_1_341' title='bbox 422 2893 632 2947; x_wconf 84' lang='grc' dir='ltr'>πολλῶν</span> <span class='ocrx_word' id='word_1_342' title='bbox 657 2895 900 2971; x_wconf 81' lang='grc' dir='ltr'>διελέχθη</span> <span class='ocrx_word' id='word_1_343' title='bbox 923 2917 936 2930; x_wconf 87' lang='grc'><strong>·</strong></span> <span class='ocrx_word' id='word_1_344' title='bbox 973 2902 1065 2954; x_wconf 71' lang='grc' dir='ltr'><strong>καὶ</strong></span> <span class='ocrx_word' id='word_1_345' title='bbox 1093 2902 1313 2958; x_wconf 77' lang='grc' dir='ltr'>δύναται</span> <span class='ocrx_word' id='word_1_346' title='bbox 1337 2907 1365 2957; x_wconf 90' lang='lat'><strong>6</strong></span> <span class='ocrx_word' id='word_1_347' title='bbox 1392 2907 1628 2970; x_wconf 77' lang='grc' dir='ltr'>ἀκούσας</span> <span class='ocrx_word' id='word_1_348' title='bbox 1662 2909 1825 2962; x_wconf 80' lang='grc' dir='ltr'>αὑτοῦ</span> 
     </span>
    </p>
   </div>
   <div class='ocr_carea' id='block_1_45' title="bbox 262 2981 1822 3069">
    <p class='ocr_par' dir='ltr' id='par_1_45' title="bbox 262 2981 1822 3069">
     <span class='ocr_line' id='line_1_45' title="bbox 262 2981 1822 3069; baseline 0.015 -38"><span class='ocrx_word' id='word_1_349' title='bbox 262 2981 367 3034; x_wconf 81' lang='grc' dir='ltr'><strong>τῶν</strong></span> <span class='ocrx_word' id='word_1_350' title='bbox 395 2985 653 3056; x_wconf 75' lang='grc' dir='ltr'>ῥημάτων</span> <span class='ocrx_word' id='word_1_351' title='bbox 694 2990 868 3042; x_wconf 83' lang='grc' dir='ltr'>εἰπεῖν</span> <span class='ocrx_word' id='word_1_352' title='bbox 893 2992 995 3059; x_wconf 82' lang='grc' dir='ltr'>ὅτι,</span> <span class='ocrx_word' id='word_1_353' title='bbox 1023 2993 1202 3058; x_wconf 77' lang='grc' dir='ltr'>’Ἃπαξ</span> <span class='ocrx_word' id='word_1_354' title='bbox 1249 2997 1348 3067; x_wconf 89' lang='grc' dir='ltr'><strong>μέν</strong></span> <span class='ocrx_word' id='word_1_355' title='bbox 1385 3015 1475 3067; x_wconf 90' lang='grc' dir='ltr'><strong>μοι</strong></span> <span class='ocrx_word' id='word_1_356' title='bbox 1500 2999 1822 3069; x_wconf 67' lang='grc' dir='ltr'>ἐφθέγξατο,</span> 
     </span>
    </p>
   </div>
   <div class='ocr_carea' id='block_1_46' title="bbox 261 3076 1825 3163">
    <p class='ocr_par' dir='ltr' id='par_1_46' title="bbox 261 3076 1825 3163">
     <span class='ocr_line' id='line_1_46' title="bbox 261 3076 1825 3163; baseline 0.013 -38"><span class='ocrx_word' id='word_1_357' title='bbox 261 3076 388 3145; x_wconf 73' lang='grc' dir='ltr'>περὶ</span> <span class='ocrx_word' id='word_1_358' title='bbox 427 3077 636 3131; x_wconf 82' lang='grc' dir='ltr'>πολλῶν</span> <span class='ocrx_word' id='word_1_359' title='bbox 685 3079 742 3132; x_wconf 79' lang='grc' dir='ltr'>δὲ</span> <span class='ocrx_word' id='word_1_360' title='bbox 785 3081 1030 3152; x_wconf 77' lang='grc' dir='ltr'>ἐλάλησε.</span> <span class='ocrx_word' id='word_1_361' title='bbox 1067 3087 1237 3140; x_wconf 78' lang='grc' dir='ltr'>Τοῦτό</span> <span class='ocrx_word' id='word_1_362' title='bbox 1265 3090 1379 3142; x_wconf 80' lang='grc' dir='ltr'>ἐστι</span> <span class='ocrx_word' id='word_1_363' title='bbox 1426 3091 1487 3143; x_wconf 80' lang='grc' dir='ltr'><strong>τὸ</strong></span> <span class='ocrx_word' id='word_1_364' title='bbox 1539 3094 1825 3163; x_wconf 70' lang='grc' dir='ltr'>εἰρημένον</span> 
     </span>
    </p>
   </div>
   <div class='ocr_carea' id='block_1_47' title="bbox 261 3165 1824 3253">
    <p class='ocr_par' dir='ltr' id='par_1_47' title="bbox 261 3165 1824 3253">
     <span class='ocr_line' id='line_1_47' title="bbox 261 3165 1824 3253; baseline 0.015 -36"><span class='ocrx_word' id='word_1_365' title='bbox 261 3165 352 3218; x_wconf 77' lang='grc' dir='ltr'>νῦν</span> <span class='ocrx_word' id='word_1_366' title='bbox 374 3185 388 3197; x_wconf 89' lang='grc'>·</span> <span class='ocrx_word' id='word_1_367' title='bbox 427 3167 486 3222; x_wconf 84' lang='grc' dir='ltr'><strong>Ἦ</strong></span> <span class='ocrx_word' id='word_1_368' title='bbox 513 3170 611 3240; x_wconf 81' lang='grc' dir='ltr'><strong>μὲν</strong></span> <span class='ocrx_word' id='word_1_369' title='bbox 645 3171 778 3226; x_wconf 79' lang='grc' dir='ltr'>Θεοῦ</span> <span class='ocrx_word' id='word_1_370' title='bbox 809 3176 1095 3246; x_wconf 75' lang='grc' dir='ltr'>ἐπιφάνεια</span> <span class='ocrx_word' id='word_1_371' title='bbox 1129 3181 1276 3248; x_wconf 78' lang='grc' dir='ltr'>ἅπαξ</span> <span class='ocrx_word' id='word_1_372' title='bbox 1311 3200 1398 3252; x_wconf 89' lang='grc' dir='ltr'><strong>μοι</strong></span> <span class='ocrx_word' id='word_1_373' title='bbox 1419 3183 1626 3253; x_wconf 84' lang='grc' dir='ltr'>γέγονε,</span> <span class='ocrx_word' id='word_1_374' title='bbox 1654 3186 1746 3240; x_wconf 79' lang='grc' dir='ltr'><strong>δύο</strong></span> <span class='ocrx_word' id='word_1_375' title='bbox 1766 3188 1824 3242; x_wconf 76' lang='grc' dir='ltr'>δὲ</span> 
     </span>
    </p>
   </div>
   <div class='ocr_carea' id='block_1_48' title="bbox 257 3255 1825 3348">
    <p class='ocr_par' dir='ltr' id='par_1_48' title="bbox 257 3255 1825 3348">
     <span class='ocr_line' id='line_1_48' title="bbox 257 3255 1825 3348; baseline 0.015 -42"><span class='ocrx_word' id='word_1_376' title='bbox 257 3255 557 3327; x_wconf 76' lang='grc' dir='ltr'>πράγματά</span> <span class='ocrx_word' id='word_1_377' title='bbox 578 3261 724 3314; x_wconf 78' lang='grc' dir='ltr'>ἐστιν</span> <span class='ocrx_word' id='word_1_378' title='bbox 761 3263 796 3316; x_wconf 85' lang='grc' dir='ltr'>ἂ</span> <span class='ocrx_word' id='word_1_379' title='bbox 826 3265 1099 3337; x_wconf 72' lang='grc' dir='ltr'>ἐλάλησεν.</span> <span class='ocrx_word' id='word_1_380' title='bbox 1133 3271 1246 3324; x_wconf 83' lang='grc' dir='ltr'><strong>Οὐκ</strong></span> <span class='ocrx_word' id='word_1_381' title='bbox 1288 3269 1466 3327; x_wconf 82' lang='grc' dir='ltr'>εἶπεν·</span> <span class='ocrx_word' id='word_1_382' title='bbox 1511 3276 1606 3328; x_wconf 85' lang='grc' dir='ltr'>Ἓν</span> <span class='ocrx_word' id='word_1_383' title='bbox 1634 3275 1825 3348; x_wconf 55' lang='lat' dir='ltr'><strong>item.</strong></span> 
     </span>
    </p>
   </div>
   <div class='ocr_carea' id='block_1_49' title="bbox 261 3349 1822 3439">
    <p class='ocr_par' dir='ltr' id='par_1_49' title="bbox 261 3349 1822 3439">
     <span class='ocr_line' id='line_1_49' title="bbox 261 3349 1822 3439; baseline 0.015 -39"><span class='ocrx_word' id='word_1_384' title='bbox 261 3365 347 3400; x_wconf 89' lang='grc' dir='ltr'><strong>σεν</strong></span> <span class='ocrx_word' id='word_1_385' title='bbox 381 3350 409 3400; x_wconf 87' lang='grc' dir='ltr'><strong>ὀ</strong></span> <span class='ocrx_word' id='word_1_386' title='bbox 433 3349 582 3418; x_wconf 79' lang='grc' dir='ltr'>Θεὸς,</span> <span class='ocrx_word' id='word_1_387' title='bbox 616 3353 708 3406; x_wconf 78' lang='grc' dir='ltr'><strong>δύο</strong></span> <span class='ocrx_word' id='word_1_388' title='bbox 739 3355 793 3408; x_wconf 82' lang='grc' dir='ltr'>δὲ</span> <span class='ocrx_word' id='word_1_389' title='bbox 817 3358 988 3411; x_wconf 78' lang='grc' dir='ltr'>ταῦτα</span> <span class='ocrx_word' id='word_1_390' title='bbox 1015 3362 1223 3431; x_wconf 70' lang='grc' dir='ltr'>ἥκουσα</span> <span class='ocrx_word' id='word_1_391' title='bbox 1242 3379 1255 3392; x_wconf 87' lang='grc'><strong>·</strong></span> <span class='ocrx_word' id='word_1_392' title='bbox 1287 3364 1426 3417; x_wconf 71' lang='grc' dir='ltr'>οὕτω</span> <span class='ocrx_word' id='word_1_393' title='bbox 1461 3366 1568 3439; x_wconf 79' lang='grc' dir='ltr'>γὰρ</span> <span class='ocrx_word' id='word_1_394' title='bbox 1594 3367 1658 3421; x_wconf 86' lang='grc' dir='ltr'>ἂν</span> <span class='ocrx_word' id='word_1_395' title='bbox 1679 3368 1822 3433; x_wconf 74' lang='grc' dir='ltr'>ἔδοξέ</span> 
     </span>
    </p>
   </div>
   <div class='ocr_carea' id='block_1_50' title="bbox 257 3439 1824 3519">
    <p class='ocr_par' dir='ltr' id='par_1_50' title="bbox 257 3439 1824 3519">
     <span class='ocr_line' id='line_1_50' title="bbox 257 3439 1824 3519; baseline 0.014 -28"><span class='ocrx_word' id='word_1_396' title='bbox 257 3456 372 3492; x_wconf 88' lang='grc' dir='ltr'>τινα</span> <span class='ocrx_word' id='word_1_397' title='bbox 396 3439 538 3511; x_wconf 82' lang='grc' dir='ltr'>ἔχειν</span> <span class='ocrx_word' id='word_1_398' title='bbox 566 3444 595 3496; x_wconf 89' lang='lat'><strong>6</strong></span> <span class='ocrx_word' id='word_1_399' title='bbox 624 3443 778 3513; x_wconf 86' lang='grc' dir='ltr'>λόγος</span> <span class='ocrx_word' id='word_1_400' title='bbox 807 3447 942 3519; x_wconf 81' lang='grc' dir='ltr'>πρὸς</span> <span class='ocrx_word' id='word_1_401' title='bbox 975 3450 1164 3504; x_wconf 79' lang='grc' dir='ltr'>ἑαυτὸν</span> <span class='ocrx_word' id='word_1_402' title='bbox 1194 3453 1526 3511; x_wconf 77' lang='grc' dir='ltr'>ἐναντίωσιν.</span> <span class='ocrx_word' id='word_1_403' title='bbox 1566 3457 1698 3511; x_wconf 87' lang='grc' dir='ltr'>Τίνα</span> <span class='ocrx_word' id='word_1_404' title='bbox 1731 3456 1824 3513; x_wconf 82' lang='grc' dir='ltr'><strong>οὖν</strong></span> 
     </span>
    </p>
   </div>
   <div class='ocr_carea' id='block_1_51' title="bbox 256 3524 1821 3615">
    <p class='ocr_par' dir='ltr' id='par_1_51' title="bbox 256 3524 1821 3615">
     <span class='ocr_line' id='line_1_51' title="bbox 256 3524 1821 3615; baseline 0.014 -32"><span class='ocrx_word' id='word_1_405' title='bbox 256 3524 321 3600; x_wconf 76' lang='grc' dir='ltr'>ἦν</span> <span class='ocrx_word' id='word_1_406' title='bbox 347 3531 416 3584; x_wconf 79' lang='grc' dir='ltr'><strong>τὰ</strong></span> <span class='ocrx_word' id='word_1_407' title='bbox 441 3532 534 3586; x_wconf 81' lang='grc' dir='ltr'><strong>δύο</strong></span> <span class='ocrx_word' id='word_1_408' title='bbox 555 3532 682 3606; x_wconf 72' lang='lat'><strong>81(1)</strong></span> <span class='ocrx_word' id='word_1_409' title='bbox 710 3537 971 3607; x_wconf 76' lang='grc' dir='ltr'>ἦκουσεν;</span> <span class='ocrx_word' id='word_1_410' title='bbox 1004 3541 1144 3609; x_wconf 87' lang='grc' dir='ltr'>Ὅτι,</span> <span class='ocrx_word' id='word_1_411' title='bbox 1176 3543 1246 3595; x_wconf 86' lang='grc' dir='ltr'><strong>Τὸ</strong></span> <span class='ocrx_word' id='word_1_412' title='bbox 1277 3544 1492 3612; x_wconf 79' lang='grc' dir='ltr'>κράτος</span> <span class='ocrx_word' id='word_1_413' title='bbox 1521 3547 1626 3602; x_wconf 84' lang='grc' dir='ltr'>τοῦ</span> <span class='ocrx_word' id='word_1_414' title='bbox 1654 3551 1821 3615; x_wconf 82' lang='grc' dir='ltr'>Θεοῦ,</span> 
     </span>
    </p>
   </div>
   <div class='ocr_carea' id='block_1_52' title="bbox 255 3621 1824 3710">
    <p class='ocr_par' dir='ltr' id='par_1_52' title="bbox 255 3621 1824 3710">
     <span class='ocr_line' id='line_1_52' title="bbox 255 3621 1824 3710; baseline 0.013 -36"><span class='ocrx_word' id='word_1_415' title='bbox 255 3621 352 3675; x_wconf 78' lang='grc' dir='ltr'>καὶ</span> <span class='ocrx_word' id='word_1_416' title='bbox 401 3623 540 3690; x_wconf 88' lang='grc' dir='ltr'>σοῦ,</span> <span class='ocrx_word' id='word_1_417' title='bbox 569 3627 767 3695; x_wconf 83' lang='grc' dir='ltr'>Κύριε,</span> <span class='ocrx_word' id='word_1_418' title='bbox 807 3628 876 3682; x_wconf 85' lang='grc' dir='ltr'>τὸ</span> <span class='ocrx_word' id='word_1_419' title='bbox 924 3632 1114 3698; x_wconf 75' lang='grc' dir='ltr'>ἕλεος.</span> <span class='ocrx_word' id='word_1_420' title='bbox 1145 3634 1266 3686; x_wconf 85' lang='grc' dir='ltr'>’Ότι</span> <span class='ocrx_word' id='word_1_421' title='bbox 1294 3634 1534 3702; x_wconf 82' lang='grc' dir='ltr'>δυνατὸς,</span> <span class='ocrx_word' id='word_1_422' title='bbox 1570 3641 1754 3710; x_wconf 76' lang='grc' dir='ltr'>φησὶν,</span> <span class='ocrx_word' id='word_1_423' title='bbox 1794 3642 1824 3694; x_wconf 93' lang='grc' dir='ltr'><strong>ὀ</strong></span> 
     </span>
    </p>
   </div>
   <div class='ocr_carea' id='block_1_53' title="bbox 255 3713 1821 3805">
    <p class='ocr_par' dir='ltr' id='par_1_53' title="bbox 255 3713 1821 3805">
     <span class='ocr_line' id='line_1_53' title="bbox 255 3713 1821 3805; baseline 0.014 -38"><span class='ocrx_word' id='word_1_424' title='bbox 255 3713 386 3779; x_wconf 78' lang='grc' dir='ltr'>Θεὸς</span> <span class='ocrx_word' id='word_1_425' title='bbox 412 3718 471 3770; x_wconf 85' lang='grc' dir='ltr'>ὲν</span> <span class='ocrx_word' id='word_1_426' title='bbox 511 3720 577 3789; x_wconf 79' lang='grc' dir='ltr'><strong>τῇ</strong></span> <span class='ocrx_word' id='word_1_427' title='bbox 608 3721 808 3791; x_wconf 87' lang='grc' dir='ltr'>κρίσει,</span> <span class='ocrx_word' id='word_1_428' title='bbox 843 3723 934 3776; x_wconf 72' lang='grc' dir='ltr'><strong>καὶ</strong></span> <span class='ocrx_word' id='word_1_429' title='bbox 965 3726 993 3777; x_wconf 87' lang='lat'><strong>6</strong></span> <span class='ocrx_word' id='word_1_430' title='bbox 1020 3725 1179 3790; x_wconf 72' lang='grc' dir='ltr'>αὑτὸς</span> <span class='ocrx_word' id='word_1_431' title='bbox 1223 3727 1483 3799; x_wconf 70' lang='grc' dir='ltr'>ἐλεήμων.</span> <span class='ocrx_word' id='word_1_432' title='bbox 1529 3733 1682 3805; x_wconf 78' lang='grc' dir='ltr'>Μήτε</span> <span class='ocrx_word' id='word_1_433' title='bbox 1729 3731 1821 3789; x_wconf 75' lang='grc' dir='ltr'><strong>οὖν</strong></span> 
     </span>
    </p>
   </div>
   <div class='ocr_carea' id='block_1_54' title="bbox 255 3805 1822 3898">
    <p class='ocr_par' dir='ltr' id='par_1_54' title="bbox 255 3805 1822 3898">
     <span class='ocr_line' id='line_1_54' title="bbox 255 3805 1822 3898; baseline 0.015 -41"><span class='ocrx_word' id='word_1_434' title='bbox 255 3805 500 3871; x_wconf 79' lang='grc' dir='ltr'>ἐλπίζετε</span> <span class='ocrx_word' id='word_1_435' title='bbox 525 3809 612 3860; x_wconf 80' lang='grc' dir='ltr'><strong>ἐπ’</strong></span> <span class='ocrx_word' id='word_1_436' title='bbox 639 3810 870 3876; x_wconf 84' lang='grc' dir='ltr'>ἀδικίαν,</span> <span class='ocrx_word' id='word_1_437' title='bbox 896 3815 1034 3886; x_wconf 79' lang='grc' dir='ltr'>μήτε</span> <span class='ocrx_word' id='word_1_438' title='bbox 1065 3816 1278 3890; x_wconf 78' lang='grc' dir='ltr'>πλούτῳ</span> <span class='ocrx_word' id='word_1_439' title='bbox 1313 3822 1690 3891; x_wconf 80' lang='grc' dir='ltr'>προσ-τίθεσθε,</span> <span class='ocrx_word' id='word_1_440' title='bbox 1726 3828 1822 3898; x_wconf 78' lang='grc' dir='ltr'>μη-</span> 
     </span>
    </p>
   </div>
   <div class='ocr_carea' id='block_1_55' title="bbox 253 3899 1824 3990">
    <p class='ocr_par' dir='ltr' id='par_1_55' title="bbox 253 3899 1824 3990">
     <span class='ocr_line' id='line_1_55' title="bbox 253 3899 1824 3990; baseline 0.015 -41"><span class='ocrx_word' id='word_1_441' title='bbox 253 3913 310 3949; x_wconf 86' lang='grc' dir='ltr'><strong>τε</strong></span> <span class='ocrx_word' id='word_1_442' title='bbox 350 3899 586 3970; x_wconf 77' lang='grc' dir='ltr'>αἱρεῖσθε</span> <span class='ocrx_word' id='word_1_443' title='bbox 615 3903 968 3974; x_wconf 79' lang='grc' dir='ltr'>ματαιότητα,</span> <span class='ocrx_word' id='word_1_444' title='bbox 1015 3908 1154 3980; x_wconf 76' lang='grc' dir='ltr'>μήτε</span> <span class='ocrx_word' id='word_1_445' title='bbox 1189 3911 1250 3964; x_wconf 86' lang='grc' dir='ltr'><strong>τὸ</strong></span> <span class='ocrx_word' id='word_1_446' title='bbox 1279 3910 1377 3982; x_wconf 82' lang='grc' dir='ltr'>τῆς</span> <span class='ocrx_word' id='word_1_447' title='bbox 1421 3913 1600 3985; x_wconf 74' lang='grc' dir='ltr'>ψυχῆς</span> <span class='ocrx_word' id='word_1_448' title='bbox 1630 3919 1824 3990; x_wconf 80' lang='grc' dir='ltr'>κριτὴ-</span> 
     </span>
    </p>
   </div>
   <div class='ocr_carea' id='block_1_56' title="bbox 259 3989 1822 4080">
    <p class='ocr_par' dir='ltr' id='par_1_56' title="bbox 259 3989 1822 4080">
     <span class='ocr_line' id='line_1_56' title="bbox 259 3989 1822 4080; baseline 0.014 -39"><span class='ocrx_word' id='word_1_449' title='bbox 259 4005 370 4061; x_wconf 86' lang='grc' dir='ltr'>ριον</span> <span class='ocrx_word' id='word_1_450' title='bbox 404 3989 790 4064; x_wconf 82' lang='grc' dir='ltr'>διεφθαρμένον</span> <span class='ocrx_word' id='word_1_451' title='bbox 821 3997 1161 4070; x_wconf 75' lang='grc' dir='ltr'>περιφέρετε.</span> <span class='ocrx_word' id='word_1_452' title='bbox 1194 4002 1407 4072; x_wconf 76' lang='grc' dir='ltr'>Είδότες</span> <span class='ocrx_word' id='word_1_453' title='bbox 1438 4005 1536 4076; x_wconf 67' lang='lat'><strong>(2),</strong></span> <span class='ocrx_word' id='word_1_454' title='bbox 1573 4007 1655 4062; x_wconf 82' lang='grc' dir='ltr'>ὅτι</span> <span class='ocrx_word' id='word_1_455' title='bbox 1689 3989 1822 4080; x_wconf 78' lang='grc' dir='ltr'>κρα-</span> 
     </span>
    </p>
   </div>
   <div class='ocr_carea' id='block_1_57' title="bbox 252 4083 1816 4170">
    <p class='ocr_par' dir='ltr' id='par_1_57' title="bbox 252 4083 1816 4170">
     <span class='ocr_line' id='line_1_57' title="bbox 252 4083 1816 4170; baseline 0.01 -34"><span class='ocrx_word' id='word_1_456' title='bbox 252 4083 402 4147; x_wconf 85' lang='grc' dir='ltr'>ταιὸς</span> <span class='ocrx_word' id='word_1_457' title='bbox 425 4086 457 4156; x_wconf 81' lang='grc' dir='ltr'>ὴ</span> <span class='ocrx_word' id='word_1_458' title='bbox 467 4085 582 4156; x_wconf 89' lang='grc' dir='ltr'><strong>μῶν</strong></span> <span class='ocrx_word' id='word_1_459' title='bbox 609 4088 637 4140; x_wconf 92' lang='lat'><strong>6</strong></span> <span class='ocrx_word' id='word_1_460' title='bbox 672 4088 962 4161; x_wconf 80' lang='grc' dir='ltr'>Δεσπότης,</span> <span class='ocrx_word' id='word_1_461' title='bbox 1001 4089 1271 4164; x_wconf 76' lang='grc' dir='ltr'>φοϐήθητε</span> <span class='ocrx_word' id='word_1_462' title='bbox 1299 4095 1462 4148; x_wconf 81' lang='grc' dir='ltr'>αὑτοῦ</span> <span class='ocrx_word' id='word_1_463' title='bbox 1485 4095 1545 4148; x_wconf 84' lang='grc' dir='ltr'>τὸ</span> <span class='ocrx_word' id='word_1_464' title='bbox 1578 4097 1816 4170; x_wconf 80' lang='grc' dir='ltr'>ίσχυρὸν,</span> 
     </span>
    </p>
   </div>
   <div class='ocr_carea' id='block_1_58' title="bbox 252 4176 1816 4263">
    <p class='ocr_par' dir='ltr' id='par_1_58' title="bbox 252 4176 1816 4263">
     <span class='ocr_line' id='line_1_58' title="bbox 252 4176 1816 4263; baseline 0.011 -36"><span class='ocrx_word' id='word_1_465' title='bbox 252 4176 344 4228; x_wconf 76' lang='grc' dir='ltr'><strong>καὶ</strong></span> <span class='ocrx_word' id='word_1_466' title='bbox 390 4176 465 4248; x_wconf 81' lang='grc' dir='ltr'>μὴ</span> <span class='ocrx_word' id='word_1_467' title='bbox 518 4178 800 4247; x_wconf 80' lang='grc' dir='ltr'>ἀπογνῶτε</span> <span class='ocrx_word' id='word_1_468' title='bbox 844 4181 1007 4234; x_wconf 82' lang='grc' dir='ltr'>αὑτοῦ</span> <span class='ocrx_word' id='word_1_469' title='bbox 1053 4183 1152 4254; x_wconf 83' lang='grc' dir='ltr'>τῆς</span> <span class='ocrx_word' id='word_1_470' title='bbox 1193 4184 1614 4257; x_wconf 82' lang='grc' dir='ltr'>φιλανθρωπίας.</span> <span class='ocrx_word' id='word_1_471' title='bbox 1675 4192 1816 4263; x_wconf 76' lang='grc' dir='ltr'>Πρὸς</span> 
     </span>
    </p>
   </div>
   <div class='ocr_carea' id='block_1_59' title="bbox 255 4264 1815 4351">
    <p class='ocr_par' dir='ltr' id='par_1_59' title="bbox 255 4264 1815 4351">
     <span class='ocr_line' id='line_1_59' title="bbox 255 4264 1815 4351; baseline 0.011 -31"><span class='ocrx_word' id='word_1_472' title='bbox 255 4267 352 4338; x_wconf 84' lang='grc' dir='ltr'><strong>μὲν</strong></span> <span class='ocrx_word' id='word_1_473' title='bbox 378 4264 470 4321; x_wconf 80' lang='grc' dir='ltr'><strong>οὖν</strong></span> <span class='ocrx_word' id='word_1_474' title='bbox 499 4269 559 4322; x_wconf 83' lang='grc' dir='ltr'><strong>τὸ</strong></span> <span class='ocrx_word' id='word_1_475' title='bbox 599 4271 673 4342; x_wconf 78' lang='grc' dir='ltr'>μὴ</span> <span class='ocrx_word' id='word_1_476' title='bbox 709 4272 934 4336; x_wconf 86' lang='grc' dir='ltr'>ἀδικεῖν,</span> <span class='ocrx_word' id='word_1_477' title='bbox 964 4273 1166 4342; x_wconf 81' lang='grc' dir='ltr'>ἀγαθὸς</span> <span class='ocrx_word' id='word_1_478' title='bbox 1187 4277 1215 4328; x_wconf 90' lang='grc' dir='ltr'><strong>ὀ</strong></span> <span class='ocrx_word' id='word_1_479' title='bbox 1243 4277 1440 4346; x_wconf 76' lang='grc' dir='ltr'><strong>φόϐος⁸</strong></span> <span class='ocrx_word' id='word_1_480' title='bbox 1479 4280 1614 4351; x_wconf 81' lang='grc' dir='ltr'>πρὸς</span> <span class='ocrx_word' id='word_1_481' title='bbox 1637 4281 1691 4334; x_wconf 82' lang='grc' dir='ltr'><strong>δὲ</strong></span> <span class='ocrx_word' id='word_1_482' title='bbox 1724 4283 1815 4338; x_wconf 86' lang='grc' dir='ltr'><strong>τὸν</strong></span> 
     </span>
    </p>
   </div>
   <div class='ocr_carea' id='block_1_60' title="bbox 251 4359 1813 4444">
    <p class='ocr_par' dir='ltr' id='par_1_60' title="bbox 251 4359 1813 4444">
     <span class='ocr_line' id='line_1_60' title="bbox 251 4359 1813 4444; baseline 0.009 -31"><span class='ocrx_word' id='word_1_483' title='bbox 251 4359 398 4428; x_wconf 76' lang='grc' dir='ltr'>ἅπαξ</span> <span class='ocrx_word' id='word_1_484' title='bbox 421 4361 500 4424; x_wconf 85' lang='grc' dir='ltr'><strong>είς</strong></span> <span class='ocrx_word' id='word_1_485' title='bbox 527 4363 801 4434; x_wconf 83' lang='grc' dir='ltr'>ἁμαρτίαν</span> <span class='ocrx_word' id='word_1_486' title='bbox 837 4364 1195 4437; x_wconf 78' lang='grc' dir='ltr'>ὀλισθήσαντα</span> <span class='ocrx_word' id='word_1_487' title='bbox 1226 4368 1301 4440; x_wconf 80' lang='grc' dir='ltr'>μὴ</span> <span class='ocrx_word' id='word_1_488' title='bbox 1341 4369 1528 4423; x_wconf 83' lang='grc' dir='ltr'>ἑαυτὸν</span> <span class='ocrx_word' id='word_1_489' title='bbox 1555 4372 1813 4444; x_wconf 84' lang='grc' dir='ltr'>προέσθαι</span> 
     </span>
    </p>
   </div>
   <div class='ocr_carea' id='block_1_61' title="bbox 249 4451 1815 4528">
    <p class='ocr_par' dir='ltr' id='par_1_61' title="bbox 249 4451 1815 4528">
     <span class='ocr_line' id='line_1_61' title="bbox 249 4451 1815 4528; baseline 0.008 -23"><span class='ocrx_word' id='word_1_490' title='bbox 249 4451 335 4505; x_wconf 73' lang='grc' dir='ltr'>διὰ</span> <span class='ocrx_word' id='word_1_491' title='bbox 363 4453 462 4522; x_wconf 85' lang='grc' dir='ltr'><strong>τῆς</strong></span> <span class='ocrx_word' id='word_1_492' title='bbox 485 4452 850 4518; x_wconf 84' lang='grc' dir='ltr'>ἀνελπιστίας,</span> <span class='ocrx_word' id='word_1_493' title='bbox 892 4455 1067 4528; x_wconf 85' lang='grc' dir='ltr'>ἀγαθὴ</span> <span class='ocrx_word' id='word_1_494' title='bbox 1104 4459 1137 4528; x_wconf 88' lang='grc' dir='ltr'><strong>ή</strong></span> <span class='ocrx_word' id='word_1_495' title='bbox 1177 4457 1328 4522; x_wconf 74' lang='grc' dir='ltr'>ἐλπὶς</span> <span class='ocrx_word' id='word_1_496' title='bbox 1360 4458 1454 4512; x_wconf 81' lang='grc' dir='ltr'><strong>τοῦ</strong></span> <span class='ocrx_word' id='word_1_497' title='bbox 1499 4460 1697 4526; x_wconf 84' lang='grc' dir='ltr'>ἐλέους.</span> <span class='ocrx_word' id='word_1_498' title='bbox 1742 4465 1815 4518; x_wconf 85' lang='grc' dir='ltr'>Τὸ</span> 
     </span>
    </p>
   </div>
   <div class='ocr_carea' id='block_1_62' title="bbox 1943 1987 3521 2054">
    <p class='ocr_par' dir='ltr' id='par_1_62' title="bbox 1943 1987 3521 2054">
     <span class='ocr_line' id='line_1_62' title="bbox 1943 1987 3521 2054; baseline 0.008 -13"><span class='ocrx_word' id='word_1_499' title='bbox 1943 1987 2064 2042; x_wconf 89' lang='lat' dir='ltr'><strong>dam</strong></span> <span class='ocrx_word' id='word_1_500' title='bbox 2117 1987 2428 2044; x_wconf 87' lang='lat' dir='ltr'><strong>admittens.</strong></span> <span class='ocrx_word' id='word_1_501' title='bbox 2455 1989 2659 2044; x_wconf 86' lang='lat' dir='ltr'><strong>Deinde</strong></span> <span class='ocrx_word' id='word_1_502' title='bbox 2697 1989 2782 2044; x_wconf 90' lang='lat' dir='ltr'><strong>his</strong></span> <span class='ocrx_word' id='word_1_503' title='bbox 2814 1990 2974 2046; x_wconf 87' lang='lat' dir='ltr'><strong>dictis</strong></span> <span class='ocrx_word' id='word_1_504' title='bbox 3025 1995 3275 2052; x_wconf 90' lang='lat' dir='ltr'><strong>omnibus</strong></span> <span class='ocrx_word' id='word_1_505' title='bbox 3301 2007 3521 2054; x_wconf 85' lang='lat' dir='ltr'><strong>senten-</strong></span> 
     </span>
    </p>
   </div>
   <div class='ocr_carea' id='block_1_63' title="bbox 1943 2077 3516 2156">
    <p class='ocr_par' dir='ltr' id='par_1_63' title="bbox 1943 2077 3516 2156">
     <span class='ocr_line' id='line_1_63' title="bbox 1943 2077 3516 2156; baseline 0.009 -26"><span class='ocrx_word' id='word_1_506' title='bbox 1943 2078 2068 2131; x_wconf 88' lang='lat' dir='ltr'><strong>tiam</strong></span> <span class='ocrx_word' id='word_1_507' title='bbox 2083 2077 2284 2144; x_wconf 88' lang='lat' dir='ltr'><strong>subdit,</strong></span> <span class='ocrx_word' id='word_1_508' title='bbox 2313 2095 2415 2134; x_wconf 92' lang='lat' dir='ltr'><strong>non</strong></span> <span class='ocrx_word' id='word_1_509' title='bbox 2434 2093 2500 2134; x_wconf 81' lang='lat' dir='ltr'><strong>ex</strong></span> <span class='ocrx_word' id='word_1_510' title='bbox 2535 2081 2650 2135; x_wconf 89' lang='lat' dir='ltr'><strong>suis</strong></span> <span class='ocrx_word' id='word_1_511' title='bbox 2679 2081 2847 2151; x_wconf 90' lang='lat' dir='ltr'><strong>ipsius</strong></span> <span class='ocrx_word' id='word_1_512' title='bbox 2871 2081 3050 2137; x_wconf 84' lang='lat' dir='ltr'><strong>verbis</strong></span> <span class='ocrx_word' id='word_1_513' title='bbox 3071 2084 3516 2156; x_wconf 88' lang='lat' dir='ltr'><strong>adornatam,sed</strong></span> 
     </span>
    </p>
   </div>
   <div class='ocr_carea' id='block_1_64' title="bbox 1939 2171 3515 2247">
    <p class='ocr_par' dir='ltr' id='par_1_64' title="bbox 1939 2171 3515 2247">
     <span class='ocr_line' id='line_1_64' title="bbox 1939 2171 3515 2247; baseline 0.008 -25"><span class='ocrx_word' id='word_1_514' title='bbox 1939 2185 2097 2239; x_wconf 84' lang='lat' dir='ltr'><strong>quam</strong></span> <span class='ocrx_word' id='word_1_515' title='bbox 2128 2171 2196 2225; x_wconf 90' lang='lat' dir='ltr'><strong>ab</strong></span> <span class='ocrx_word' id='word_1_516' title='bbox 2230 2171 2344 2239; x_wconf 88' lang='lat' dir='ltr'><strong>ipso</strong></span> <span class='ocrx_word' id='word_1_517' title='bbox 2378 2171 2487 2227; x_wconf 83' lang='lat' dir='ltr'><strong>Deo</strong></span> <span class='ocrx_word' id='word_1_518' title='bbox 2519 2173 2738 2226; x_wconf 86' lang='lat' dir='ltr'><strong>audivit.</strong></span> <span class='ocrx_word' id='word_1_519' title='bbox 2757 2171 2918 2229; x_wconf 74' lang='lat' dir='ltr'><strong>Vens.</strong></span> <span class='ocrx_word' id='word_1_520' title='bbox 2940 2175 3027 2229; x_wconf 74' lang='grc'><strong>12.</strong></span> <span class='ocrx_word' id='word_1_521' title='bbox 3052 2173 3222 2230; x_wconf 73' lang='lat' dir='ltr'><strong>Semel</strong></span> <span class='ocrx_word' id='word_1_522' title='bbox 3243 2179 3402 2247; x_wconf 80' lang='lat' dir='ltr'><strong>enim,</strong></span> <span class='ocrx_word' id='word_1_523' title='bbox 3432 2181 3515 2234; x_wconf 87' lang='lat' dir='ltr'><strong>in-</strong></span> 
     </span>
    </p>
   </div>
   <div class='ocr_carea' id='block_1_65' title="bbox 1937 2255 3511 2338">
    <p class='ocr_par' dir='ltr' id='par_1_65' title="bbox 1937 2255 3511 2338">
     <span class='ocr_line' id='line_1_65' title="bbox 1937 2255 3511 2338; baseline 0.004 -23"><span class='ocrx_word' id='word_1_524' title='bbox 1937 2263 2070 2331; x_wconf 85' lang='lat' dir='ltr'><strong>quit,</strong></span> <span class='ocrx_word' id='word_1_525' title='bbox 2090 2255 2292 2316; x_wconf 61' lang='lat' dir='ltr'><strong>locutu}</strong></span> <span class='ocrx_word' id='word_1_526' title='bbox 2309 2272 2381 2317; x_wconf 75' lang='lat' dir='ltr'><strong>est</strong></span> <span class='ocrx_word' id='word_1_527' title='bbox 2404 2262 2564 2327; x_wconf 69' lang='lat' dir='ltr'><strong>Deut,</strong></span> <span class='ocrx_word' id='word_1_528' title='bbox 2585 2264 2688 2317; x_wconf 84' lang='lat' dir='ltr'><strong>duo</strong></span> <span class='ocrx_word' id='word_1_529' title='bbox 2711 2264 2822 2317; x_wconf 65' lang='lat' dir='ltr'><strong>hare</strong></span> <span class='ocrx_word' id='word_1_530' title='bbox 2848 2265 3042 2318; x_wconf 81' lang='lat' dir='ltr'><strong>audivi.</strong></span> <span class='ocrx_word' id='word_1_531' title='bbox 3061 2265 3169 2320; x_wconf 82' lang='lat' dir='ltr'><strong>Nec</strong></span> <span class='ocrx_word' id='word_1_532' title='bbox 3190 2281 3511 2338; x_wconf 88' lang='lat' dir='ltr'><strong>quemquam</strong></span> 
     </span>
    </p>
   </div>
   <div class='ocr_carea' id='block_1_66' title="bbox 1936 2351 3514 2427">
    <p class='ocr_par' dir='ltr' id='par_1_66' title="bbox 1936 2351 3514 2427">
     <span class='ocr_line' id='line_1_66' title="bbox 1936 2351 3514 2427; baseline 0.004 -21"><span class='ocrx_word' id='word_1_533' title='bbox 1936 2351 2040 2406; x_wconf 89' lang='lat' dir='ltr'><strong>hoc</strong></span> <span class='ocrx_word' id='word_1_534' title='bbox 2071 2352 2275 2406; x_wconf 89' lang='lat' dir='ltr'><strong>dictum</strong></span> <span class='ocrx_word' id='word_1_535' title='bbox 2326 2352 2479 2422; x_wconf 88' lang='lat' dir='ltr'><strong>quasi</strong></span> <span class='ocrx_word' id='word_1_536' title='bbox 2529 2354 2861 2418; x_wconf 78' lang='lat' dir='ltr'><strong>paradoxum</strong></span> <span class='ocrx_word' id='word_1_537' title='bbox 2905 2356 3201 2423; x_wconf 86' lang='lat' dir='ltr'><strong>perturbet,</strong></span> <span class='ocrx_word' id='word_1_538' title='bbox 3241 2361 3514 2427; x_wconf 88' lang='lat' dir='ltr'><strong>quomodo</strong></span> 
     </span>
    </p>
   </div>
   <div class='ocr_carea' id='block_1_67' title="bbox 1935 2442 3511 2516">
    <p class='ocr_par' dir='ltr' id='par_1_67' title="bbox 1935 2442 3511 2516">
     <span class='ocr_line' id='line_1_67' title="bbox 1935 2442 3511 2516; baseline 0.005 -19"><span class='ocrx_word' id='word_1_539' title='bbox 1935 2442 2077 2498; x_wconf 87' lang='lat' dir='ltr'><strong>Deus</strong></span> <span class='ocrx_word' id='word_1_540' title='bbox 2090 2445 2303 2513; x_wconf 85' lang='lat' dir='ltr'><strong>quidem</strong></span> <span class='ocrx_word' id='word_1_541' title='bbox 2322 2444 2488 2500; x_wconf 89' lang='lat' dir='ltr'><strong>semel</strong></span> <span class='ocrx_word' id='word_1_542' title='bbox 2508 2445 2714 2500; x_wconf 89' lang='lat' dir='ltr'><strong>locutus</strong></span> <span class='ocrx_word' id='word_1_543' title='bbox 2731 2445 3088 2516; x_wconf 84' lang='lat' dir='ltr'><strong>sit,Propbeta</strong></span> <span class='ocrx_word' id='word_1_544' title='bbox 3103 2463 3231 2504; x_wconf 86' lang='lat' dir='ltr'><strong>vero</strong></span> <span class='ocrx_word' id='word_1_545' title='bbox 3242 2449 3348 2504; x_wconf 90' lang='lat' dir='ltr'><strong>duo</strong></span> <span class='ocrx_word' id='word_1_546' title='bbox 3359 2452 3511 2506; x_wconf 81' lang='lat' dir='ltr'><strong>audi-</strong></span> 
     </span>
    </p>
   </div>
   <div class='ocr_carea' id='block_1_68' title="bbox 1934 2533 3509 2610">
    <p class='ocr_par' dir='ltr' id='par_1_68' title="bbox 1934 2533 3509 2610">
     <span class='ocr_line' id='line_1_68' title="bbox 1934 2533 3509 2610; baseline 0.004 -23"><span class='ocrx_word' id='word_1_547' title='bbox 1934 2533 2092 2589; x_wconf 87' lang='lat' dir='ltr'><strong>verit.</strong></span> <span class='ocrx_word' id='word_1_548' title='bbox 2120 2533 2261 2589; x_wconf 87' lang='lat' dir='ltr'><strong>Fieri</strong></span> <span class='ocrx_word' id='word_1_549' title='bbox 2293 2536 2436 2590; x_wconf 89' lang='lat' dir='ltr'><strong>enim</strong></span> <span class='ocrx_word' id='word_1_550' title='bbox 2470 2546 2646 2610; x_wconf 90' lang='lat' dir='ltr'><strong>potest</strong></span> <span class='ocrx_word' id='word_1_551' title='bbox 2675 2547 2728 2589; x_wconf 91' lang='lat' dir='ltr'><strong>ut</strong></span> <span class='ocrx_word' id='word_1_552' title='bbox 2757 2536 2878 2605; x_wconf 89' lang='lat' dir='ltr'><strong>quis</strong></span> <span class='ocrx_word' id='word_1_553' title='bbox 2905 2537 3071 2590; x_wconf 86' lang='lat' dir='ltr'><strong>semel</strong></span> <span class='ocrx_word' id='word_1_554' title='bbox 3099 2537 3310 2594; x_wconf 92' lang='lat' dir='ltr'><strong>locutus</strong></span> <span class='ocrx_word' id='word_1_555' title='bbox 3335 2541 3427 2602; x_wconf 90' lang='lat' dir='ltr'><strong>sit,</strong></span> <span class='ocrx_word' id='word_1_556' title='bbox 3447 2552 3509 2596; x_wconf 86' lang='lat' dir='ltr'><strong>et</strong></span> 
     </span>
    </p>
   </div>
   <div class='ocr_carea' id='block_1_69' title="bbox 1933 2625 3505 2696">
    <p class='ocr_par' dir='ltr' id='par_1_69' title="bbox 1933 2625 3505 2696">
     <span class='ocr_line' id='line_1_69' title="bbox 1933 2625 3505 2696; baseline 0.006 -18"><span class='ocrx_word' id='word_1_557' title='bbox 1933 2625 2072 2679; x_wconf 89' lang='lat' dir='ltr'><strong>inter</strong></span> <span class='ocrx_word' id='word_1_558' title='bbox 2099 2626 2267 2681; x_wconf 88' lang='lat' dir='ltr'><strong>semel</strong></span> <span class='ocrx_word' id='word_1_559' title='bbox 2293 2627 2615 2696; x_wconf 88' lang='lat' dir='ltr'><strong>loquendum</strong></span> <span class='ocrx_word' id='word_1_560' title='bbox 2646 2627 2788 2683; x_wconf 89' lang='lat' dir='ltr'><strong>dicta</strong></span> <span class='ocrx_word' id='word_1_561' title='bbox 2811 2628 2920 2683; x_wconf 89' lang='lat' dir='ltr'><strong>sint</strong></span> <span class='ocrx_word' id='word_1_562' title='bbox 2951 2629 3140 2683; x_wconf 90' lang='lat' dir='ltr'><strong>multa.</strong></span> <span class='ocrx_word' id='word_1_563' title='bbox 3182 2629 3315 2685; x_wconf 86' lang='lat' dir='ltr'><strong>Nam</strong></span> <span class='ocrx_word' id='word_1_564' title='bbox 3343 2631 3505 2688; x_wconf 89' lang='lat' dir='ltr'><strong>homo</strong></span> 
     </span>
    </p>
   </div>
   <div class='ocr_carea' id='block_1_70' title="bbox 1931 2716 3504 2790">
    <p class='ocr_par' dir='ltr' id='par_1_70' title="bbox 1931 2716 3504 2790">
     <span class='ocr_line' id='line_1_70' title="bbox 1931 2716 3504 2790; baseline 0.007 -21"><span class='ocrx_word' id='word_1_565' title='bbox 1931 2716 2221 2786; x_wconf 86' lang='lat' dir='ltr'><strong>quispiam,</strong></span> <span class='ocrx_word' id='word_1_566' title='bbox 2251 2718 2418 2772; x_wconf 89' lang='lat' dir='ltr'><strong>semel</strong></span> <span class='ocrx_word' id='word_1_567' title='bbox 2464 2733 2586 2773; x_wconf 89' lang='lat' dir='ltr'><strong>cum</strong></span> <span class='ocrx_word' id='word_1_568' title='bbox 2623 2719 2804 2788; x_wconf 92' lang='lat' dir='ltr'><strong>aliquo</strong></span> <span class='ocrx_word' id='word_1_569' title='bbox 2848 2735 3195 2790; x_wconf 80' lang='lat' dir='ltr'><strong>congressus,</strong></span> <span class='ocrx_word' id='word_1_570' title='bbox 3224 2724 3290 2778; x_wconf 90' lang='lat' dir='ltr'><strong>de</strong></span> <span class='ocrx_word' id='word_1_571' title='bbox 3321 2727 3504 2780; x_wconf 91' lang='lat' dir='ltr'><strong>multis</strong></span> 
     </span>
    </p>
   </div>
   <div class='ocr_carea' id='block_1_71' title="bbox 1929 2809 3500 2884">
    <p class='ocr_par' dir='ltr' id='par_1_71' title="bbox 1929 2809 3500 2884">
     <span class='ocr_line' id='line_1_71' title="bbox 1929 2809 3500 2884; baseline 0.005 -22"><span class='ocrx_word' id='word_1_572' title='bbox 1929 2809 2186 2864; x_wconf 89' lang='lat' dir='ltr'><strong>disseruit</strong></span> <span class='ocrx_word' id='word_1_573' title='bbox 2206 2826 2220 2875; x_wconf 92' lang='lat'><strong>;</strong></span> <span class='ocrx_word' id='word_1_574' title='bbox 2240 2811 2310 2863; x_wconf 87' lang='lat' dir='ltr'><strong>ita</strong></span> <span class='ocrx_word' id='word_1_575' title='bbox 2342 2811 2434 2880; x_wconf 91' lang='lat' dir='ltr'><strong>qui</strong></span> <span class='ocrx_word' id='word_1_576' title='bbox 2462 2810 2630 2880; x_wconf 87' lang='lat' dir='ltr'><strong>ipsius</strong></span> <span class='ocrx_word' id='word_1_577' title='bbox 2657 2809 2818 2866; x_wconf 77' lang='lat' dir='ltr'><strong>verba</strong></span> <span class='ocrx_word' id='word_1_578' title='bbox 2848 2812 3070 2881; x_wconf 80' lang='lat' dir='ltr'><strong>audivit,</strong></span> <span class='ocrx_word' id='word_1_579' title='bbox 3099 2824 3273 2884; x_wconf 89' lang='lat' dir='ltr'><strong>potest</strong></span> <span class='ocrx_word' id='word_1_580' title='bbox 3294 2818 3500 2872; x_wconf 85' lang='lat' dir='ltr'><strong>dicere:</strong></span> 
     </span>
    </p>
   </div>
   <div class='ocr_carea' id='block_1_72' title="bbox 1931 2899 3505 2970">
    <p class='ocr_par' dir='ltr' id='par_1_72' title="bbox 1931 2899 3505 2970">
     <span class='ocr_line' id='line_1_72' title="bbox 1931 2899 3505 2970; baseline 0.006 -16"><span class='ocrx_word' id='word_1_581' title='bbox 1931 2899 2109 2956; x_wconf 81' lang='lat' dir='ltr'><strong>Semel</strong></span> <span class='ocrx_word' id='word_1_582' title='bbox 2143 2903 2359 2970; x_wconf 85' lang='lat' dir='ltr'><strong>quidem</strong></span> <span class='ocrx_word' id='word_1_583' title='bbox 2391 2917 2477 2957; x_wconf 90' lang='lat' dir='ltr'><strong>me</strong></span> <span class='ocrx_word' id='word_1_584' title='bbox 2509 2901 2776 2958; x_wconf 90' lang='lat' dir='ltr'><strong>allocutus</strong></span> <span class='ocrx_word' id='word_1_585' title='bbox 2804 2913 2907 2969; x_wconf 89' lang='lat' dir='ltr'><strong>est,</strong></span> <span class='ocrx_word' id='word_1_586' title='bbox 2934 2905 3029 2960; x_wconf 88' lang='lat' dir='ltr'><strong>sed</strong></span> <span class='ocrx_word' id='word_1_587' title='bbox 3073 2907 3140 2960; x_wconf 91' lang='lat' dir='ltr'><strong>de</strong></span> <span class='ocrx_word' id='word_1_588' title='bbox 3174 2908 3354 2963; x_wconf 92' lang='lat' dir='ltr'><strong>multis</strong></span> <span class='ocrx_word' id='word_1_589' title='bbox 3397 2926 3505 2965; x_wconf 78' lang='lat' dir='ltr'><strong>ser-</strong></span> 
     </span>
    </p>
   </div>
   <div class='ocr_carea' id='block_1_73' title="bbox 1929 2991 3499 3064">
    <p class='ocr_par' dir='ltr' id='par_1_73' title="bbox 1929 2991 3499 3064">
     <span class='ocr_line' id='line_1_73' title="bbox 1929 2991 3499 3064; baseline 0.007 -19"><span class='ocrx_word' id='word_1_590' title='bbox 1929 3007 2142 3046; x_wconf 90' lang='lat' dir='ltr'><strong>monem</strong></span> <span class='ocrx_word' id='word_1_591' title='bbox 2199 2993 2407 3048; x_wconf 90' lang='lat' dir='ltr'><strong>babuit.</strong></span> <span class='ocrx_word' id='word_1_592' title='bbox 2448 2991 2559 3048; x_wconf 83' lang='lat' dir='ltr'><strong>Hoc</strong></span> <span class='ocrx_word' id='word_1_593' title='bbox 2585 3003 2686 3060; x_wconf 91' lang='lat' dir='ltr'><strong>est,</strong></span> <span class='ocrx_word' id='word_1_594' title='bbox 2739 2995 2882 3064; x_wconf 91' lang='lat' dir='ltr'><strong>quod</strong></span> <span class='ocrx_word' id='word_1_595' title='bbox 2926 2997 3084 3056; x_wconf 89' lang='lat' dir='ltr'><strong>modo</strong></span> <span class='ocrx_word' id='word_1_596' title='bbox 3117 2999 3316 3054; x_wconf 88' lang='lat' dir='ltr'><strong>dictum</strong></span> <span class='ocrx_word' id='word_1_597' title='bbox 3349 3001 3447 3056; x_wconf 75' lang='lat' dir='ltr'><strong>fuit</strong></span> <span class='ocrx_word' id='word_1_598' title='bbox 3483 3023 3499 3060; x_wconf 91' lang='lat'><strong>:</strong></span> 
     </span>
    </p>
   </div>
   <div class='ocr_carea' id='block_1_74' title="bbox 1926 3083 3499 3153">
    <p class='ocr_par' dir='ltr' id='par_1_74' title="bbox 1926 3083 3499 3153">
     <span class='ocr_line' id='line_1_74' title="bbox 1926 3083 3499 3153; baseline 0.008 -17"><span class='ocrx_word' id='word_1_599' title='bbox 1926 3083 2056 3138; x_wconf 68' lang='lat' dir='ltr'><strong>Mihi</strong></span> <span class='ocrx_word' id='word_1_600' title='bbox 2105 3083 2320 3152; x_wconf 88' lang='lat' dir='ltr'><strong>quidem</strong></span> <span class='ocrx_word' id='word_1_601' title='bbox 2373 3083 2541 3138; x_wconf 89' lang='lat' dir='ltr'><strong>semel</strong></span> <span class='ocrx_word' id='word_1_602' title='bbox 2592 3087 2838 3153; x_wconf 87' lang='lat' dir='ltr'><strong>apparuit</strong></span> <span class='ocrx_word' id='word_1_603' title='bbox 2892 3086 3053 3152; x_wconf 88' lang='lat' dir='ltr'><strong>Deus,</strong></span> <span class='ocrx_word' id='word_1_604' title='bbox 3103 3091 3198 3144; x_wconf 89' lang='lat' dir='ltr'><strong>sed</strong></span> <span class='ocrx_word' id='word_1_605' title='bbox 3253 3105 3338 3146; x_wconf 88' lang='lat' dir='ltr'><strong>res</strong></span> <span class='ocrx_word' id='word_1_606' title='bbox 3382 3096 3499 3148; x_wconf 74' lang='lat' dir='ltr'><strong>date</strong></span> 
     </span>
    </p>
   </div>
   <div class='ocr_carea' id='block_1_75' title="bbox 1925 3172 3496 3248">
    <p class='ocr_par' dir='ltr' id='par_1_75' title="bbox 1925 3172 3496 3248">
     <span class='ocr_line' id='line_1_75' title="bbox 1925 3172 3496 3248; baseline 0.004 -21"><span class='ocrx_word' id='word_1_607' title='bbox 1925 3184 2070 3239; x_wconf 87' lang='lat' dir='ltr'><strong>sunt,</strong></span> <span class='ocrx_word' id='word_1_608' title='bbox 2099 3189 2237 3243; x_wconf 85' lang='lat' dir='ltr'><strong>quas</strong></span> <span class='ocrx_word' id='word_1_609' title='bbox 2273 3173 2428 3228; x_wconf 81' lang='lat' dir='ltr'><strong>dixit.</strong></span> <span class='ocrx_word' id='word_1_610' title='bbox 2459 3172 2574 3229; x_wconf 86' lang='lat' dir='ltr'><strong>Non</strong></span> <span class='ocrx_word' id='word_1_611' title='bbox 2605 3177 2681 3228; x_wconf 89' lang='lat' dir='ltr'><strong>ait</strong></span> <span class='ocrx_word' id='word_1_612' title='bbox 2721 3189 2736 3226; x_wconf 90' lang='lat'><strong>:</strong></span> <span class='ocrx_word' id='word_1_613' title='bbox 2771 3175 2947 3230; x_wconf 87' lang='lat' dir='ltr'><strong>Unum</strong></span> <span class='ocrx_word' id='word_1_614' title='bbox 2979 3177 3186 3233; x_wconf 91' lang='lat' dir='ltr'><strong>locutus</strong></span> <span class='ocrx_word' id='word_1_615' title='bbox 3219 3192 3304 3235; x_wconf 86' lang='lat' dir='ltr'><strong>est</strong></span> <span class='ocrx_word' id='word_1_616' title='bbox 3332 3181 3496 3248; x_wconf 85' lang='lat' dir='ltr'><strong>Dens,</strong></span> 
     </span>
    </p>
   </div>
   <div class='ocr_carea' id='block_1_76' title="bbox 1926 3264 3500 3340">
    <p class='ocr_par' dir='ltr' id='par_1_76' title="bbox 1926 3264 3500 3340">
     <span class='ocr_line' id='line_1_76' title="bbox 1926 3264 3500 3340; baseline 0.004 -20"><span class='ocrx_word' id='word_1_617' title='bbox 1926 3276 1980 3320; x_wconf 91' lang='lat' dir='ltr'><strong>et</strong></span> <span class='ocrx_word' id='word_1_618' title='bbox 2009 3275 2186 3320; x_wconf 89' lang='lat' dir='ltr'><strong>tamen</strong></span> <span class='ocrx_word' id='word_1_619' title='bbox 2218 3265 2334 3319; x_wconf 71' lang='lat' dir='ltr'><strong>haec</strong></span> <span class='ocrx_word' id='word_1_620' title='bbox 2364 3265 2469 3319; x_wconf 89' lang='lat' dir='ltr'><strong>duo</strong></span> <span class='ocrx_word' id='word_1_621' title='bbox 2501 3264 2679 3319; x_wconf 88' lang='lat' dir='ltr'><strong>audivi</strong></span> <span class='ocrx_word' id='word_1_622' title='bbox 2711 3282 2726 3332; x_wconf 92' lang='lat'><strong>;</strong></span> <span class='ocrx_word' id='word_1_623' title='bbox 2755 3266 2834 3320; x_wconf 84' lang='lat' dir='ltr'><strong>sic</strong></span> <span class='ocrx_word' id='word_1_624' title='bbox 2867 3268 3008 3322; x_wconf 85' lang='lat' dir='ltr'><strong>enim</strong></span> <span class='ocrx_word' id='word_1_625' title='bbox 3039 3285 3217 3325; x_wconf 87' lang='lat' dir='ltr'><strong>sermo</strong></span> <span class='ocrx_word' id='word_1_626' title='bbox 3243 3277 3500 3340; x_wconf 89' lang='lat' dir='ltr'><strong>quodam-</strong></span> 
     </span>
    </p>
   </div>
   <div class='ocr_carea' id='block_1_77' title="bbox 1925 3354 3496 3429">
    <p class='ocr_par' dir='ltr' id='par_1_77' title="bbox 1925 3354 3496 3429">
     <span class='ocr_line' id='line_1_77' title="bbox 1925 3354 3496 3429; baseline 0.006 -21"><span class='ocrx_word' id='word_1_627' title='bbox 1925 3356 2088 3410; x_wconf 90' lang='lat' dir='ltr'><strong>modo</strong></span> <span class='ocrx_word' id='word_1_628' title='bbox 2115 3371 2294 3410; x_wconf 85' lang='lat' dir='ltr'><strong>secum</strong></span> <span class='ocrx_word' id='word_1_629' title='bbox 2312 3370 2547 3424; x_wconf 79' lang='lat' dir='ltr'><strong>pugnare</strong></span> <span class='ocrx_word' id='word_1_630' title='bbox 2568 3354 2858 3409; x_wconf 88' lang='lat' dir='ltr'><strong>videretur.</strong></span> <span class='ocrx_word' id='word_1_631' title='bbox 2876 3355 3004 3424; x_wconf 80' lang='lat' dir='ltr'><strong>Qua:</strong></span> <span class='ocrx_word' id='word_1_632' title='bbox 3027 3359 3187 3429; x_wconf 78' lang='lat' dir='ltr'><strong>igitur</strong></span> <span class='ocrx_word' id='word_1_633' title='bbox 3208 3373 3361 3416; x_wconf 87' lang='lat' dir='ltr'><strong>erant</strong></span> <span class='ocrx_word' id='word_1_634' title='bbox 3389 3367 3496 3418; x_wconf 90' lang='lat' dir='ltr'><strong>duo</strong></span> 
     </span>
    </p>
   </div>
   <div class='ocr_carea' id='block_1_78' title="bbox 1925 3441 3494 3524">
    <p class='ocr_par' dir='ltr' id='par_1_78' title="bbox 1925 3441 3494 3524">
     <span class='ocr_line' id='line_1_78' title="bbox 1925 3441 3494 3524; baseline 0.006 -27"><span class='ocrx_word' id='word_1_635' title='bbox 1925 3443 2041 3500; x_wconf 63' lang='lat' dir='ltr'><strong>haec</strong></span> <span class='ocrx_word' id='word_1_636' title='bbox 2062 3458 2182 3512; x_wconf 64' lang='lat' dir='ltr'><strong>qua:</strong></span> <span class='ocrx_word' id='word_1_637' title='bbox 2210 3444 2453 3498; x_wconf 82' lang='lat' dir='ltr'><strong>audivit?</strong></span> <span class='ocrx_word' id='word_1_638' title='bbox 2477 3441 2722 3497; x_wconf 75' lang='lat' dir='ltr'><strong>Pomtas</strong></span> <span class='ocrx_word' id='word_1_639' title='bbox 2746 3443 2843 3499; x_wconf 88' lang='lat' dir='ltr'><strong>Dei</strong></span> <span class='ocrx_word' id='word_1_640' title='bbox 2872 3455 2970 3512; x_wconf 83' lang='lat' dir='ltr'><strong>est,</strong></span> <span class='ocrx_word' id='word_1_641' title='bbox 3000 3454 3174 3517; x_wconf 73' lang='lat' dir='ltr'><strong>(Vsus.</strong></span> <span class='ocrx_word' id='word_1_642' title='bbox 3193 3449 3282 3524; x_wconf 74' lang='grc'><strong>15)</strong></span> <span class='ocrx_word' id='word_1_643' title='bbox 3306 3462 3355 3506; x_wconf 74' lang='lat' dir='ltr'><strong>et</strong></span> <span class='ocrx_word' id='word_1_644' title='bbox 3383 3465 3494 3517; x_wconf 84' lang='lat' dir='ltr'><strong>tua,</strong></span> 
     </span>
    </p>
   </div>
   <div class='ocr_carea' id='block_1_79' title="bbox 1924 3537 3500 3615">
    <p class='ocr_par' dir='ltr' id='par_1_79' title="bbox 1924 3537 3500 3615">
     <span class='ocr_line' id='line_1_79' title="bbox 1924 3537 3500 3615; baseline 0.005 -22"><span class='ocrx_word' id='word_1_645' title='bbox 1924 3539 2145 3593; x_wconf 86' lang='lat' dir='ltr'><strong>Domine</strong></span> <span class='ocrx_word' id='word_1_646' title='bbox 2170 3582 2184 3606; x_wconf 91' lang='lat'><strong>,</strong></span> <span class='ocrx_word' id='word_1_647' title='bbox 2219 3538 2598 3594; x_wconf 77' lang='lat' dir='ltr'><strong>misericordia.</strong></span> <span class='ocrx_word' id='word_1_648' title='bbox 2641 3537 2812 3602; x_wconf 89' lang='lat' dir='ltr'><strong>Deus,</strong></span> <span class='ocrx_word' id='word_1_649' title='bbox 2851 3540 3047 3611; x_wconf 90' lang='lat' dir='ltr'><strong>inquit,</strong></span> <span class='ocrx_word' id='word_1_650' title='bbox 3085 3553 3275 3612; x_wconf 89' lang='lat' dir='ltr'><strong>potens</strong></span> <span class='ocrx_word' id='word_1_651' title='bbox 3317 3547 3368 3600; x_wconf 89' lang='lat' dir='ltr'><strong>in</strong></span> <span class='ocrx_word' id='word_1_652' title='bbox 3410 3548 3500 3615; x_wconf 85' lang='lat' dir='ltr'><strong>ju-</strong></span> 
     </span>
    </p>
   </div>
   <div class='ocr_carea' id='block_1_80' title="bbox 1925 3627 3495 3703">
    <p class='ocr_par' dir='ltr' id='par_1_80' title="bbox 1925 3627 3495 3703">
     <span class='ocr_line' id='line_1_80' title="bbox 1925 3627 3495 3703; baseline 0.006 -20"><span class='ocrx_word' id='word_1_653' title='bbox 1925 3628 2090 3692; x_wconf 83' lang='lat' dir='ltr'><strong>dicio,</strong></span> <span class='ocrx_word' id='word_1_654' title='bbox 2144 3636 2199 3682; x_wconf 89' lang='lat' dir='ltr'><strong>et</strong></span> <span class='ocrx_word' id='word_1_655' title='bbox 2245 3628 2384 3682; x_wconf 89' lang='lat' dir='ltr'><strong>idem</strong></span> <span class='ocrx_word' id='word_1_656' title='bbox 2416 3627 2745 3682; x_wconf 88' lang='lat' dir='ltr'><strong>misericors.</strong></span> <span class='ocrx_word' id='word_1_657' title='bbox 2779 3628 2965 3699; x_wconf 86' lang='lat' dir='ltr'><strong>Neque</strong></span> <span class='ocrx_word' id='word_1_658' title='bbox 2994 3631 3158 3700; x_wconf 75' lang='lat' dir='ltr'><strong>igitur</strong></span> <span class='ocrx_word' id='word_1_659' title='bbox 3197 3645 3411 3703; x_wconf 86' lang='lat' dir='ltr'><strong>sperate</strong></span> <span class='ocrx_word' id='word_1_660' title='bbox 3443 3639 3495 3692; x_wconf 90' lang='lat' dir='ltr'><strong>in</strong></span> 
     </span>
    </p>
   </div>
   <div class='ocr_carea' id='block_1_81' title="bbox 1923 3719 3494 3798">
    <p class='ocr_par' dir='ltr' id='par_1_81' title="bbox 1923 3719 3494 3798">
     <span class='ocr_line' id='line_1_81' title="bbox 1923 3719 3494 3798; baseline 0.004 -22"><span class='ocrx_word' id='word_1_661' title='bbox 1923 3721 2227 3791; x_wconf 85' lang='lat' dir='ltr'><strong>iniquitate,</strong></span> <span class='ocrx_word' id='word_1_662' title='bbox 2269 3734 2445 3791; x_wconf 88' lang='lat' dir='ltr'><strong>neque</strong></span> <span class='ocrx_word' id='word_1_663' title='bbox 2480 3719 2683 3774; x_wconf 90' lang='lat' dir='ltr'><strong>divitiis</strong></span> <span class='ocrx_word' id='word_1_664' title='bbox 2717 3722 2916 3779; x_wconf 87' lang='lat' dir='ltr'><strong>addicti</strong></span> <span class='ocrx_word' id='word_1_665' title='bbox 2956 3734 3150 3790; x_wconf 90' lang='lat' dir='ltr'><strong>estote,</strong></span> <span class='ocrx_word' id='word_1_666' title='bbox 3177 3740 3354 3798; x_wconf 86' lang='lat' dir='ltr'><strong>neque</strong></span> <span class='ocrx_word' id='word_1_667' title='bbox 3375 3745 3494 3782; x_wconf 83' lang='lat' dir='ltr'><strong>am-</strong></span> 
     </span>
    </p>
   </div>
   <div class='ocr_carea' id='block_1_82' title="bbox 1923 3809 3496 3884">
    <p class='ocr_par' dir='ltr' id='par_1_82' title="bbox 1923 3809 3496 3884">
     <span class='ocr_line' id='line_1_82' title="bbox 1923 3809 3496 3884; baseline 0.004 -18"><span class='ocrx_word' id='word_1_668' title='bbox 1923 3809 2234 3882; x_wconf 89' lang='lat' dir='ltr'><strong>plectamini</strong></span> <span class='ocrx_word' id='word_1_669' title='bbox 2274 3810 2590 3878; x_wconf 87' lang='lat' dir='ltr'><strong>vanitatem,</strong></span> <span class='ocrx_word' id='word_1_670' title='bbox 2624 3825 2797 3884; x_wconf 90' lang='lat' dir='ltr'><strong>neque</strong></span> <span class='ocrx_word' id='word_1_671' title='bbox 2817 3813 2984 3868; x_wconf 89' lang='lat' dir='ltr'><strong>animi</strong></span> <span class='ocrx_word' id='word_1_672' title='bbox 3008 3814 3269 3884; x_wconf 87' lang='lat' dir='ltr'><strong>judicium</strong></span> <span class='ocrx_word' id='word_1_673' title='bbox 3303 3833 3496 3874; x_wconf 81' lang='lat' dir='ltr'><strong>corru-</strong></span> 
     </span>
    </p>
   </div>
   <div class='ocr_carea' id='block_1_83' title="bbox 1920 3903 3495 3976">
    <p class='ocr_par' dir='ltr' id='par_1_83' title="bbox 1920 3903 3495 3976">
     <span class='ocr_line' id='line_1_83' title="bbox 1920 3903 3495 3976; baseline 0.004 -17"><span class='ocrx_word' id='word_1_674' title='bbox 1920 3916 2069 3976; x_wconf 88' lang='lat' dir='ltr'><strong>ptum</strong></span> <span class='ocrx_word' id='word_1_675' title='bbox 2101 3903 2465 3961; x_wconf 81' lang='lat' dir='ltr'><strong>circumferte.</strong></span> <span class='ocrx_word' id='word_1_676' title='bbox 2485 3903 2773 3959; x_wconf 87' lang='lat' dir='ltr'><strong>Dominum</strong></span> <span class='ocrx_word' id='word_1_677' title='bbox 2804 3915 3047 3964; x_wconf 83' lang='lat' dir='ltr'><strong>nostrum</strong></span> <span class='ocrx_word' id='word_1_678' title='bbox 3081 3917 3349 3976; x_wconf 89' lang='lat' dir='ltr'><strong>potentem</strong></span> <span class='ocrx_word' id='word_1_679' title='bbox 3375 3924 3495 3965; x_wconf 85' lang='lat' dir='ltr'><strong>esse</strong></span> 
     </span>
    </p>
   </div>
   <div class='ocr_carea' id='block_1_84' title="bbox 1920 3993 3494 4067">
    <p class='ocr_par' dir='ltr' id='par_1_84' title="bbox 1920 3993 3494 4067">
     <span class='ocr_line' id='line_1_84' title="bbox 1920 3993 3494 4067; baseline 0.002 -15"><span class='ocrx_word' id='word_1_680' title='bbox 1920 4011 2043 4052; x_wconf 87' lang='lat' dir='ltr'><strong>cum</strong></span> <span class='ocrx_word' id='word_1_681' title='bbox 2089 4009 2196 4051; x_wconf 88' lang='lat' dir='ltr'><strong>non</strong></span> <span class='ocrx_word' id='word_1_682' title='bbox 2249 3993 2530 4066; x_wconf 77' lang='lat' dir='ltr'><strong>ignoretis,</strong></span> <span class='ocrx_word' id='word_1_683' title='bbox 2565 3993 2751 4052; x_wconf 87' lang='lat' dir='ltr'><strong>timete</strong></span> <span class='ocrx_word' id='word_1_684' title='bbox 2803 3993 2921 4064; x_wconf 82' lang='lat' dir='ltr'><strong>eius</strong></span> <span class='ocrx_word' id='word_1_685' title='bbox 2971 3996 3360 4067; x_wconf 73' lang='lat' dir='ltr'><strong>fortitudinem,</strong></span> <span class='ocrx_word' id='word_1_686' title='bbox 3391 4015 3494 4056; x_wconf 76' lang='lat' dir='ltr'><strong>nee</strong></span> 
     </span>
    </p>
   </div>
   <div class='ocr_carea' id='block_1_85' title="bbox 1917 4081 3490 4161">
    <p class='ocr_par' dir='ltr' id='par_1_85' title="bbox 1917 4081 3490 4161">
     <span class='ocr_line' id='line_1_85' title="bbox 1917 4081 3490 4161; baseline 0.005 -21"><span class='ocrx_word' id='word_1_687' title='bbox 1917 4091 2100 4140; x_wconf 81' lang='lat' dir='ltr'><strong>tamen</strong></span> <span class='ocrx_word' id='word_1_688' title='bbox 2127 4084 2426 4155; x_wconf 84' lang='lat' dir='ltr'><strong>desperetis</strong></span> <span class='ocrx_word' id='word_1_689' title='bbox 2453 4087 2521 4141; x_wconf 90' lang='lat' dir='ltr'><strong>de</strong></span> <span class='ocrx_word' id='word_1_690' title='bbox 2563 4085 2732 4156; x_wconf 83' lang='lat' dir='ltr'><strong>ipsius</strong></span> <span class='ocrx_word' id='word_1_691' title='bbox 2769 4081 3124 4156; x_wconf 73' lang='lat' dir='ltr'><strong>benignitate.</strong></span> <span class='ocrx_word' id='word_1_692' title='bbox 3163 4089 3230 4144; x_wconf 85' lang='lat' dir='ltr'><strong>Et</strong></span> <span class='ocrx_word' id='word_1_693' title='bbox 3273 4091 3490 4161; x_wconf 80' lang='lat' dir='ltr'><strong>quidem</strong></span> 
     </span>
    </p>
   </div>
   <div class='ocr_carea' id='block_1_86' title="bbox 1918 4178 3486 4255">
    <p class='ocr_par' dir='ltr' id='par_1_86' title="bbox 1918 4178 3486 4255">
     <span class='ocr_line' id='line_1_86' title="bbox 1918 4178 3486 4255; baseline 0.004 -21"><span class='ocrx_word' id='word_1_694' title='bbox 1918 4181 2090 4235; x_wconf 89' lang='lat' dir='ltr'><strong>bonus</strong></span> <span class='ocrx_word' id='word_1_695' title='bbox 2119 4187 2205 4235; x_wconf 73' lang='lat' dir='ltr'><strong>est</strong></span> <span class='ocrx_word' id='word_1_696' title='bbox 2252 4178 2436 4243; x_wconf 89' lang='lat' dir='ltr'><strong>timor,</strong></span> <span class='ocrx_word' id='word_1_697' title='bbox 2485 4187 2545 4232; x_wconf 91' lang='lat' dir='ltr'><strong>ut</strong></span> <span class='ocrx_word' id='word_1_698' title='bbox 2587 4195 2654 4234; x_wconf 88' lang='lat' dir='ltr'><strong>ne</strong></span> <span class='ocrx_word' id='word_1_699' title='bbox 2685 4179 2814 4250; x_wconf 91' lang='lat' dir='ltr'><strong>quid</strong></span> <span class='ocrx_word' id='word_1_700' title='bbox 2869 4181 3218 4238; x_wconf 80' lang='lat' dir='ltr'><strong>adiuittamus</strong></span> <span class='ocrx_word' id='word_1_701' title='bbox 3267 4182 3434 4255; x_wconf 87' lang='lat' dir='ltr'><strong>iniqui</strong></span> <span class='ocrx_word' id='word_1_702' title='bbox 3472 4204 3486 4241; x_wconf 90' lang='lat'><strong>:</strong></span> 
     </span>
    </p>
   </div>
   <div class='ocr_carea' id='block_1_87' title="bbox 1917 4268 3491 4344">
    <p class='ocr_par' dir='ltr' id='par_1_87' title="bbox 1917 4268 3491 4344">
     <span class='ocr_line' id='line_1_87' title="bbox 1917 4268 3491 4344; baseline 0.004 -21"><span class='ocrx_word' id='word_1_703' title='bbox 1917 4283 2039 4339; x_wconf 89' lang='lat' dir='ltr'><strong>spes</strong></span> <span class='ocrx_word' id='word_1_704' title='bbox 2070 4283 2202 4324; x_wconf 90' lang='lat' dir='ltr'><strong>vero</strong></span> <span class='ocrx_word' id='word_1_705' title='bbox 2247 4268 2630 4325; x_wconf 75' lang='lat' dir='ltr'><strong>misericordia:</strong></span> <span class='ocrx_word' id='word_1_706' title='bbox 2677 4271 2815 4324; x_wconf 86' lang='lat' dir='ltr'><strong>bona</strong></span> <span class='ocrx_word' id='word_1_707' title='bbox 2845 4281 2948 4339; x_wconf 88' lang='lat' dir='ltr'><strong>est,</strong></span> <span class='ocrx_word' id='word_1_708' title='bbox 2982 4281 3041 4326; x_wconf 93' lang='lat' dir='ltr'><strong>ut</strong></span> <span class='ocrx_word' id='word_1_709' title='bbox 3081 4288 3150 4328; x_wconf 87' lang='lat' dir='ltr'><strong>ne</strong></span> <span class='ocrx_word' id='word_1_710' title='bbox 3199 4275 3290 4344; x_wconf 90' lang='lat' dir='ltr'><strong>qui</strong></span> <span class='ocrx_word' id='word_1_711' title='bbox 3324 4277 3491 4330; x_wconf 82' lang='lat' dir='ltr'><strong>semel</strong></span> 
     </span>
    </p>
   </div>
   <div class='ocr_carea' id='block_1_88' title="bbox 1917 4361 3490 4433">
    <p class='ocr_par' dir='ltr' id='par_1_88' title="bbox 1917 4361 3490 4433">
     <span class='ocr_line' id='line_1_88' title="bbox 1917 4361 3490 4433; baseline 0.002 -15"><span class='ocrx_word' id='word_1_712' title='bbox 1917 4363 1971 4418; x_wconf 93' lang='lat' dir='ltr'><strong>in</strong></span> <span class='ocrx_word' id='word_1_713' title='bbox 2011 4372 2292 4433; x_wconf 87' lang='lat' dir='ltr'><strong>peccatum</strong></span> <span class='ocrx_word' id='word_1_714' title='bbox 2343 4361 2622 4431; x_wconf 90' lang='lat' dir='ltr'><strong>prolapsus</strong></span> <span class='ocrx_word' id='word_1_715' title='bbox 2653 4372 2753 4426; x_wconf 87' lang='lat' dir='ltr'><strong>est,</strong></span> <span class='ocrx_word' id='word_1_716' title='bbox 2802 4377 2861 4419; x_wconf 88' lang='lat' dir='ltr'><strong>se</strong></span> <span class='ocrx_word' id='word_1_717' title='bbox 2891 4362 3003 4431; x_wconf 90' lang='lat' dir='ltr'><strong>ipse</strong></span> <span class='ocrx_word' id='word_1_718' title='bbox 3027 4380 3123 4432; x_wconf 88' lang='lat' dir='ltr'><strong>per</strong></span> <span class='ocrx_word' id='word_1_719' title='bbox 3155 4367 3490 4433; x_wconf 69' lang='lat' dir='ltr'><strong>desperatio~</strong></span> 
     </span>
    </p>
   </div>
   <div class='ocr_carea' id='block_1_89' title="bbox 1917 4453 3490 4527">
    <p class='ocr_par' dir='ltr' id='par_1_89' title="bbox 1917 4453 3490 4527">
     <span class='ocr_line' id='line_1_89' title="bbox 1917 4453 3490 4527; baseline 0.003 -17"><span class='ocrx_word' id='word_1_720' title='bbox 1917 4471 2038 4511; x_wconf 90' lang='lat' dir='ltr'><strong>nem</strong></span> <span class='ocrx_word' id='word_1_721' title='bbox 2088 4455 2298 4525; x_wconf 87' lang='lat' dir='ltr'><strong>perdat.</strong></span> <span class='ocrx_word' id='word_1_722' title='bbox 2340 4453 2476 4508; x_wconf 84' lang='lat' dir='ltr'><strong>Nam</strong></span> <span class='ocrx_word' id='word_1_723' title='bbox 2523 4454 2615 4508; x_wconf 90' lang='lat' dir='ltr'><strong>Dei</strong></span> <span class='ocrx_word' id='word_1_724' title='bbox 2662 4467 2745 4508; x_wconf 77' lang='lat' dir='ltr'><strong>est</strong></span> <span class='ocrx_word' id='word_1_725' title='bbox 2782 4464 3040 4524; x_wconf 85' lang='lat' dir='ltr'><strong>potestas,</strong></span> <span class='ocrx_word' id='word_1_726' title='bbox 3071 4466 3125 4510; x_wconf 91' lang='lat' dir='ltr'><strong>et</strong></span> <span class='ocrx_word' id='word_1_727' title='bbox 3155 4457 3222 4511; x_wconf 89' lang='lat' dir='ltr'><strong>ab</strong></span> <span class='ocrx_word' id='word_1_728' title='bbox 3256 4459 3372 4527; x_wconf 91' lang='lat' dir='ltr'><strong>ipso</strong></span> <span class='ocrx_word' id='word_1_729' title='bbox 3407 4470 3490 4514; x_wconf 85' lang='lat' dir='ltr'><strong>est</strong></span> 
     </span>
    </p>
   </div>
   <div class='ocr_carea' id='block_1_90' title="bbox 249 4541 1829 4618">
    <p class='ocr_par' dir='ltr' id='par_1_90' title="bbox 249 4541 1807 4618">
     <span class='ocr_line' id='line_1_90' title="bbox 249 4541 1807 4618; baseline 0.006 -24"><span class='ocrx_word' id='word_1_730' title='bbox 249 4541 355 4611; x_wconf 83' lang='grc' dir='ltr'><strong>γάρ</strong></span> <span class='ocrx_word' id='word_1_731' title='bbox 396 4543 596 4613; x_wconf 80' lang='grc' dir='ltr'>κράτος</span> <span class='ocrx_word' id='word_1_732' title='bbox 621 4541 714 4595; x_wconf 80' lang='grc' dir='ltr'>τοῦ</span> <span class='ocrx_word' id='word_1_733' title='bbox 744 4543 899 4606; x_wconf 80' lang='grc' dir='ltr'>Θεοῦ,</span> <span class='ocrx_word' id='word_1_734' title='bbox 936 4545 1028 4598; x_wconf 77' lang='grc' dir='ltr'><strong>καὶ</strong></span> <span class='ocrx_word' id='word_1_735' title='bbox 1071 4545 1198 4617; x_wconf 87' lang='grc' dir='ltr'>παρ’</span> <span class='ocrx_word' id='word_1_736' title='bbox 1232 4546 1395 4599; x_wconf 79' lang='grc' dir='ltr'>αὑτοῦ</span> <span class='ocrx_word' id='word_1_737' title='bbox 1433 4547 1505 4618; x_wconf 80' lang='grc'><strong>(5)</strong></span> <span class='ocrx_word' id='word_1_738' title='bbox 1541 4549 1602 4602; x_wconf 84' lang='grc' dir='ltr'><strong>τὸ</strong></span> <span class='ocrx_word' id='word_1_739' title='bbox 1642 4549 1807 4614; x_wconf 84' lang='grc' dir='ltr'>ἕλεος.</span> 
     </span>
    </p>
   </div>
   <div class='ocr_carea' id='block_1_91' title="bbox 1933 4541 3487 4618">
    <p class='ocr_par' dir='ltr' id='par_1_91' title="bbox 1933 4544 3487 4618">
     <span class='ocr_line' id='line_1_91' title="bbox 1933 4544 3487 4618; baseline 0.002 -17"><span class='ocrx_word' id='word_1_740' title='bbox 1933 4547 2314 4602; x_wconf 87' lang='lat' dir='ltr'><strong>niscricordia.</strong></span> <span class='ocrx_word' id='word_1_741' title='bbox 2341 4544 2478 4611; x_wconf 80' lang='lat' dir='ltr'><strong>Quia</strong></span> <span class='ocrx_word' id='word_1_742' title='bbox 2510 4557 2565 4599; x_wconf 86' lang='lat' dir='ltr'><strong>tu</strong></span> <span class='ocrx_word' id='word_1_743' title='bbox 2599 4547 2780 4600; x_wconf 76' lang='lat' dir='ltr'><strong>reddes</strong></span> <span class='ocrx_word' id='word_1_744' title='bbox 2813 4548 3094 4616; x_wconf 82' lang='lat' dir='ltr'><strong>unicuique</strong></span> <span class='ocrx_word' id='word_1_745' title='bbox 3138 4546 3290 4614; x_wconf 74' lang='lat' dir='ltr'><strong>iuxta</strong></span> <span class='ocrx_word' id='word_1_746' title='bbox 3332 4565 3487 4618; x_wconf 82' lang='lat' dir='ltr'><strong>opera</strong></span> 
     </span>
    </p>
   </div>
   <div class='ocr_carea' id='block_1_92' title="bbox 252 4633 1809 4711">
    <p class='ocr_par' dir='ltr' id='par_1_92' title="bbox 252 4633 1809 4711">
     <span class='ocr_line' id='line_1_92' title="bbox 252 4633 1809 4711; baseline 0.01 -28"><span class='ocrx_word' id='word_1_747' title='bbox 252 4634 369 4687; x_wconf 88' lang='grc' dir='ltr'>Ὅτι</span> <span class='ocrx_word' id='word_1_748' title='bbox 408 4633 488 4687; x_wconf 86' lang='grc' dir='ltr'>σὺ</span> <span class='ocrx_word' id='word_1_749' title='bbox 530 4634 860 4701; x_wconf 76' lang='grc' dir='ltr'>ἀποδώσεις</span> <span class='ocrx_word' id='word_1_750' title='bbox 889 4635 1123 4704; x_wconf 76' lang='grc' dir='ltr'>ἑκάστῳ</span> <span class='ocrx_word' id='word_1_751' title='bbox 1154 4638 1301 4692; x_wconf 81' lang='grc' dir='ltr'>κατὰ</span> <span class='ocrx_word' id='word_1_752' title='bbox 1334 4639 1404 4693; x_wconf 82' lang='grc' dir='ltr'>τὰ</span> <span class='ocrx_word' id='word_1_753' title='bbox 1430 4640 1576 4711; x_wconf 78' lang='grc' dir='ltr'>ἔργα</span> <span class='ocrx_word' id='word_1_754' title='bbox 1603 4643 1809 4698; x_wconf 84' lang='grc' dir='ltr'>αὐτοῦ.</span> 
     </span>
    </p>
   </div>
   <div class='ocr_carea' id='block_1_93' title="bbox 249 4720 1807 4804">
    <p class='ocr_par' dir='ltr' id='par_1_93' title="bbox 249 4720 1807 4804">
     <span class='ocr_line' id='line_1_93' title="bbox 249 4720 1807 4804; baseline 0.009 -29"><span class='ocrx_word' id='word_1_755' title='bbox 249 4720 321 4794; x_wconf 79' lang='grc' dir='ltr'><strong><em>ᾯ</em></strong></span> <span class='ocrx_word' id='word_1_756' title='bbox 358 4726 465 4794; x_wconf 71' lang='grc' dir='ltr'>γὰρ</span> <span class='ocrx_word' id='word_1_757' title='bbox 499 4726 692 4795; x_wconf 81' lang='grc' dir='ltr'>μέτρῳ</span> <span class='ocrx_word' id='word_1_758' title='bbox 723 4728 1003 4795; x_wconf 79' lang='grc' dir='ltr'>μετρεῖτε,</span> <span class='ocrx_word' id='word_1_759' title='bbox 1047 4730 1608 4800; x_wconf 76' lang='grc' dir='ltr'>ἀντιμετρηθήσεται</span> <span class='ocrx_word' id='word_1_760' title='bbox 1648 4735 1807 4804; x_wconf 79' lang='grc' dir='ltr'>ὑμῖν.</span> 
     </span>
    </p>
   </div>
   <div class='ocr_carea' id='block_1_94' title="bbox 252 4815 1810 4896">
    <p class='ocr_par' dir='ltr' id='par_1_94' title="bbox 252 4815 1810 4896">
     <span class='ocr_line' id='line_1_94' title="bbox 252 4815 1810 4896; baseline 0.008 -29"><span class='ocrx_word' id='word_1_761' title='bbox 252 4815 506 4884; x_wconf 62' lang='grc' dir='ltr'>Ἔθλιψας</span> <span class='ocrx_word' id='word_1_762' title='bbox 542 4817 634 4870; x_wconf 86' lang='grc' dir='ltr'><strong>τὸν</strong></span> <span class='ocrx_word' id='word_1_763' title='bbox 672 4817 936 4887; x_wconf 80' lang='grc' dir='ltr'>ἁδελφόν;</span> <span class='ocrx_word' id='word_1_764' title='bbox 980 4819 1198 4890; x_wconf 78' lang='grc' dir='ltr'>ἐκδέχου</span> <span class='ocrx_word' id='word_1_765' title='bbox 1254 4822 1314 4874; x_wconf 83' lang='grc' dir='ltr'><strong>τὸ</strong></span> <span class='ocrx_word' id='word_1_766' title='bbox 1349 4823 1479 4878; x_wconf 81' lang='grc' dir='ltr'>ἴσον.</span> <span class='ocrx_word' id='word_1_767' title='bbox 1519 4825 1810 4896; x_wconf 83' lang='grc' dir='ltr'>’Ἢρπασας</span> 
     </span>
    </p>
   </div>
   <div class='ocr_carea' id='block_1_95' title="bbox 248 4904 1806 4990">
    <p class='ocr_par' dir='ltr' id='par_1_95' title="bbox 248 4904 1806 4990">
     <span class='ocr_line' id='line_1_95' title="bbox 248 4904 1806 4990; baseline 0.009 -33"><span class='ocrx_word' id='word_1_768' title='bbox 248 4904 313 4958; x_wconf 74' lang='grc' dir='ltr'>τὰ</span> <span class='ocrx_word' id='word_1_769' title='bbox 340 4906 448 4958; x_wconf 91' lang='grc' dir='ltr'><strong>τῶν</strong></span> <span class='ocrx_word' id='word_1_770' title='bbox 499 4907 919 4980; x_wconf 83' lang='grc' dir='ltr'>ὑποδεεστέρων,</span> <span class='ocrx_word' id='word_1_771' title='bbox 964 4911 1408 4978; x_wconf 74' lang='grc' dir='ltr'>κατεκονδύλισας</span> <span class='ocrx_word' id='word_1_772' title='bbox 1445 4915 1684 4989; x_wconf 86' lang='grc' dir='ltr'>πένητας</span> <span class='ocrx_word' id='word_1_773' title='bbox 1709 4918 1806 4990; x_wconf 70' lang='grc'><strong>(4),</strong></span> 
     </span>
    </p>
   </div>
   <div class='ocr_carea' id='block_1_96' title="bbox 1911 4638 3489 4710">
    <p class='ocr_par' dir='ltr' id='par_1_96' title="bbox 1911 4638 3489 4710">
     <span class='ocr_line' id='line_1_96' title="bbox 1911 4638 3489 4710; baseline -0.001 -15"><span class='ocrx_word' id='word_1_774' title='bbox 1911 4657 2028 4696; x_wconf 84' lang='lat' dir='ltr'><strong>sua.</strong></span> <span class='ocrx_word' id='word_1_775' title='bbox 2059 4638 2263 4693; x_wconf 82' lang='lat' dir='ltr'><strong>Etenim</strong></span> <span class='ocrx_word' id='word_1_776' title='bbox 2301 4655 2404 4710; x_wconf 83' lang='lat' dir='ltr'><strong>qua</strong></span> <span class='ocrx_word' id='word_1_777' title='bbox 2433 4655 2677 4693; x_wconf 81' lang='lat' dir='ltr'><strong>mensura</strong></span> <span class='ocrx_word' id='word_1_778' title='bbox 2718 4642 2880 4693; x_wconf 74' lang='lat' dir='ltr'><strong>mensi</strong></span> <span class='ocrx_word' id='word_1_779' title='bbox 2925 4640 3152 4708; x_wconf 78' lang='lat' dir='ltr'><strong>fueritis,</strong></span> <span class='ocrx_word' id='word_1_780' title='bbox 3192 4647 3489 4697; x_wconf 65' lang='lat' dir='ltr'><strong>remetiatur</strong></span> 
     </span>
    </p>
   </div>
   <div class='ocr_carea' id='block_1_97' title="bbox 1911 4731 3487 4802">
    <p class='ocr_par' dir='ltr' id='par_1_97' title="bbox 1911 4731 3487 4802">
     <span class='ocr_line' id='line_1_97' title="bbox 1911 4731 3487 4802; baseline 0.001 -16"><span class='ocrx_word' id='word_1_781' title='bbox 1911 4732 2047 4786; x_wconf 72' lang='lat' dir='ltr'><strong>vobis</strong></span> <span class='ocrx_word' id='word_1_782' title='bbox 2060 4731 2129 4787; x_wconf 68' lang='grc' dir='ltr'><strong>⁸ο.</strong></span> <span class='ocrx_word' id='word_1_783' title='bbox 2149 4731 2401 4786; x_wconf 77' lang='lat' dir='ltr'><strong>Aliiixisti</strong></span> <span class='ocrx_word' id='word_1_784' title='bbox 2423 4732 2683 4786; x_wconf 83' lang='lat' dir='ltr'><strong>fratrem?</strong></span> <span class='ocrx_word' id='word_1_785' title='bbox 2702 4748 2800 4802; x_wconf 89' lang='lat' dir='ltr'><strong>par</strong></span> <span class='ocrx_word' id='word_1_786' title='bbox 2825 4743 3099 4802; x_wconf 67' lang='lat' dir='ltr'><strong>esspecta.</strong></span> <span class='ocrx_word' id='word_1_787' title='bbox 3131 4734 3370 4802; x_wconf 72' lang='lat' dir='ltr'><strong>Rapuisti</strong></span> <span class='ocrx_word' id='word_1_788' title='bbox 3405 4738 3487 4790; x_wconf 87' lang='lat' dir='ltr'><strong>in-</strong></span> 
     </span>
    </p>
   </div>
   <div class='ocr_carea' id='block_1_98' title="bbox 1908 4824 3486 4897">
    <p class='ocr_par' dir='ltr' id='par_1_98' title="bbox 1908 4824 3486 4897">
     <span class='ocr_line' id='line_1_98' title="bbox 1908 4824 3486 4897; baseline 0.003 -19"><span class='ocrx_word' id='word_1_789' title='bbox 1908 4824 2166 4880; x_wconf 77' lang='lat' dir='ltr'><strong>feriorum</strong></span> <span class='ocrx_word' id='word_1_790' title='bbox 2188 4824 2480 4880; x_wconf 75' lang='lat' dir='ltr'><strong>facultates</strong></span> <span class='ocrx_word' id='word_1_791' title='bbox 2514 4842 2528 4890; x_wconf 95' lang='lat'><strong>;</strong></span> <span class='ocrx_word' id='word_1_792' title='bbox 2562 4826 2756 4895; x_wconf 81' lang='lat' dir='ltr'><strong>pugnis</strong></span> <span class='ocrx_word' id='word_1_793' title='bbox 2797 4840 3060 4894; x_wconf 84' lang='lat' dir='ltr'><strong>pauperes</strong></span> <span class='ocrx_word' id='word_1_794' title='bbox 3104 4827 3264 4897; x_wconf 81' lang='lat'><strong>199</strong></span> <span class='ocrx_word' id='word_1_795' title='bbox 3288 4829 3486 4883; x_wconf 79' lang='lat' dir='ltr'><strong>cecidi-</strong></span> 
     </span>
    </p>
   </div>
   <div class='ocr_carea' id='block_1_99' title="bbox 1907 4917 3480 4987">
    <p class='ocr_par' dir='ltr' id='par_1_99' title="bbox 1907 4917 3480 4987">
     <span class='ocr_line' id='line_1_99' title="bbox 1907 4917 3480 4987; baseline 0.003 -17"><span class='ocrx_word' id='word_1_796' title='bbox 1907 4917 2008 4983; x_wconf 91' lang='lat' dir='ltr'><strong>sti;</strong></span> <span class='ocrx_word' id='word_1_797' title='bbox 2028 4932 2124 4986; x_wconf 89' lang='lat' dir='ltr'><strong>per</strong></span> <span class='ocrx_word' id='word_1_798' title='bbox 2143 4919 2386 4972; x_wconf 88' lang='lat' dir='ltr'><strong>convicia</strong></span> <span class='ocrx_word' id='word_1_799' title='bbox 2413 4917 2682 4972; x_wconf 86' lang='lat' dir='ltr'><strong>incussisti</strong></span> <span class='ocrx_word' id='word_1_800' title='bbox 2716 4919 2990 4987; x_wconf 86' lang='lat' dir='ltr'><strong>pudorem,</strong></span> <span class='ocrx_word' id='word_1_801' title='bbox 3018 4919 3376 4978; x_wconf 83' lang='lat' dir='ltr'><strong>calmnniatus</strong></span> <span class='ocrx_word' id='word_1_802' title='bbox 3402 4937 3480 4985; x_wconf 78' lang='lat' dir='ltr'><strong>es,</strong></span> 
     </span>
    </p>
   </div>
   <div class='ocr_carea' id='block_1_100' title="bbox 249 4999 1829 5083">
    <p class='ocr_par' dir='ltr' id='par_1_100' title="bbox 249 4999 1809 5080">
     <span class='ocr_line' id='line_1_100' title="bbox 249 4999 1809 5080; baseline 0.008 -29"><span class='ocrx_word' id='word_1_803' title='bbox 249 4999 589 5070; x_wconf 72' lang='grc' dir='ltr'>κατῄσχυνας</span> <span class='ocrx_word' id='word_1_804' title='bbox 612 5003 668 5054; x_wconf 82' lang='grc' dir='ltr'>ἐν</span> <span class='ocrx_word' id='word_1_805' title='bbox 705 5001 1010 5073; x_wconf 84' lang='grc' dir='ltr'>λοιδορίαις,</span> <span class='ocrx_word' id='word_1_806' title='bbox 1046 5004 1508 5078; x_wconf 80' lang='grc' dir='ltr'>ὲσυκοφάντησας,</span> <span class='ocrx_word' id='word_1_807' title='bbox 1542 5010 1809 5080; x_wconf 71' lang='grc' dir='ltr'>κατεψεύ-</span> 
     </span>
    </p>
   </div>
   <div class='ocr_carea' id='block_1_101' title="bbox 1933 4999 3478 5083">
    <p class='ocr_par' dir='ltr' id='par_1_101' title="bbox 1933 5009 3478 5083">
     <span class='ocr_line' id='line_1_101' title="bbox 1933 5009 3478 5083; baseline 0.002 -19"><span class='ocrx_word' id='word_1_808' title='bbox 1933 5009 2163 5065; x_wconf 89' lang='lat' dir='ltr'><strong>nentitus</strong></span> <span class='ocrx_word' id='word_1_809' title='bbox 2188 5025 2270 5076; x_wconf 90' lang='lat' dir='ltr'><strong>es,</strong></span> <span class='ocrx_word' id='word_1_810' title='bbox 2299 5010 2490 5064; x_wconf 88' lang='lat' dir='ltr'><strong>alienis</strong></span> <span class='ocrx_word' id='word_1_811' title='bbox 2521 5011 2720 5080; x_wconf 85' lang='lat' dir='ltr'><strong>nuptiis</strong></span> <span class='ocrx_word' id='word_1_812' title='bbox 2754 5013 2958 5080; x_wconf 81' lang='lat' dir='ltr'><strong>paraSti</strong></span> <span class='ocrx_word' id='word_1_813' title='bbox 2991 5012 3234 5078; x_wconf 86' lang='lat' dir='ltr'><strong>insidias,</strong></span> <span class='ocrx_word' id='word_1_814' title='bbox 3267 5015 3478 5083; x_wconf 79' lang='lat' dir='ltr'><strong>pejora-</strong></span> 
     </span>
    </p>
   </div>
   <div class='ocr_carea' id='block_1_102' title="bbox 249 5091 1806 5172">
    <p class='ocr_par' dir='ltr' id='par_1_102' title="bbox 249 5091 1806 5172">
     <span class='ocr_line' id='line_1_102' title="bbox 249 5091 1806 5172; baseline 0.008 -30"><span class='ocrx_word' id='word_1_815' title='bbox 249 5107 344 5152; x_wconf 90' lang='grc' dir='ltr'><strong>σω,</strong></span> <span class='ocrx_word' id='word_1_816' title='bbox 399 5091 696 5163; x_wconf 84' lang='grc' dir='ltr'>ἀλλοτρίοις</span> <span class='ocrx_word' id='word_1_817' title='bbox 749 5093 1142 5158; x_wconf 78' lang='grc' dir='ltr'>ἐπεϐούλευσας</span> <span class='ocrx_word' id='word_1_818' title='bbox 1187 5096 1404 5166; x_wconf 82' lang='grc' dir='ltr'>γάμοις,</span> <span class='ocrx_word' id='word_1_819' title='bbox 1436 5100 1806 5172; x_wconf 83' lang='grc' dir='ltr'>ὲπιώρκησας,</span> 
     </span>
    </p>
   </div>
   <div class='ocr_carea' id='block_1_103' title="bbox 247 5180 1809 5261">
    <p class='ocr_par' dir='ltr' id='par_1_103' title="bbox 247 5180 1809 5261">
     <span class='ocr_line' id='line_1_103' title="bbox 247 5180 1809 5261; baseline 0.008 -30"><span class='ocrx_word' id='word_1_820' title='bbox 247 5180 366 5250; x_wconf 79' lang='grc' dir='ltr'>ὅρια</span> <span class='ocrx_word' id='word_1_821' title='bbox 430 5182 680 5254; x_wconf 77' lang='grc' dir='ltr'>πατέρων</span> <span class='ocrx_word' id='word_1_822' title='bbox 737 5184 1037 5255; x_wconf 77' lang='grc' dir='ltr'>μετέθηκας</span> <span class='ocrx_word' id='word_1_823' title='bbox 1079 5184 1177 5253; x_wconf 82' lang='lat'><strong>(5),</strong></span> <span class='ocrx_word' id='word_1_824' title='bbox 1231 5189 1502 5258; x_wconf 84' lang='grc' dir='ltr'>κτήμασιν</span> <span class='ocrx_word' id='word_1_825' title='bbox 1561 5190 1809 5261; x_wconf 84' lang='grc' dir='ltr'>ὀρφανῶν</span> 
     </span>
    </p>
   </div>
   <div class='ocr_carea' id='block_1_104' title="bbox 246 5272 1810 5352">
    <p class='ocr_par' dir='ltr' id='par_1_104' title="bbox 246 5272 1810 5352">
     <span class='ocr_line' id='line_1_104' title="bbox 246 5272 1810 5352; baseline 0.008 -30"><span class='ocrx_word' id='word_1_826' title='bbox 246 5272 496 5340; x_wconf 75' lang='grc' dir='ltr'>ἐπῆλθες,</span> <span class='ocrx_word' id='word_1_827' title='bbox 527 5275 699 5344; x_wconf 78' lang='grc' dir='ltr'>χήρας</span> <span class='ocrx_word' id='word_1_828' title='bbox 725 5274 1025 5346; x_wconf 45' lang='lat' dir='ltr'><strong>egemus“,</strong></span> <span class='ocrx_word' id='word_1_829' title='bbox 1053 5276 1150 5346; x_wconf 80' lang='grc' dir='ltr'>τὴν</span> <span class='ocrx_word' id='word_1_830' title='bbox 1179 5278 1457 5351; x_wconf 83' lang='grc' dir='ltr'>παροῦσαν</span> <span class='ocrx_word' id='word_1_831' title='bbox 1487 5280 1678 5352; x_wconf 77' lang='grc' dir='ltr'>ἡδονὴν</span> <span class='ocrx_word' id='word_1_832' title='bbox 1703 5281 1810 5335; x_wconf 78' lang='grc' dir='ltr'><strong>τῶν</strong></span> 
     </span>
    </p>
   </div>
   <div class='ocr_carea' id='block_1_105' title="bbox 243 5362 1813 5442">
    <p class='ocr_par' dir='ltr' id='par_1_105' title="bbox 243 5362 1813 5442">
     <span class='ocr_line' id='line_1_105' title="bbox 243 5362 1813 5442; baseline 0.008 -28"><span class='ocrx_word' id='word_1_833' title='bbox 243 5362 300 5416; x_wconf 81' lang='grc' dir='ltr'>ἐν</span> <span class='ocrx_word' id='word_1_834' title='bbox 337 5364 688 5433; x_wconf 81' lang='grc' dir='ltr'>ἐπαγγελίαις</span> <span class='ocrx_word' id='word_1_835' title='bbox 719 5364 938 5434; x_wconf 83' lang='grc' dir='ltr'>ἀγαθῶν</span> <span class='ocrx_word' id='word_1_836' title='bbox 975 5368 1382 5439; x_wconf 82' lang='grc' dir='ltr'>προετίμησας;</span> <span class='ocrx_word' id='word_1_837' title='bbox 1432 5372 1650 5442; x_wconf 84' lang='grc' dir='ltr'>ἐκδέχου</span> <span class='ocrx_word' id='word_1_838' title='bbox 1695 5376 1813 5426; x_wconf 74' lang='grc' dir='ltr'>τοὺ·</span> 
     </span>
    </p>
   </div>
   <div class='ocr_carea' id='block_1_106' title="bbox 311 5455 778 5526">
    <p class='ocr_par' dir='ltr' id='par_1_106' title="bbox 311 5455 778 5526">
     <span class='ocr_line' id='line_1_106' title="bbox 311 5455 778 5526; baseline 0.009 -17"><span class='ocrx_word' id='word_1_839' title='bbox 311 5455 356 5488; x_wconf 76' lang='lat'><strong>“</strong></span> <span class='ocrx_word' id='word_1_840' title='bbox 383 5459 567 5513; x_wconf 80' lang='lat' dir='ltr'><strong>Matth.</strong></span> <span class='ocrx_word' id='word_1_841' title='bbox 598 5476 692 5526; x_wconf 87' lang='lat' dir='ltr'><strong>vn,</strong></span> <span class='ocrx_word' id='word_1_842' title='bbox 722 5463 778 5516; x_wconf 71' lang='lat' dir='ltr'><strong>tt.</strong></span> 
     </span>
    </p>
   </div>
   <div class='ocr_carea' id='block_1_107' title="bbox 304 5555 1800 5634">
    <p class='ocr_par' dir='ltr' id='par_1_107' title="bbox 304 5555 1800 5634">
     <span class='ocr_line' id='line_1_107' title="bbox 304 5555 1800 5634; baseline 0.001 -24"><span class='ocrx_word' id='word_1_843' title='bbox 304 5555 726 5634; x_wconf 53' lang='lat' dir='ltr'><strong>(S39)_lta_editio</strong></span> <span class='ocrx_word' id='word_1_844' title='bbox 760 5557 923 5614; x_wconf 83' lang='lat' dir='ltr'><strong>Basil.</strong></span> <span class='ocrx_word' id='word_1_845' title='bbox 952 5570 1007 5615; x_wconf 86' lang='lat' dir='ltr'><strong>et</strong></span> <span class='ocrx_word' id='word_1_846' title='bbox 1034 5577 1164 5616; x_wconf 89' lang='lat' dir='ltr'><strong>mss.</strong></span> <span class='ocrx_word' id='word_1_847' title='bbox 1198 5562 1370 5617; x_wconf 88' lang='lat' dir='ltr'><strong>multi.</strong></span> <span class='ocrx_word' id='word_1_848' title='bbox 1416 5557 1596 5612; x_wconf 63' lang='lat' dir='ltr'><strong>Eatitio</strong></span> <span class='ocrx_word' id='word_1_849' title='bbox 1629 5555 1800 5614; x_wconf 83' lang='lat' dir='ltr'><strong>Paris.</strong></span> 
     </span>
    </p>
   </div>
   <div class='ocr_carea' id='block_1_108' title="bbox 239 5625 681 5697">
    <p class='ocr_par' dir='ltr' id='par_1_108' title="bbox 239 5625 681 5697">
     <span class='ocr_line' id='line_1_108' title="bbox 239 5625 681 5697; baseline 0.005 -1"><span class='ocrx_word' id='word_1_850' title='bbox 239 5625 388 5697; x_wconf 63' lang='grc' dir='ltr'>τοῦδε</span> <span class='ocrx_word' id='word_1_851' title='bbox 412 5627 598 5697; x_wconf 55' lang='lat' dir='ltr'><strong>tired;-</strong></span> <span class='ocrx_word' id='word_1_852' title='bbox 671 5645 681 5656; x_wconf 84' lang='lat'><strong>&#39;</strong></span> 
     </span>
    </p>
   </div>
   <div class='ocr_carea' id='block_1_109' title="bbox 310 5694 1798 5764">
    <p class='ocr_par' dir='ltr' id='par_1_109' title="bbox 310 5694 1798 5764">
     <span class='ocr_line' id='line_1_109' title="bbox 310 5694 1798 5764; baseline 0.003 -17"><span class='ocrx_word' id='word_1_853' title='bbox 310 5694 386 5764; x_wconf 84' lang='grc' dir='ltr'><strong>(Ι)</strong></span> <span class='ocrx_word' id='word_1_854' title='bbox 422 5694 500 5748; x_wconf 78' lang='lat' dir='ltr'><strong>Ita</strong></span> <span class='ocrx_word' id='word_1_855' title='bbox 530 5707 732 5762; x_wconf 79' lang='lat' dir='ltr'><strong>septem</strong></span> <span class='ocrx_word' id='word_1_856' title='bbox 767 5713 895 5752; x_wconf 85' lang='lat' dir='ltr'><strong>mss.</strong></span> <span class='ocrx_word' id='word_1_857' title='bbox 939 5699 1007 5752; x_wconf 76' lang='lat' dir='ltr'><strong>At</strong></span> <span class='ocrx_word' id='word_1_858' title='bbox 1042 5701 1172 5754; x_wconf 79' lang='lat' dir='ltr'><strong>editi</strong></span> <span class='ocrx_word' id='word_1_859' title='bbox 1225 5701 1317 5754; x_wconf 80' lang='grc' dir='ltr'><strong>δύο</strong></span> <span class='ocrx_word' id='word_1_860' title='bbox 1361 5698 1533 5752; x_wconf 76' lang='grc' dir='ltr'>ταῦτα</span> <span class='ocrx_word' id='word_1_861' title='bbox 1585 5698 1640 5752; x_wconf 79' lang='grc' dir='ltr'>ἆ.</span> <span class='ocrx_word' id='word_1_862' title='bbox 1681 5697 1798 5751; x_wconf 74' lang='lat' dir='ltr'><strong>Mox</strong></span> 
     </span>
    </p>
   </div>
   <div class='ocr_carea' id='block_1_110' title="bbox 239 5765 1798 5840">
    <p class='ocr_par' dir='ltr' id='par_1_110' title="bbox 239 5765 1798 5840">
     <span class='ocr_line' id='line_1_110' title="bbox 239 5765 1798 5840; baseline 0.001 -23"><span class='ocrx_word' id='word_1_863' title='bbox 239 5780 366 5819; x_wconf 88' lang='lat' dir='ltr'><strong>mss.</strong></span> <span class='ocrx_word' id='word_1_864' title='bbox 389 5765 426 5840; x_wconf 32' lang='lat'><em>‘6</em></span> <span class='ocrx_word' id='word_1_865' title='bbox 474 5766 634 5840; x_wconf 73' lang='grc' dir='ltr'>αὐτὸς</span> <span class='ocrx_word' id='word_1_866' title='bbox 669 5766 933 5838; x_wconf 77' lang='grc' dir='ltr'>ἐλεήμων.</span> <span class='ocrx_word' id='word_1_867' title='bbox 980 5769 1120 5824; x_wconf 85' lang='lat' dir='ltr'><strong>Editi</strong></span> <span class='ocrx_word' id='word_1_868' title='bbox 1157 5773 1372 5827; x_wconf 82' lang='lat' dir='ltr'><strong>inverso</strong></span> <span class='ocrx_word' id='word_1_869' title='bbox 1413 5772 1601 5826; x_wconf 88' lang='lat' dir='ltr'><strong>ordine</strong></span> <span class='ocrx_word' id='word_1_870' title='bbox 1645 5767 1798 5840; x_wconf 75' lang='grc' dir='ltr'>ἐλεή-</span> 
     </span>
    </p>
   </div>
   <div class='ocr_carea' id='block_1_111' title="bbox 243 5835 612 5906">
    <p class='ocr_par' dir='ltr' id='par_1_111' title="bbox 243 5835 612 5906">
     <span class='ocr_line' id='line_1_111' title="bbox 243 5835 612 5906; baseline 0.005 -18"><span class='ocrx_word' id='word_1_871' title='bbox 243 5852 357 5906; x_wconf 86' lang='grc' dir='ltr'><strong>μων</strong></span> <span class='ocrx_word' id='word_1_872' title='bbox 379 5835 407 5888; x_wconf 87' lang='grc' dir='ltr'><strong>ὀ</strong></span> <span class='ocrx_word' id='word_1_873' title='bbox 433 5836 612 5900; x_wconf 82' lang='grc' dir='ltr'>αὑτός.</span> 
     </span>
    </p>
   </div>
   <div class='ocr_carea' id='block_1_112' title="bbox 552 5931 1243 5996">
    <p class='ocr_par' dir='ltr' id='par_1_112' title="bbox 552 5931 1243 5996">
     <span class='ocr_line' id='line_1_112' title="bbox 552 5931 1243 5996; baseline 0.001 -4"><span class='ocrx_word' id='word_1_874' title='bbox 552 5931 824 5992; x_wconf 71' lang='grc' dir='ltr'>ΡΑτιιοι.</span> <span class='ocrx_word' id='word_1_875' title='bbox 856 5931 972 5994; x_wconf 80' lang='lat' dir='ltr'><strong>Gn.</strong></span> <span class='ocrx_word' id='word_1_876' title='bbox 1012 5932 1243 5996; x_wconf 68' lang='lat' dir='ltr'><strong>XXIX.</strong></span> 
     </span>
    </p>
   </div>
   <div class='ocr_carea' id='block_1_113' title="bbox 1910 5101 3483 5172">
    <p class='ocr_par' dir='ltr' id='par_1_113' title="bbox 1910 5101 3483 5172">
     <span class='ocr_line' id='line_1_113' title="bbox 1910 5101 3483 5172; baseline 0.001 -16"><span class='ocrx_word' id='word_1_877' title='bbox 1910 5102 2002 5164; x_wconf 89' lang='lat' dir='ltr'><strong>sti,</strong></span> <span class='ocrx_word' id='word_1_878' title='bbox 2031 5101 2294 5156; x_wconf 89' lang='lat' dir='ltr'><strong>terminos</strong></span> <span class='ocrx_word' id='word_1_879' title='bbox 2319 5111 2528 5171; x_wconf 89' lang='lat' dir='ltr'><strong>patrum</strong></span> <span class='ocrx_word' id='word_1_880' title='bbox 2562 5103 2964 5172; x_wconf 82' lang='lat' dir='ltr'><strong>transposuisti,</strong></span> <span class='ocrx_word' id='word_1_881' title='bbox 2999 5106 3363 5172; x_wconf 82' lang='lat' dir='ltr'><strong>orpbanorum</strong></span> <span class='ocrx_word' id='word_1_882' title='bbox 3399 5107 3483 5158; x_wconf 87' lang='lat' dir='ltr'><strong>in-</strong></span> 
     </span>
    </p>
   </div>
   <div class='ocr_carea' id='block_1_114' title="bbox 1909 5193 3482 5264">
    <p class='ocr_par' dir='ltr' id='par_1_114' title="bbox 1909 5193 3482 5264">
     <span class='ocr_line' id='line_1_114' title="bbox 1909 5193 3482 5264; baseline 0.001 -20"><span class='ocrx_word' id='word_1_883' title='bbox 1909 5193 2095 5245; x_wconf 87' lang='lat' dir='ltr'><strong>vasisti</strong></span> <span class='ocrx_word' id='word_1_884' title='bbox 2134 5193 2537 5260; x_wconf 87' lang='lat' dir='ltr'><strong>possessiones,</strong></span> <span class='ocrx_word' id='word_1_885' title='bbox 2577 5193 2766 5248; x_wconf 82' lang='lat' dir='ltr'><strong>viduas</strong></span> <span class='ocrx_word' id='word_1_886' title='bbox 2802 5196 3146 5264; x_wconf 85' lang='lat' dir='ltr'><strong>oppressisti,</strong></span> <span class='ocrx_word' id='word_1_887' title='bbox 3177 5197 3330 5249; x_wconf 84' lang='lat' dir='ltr'><strong>bonis</strong></span> <span class='ocrx_word' id='word_1_888' title='bbox 3352 5212 3482 5264; x_wconf 73' lang='grc' dir='ltr'><strong>νεου-</strong></span> 
     </span>
    </p>
   </div>
   <div class='ocr_carea' id='block_1_115' title="bbox 1911 5276 3482 5354">
    <p class='ocr_par' dir='ltr' id='par_1_115' title="bbox 1911 5276 3482 5354">
     <span class='ocr_line' id='line_1_115' title="bbox 1911 5276 3482 5354; baseline 0.003 -18"><span class='ocrx_word' id='word_1_889' title='bbox 1911 5276 2088 5336; x_wconf 83' lang='lat' dir='ltr'><strong>missis</strong></span> <span class='ocrx_word' id='word_1_890' title='bbox 2121 5283 2404 5352; x_wconf 63' lang='lat' dir='ltr'><strong>praetulisti</strong></span> <span class='ocrx_word' id='word_1_891' title='bbox 2450 5296 2765 5353; x_wconf 69' lang='lat' dir='ltr'><strong>praesentem</strong></span> <span class='ocrx_word' id='word_1_892' title='bbox 2801 5284 3164 5354; x_wconf 82' lang='lat' dir='ltr'><strong>voluptatem?</strong></span> <span class='ocrx_word' id='word_1_893' title='bbox 3187 5284 3366 5338; x_wconf 75' lang='lat' dir='ltr'><strong>Vicem</strong></span> <span class='ocrx_word' id='word_1_894' title='bbox 3400 5289 3482 5340; x_wconf 85' lang='lat' dir='ltr'><strong>bis</strong></span> 
     </span>
    </p>
   </div>
   <div class='ocr_carea' id='block_1_116' title="bbox 1911 5365 3474 5446">
    <p class='ocr_par' dir='ltr' id='par_1_116' title="bbox 1911 5365 3474 5446">
     <span class='ocr_line' id='line_1_116' title="bbox 1911 5365 3474 5446; baseline 0.002 -18"><span class='ocrx_word' id='word_1_895' title='bbox 1911 5375 2122 5443; x_wconf 79' lang='lat' dir='ltr'><strong>dignam</strong></span> <span class='ocrx_word' id='word_1_896' title='bbox 2166 5386 2440 5444; x_wconf 81' lang='lat' dir='ltr'><strong>exspecta.</strong></span> <span class='ocrx_word' id='word_1_897' title='bbox 2487 5377 2673 5444; x_wconf 83' lang='lat' dir='ltr'><strong>Qualia</strong></span> <span class='ocrx_word' id='word_1_898' title='bbox 2709 5365 2867 5430; x_wconf 79' lang='lat' dir='ltr'><strong>enim</strong></span> <span class='ocrx_word' id='word_1_899' title='bbox 2903 5379 3267 5446; x_wconf 78' lang='lat' dir='ltr'><strong>unusquisque</strong></span> <span class='ocrx_word' id='word_1_900' title='bbox 3304 5382 3474 5433; x_wconf 83' lang='lat' dir='ltr'><strong>semi-</strong></span> 
     </span>
    </p>
   </div>
   <div class='ocr_carea' id='block_1_117' title="bbox 1983 5558 3234 5631">
    <p class='ocr_par' dir='ltr' id='par_1_117' title="bbox 1983 5558 3234 5631">
     <span class='ocr_line' id='line_1_117' title="bbox 1983 5558 3234 5631; baseline 0.005 -17"><span class='ocrx_word' id='word_1_901' title='bbox 1983 5559 2059 5631; x_wconf 73' lang='lat'><strong>(2)</strong></span> <span class='ocrx_word' id='word_1_902' title='bbox 2095 5558 2186 5614; x_wconf 72' lang='lat' dir='ltr'><strong>Sic</strong></span> <span class='ocrx_word' id='word_1_903' title='bbox 2213 5571 2418 5628; x_wconf 78' lang='lat' dir='ltr'><strong>septem</strong></span> <span class='ocrx_word' id='word_1_904' title='bbox 2459 5578 2586 5617; x_wconf 85' lang='lat' dir='ltr'><strong>mss.</strong></span> <span class='ocrx_word' id='word_1_905' title='bbox 2620 5566 2681 5617; x_wconf 87' lang='lat' dir='ltr'><strong>At</strong></span> <span class='ocrx_word' id='word_1_906' title='bbox 2709 5568 2835 5622; x_wconf 76' lang='lat' dir='ltr'><strong>editi</strong></span> <span class='ocrx_word' id='word_1_907' title='bbox 2871 5567 2982 5620; x_wconf 82' lang='grc' dir='ltr'>ἀλλ’</span> <span class='ocrx_word' id='word_1_908' title='bbox 3013 5567 3234 5631; x_wconf 64' lang='lat' dir='ltr'><strong>eia-513;.</strong></span> 
     </span>
    </p>
   </div>
   <div class='ocr_carea' id='block_1_118' title="bbox 1983 5630 2805 5707">
    <p class='ocr_par' dir='ltr' id='par_1_118' title="bbox 1983 5630 2805 5707">
     <span class='ocr_line' id='line_1_118' title="bbox 1983 5630 2805 5707; baseline 0.011 -27"><span class='ocrx_word' id='word_1_909' title='bbox 1983 5630 2058 5707; x_wconf 81' lang='grc'><strong>(5)</strong></span> <span class='ocrx_word' id='word_1_910' title='bbox 2087 5631 2316 5707; x_wconf 62' lang='grc' dir='ltr'>ρυάίςυε</span> <span class='ocrx_word' id='word_1_911' title='bbox 2358 5644 2464 5707; x_wconf 83' lang='lat' dir='ltr'><strong>tres</strong></span> <span class='ocrx_word' id='word_1_912' title='bbox 2487 5637 2615 5707; x_wconf 82' lang='grc' dir='ltr'>παρ’</span> <span class='ocrx_word' id='word_1_913' title='bbox 2639 5637 2805 5707; x_wconf 76' lang='grc' dir='ltr'>αὐτῷ.</span> 
     </span>
    </p>
   </div>
   <div class='ocr_carea' id='block_1_119' title="bbox 1981 5700 2758 5774">
    <p class='ocr_par' dir='ltr' id='par_1_119' title="bbox 1981 5700 2758 5774">
     <span class='ocr_line' id='line_1_119' title="bbox 1981 5700 2758 5774; baseline 0.014 -25"><span class='ocrx_word' id='word_1_914' title='bbox 1981 5700 2055 5774; x_wconf 52' lang='grc' dir='ltr'><strong>(ᾗ)</strong></span> <span class='ocrx_word' id='word_1_915' title='bbox 2087 5700 2211 5774; x_wconf 55' lang='lat' dir='ltr'><strong>iieg.</strong></span> <span class='ocrx_word' id='word_1_916' title='bbox 2241 5706 2508 5757; x_wconf 83' lang='lat' dir='ltr'><strong>secundus</strong></span> <span class='ocrx_word' id='word_1_917' title='bbox 2534 5700 2758 5774; x_wconf 75' lang='grc' dir='ltr'>πένητα.</span> 
     </span>
    </p>
   </div>
   <div class='ocr_carea' id='block_1_120' title="bbox 1981 5769 3476 5846">
    <p class='ocr_par' dir='ltr' id='par_1_120' title="bbox 1981 5769 3476 5846">
     <span class='ocr_line' id='line_1_120' title="bbox 1981 5769 3476 5846; baseline 0.011 -26"><span class='ocrx_word' id='word_1_918' title='bbox 1981 5769 2056 5839; x_wconf 73' lang='grc' dir='ltr'><strong>(ὃ)</strong></span> <span class='ocrx_word' id='word_1_919' title='bbox 2072 5769 2400 5846; x_wconf 81' lang='lat' dir='ltr'><strong>_Tilmaunus</strong></span> <span class='ocrx_word' id='word_1_920' title='bbox 2422 5777 2597 5828; x_wconf 74' lang='lat' dir='ltr'><strong>verbis</strong></span> <span class='ocrx_word' id='word_1_921' title='bbox 2623 5769 3033 5846; x_wconf 60' lang='lat' dir='ltr'><strong>l’i&#39;ox’et&#39;biortnn</strong></span> <span class='ocrx_word' id='word_1_922' title='bbox 3057 5795 3189 5842; x_wconf 74' lang='lat' dir='ltr'><strong>xm,</strong></span> <span class='ocrx_word' id='word_1_923' title='bbox 3208 5777 3299 5842; x_wconf 70' lang='grc'><strong>98,</strong></span> <span class='ocrx_word' id='word_1_924' title='bbox 3325 5783 3476 5846; x_wconf 65' lang='lat' dir='ltr'><strong>usus,</strong></span> 
     </span>
    </p>
   </div>
   <div class='ocr_carea' id='block_1_121' title="bbox 1912 5838 3476 5919">
    <p class='ocr_par' dir='ltr' id='par_1_121' title="bbox 1912 5838 3476 5919">
     <span class='ocr_line' id='line_1_121' title="bbox 1912 5838 3476 5919; baseline 0.01 -27"><span class='ocrx_word' id='word_1_925' title='bbox 1912 5838 2043 5903; x_wconf 85' lang='lat' dir='ltr'><strong>illa,</strong></span> <span class='ocrx_word' id='word_1_926' title='bbox 2069 5841 2190 5910; x_wconf 78' lang='grc' dir='ltr'>ὅρια</span> <span class='ocrx_word' id='word_1_927' title='bbox 2231 5844 2510 5911; x_wconf 81' lang='grc' dir='ltr'>πατέρων,</span> <span class='ocrx_word' id='word_1_928' title='bbox 2540 5858 2674 5912; x_wconf 85' lang='lat' dir='ltr'><strong>etc.,</strong></span> <span class='ocrx_word' id='word_1_929' title='bbox 2701 5847 2776 5900; x_wconf 71' lang='lat' dir='ltr'><strong>sic</strong></span> <span class='ocrx_word' id='word_1_930' title='bbox 2807 5838 3200 5919; x_wconf 63' lang='lat' dir='ltr'><strong>interpr-catus</strong></span> <span class='ocrx_word' id='word_1_931' title='bbox 3237 5838 3296 5904; x_wconf 53' lang='lat' dir='ltr'><strong>iu</strong></span> <span class='ocrx_word' id='word_1_932' title='bbox 3339 5865 3425 5906; x_wconf 70' lang='lat' dir='ltr'><strong>t‘at</strong></span> <span class='ocrx_word' id='word_1_933' title='bbox 3462 5838 3476 5907; x_wconf 74' lang='grc' dir='ltr'>ξ</span> 
     </span>
    </p>
   </div>
   <div class='ocr_carea' id='block_1_122' title="bbox 3018 5946 3194 6004">
    <p class='ocr_par' dir='ltr' id='par_1_122' title="bbox 3018 5946 3194 6004">
     <span class='ocr_line' id='line_1_122' title="bbox 3018 5946 3194 6004; baseline 0 -1"><span class='ocrx_word' id='word_1_934' title='bbox 3018 5946 3194 6004; x_wconf 83' lang='grc'><strong>’16</strong></span> 
     </span>
    </p>
   </div>
  </div>
