3978 6410
292 382 398 437 485

1451 371 1712 427 HOMILA
1747 368 1811 423 IN
1851 364 2183 422 PSALML'M
2223 363 2416 419 CXIV.

3435 357 3540 414 £86

291 502 392 573 ρᾶς
423 467 785 570 ὑπεδεξάμην.
831 497 965 551 Τίνα
991 497 1047 550 δέ
1086 496 1201 548 ἐστι
1232 494 1423 556 ταῦτα,
1471 492 1665 564 μικρὸν
1707 491 1864 543 ὔστε-

1989 487 2100 539 erui
2129 484 2387 552 pericula,
2418 481 2839 548 tribulationem,
2879 483 3117 537 dolorem
3157 503 3170 540 :
3207 500 3326 556 quae
3357 491 3563 542 omnia‘

293 609 383 664 ρον
413 591 763 661 διεξέρχεται,
809 590 905 654 τὰς
945 591 1138 652 ὠδῖνας
1170 587 1263 640 τοῦ
1304 586 1552 644 θανάτου,
1595 584 1720 646 τοὺς
1749 601 1864 634 κιν-

288 680 476 744 δύνους
499 680 593 733 τοῦ
625 680 775 752 ᾅδου,
797 681 896 751 τὴν
923 678 1121 747 θλίψιν,
1157 677 1252 748 τὴν
1284 676 1494 745 ὀδύνην,
1522 675 1664 743 άπερ
1693 674 1867 726 πάντα

291 771 440 841 αὐτῷ
467 772 726 842 ἀγαπητὰ
776 771 863 824 διὰ
890 770 985 841 τὴν
1031 769 1163 840 πρὸς
1197 768 1326 820 Θεὸν
1355 769 1593 836 ἀγάπην,
1642 765 1732 817 καὶ
1770 763 1866 833 τὴν

290 863 502 927 ἐλπίδα,
533 864 630 933 τὴν
660 863 1027 932 ἀποκειμένην
1056 863 1169 924 τοῖς
1201 860 1267 913 τά
1290 861 1430 930 ὑπὲρ
1459 860 1558 928 τῆς
1587 857 1868 917 εὐσεϐείας

291 953 441 1024 πάθη
489 953 956 1024 καταδεχομένοις,
990 952 1259 1020 ἐφαίνετο.
1294 952 1367 1003 Οὐ
1409 949 1516 1022 γὰρ
1553 948 1700 1017 παρὰ
1734 965 1867 1018 προι

291 1049 524 1119 αίρεσιν,
555 1047 672 1100 οὐδὲ
699 1047 883 1116 βιαίως
904 1046 998 1098 καὶ
1022 1044 1557 1115 κατηναγκασμένως
1579 1042 1866 1111 ὑπέμεινα,

291 1143 446 1214 φησὶ,
487 1143 614 1205 τοὺς
661 1140 900 1209 ἀγῶνας,
935 1139 1072 1192 ἀλλὰ
1127 1141 1326 1209 στοργῇ
1354 1153 1460 1190 τινι
1510 1136 1603 1189 καὶ
1634 1135 1869 1188 διαθέσει

291 1234 639 1304 ὑπεδεξάμην
665 1233 734 1285 τὰ
759 1233 991 1287 ἐπίπονα
1009 1250 1020 1261 ·
1050 1231 1189 1284 ὥστε
1219 1231 1361 1301 ἔχειν
1404 1247 1470 1299 με
1496 1228 1674 1296 λέγειν
1698 1245 1710 1256 ·
1751 1229 1869 1278 ’Ὁτι

289 1320 469 1375 ἕνεκα
500 1321 616 1374 σοῦ
659 1321 1068 1388 θανατούμεθα
1116 1319 1264 1385 ὅλην
1315 1317 1426 1384 τὴν
1459 1317 1703 1385 ἡμέραν.
1761 1316 1891 1368 Καὶ·

292 1413 436 1468 ἔοικε
487 1413 656 1466 ταῦτα
714 1411 1048 1481 ἰσοδυναμεῖν
1090 1413 1202 1473 τοῖς
1244 1409 1336 1462 τοῦ
1379 1409 1721 1468 ’Λποστόλου,
1779 1408 1872 1460 καὶ

289 1503 401 1557 ἀπὸ
433 1503 532 1572 τῆς
566 1503 736 1572 αὐτῆς
766 1502 1221 1572 αὐτῷ’διαθέσεως
1243 1501 1494 1570 λέγεσθαι
1521 1500 1601 1562 τὸ,
1634 1501 1728 1566 Τίς
1758 1499 1869 1568 (ῐὲ)

290 1593 451 1664 ἡμᾶς
493 1593 734 1661 χωρίσει
792 1591 911 1645 ἀπὸ
955 1591 1066 1658 τῆς
1122 1590 1360 1660 ἀγάπης
1419 1589 1524 1642 τοῦ
1581 1586 1871 1654 Χριστοῦ;

290 1685 542 1753 Odm-1c;
578 1685 616 1751 ἢ
658 1682 1062 1750 στενοχωρία;
1098 1683 1133 1750 ἢ
1187 1681 1437 1750 διωγμός
1457 1697 1475 1744 ;
1520 1680 1558 1748 ἢ
1590 1683 1804 1748 λιμός;
1834 1679 1871 1747 ἢ

291 1777 630 1846 γυμνότης
654 1773 691 1842 ἢ
721 1773 1043 1838 κίνδυνος;
1070 1772 1104 1839 ἢ
1129 1771 1431 1841 μάχαιρα;
1469 1771 1756 1841 Ἦγάπησα
1780 1767 1874 1824 οὖν

1967 580 2038 633 οὶ)
2066 579 2156 633 Dei
2186 592 2450 638 amorem,
2480 587 2534 631 et
2561 576 2630 630 ob
2662 590 2810 644 spem
2863 577 3152 644 repositam
3198 579 3263 631 iis
3286 580 3376 648 qui
3405 596 3555 650 teru-l

1971 685 2124 726 mnas
2179 667 2599 735 afflictioncsque
2631 683 2726 736 pro
2766 666 2963 732 pietate
2997 668 3281 733 sustinent,
3309 669 3355 721 ci
3389 685 3536 722 ama-

1969 763 2092 817 bilia
2130 763 2473 816 videbantur.
2511 759 2624 812 Non
2648 757 3020 827 enim,inquit,
3060 769 3255 827 pratter
3294 761 3532 813 volunta-

1970 863 2097 918 tem,
2131 869 2304 922 neque
2333 855 2405 915 vi,
2436 867 2608 921 neque
2663 853 2987 905 necessitate
3044 851 3156 904 lm-c
3203 853 3395 919 pertuli
3429 869 3530 908 cer-

1972 947 2196 1010 tamina,
2223 946 2314 999 sed
2345 960 2526 998 amore
2559 943 2792 1012 quodam
2821 952 2873 996 et
2910 942 3102 996 affectu
3135 943 3296 997 hosce
3330 944 3543 1000 labores

1972 1039 2132 1108 200
2155 1039 2388 1106 Suscepi,
2429 1047 2485 1090 ut
2517 1036 2716 1105 possim
2770 1035 2948 1088 direre
2981 1053 2994 1088 :
3029 1035 3291 1100 Quoniam
3335 1049 3546 1106 promer

1973 1139 2020 1182 te
2049 1128 2429 1196 mortiﬁcamur
2451 1138 2559 1180 tota
2586 1127 2752 1181 die".
2784 1126 2958 1194 Atque
2992 1127 3102 1181 lucc
3127 1129 3378 1184 videntur
3400 1131 3540 1186 idem

1973 1221 2151 1274 valere
2182 1236 2244 1275 ac
2285 1219 2526 1288 Apostoli
2577 1221 2761 1280 verba,
2794 1229 2849 1271 et
2895 1218 3083 1272 eodem
3133 1219 3326 1275 affectu
3374 1224 3440 1277 ab
3479 1240 3544 1278 co

1972 1312 2201 1382 proferri
2251 1322 2410 1380 atque
2457 1311 2523 1364 ab
2574 1309 2830 1379 Apustolo
2860 1327 2872 1362 :
2905 1310 3034 1374 Quis
3083 1327 3176 1364 nos
3218 1315 3477 1380 separabit
3511 1333 3543 1368 a

1973 1405 2226 1458 charitate
2275 1403 2514 1457 Christi?
2547 1403 2816 1456 tribulatio
2850 1405 2874 1457 ?
2905 1419 2970 1455 an
3003 1405 3243 1472 angustia
3278 1406 3301 1457 ?
3334 1423 3402 1460 an
3427 1425 3546 1474 per-

1973 1497 2168 1550 secutio
2204 1499 2227 1551 1’
2256 1513 2322 1548 an
2364 1497 2527 1564 fomes
2551 1497 2577 1548 ?
2605 1512 2671 1548 an
2703 1496 2911 1548 auditas
2951 1497 2976 1550 ἶ)
3016 1513 3083 1548 an
3120 1497 3449 1564 periculum?
3479 1517 3544 1552 an

1973 1586 2180 1655 gladius
2200 1586 2283 1639 ‘3?
2309 1585 2475 1640 Dilexi
2509 1586 2672 1654 igitur
2699 1587 2813 1640 haec
2843 1589 3046 1652 omnia,
3079 1591 3218 1655 quod
3241 1589 3433 1645 scirent
3464 1607 3546 1645 me

1977 1678 2079 1732 sub
2107 1686 2410 1746 spectatore
2445 1688 2499 1732 et
2526 1677 2870 1746 praemiorum
2903 1679 3152 1748 largitore
3183 1680 3406 1736 Domino
3437 1685 3548 1734 uni-

1978 1785 2292 1833 versorum,
2347 1784 2445 1840 pro
2496 1771 2695 1841 pietate
2751 1770 2990 1840 pericula
3022 1772 3223 1827 subire.
3285 1772 3547 1838 Quoniam

292 1861 464 1913 ταῦτα
501 1861 697 1924 πάντα,
729 1859 902 1924 εἰδὼς,
935 1861 1016 1912 ὅτι
1047 1859 1151 1912 υπό
1188 1859 1354 1931 θεατῇ
1377 1861 1469 1913 καὶ
1503 1860 1762 1930 ἁθλοθέτῃ
1794 1860 1869 1930 τῷ

1989 1865 2211 1918 'a'audiet
2251 1865 2503 1918 Dominus
2529 1881 2699 1918 vocem
2727 1865 2980 1917 orationis
3012 1881 3158 1919 meae.
3192 1864 3281 1920 Sic
3308 1867 3449 1921 enim
3492 1878 3543 1920 et

291 1950 537 2022 Δεσπότῃ
558 1949 666 2003 τῶν
699 1949 834 2003 ὅλων
862 1951 988 2013 τοὺς
1017 1950 1154 2021 ὑπὲρ
1184 1949 1282 2020 τῆς
1317 1949 1600 2012 εὐσεϐείας
1632 1950 1873 2021 διαφέρω

292 2043 593 2108 κινδύνους.
625 2045 742 2097 Ὅτι
760 2045 1177 2098 εἰσακούσεται
1195 2047 1404 2112 Κύριος
1425 2043 1532 2110 τῆς
1542 2043 1746 2113 φωνῆς
1767 2043 1874 2112 τῆς

293 2136 555 2205 δεήσεώς
586 2155 725 2206 μου.
755 2137 909 2191 Οὕτω
944 2136 1052 2208 γάρ
1077 2139 1169 2190 καὶ
1196 2137 1423 2200 ἕκαστος
1458 2137 1612 2207 ἡμῶν
1654 2136 1874 2190 δύναται

1978 1956 2204 2026 quilibet
2232 1966 2471 2010 noslrmn
2505 1965 2897 2026 praceptorum
2923 1956 3261 2014 difficultates
3292 1976 3550 2030 superare

1980 2057 2178 2118 potest,
2207 2065 2327 2104 cum
2359 2064 2512 2104 suum
2549 2050 2671 2104 vitae
2705 2049 3005 2103 institutum
3032 2051 3400 2106 universorum
3443 2055 3550 2108 Deo

1982 2139 2126 2193 velut
2144 2140 2431 2209 spcctatori
2459 2139 2731 2208 patefacit.

293 2231 357 2284 τὸ
386 2233 443 2283 ὲν
496 2234 613 2294 ταῖς
642 2232 881 2294 ἐντολαῖς
933 2231 1188 2284 ἐπίπονον
1245 2231 1501 2298 διανύειν,
1571 2231 1697 2283 ὅταν
1747 2232 1910 2285 οἱονεὶ
1949 2231 2114 2306 θεατῇ
2163 2233 2241 2304 τῷ
2307 2232 2421 2304 Θεῷ
2455 2233 2564 2304 (ίῦ)
2619 2233 2724 2285 τῶν
2755 2233 2890 2286 ὅλων
2935 2232 3551 2310 ὲπιδεικνύμενοςῇτὴν

297 2325 493 2378 ἑαυτοῦ
528 2325 824 2380 πολιτείαν.

369 2416 423 2470 2.
461 2418 580 2470 ’Ὁτι
608 2418 810 2472 ἔκλινε
842 2420 907 2474 τὸ
943 2417 1052 2488 οὖς
1087 2422 1273 2475 αὑτοῦ
1303 2422 1453 2490 ἐμοί.
1496 2424 1763 2486 Ἕκλινεν,
1797 2417 1872 2475 εἶ-

298 2525 420 2569 πεν,
457 2508 552 2576 οὐχ
608 2508 696 2561 ἵνα
742 2512 1059 2582 σωματικήν
1100 2529 1221 2564 τινα
1276 2511 1481 2564 ἔννοιαν
1543 2512 1711 2586 λάϐῃς
1745 2513 1872 2584 περὶ¹

297 2599 433 2654 Θεοῦ
464 2595 578 2653 ὦτα
619 2600 853 2671 ἔχοντος,
897 2604 989 2656 καὶ
1021 2602 1195 2657 ταῦτα
1239 2603 1374 2676 πρὸς
1398 2603 1457 2656 τὸ
1480 2605 1743 2675 ἠρεμαῖον
1772 2605 1872 2675 τῆς

299 2689 484 2760 φωνῆς
516 2691 1078 2767 ἐπικλίνοντοςηδπερ
1107 2695 1263 2765 ἡμεῖς
1298 2693 1556 2765 ποιοῦμεν
1583 2695 1717 2764 πρὸς
1749 2697 1876 2758 τοὺς

301 2781 498 2852 μικρὸν
565 2781 966 2852 φθεγγομένους
1038 2783 1490 2855 προσεγγίζοντες
1556 2785 1714 2856 ἡμῶν
1778 2784 1877 2854 τὴν

298 2874 489 2945 ἀκοὴν,
534 2873 622 2926 ἵνα
645 2874 707 2925 ἐκ
744 2873 838 2926 τοῦ
886 2875 1150 2944 σύνεγγυς
1178 2878 1244 2946 τῇ
1277 2875 1526 2948 αἰσθήσει
1563 2875 1880 2947 παραδεξὼ-

303 2965 444 3036 μεθα
472 2965 533 3018 τὸ
572 2964 930 3036 λαλούμενον,
965 2968 1078 3020 ἀλλ’
1118 2969 1421 3032 Ἔκλινεν,
1469 2963 1654 3030 εἶπεν,
1703 2968 1790 3020 ἵνα
1822 2967 1882 3020 τὸ

299 3055 496 3110 ἑαυτοῦ
527 3055 749 3118 ἀσθενὲς
782 3056 1135 3126 ἐπιδείξηται.
1172 3057 1291 3109 ’Ὁτι
1327 3059 1498 3127 χαμαὶ
1527 3056 1764 3127 κειμένῳ
1793 3074 1882 3127 μοι

302 3148 614 3219 συγκατέϐη
653 3149 741 3202 διὰ
776 3149 1218 3220 φιλανθρωπίαν·
1262 3151 1444 3213 οἱονεὶ,
1482 3147 1764 3221 ἀρρώστου
1802 3168 1882 3202 τι-

301 3239 391 3302 νὸς
418 3239 482 3292 ἐκ
509 3239 707 3309 πολλῆς
737 3239 1018 3302 ἀσθενείας
1044 3240 1160 3292 οὐδὲ
1198 3239 1527 3310 φθέγγεσθαι
1557 3239 1769 3312 τρανῶς
1797 3240 1886 3294 δυ-

302 3332 563 3402 ναμένου,
614 3331 992 3402 φιλάνθρωπος
1046 3333 1225 3402 ἰατρὸς
1283 3333 1648 3404 προσαγαγὼν
1692 3333 1884 3390 ἑαυτοῦ

301 3425 402 3496 τὴν
432 3425 602 3495 ἀκοὴν
629 3427 692 3478 ἐκ
723 3424 817 3477 τοῦ
859 3425 1124 3494 σύνεγγυς
1166 3426 1428 3496 μανθάνοι
1460 3425 1568 3497 (Η)
1618 3426 1684 3479 τὰ
1719 3429 1887 3494 ἀναγ-

302 3519 434 3570 καῖα
484 3515 564 3586 τῷ
614 3516 895 3587 κάμνοντι.
959 3519 1244 3570 Ἔκλινεν
1287 3514 1381 3571 οὖν
1438 3517 1499 3570 τὸ
1551 3518 1660 3584 οὖς
1699 3517 1885 3571 αὐτοῦ

303 3608 454 3677 ἐμοί.
512 3608 576 3661 Ἡ
606 3609 713 3677 γὰρ
741 3608 860 3661 θεία
880 3608 1015 3679 ἀκοὴ
1043 3611 1104 3662 οὐ
1133 3613 1316 3681 φωνῆς
1341 3610 1508 3662 δεῖται
1541 3611 1674 3682 πρὸς
1697 3611 1887 3680 αἴσθη-

305 3719 421 3755 σιν’
457 3697 562 3755 οἶδε
595 3701 703 3772 γάρ
731 3701 823 3754 καὶ
851 3705 906 3754 εν
940 3701 1018 3772 τῷ
1052 3705 1311 3774 κινήματι
1347 3704 1448 3773 τῆς
1484 3703 1710 3775 καρδίας
1749 3722 1887 3772 γνω-

309 3795 455 3865 ρίσαι
483 3793 552 3848 τά
582 3793 1002 3865 ἐπιζητούμενα.
1036 3796 1106 3847 Ἦ
1143 3796 1242 3849 οὐκ
1268 3795 1508 3858 ἀκούεις,
1541 3796 1621 3848 ὃτι
1650 3796 1888 3866 Μωῦσῆς

311 3887 477 3958 μηδὲν
507 3887 896 3956 φθεγγόμενος,
926 3886 1062 3940 ἀλλὰ
1090 3889 1201 3951 τοῖς
1231 3887 1516 3959 ἀλαλήτοις
1548 3887 1740 3941 ἑαυτοῦ
1772 3905 1888 3940 στε-

307 3981 538 4049 ναγμοῖς
569 3979 914 4048 ἐντυγχάνων
961 3978 1038 4049 τῷ
1071 3980 1281 4051 Κυρίῳ,
1327 3980 1555 4050 ἠκούετο
1591 3980 1701 4049 (15)
1737 3978 1889 4049 παρὰ

304 4067 403 4122 τοῦ
443 4067 648 4139 Κυρίου
690 4069 968 4136 λέγοντος·
1023 4070 1083 4122 Τί
1128 4070 1286 4137 ,ϐοᾷς
1325 4071 1475 4140 πρὸς
1515 4070 1628 4140 μέ;
1662 4068 1814 4125 Οἶδεν
1858 4073 1886 4123 ὁ

309 4160 441 4224 Θεὸς
502 4161 597 4214 καὶ
648 4161 879 4231 αἵματος
907 4160 1158 4218 ,ἀκοῦσαι
1213 4163 1443 4226 δικαίου,
1491 4157 1536 4230 ᾧ
1569 4163 1790 4232 γλῶσσα
1824 4163 1884 4215 οὐ

312 4252 624 4323 πρόσεστιν,
668 4252 788 4305 οὐδὲ
821 4251 971 4323 φωνὴ
1003 4252 1096 4307 τὸν
1125 4253 1261 4325 ἀέρα
1297 4255 1543 4326 περῶσα.
1591 4256 1805 4325 Ἔργων
1832 4254 1887 4307 δὲ

309 4343 533 4398 δικαίων
565 4347 836 4416 παρουσία
873 4345 1250 4416 μεγαλοφωνία
1277 4347 1392 4398 ἐστὶ
1427 4346 1575 4418 παρὰ
1607 4345 1743 4417 Θεῷ.
1778 4346 1888 4399 Καὶ

2049 2418 2103 2472 2.
2146 2417 2304 2472 Vens.
2333 2417 2386 2471 2.
2423 2417 2558 2482 Quia
2591 2416 2859 2470 inclinarit
2883 2435 3059 2471 aurem
3100 2437 3248 2473 suam
3287 2425 3432 2477 mihi.
3459 2423 3552 2480 In-

1980 2510 2224 2571 clinavit,
2271 2509 2474 2578 inquit,
2522 2525 2625 2564 non
2688 2521 2744 2563 ut
2783 2524 3096 2578 corpoream
3156 2515 3442 2581 quamdam
3484 2517 3552 2571 de

1983 2603 2092 2657 Deo
2142 2601 2412 2657 notionem
2461 2601 2717 2671 accipias,
2772 2604 2924 2671 quasi
2968 2604 3164 2658 habeat
3205 2621 3398 2672 aures,
3427 2623 3552 2663 eas-

1982 2710 2087 2764 que
2113 2697 2179 2749 ad
2220 2694 2544 2748 sulnnissam
2571 2709 2756 2748 vocem
2784 2694 3005 2748 inclinet
3044 2711 3058 2746 :
3097 2697 3238 2762 quod
3290 2713 3387 2752 nos
3424 2714 3550 2770 erga

1986 2787 2108 2842 illos
2159 2787 2248 2856 qui
2308 2787 2433 2842 exili
2497 2802 2628 2842 voce
2685 2787 3010 2855 loquuntur,
3059 2789 3340 2852 efﬁcimus.
3395 2807 3553 2846 aures

1990 2887 2206 2933 nostras
2240 2878 2610 2944 admoventes,
2643 2887 2701 2931 ut
2735 2892 2798 2932 ex
2833 2877 2918 2931 illa
2950 2881 3296 2948 proximitate
3327 2882 3381 2935 id
3412 2886 3553 2952 quod

1989 2968 2209 3030 dicitur,
2237 2981 2398 3020 sensu
2433 2967 2794 3036 percipiamus
2822 2988 2833 3022 :
2873 2969 2988 3030 sed,
3022 2967 3333 3034 Inclinarit,
3370 2973 3467 3035 ait,
3499 2985 3552 3028 ut

1989 3073 2140 3113 suam
2172 3060 2340 3127 ipsius
2368 3061 2645 3129 detegeret
2677 3059 3066 3114 infirmitatem.
3099 3060 3550 3134 Quandoquidem

1988 3153 2053 3206 ad
2085 3166 2170 3206 me
2216 3151 2362 3206 humi
2400 3150 2668 3218 iacentem
2711 3151 2779 3204 ob
2813 3165 2963 3205 suam
3007 3168 3132 3223 erga
3168 3155 3415 3212 homines
3456 3160 3552 3213 be-

1988 3241 2347 3296 nevolentiam
2376 3240 2654 3295 descendit
2687 3258 2699 3294 :
2741 3240 2883 3294 velut
2914 3257 3035 3296 cum
3085 3244 3350 3315 benignus
3381 3250 3555 3304 medi-
3609 3254 3612 3259 ‘

1988 3348 2104 3400 cus,
2135 3334 2177 3388 si
2205 3333 2326 3402 quis
2350 3341 2586 3401 mgrotus
2614 3345 2723 3400 pra:
2751 3331 2917 3384 multa
2955 3332 3273 3390 infirmitate
3303 3337 3449 3392 clare
3477 3338 3556 3392 lo-

1987 3427 2077 3494 qui
2110 3433 2425 3492 non‘qneat,
2464 3437 2525 3477 ea
2565 3438 2684 3491 qum
2714 3432 2840 3476 sunt
2885 3425 3166 3494 aegrotanti
3209 3431 3551 3493 necessaria,

1988 3533 2053 3571 ex
2085 3516 2404 3584 propinquo,
2449 3514 2563 3568 suis
2591 3514 2813 3568 auribus
2845 3515 3104 3580 admotis,
3141 3517 3354 3573 ediscit.
3386 3519 3557 3576 Incli-

1989 3609 2130 3661 uavit
2158 3607 2339 3674 itaque
2384 3622 2561 3658 aurem
2606 3622 2756 3658 suam
2789 3607 2934 3659 mihi.
2988 3608 3186 3676 Utique
3227 3613 3442 3666 auditus
3475 3614 3559 3668 di-

1989 3700 2148 3752 vinus
2178 3713 2308 3752 voce
2342 3713 2446 3750 non
2479 3697 2682 3767 indiget
2715 3699 2780 3750 ad
2815 3699 3244 3768 percipiendum,
3285 3703 3551 3770 siquidem

1990 3793 2155 3862 petita
2183 3793 2342 3846 etiam
2366 3793 2417 3846 in
2446 3791 2624 3846 cordis
2658 3801 2800 3846 motu
2829 3807 3155 3860 cognoscere
3177 3795 3339 3850 valet.
3367 3795 3554 3852 Nonne

1989 3888 2096 3942 seis
2115 3903 2178 3942 ex
2210 3887 2412 3954 auditu,
2439 3885 2579 3953 quod
2607 3883 2822 3954 Moyses
2851 3883 2981 3937 nihil
3009 3885 3261 3954 loquens,
3295 3888 3388 3942 sed
3425 3895 3559 3944 taci-

1991 3981 2060 4035 tis
2089 3980 2201 4035 suis
2243 3979 2491 4048 suspiriis
2533 3976 2816 4031 Dominum
2858 3975 3232 4044 interpellans,
3266 3993 3293 4030 a
3325 3978 3553 4033 Domino

1989 4076 2307 4130 audiebatur
2347 4073 2558 4127 dicente
2591 4087 2606 4126 :
2646 4070 2784 4134 Quid
2822 4069 3016 4123 claritas
3058 4063 3134 4123 ad.
3173 4087 3254 4124 me
3284 4072 3366 4125 U"1
3393 4073 3552 4126 Novit

1990 4166 2134 4220 Deus
2168 4165 2251 4218 vel
2291 4163 2604 4234 sanguinem
2653 4161 2785 4231 justi
2833 4161 3041 4224 audire,
3096 4161 3181 4215 cui
3229 4177 3329 4217 nec
3377 4164 3556 4233 lingua

1992 4259 2152 4319 inest,
2182 4271 2278 4310 nec
2307 4270 2407 4308 vox
2437 4268 2616 4307 aerem
2653 4267 2956 4320 permeans.
2978 4253 3114 4318 Quin
3141 4254 3302 4306 etiam
3334 4269 3556 4324 operum

1985 4351 2252 4418 jnstorum
2280 4348 2563 4416 prmsentia
2594 4347 2799 4400 clamor
2828 4361 3056 4414 magnus
3088 4347 3227 4414 apud
3258 4347 3423 4400 Deum
3449 4357 3551 4401 est.

311 4433 381 4486 ἐν
409 4432 537 4499 ταῖς
565 4433 810 4503 ἡμέραις
827 4453 946 4504 μου
978 4435 1426 4506 ἐπικαλέσωμαι.
1469 4437 1657 4508 Ἡμεῖς
1687 4437 1804 4506 μὲν,
1832 4437 1878 4488 ἐν

1992 4441 2058 4494 Et
2089 4443 2141 4494 in
2175 4440 2355 4493 diebus
2385 4441 2512 4492 meis
2544 4438 2812 4491 invocabo.
2846 4436 2954 4489 Nos
2998 4436 3243 4504 equidem
3293 4451 3413 4489 cum
3453 4453 3555 4488 una

315 4529 414 4598 μιᾷ
446 4528 873 4599 προσευξάμενοι
917 4531 1120 4601 ἡμέρα,
1161 4530 1193 4601 ἢ
1232 4532 1289 4582 ὲν
1331 4536 1428 4604 μιᾷ
1456 4532 1574 4604 ὥρᾳ
1611 4531 1783 4603 βραχύ
1834 4548 1886 4582 τι

311 4620 429 4681 ταῖς
469 4617 762 4688 ἁμαρτίαις
807 4619 960 4690 ἡμῶν
1009 4622 1534 4689 ὲπιστυγνάσαντες,
1572 4620 1887 4692 άμεριμνῶ-

316 4727 414 4778 μεν
445 4709 552 4779 (l6)
595 4709 670 4773 ὡς
696 4710 798 4780 ἤδη
841 4727 894 4763 τι
928 4713 1248 4782 ποιήσαντες
1291 4713 1582 4784 ἐφάμιλλον
1612 4717 1677 4784 τῇ
1714 4714 1882 4784 κακίᾳ

312 4803 488 4873 ἡμῶν.
536 4803 594 4856 Ὀ
631 4803 810 4873 μέντοι
861 4804 1014 4871 ἅγιος
1058 4807 1220 4858 παντὶ
1255 4805 1331 4875 τῷ
1364 4807 1540 4877 χρόνῳ
1589 4808 1686 4877 τῆς
1735 4805 1880 4876 ζωῆς

311 4893 506 4952 ἑαυτοῦ
558 4895 1082 4967 παραμετρουμένην
1128 4898 1526 4951 ἐπιδείκνυσθαι
1570 4899 1716 4968 λέγει
1768 4898 1881 4970 (17)

310 4987 412 5058 τὴν
465 4986 866 5057 ἐξομολόγησιν*
931 4989 1032 5040 Ἐν
1087 4989 1216 5052 ταῖς
1272 4989 1515 5058 ἡμέραις
1580 4990 1689 5060 γάρ
1743 5010 1884 5060 μου,

388 5125 431 5153 δ’
465 5121 606 5178 Psal.
639 5137 788 5186 xum,
821 5123 910 5178 22.
988 5122 1031 5153 ⁸³
1070 5125 1226 5178 Rau].
1266 5141 1383 5188 vm,
1413 5125 1502 5179 53.

387 5260 498 5326 (12)
533 5257 622 5313 Sic
653 5275 782 5314 mss.
813 5260 985 5314 multi.
1019 5260 1195 5331 Etlitio
1228 5260 1398 5314 Paris.
1433 5261 1529 5331 τῷ,
1563 5262 1678 5324 Τίς.

389 5331 658 5405 (_l5)_Reg.
697 5332 903 5405 tertius
927 5331 1089 5405 οἱονεὶ
1113 5403 1119 5405 _
1145 5330 1314 5405 θεατῇ
1351 5333 1442 5405 καὶ
1482 5330 1743 5404 ἀθλοθέτῃ
1803 5335 1882 5405 τῷ

315 5399 455 5470 Θεῷ.
480 5399 597 5453 Sed
622 5417 740 5453 cum
780 5401 928 5459 illud,
959 5401 1050 5454 καὶ
1100 5399 1382 5471 ἀθλοθέτῃ,
1415 5403 1466 5454 in
1518 5405 1680 5454 editis
1715 5399 1778 5456 ’ἑιι
1827 5399 1878 5458 in

317 5471 440 5524 aliis
473 5486 601 5522 mss.
633 5472 790 5541 desit,
824 5471 969 5523 credi
1003 5474 1193 5525 merito
1215 5484 1392 5541 potest
1419 5474 1486 5526 ab
1515 5473 1692 5540 aliquo
1713 5474 1880 5539 libra—

321 5543 402 5594 rio
435 5541 670 5592 additum
706 5540 890 5593 fuisse.

392 5611 502 5680 (14)
530 5609 666 5684 Editi
699 5625 819 5663 cum
851 5610 998 5664 Colb.
1031 5612 1218 5680 quinto
1257 5613 1538 5684 μανθάνει.
1575 5614 1644 5668 At
1675 5622 1882 5684 septem

321 5678 452 5752 mss.
489 5678 765 5752 μανθάνοι.

390 5749 504 5820 (t5)
533 5749 605 5802 Ita
633 5750 924 5805 Colbertini
955 5751 1178 5819 primus.
1207 5754 1430 5821 quintus
1459 5764 1510 5809 et
1539 5766 1726 5812 sextus
1757 5770 1878 5810 eum

320 5817 504 5886 Regiis
547 5822 783 5876 secundo
834 5832 890 5876 et
932 5817 1142 5886 quarto.
1191 5817 1328 5878 Eiliti
1380 5841 1508 5881 vero
1539 5843 1662 5882 cum
1696 5828 1878 5886 Regiis

1994 4533 2080 4586 die
2105 4531 2398 4592 oravimus,
2430 4530 2511 4582 vel
2541 4545 2637 4598 per
2663 4543 2822 4582 unam
2851 4527 3036 4579 horam
3063 4525 3209 4578 brevi
3247 4524 3423 4594 aliqua
3463 4529 3562 4579 tri-

1997 4624 2144 4677 stitia
2196 4624 2265 4675 οι)
2303 4629 2522 4690 peccata
2569 4619 2765 4671 fuimus
2812 4615 3013 4677 aﬂ'ecti,
3068 4614 3245 4669 securi
3296 4617 3556 4678 vivimus,

1999 4725 2251 4782 tanquam
2303 4713 2346 4765 si
2397 4710 2669 4779 quidpiam
2723 4708 2863 4776 quod
2924 4706 3262 4774 iniquitatem
3319 4717 3560 4760 nostram

1995 4812 2370 4875 compcnsaret
2411 4817 2440 4856 a
2473 4802 2625 4855 nobis
2659 4809 2924 4868 patratum
2972 4807 3136 4852 esset.
3173 4797 3275 4850 Sed
3313 4798 3399 4850 bic
3434 4815 3563 4853 sau-

1995 4909 2113 4954 elus
2145 4895 2563 4956 confessionem,
2589 4907 2708 4961 qua:
2738 4905 2897 4944 omne
2927 4891 3052 4942 vitm
3084 4904 3194 4942 sure
3226 4899 3437 4958 tempus
3467 4895 3561 4944 ad-

1995 4990 2171 5046 metiri
2208 4988 2397 5058 possit,
2433 4985 2700 5040 editurum
2725 4997 2783 5036 se
2811 4981 3079 5034 afﬁrmat:
3120 4977 3372 5032 Omnibus
3401 4980 3560 5046 enim,

1576 5127 1620 5158 “
1662 5127 1832 5181 Exod.
1858 5143 1970 5190 le,
2006 5127 2071 5180 l5
2095 5166 2107 5181 .

2000 5263 2158 5318 tertio
2189 5273 2242 5316 et
2271 5271 2421 5315 sexto
2454 5263 2674 5325 ἤκουσε.
2704 5261 2822 5317 Mox
2863 5278 2992 5317 mss.
3030 5265 3183 5316 tresé
3216 5263 3369 5325 Θεές.
3408 5263 3566 5316 Deest

2003 5297 2069 5318 oc:
2089 5297 2158 5315 un
2189 5297 2242 5316 υι
2271 5297 2421 5315 nbat"
2460 5297 2470 5316 ι
2495 5297 2674 5316 ’.υδνςνο
2708 5297 2822 5317 mu:
2865 5297 2992 5317 una.
3031 5297 3183 5316 I-Ira'J
3217 5297 3369 5325 νει-ιν.
3409 5297 3560 5316 nunc“

1998 5334 2258 5386 articulus
2295 5335 2345 5386 in
2401 5297 2562 5387 editis
2598 5344 2653 5386 et
2704 5336 2755 5386 in
2798 5333 2918 5388 aliis
2958 5350 3086 5386 mss.
3151 5336 3394 5386 Subinde
3431 5351 3560 5386 mss.

1999 5419 2188 5457 novem
2220 5403 2449 5456 δικαίου.
2483 5404 2619 5457 Editi
2655 5404 2896 5456 δικαίων.

2070 5473 2180 5544 (16)
2217 5475 2367 5528 Coll).
2399 5483 2622 5542 quartus
2650 5473 3066 5544 ἀμεριμνῶμεν.
3122 5471 3262 5524 Editi
3296 5487 3416 5523 eum
3450 5473 3565 5544 plu-

1993 5542 2304 5616 rimisniss.
2336 5542 2999 5616 dpsptpvoﬁpm.Alnide'm
3035 5553 3268 5616 quatuor
3313 5557 3444 5595 mss.
3489 5542 3564 5606 ὡς

1994 5615 2132 5684 ήδη.
2159 5614 2306 5684 Editi
2339 5611 2463 5668 cuni
2493 5611 2597 5667 uno
2631 5611 2722 5666 unt
2753 5613 2924 5666 altero
2949 5628 3050 5664 ms.
3079 5612 3154 5672 ὡς
3190 5611 3274 5681 δή.

2064 5681 2276 5755 (⁷17)Ιιο
2307 5685 2470 5738 editio
2511 5684 2674 5736 Basil.
2717 5698 2837 5755 cum
2877 5697 3068 5755 novem
3103 5696 3254 5755 tnss.,
3282 5681 3566 5755 neraliter

1992 5753 2120 5824 legit
2146 5752 2434 5823 interpres.
2475 5756 2650 5808 Editio
2673 5753 2848 5807 Paris.
2881 5752 3284 5804 ἐπιδείκνυσθαι
3317 5752 3521 5822 μέλλει.
