3978 6410
297 427 404 486 483

1471 439 1759 496 IIOMILIA
1798 441 1865 497 IN
1906 439 2235 496 PSALMUM
2274 437 2458 494 CXIV.

3449 441 3553 497 490

295 553 418 616 τίας
462 553 562 624 τὴν
596 555 660 608 ἐκ
711 555 811 624 τῆς
852 557 1140 626 μετανοίας
1199 557 1440 613 κάκωσιν
1502 563 1725 633 ἐμαυτῷ
1777 564 1877 615 ἐπ-

1988 562 2301 616 bniationem
2372 572 2419 616 et
2479 562 2713 618 dolorem
2774 536 2947 618 inveni
2999 577 3095 633 per
3159 541 3551 632 paenitentiam.

296 647 520 716 ενόησα,
554 647 649 699 καὶ
677 646 851 711 οὕτως
877 649 1152 720 ἐτόλμησα
1176 651 1239 703 τὸ
1267 652 1437 722 ὄνομα
1454 653 1658 723 Κυρίου
1689 656 1881 708 ἐπικα-

295 736 578 793 λέσασθαι.
632 738 767 792 Τίνα
816 741 872 813 δέ
909 735 976 812 ἦν
1019 741 1054 795 ἃ
1097 737 1284 808 εἷπον;
1338 739 1404 795 Ὦ
1457 746 1654 812 Κύριε,
1696 747 1882 813 ῥῦσαι

294 828 411 895 τὴν
474 830 688 898 ψυχήν
739 809 878 900 μοί).
933 809 1252 905 Κατέχομαι
1299 835 1359 888 ἐν
1417 838 1482 905 τῇ
1536 809 1880 910 αἰχμαλωσίᾳ

293 922 489 996 ταύτῃ,
521 925 584 976 σὺ
620 924 712 988 δὸς
756 925 819 978 τὸ
851 925 992 997 ὑπὲρ
1025 926 1160 998 ἐμοῦ
1200 927 1415 1000 λύτρον,
1446 929 1538 982 καὶ
1576 928 1735 999 ῥῦσαι
1783 929 1880 1001 τὴν

293 1014 476 1086 ψυχήν
512 1032 635 1085 μου.

368 1193 421 1249 5.
475 1193 774 1264 Ἑλεήμων
821 1199 854 1250 ὁ
895 1196 1112 1266 Κύριος
1157 1200 1257 1253 καὶ
1291 1199 1540 1264 δίκαιος.
1596 1200 1879 1272 Πανταχοῦ

298 1288 556 1341 συνάπτει
585 1291 618 1359 ἡ
663 1288 852 1360 Γραφὴ
886 1293 997 1353 τοῖς
1029 1293 1332 1362 οἰκτιρμοῖς
1365 1293 1457 1346 τοῦ
1492 1293 1628 1346 Θεοῦ
1661 1294 1758 1364 τὴν
1800 1293 1880 1346 δι-

296 1380 609 1451 καιοσύνην,
658 1380 983 1435 διδάσκουσα
1023 1385 1201 1454 ἡμᾶς,
1243 1386 1325 1438 ὅτι
1364 1385 1487 1440 οὔτε
1517 1389 1546 1440 ὁ
1587 1387 1736 1452 ἕλεος
1785 1387 1879 1440 τοῦ

297 1472 434 1525 Θεοῦ
462 1472 704 1543 ἄκριτος,
745 1472 869 1526 οὔτε
911 1475 1156 1546 ήκρίσις
1185 1477 1519 1549 ἀνελεήμων.
1582 1479 1745 1533 Ἀλλὰ
1788 1480 1881 1532 καὶ

295 1563 492 1629 ἐλεῶν,
543 1565 884 1636 κεκριμένως
931 1569 1045 1631 τοῖς
1086 1567 1256 1633 ἀξίοις
1297 1572 1584 1642 ὲπιμετρεῖ
1620 1573 1754 1634 ,τοὺς
1801 1573 1880 1624 oi-

297 1655 591 1727 κτιρμούς·
636 1658 729 1710 καὶ
759 1657 979 1728 κρίνων,
1017 1659 1426 1731 ὲστοχασμένως
1454 1662 1556 1732 τῆς
1599 1661 1883 1727 ἀσθενείας

295 1745 456 1817 ἡμῶν
484 1745 677 1816 ἐπάγει
708 1746 807 1819 τὴν
841 1749 1046 1820 κρίσιν,
1091 1750 1474 1824 φιλανθρωπίᾳ
1511 1752 1709 1823 μᾶλλον
1738 1754 1772 1824 ἢ
1814 1756 1879 1824 τῇ

295 1836 392 1890 τοῦ
426 1837 540 1921 ἴσοι)
575 1838 958 1910 ἀντιμετρήσει
983 1839 1323 1911 ἀμυνόμενος
1347 1843 1514 1913 ἡμᾶς.
1541 1843 1652 1897 Καὶ
1680 1846 1712 1897 ό
1736 1845 1881 1910 Θεὸς

1986 654 2276 708 Enimvero
2308 654 2469 707 talem
2503 652 2836 724 paenitentia:
2866 652 3190 720 cruciatum,
3225 655 3316 724 qui
3349 656 3553 724 peccati

1984 744 2337 813 magnitudini
2373 745 2706 807 conveniret,
2738 743 2868 797 mihi
2897 743 3010 812 ipse
3045 744 3370 813 excogitavi,
3397 752 3449 798 et
3477 745 3557 800 sic

1984 852 2177 890 nomen
2227 835 2439 890 Domini
2490 851 2656 892 ausus
2706 853 2822 892 sum
2879 837 3156 893 invocare.
3209 836 3337 904 Quae
3375 845 3556 891 autem

1985 940 2140 983 erant
2169 943 2290 998 qua:
2327 929 2474 982 dixi?
2510 930 2672 983 \‘Ees.
2704 931 2757 985 4.
2793 929 2836 984 0
2869 929 3112 996 Domine,
3138 928 3301 984 libera
3324 929 3554 983 animam

1986 1037 2175 1075 meam.
2216 1020 2270 1074 In
2315 1022 2415 1074 hac
2447 1021 2698 1076 detineor
2727 1022 3068 1092 captivitate,
3104 1031 3157 1076 tu
3187 1036 3283 1091 pro
3315 1035 3401 1075 me
3436 1005 3558 1089 pre-

1985 1109 2118 1160 tium
2155 1108 2220 1160 da
2264 1108 2680 1177 redemptionis,
2708 1118 2761 1164 et
2796 1109 2966 1166 libera
3009 1110 3247 1166 animam
3286 1125 3486 1166 meam.

2056 1201 2108 1253 Ξ.
2153 1199 2318 1255 Vens.
2357 1201 2410 1259 5.
2453 1199 2758 1256 Misericors
2801 1202 3053 1257 Dominus
3087 1211 3134 1256 et
3161 1203 3362 1273 justus.
3407 1203 3558 1258 Scri-

1984 1303 2145 1360 ptura
2183 1292 2384 1362 ubique
2414 1292 2508 1346 Dei
2554 1292 2999 1350 miserationibus
3028 1294 3296 1365 justitiam
3331 1297 3560 1363 conjun-

1987 1382 2062 1451 git
2107 1400 2120 1436 :
2168 1382 2365 1451 quippe
2410 1382 2566 1436 docet
2611 1397 2729 1448 nos,
2773 1399 2950 1454 neque
2995 1384 3090 1439 Dei
3135 1385 3556 1440 misericordiam

1981 1471 2187 1540 judicio
2225 1485 2434 1538 carere,
2467 1488 2644 1543 neque
2675 1472 2936 1543 judicium
2973 1489 3166 1544 expers
3197 1490 3317 1530 esse
3349 1475 3562 1530 miseri-

1983 1563 2202 1618 cordiw.
2236 1562 2342 1617 Sed
2386 1575 2440 1618 et
2473 1565 2598 1619 dum
2638 1566 2956 1629 miseretur,
3002 1565 3069 1619 iis
3099 1567 3187 1636 qui
3222 1566 3368 1636 digni
3399 1575 3556 1632 sunt,

1984 1670 2108 1710 suas
2134 1671 2252 1709 eum
2270 1655 2478 1725 judicio
2496 1657 2876 1714 miserationes
2897 1657 3186 1713 admetitur
3210 1675 3223 1713 :
3247 1667 3410 1726 atque
3429 1657 3558 1712 dum

1979 1746 2208 1816 judicat,
2243 1747 2428 1801 habita
2462 1748 2796 1804 infirmitatis
2825 1758 3023 1804 nostra:
3048 1750 3257 1805 ratione
3285 1750 3448 1804 infert
3474 1749 3560 1820 ju«

1986 1837 2212 1904 dicinm,
2242 1837 2578 1906 benignitate
2601 1840 2792 1910 magis,
2817 1855 2979 1909 quam
3005 1855 3104 1910 par
3123 1841 3242 1909 pari
3273 1842 3560 1897 referendo

295 1929 466 1998 ἡμῶν
494 1930 668 1985 ἐλεεῖ.
709 1931 897 1996 Ἔλεός
937 1932 1054 1985 ἐστι
1086 1933 1257 1997 πάθος
1287 1935 1380 1988 ἐπὶ
1408 1937 1533 1999 τοὺς
1561 1938 1691 2008 παρ’
1723 1934 1880 2000 ἀξίαν

1988 1929 2223 1998 plectens
2254 1944 2375 1986 nos.
2425 1929 2495 1984 Et
2533 1929 2675 1986 Deus
2712 1942 2889 1986 noster
2918 1933 3212 1987 miseretur.
3247 1933 3561 1990 Misericor-

296 2023 820 2094 τεταπεινωμένους,
852 2024 1001 2095 παρά
1024 2025 1133 2080 τῶν
1165 2025 1465 2096 συμπαθῶς
1489 2027 1881 2098 διατιθεμένων

295 2115 601 2185 γινόμενον.
619 2114 799 2168 Ἐλεοῦ
807 2133 905 2185 μεν
923 2116 1014 2169 τὸν
1031 2117 1095 2169 ἐκ
1113 2115 1346 2187 μεγάλου
1371 2117 1598 2171 πλούτου
1623 2118 1759 2188 πρὸς
1778 2119 1879 2192 τὴν

299 2206 415 2272 (24)
437 2204 680 2281 ἐσχάτην
711 2205 898 2258 πενίαν
934 2207 1330 2277 μεταπεσόντα,
1355 2207 1448 2262 τὸν
1484 2210 1547 2262 ἐκ
1575 2209 1673 2281 τῆς
1701 2212 1877 2281 ἄκρας

295 2275 512 2364 εὐεξίας
542 2296 636 2350 τοῦ
672 2295 920 2368 σώματος
951 2300 1031 2360 εἰς
1061 2297 1158 2369 τὴν
1190 2299 1426 2371 ἐσχάτην
1460 2300 1743 2355 ἀσθένειαν
1772 2319 1877 2355 κα-

293 2385 656 2461 ταϐληθέντα,
686 2388 776 2442 τὸν
805 2390 898 2443 ἐπὶ
927 2390 1111 2444 κάλλει
1143 2392 1235 2444 καὶ
1267 2391 1387 2464 ὥρᾳ
1427 2392 1676 2464 σώματος
1707 2394 1877 2463 ἀγαλ-

297 2482 543 2553 λόμενον,
569 2482 662 2536 καὶ
689 2481 794 2535 ὑπὸ
823 2483 930 2536 τῶν
957 2482 1252 2553 αἰσχίστων
1276 2483 1466 2538 παθῶν
1485 2486 1874 2558 διαφθαρέντα.

312 2575 466 2628 Ἐπεὶ
502 2570 595 2628 οὖν
621 2575 714 2628 καὶ
737 2575 898 2646 ἡμεῖς
929 2570 1073 2646 ἦμέν
1103 2592 1234 2629 ποτε
1281 2575 1481 2642 ἔνδοξοι
1520 2578 1613 2634 ἐπὶ
1640 2581 1742 2649 τῆς
1785 2578 1878 2632 τοῦ

298 2665 629 2737 παραδείσου
654 2665 951 2736 διαγωγῆς,
980 2666 1277 2738 ἐγενόμεθα
1299 2667 1355 2720 δὲ
1379 2667 1553 2733 ἄδοξοι
1576 2669 1668 2722 καὶ
1691 2688 1881 2724 ταπει-

296 2759 380 2829 νοὶ
406 2756 498 2821 διὰ
537 2757 637 2828 τὴν
676 2756 968 2820 ἔκπτωσιν,
1135 2757 1282 2822 Θεὸς
1325 2758 1491 2827 ἡμῶν
1534 2760 1708 2826 ἐλεεῖ,
1739 2762 1881 2833 ὁρῶν

294 2840 448 2919 ἡμᾶς
477 2843 590 2901 ὀἷοι
644 2847 760 2902 ἀνθ’
800 2848 928 2901 οἴων
975 2849 1299 2920 γεγόναμεν.
1338 2850 1437 2904 Διά
1472 2851 1631 2905 τοῦτο
1663 2854 1758 2907 καὶ
1790 2853 1881 2909 τὸν

308 2939 482 3010 Ἀδὰμ
510 2935 826 2994 ἀνεκαλεῖτο
857 2943 922 3012 τῇ
960 2941 1071 3012 (Ξὸ)
1114 2940 1210 2995 τοῦ
1253 2942 1401 2996 ἐλέου
1457 2948 1633 3015 φωνῇ,
1676 2946 1879 3015 λέγων’

308 3030 503 3101 Ἀδὰμ,
531 3031 651 3086 ποῦ
677 3031 764 3094 εἷς
804 3031 879 3084 Οὐ
910 3031 1024 3103 ’γὰρ
1063 3032 1371 3104 διδαχθῆναι
1406 3034 1586 3105 ἐζήτει
1626 3038 1656 3089 ὁ
1704 3038 1882 3090 πάντα

295 3105 490 3197 εἰδὼς,
540 3120 679 3174 ἀλλά
724 3121 915 3197 νοῆσαι
938 3121 1114 3176 αὑτὸν
1157 3122 1406 3176 ἐϐούλετο
1457 3118 1569 3186 οἷος
1615 3122 1733 3177 ἀνθ’
1767 3123 1880 3176 οἵου

295 3194 508 3282 γέγονε.
538 3213 663 3268 Ποῦ
693 3191 780 3277 εἳξ
806 3213 925 3283 ἀντὶ
946 3212 1063 3278 τοῦ,
1094 3214 1188 3278 Εἰς
1215 3211 1325 3268 οἷον
1353 3215 1555 3286 πτῶμα
1585 3215 1882 3287 κατελήλυ-

297 3307 397 3371 θας
441 3307 549 3361 ἀπὸ
573 3306 890 3378 τηλικούτου
919 3305 1121 3376 inpone;

1979 2023 2066 2078 dia
2097 2021 2312 2078 aliectio
2349 2032 2432 2078 est
2473 2038 2600 2094 erga
2644 2039 2739 2081 eos
2787 2027 2879 2096 qui
2921 2035 3119 2095 praeter
3161 2027 3409 2082 meritum
3461 2029 3559 2082 de-

1977 2116 2150 2184 pressi
2177 2123 2336 2182 sunt,
2380 2117 2448 2168 ab
2478 2115 2544 2170 iis
2569 2117 2661 2184 qui
2701 2117 3058 2172 miseratione
3085 2118 3244 2188 202
3276 2126 3561 2174 moventur

1980 2205 2356 2275 prolieiseens.
2401 2206 2726 2263 Miseramur
2757 2223 2906 2274 eum,
2940 2209 3030 2279 qui
3067 2225 3132 2265 ex
3167 2212 3377 2279 magnis
3418 2209 3561 2265 divio

1982 2298 2072 2352 tiis
2105 2298 2156 2352 in
2186 2309 2488 2354 extremam
2521 2300 2709 2355 incidit
2748 2311 3161 2372 paupertatem:
3194 2318 3342 2368 eum,
3376 2304 3467 2373 qui
3492 2318 3559 2358 ex

1979 2391 2184 2460 optima
2230 2393 2481 2462 corporis
2525 2392 2843 2450 habitudine
2877 2395 2944 2449 ad
2988 2410 3256 2450 summam
3307 2397 3559 2452 redactus

1979 2494 2066 2540 est
2101 2482 2438 2540 debilitatem
2487 2503 2501 2540 :
2539 2501 2700 2552 eum,
2737 2486 2829 2558 qui
2880 2488 2950 2542 ob
2993 2486 3451 2560 pulchritudinem
3495 2504 3560 2546 ac

1981 2575 2307 2647 elegantiam
2340 2576 2586 2646 corporis
2618 2578 3020 2647 prmgestiebat,
3051 2581 3143 2632 sed
3159 2575 3206 2632 'a
3240 2577 3558 2634 fmdissimis

1982 2683 2046 2722 ac
2082 2667 2412 2738 turpissimis
2451 2668 2654 2722 morbis
2692 2680 2983 2740 corruptus
3018 2679 3122 2724 est.
3157 2669 3422 2737 Quoniam
3456 2671 3559 2741 igi-

1984 2769 2072 2813 tur
2105 2771 2160 2813 et
2195 2775 2292 2815 nos
2329 2759 2381 2814 in
2416 2760 2674 2829 paradiso
2705 2760 2988 2830 degentes,
3017 2777 3237 2816 eramus
3268 2761 3558 2833 aliquando

1983 2853 2114 2905 clari
2156 2867 2220 2906 ac
2267 2852 2626 2922 spectabiles,
2659 2862 2715 2907 et
2769 2862 2944 2907 tamen
2983 2853 3050 2908 ob
3085 2853 3439 2922 eiectionem,
3476 2855 3560 2909 in-

1983 2944 2141 3015 glorii
2179 2952 2232 2999 et
2265 2944 2464 3015 abjecti
2507 2944 2816 3009 evasimus,
2861 2944 3005 3000 Deus
3038 2957 3214 3000 noster
3261 2947 3558 3016 miseretur,

1983 3035 2110 3089 dum
2167 3035 2354 3106 quales
2411 3050 2512 3090 nos
2555 3051 2620 3090 ex
2663 3035 2913 3105 qualibus
2967 3036 3096 3092 facti
3150 3039 3357 3105 simus,
3389 3039 3557 3094 videt.

1985 3128 2325 3198 Quapropter
2355 3138 2409 3184 et
2452 3129 2721 3184 Adamum
2755 3130 2858 3186 hac
2890 3131 3276 3187 misericordia:
3313 3148 3447 3189 voce
3478 3148 3563 3188 re-

1984 3222 2235 3284 vocabat,
2262 3219 2496 3275 .dicens:
2532 3219 2726 3288 Adam,
2758 3219 2850 3274 ubi
2889 3237 2943 3275 es
2970 3221 3055 3274 ⁸τῖ
3087 3220 3200 3276 Non
3235 3222 3378 3276 enim
3426 3223 3559 3276 edo—

1910 3294 1954 3354 C
1987 3310 2097 3364 ceri
2126 3311 2404 3380 quaerebat
2424 3310 2665 3365 omnium
2693 3326 2915 3382 gnarus,
2943 3313 3036 3368 sed
3060 3313 3365 3385 intelligere
3386 3313 3560 3384 ipsum

297 3399 536 3469 volebat,
563 3399 740 3471 qualis
769 3413 837 3454 ex
867 3399 1012 3469 quali
1038 3397 1214 3470 laetus
1239 3407 1403 3455 esset.
1438 3397 1539 3453 Ubi
1581 3400 1677 3454 es?
1714 3400 1868 3470 quasi
1910 3399 2059 3455 dicat
2093 3419 2107 3455 :
2140 3403 2198 3456 1n
2234 3417 2398 3473 quam
2465 3401 2683 3456 ruinam
2716 3417 2786 3457 ex
2833 3413 2982 3458 tanta
3045 3405 3382 3462 sublimitate
3424 3408 3562 3465 inei-

338 3491 466 3548 isti?

299 3497 466 3550 disli?
1034 3503 1038 3523 τ

370 3555 429 3642 4.
499 3584 844 3641 Φυλάσσων
873 3586 946 3640 τὰ
983 3584 1171 3652 νήπια
1202 3587 1236 3638 ὁ
1273 3585 1516 3654 Κύριος-ο
1568 3585 1886 3638 ἐταπεινώ-

300 3689 436 3754 θην,
469 3683 567 3739 καὶ
596 3681 794 3739 ἐσωσέ
964 3675 1090 3738 Εἴτε
1134 3679 1276 3734 κατά
1312 3680 1404 3733 τὸν
1441 3679 1667 3750 φυσικὸν
1707 3679 1884 3748 λόγον,

300 3780 401 3832 οὐκ
433 3775 499 3831 ἂν
531 3774 762 3845 συνέστη
802 3775 835 3846 ἡ
869 3771 1186 3845 ἀνθρωπίνη
1221 3771 1401 3842 φύσις,
1441 3772 1515 3843 μὴ
1548 3771 1657 3826 τῶν
1688 3772 1886 3843 κομιδῆ

299 3870 509 3940 νηπίων
536 3868 724 3938 καὶνέτι
743 3863 956 3937 βρεφῶν
977 3867 1082 3920 ὑπὸ
1099 3867 1193 3919 τοῦ
1215 3865 1420 3939 Κυρίου
1439 3865 1903 3937 φυλασσομένων..

203 3971 206 3976 ·
303 3958 428 4021 Πῶς
455 3956 561 4028 γὰρ
587 3955 620 4026 ἢ
657 3955 769 4027 (26)
796 3956 865 4010 τὰ
893 3958 954 4009 ἐν
977 3959 1044 4027 τῇ
1079 3957 1263 4029 μήτρᾳ
1305 3953 1717 4027 κυοφορούμενα
1761 3954 1888 4024 ἠδύ-

304 4069 436 4106 νατο
465 4050 761 4124 τρέφεσθαι
786 4049 820 4122 ἢ
849 4049 1116 4104 κινεῖσθαι
1142 4051 1199 4102 ἐν
1223 4048 1365 4102 οὕτω
1399 4049 1608 4112 στενοῖς
1643 4047 1904 4119 χωρίοις,

303 4147 398 4201 καὶ
417 4143 687 4216 μηδεμίαν
709 4141 920 4215 ἔχουσιν
943 4142 1285 4213 ἀναστροφὴν
1307 4139 1440 4214 (27),
1459 4140 1573 4194 ἀλλ’
1597 4142 1654 4192 ἐν
1677 4157 1887 4193 σκοτει-

304 4240 416 4301 νοῖς
443 4219 631 4298 τόποις
656 4238 754 4289 καὶ
792 4233 1041 4307 ἐνύγροις
1067 4233 1166 4305 τὴν
1196 4232 1340 4306 ζωὴν
1379 4232 1590 4302 ἔχοντα,
1628 4233 1723 4292 καὶ
1764 4230 1888 4284 οὔτε

303 4328 563 4383 ἀναπνεῖν
585 4327 874 4399 δυνάμενα,
906 4327 1027 4381 οὔτε
1049 4327 1147 4398 ζῇν
1162 4327 1259 4398 τὴν
1277 4323 1385 4379 τῶν
1401 4324 1700 4396 ἀνθρώπων
1720 4323 1886 4394 ζωὴν,

310 4419 446 4475 ἀλλά
471 4419 628 4491 δίκην
659 4417 855 4491 ἰχθύων
883 4421 994 4482 τοῖς
1027 4419 1212 4490 ὑγροῖς
1239 4418 1378 4489 ἐμφε
1389 4417 1609 4489 ρόμενα,
1643 4418 1692 4470 εἰ
1721 4417 1796 4488 μὴ
1817 4419 1884 4488 τῇ

305 4514 461 4586 παρὰ
491 4513 586 4568 τοῦ
630 4511 764 4566 Θεοῦ
805 4512 1018 4584 φυλακῇ
1057 4511 1426 4584 διεκρατεῖτο;
1467 4508 1592 4574 Πῶς
1633 4509 1675 4562 δ’
1709 4508 1774 4563 ἂν
1809 4511 1888 4573 εἰς

305 4607 398 4661 τόν
435 4605 580 4678 ἀήθη
605 4604 794 4659 τοῦτον
824 4604 1125 4658 ἐκπεσόντα
1145 4603 1331 4668 τόπον,
1363 4601 1458 4656 κα¹ι
1479 4601 1587 4655 ἀπὸ
1613 4600 1711 4671 τῆς
1734 4601 1793 4653 ἐν
1818 4603 1883 4672 τῇ

311 4701 497 4771 μήτρα
532 4698 865 4771 θερμότητος
903 4695 980 4766 τῷ
1013 4695 1134 4768 ἀέρι
1169 4695 1579 4768 περιψυχόμενα
1613 4693 1716 4747 κᾶν
1750 4693 1886 4763 πρὸς

309 4795 371 4848 τὸ
415 4791 588 4864 βραχὺ
634 4791 942 4861 διήρκεσεν,
987 4787 1036 4840 εί
1083 4787 1157 4859 μὴ
1191 4787 1342 4859 παρὰ
1383 4785 1517 4840 Θεοῦ
1561 4785 1880 4853 διεσώζετο;

2060 3586 2112 3641 4.
2172 3587 2337 3642 Vens.
2381 3587 2434 3644 6.
2476 3587 2796 3646 Custodiam
2837 3589 3091 3660 parvulos
3124 3587 3421 3655 Dominus;
3466 3589 3565 3643 Itu-

1989 3675 2227 3729 miliatus
2262 3691 2409 3744 sum,
2439 3676 2487 3732 et
2517 3678 2724 3732 salvum
2769 3695 2849 3733 me
2881 3679 3025 3748 fecit.
3061 3679 3186 3734 Sive
3211 3679 3442 3734 naturali
3474 3695 3564 3734 ra-

1991 3769 2134 3823 tione
2161 3768 2212 3823 id
2247 3769 2518 3838 aceipias,
2553 3787 2658 3826 non
2694 3772 3022 3827 consisteret
3064 3774 3299 3828 humana
3343 3784 3560 3841 natura,

1988 3861 2032 3916 si
2070 3859 2106 3914 ii
2137 3860 2228 3931 qui
2261 3870 2386 3916 sunt
2420 3875 2644 3930 prorsus
2681 3863 2892 3933 parvuli
2934 3873 2989 3916 et
3023 3861 3197 3917 adhuc
3231 3863 3500 3930 infantes,
3531 3882 3561 3920 a

1988 3952 2221 4008 Domino
2253 3969 2361 4008 non
2395 3954 2821 4010 custodirentur.
2859 3955 3140 4021 Quomodo
3176 3956 3320 4010 enim
3367 3956 3460 4026 qui
3509 3957 3561 4010 in

1989 4054 2145 4100 utero
2169 4053 2473 4116 gestantur,
2502 4045 2697 4100 nutriri
2729 4055 2823 4100 aut
2850 4048 3053 4101 moveri
3083 4056 3328 4116 possent,
3354 4063 3477 4103 cum
3509 4049 3562 4104 in

1989 4137 2178 4208 spatiis
2202 4137 2336 4192 adeo
2366 4137 2632 4207 angustis,
2667 4137 2720 4192 in
2748 4139 2946 4208 quibus
2979 4139 3124 4194 nullo
3156 4140 3316 4195 modo
3347 4156 3405 4196 se
3433 4157 3562 4197 con-

1948 4278 1953 4283 .
1991 4241 2202 4286 vertere
2235 4245 2298 4285 ac
2326 4246 2546 4286 versare
2575 4231 2755 4299 liceat,
2793 4232 3164 4299 diversentur,
3193 4233 3287 4288 sed
3323 4233 3376 4288 in
3415 4243 3566 4288 tene-

1990 4323 2168 4379 brosis
2199 4331 2255 4378 et
2286 4324 2520 4378 humidis
2551 4323 2684 4380 locis
2708 4324 2914 4391 vivant,
2943 4340 3120 4396 neque
3152 4326 3447 4396 respirare,
3477 4340 3566 4381 ne-

1991 4431 2095 4485 que
2121 4416 2402 4471 hominum
2434 4419 2599 4472 vitam
2637 4417 2821 4473 vivere
2847 4416 3114 4483 valentes,
3151 4419 3245 4473 sed
3284 4419 3457 4474 inStar
3485 4419 3566 4488 pi-

1991 4509 2162 4564 scium
2188 4507 2366 4564 ﬂuidis
2388 4510 2720 4576 innatantes,
2749 4509 2852 4566 nisi
2885 4511 2978 4565 Dei
3007 4511 3251 4565 custodia
3278 4526 3564 4568 servaren-

1992 4603 2118 4656 tur?
2168 4601 2452 4670 Quomodo
2507 4618 2694 4657 rursus
2745 4605 2812 4658 ad
2857 4604 3136 4661 insolitum
3194 4604 3336 4660 hunc
3386 4605 3563 4660 locum

1990 4695 2182 4766 elapsi,
2217 4703 2271 4750 et
2295 4705 2417 4765 post
2446 4696 2582 4752 uteri
2611 4697 2848 4752 calorem
2881 4712 3006 4750 aere
3030 4697 3356 4768 refrigerati,
3389 4697 3474 4754 vel
3497 4698 3565 4754 ad

1992 4787 2153 4842 breve
2202 4796 2413 4858 tempus
2463 4788 2857 4857 persisterent,
2904 4788 3007 4843 nisi
3048 4803 3078 4842 a
3124 4789 3235 4844 Deo
3277 4803 3567 4845 conserva-

311 4884 655 4941 Φυλάσσων
691 4877 784 4936 οὖν
816 4880 888 4937 τὰ
912 4879 1100 4948 νήπια
1125 4884 1156 4935 ὀ
1183 4882 1397 4949 Κύριος
1418 4899 1445 4918 ·-
1461 4881 1883 4949 ἐταπεινώθη-ν,

1997 4879 2230 4935 rentur?
2257 4879 2569 4934 Custodiens
2607 4895 2737 4951 ergo
2779 4881 3025 4950 parvulos
3057 4879 3348 4946 Dominus;
3391 4881 3567 4934 humi-

310 4979 408 5034 καὶ
440 4977 638 5031 ἔσωσέ
663 4992 760 5045 με.
790 4975 862 5028 Ἣ
891 4976 985 5028 καὶ
1021 4973 1163 5028 οὕτω
1190 4975 1403 5046 νοήσεις
1440 4974 1532 5029 τὸν
1561 4973 1734 5043 λόγον’
1763 4974 1886 5027 Ὅτι

311 5069 501 5137 ἐπειδὴ
542 5067 854 5137 ἐστράφην,
879 5066 974 5119 καὶ
1013 5067 1278 5136 ἐγενόμην
1321 5064 1397 5129 ὡς
1435 5066 1498 5118 τὸ
1531 5066 1743 5137 νήπιον,
1793 5065 1887 5117 καὶ

311 5157 580 5228 ἐδεξάμην
602 5156 698 5228 τὴν
728 5155 1000 5226 βασιλείαν
1027 5157 1134 5210 τῶν
1159 5157 1504 5227 οὐρανῶν-ὼς
1537 5157 1765 5220 παιδίον,
1790 5157 1885 5211 καὶ

312 5252 400 5305 διὰ
427 5251 526 5322 τῆς
551 5249 785 5312 ἀκακίας
814 5249 1050 5319 ἐμαυτὸν
1086 5249 1166 5313 εἰς
1189 5249 1289 5321 τὴν
1315 5248 1421 5303 τῶν
1447 5249 1675 5305 παιδίων
1703 5247 1886 5302 ταπείη

391 5433 434 5462 ⁸⁷
473 5431 608 5487 Gen.
646 5445 728 5496 ιιι,
759 5430 812 5485 9.

391 5609 502 5680 (9.4)
536 5609 626 5662 Sic
655 5613 856 5680 septem
872 5621 1022 5680 Amss.
1054 5605 1534 5680 Αιεάἰιιμ-εττιτην.
1555 5603 1708 5661 llaud
1732 5603 1891 5675 longe

319 5675 452 5740 ιιι-ξ.
487 5675 759 5733 Secundus
793 5675 1075 5748 ἀσθένειαν
1113 5675 1533 5748 μεταϐληθέντα.

391 5750 502 5818 ('25)
537 5748 668 5820 Reg.
699 5747 970 5802 secundus
1001 5745 1480 5804 ἐνεκαλεῖτο.’Μοι
1527 5750 1659 5820 lleg.
1692 5746 1887 5803 tertius

238 5823 242 5828 ’
316 5822 428 5874 οἴου
455 5819 763 5888 γεγένηται.

395 5885 506 5949 isti)
537 5885 651 5945 δῆθ’
676 5903 808 5945 mss.
847 5895 977 5946 tres.
1021 5885 1199 5957 _Dcest
1237 5886 1270 5956 ἦ
1317 5887 1368 5943 in
1399 5888 1556 5947 editis
1587 5897 1640 5946 ct
1671 5889 1724 5946 in
1764 5889 1882 5946 aliis

1994 4977 2155 5030 liatus
2204 4993 2343 5041 sum,
2393 4984 2440 5030 et
2485 4977 2702 5030 servavit
2760 4992 2858 5031 me.
2916 4975 3026 5030 Aut
3079 4977 3241 5031 etiam
3287 4975 3368 5032 sic
3402 4975 3563 5030 verba

1997 5064 2187 5119 isthmc
2218 5063 2524 5133 intelligere
2556 5063 2764 5132 pOteris
2797 5081 2811 5117 :
2847 5063 3297 5134 Quandoquidem
3332 5079 3563 5120 conver-

1994 5171 2088 5210 sus
2134 5171 2292 5218 sum,
2327 5166 2382 5211 et
2415 5153 2589 5210 factus
2635 5169 2753 5208 sum
2809 5165 2867 5210 ut
2907 5155 3196 5226 parvulus,
3229 5170 3295 5210 ac
3339 5169 3565 5223 regnum

1993 5247 2251 5302 caelorum
2292 5246 2438 5302 velut
2469 5261 2611 5316 puer.
2630 5247 2867 5320 suscepi,
2897 5263 3091 5319 meque
3133 5247 3248 5318 ipse
3282 5260 3379 5317 per
3409 5246 3573 5323 inno-_

1999 5607 2316 5678 quibusdam
2356 5623 2501 5664 mssa

2067 5679 2181 5749 (27)
2211 5679 2283 5732 Ita
2327 5680 2492 5734 editio
2525 5678 2714 5749 ,Basil.
2743 5685 2820 5749 et_
2845 5672 2984 5749 Oliv.
3033 5683 3087 5749 e_t
3115 5673 3358 5749 (hodiel‘.
3386 5673 3560 5749 et_alii

1998 5744 2224 5818 septem.
2290 5749 2464 5804 Editio
2514 5748 2692 5804 Paris.
2739 5746 2833 5801 καὶ
2871 5744 3140 5817 μηδεμίαν
3192 5745 3404 5818 ἔχουσιν
3435 5745 3563 5798 ἀνα-

1998 5820 2196 5891 πνοήν,
2220 5818 2286 5874 In
2319 5822 2502 5889 quibus
2532 5836 2624 5874 nec
2655 5820 2912 5890 respirare
2941 5818 3115 5871 liceat.
