3978 6410
333 367 446 423 493

1506 371 1797 429 HOMILIA
1836 374 1904 430 IN
1937 376 2269 436 PSALMUM
2309 382 2500 441 CXIV.

3490 395 3593 452 494

331 494 475 563 φανῇ
503 491 614 561 (55)
637 508 717 544 σοι
739 491 799 544 τὸ
819 493 1130 564 λεγόμενον,
1158 493 1294 547 ἀλλά
1319 494 1511 548 σκόπει
1537 498 1630 550 τοῦ
1661 501 1907 572 πρᾶγμα.

2021 507 2175 562 dibus
2217 517 2327 565 tres
2372 511 2551 566 aetatis
2593 527 2658 568 ac
2707 513 2832 569 vitae
2877 515 3281 572 vicissitudines
3315 532 3378 572 ac
3416 528 3591 571 muta-

330 603 423 648 τος
468 586 567 657 τὴν
620 582 898 656 ἀλήθειαν.
953 587 1041 638 Ἐν
1093 586 1242 658 τρισὶ
1294 587 1402 659 γὰρ
1435 588 1725 661 ἑϐδομάσιν
1777 592 1912 645 ἐτῶν

332 678 482 748 τρεῖς
514 676 838 744 ὑφίστασθαι
867 677 1109 745 πέφυκεν
1139 678 1450 743 ἀλλοιώσεις
1482 681 1574 732 καὶ
1609 682 1912 752 μεταϐολὰς

329 766 556 838 ἡλικιῶν
594 767 689 820 καὶ
739 765 868 836 βίων
923 769 951 819 ὁ
994 767 1312 840 ἄνθρωπος,
1364 771 1457 822 καὶ
1514 770 1634 823 καθ’
1675 773 1911 843 ἑκάστην

328 858 598 928 ἑϐδομάδα
633 858 763 921 ι’διος
790 859 914 930 ὅρος
947 860 1300 931 περιγράφων
1330 860 1397 913 τὰ
1423 861 1781 933 παρελθόντα,
1817 865 1912 918 καὶ

327 947 537 1018 ἐναργῆ
560 947 812 1017 παρέχων
835 946 933 1018 τὴν
962 949 1336 1019 μεταποίησιν.
1367 949 1472 1002 Τοῦ
1501 951 1714 1004 παιδίου
1739 955 1772 1024 ἡ
1797 953 1911 1023 ηλι-

329 1038 423 1092 κία
454 1039 512 1090 ὲν
544 1040 608 1108 τῇ
636 1038 742 1090 τῶν
773 1037 998 1091 ὀδόντων
1026 1039 1260 1108 ἀποϐολῇ
1297 1039 1405 1108 (56)
1453 1040 1595 1096 κατά
1639 1041 1735 1111 τὴν
1761 1043 1913 1114 πρώ-

326 1146 429 1199 την
461 1127 733 1199 ἑϐδομάδα
784 1124 1172 1199 περιορίζεται.
1219 1128 1324 1181 Τοῦ
1363 1130 1552 1193 παιδὸς
1583 1129 1766 1184 λοιπὸν
1812 1132 1910 1184 τοῦ

328 1221 469 1294 πρὸς
520 1220 618 1283 τὰς
674 1217 937 1290 μαθήσεις
993 1217 1295 1289 ἐπιτηδείου
1350 1220 1382 1289 ἡ
1439 1219 1745 1291 προθεσμία
1796 1222 1910 1275 ἐστὶ

331 1314 498 1384 μέχρι
539 1311 640 1380 τῆς
671 1311 950 1382 ἐφηϐείας.
999 1311 1056 1362 '0
1087 1310 1317 1381 ἔφηϐος,
1365 1311 1527 1383 μέχρι
1559 1313 1774 1385 πρώτου
1816 1316 1910 1368 καὶ

327 1402 574 1456 εἰκοστοῦ
608 1402 760 1466 ἔτους
788 1401 1207 1472 συμπληρωθεὶς
1234 1442 1249 1468 ,
1283 1404 1410 1457 ὅταν
1459 1403 1651 1469 ἰούλοις
1681 1403 1910 1476 ἄρξηται

327 1495 714 1559 κατασκιάζειν
767 1493 867 1557 τὰς
913 1494 1179 1564 παρειὰς,
1216 1495 1536 1563 ἀφανίζεται
1582 1495 1906 1568 λεληθότως,

328 1588 465 1659 πρὸς
497 1587 588 1639 τὸν
633 1585 800 1656 ἄνδρα
853 1586 954 1657 ἤδη
1005 1587 1099 1640 τοῦ
1152 1586 1434 1642 νεανίσκου
1489 1587 1906 1660 μεθισταμένου.

327 1680 498 1734 Ὅταν
529 1678 708 1732 τοίνυν
744 1679 860 1749 ἴδῃς
890 1679 1057 1750 ἄνδρα
1084 1679 1420 1750 ἀποθέμενον
1466 1681 1564 1751 μὲν
1603 1683 1700 1752 τὴν
1731 1682 1911 1736 ἐπίδο-

329 1789 414 1824 σιν
446 1771 546 1841 τῆς
577 1771 697 1825 καθ’
721 1771 935 1842 ἡλικίαν
959 1772 1260 1842 αὐξήσεως,
1292 1771 1560 1843 βεϐηκότα
1587 1773 1642 1826 δὲ
1672 1775 1770 1846 ἤδη
1797 1777 1908 1839 τοῖς

2017 600 2190 655 tiones
2244 603 2528 666 sustineat,
2572 620 2746 674 eoque
2796 622 2891 675 per
2943 607 3186 678 singulas
3230 609 3591 663 lledeIItadcs

2015 695 2279 748 terminus
2318 697 2568 766 preprius
2611 700 2887 767 praeterita
2928 699 3351 764 circumscribit,
3379 711 3433 754 et
3473 718 3614 762 ma-_

2012 782 2265 840 nifestatn
2300 789 2519 843 exhibet
2561 791 3033 860 permutationem.
3076 790 3424 846 Terminatur
3454 792 3588 846 den-

2015 875 2205 928 titione
2233 885 2365 932 aetas
2391 880 2540 948 pueri
2571 881 2717 935 circa
2750 882 2980 951 primam
3008 882 3424 937 hebdomadem.
3453 881 3591 937 Prae-

2011 966 2220 1020 linitum
2275 977 2486 1038 tempus
2535 972 2689 1038 pueri
2721 974 2812 1043 qui
2849 973 2962 1041 jam
3002 973 3068 1028 ad
3105 972 3424 1043 disciplinas
3467 975 3585 1028 Ido-

2011 1074 2146 1112 neus
2192 1070 2298 1126 est,
2331 1061 2396 1114 ad
2444 1063 2784 1130 pubertatem
2832 1079 3002 1134 usque
3044 1066 3376 1120 extenditur.
3409 1066 3586 1122 Pubes

2010 1163 2152 1202 anno
2184 1150 2443 1205 vicesimo
2473 1153 2648 1221 primo
2674 1154 2995 1223 completus,
3028 1169 3150 1208 cum
3179 1154 3387 1210 scilicet
3412 1155 3585 1224 prima

2009 1251 2264 1318 lanugine
2305 1265 2472 1320 genas
2522 1250 2722 1305 vestire
2777 1259 2830 1304 et
2880 1249 3204 1303 adumbrare
3263 1249 3586 1317 incmperit,

2009 1343 2209 1397 sensim
2240 1343 2458 1408 desinit,
2486 1342 2828 1398 adolescente
2853 1342 2964 1411 jam
3001 1343 3053 1397 in
3090 1343 3265 1396 virum
3300 1353 3586 1398 transeun-

2011 1442 2084 1487 te.
2119 1431 2252 1485 Cum
2290 1431 2451 1500 igitur
2488 1431 2688 1487 videris
2730 1432 2904 1487 virum
2933 1433 3023 1501 qui
3060 1447 3156 1501 per
3198 1441 3411 1488 aetatem
3460 1449 3582 1489 cre-

2007 1537 2161 1578 scere
2195 1531 2249 1578 et
2285 1525 2469 1592 augeri
2511 1523 2798 1588 destiterit,
2825 1524 3048 1594 jamque
3092 1524 3244 1578 ﬁrma
3293 1524 3366 1578 sit
3409 1527 3580 1579 ratio-

2008 1612 2304 1680 cinatione,
2340 1627 2441 1668 nec
2485 1612 2651 1666 ullum
2702 1611 3003 1680 juventutis
3052 1615 3336 1682 vestigium
3375 1631 3484 1684 pra:
3523 1631 3583 1669 se

2009 1703 2168 1766 ferat,
2198 1719 2268 1757 an
2310 1718 2415 1758 non
2455 1718 2519 1758 ea
2559 1718 2676 1772 quae
2707 1703 2976 1772 praeterita
3009 1713 3156 1768 sunt,
3199 1705 3253 1758 in
3289 1705 3405 1774 ipso
3435 1721 3584 1759 mor-

2013 1805 2107 1851 tua
2146 1810 2274 1852 esse
2316 1795 2695 1850 existimabis?
2726 1795 2903 1850 Senex
2950 1811 3139 1852 rursus
3173 1799 3226 1852 in
3267 1798 3426 1852 aliam
3476 1797 3585 1852 for-

324 1866 626 1937 λογισμοῖς,
676 1865 769 1919 καὶ
813 1864 976 1935 μηδὲν
1026 1865 1168 1934 ἴχνος
1205 1865 1304 1935 τῆς
1355 1866 1602 1935 νεότητος
1648 1866 1903 1937 φέροντα,

2012 1901 2153 1938 main
2193 1895 2248 1940 et
2289 1885 2341 1938 in
2374 1883 2536 1939 alium
2580 1886 2747 1941 animi
2785 1887 3034 1942 allectum
3065 1902 3380 1954 conversus,
3413 1890 3588 1972 inani:

325 1962 448 2032 οὐχὶ
495 1961 812 2032 τεθνηκέναι
868 1963 926 2014 ὲν
974 1959 1120 2030 αὐτῷ
1179 1960 1369 2034 λογίσῃ
1416 1960 1905 2033 τά’παρελθόντα;

327 2053 496 2107 Πάλιν
528 2057 556 2107 ό
593 2052 939 2126 πρεσϐύτης,
990 2053 1128 2126 πρὸς
1175 2053 1362 2122 ἕτερον
1396 2054 1579 2123 σχῆμα
1613 2055 1705 2106 καὶ
1729 2053 1909 2124 ψυχῆς

324 2147 562 2202 διάθεσιν
597 2146 1014 2218 μεθαρμοσθεὶς,
1063 2146 1247 2216 ἕτερός
1281 2148 1394 2199 ἐστι
1433 2145 1712 2217 προδήλως
1757 2146 1907 2216 παρὰ

326 2239 454 2302 τοὺς
483 2239 800 2310 προτέρους.
842 2238 1006 2290 Ὥστε
1037 2237 1125 2290 καὶ
1151 2239 1182 2308 ἡ
1216 2238 1327 2308 ζωὴ
1356 2237 1463 2291 τῶν
1491 2237 1792 2309 ἀνθρώπων
1822 2237 1909 2292 διὰ

328 2331 536 2385 πολλῶν
568 2331 810 2384 θανάτων
847 2329 1294 2400 συμπληροῦσθαι
1342 2329 1602 2398 πέφυκεν,
1648 2331 1708 2383 οὐ
1749 2330 1908 2400 μόνον

325 2425 386 2476 ὲν
429 2425 496 2494 τῇ
528 2422 668 2475 κατά
692 2421 790 2485 τὰς
824 2420 1236 2492 μεθηλικιώσεις
1293 2420 1596 2492 μεταϐολῇ,
1648 2419 1784 2473 ἀλλὰ
1813 2419 1909 2474 καὶ

325 2517 384 2567 ὲν
423 2516 536 2578 τοῖς
587 2511 706 2566 καθ’
751 2511 1022 2584 ἁμαρτίαν
1054 2511 1306 2582 πτώμασι
1349 2512 1456 2565 τῶν
1497 2511 1702 2583 ψυχῶν.
1735 2513 1906 2566 Ὅπου

323 2608 382 2660 δὲ
432 2607 530 2660 οὐκ
588 2605 737 2658 ἔστιν
783 2605 1067 2668 ἀλλοίωσις
1109 2603 1230 2659 οὔτε
1265 2603 1513 2676 σώματος
1560 2604 1682 2658 οὔτε
1729 2605 1910 2677 ψυχῆς

328 2697 470 2766 (οὐδὲ
493 2698 601 2768 γάρ
635 2699 749 2750 ἐστι
783 2696 1041 2767 λογισμοῦ
1069 2697 1429 2770 παρατροπὴ,
1467 2699 1586 2752 οὐδὲ
1622 2699 1910 2770 μετάθεσις

323 2787 568 2859 γνώμης,
599 2788 852 2859 οὐδεμιᾶς
892 2788 1260 2859 περιστάσεως
1285 2788 1346 2841 τὸ
1377 2789 1634 2853 εὐσταθὲς
1662 2791 1753 2844 καὶ
1785 2791 1912 2845 ἀτά-

329 2899 492 2952 ραχον
524 2879 631 2935 τῶν
659 2881 934 2952 λογισμων
965 2880 1416 2952 ἀφαιρουμένης),
1448 2881 1598 2953 χώρα
1623 2885 1771 2936 ἐστὶν
1797 2882 1908 2956 (57)

323 2975 507 3045 ἐκείνη
549 2973 628 3045 τῷ
666 2975 778 3028 ὄντι
833 2972 1081 3040 ζώντων,
1133 2974 1334 3044 ὁμοίων
1374 2974 1542 3029 ὄντων
1595 2977 1684 3030 ἀεὶ
1731 2978 1909 3031 αὐτῶν

324 3070 552 3131 ἑαυτοῖς.
612 3069 696 3120 Ἐν
817 3067 1048 3138 μάλιστα
1096 3067 1480 3139 εὐαρεστήσειεν
1529 3069 1608 3140 τῷ
1635 3068 1754 3140 Θεῷ
1798 3070 1909 3123 τῶν

2007 1974 2144 2031 feste
2175 1977 2314 2031 alius
2342 1985 2444 2043 est,
2477 1977 2521 2030 si
2549 1992 2671 2032 cum
2706 1978 2981 2047 prioribus
3014 1986 3378 2047 comparetur.
3407 1978 3585 2046 Quare

2008 2066 2116 2120 vita
2160 2066 2440 2121 hominum
2486 2083 2591 2122 non
2631 2067 2804 2122 solum
2847 2083 2970 2122 cum
3022 2076 3154 2124 aetas
3188 2078 3447 2136 mutatur,
3487 2069 3583 2124 sed

2008 2157 2170 2212 etiam
2196 2173 2320 2213 cum
2357 2159 2553 2212 anima:
2590 2159 2641 2214 in
2683 2171 2966 2228 peccatum
3019 2161 3293 2224 labuntur,
3327 2175 3422 2228 per
3449 2160 3584 2213 mul-

2011 2257 2094 2305 tas
2138 2259 2340 2305 mortes
2387 2260 2576 2320 suapte
2629 2261 2822 2306 natura
2854 2252 3123 2320 expletur.
3176 2249 3274 2306 Ubi
3309 2266 3435 2305 vero
3477 2237 3586 2304 non

2007 2348 2089 2394 est
2120 2341 2473 2394 commutatio
2509 2356 2684 2410 neque
2731 2341 2979 2412 corporis
3027 2355 3202 2410 neque
3241 2339 3434 2394 animae
3465 2339 3583 2411 (ue-

2009 2447 2113 2500 que
2135 2432 2278 2486 enim
2305 2441 2386 2486 est
2415 2433 2641 2490 rationis
2670 2433 2909 2498 eversio,
2935 2441 3028 2487 aut
3055 2432 3338 2488 sententiae
3369 2446 3586 2501 permu-

2011 2526 2164 2593 tatio,
2204 2526 2247 2580 si
2296 2525 2595 2580 adversitas
2648 2525 2790 2580 nulla
2845 2524 3044 2580 mentis
3091 2523 3458 2578 constantiam
3519 2536 3584 2576 ac

2010 2620 2459 2690 tranquillitatem
2494 2618 2715 2687 aufert),
2752 2617 2839 2672 illa
2873 2626 2956 2673 est
3000 2633 3126 2672 vere
3169 2615 3461 2672 viventium
3495 2629 3581 2670 re-

2009 2714 2119 2784 gio,
2157 2713 2354 2782 quippe
2403 2712 2493 2782 qui
2532 2712 2635 2766 sibi
2686 2711 2818 2781 ipsis
2849 2725 3062 2781 semper
3098 2711 3207 2766 sint
3250 2707 3579 2764 consimiles.

2009 2803 2065 2857 ln
2117 2818 2225 2872 qua
2271 2803 2644 2857 universorum
2695 2801 2804 2857 Deo
2849 2801 3084 2856 maxime
3132 2799 3581 2870 complaciturum

2011 2892 2172 2966 204
2212 2909 2270 2948 se
2309 2893 2590 2962 pollicetur
2640 2893 2930 2962 Propheta,
2959 2907 3082 2947 cum
3131 2890 3264 2944 nihil
3297 2897 3581 2946 externum

2012 2987 2391 3057 impediturum
2424 2985 2516 3048 sit,
2542 2984 2831 3053 quominus
2861 2999 3081 3052 scopum
3111 2997 3250 3037 verae.
3281 2990 3334 3036 et
3362 2980 3582 3050 aequalis

2011 3092 2129 3143 cum
2183 3075 2388 3144 angelis
2435 3075 2714 3129 servitutis
2771 3081 3096 3142 assequatur
3131 3089 3144 3125 :
3183 3070 3578 3132 Contendimus,

324 3161 459 3213 ὅλων
505 3161 533 3212 ὁ
577 3161 862 3231 Προφήτης
905 3159 1422 3228 κατεπαγγέλλεται,
1461 3161 1537 3224 ὡς
1581 3161 1672 3214 ὑπ’
1699 3162 1907 3227 οὐδενὸς

2014 3164 2206 3234 inquit,
2241 3165 2344 3218 sive
2399 3173 2675 3231 pra’sentes
2729 3163 2783 3216 in
2835 3176 3084 3232 corpore,
3119 3161 3224 3214 sire
3273 3175 3301 3212 a
3355 3174 3583 3228 corpore

329 3252 535 3322 μέλλων
564 3251 671 3304 τῶν
696 3251 891 3316 ἔξωθεν
906 3251 1287 3305 διακόπτεσθαι
1319 3251 1454 3324 πρὸς
1477 3252 1567 3306 τὸν
1586 3253 1786 3307 σκοπὸν
1810 3253 1911 3326 τῆς

325 3341 585 3414 ἀληθινῆς
609 3344 700 3396 καὶ
729 3343 992 3413 ὁμοτίμου
1025 3345 1136 3405 τοῖς
1162 3343 1413 3411 ἀγγέλοις
1439 3343 1706 3407 δουλείας.
1735 3347 1910 3398 Φιλο-

324 3438 660 3505 τιμούμεθα,
692 3436 874 3505 φησὶν,
899 3435 1018 3488 εἴτε
1037 3434 1437 3503 ἐνδημοῦντες
1472 3435 1530 3488 ὲν
1676 3434 1911 3506 σώματι,

325 3529 444 3582 εἴτε
493 3527 894 3597 ἐκδημοῦντες
939 3527 1046 3580 ἀπὸ
1099 3525 1190 3578 τοῦ
1246 3524 1532 3595 σώματος,
1598 3525 1910 3594 εὐάρεστοι

325 3621 486 3686 αὐτῷ
515 3618 688 3675 εἶναι.
732 3620 955 3675 Ζώντων
982 3619 1158 3690 ἐκείνη
1199 3619 1370 3689 χώρα,
1402 3621 1458 3672 ὲν
1546 3619 1645 3671 οὐκ
1677 3618 1754 3671 ένι
1789 3617 1905 3682 νὺξ,

326 3714 426 3766 οὐκ
452 3712 529 3766 ἔνι
558 3712 723 3775 ὕπνος
746 3711 806 3764 τὸ
837 3710 930 3764 τοῦ
955 3709 1180 3764 θανάτου
1220 3710 1441 3781 μίμημα
1468 3727 1480 3740 ·
1533 3711 1592 3763 ἐν
1692 3710 1791 3762 οὐκ
1827 3709 1922 3764 ἔνι.-

329 3803 552 3875 βρῶσις,
582 3804 681 3856 οὐκ
709 3802 788 3855 ἕνι
820 3803 996 3865 πόσις,
1042 3801 1108 3853 τὰ
1133 3801 1229 3871 τῆς
1271 3800 1554 3864 ἀσθενείας
1603 3801 1758 3872 ἡμῶν
1804 3801 1906 3854 ὑπ-

329 3896 648 3966 ερείσματα,
677 3897 776 3966 οῦκ
797 3893 873 3946 ἕνι
905 3893 1078 3956 νόσος,
1104 3892 1203 3946 οὐκ
1228 3892 1459 3963 ένιάλγή
1470 3909 1616 3963 ματα
1643 3893 1775 3959 (58),
1808 3891 1906 3944 οὐκ

333 3987 564 4060 ἰατρεία,
599 3986 657 4039 οὐ
687 3965 1030 4056 δίκαστήρια,
1075 3983 1174 4037 οὐκ
1207 3979 1486 4056 ἐμπορίαι,
1519 3986 1582 4038 οὐ
1611 3966 1815 4054 τέχναι,
1843 3983 1903 4036 οὐ

329 4082 606 4152 χρήματα,
655 4078 761 4132 τῶν
793 4078 978 4133 κακῶν
1008 4079 1041 4149 ἠ
1088 4077 1248 4150 ἀρχὴ,
1279 4081 1311 4149 ἡ
1346 4077 1456 4130 τῶν
1490 4077 1739 4149 πολέμων
1774 4077 1905 4131 ὑπό-

2012 3257 2417 3326 peregrinantes,
2442 3254 2646 3325 placere
2673 3253 2748 3307 illi
2774 3252 3154 3309 ".Viventium
3184 3251 3271 3306 illa
3301 3259 3383 3307 est
3411 3249 3580 3321 regio,

2012 3349 2066 3403 in
2095 3340 2203 3417 q'ua
2229 3363 2334 3403 non
2361 3355 2446 3402 est
2475 3363 2601 3413 nox,
2633 3363 2740 3400 non
2780 3355 2865 3402 est
2890 3361 3112 3402 somnus
3141 3344 3332 3398 mortis
3364 3341 3540 3412 imago
3566 3359 3578 3394 :

2011 3439 2066 3494 in
2097 3453 2202 3508 qua
2243 3454 2346 3493 non
2389 3447 2473 3493 est
2516 3440 2692 3504 cibus,
2727 3453 2830 3494 non
2882 3447 2965 3494 est
3011 3447 3198 3508 potus,
3250 3435 3582 3490 inﬁrmitatis

2012 3540 2210 3585 nostra:
2255 3528 2588 3597 fu-lcimenta,
2623 3546 2726 3585 non
2774 3539 2859 3585 est
2905 3531 3144 3595 morbus,
3176 3543 3278 3583 non
3326 3536 3451 3581 sunt
3484 3529 3580 3580 do-

2011 3623 2174 3687 lores,
2205 3637 2310 3676 non
2342 3623 2632 3684 medicina,
2661 3637 2765 3676 non
2794 3622 2934 3684 fora,
2967 3638 3070 3676 non
3103 3627 3439 3683 mercatura},
3475 3635 3578 3674 nun

2012 3726 2180 3780 artes,
2205 3732 2308 3770 non
2334 3715 2599 3784 pecuniae,
2620 3715 2881 3769 malorum
2912 3714 3364 3782 origo,bellorum
3395 3727 3576 3772 causa,

2012 3805 2310 3861 inimicitia:
2357 3806 2513 3860 radix
2561 3823 2575 3860 :
2623 3807 2718 3861 sed
2773 3814 2852 3861 est
2902 3806 3050 3876 regio
3101 3804 3426 3866 viventium,
3476 3819 3577 3856 non

2014 3898 2360 3954 morientium
2392 3913 2489 3968 per
2517 3908 2820 3967 peccatum,
2847 3897 2940 3952 sed
2984 3911 3164 3952 veram
3197 3896 3360 3948 vitam
3395 3895 3578 3948 viven-

2015 3988 2146 4044 tium
2193 3989 2245 4044 in
2290 3988 2506 4044 Christo
2546 3987 2693 4053 Jesu,
2741 3990 2829 4044 cui
2881 3989 3048 4060 gloria
3098 3998 3153 4042 et
3203 3986 3484 4057 imperium
3525 3986 3577 4036 in

2012 4082 2207 4136 saecula
2238 4081 2576 4138 saeculorum.
2619 4084 2810 4139 Amen.

332 4175 498 4238 θεσις,
532 4177 564 4246 ἡ
596 4174 718 4244 ῥίζα
761 4176 857 4245 τῆς
900 4174 1118 4245 ἔχθρας·
1155 4174 1291 4228 ἀλλά
1332 4174 1486 4246 χώρα
1532 4174 1769 4242 ζώντων,
1809 4177 1907 4229 οὐκ
1945 4177 2396 4249 ἀποθνησκόντων
2423 4179 2510 4233 διὰ
2543 4179 2644 4250 τῆς
2694 4180 2983 4252 ἁμαρτίας,
3019 4178 3152 4232 ἀλλά
3213 4174 3426 4241 ζώντων
3478 4175 3574 4245 τὴν

333 4271 504 4342 ἀληθῆ
539 4269 679 4342 ζωὴν
712 4269 809 4341 τὴν
851 4271 908 4323 ἐν
943 4268 1163 4341 Χριστῷ
1207 4270 1381 4342 ’1ησοῦ
1427 4270 1536 4341 (39)
1559 4312 1574 4337 ,
1623 4265 1667 4339 ᾧ
1718 4274 1750 4343 ή
1788 4271 1913 4340 δόξα
1958 4290 2050 4328 και
2077 4273 2139 4327 τὸ
2162 4273 2360 4346 κράτος
2387 4277 2466 4340 εἰς
2493 4275 2619 4339 τοὺς
2643 4275 2843 4340 αἰῶνας
2865 4274 2976 4330 τῶν
3005 4275 3234 4328 αἰώνων.
3280 4272 3467 4342 Ἀμήν.

405 4498 447 4529 ⁸¹
487 4497 524 4550 ll
554 4497 675 4552 Cor.
708 4513 759 4563 v,
797 4499 849 4553 9.

337 4683 439 4736 εἰει(
479 4681 620 4733 idem
649 4681 706 4732 ἐν
733 4696 809 4748 τῳ
830 4678 1020 4749 κόσμῳ
1059 4678 1277 4743 ζῶντες.
1312 4679 1434 4734 "(ec
1460 4680 1673 4734 aliunde
1694 4689 1902 4750 sumpta

2012 4681 2289 4744 Basillum,
2321 4681 2365 4734 si
2398 4679 2524 4734 talia
2558 4681 2622 4735 de
2647 4678 2828 4747 pueris
2866 4692 3092 4750 narrare
3116 4674 3416 4750 statuisset,
3443 4691 3576 4747 προ-

337 4769 479 4812 esse,
507 4765 606 4873 ιέεόο
636 4752 702 4804 ad
731 4750 983 4802 Basilium
1019 4751 1289 4818 pertinere
1323 4760 1469 4821 patet
1493 4768 1560 4808 ex
1587 4751 1909 4808 Pradatione

339 4839 487 4873 ΙΙυΙΙὶ.
592 4858 606 4872 ο

339 4839 487 4876 "Ulli.
517 4839 606 4873 Ol.

404 4891 515 4960 (55)
541 4888 674 4960 licg.
705 4889 898 4941 tertius
931 4890 1154 4960 φανήτω
1173 4906 1259 4960 σοι
1297 4891 1380 4944 τό.

409 4959 520 5031 (56)
554 4959 711 5023 Illud,
744 4960 972 5031 ὀδόν-των
997 4959 1260 5028 ἀποϐολῇ,
1299 4963 1379 5014 sic
1413 4963 1643 5017 reddidit
1671 4964 1910 5016 Tilmon-

341 5029 462 5094 nus,
487 5031 718 5101 dentium
782 5029 1074 5098 abjictione
1103 5046 1119 5082 :
1151 5033 1245 5101 sed
1286 5033 1412 5100 quid
1465 5035 1565 5086 hac
1598 5049 1728 5088 voce
1764 5034 1912 5101 abje-

341 5105 510 5156 ctione
543 5099 898 5172 intellexerit,
923 5115 1008 5172 ex,
1044 5115 1131 5163 eo,
1173 5100 1216 5153 si
1256 5099 1480 5166 viveret,
1513 5103 1740 5157 libenter
1764 5099 1909 5172 qua:-

342 5188 538 5243 reretn.
573 5170 781 5243 Etenim
827 5170 1188 5243 amissionem
1223 5179 1288 5243 et
1343 5172 1632 5238 jacturatn,
1667 5170 1793 5243 qum
1829 5185 1912 5228 est

343 5242 556 5312 propria
583 5250 636 5293 et
664 5241 842 5312 nativa
870 5241 1016 5293 vocis
1047 5239 1286 5311 ἀποϐολή
1329 5239 1696 5311 εἰεεῃτιὶίὶοτιιίο,⁷
1715 5244 1759 5296 si
1813 5260 1908 5297 cx-

343 5309 579 5386 primere
611 5309 798 5386 voluit,
830 5325 1022 5386 sopore
1043 5312 1197 5386 gravi
1223 5309 1687 5386 cerreptnsfuisse
1715 5323 1902 5386 putati:

341 5379 441 5436 ῖΙιιε
474 5392 576 5442 est,
602 5379 646 5432 si
681 5395 745 5432 ex
770 5380 882 5432 suis
911 5381 1085 5433 verbis
1110 5383 1431 5434 sententiam
1461 5379 1744 5436 absurdam
1765 5382 1898 5438 cllici

342 5469 448 5506 non
499 5449 899 5503 animadvertit.
933 5451 1223 5504 Cornarius
1258 5465 1405 5516 vero,
1444 5461 1497 5505 ut
1548 5455 1648 5506 huc
1694 5453 1898 5507 incont-

345 5522 487 5575 modi
543 5523 757 5578 vitaret.
801 5519 1142 5586 interpretari
1200 5521 1408 5582 maluit,
1446 5523 1678 5574 dentium
1731 5524 1896 5587 iactu,

350 5597 444 5647 huc
486 5600 587 5654 est,
627 5590 858 5642 dentiant
887 5600 1026 5650 orm,
1051 5591 1360 5644 demitione.
1397 5592 1600 5658 Quibus
1621 5609 1691 5646 ex
1723 5593 1900 5648 verbis

359 5674 518 5730 tptatn
535 5660 749 5732 quidem
777 5660 1102 5732 sententiain
1126 5660 1283 5732 ellici,
1307 5677 1481 5726 nemo,
1499 5664 1710 5732 opinor,
1741 5663 1899 5716 homo

349 5728 561 5798 ,n-gabit
601 5728 1100 5803 :-sepd,_ni_si__valde
1139 5729 1316 5803 fallor,
1358 5734 1463 5803 vim
1493 5728 1632 5787 vocis
1662 5732 1898 5803 ἀποϐολῇ

348 5797 454 5856 non
487 5799 740 5870 exprimi,
770 5797 1025 5855 facillime
1054 5814 1240 5856 omnes
1280 5801 1611 5860 fatebuntur.
1643 5804 1776 5860 P'uto
1802 5797 1902 5864 cui}

2013 4753 2140 4822 ϐολῇ
2173 4768 2274 4806 non
2309 4750 2548 4821 ἀποϐολῇ
2578 4751 2906 4819 scripturum
2940 4747 3125 4822 fuisse.
3157 4747 3286 4822 Sed,
3312 4757 3367 4800 ut
3394 4760 3577 4800 verum

2014 4816 2214 4884 dicam,
2240 4823 2354 4876 hinc
2379 4831 2434 4874 et
2463 4816 2570 4875 alia
2614 4816 2719 4873 non
2757 4835 2928 4889 pauca
2957 4816 3248 4872 Basilianis
3275 4817 3456 4889 inepte
3483 4832 3578 4889 an-

2015 4908 2150 4946 nexa
2205 4907 2324 4946 esse
2381 4893 2645 4958 suspicor.
2680 4888 2818 4960 Lege
2871 4889 3364 4960 Pra‘l'ationem.—
3405 4888 3576 4940 Stabit

2014 4975 2159 5017 certe
2190 4962 2350 5031 hujus
2373 4956 2488 5031 loci
2514 4956 2801 5024 αὺθεντία’,
2833 4959 2935 5014 nisi
2985 4956 3228 5031 validiori
3265 4964 3578 5031 argumento

2016 5028 2378 5100 impugnetnr.
2415 5030 2545 5086 Mire
2580 5032 2722 5084 enim
2771 5031 2824 5084 in
2885 5030 3124 5100 auctoris
3156 5028 3324 5082 nostri
3357 5035 3577 5100 senteu;

2017 5097 2145 5156 tiain
2172 5097 2406 5173 quadrat
2435 5115 2533 5154 vox
2568 5100 2827 5173 ἀποϐολή,
2867 5099 3132 5173 siquidem
3173 5112 3359 5151 revera
3401 5097 3581 5148 termi-

2013 5183 2174 5224 natur
2196 5172 2412 5241 puerilis
2444 5181 2570 5241 (clas
2596 5170 2930 5239 (primorum)
2974 5170 3205 5241 dentium
3235 5180 3580 5229 ABJECIIOMZ,

2009 5245 2150 5294 circa
2177 5237 2836 5309 primam-hebdontadem.
2875 5237 3030 5294 EDtT.
3065 5237 3300 5292 Ρλτιιοι..

2079 5308 2191 5377 (57)
2223 5312 2294 5365 Ita
2325 5321 2447 5365 octo
2473 5327 2603 5367 mss.
2643 5315 2710 5364 At
2738 5311 2867 5365 editi
2898 5309 3052 5380 χώρα
3080 5309 3228 5380 ἐστὶν
3258 5308 3388 5358 ἐκεῖ.

2081 5375 2193 5450 (58)
2225 5382 2366 5434 Oliv.
2402 5380 2646 5452 ἄλγημα.
2679 5381 2818 5435 Editi
2864 5375 2995 5433 ciitn'
3022 5378 3374 5452 multishntss.
3408 5375 3579 5452 ἀλγή-

2013 5431 2821 5540 p.53sustineat."satis;
2873 5431 3166 5519 εμπορεῖα.
3213 5446 3353 5503 ()liv.
3404 5431 3579 5517 ἐμπό-

2049 5529 2118 5575 ἴα.
3257 5529 3272 5540 “

2049 5540 2118 5575 ια.

2011 5540 2190 5668 ένῷθ)
2223 5590 2372 5668 ουν.
2426 5601 2480 5647 et
2514 5592 2615 5668 alii
2673 5600 2780 5646 tres
2831 5604 2960 5668 mss.
3027 5584 3336 5668 Ἰησοῦητῷ
3393 5585 3582 5668 Κυρῐῳ

2010 5654 2183 5732 ἡμῶνξ
2223 5663 2352 5717 Illud
2385 5663 2526 5730 quod
2562 5678 2685 5716 mox
2732 5662 2998 5732 sequitur,
3036 5654 3143 5710 τῶν
3169 5654 3406 5732 αἰώνων,
3431 5654 3578 5732 deest

2009 5729 2223 5800 quidem
2262 5736 2313 5785 in
2340 5729 2500 5786 editis
2534 5734 2657 5787 ctitt
2686 5745 2792 5783 uno
2823 5739 2912 5784 aut
2937 5729 3106 5784 altero
3138 5730 3321 5784 codice
3357 5743 3370 5780 :
3407 5729 3498 5784 sed
3529 5729 3579 5778 in

2013 5805 2194 5860 multis
2225 5804 2342 5858 aliis
2373 5819 2501 5860 mss.
2527 5801 2813 5860 reocritur.
