3978 6410
202 391 313 450 497
1347 393 1715 452 ADVERSUS
1746 395 2111 453 EUNOMIUM
2148 395 2273 451 LIB.
2306 396 2348 453 I.
3349 398 3451 453 £98

210 505 306 557 της
340 496 432 541 aut
459 486 639 540 νοθεία
670 502 736 543 ex
769 487 1114 544 multitudine
1163 496 1257 542 aut
1301 503 1369 543 ex
1413 491 1686 557 paucitate
1718 494 1937 547 testium
1967 494 2250 564 penderet,
2277 492 2663 548 controversiae
2688 492 2834 548 omni
2869 493 3029 548 linem
3072 495 3349 564 imponere
3377 497 3454 549 la-

208 584 471 637 cillimum
504 594 669 639 esset.
701 582 834 639 Cum
874 585 1018 639 enim
1052 599 1158 638 non
1195 584 1425 654 amplius
1468 595 1578 641 tres
1609 594 1702 640 aut
1728 596 1960 655 quatuor
2003 587 2278 642 numerari
2312 586 2470 656 vulgo
2496 586 2726 654 soleant,
2755 587 2845 656 qui
2886 588 3021 643 duos
3066 588 3232 643 libros
3276 597 3453 658 poste-

207 682 385 734 riores
417 694 513 750 pro
545 678 695 735 falsis
729 679 1018 734 habuerint
1052 689 1280 735 :contra
1308 680 1621 736 innumeros
1644 696 1707 736 ac
1733 683 2116 739 celeberrimos
2140 683 2285 737 viros
2314 685 2637 752 eosdemque
2679 682 3023 738 doctissimos
3070 684 3330 751 reperias,
3363 684 3454 753 qui

205 774 346 826 duos
372 770 700 839 posteriores
725 770 892 845 libros
922 771 1145 840 perinde
1176 780 1233 826 ut
1266 780 1375 826 tres
1417 773 1627 841 priores
1668 771 1864 827 Basilio
1904 772 2095 843 Magno
2142 773 2440 827 ascribant.
2476 772 2632 837 Nam,
2668 782 2725 826 ut
2772 772 2987 828 interim
3031 773 3097 828 de
3136 774 3455 841 antiquiori-

206 863 312 915 bus
340 860 696 930 scriptoribus
734 868 961 925 taceam,
996 860 1372 925 Bellarminus,
1400 861 1603 915 Fronto
1634 862 1880 927 Ducmus,
1914 862 2239 917 Franciscus
2275 862 2655 926 Combelisius,
2686 862 3081 929 Tilletuontius,
3113 862 3258 917 Elias
3290 863 3455 929 Dupi‘

206 971 313 1010 nus
356 964 411 1009 et
441 955 529 1009 alii
566 954 813 1024 permulti
843 953 1095 1009 Basilium
1145 956 1336 1010 horum
1381 957 1621 1024 quinque
1662 955 1716 1007 in
1761 954 2085 1009 Eunomium
2133 957 2395 1011 librorum
2432 966 2705 1011 auctorem
2734 954 2963 1010 faciunt.
2994 954 3063 1009 Et
3092 954 3236 1023 quod
3280 953 3459 1023 majus

206 1056 319 1111 est,
349 1046 427 1101 illi
470 1046 709 1117 quinque
756 1045 879 1099 libri
926 1046 981 1101 in
1013 1046 1241 1101 concilio
1269 1046 1584 1102 Florentino
1630 1057 1687 1101 ut
1731 1064 1760 1102 a
1807 1047 2034 1111 Latinis,
2070 1049 2142 1103 ita
2170 1064 2198 1101 a
2227 1048 2432 1104 Graecis
2474 1048 2656 1103 Basilii
2703 1050 2923 1104 nomine
2960 1048 3163 1118 pariter
3200 1047 3456 1101 citantur.

208 1138 480 1206 Quoniam
514 1146 694 1193 tamen
721 1137 983 1207 ejusmodi
1011 1137 1338 1207 quaestiones
1381 1153 1447 1192 ex
1492 1139 1782 1195 tutioribus
1809 1139 2091 1209 principiis
2123 1137 2404 1207 dijudicari
2436 1142 2649 1203 debent,
2678 1154 2767 1195 res
2808 1154 3022 1211 semper
3053 1138 3107 1194 in
3139 1148 3460 1195 controver-

208 1235 293 1289 sia
322 1233 648 1299 versabitur,
675 1234 845 1289 donec
874 1233 1075 1303 aliquid
1108 1234 1309 1289 certius
1342 1236 1408 1290 ad
1439 1249 1656 1290 omnem
1700 1234 2091 1290 dubitationem
2124 1234 2417 1290 tollendam
2465 1232 2746 1290 all'eratur.
2777 1231 2877 1289 Hic
2910 1241 3054 1290 esset
3090 1248 3153 1288 ea
3181 1233 3247 1288 de
3286 1246 3347 1286 re
3383 1231 3462 1285 lo-

208 1329 414 1400 quendi
447 1329 579 1385 satis
617 1330 845 1386 idoneus
891 1330 1074 1399 locus;
1111 1332 1204 1387 sed
1238 1340 1415 1387 tamen
1460 1332 1565 1388 hoc
1610 1341 2017 1400 argumentum,
2047 1340 2106 1385 ut
2134 1333 2311 1397 decet,
2343 1340 2579 1387 tractare
2606 1346 2730 1387 cum
2779 1330 3037 1401 longioris
3068 1330 3139 1386 sit
3174 1343 3373 1398 operae,
3407 1328 3461 1382 id

211 1423 558 1479 commodius
584 1423 752 1479 multo
782 1423 835 1479 in
862 1423 1182 1481 Prmlatione
1216 1425 1455 1481 facturos
1495 1440 1594 1481 nos
1638 1425 1989 1480 credidimus.
2026 1423 2213 1495 Neque
2254 1432 2458 1489 tamen,
2491 1424 2705 1493 opinor,
2733 1424 3003 1478 videbitur
3036 1422 3289 1483 alienum.
3321 1434 3461 1490 pra:-

211 1520 404 1589 cipuas
431 1519 567 1575 duas
593 1535 806 1585 causas,
842 1536 941 1576 cur
979 1522 1307 1591 posteriores
1335 1522 1443 1577 duo
1471 1521 1593 1578 libri
1626 1521 1860 1591 suspecti
1893 1520 2025 1586 sint,
2055 1520 2158 1575 hoc
2181 1520 2298 1576 loco
2328 1520 2380 1575 in
2410 1520 2642 1574 medium
2666 1517 2928 1590 proferre.
2944 1518 3124 1573 Prima
3159 1518 3319 1588 igitur
3346 1516 3463 1572 haec

220 1627 332 1681 est,
362 1614 505 1685 quod
550 1616 861 1686 scriptionis
893 1633 1059 1687 genus
1101 1627 1208 1673 tam
1255 1628 1441 1688 aperte
1472 1620 1745 1674 diversum
1782 1617 1874 1681 sit,
1906 1625 1963 1671 ut
1991 1619 2057 1672 de
2094 1617 2199 1673 hoc
2232 1616 2375 1671 inter
2403 1616 2689 1687 utriusque
2717 1615 2987 1685 opinionis
3020 1622 3278 1684 patronos
3302 1611 3466 1681 plane

213 1708 508 1763 conveniat
542 1726 557 1765 :
595 1709 788 1779 altera,
818 1710 960 1781 quod
1013 1712 1342 1781 posteriores
1383 1712 1517 1767 duos
1563 1711 1733 1767 libros
1775 1710 1829 1766 in
1875 1710 2045 1766 veteri
2076 1710 2315 1765 editione
2346 1707 2550 1764 Veneta
2599 1717 2655 1764 et
2702 1710 2756 1763 in
2804 1707 3076 1777 aliquibus
3116 1722 3247 1762 mss.
3277 1705 3468 1763 deesse

212 1812 454 1857 constet.
497 1802 571 1857 De
601 1802 706 1869 his,
733 1810 792 1856 ut
826 1802 956 1865 dixi,
998 1803 1217 1859 uberius
1248 1802 1302 1858 in
1331 1802 1654 1858 Praefatione
1684 1802 2013 1873 disputatur,
2046 1800 2110 1875 §§
2148 1801 2217 1857 XI
2246 1812 2301 1857 et
2328 1802 2446 1858 XII.

294 1899 351 1953 5.
394 1897 669 1953 llactenus
700 1898 767 1954 de
792 1897 980 1953 Basilii
1024 1897 1182 1954 libris
1215 1916 1229 1955 :
1257 1912 1401 1954 nunc
1441 1912 1610 1968 pauca
1660 1898 1727 1953 de
1764 1911 1927 1969 opere
1955 1897 2231 1955 Ennomii.
2275 1898 2515 1968 Conligit
2547 1906 2725 1953 autem
2770 1912 2875 1953 non
2926 1896 3219 1958 immerito,
3250 1904 3309 1951 ut
3348 1894 3470 1951 luce

217 1992 474 2063 indignus
509 1990 717 2046 libellus
744 1992 832 2047 diu
863 1991 918 2047 in
944 1990 1181 2047 tenebris
1208 1990 1432 2045 latuerit
1468 2008 1483 2045 :
1514 1990 1609 2046 sed
1655 1990 1871 2046 tandem
1920 1989 2198 2061 inopinato
2237 1992 2479 2049 emersit.
2514 1987 2649 2045 Nam
2682 1989 2767 2044 vir
2794 1988 3197 2055 eruditissimus
3229 1987 3466 2043 Joannes

213 2087 474 2143 Albcrtus
505 2083 803 2147 Fabricius,
836 2100 957 2141 cum
997 2083 1264 2156 ejusmodi
1295 2082 1612 2154 opusculum
1643 2082 1710 2137 ad
1739 2084 2002 2154 quosdam
2033 2081 2219 2137 Basilii
2255 2082 2403 2137 locos
2444 2078 2814 2149 explanaudos
2842 2079 2974 2134 utile
3008 2080 3125 2134 fore
3148 2078 3467 2146 jmlicasset,

218 2181 273 2237 Id
305 2180 571 2235 edendum
603 2179 810 2235 duobus
839 2177 1035 2234 abhinc
1064 2178 1223 2234 annis
1252 2176 1462 2233 curavit
1492 2176 1629 2247 (50).
1655 2175 1767 2233 Nos
1810 2176 1993 2245 igitur,
2020 2175 2123 2230 viri
2145 2173 2446 2231 doctissimi
2472 2160 2742 2242 exemplo,
2770 2172 2876 2228 hoc
2908 2170 3048 2227 idem
3084 2172 3136 2224 in
3165 2170 3473 2242 Appendice

221 2285 417 2326 rursus
449 2271 590 2341 typis
620 2270 877 2325 mandare
903 2269 1213 2335 statuimus,
1244 2284 1334 2333 ne,
1360 2268 1407 2324 si
1438 2282 1597 2323 secus
1624 2266 1911 2331 faciamus,
1946 2266 2146 2335 aliquid
2176 2266 2231 2322 in
2262 2274 2445 2322 nostra
2471 2264 2705 2321 editione
2733 2263 2921 2320 deesse
2945 2262 3214 2317 videatur.

291 2382 407 2457 (50)
432 2384 486 2440 In
512 2383 835 2441 Bibliolhua
865 2383 1074 2452 Greca,
1102 2393 1236 2452 tom.
1264 2382 1402 2451 Vlll,
1425 2399 1554 2456 pag.
1582 2382 1711 2451 262,
1746 2382 1835 2441 ed.
1866 2384 1988 2441 Yet.
2016 2382 2174 2440 EDI'I'.

854 2785 1105 2873 ΤΟΥ
1174 2786 1324 2874 ΕΝ
1413 2782 1844 2874 ΑΓΙΟΙΣ
1912 2777 2412 2871 ΠΑΤΡΟΣ
2488 2776 2851 2866 ΗΜΩΝ

1445 2990 2263 3112 ΒΑΣΙΛΕΙΟΥ

1092 3211 1657 3268 ΔΡΧΙΕΠΙΣΚΟΠΟΥ
1692 3209 2103 3287 ΚᾹΙΣΑΡΕΙΑΣ
2138 3207 2631 3262 ΚΑΠΠΑΔΟΚΙΑΣ

1428 3372 2274 3465 ΑΝΑΤΡΕΠΤΙΚΟΣ

888 3558 1626 3622 ΖὉΥΔΠΟΛΟΓΗῚἹΚΟΥ
1665 3557 1807 3611 Tor
1839 3556 2258 3611 ΔΥΣΣΕΒΟΥΣ
2294 3557 2683 3612 ιςγΝοΜιογ
2716 3554 2851 3628 (δι).

1609 3721 1973 3812 ΛΟΓΟΣ
2008 3715 2117 3805 Α’.

1256 4224 1387 4355 S.
1439 4226 1573 4350 P.
1625 4224 1773 4348 N.
1838 4213 2475 4348 BASILII.

627 4508 1218 4603 CAESARE/133
1291 4499 2064 4596 CAPPADOCIIE
2137 4484 3113 4609 ARCHIEPISCOPI,

1694 4717 2079 4834 LIBRI

758 4949 1058 5028 QUIBUS
1104 4946 1345 5011 IMPII
1388 4940 1765 5011 EUNOMII
1814 4929 2448 5002 APOLOGETICUS
2497 4922 3001 4992 EI’ERTITUR.

1275 5272 1435 5345 207
1492 5257 1843 5346 LIBER
1921 5247 2409 5341 PRIMUS.

332 5427 386 5484 l.
416 5427 479 5480 EI
514 5424 611 5496 μὲν
639 5423 917 5477 ἐϐούλοντο
946 5420 1176 5483 πάντες,
1212 5415 1295 5485 ἐφ’
1320 5413 1413 5477 οὓς
1444 5412 1506 5464 τὸ
1533 5411 1701 5480 ὄνομα
1738 5406 1833 5461 τοῦ
1862 5412 1903 5468 Α

2006 5405 2057 5459 1.
2100 5402 2155 5457 Si
2189 5413 2398 5465 omnes,
2428 5410 2589 5465 super
2613 5408 2748 5465 quos
2783 5405 2978 5447 nomen
3019 5388 3110 5444 Dei
3150 5401 3215 5442 ac
3247 5384 3489 5442 Salvato-

264 5479 545 5575 θεοῧκέὶ
588 5516 836 5586 Σωτῆρος
870 5512 1023 5584 ἡμῶν
1066 5479 1500 5579 ἸήολοάΧριο-τοῦ
1535 5479 1827 5571 ἐπικέκλη-

1936 5498 2011 5551 ris
2045 5493 2213 5549 nostri
2247 5490 2373 5546 .Icsu
2404 5487 2602 5545 Christi
2640 5487 2943 5541 invocatnm
2982 5492 3087 5544 est,
3125 5479 3259 5535 nihil
3290 5479 3488 5534 voluis-

267 5573 375 5677 ﬁt,
403 5609 565 5683 μηδὲν
594 5612 659 5681 τῇ
698 5573 922 5680 dine—sig:
950 5601 1044 5656 τοῦ
1072 5573 1398 5669 Εὗαγγελξου
1429 5596 1826 5667 παρεγχειρεῖν,

1935 5596 2054 5645 sent
2085 5596 2292 5642 tentare
2323 5593 2375 5637 et
2409 5578 2620 5652 aggredi
2650 5586 2843 5650 praeter
2876 5573 3151 5646 Evangelii
3180 5573 3485 5637 veritatem,

343 5774 454 5838 (Si)
488 5772 591 5827 'l‘ot
634 5777 762 5824 sunt
810 5768 924 5821 fere
954 5762 1276 5838 titulivarii,
1313 5769 1442 5838 quot
1466 5755 1701 5838 codices.
1734 5750 1826 5804 Vir

1932 5750 2082 5838 liquo
2104 5745 2403 5838 suo~codice
2423 5744 2515 5798 τοῦ
2537 5742 2767 5838 Siloa;
2795 5738 3174 5838 avrtpqu‘txbrc
3200 5736 3293 5838 eo?
3329 5736 3487 5838 ’.ἕπο-

276 5810 615 5902 ιιοὶτίίὲςῑῖιῖιὶε
634 5810 992 5895 ἱόιιιυθῆεῑυε
1015 5835 1115 5891 sibi
1147 5810 1499 5901 iegeie‘visus
1530 5837 1611 5885 est
1634 5828 1685 5882 iu
1727 5840 1823 5877 an-

1932 5810 2217 5888 λοῖίητικοῦ
2251 5817 2344 5870 τοῦ
2374 5814 2661 5879 δυσσεϐοῦς
2704 5810 2987 5881 Εὑνομὶού,
3024 5810 3324 5878 Confutatia
3354 5810 3489 5876 Apo-
