3978 6410
539 388 642 438 499

1877 399 1935 455 S.
1977 399 2218 456 BASlLll
2262 403 2473 460 SlAGNl

3700 426 3795 482 $00

539 505 632 556 sed
696 502 989 556 traditione
1044 504 1436 572 apostolorum.
1472 506 1706 577 ﬁdeique
1769 511 2112 580 simplicitate

2220 520 2285 588 τῇ
2315 518 2369 570 δὲ
2399 521 2692 591 παραδόσει
2717 523 2823 575 τῶν
2843 516 3170 599 ’ἀποστόλων
3196 529 3288 582 καὶ
3311 533 3374 601 τῇ
3410 532 3683 608 ἀπλάτητι
3707 541 3795 611 τῆς

541 601 782 650 contenti
807 612 949 660 esse,
984 597 1118 650 nihil
1144 614 1285 653 nunc
1308 615 1444 670 opus
1474 603 1632 657 nobis
1656 613 1801 660 esset
1828 609 2072 663 oratione
2099 629 2113 664 :

542 688 638 741 sed
667 704 828 756 quam
863 689 931 741 ab
959 689 1114 743 initio
1145 691 1410 747 coluimus
1445 694 1890 764 taciturnitatem,
1925 700 2115 754 etiam-

543 795 668 832 num
703 781 926 834 omnino
961 783 1432 852 amplecteremur.
1462 787 1531 840 At
1558 789 1700 842 enim
1741 805 1861 844 cum
1905 793 2114 846 verita-

544 875 617 926 tis
658 873 906 927 inimicus
939 885 1135 942 prater
1164 891 1225 928 ea
1257 893 1376 946 qua:
1405 896 1432 930 a
1468 879 1732 949 principio
1776 883 1830 936 in
1873 883 2115 942 Ecclesia

541 963 635 1018 Dei
685 965 928 1019 conserit
962 965 1171 1020 zizania
1201 967 1270 1032 ³³,
1303 969 1683 1026 additamentis
1735 987 1950 1044 semper
1999 992 2117 1030 ma-

543 1057 650 1110 lum
695 1066 917 1126 augeat,
974 1074 1224 1128 nuncque
1273 1061 1626 1118 instrumenta
1685 1079 1901 1120 omnem
1953 1069 2114 1122 simul

541 1150 657 1218 ejus
705 1159 876 1203 artem
926 1151 1274 1219 suscipientia
1326 1165 1538 1220 nactus,
1581 1170 1680 1225 per
1712 1157 2112 1215 Christianismi

541 1242 961 1311 simulationem,
993 1245 1335 1312 negationem
1372 1247 1590 1302 deitati's
1634 1248 1909 1320 Unigeniti
1941 1253 2113 1307 intro-

539 1335 720 1399 ducat,
757 1344 982 1389 externa
1017 1337 1104 1390 illa
1155 1353 1218 1392 ac
1246 1354 1380 1392 vana
1413 1341 1678 1408 sapientia
1713 1345 2000 1411 puritatem
2047 1360 2110 1401 ac

539 1426 940 1495 simplicitatem
977 1428 1239 1483 doctrinae
1273 1430 1436 1484 divini
1473 1431 1707 1500 Spiritus
1753 1439 2107 1502 conturlians,

539 1535 604 1572 ac
633 1519 813 1574 verbis
846 1521 1294 1590 persuasibilibus
1320 1524 1365 1554 ⁵³
1399 1525 1757 1594 simpliciores
1800 1529 2106 1597 seducens;

538 1614 844 1668 necessario
872 1623 926 1667 et
956 1628 1078 1680 nos,
1113 1625 1221 1669 tum
1256 1626 1474 1686 propter
1513 1627 1754 1672 vestrum
1795 1620 1885 1688 qui
1937 1623 2109 1690 impe-

540 1706 699 1760 rastis
769 1719 1046 1769 amorem,
1115 1715 1226 1760 tum
1301 1716 1518 1775 propter
1579 1719 1818 1763 nostram
1870 1712 2106 1781 ipsormn

538 1797 907 1862 securitatem,
947 1806 1187 1850 nostram
1240 1796 1457 1851 interim
1517 1799 1940 1856 imbecillitatem
2001 1821 2104 1859 non

538 1897 814 1950 curantes,
841 1902 1148 1955 quanquam
1183 1887 1235 1941 in
1272 1889 1375 1943 hoc
1405 1889 1614 1944 dicendi
1660 1907 1856 1959 genere
1892 1894 2107 1948 inexer-
2140 1885 2182 1940 Β

538 1979 688 2034 citati
734 1993 941 2044 sumus,
979 1987 1158 2032 tamen
1205 1994 1301 2049 pro
1353 1981 1548 2035 tradita
1603 1983 1759 2038 nobis
1802 1998 1833 2037 a
1884 1984 2108 2042 Domino

537 2073 778 2128 scientiae
815 2087 1085 2134 mensura,
1121 2082 1178 2126 et
1226 2071 1442 2125 veritati
1489 2074 1842 2141 patrocinari,
1873 2086 1927 2131 et
1959 2094 2111 2132 men-

537 2166 750 2220 dacium
803 2163 1083 2219 confutare
1139 2164 1468 2232 recepimus;
1520 2167 1622 2220 rati
1669 2183 1700 2221 e
1745 2168 1916 2224 tribus
1952 2171 2109 2227 bonis

540 2273 703 2310 unum
738 2256 927 2311 saltem
953 2256 1174 2310 omnino
1207 2266 1596 2312 consecuturos
1641 2273 1740 2313 nos
1775 2278 1788 2314 :
1830 2261 2106 2331 nimirum,

537 2359 630 2404 aut
665 2349 732 2404 iis
778 2349 868 2418 qui
913 2348 1026 2418 jam
1075 2349 1432 2418 prieoccupati
1485 2358 1630 2415 sunt,
1683 2351 2107 2410 confutationein

536 2441 702 2510 208
730 2441 870 2495 hanc
897 2439 1040 2494 velut
1069 2439 1242 2494 morbi
1285 2440 1578 2494 remedium
1618 2442 1862 2510 daturos,
1902 2455 1994 2500 aut
2024 2463 2109 2502 sa-

536 2532 621 2585 nis
650 2530 928 2584 oblaturos
966 2540 1203 2585 tutamen
1235 2533 1628 2602 qualecunque,
1662 2546 1756 2613 aut
1799 2546 1966 2603 certe,
2012 2554 2110 2595 nos

539 2625 686 2693 ipsos
728 2624 822 2693 qui
865 2624 1066 2679 nostris
1113 2621 1370 2681 fratribus
1417 2627 1618 2695 Optime
1657 2631 2106 2699 consuluerimus.

539 2720 840 2774 mercedem
899 2717 1210 2787 adepturos.
1268 2718 1367 2786 Qui
1426 2730 1605 2774 autem
1665 2722 1872 2792 primus
1929 2725 2110 2782 dicere

543 2820 726 2880 aperte
756 2826 820 2866 ac
854 2812 1050 2866 docere
1098 2826 1263 2866 ausus
1314 2821 1420 2878 est,
1457 2814 1768 2870 dissimilem
1815 2833 1935 2873 esse
1981 2822 2109 2876 sub-

537 2905 735 2958 stantia
778 2905 1112 2974 unigenitum
1144 2905 1338 2959 Filium
1390 2907 1498 2960 Deo
1544 2917 1598 2961 et
1644 2907 1813 2974 Patri,
1849 2921 2108 2980 quantum

536 3008 684 3050 certe
732 3011 828 3049 nos
880 2996 1147 3060 novimus,
1175 2996 1368 3051 Aetius
1421 2997 1509 3052 ille
1558 3007 1640 3054 est
1681 2999 1871 3070 Syrus,
1899 3007 1963 3057 de
2003 3019 2109 3072 quo

538 3106 642 3143 non
675 3090 845 3143 dicam
879 3089 1073 3157 quibus
1109 3089 1176 3142 ab
1205 3088 1356 3143 initio
1394 3090 1690 3146 innutritus
1733 3092 1958 3158 artibus,
1989 3109 2108 3150 sese

538 3183 844 3252 perniciose
877 3183 928 3236 in
967 3181 1059 3235 Dei
1093 3181 1361 3237 Ecclesias
1395 3183 1699 3250 intruserit,
1727 3195 1785 3240 ut
1817 3202 1882 3241 ne
1905 3189 2105 3242 omissa

537 3271 899 3326 conl'utatione
931 3271 1224 3326 conviciari
1272 3273 1476 3327 videar.
1510 3274 1582 3327 At
1611 3274 1661 3326 in
1698 3275 1972 3344 impietate
2014 3274 2106 3346 qui

539 3365 820 3428 successit,
857 3379 1082 3432 eamque
1127 3363 1376 3434 perfecit,
1412 3363 1708 3421 Eunomius
1741 3367 1829 3422 hic
1875 3377 1956 3422 est
2002 3369 2109 3424 Ga-

541 3461 666 3525 lata,
696 3459 785 3529 qui
816 3459 914 3513 sibi
950 3459 1064 3523 ipse
1091 3473 1155 3512 ex
1185 3459 1344 3513 rebus
1375 3459 1705 3526 turpissimis
1731 3461 2108 3517 claritudinem

538 3568 859 3620 comparans
892 3551 1096 3621 (Gloria
1127 3552 1285 3615 enim,
1322 3551 1515 3620 inquit,
1543 3553 1598 3605 in
1634 3553 1938 3620 confusione
1971 3556 2110 3624 ipso-

539 3645 760 3714 rum“),
791 3659 911 3699 cum
941 3645 1174 3713 reposita
1201 3645 1303 3713 piis
1327 3642 1467 3698 bona
1497 3645 1886 3714 postposuisset
1918 3647 2110 3702 honori

539 3738 585 3792 ei
619 3752 777 3808 quem
817 3753 875 3793 se
901 3737 1153 3806 sperabat
1183 3738 1658 3808 acquisituruszi
1693 3739 1954 3794 scriberet
1988 3755 2106 3810 qua:

2221 609 2457 673 πίστεως
2482 612 2824 683 ἐξαρκεῖσθαι
2846 655 2860 679 ,
2889 613 3039 669 ὀὺδὲν
3066 616 3130 672 ἂν
3158 621 3287 689 ἡμῖν
3311 623 3416 676 ἔδει
3441 624 3624 694 λόγων
3649 633 3703 683 ἐν
3728 609 3791 694 τῶ

2217 702 2463 771 παρόντι,
2497 703 2630 756 ἀλλά
2663 707 2755 759 καὶ
2789 705 2882 759 νῦν
2930 707 2997 761 ἂν
3028 710 3245 776 πάντως
3283 715 3348 786 ἢν
3389 716 3449 781 ἐξ
3487 719 3673 789 ἀρχῆς
3700 691 3793 777 ἐτι.-

2219 794 2471 862 μήσαμεν
2516 795 2721 867 σιωπὴν
2767 799 3133 870 ἤσπασάμεθα
3159 819 3171 831 ·
3214 805 3399 878 ἐπειδὴ
3445 809 3507 861 δὲ
3541 811 3570 861 6
3612 813 3793 884 ἐχθρὸς

2212 883 2314 951 τῆς
2347 884 2605 956 ἀληθείας
2640 889 2975 960 προσθήκαις
3009 892 3120 963 (52)
3159 894 3246 947 ἀεὶ
3286 895 3344 948 τὸ
3371 899 3543 952 κακὸν
3579 883 3794 959 πλεονά-

2215 975 2322 1039 ζων
2346 1018 2360 1040 ,
2393 980 2527 1048 πρὸς
2557 975 2638 1042 οἷς
2679 981 2738 1046 ἐξ
2780 983 2951 1054 ἀρχῆς
2985 987 3277 1058 ὲπέσπειρε
3308 987 3572 1057 ζιζανίοις
3609 1000 3679 1067 τῇ
3712 1001 3790 1052 τοῦ

2213 1065 2348 1119 Θεοῦ
2387 1069 2700 1143 Ἐκκλησία,
2728 1074 2821 1125 καὶ
2842 1075 2934 1127 νῦν
2956 1075 3128 1147 εὑρὼν
3151 1078 3357 1149 ὄργανα
3384 1085 3566 1137 πᾶσαν
3593 1065 3792 1156 ἀθρόως

2213 1159 2374 1212 αὑτοῦ
2410 1161 2505 1232 τὴν
2534 1161 2725 1234 τέχνην
2753 1165 3139 1236 ὑποδεχόμενα,
3177 1169 3233 1220 ὲν
3273 1175 3636 1244 προσχήματι
3671 1161 3826 1250 Χριδ

2214 1251 2531 1324 στιανισμοῦ
2560 1254 2656 1326 τὴν
2687 1255 2911 1328 ἄρνησιν
2940 1259 3036 1330 τῆς
3063 1260 3312 1332 θεότητος
3334 1265 3425 1317 τοῦ
3457 1269 3791 1337 Μονογενοῦς

2213 1346 2562 1417 παρεισάγει,
2612 1350 2678 1419 τῇ
2728 1349 2926 1415 ἔξωθεν
2957 1352 3129 1426 ταύτῃ
3159 1355 3252 1407 καὶ
3288 1360 3495 1431 ματαίᾳ
3532 1364 3701 1433 σοφία
3741 1369 3792 1418 τὲ.

2212 1437 2450 1508 καθαρὸν
2482 1441 2576 1492 καὶ
2605 1441 2807 1495 ἁπλοῦν
2834 1444 2933 1514 τῆς
2963 1445 3308 1512 διδασκαλίας
3337 1451 3430 1503 τοῦ
3459 1452 3612 1508 θείου
3645 1459 3792 1510 [lysi-

2215 1549 2382 1601 ματος
2433 1533 2540 1604 (53)
2577 1536 2993 1606 συνταράσσων,
3036 1541 3129 1592 καὶ
3177 1543 3233 1593 ἐν
3273 1543 3632 1618 πιθανολογίᾳ
3676 1553 3790 1614 τοὺς

2211 1624 2308 1676 ἁκε
2319 1626 2495 1695 ραιοτέ
2503 1644 2630 1698 ρους
2652 1631 3146 1702 παρακρουόμενος·
3173 1635 3484 1703 ἀναγκαίως
3502 1642 3597 1693 καὶ
3615 1644 3786 1711 ἡμεῖς,

2209 1717 2294 1770 διά
2333 1736 2390 1770 τε
2418 1719 2516 1790 τὴν
2550 1721 2821 1794 ὑμετέραν
2868 1722 2974 1776 τῶν
3020 1725 3388 1791 ἐπιταξάντων
3439 1732 3667 1803 ἀγάπην
3707 1738 3789 1788 καὶ

2209 1809 2297 1862 διὰ
2327 1811 2386 1863 τὸ
2412 1812 2567 1881 ἡμῶν
2593 1813 2770 1867 αὐτῶν
2796 1815 2906 1884 (54)
2932 1817 3192 1886 ἀσφαλὲς,
3221 1821 3278 1872 ἐν
3303 1822 3474 1894 τούτῳ
3501 1824 3603 1894 τῆς
3641 1826 3790 1878 ἀσθε-

2210 1903 2359 1967 νείας
2389 1904 2760 1975 ὑπεριδόντες,
2796 1907 2972 1960 καίτοι
3018 1910 3291 1975 παντελῶς
3324 1914 3671 1986 ἀγύμναστοι
3705 1918 3788 1972 τοῦ

2209 1995 2450 2048 τοιούτου
2496 1997 2672 2062 εἴδους
2702 1998 2808 2051 τῶν
2840 1998 3014 2067 λόγων
3044 2001 3193 2064 ὄντες
3212 2043 3224 2066 ,
3256 2004 3395 2057 κατὰ
3429 2007 3488 2059 τὸ
3534 2007 3790 2080 ἐπιχορη-

2211 2087 2376 2158 γηθὲν
2406 2087 2515 2157 (55)
2547 2090 2678 2159 ἡμῖν
2710 2091 2860 2161 παρά
2892 2093 2986 2145 τοῦ
3030 2096 3236 2166 Κυρίου
3269 2099 3366 2169 τῆς
3404 2101 3668 2168 γνώσεως
3716 2106 3793 2173 μέ-

2210 2197 2358 2251 τρον,
2393 2184 2457 2251 τῇ
2490 2199 2549 2234 τε
2575 2182 2801 2253 ἀληθείᾳ
2829 2185 3197 2252 συνίστασθαι,
3231 2191 3323 2244 καὶ
3379 2194 3709 2265 ἀπελέγχειν
3741 2197 3791 2248 τὸ

2209 2271 2404 2339 ψεῦδος
2439 2273 2815 2345 ὑπεδεξάμεθα
2836 2292 2850 2303 ·
2900 2277 3190 2349 ἡγούμενοι
3230 2283 3394 2354 τριῶν
3424 2286 3653 2352 ἀγαθῶν
3685 2288 3795 2354 ἑνός

2209 2380 2272 2432 γε
2301 2365 2517 2428 πάντως
2554 2366 2628 2438 μὴ
2657 2368 3066 2440 ἁμαρτήσεσθαι
3090 2389 3103 2402 ο
3129 2373 3160 2443 ἢ
3194 2374 3301 2446 γὰρ
3335 2379 3448 2439 τοῖς
3477 2378 3584 2449 ἤδη
3618 2398 3791 2450 etpest-

2209 2455 2512 2526 λημμένοις
2552 2458 2908 2532 ἀλεξητήριον
2951 2463 3041 2516 τοῦ
3079 2465 3250 2518 κακοῦ
3294 2467 3384 2520 τὸν
3430 2469 3658 2540 ἔλεγχον
3695 2471 3788 2524 δὼ-

2211 2565 2324 2600 σειν
2347 2565 2360 2578 ·
2399 2548 2432 2618 ἢ
2469 2549 2710 2621 φυλακὴν
2744 2553 2966 2624 μετρίαν
2998 2556 3252 2627 παρέξειν
3278 2562 3390 2621 τοῖς
3421 2560 3784 2628 ὑγιαίνουσιν·

2209 2641 2242 2711 ἢ
2271 2642 2489 2705 πάντως
2517 2659 2579 2710 γε
2618 2645 2770 2697 αὐτοὶ
2802 2645 2908 2697 τῶν
2937 2649 3026 2700 ἐπὶ
3053 2648 3129 2719 τῷ
3168 2651 3490 2721 προελέσθαι
3530 2654 3647 2725 (56)
3687 2661 3787 2719 τοῖς

2209 2733 2455 2802 ἀδελφοῖς
2501 2735 2656 2807 ἡμῶν
2709 2736 2777 2789 τὰ
2827 2737 3075 2808 βέλτιστα
3130 2743 3334 2812 μισθῶν
3387 2747 3782 2814 ὲττιτεύξεσθαι.

2213 2827 2370 2880 Ἔστι
2401 2827 2458 2880 δὲ
2485 2830 2512 2881 6
2547 2829 2642 2898 μὲν
2674 2830 2888 2901 πρῶτος
2923 2835 3095 2886 εἰπεῖν
3143 2837 3391 2907 φανερῶς
3439 2839 3534 2891 καὶ
3588 2841 3783 2905 διδάξαι

2207 2920 2481 2992 τολμήσας
2508 2923 2758 2993 ἀνόμοιον
2788 2919 2925 2977 εἶναι
2974 2927 3112 2980 κατά
3139 2927 3235 2998 τὴν
3272 2931 3461 2983 οὐσίαν
3490 2933 3585 2985 τὸν
3636 2952 3785 3002 μονο-

2209 3012 2342 3082 γενῆ
2383 3013 2510 3066 Υίὸν
2544 3013 2620 3083 τῷ
2646 3015 2763 3086 Θεῷ
2799 3018 2892 3068 καὶ
2925 3017 3120 3088 Πατρὶ,
3151 3019 3249 3071 ὅσα
3290 3038 3351 3088 γε
3401 3023 3562 3090 ἡμεῖς
3611 3025 3780 3092 ἴσμεν.

2223 3105 2425 3169 Ἀέτιος
2471 3107 2499 3158 6
2532 3106 2701 3178 Σύρος
2723 3149 2736 3172 ,
2769 3108 2827 3162 ὂν
2858 3110 2956 3162 οὐκ
2988 3111 3125 3181 ἐρῶ,
3162 3112 3420 3176 ποδαποῖς
3457 3115 3571 3183 (57)
3625 3116 3686 3168 τὸ
3731 3116 3784 3180 ἐξ

2136 3233 2177 3288 C
2211 3199 2387 3269 ἀρχῆς
2441 3200 2874 3271 ἐντετραμμένος
2929 3203 3350 3274 ἐπιτηδεύμασι,
3401 3210 3519 3269 ταῖς
3563 3208 3782 3278 Ἐκκλη-

2215 3292 2354 3355 σίαις
2399 3291 2491 3345 τοῦ
2520 3293 2652 3346 Θεοῦ
2689 3293 2892 3366 προῖὼν
2921 3295 3238 3369 είσεφθάρη,
3274 3299 3359 3350 ἵνα
3391 3299 3464 3370 μὴ
3497 3299 3634 3366 δόξω
3682 3302 3781 3354 λοι-

2205 3384 2400 3454 δορεῖν,
2429 3385 2536 3437 τῶν
2566 3385 2800 3457 ἐλέγχων
2829 3388 3097 3460 ἀφέμενος
3126 3407 3138 3419 ·
3169 3392 3196 3442 6
3224 3390 3282 3442 δὲ
3314 3390 3671 3461 ἐκδεξάμενος
3691 3394 3780 3463 τὴν

2206 3475 2456 3530 ἀσέϐειαν
2491 3478 2585 3530 καὶ
2617 3479 2908 3544 τελειώσας
2934 3481 3102 3552 αὑτὴν
3136 3483 3397 3552 Εὑνόμιος
3427 3477 3583 3548 οὗτος
3627 3486 3655 3536 6
3685 3485 3784 3538 Γαο

2206 3568 2376 3640 λάτης
2410 3569 2544 3640 (58),
2595 3571 2672 3636 ὃς,
2716 3575 2778 3626 ὲκ
2819 3573 2925 3626 τῶν
2957 3576 3248 3646 αίσχίστων
3290 3575 3464 3647 ἐαυτῷ
3498 3577 3602 3646 τὴν
3632 3594 3780 3648 περι-

2210 3661 2434 3730 φάνειαν
2487 3663 2763 3734 κτώμενος
2812 3667 2916 3736 (Ἡ
2955 3667 3064 3737 γὰρ
3117 3667 3298 3732 δόξα,
3350 3669 3535 3738 φησὶν,
3605 3670 3675 3721 ἐν
3715 3667 3786 3737 τῖῙ

2214 3753 2476 3822 αἰσχύνῃ
2509 3753 2725 3826 αὐτῶν)
2746 3794 2759 3819 ,
2804 3755 2900 3827 τὴν
2934 3757 2997 3809 ἐκ
3049 3756 3139 3810 τοῦ
3168 3757 3374 3829 γράψαι
3406 3757 3439 3811 ἃ
3469 3759 3662 3830 μηδεὶς
3695 3759 3781 3814 ἆλ-

610 3938 654 3970 ⁸¹
690 3938 880 3993 Matth.
911 3955 1028 4004 xm,
1069 3939 1159 3996 25,
1236 3938 1324 3993 ⁵³1
1357 3937 1480 3994 Cor.
1513 3955 1574 4005 ιι,
1608 3939 1662 3993 ί.
1740 3939 1787 3971 ⁵³
1823 3939 2054 4012 Philipp.
2091 3959 2176 4012 nt,
2206 3946 2291 4002 19'

540 4125 746 4194 logelici
778 4124 924 4189 impii
949 4121 1214 4194 Euii‘omii.
1249 4122 1351 4177 Sed
1391 4123 1712 4194 lionarillius
1737 4125 1890 4178 venia
1926 4126 2103 4180 dicam

525 4191 608 4249 λιι
632 4212 696 4248 eo
725 4195 857 4246 libro
908 4209 1009 4269 non
1062 4191 1162 4269 legi
1207 4193 1616 4269 ἀντιρρῃτικός,
1648 4195 1740 4269 sed
1785 4197 2111 4269 ἀνατρεπτι-

541 4266 657 4332 κός,
691 4265 1054 4329 Anatrepticus
1099 4263 1431 4333 Apologeii’ci
1471 4266 1617 4328 impii
1683 4263 1950 4320 Eunomii.
1998 4267 2111 4322 Nec

541 4338 702 4389 aliter
736 4334 935 4406 habent
957 4333 1126 4406 editio
1161 4332 1293 4406 Victi.
1328 4346 1380 4387 et
1426 4333 1576 4401 Regii
1605 4348 1831 4400 quartus
1865 4349 1914 4388 ct
1946 4340 2108 4406 (μιίιιο

542 4417 651 4467 tus,
686 4405 736 4458 in
775 4405 967 4475 quibus
999 4406 1076 4458 sic
1111 4403 1302 4475 legitur
1329 4424 1341 4458 :
1393 4405 1813 4475 Ἀνατρεπτικὺς
1846 4408 1939 4460 τοῦ
1965 4403 2109 4460 ἀπο-

2219 4124 2272 4178 in
2305 4123 2464 4178 editis
2499 4123 2852 4178 desideratur.

2290 4195 2400 4263 (55)
2433 4195 2584 4271 ςυιι).
2639 4206 2691 4248 et
2748 4193 2880 4262 Reg.
2939 4194 3160 4271 quintus
3199 4195 3342 4271 κατά
3385 4197 3444 4271 τό
3479 4198 3780 4271 ἐπιμετρη-

2221 4263 2331 4327 θὲν,
2360 4267 2548 4318 eodem
2568 4281 2750 4326 sensu,
2787 4281 2878 4331 pro
2911 4270 3157 4317 admenso
3193 4267 3338 4319 nobis
3363 4263 3598 4322 scientia}
3613 4263 3778 4325 nitido.

2295 4334 2403 4402 (56)
2439 4335 2588 4405 Coll).
2619 4336 2676 4388 ἐν
2710 4334 2785 4404 τῷ
2813 4334 3155 4405 προελέσθαι.

2292 4405 2403 4474 (57)
2433 4404 2570 4458 Editi
2611 4421 2730 4458 cum
2766 4404 3036 4471 aliquibus
3062 4422 3192 4460 mss.
3220 4410 3503 4471 ποταποίς.
3535 4409 3776 4465 Aliimss.

539 4454 828 4546 λογῆτικοῖ
861 4454 1276 4545 Εὑνομίουίιιῖο
1310 4487 1357 4528 et
1393 4475 1523 4546 illud
1554 4454 1869 4546 iiolanduin,
1919 4479 2019 4543 legi
2062 4479 2112 4530 in

2225 4454 2454 4546 nuinei'o
2466 4475 2664 4546 plures
2696 4454 2971 4546 ποδαποίς.

545 4542 672 4614 Reg:
709 4547 920 4610 quinto,
953 4542 1079 4615 ante
1116 4545 1348 4606 titulum,
1374 4542 1468 4595 τοῦ
1504 4544 1876 4615 βροντοιρὼνου
1903 4549 1995 4600 καί
2039 4564 2118 4598 σο-

541 4617 642 4684 φοῦ
675 4615 979 4677 Βασιλείου,
1016 4614 1205 4666 Basilii
1258 4615 1492 4666 (curuatis
1544 4633 1605 4684 ac
1667 4614 1936 4680 sapientis.
1983 4618 2113 4684 lleg.

542 4683 750 4751 primus
806 4685 1124 4754 simpliciter
1171 4684 1292 4754 κατ’
1348 4683 1634 4752 Εὑνομίου,
1674 4687 1728 4736 in
1774 4683 2112 4741 Eunomium.

543 4756 676 4822 lleg.
711 4753 979 4808 secundus
1016 4756 1136 4806 κατ’
1171 4753 1461 4822 Εὑνομίου,
1493 4757 1896 4825 ἀντιρρητικός,
1933 4771 2118 4810 contra

542 4825 885 4881 Eunomiuni.
931 4827 1242 4893 confatalia.
1313 4825 1554 4886 Denique
1602 4830 1769 4878 codex
1819 4828 1968 4881 (Iolb.
2021 4826 2115 4878 τοῦ

541 4895 696 4962 ἁγίου
725 4894 1024 4968 ’Βασιλείου
1075 4894 1181 4946 τῶν
1229 4894 1364 4966 πρὸς
1405 4895 1681 4968 Ἐὺνόμιον
1720 4897 2117 4968 ἀντιρρτγτικῶν

541 4965 656 5032 λόγ.
688 4963 757 5018 α’.
795 4964 949 5016 Liber
976 4967 1174 5029 primus
1218 4963 1682 5018 aiitirrlieticoi'um
1716 4963 1890 5020 saucii
1924 4967 2117 5021 Basilii

542 5047 721 5086 contra
755 5034 1091 5090 Etuiomium.

614 5108 728 5178 (52)
753 5105 1130 5178 Euitidlfaris.
1161 5115 1213 5160 et
1247 5122 1374 5159 mss.
1404 5122 1508 5159 non
1545 5106 1698 5172 pauci
1735 5108 1762 5159 6
1794 5106 1987 5178 ἐχθρὸς
2017 5108 2118 5177 τῆς

542 5175 799 5246 ἀληθείας
830 5174 1093 5246 διάϐολος,
1127 5178 1360 5229 veritatis
1399 5177 1642 5229 inimicus
1693 5174 1934 5230 diabolus
1973 5195 1988 5230 :
2023 5174 2115 5231 sed

544 5245 646 5299 vox
675 5245 918 5309 διάϐολος
955 5263 1056 5298 non
1089 5247 1359 5300 invenitur
1389 5264 1559 5315 neque
1592 5250 1640 5300 in
1676 5250 1827 5302 (λιιι).
1856 5263 2032 5316 neque
2061 5250 2112 5301 in

543 5318 677 5386 lieg.
705 5323 909 5382 quinto.
947 5333 1118 5384 neque
1161 5319 1210 5370 in
1248 5318 1483 5370 editione
1513 5317 1642 5372 Ven.
1690 5319 1837 5372 Unde
1866 5321 2116 5387 suspicor

542 5405 726 5442 vocem
762 5387 1005 5451 διάϐολος
1049 5388 1279 5455 primum
1318 5389 1384 5441 ab
1409 5389 1590 5453 aliquo
1641 5389 1862 5442 librario
1895 5390 2115 5457 apposi-

545 5469 650 5510 tam
693 5457 860 5512 l'nisse
885 5460 934 5510 in
967 5474 1060 5511 ora
1093 5461 1171 5511 sui
1205 5459 1350 5520 libri,
1383 5468 1437 5510 ut
1472 5460 1732 5511 indicaret
1769 5458 1948 5511 Verbis
1983 5460 2112 5522 illis,

539 5529 569 5582 6
593 5528 784 5600 ἐχθρὸς
813 5531 911 5600 τῆς
932 5527 1211 5600 ἀληθείας,
1243 5530 1342 5581 hoc
1363 5529 1476 5581 loco
1498 5529 1766 5600 diabolum
1799 5529 2113 5600 signiﬁcari.

542 5601 674 5651 Cum
699 5598 878 5652 autem
927 5598 1031 5652 non
1089 5616 1212 5651 raro
1243 5600 1544 5663 contingat,
1575 5608 1630 5650 ut
1665 5598 1826 5651 lectio
1875 5599 2052 5668 aliqua
2085 5614 2115 5653 e

544 5671 784 5740 margine
812 5671 862 5723 in
893 5681 1096 5725 textum
1141 5671 1362 5737 irrepat,
1393 5669 1442 5721 id
1489 5669 1577 5723 hic
1610 5670 1903 5740 contigisse
1946 5678 2112 5739 puto;

542 5740 610 5791 ob
635 5739 796 5808 idque
818 5758 936 5794 eam
971 5757 1151 5794 vocem
1177 5740 1429 5808 expunxi.

611 5807 724 5882 (55)
753 5811 928 5882 Codex
967 5813 1118 5866 (λιιι).
1154 5811 1247 5864 τοῦ
1282 5811 1437 5882 ἁγίου
1462 5811 1796 5882 Πνεύματος.

615 5878 726 5947 (54)
753 5878 968 5951 Antiqui
1000 5883 1105 5938 duo
1134 5882 1255 5938 libri
1287 5881 1440 5955 ἡμῶν
1470 5878 1665 5942 αὐτῶν.
1699 5883 1811 5942 Vox
1845 5881 2108 5954 posterior

2298 4543 2406 4613 (58)
2439 4544 2592 4604 Illud,
2635 4547 2662 4597 ὁ
2703 4544 2968 4615 Γαλάτης,
3011 4545 3161 4598 deest
3186 4546 3234 4598 in
3278 4546 3409 4613 Reg.
3453 4550 3634 4603 tertio.
3681 4550 3780 4601 Nec

2226 4617 2480 4682 cuiquam
2515 4615 2706 4668 mirum
2743 4616 2910 4668 videri
2939 4615 3114 4679 debet,
3139 4617 3180 4669 si
3210 4631 3308 4668 vox
3335 4617 3581 4683 Γαλάτης
3615 4620 3667 4670 in
3688 4621 3777 4673 hoc

2225 4685 2359 4755 Reg.
2393 4685 2528 4737 libro
2573 4701 2678 4738 non
2736 4687 3154 4757 legaturpcum
3187 4685 3482 4753 Gregorius
3511 4688 3778 4757 Nyssenns

2225 4765 2441 4808 moneat
2471 4769 2589 4806 eam
2629 4770 2812 4809 v0cem
2865 4756 2914 4807 in
2952 4755 3220 4823 aliquibus
3254 4771 3380 4810 mss.
3438 4755 3626 4811 statim
3667 4770 3780 4815 post

2227 4836 2454 4896 mortem
2489 4823 2668 4878 Basilii
2701 4826 2970 4878 inventam
3023 4842 3127 4878 non
3171 4826 3354 4880 fuisse.
3391 4825 3521 4879 Nam
3551 4844 3778 4896 conque—

2226 4895 2366 4949 renti
2396 4895 2680 4956 Eunomio,
2706 4906 2953 4950 vocatum
2987 4911 3042 4949 se
3068 4911 3185 4950 esse
3223 4912 3252 4949 a
3296 4897 3490 4950 Basilio
3515 4895 3778 4961 Galatain,

2225 4982 2344 5018 cum
2386 4975 2528 5017 esset
2583 4965 2892 5034 Cappadox,
2946 4967 3217 5034 respondit
3251 4964 3547 5035 Gregorius
3578 4971 3679 5022 hoc
3727 4969 3774 5021 in

2225 5037 2336 5108 suis
2365 5035 2642 5088 codicibus
2673 5052 2776 5090 non
2806 5038 3053 5104 reperiri.
3088 5036 3183 5108 Ubi
3233 5039 3550 5108 notandum,
3584 5040 3779 5108 Grego-

2227 5106 2384 5176 rium
2409 5121 2518 5157 rem
2566 5123 2671 5158 non
2717 5121 2960 5174 negasse,
2993 5108 3082 5160 sed
3119 5107 3441 5176 simpliciter
3471 5106 3774 5167 dixissen'id

2226 5175 2279 5249 in
2309 5175 2650 5249 sois_deesse
2681 5176 3098 5249 exemplaribus.
3134 5175 3262 5249 lino,
3307 5188 3364 5230 ut
3399 5194 3523 5231 mox
3561 5180 3774 5249 patebit,

2225 5246 2652 5316 Gregoriusipse
2689 5246 2945 5301 Basilium
2983 5248 3279 5308 excusavit,
3319 5246 3572 5316 tanquam
3598 5251 3645 5303 si
3679 5250 3776 5302 Eu-

2228 5319 2465 5368 nomium
2492 5314 2734 5368 Galatam
2761 5326 3028 5370 vocasset.
3054 5317 3230 5382 Quare
3254 5314 3482 5372 Basilius
3516 5336 3621 5373 non
3651 5321 3777 5386 inju-

2225 5385 2302 5438 ria
2334 5387 2479 5439 crcdi
2512 5387 2776 5453 potest,in
2802 5390 3472 5457 erroremgeograpliicum
3493 5385 3773 5445 incidisSe:

2223 5457 2522 5528 praesertim
2557 5473 2677 5510 cum
2711 5458 2838 5511 editi
2865 5468 2918 5511 et
2954 5458 3168 5511 codices
3209 5473 3420 5523 omnes,
3453 5461 3496 5512 si
3542 5463 3774 5528 excipia-

2225 5538 2310 5578 tur
2334 5526 2464 5594 Reg.
2483 5529 2695 5590 tertius,
2719 5544 2910 5591 magno
2935 5529 3074 5583 inter
3105 5545 3162 5582 se
3190 5544 3454 5582 consensu
3479 5526 3776 5584 vocem-Fa-

2223 5597 2392 5679 λὰτης
2438 5598 2746 5679 exhibeant.
2798 5599 2934 5652 Puto
2976 5599 3136 5679 igitur
3187 5599 3440 5679 Ba‘silium
3498 5602 3776 5679 scripsisse

2222 5668 2466 5737 Γαλάτης
2499 5669 2639 5740 :_scd
2675 5669 2722 5720 id
2755 5683 2946 5722 nomen
2979 5669 3208 5740 deletum
3250 5669 3416 5724 fuisse
3462 5673 3530 5724 ab
3577 5674 3772 5740 aliquo,

2221 5741 2311 5805 qui
2343 5735 2487 5805 mgre
2520 5735 2682 5790 ferret
2729 5739 2973 5791 tuendam
3012 5738 3092 5792 vel
3125 5741 3402 5794 minimam
3439 5744 3488 5794 in
3538 5735 3684 5794 illius
3713 5743 3773 5792 li-

2222 5809 2334 5863 bris
2364 5808 2616 5868 imeniri,
2663 5809 2865 5877 quique
2919 5809 3149 5864 fortasse
3179 5810 3534 5866 arbitraretur
3564 5829 3622 5865 se
3649 5811 3774 5865 Gre-

2218 5881 2368 5950 gorio
2423 5895 2534 5936 rem
2583 5891 2786 5948 gratam
2842 5879 3129 5949 iacturum,
3181 5881 3224 5937 si
3267 5882 3405 5936 hanc
3450 5884 3714 5938 maculam
3745 5899 3772 5936 c
