3978 6410
498 378 605 434 503

1847 381 1905 435 S.
1947 378 2191 436 BASlLll
2230 378 2444 435 MAGNI

3671 375 3776 430 594

563 493 860 548 Eunomus.
903 492 1039 548 Cum
1093 495 1434 563 caluntniari,
1475 505 1532 552 et
1579 498 1840 568 petulanti
1888 499 2070 570 lingua

2244 482 2735 567 ΕΥΝΟΜΙΟΣ.(64)
2755 496 2828 550 Τὸ
2843 495 2942 567 μὲν
2951 487 3044 550 οὗν
3063 496 3418 563 συκοφαντεῖν
3442 493 3543 546 καὶ
3557 494 3774 546 6:36:11.-

493 597 558 637 ac
591 583 835 653 improba
878 595 1060 640 mente
1105 587 1378 658 aliquibus
1431 589 1744 654 detrahere,
1769 605 1904 660 opus
1935 592 2074 646 scia-

493 688 615 730 mus
653 689 774 729 esse
812 676 1090 732 hominum
1131 679 1547 750 ﬂagitiosorum,
1581 694 1748 752 seque
1783 682 2073 738 simultati-

495 767 596 821 bus
647 765 1034 822 oblectantium
1071 787 1085 823 :
1123 781 1336 848 contra,
1368 772 1413 827 si
1467 773 1558 843 qui
1608 787 1707 844 per
1753 773 2072 829 calumniam

494 859 646 930 pravi
686 873 809 915 esse
847 861 949 916 visi
994 871 1140 929 sunt,
1176 864 1324 918 omni
1374 865 1552 919 studio
1589 865 1928 922 mendacium
1981 879 2070 921 re-

495 952 810 1021 darguendo
851 953 1172 1024 propulsare
1205 966 1492 1021 conentur,
1525 957 1579 1011 id
1614 971 1749 1028 opus
1781 973 1902 1013 esse
1928 958 2073 1013 viro-

494 1057 638 1108 rum,
690 1043 782 1111 qui
830 1045 983 1114 probi
1043 1055 1191 1115 sunt,
1231 1048 1432 1118 quique
1475 1049 1578 1104 sibi
1628 1050 1881 1120 privatim
1937 1051 2074 1106 bene

493 1135 881 1206 consulentes,
937 1139 1234 1196 multorum
1289 1140 1643 1198 securitatem
1709 1143 1925 1213 plurimi
1988 1142 2072 1198 fa-

492 1226 661 1283 ciunt.

559 1337 835 1396 Bssmus.
873 1337 1060 1395 Genus
1096 1338 1264 1410 igitur
1299 1343 1568 1400 orationis
1612 1344 1719 1400 tale
1763 1354 1879 1411 est,
1915 1346 2074 1415 quale

489 1445 612 1488 esse
637 1432 809 1503 possit
831 1431 969 1502 ejus,
997 1431 1091 1501 qui
1123 1432 1255 1488 nihil
1283 1434 1628 1503 simpliciter,
1649 1437 1784 1492 nihil
1807 1439 1927 1492 sine
1951 1437 2071 1510 dolo

489 1522 674 1579 eﬂicit.
699 1521 840 1578 Nam
869 1531 922 1579 et
949 1524 1244 1580 innovandi
1261 1526 1628 1596 suspicionem
1654 1536 1912 1597 praetextu
1943 1543 2072 1599 apo-

491 1613 648 1685 iogia:
684 1615 838 1690 tegit,
871 1625 928 1671 et
957 1614 1114 1686 quasi
1148 1615 1438 1672 calumniae
1477 1617 1791 1674 obtereudae
1832 1619 2070 1674 necessi-

490 1711 605 1759 ta'te
643 1706 709 1759 ad
750 1705 853 1760 hos
883 1719 1166 1762 sermones
1221 1707 1521 1775 devenerit,
1557 1708 1863 1764 auditorum
1889 1719 2071 1780 captat

489 1795 950 1852 benevolentiam.
1006 1795 1138 1852 Inde
1181 1807 1365 1854 autem
1400 1798 1546 1856 illius
1585 1799 1728 1856 circa
1765 1801 2066 1872 apologiam

489 1897 854 1944 commentum
885 1888 1328 1960 deprehenditur,
1359 1891 1502 1962 quod
1559 1907 1686 1950 cum
1736 1907 1843 1949 non
1894 1894 2068 1964 possit

490 1979 778 2036 nominare
798 1991 1172 2038 accusatorem
1198 1983 1369 2039 ullum
1412 1983 1680 2054 criminis,
1713 1985 1871 2056 cujus
1902 2001 2067 2042 causa

489 2089 552 2129 se
580 2071 865 2130 decertare
909 2074 1155 2144 simulat,
1209 2083 1392 2133 tamen
1444 2078 1581 2134 citra
1617 2078 1924 2150 oppositam
1966 2079 2066 2136 sibi

489 2180 777 2236 personam
813 2168 880 2224 ad
905 2171 1164 2240 agendam
1195 2170 1454 2242 apologis:
1485 2171 1719 2226 fabulam
1751 2171 1940 2228 furtim
1971 2188 2064 2229 ac-

492 2257 671 2316 cedat.
729 2257 838 2316 Nec
869 2275 938 2316 ex
965 2261 1246 2318 tolerantia
1274 2275 1368 2320 eos
1393 2263 1484 2334 qui
1532 2264 1636 2320 sibi
1691 2264 1906 2321 molesti
1953 2265 2070 2322 fue-

491 2361 642 2421 runt,
684 2353 998 2409 nominatim
1055 2354 1238 2412 dicere
1287 2356 1525 2412 abstinet
1571 2360 1594 2429 (
1609 2357 1701 2428 qui
1759 2357 1904 2414 enim
1949 2358 2069 2414 ﬁeri

491 2445 665 2513 possit
692 2453 752 2498 ut
784 2443 838 2500 id
872 2443 1036 2500 faciat
1064 2445 1156 2516 qui
1210 2448 1375 2503 tantis
1403 2449 1665 2505 conviciis
1690 2450 2072 2522 contradicen-

492 2546 576 2591 tes
609 2537 820 2608 impetit
839 2538 912 2608 ?),
935 2539 1028 2594 sed
1067 2539 1333 2595 mendacii
1355 2540 1682 2597 evidentiam
1699 2543 1926 2611 veritus,
1949 2557 2070 2599 cer-

494 2639 578 2684 tas
601 2640 980 2686 accusatorum
1010 2645 1289 2701 ,persoaas
1319 2633 1621 2702 producere
1659 2635 1897 2690 erubuit.
1934 2634 2068 2690 Nam

492 2720 537 2775 si
569 2721 848 2776 nominare
896 2721 1107 2792 aliquos
1137 2725 1421 2792 potuisset,
1468 2724 1696 2780 dixisset
1725 2725 1974 2796 profecto
2004 2741 2070 2782 ac

492 2811 866 2884 divulgasset:
899 2813 1152 2870 videlicet
1178 2814 1391 2871 etiamsi
1424 2816 1564 2872 haud
1607 2818 1882 2889 explesset
1915 2833 2068 2874 suam

494 2903 653 2970 iram,
685 2915 741 2959 at
778 2915 930 2962 certe
962 2908 1244 2962 securitati
1299 2908 1617 2977 multorum,
1646 2912 1846 2980 quibus
1865 2926 1925 2967 se
1953 2927 2070 2966 ma.

493 2996 636 3049 xime
659 2997 964 3067 prospicere
989 2996 1292 3068 proﬁtetur,
1315 2999 1697 3056 consuluisset.
1713 3001 1924 3057 Etenim
1949 3017 2069 3072 quae

493 3087 624 3141 latet
669 3086 1007 3157 improbitas,
1067 3089 1428 3156 perniciosior
1473 3099 1557 3146 est
1605 3107 1767 3162 quam
1803 3108 1923 3164 quae
1947 3109 2069 3164 pro-

2174 591 2288 646 λειν
2315 590 2468 655 τινὰς
2500 589 2562 656 ὲξ
2592 590 2892 644 ἀκολάστου
2919 587 3165 660 γλώττης
3195 587 3288 641 καὶ
3319 585 3559 656 γνώμης
3590 585 3773 647 ἀγνώ-

2178 701 2358 756 μονος,
2394 680 2682 754 μοχθηρῶν
2711 681 2804 737 καὶ
2832 679 2943 752 (65)
2962 678 3456 750 φιλαπεχθημόνων
3481 677 3659 748 ἔργον
3699 678 3772 730 ei-

2172 776 2324 840 δότες
2349 792 2363 807 ο
2395 775 2454 829 τὸ
2480 773 2536 827 δὲ
2573 774 2701 836 τοὺς
2738 774 2802 826 ὲκ
2829 760 3084 842 διαϐολῆς
3127 767 3266 828 εἶναι
3297 770 3568 837 δόξαντας
3603 786 3770 838 mm.

2177 871 2303 942 ροὺς
2332 868 2480 940 πάσῃ
2509 865 2786 938 προθυμίᾳ
2835 865 3127 937 πειρᾶσθαι
3154 865 3214 918 τὸ
3243 863 3439 934 ψεῦδος
3467 865 3589 924 τοῖς
3621 861 3770 929 ἑλέ-ί-

2173 979 2290 1034 χοις
2335 959 2670 1031 ἀποτρέπειν
2720 958 2929 1030 ἀνδρῶν
2974 957 3266 1030 σωφρόνων
3311 958 3408 1008 καὶ
3461 953 3618 1026 μετὰ

2177 1054 2312 1118 ίδίας
2338 1050 2620 1114 εὐϐουλίας
2648 1049 2746 1121 τὴν
2769 1049 2876 1106 τῶν
2899 1049 3110 1105 πολλῶν
3137 1048 3439 1118 ἀσφάλειαν
3475 1046 3620 1118 περὶ
3655 1041 3771 1098 «ι’-..ολ-

2173 1146 2265 1200 λοῦ
2305 1143 2663 1216 ποιουμένων.

2185 1364 2199 1388 ο
2243 1343 2571 1398 ΒΑΣΙΛΙΟΣ.
2580 1341 2664 1395 Τὸ.
2669 1341 2769 1413 μὲν
2784 1335 2878 1394 οὖν
2891 1339 3077 1411 σχῆμα
3087 1337 3350 1408 τοῦ-λόγου
3362 1334 3645 1396 τοιοῦτον,
3664 1329 3770 1387 οἷον

2173 1435 2240 1490 ἂν
2268 1436 2492 1506 γένοιτο,
2504 1433 2597 1487 τοῦ
2634 1433 2800 1505 μηδὲν
2829 1432 3016 1496 ἁπλῶς
3051 1432 3185 1503 μηδὲ
3220 1430 3422 1492 ἀδόλως
3451 1426 3767 1490 ποιοῦντος.

2172 1529 2244 1582 Τό
2283 1545 2342 1580 τε
2379 1528 2489 1599 γὰρ
2538 1526 2669 1599 περὶ
2717 1526 2815 1599 τὴν
2865 1525 3218 1596 καινοτομίαν
3260 1522 3508 1576 ὕποπτον
3541 1520 3629 1590 τῷ
3673 1521 3768 1589 τῆς

2172 1618 2466 1694 ἀπολογίας
2533 1616 2962 1690 προκαλύμματι
3022 1614 3337 1680 συσκιάζει,
3385 1613 3486 1666 καὶ
3550 1611 3767 1665 εὖνοιαν

2171 1711 2405 1784 θηρᾶται
2437 1709 2587 1783 παρά
2637 1709 2744 1764 τῶν
2791 1705 3120 1773 ἀκουόντων,
3165 1707 3242 1772 ὡς
3283 1709 3350 1778 τῇ
3399 1707 3630 1779 ἀνάγκῃ
3672 1706 3767 1775 τῆς

2099 1849 2141 1905 Β
2169 1803 2426 1874 διαϐολῆς
2451 1803 2544 1855 ἐπὶ
2573 1801 2702 1865 τοὺς
2731 1801 2923 1870 λόγους
2955 1801 3176 1864 τούτους
3203 1789 3402 1856 ἐλθών.
3436 1798 3764 1867 Ἐλέγχεται

2168 1895 2225 1949 δὲ
2257 1891 2422 1948 αὑτοῦ
2452 1894 2484 1965 ἡ
2518 1893 2646 1964 περὶ
2682 1892 2780 1964 τὴν
2825 1891 3124 1960 ἀπολογίαν
3161 1890 3366 1962 σκηνὴ,
3414 1890 3500 1943 ὅτι
3534 1890 3636 1944 τοῦ
3679 1894 3742 1959 ἐγ

2168 1986 2468 2058 κλήματος,
2498 1985 2587 2054 ἐφ’
2640 1977 2686 2053 ᾧ
2715 1982 3128 2052 διαγωνίζεσθαι
3169 1984 3583 2054 προσποιεῖται,
3635 2001 3742 2035 κατ

2168 2075 2368 2147 ήγορον
2414 2075 2590 2128 εἰπεῖν
2623 2073 2725 2127 οὑκ
2772 2060 2930 2144 ἐάων,
2962 2073 3291 2144 ἁπρόσωπον
3322 2071 3385 2125 τὸ
3417 2073 3520 2144 τῆς
3567 2073 3746 2127 ἀπολο

2168 2165 2294 2234 γίας
2332 2163 2716 2236 ὑπεισέρχεται
2750 2161 2860 2234 (66)
2903 2161 3120 2234 δρᾶμαο
3151 2161 3212 2214 οὐ
3249 2158 3338 2214 διὰ
3378 2158 3766 2232 μακροθυμίαν

2167 2257 2428 2330 ὀνομαστὶ
2477 2255 2783 2329 μνησθῆναι
2827 2254 2936 2308 τῶν
2983 2254 3363 2325 λελυπηκότων
3422 2253 3766 2323 ἀπεχόμενος

2170 2349 2310 2422 (πῶς
2352 2348 2483 2422 γὰρ,
2531 2349 2591 2413 ὃς
2628 2366 2693 2418 γε
2727 2346 3019 2410 τοσαύταις
3060 2345 3348 2414 λοιδορίαις
3389 2343 3584 2397 πλύνει
3643 2345 3765 2408 suis;

2175 2441 2627 2514 ἀντιλέγοντας),
2678 2440 2816 2496 ἀλλά
2846 2439 2939 2495 τοῦ
2965 2440 3194 2511 ψεύδους
3219 2439 3280 2493 τὸ
3321 2440 3633 2511 περιφανὲς
3681 2439 3767 2506 13;-

2168 2535 2480 2610 ορῶμενος,
2531 2537 2886 2608 ἐπιφημίζειν
2911 2535 3090 2607 ἑαυτῷ
3144 2535 3427 2607 ὡρισμένα
3489 2535 3766 2606 πρόσωπα

2170 2630 2495 2702 κατηγόρων
2537 2629 2874 2700 αἰσχύνεται.
2917 2628 2982 2682 Εἰ
3014 2629 3126 2698 γὰρ
3173 2623 3316 2698 εἶχεν
3362 2627 3641 2697 ὀνομάσαι
3688 2644 3764 2680 τι-
3811 2663 3822 2676 .

2169 2722 2288 2786 νάς,
2320 2719 2472 2775 εἶπεν
2505 2719 2571 2774 ἂν
2601 2720 2817 2784 πάντως
2846 2719 2940 2773 καὶ
2980 2719 3284 2789 διεὸόησεν·
3317 2719 3366 2772 εἰ
3411 2717 3507 2770 καὶ
3547 2716 3625 2788 μὴ
3670 2715 3762 2786 τὴν

2172 2811 2365 2867 ἑαυτοῦ
2411 2810 2580 2884 ὀργὴν
2630 2809 2943 2883 ἐκπληρῶν,
2971 2809 3107 2863 ἀλλά
3139 2810 3236 2880 τήν
3278 2826 3341 2877 γε
3391 2808 3502 2862 τῶν
3551 2807 3760 2861 πολλῶν

2170 2903 2474 2974 ἀσφάλειαν
2523 2903 2922 2973 διοικούμενοςι
2959 2893 3035 2954 ὧν
3081 2901 3146 2971 δὴ
3189 2902 3283 2954 καὶ
3339 2901 3583 2972 μάλιστα
3632 2917 3756 2972 προ-

2171 2998 2310 3051 νοεῖν
2353 2995 2766 3066 ὲπαγγέλλεται.
2817 2993 3165 3048 Λανθάνουσα
3215 2992 3326 3064 γὰρ
3372 2993 3616 3064 πονηρία
3675 2994 3756 3063 τῆς

2173 3087 2704 3160 προκεκηρυγμένης
2737 3086 3142 3158 βλαϐερωτὲρα.
3175 3086 3362 3152 Ὥστε,
3395 3085 3559 3157 εἴπερ
3595 3085 3754 3153 ἔγνω-

493 3177 729 3248 mulgata
771 3189 874 3234 est.
899 3180 1080 3248 Quare
1119 3195 1240 3236 cum
1280 3182 1703 3240 calumniatores
1737 3185 2066 3253 noverimus,

2175 3198 2274 3251 μεν
2302 3181 2430 3245 τοὺς
2474 3179 2840 3250 συκοφάντας,
2877 3180 3005 3251 ῥᾷον
3039 3178 3106 3232 ἂν
3139 3178 3470 3249 διεφύγομεν
3499 3179 3602 3243 τὰς
3634 3182 3753 3232 ἀκο-

493 3284 682 3324 eorum
715 3269 923 3339 linguas
945 3271 1248 3342 petulantes
1287 3289 1353 3330 ac
1387 3284 1622 3332 mentem
1658 3277 1957 3349 improbam
1985 3279 2068 3334 l‘a-

491 3361 652 3416 cilius
684 3359 922 3434 eﬂ‘ugere
963 3364 1262 3434 poterimus
1294 3383 1310 3421 :
1355 3367 1488 3438 ipsis
1509 3368 1654 3423 enim
1684 3369 2066 3440 sapientissimi

493 3455 636 3510 illius
674 3459 1030 3544 utar.verhis.
1088 3459 1158 3513 At
1211 3461 1468 3530 quoniam
1525 3470 1653 3518 tunc
1697 3463 1769 3518 ob
1815 3464 2068 3532 quamvis

497 3548 712 3603 tandem
743 3563 961 3605 causam
997 3551 1280 3619 conticuit,
1305 3568 1450 3609 nunc
1501 3554 1887 3624 interrogetur,
1929 3570 2072 3612 nunc

497 3641 842 3711 respondeat,
896 3641 987 3712 qui
1035 3641 1236 3700 fuerint
1275 3643 1721 3710 calumniatores,
1769 3646 1885 3716 qui,
1946 3662 2068 3703 eum

493 3733 782 3788 calumniis
827 3734 1096 3790 lacessere
1153 3735 1495 3806 incipientes,
1536 3739 1603 3793 ad
1637 3739 2070 3810 respondendum

492 3825 806 3895 coegerint?
851 3828 992 3882 unde
1038 3833 1308 3882 terrarum
1358 3829 1662 3884 venerunt?
1694 3831 1784 3899 qui
1821 3829 2068 3899 iudices,

493 3931 677 3971 coram
705 3915 902 3986 quibus
916 3916 1080 3972 subiit
1095 3927 1370 3974 certamen
1387 3919 1412 3974 τ
1430 3933 1538 3989 quo
1559 3920 1610 3974 in
1643 3933 1903 3976 consessu
1933 3921 2073 3977 hanc

490 4006 891 4063 accusationem
942 4008 1238 4064 sustinuit?
1277 4009 1369 4064 ubi
1423 4017 1691 4065 terrarum
1734 4022 1788 4066 et
1837 4013 2071 4067 marium

492 4099 888 4169 congregatus?
920 4098 1061 4167 Quid
1091 4101 1236 4156 enim
1261 4101 1433 4171 possit
1462 4100 1687 4158 dicere?
1715 4102 1772 4157 In
1801 4103 2073 4159 Seleucia?

491 4191 562 4246 At
587 4190 656 4246 oh
685 4191 960 4247 silentium
993 4193 1230 4249 convicti
1276 4203 1423 4262 sunt,
1461 4196 1550 4267 qui
1588 4195 1819 4262 scilicet,
1855 4197 2069 4252 etiamsi

493 4285 561 4339 ad
587 4284 795 4355 objecta
833 4286 939 4343 sibi
975 4287 1201 4342 crimina
1236 4287 1552 4359 depellenda
1575 4291 1644 4345 ab
1669 4289 1737 4344 iis
1759 4290 1850 4361 qui
1877 4305 2073 4346 conve-

496 4389 682 4434 nerant
712 4378 910 4451 satpius
939 4378 1322 4447 invitarentur,
1351 4389 1531 4436 tamen
1563 4397 1668 4436 non
1697 4381 2066 4450 occurrerint;

493 4471 566 4524 ob
598 4470 759 4541 idque
790 4471 1030 4526 damnati
1059 4480 1204 4527 sunt.
1235 4471 1496 4541 Alloquor
1527 4474 1670 4528 enim
1707 4475 1760 4528 in
1800 4473 2068 4528 communi

2169 3273 2398 3337 λάστους
2437 3272 2690 3342 γλώσσας
2737 3271 2918 3325 αὐτῶν
2965 3271 3061 3326 καὶ
3099 3271 3199 3336 τὰς
3241 3271 3569 3342 ἀγνώμονας
3622 3273 3752 3340 γνὼ-

2173 3383 2281 3437 μας
2300 3382 2314 3395 ·
2361 3365 2546 3430 αὐτοῖς
2577 3364 2686 3437 γὰρ
2717 3365 2993 3436 χρήσομαι
3022 3362 3119 3418 τοῦ
3152 3364 3466 3433 σοφωτάτου
3498 3368 3618 3431 τοῖς
3666 3365 3752 3436 ρή-

2173 3475 2356 3530 μασιν.
2414 3456 2552 3510 Ἀλλ’
2580 3457 2796 3529 -ὲπειδὴ
2850 3457 3008 3521 τότε,
3065 3455 3136 3510 δι’
3182 3457 3248 3527 ἣν
3297 3457 3498 3527 δήποτε
3557 3457 3750 3521 αἰτίαν,

2167 3549 2549 3624 ἀπεσιώπησε,
2581 3548 2676 3604 νῦν
2719 3547 3036 3620 ὲρωτάσθω,
3062 3538 3160 3601 ¹νῦν
3193 3548 3578 3618 ἀποκρινέσθω
3609 3549 3748 3618 (67)°

2166 3642 2313 3706 τίνες
2342 3643 2388 3694 οἱ
2419 3639 2715 3711 κατήγοροι
2745 3641 2819 3704 οἱ,
2847 3639 2926 3711 τῷ
2966 3640 3260 3712 προλασεῖν
3288 3643 3409 3703 ταῖς
3459 3639 3750 3702 διαϐολαῖς,

2169 3734 2474 3804 ἀναγκαίαν
2522 3732 2672 3804 αὐτῷ
2708 3732 2809 3804 τὴν
2855 3732 3156 3802 ἀπολογίαν
3215 3733 3748 3797 κατασκευάζοντες;

2170 3828 2234 3879 ὲκ
2282 3827 2440 3890 ποίας
2485 3825 2812 3896 οἰκουμένης
2854 3824 3134 3891 ὲλθόντεςς
3178 3824 3326 3888 τίνες
3370 3823 3419 3876 oi
3469 3823 3748 3884 δικασταὶ,

2169 3917 2254 3986 ἐφ’
2283 3910 2357 3971 ὧν
2416 3915 2712 3971 διατίθεται
2749 3915 2842 3970 τὸν
2887 3915 3109 3985 ἀγῶνα;
3144 3916 3203 3969 ὲν
3248 3914 3389 3986 ποίῳ
3415 3913 3750 3984 δικαστηρίῳ

2169 4007 2266 4078 τὴν
2300 4007 2517 4079 γραφὴν
2549 4004 2754 4076 ταύτην
2795 4005 3089 4077 ὑπεισῆλθε
3129 4005 3275 4076 (68);
3309 4003 3410 4058 ποῦ
3444 4003 3552 4073 γῆς
3592 4003 3626 4073 ἢ
3662 4002 3750 4055 θα-

2169 4099 2368 4170 λάττης
2403 4098 2860 4171 συγκροτηθὲντις
2897 4098 2961 4153 Τί
2994 4098 3103 4169 γὰρ
3147 4097 3214 4151 ἂν
3245 4097 3339 4151 καὶ
3379 4096 3622 4160 εῖποιεν;
3667 4095 3748 4147 Ἐν

2169 4189 2494 4263 Seleucia;
2536 4190 2695 4244 Ἀλλὰ
2725 4191 3105 4262 σιωπήσαντες
3134 4174 3248 4261 (69)
3282 4189 3548 4253 ἑάλωσαν,
3581 4189 3639 4241 οῖ
3666 4203 3747 4255 γε,

2170 4283 2632 4354 προκαλουμένων
2676 4281 2937 4346 πολλάκις
2982 4282 3091 4337 τῶν
3140 4279 3502 4334 συνελθόντων
3533 4280 3617 4343 εἰς
3655 4279 3747 4343 τὰς

2171 4373 2311 4445 ὑπὲρ
2328 4373 2436 4428 τῶν
2459 4373 2869 4444 ἐπιφερομένων
2889 4373 3138 4438 εὐθύνας,
3155 4373 3254 4426 οὐκ
3276 4371 3598 4443 ἀπήντησαν
3615 4369 3741 4442 (70)·

2171 4469 2254 4537 ἐφ’
2281 4461 2448 4539 οἷς-δὴ
2478 4466 2578 4521 καλ⁸
2617 4465 3018 4539 κατεκρίθησαν
3051 4464 3374 4538 τηνικαῦτα.
3407 4463 3604 4526 Κοινὺς
3643 4463 3744 4534 γάρ

495 4575 708 4616 omnem
726 4561 884 4617 simul
903 4570 1124 4626 emtum,
1145 4561 1410 4632 210fqui
1431 4571 1648 4634 propter
1672 4561 1963 4633 impietatis
1978 4577 2068 4617 so-

2175 4576 2266 4630 μοι
2311 4560 2340 4612 ό
2385 4559 2543 4628 λόγος
2589 4559 2724 4630 πρὸς
2757 4560 2904 4614 ἅπαν
2949 4560 3084 4631 ὁμοῦ
3117 4559 3178 4613 τὸ
3221 4558 3528 4627 σύνταγμα,
3574 4557 3635 4609 τὸ
3665 4557 3742 4609 διὰ

496 4647 745 4708 cietatem
761 4650 1227 4706 velutmorbosum
1245 4649 1512 4722 quoddam
1548 4651 1847 4706 membrum
1875 4666 1908 4706 a
1937 4665 2076 4707 sano.

569 4895 683 4966 (64)
735 4895 960 4967 Legitur
1006 4898 1058 4953 in
1107 4899 1267 4957 editis
1323 4900 1462 4955 intra
1533 4907 1846 4954 contextum
1896 4900 2071 4954 Εὑν...

500 4966 713 5040 Βασ-..ἀ
744 4966 958 5040 contra,
1000 4970 1111 5040 illa,
1145 4972 1321 5025 Εὑν...
1356 4971 1515 5034 Βασ..
1550 4971 1602 5024 in
1633 4984 1728 5024 ora
1773 4969 1924 5040 Regii
1961 4982 2072 5025 ter-

499 5037 561 5091 tii
610 5037 984 5095 inveniuntur.
1042 5039 1186 5095 Nihil
1240 5049 1419 5096 tamen
1465 5041 1782 5095 mutandum
1805 5037 2074 5112 judicavi-

496 5122 683 5302 13:3)
737 5178 873 5252 Reg.
933 5181 1123 5236 tertius
1160 5190 1216 5238 et
1257 5179 1405 5238 Colb.
1452 5180 1766 5254 ἀγνώμονος
1818 5180 2072 5255 πονηρῶν

499 5270 613 5308 και.

597 5321 687 5394 66)
711 5318 934 5394 Antiqui
967 5322 1072 5394 duo
1101 5322 1220 5377 libri
1256 5322 1588 5394 εἰσέρχεται,
1619 5339 1723 5377 non
1757 5325 1827 5376 ita
1872 5333 2035 5377 recte.

499 5392 682 5519 σθ(6³1)
712 5393 941 5449 Codices
989 5393 1095 5448 duo
1141 5392 1539 5466 ἀποκρινέσθω.
1597 5394 1736 5449 Editi
1785 5392 2077 5466 ἀποκρινά-

567 5481 632 5517 ω.

567 5481 632 5517 ω.

571 5531 974 5608 (68)_Veteres_
992 5534 1196 5606 aliquot
1253 5535 1380 5608 libri
1421 5535 1639 5608 γραφὴν
1663 5534 1931 5608 εἰσῆλθεν.
1963 5533 2074 5590 Nec

502 5602 591 5660 ita
607 5602 776 5674 multo
799 5615 921 5674 post
941 5602 1332 5674 Regfquarlus
1356 5602 1555 5659 ἂνκαϊ
1572 5602 1736 5662 εἴποι.

573 5673 685 5742 (69)
717 5674 856 5728 Etliti
911 5673 1046 5730 ἀλλὰ
1092 5673 1403 5740 σιωπῶντες
1434 5695 1446 5732 :
1491 5685 1544 5730 at
1581 5679 1795 5732 codices
1830 5673 2068 5732 melioris

504 5747 1057 5816 lt0lm_o't_w_1':'qoavteg.

574 5814 687 5873 ίῖθ)
715 5813 859 5870 Idem
891 5817 1395 5876 docetAthanasius
1419 5817 1508 5875 lib.
1534 5817 1606 5874 De
1624 5833 1716 5873 sim
1747 5831 1928 5878 .num.
1958 5816 2060 5872 l2:

2177 4651 2276 4725 τὴν
2318 4652 2602 4706 κοινωνίαν
2646 4652 2747 4722 τῆς
2795 4651 3078 4717 ἀσεϐείας,
3109 4649 3298 4720 ῶσπερ
3329 4667 3381 4703 τι
3418 4648 3579 4718 μέλος
3611 4664 3742 4702 νενο·

2181 4903 2352 4974 Τοῦτο
2379 4901 2436 4955 δὲ
2469 4901 2852 4974 πεποιήκασιν,
2897 4901 3084 4974 ἐπειδὴ
3137 4900 3427 4974 κληθέντες
3479 4899 3739 4974 ἀπολογή-

2181 4973 2376 5027 σασθαι
2395 4967 2568 5044 ὲφόἷς
2592 4967 2768 5028 αὐτῶν
2792 4973 3031 5026 πλεῖστοι
3060 4967 3419 5044 κατηγόρουν,
3444 4972 3544 5044 οὐκ
3567 4967 3736 5043 ἀπήν-

2180 5062 2374 5114 τησαν.
2402 5041 2531 5098 ldeo
2565 5054 2736 5098 autem
2773 5045 2870 5096 hoc
2901 5044 3153 5112 fecerunt,
3187 5045 3326 5113 quod
3359 5043 3416 5114 iu
3434 5041 3526 5111 jus
3559 5041 3737 5114 noceri,

2181 5113 2293 5167 uta
2324 5116 2505 5168 multis
2533 5114 2728 5167 allatas
2758 5115 3031 5167 adversum
3062 5128 3116 5165 se
3150 5113 3546 5166 criminationes
3572 5113 3736 5176 depel-

2181 5186 2369 5249 lerent,
2401 5201 2503 5238 non
2549 5184 3002 5253 comparuissent,
3029 5181 3290 5251 Loquitur
3321 5183 3652 5253 Athanasius
3679 5185 3736 5238 de

2181 5254 2471 5324 episc0pis,
2507 5255 2597 5324 qui
2629 5251 2679 5307 in
2719 5255 2962 5324 concilio
2980 5251 3311 5324 Seleuciensi
3363 5261 3460 5324 aut,
3494 5252 3732 5321 depositi,

2183 5335 2276 5378 aut
2303 5323 2679 5379 eninmnnione
2713 5323 2908 5393 privati
2940 5323 3178 5378 fuerunt.
3207 5323 3559 5377 Athanasium
3591 5339 3733 5375 secu-

2181 5405 2267 5464 tus
2310 5396 2562 5449 Socrates
2597 5393 2690 5464 lib.
2744 5409 2805 5458 Il,
2843 5410 2963 5464 cap.
3011 5394 3099 5460 40,
3145 5393 3214 5446 ita
3269 5393 3482 5460 scripsit
3532 5409 3547 5446 :
3585 5393 3733 5464 ,Ἐπεὶ

2177 5462 2269 5519 οὖν
2299 5465 2559 5528 πολλάκις
2592 5461 2922 5535 καλούμενοί
2965 5465 3064 5518 ούκ
3119 5464 3462 5535 ἀπήντησαν,
3502 5461 3733 5535 καθεῖλον

2177 5515 3606 5607 graveg‘uagst:rgum;ausaausstc.
3638 5534 3732 5607 sed

2178 5611 2424 5677 quoniam
2459 5609 2653 5674 m'pius
2709 5604 2949 5661 accersiti
3011 5604 3618 5677 uenire_derreclubant.
3650 5605 3730 5653 de-

2177 5673 2465 5744 posuerunt
2516 5687 2562 5731 el
2612 5678 2781 5745 ipsum
2843 5677 3117 5743 Acacium,
3183 5673 3466 5746 Georgium
3516 5673 3728 5728 Alexan-

2175 5749 2325 5817 drirv,
2356 5757 2458 5803 etc.
