  <div class='ocr_page' id='page_1' title='image "/cluster/home/n/w/nwhite01/storage/ocr_20150623/29/hvd.32044011320256/686.png"; bbox 0 0 3978 6410; ppageno 0'>
   <div class='ocr_carea' id='block_1_1' title="bbox 230 389 339 447">
    <p class='ocr_par' dir='ltr' id='par_1_1' title="bbox 230 389 339 447">
     <span class='ocr_line' id='line_1_1' title="bbox 230 389 339 447; baseline -0.028 0"><span class='ocrx_word' id='word_1_1' title='bbox 230 389 339 447; x_wconf 82' lang='lat'><strong>505</strong></span> 
     </span>
    </p>
   </div>
   <div class='ocr_carea' id='block_1_2' title="bbox 1320 376 2349 441">
    <p class='ocr_par' dir='ltr' id='par_1_2' title="bbox 1320 376 2349 441">
     <span class='ocr_line' id='line_1_2' title="bbox 1320 376 2349 441; baseline 0 -2"><span class='ocrx_word' id='word_1_2' title='bbox 1320 382 1690 441; x_wconf 80' lang='lat' dir='ltr'><strong>ADVERSUS</strong></span> <span class='ocrx_word' id='word_1_3' title='bbox 1730 376 2095 439; x_wconf 82' lang='lat' dir='ltr'><strong>EUNOMIUM</strong></span> <span class='ocrx_word' id='word_1_4' title='bbox 2136 380 2261 437; x_wconf 88' lang='lat' dir='ltr'><strong>LIB.</strong></span> <span class='ocrx_word' id='word_1_5' title='bbox 2306 381 2349 439; x_wconf 83' lang='grc' dir='ltr'>Ι.</span> 
     </span>
    </p>
   </div>
   <div class='ocr_carea' id='block_1_3' title="bbox 2298 286 2321 343">
    <p class='ocr_par' dir='ltr' id='par_1_3' title="bbox 2298 286 2321 343">
     <span class='ocr_line' id='line_1_3' title="bbox 2298 286 2321 343; baseline 0 -36"><span class='ocrx_word' id='word_1_6' title='bbox 2298 286 2321 343; x_wconf 69' lang='lat' dir='ltr'><strong>’I</strong></span> 
     </span>
    </p>
   </div>
   <div class='ocr_carea' id='block_1_4' title="bbox 3392 392 3498 448">
    <p class='ocr_par' dir='ltr' id='par_1_4' title="bbox 3392 392 3498 448">
     <span class='ocr_line' id='line_1_4' title="bbox 3392 392 3498 448; baseline -0.057 1"><span class='ocrx_word' id='word_1_7' title='bbox 3392 392 3498 448; x_wconf 66' lang='lat'><strong>503</strong></span> 
     </span>
    </p>
   </div>
   <div class='ocr_carea' id='block_1_5' title="bbox 229 496 1811 586">
    <p class='ocr_par' dir='ltr' id='par_1_5' title="bbox 229 496 1811 586">
     <span class='ocr_line' id='line_1_5' title="bbox 229 496 1811 586; baseline -0.004 -28"><span class='ocrx_word' id='word_1_8' title='bbox 229 502 402 576; x_wconf 78' lang='grc' dir='ltr'>σηκὸς</span> <span class='ocrx_word' id='word_1_9' title='bbox 456 499 552 554; x_wconf 81' lang='grc' dir='ltr'>τοῦ</span> <span class='ocrx_word' id='word_1_10' title='bbox 602 498 953 586; x_wconf 51' lang='grc' dir='ltr'>’ὑγιαίνοντος</span> <span class='ocrx_word' id='word_1_11' title='bbox 1025 496 1275 569; x_wconf 84' lang='grc' dir='ltr'>σώματος</span> <span class='ocrx_word' id='word_1_12' title='bbox 1328 501 1429 571; x_wconf 83' lang='grc' dir='ltr'>τῆς</span> <span class='ocrx_word' id='word_1_13' title='bbox 1485 499 1811 571; x_wconf 86' lang='grc' dir='ltr'>Ἐκκλησίας</span> 
     </span>
    </p>
   </div>
   <div class='ocr_carea' id='block_1_6' title="bbox 1918 496 3501 586">
    <p class='ocr_par' dir='ltr' id='par_1_6' title="bbox 1923 497 3501 580">
     <span class='ocr_line' id='line_1_6' title="bbox 1923 497 3501 580; baseline 0.008 -29"><span class='ocrx_word' id='word_1_14' title='bbox 1923 497 2184 555; x_wconf 69' lang='lat' dir='ltr'><strong>Ecclesiae</strong></span> <span class='ocrx_word' id='word_1_15' title='bbox 2204 514 2433 570; x_wconf 87' lang='lat' dir='ltr'><strong>corpore</strong></span> <span class='ocrx_word' id='word_1_16' title='bbox 2455 500 2715 571; x_wconf 90' lang='lat' dir='ltr'><strong>abruptus</strong></span> <span class='ocrx_word' id='word_1_17' title='bbox 2744 512 2846 559; x_wconf 89' lang='lat' dir='ltr'><strong>est.</strong></span> <span class='ocrx_word' id='word_1_18' title='bbox 2876 505 2956 560; x_wconf 88' lang='lat' dir='ltr'><strong>An</strong></span> <span class='ocrx_word' id='word_1_19' title='bbox 2986 507 3444 580; x_wconf 61' lang='lat' dir='ltr'><strong>Constantinomli</strong></span> <span class='ocrx_word' id='word_1_20' title='bbox 3478 512 3501 564; x_wconf 88' lang='lat'>?</span> 
     </span>
    </p>
   </div>
   <div class='ocr_carea' id='block_1_7' title="bbox 228 582 1818 667">
    <p class='ocr_par' dir='ltr' id='par_1_7' title="bbox 228 582 1818 667">
     <span class='ocr_line' id='line_1_7' title="bbox 228 582 1818 667; baseline -0.004 -17"><span class='ocrx_word' id='word_1_21' title='bbox 228 582 567 667; x_wconf 76' lang='grc' dir='ltr'>ἀῖτορῤαγέν.</span> <span class='ocrx_word' id='word_1_22' title='bbox 603 582 743 645; x_wconf 71' lang='grc' dir='ltr'>Ἇλλ’</span> <span class='ocrx_word' id='word_1_23' title='bbox 783 595 840 645; x_wconf 82' lang='grc' dir='ltr'><strong>ἐν</strong></span> <span class='ocrx_word' id='word_1_24' title='bbox 874 590 1438 645; x_wconf 84' lang='grc' dir='ltr'>Κωνσταντινουπόλει</span> <span class='ocrx_word' id='word_1_25' title='bbox 1468 592 1621 665; x_wconf 76' lang='lat'><strong>(71);</strong></span> <span class='ocrx_word' id='word_1_26' title='bbox 1676 592 1818 645; x_wconf 84' lang='grc' dir='ltr'>Ἀλλ’</span> 
     </span>
    </p>
   </div>
   <div class='ocr_carea' id='block_1_8' title="bbox 228 682 1815 755">
    <p class='ocr_par' dir='ltr' id='par_1_8' title="bbox 228 682 1815 755">
     <span class='ocr_line' id='line_1_8' title="bbox 228 682 1815 755; baseline -0.003 -13"><span class='ocrx_word' id='word_1_27' title='bbox 228 688 384 743; x_wconf 81' lang='grc' dir='ltr'>οὐδὲν</span> <span class='ocrx_word' id='word_1_28' title='bbox 415 688 533 740; x_wconf 84' lang='grc' dir='ltr'>ἐκεῖ</span> <span class='ocrx_word' id='word_1_29' title='bbox 569 684 867 753; x_wconf 77' lang='grc' dir='ltr'><strong>ἀπολογίας</strong></span> <span class='ocrx_word' id='word_1_30' title='bbox 911 684 1019 737; x_wconf 78' lang='grc' dir='ltr'>ἔδει</span> <span class='ocrx_word' id='word_1_31' title='bbox 1068 683 1165 736; x_wconf 68' lang='grc' dir='ltr'>καὶ</span> <span class='ocrx_word' id='word_1_32' title='bbox 1192 682 1389 751; x_wconf 89' lang='grc' dir='ltr'>λόγων.</span> <span class='ocrx_word' id='word_1_33' title='bbox 1438 685 1577 748; x_wconf 78' lang='grc' dir='ltr'>Τοὺς</span> <span class='ocrx_word' id='word_1_34' title='bbox 1608 684 1719 755; x_wconf 81' lang='grc' dir='ltr'><strong>γὰρ</strong></span> <span class='ocrx_word' id='word_1_35' title='bbox 1751 686 1815 737; x_wconf 87' lang='grc' dir='ltr'><strong>ἐκ</strong></span> 
     </span>
    </p>
   </div>
   <div class='ocr_carea' id='block_1_9' title="bbox 228 773 1821 851">
    <p class='ocr_par' dir='ltr' id='par_1_9' title="bbox 228 773 1821 851">
     <span class='ocr_line' id='line_1_9' title="bbox 228 773 1821 851; baseline -0.003 -18"><span class='ocrx_word' id='word_1_36' title='bbox 228 781 333 851; x_wconf 81' lang='grc' dir='ltr'>τῆς</span> <span class='ocrx_word' id='word_1_37' title='bbox 364 778 652 849; x_wconf 75' lang='grc' dir='ltr'><strong>βασιλικῆς</strong></span> <span class='ocrx_word' id='word_1_38' title='bbox 694 775 880 846; x_wconf 74' lang='grc' dir='ltr'>αὐλῆς,</span> <span class='ocrx_word' id='word_1_39' title='bbox 919 774 1015 827; x_wconf 73' lang='grc' dir='ltr'>καὶ</span> <span class='ocrx_word' id='word_1_40' title='bbox 1061 773 1171 827; x_wconf 86' lang='grc' dir='ltr'><strong>τῶν</strong></span> <span class='ocrx_word' id='word_1_41' title='bbox 1204 774 1407 828; x_wconf 85' lang='grc' dir='ltr'><strong>λοιπῶν</strong></span> <span class='ocrx_word' id='word_1_42' title='bbox 1437 778 1563 839; x_wconf 80' lang='grc' dir='ltr'>τοὺς</span> <span class='ocrx_word' id='word_1_43' title='bbox 1611 777 1677 829; x_wconf 76' lang='grc' dir='ltr'><strong>τὰ</strong></span> <span class='ocrx_word' id='word_1_44' title='bbox 1725 776 1821 847; x_wconf 86' lang='grc' dir='ltr'><strong>μέ-</strong></span> 
     </span>
    </p>
   </div>
   <div class='ocr_carea' id='block_1_10' title="bbox 227 865 1817 942">
    <p class='ocr_par' dir='ltr' id='par_1_10' title="bbox 227 865 1817 942">
     <span class='ocr_line' id='line_1_10' title="bbox 227 865 1817 942; baseline -0.004 -17"><span class='ocrx_word' id='word_1_45' title='bbox 227 888 395 942; x_wconf 86' lang='grc' dir='ltr'>γιστα</span> <span class='ocrx_word' id='word_1_46' title='bbox 443 868 774 940; x_wconf 79' lang='grc' dir='ltr'><strong>δυναμένους</strong></span> <span class='ocrx_word' id='word_1_47' title='bbox 821 865 1027 920; x_wconf 81' lang='grc' dir='ltr'>ἑαυτῶν</span> <span class='ocrx_word' id='word_1_48' title='bbox 1074 868 1462 939; x_wconf 84' lang='grc' dir='ltr'>ποιησάμενοι,</span> <span class='ocrx_word' id='word_1_49' title='bbox 1511 869 1575 921; x_wconf 86' lang='grc' dir='ltr'><strong>ἐκ</strong></span> <span class='ocrx_word' id='word_1_50' title='bbox 1621 867 1817 920; x_wconf 87' lang='grc' dir='ltr'>πολλοῦ</span> 
     </span>
    </p>
   </div>
   <div class='ocr_carea' id='block_1_11' title="bbox 227 958 1819 1033">
    <p class='ocr_par' dir='ltr' id='par_1_11' title="bbox 227 958 1819 1033">
     <span class='ocr_line' id='line_1_11' title="bbox 227 958 1819 1033; baseline -0.003 -16"><span class='ocrx_word' id='word_1_51' title='bbox 227 962 329 1017; x_wconf 82' lang='grc' dir='ltr'>τοῦ</span> <span class='ocrx_word' id='word_1_52' title='bbox 382 961 659 1033; x_wconf 77' lang='grc' dir='ltr'>περιόντος</span> <span class='ocrx_word' id='word_1_53' title='bbox 704 961 815 1020; x_wconf 87' lang='grc' dir='ltr'>τοῖς</span> <span class='ocrx_word' id='word_1_54' title='bbox 848 958 1139 1030; x_wconf 74' lang='grc' dir='ltr'><strong>πράγμασι</strong></span> <span class='ocrx_word' id='word_1_55' title='bbox 1184 960 1619 1031; x_wconf 77' lang='grc' dir='ltr'>προσεφέροντοο</span> <span class='ocrx_word' id='word_1_56' title='bbox 1666 959 1819 1013; x_wconf 77' lang='grc' dir='ltr'>αὐτοὶ</span> 
     </span>
    </p>
   </div>
   <div class='ocr_carea' id='block_1_12' title="bbox 230 1051 1819 1125">
    <p class='ocr_par' dir='ltr' id='par_1_12' title="bbox 230 1051 1819 1125">
     <span class='ocr_line' id='line_1_12' title="bbox 230 1051 1819 1125; baseline -0.003 -14"><span class='ocrx_word' id='word_1_57' title='bbox 230 1057 333 1111; x_wconf 73' lang='grc' dir='ltr'>καὶ</span> <span class='ocrx_word' id='word_1_58' title='bbox 365 1056 681 1125; x_wconf 84' lang='grc' dir='ltr'>κατήγοροι,</span> <span class='ocrx_word' id='word_1_59' title='bbox 710 1051 805 1105; x_wconf 80' lang='grc' dir='ltr'>καὶ</span> <span class='ocrx_word' id='word_1_60' title='bbox 843 1051 1115 1114; x_wconf 75' lang='grc' dir='ltr'>δικασταὶ,</span> <span class='ocrx_word' id='word_1_61' title='bbox 1147 1052 1243 1106; x_wconf 76' lang='grc' dir='ltr'>καὶ</span> <span class='ocrx_word' id='word_1_62' title='bbox 1269 1051 1475 1123; x_wconf 84' lang='grc' dir='ltr'><strong>δήμιοι,</strong></span> <span class='ocrx_word' id='word_1_63' title='bbox 1507 1053 1603 1105; x_wconf 72' lang='grc' dir='ltr'>καὶ</span> <span class='ocrx_word' id='word_1_64' title='bbox 1639 1052 1819 1107; x_wconf 86' lang='grc' dir='ltr'>πάντα</span> 
     </span>
    </p>
   </div>
   <div class='ocr_carea' id='block_1_13' title="bbox 231 1144 1819 1217">
    <p class='ocr_par' dir='ltr' id='par_1_13' title="bbox 231 1144 1819 1217">
     <span class='ocr_line' id='line_1_13' title="bbox 231 1144 1819 1217; baseline -0.003 -13"><span class='ocrx_word' id='word_1_65' title='bbox 231 1151 387 1214; x_wconf 78' lang='grc' dir='ltr'>ὅντες</span> <span class='ocrx_word' id='word_1_66' title='bbox 411 1151 510 1202; x_wconf 85' lang='grc' dir='ltr'>ὅσα</span> <span class='ocrx_word' id='word_1_67' title='bbox 552 1146 852 1207; x_wconf 90' lang='grc' dir='ltr'>ἐϐούλοντο,</span> <span class='ocrx_word' id='word_1_68' title='bbox 882 1146 992 1210; x_wconf 84' lang='grc' dir='ltr'>ὅτε,</span> <span class='ocrx_word' id='word_1_69' title='bbox 1040 1144 1149 1199; x_wconf 83' lang='grc' dir='ltr'>τῶν</span> <span class='ocrx_word' id='word_1_70' title='bbox 1182 1146 1498 1199; x_wconf 83' lang='grc' dir='ltr'>ἐπισκόπων</span> <span class='ocrx_word' id='word_1_71' title='bbox 1544 1146 1671 1209; x_wconf 81' lang='grc' dir='ltr'>τοὺς</span> <span class='ocrx_word' id='word_1_72' title='bbox 1718 1145 1819 1217; x_wconf 86' lang='grc' dir='ltr'>μὲν</span> 
     </span>
    </p>
   </div>
   <div class='ocr_carea' id='block_1_14' title="bbox 231 1236 1821 1309">
    <p class='ocr_par' dir='ltr' id='par_1_14' title="bbox 231 1236 1821 1309">
     <span class='ocr_line' id='line_1_14' title="bbox 231 1236 1821 1309; baseline -0.003 -14"><span class='ocrx_word' id='word_1_73' title='bbox 231 1241 610 1304; x_wconf 79' lang='grc' dir='ltr'>ἐκϐάλλοντες,</span> <span class='ocrx_word' id='word_1_74' title='bbox 637 1238 763 1301; x_wconf 78' lang='grc' dir='ltr'>τοὺς</span> <span class='ocrx_word' id='word_1_75' title='bbox 794 1238 851 1290; x_wconf 82' lang='grc' dir='ltr'>δὲ</span> <span class='ocrx_word' id='word_1_76' title='bbox 881 1236 1338 1306; x_wconf 83' lang='grc' dir='ltr'>ἐγκαθιστῶντες,</span> <span class='ocrx_word' id='word_1_77' title='bbox 1356 1240 1469 1301; x_wconf 87' lang='grc' dir='ltr'>τοῖς</span> <span class='ocrx_word' id='word_1_78' title='bbox 1495 1238 1552 1291; x_wconf 91' lang='grc' dir='ltr'><strong>δέ</strong></span> <span class='ocrx_word' id='word_1_79' title='bbox 1573 1238 1663 1292; x_wconf 81' lang='grc' dir='ltr'>τὸν</span> <span class='ocrx_word' id='word_1_80' title='bbox 1694 1238 1821 1309; x_wconf 74' lang='grc' dir='ltr'>περὶ</span> 
     </span>
    </p>
   </div>
   <div class='ocr_carea' id='block_1_15' title="bbox 231 1330 1820 1405">
    <p class='ocr_par' dir='ltr' id='par_1_15' title="bbox 231 1330 1820 1405">
     <span class='ocr_line' id='line_1_15' title="bbox 231 1330 1820 1405; baseline -0.004 -16"><span class='ocrx_word' id='word_1_81' title='bbox 231 1332 325 1389; x_wconf 78' lang='grc' dir='ltr'><strong>τοῦ</strong></span> <span class='ocrx_word' id='word_1_82' title='bbox 356 1333 453 1403; x_wconf 78' lang='grc' dir='ltr'><strong>ζῇν</strong></span> <span class='ocrx_word' id='word_1_83' title='bbox 483 1330 893 1405; x_wconf 85' lang='grc' dir='ltr'>ἐπικρεμῶντες</span> <span class='ocrx_word' id='word_1_84' title='bbox 932 1330 1046 1402; x_wconf 75' lang='grc'>(72)</span> <span class='ocrx_word' id='word_1_85' title='bbox 1095 1330 1358 1397; x_wconf 86' lang='grc' dir='ltr'>κίνδυνον,</span> <span class='ocrx_word' id='word_1_86' title='bbox 1398 1330 1552 1384; x_wconf 72' lang='grc' dir='ltr'>αὐτοὶ</span> <span class='ocrx_word' id='word_1_87' title='bbox 1582 1330 1678 1395; x_wconf 73' lang='grc' dir='ltr'><strong>τὰς</strong></span> <span class='ocrx_word' id='word_1_88' title='bbox 1720 1330 1820 1383; x_wconf 84' lang='grc' dir='ltr'>πό-</span> 
     </span>
    </p>
   </div>
   <div class='ocr_carea' id='block_1_16' title="bbox 229 1421 1814 1495">
    <p class='ocr_par' dir='ltr' id='par_1_16' title="bbox 229 1421 1814 1495">
     <span class='ocr_line' id='line_1_16' title="bbox 229 1421 1814 1495; baseline 0 -18"><span class='ocrx_word' id='word_1_89' title='bbox 229 1424 349 1487; x_wconf 88' lang='grc' dir='ltr'>λεις</span> <span class='ocrx_word' id='word_1_90' title='bbox 381 1425 438 1476; x_wconf 85' lang='grc' dir='ltr'><strong>ἐν</strong></span> <span class='ocrx_word' id='word_1_91' title='bbox 472 1422 722 1493; x_wconf 85' lang='grc' dir='ltr'>ἀλλήλοις</span> <span class='ocrx_word' id='word_1_92' title='bbox 763 1424 882 1475; x_wconf 83' lang='grc' dir='ltr'>κατ’</span> <span class='ocrx_word' id='word_1_93' title='bbox 910 1421 1156 1487; x_wconf 73' lang='grc' dir='ltr'><strong>ἐξουσίαν</strong></span> <span class='ocrx_word' id='word_1_94' title='bbox 1186 1422 1391 1495; x_wconf 80' lang='grc' dir='ltr'>πολλὴν</span> <span class='ocrx_word' id='word_1_95' title='bbox 1424 1422 1776 1495; x_wconf 85' lang='grc' dir='ltr'>διελάγχανον</span> <span class='ocrx_word' id='word_1_96' title='bbox 1799 1440 1814 1454; x_wconf 87' lang='grc'><strong>·</strong></span> 
     </span>
    </p>
   </div>
   <div class='ocr_carea' id='block_1_17' title="bbox 230 1492 1817 1583">
    <p class='ocr_par' dir='ltr' id='par_1_17' title="bbox 230 1492 1817 1583">
     <span class='ocr_line' id='line_1_17' title="bbox 230 1492 1817 1583; baseline 0 -16"><span class='ocrx_word' id='word_1_97' title='bbox 230 1514 327 1567; x_wconf 72' lang='grc' dir='ltr'>καὶ</span> <span class='ocrx_word' id='word_1_98' title='bbox 353 1515 380 1567; x_wconf 89' lang='grc' dir='ltr'><strong>ό</strong></span> <span class='ocrx_word' id='word_1_99' title='bbox 414 1511 514 1583; x_wconf 81' lang='grc' dir='ltr'>μέν</span> <span class='ocrx_word' id='word_1_100' title='bbox 552 1492 637 1575; x_wconf 85' lang='grc' dir='ltr'><strong>τις</strong></span> <span class='ocrx_word' id='word_1_101' title='bbox 678 1510 787 1564; x_wconf 85' lang='grc' dir='ltr'><strong>τῶν</strong></span> <span class='ocrx_word' id='word_1_102' title='bbox 828 1512 939 1582; x_wconf 80' lang='grc'>(75)</span> <span class='ocrx_word' id='word_1_103' title='bbox 987 1513 1044 1564; x_wconf 91' lang='grc' dir='ltr'><strong>ἐν</strong></span> <span class='ocrx_word' id='word_1_104' title='bbox 1077 1511 1249 1583; x_wconf 77' lang='grc' dir='ltr'>Συρία</span> <span class='ocrx_word' id='word_1_105' title='bbox 1295 1492 1502 1566; x_wconf 78' lang='grc' dir='ltr'>πόλεων</span> <span class='ocrx_word' id='word_1_106' title='bbox 1547 1492 1817 1577; x_wconf 78' lang='grc' dir='ltr'>ἐκπεσὼν,</span> 
     </span>
    </p>
   </div>
   <div class='ocr_carea' id='block_1_18' title="bbox 229 1601 1819 1677">
    <p class='ocr_par' dir='ltr' id='par_1_18' title="bbox 229 1601 1819 1677">
     <span class='ocr_line' id='line_1_18' title="bbox 229 1601 1819 1677; baseline 0 -18"><span class='ocrx_word' id='word_1_107' title='bbox 229 1606 334 1677; x_wconf 82' lang='grc' dir='ltr'>τὴν</span> <span class='ocrx_word' id='word_1_108' title='bbox 382 1601 971 1669; x_wconf 85' lang='grc' dir='ltr'>Κωνσταντινούπολιν,</span> <span class='ocrx_word' id='word_1_109' title='bbox 1026 1603 1102 1667; x_wconf 87' lang='grc' dir='ltr'>ὡς</span> <span class='ocrx_word' id='word_1_110' title='bbox 1151 1604 1245 1657; x_wconf 78' lang='grc' dir='ltr'>ἐπὶ</span> <span class='ocrx_word' id='word_1_111' title='bbox 1308 1605 1635 1676; x_wconf 74' lang='grc' dir='ltr'>τυραννίδα,</span> <span class='ocrx_word' id='word_1_112' title='bbox 1687 1622 1819 1662; x_wconf 82' lang='grc' dir='ltr'>κατ-</span> 
     </span>
    </p>
   </div>
   <div class='ocr_carea' id='block_1_19' title="bbox 234 1687 1821 1767">
    <p class='ocr_par' dir='ltr' id='par_1_19' title="bbox 234 1687 1821 1767">
     <span class='ocr_line' id='line_1_19' title="bbox 234 1687 1821 1767; baseline 0.001 -18"><span class='ocrx_word' id='word_1_113' title='bbox 234 1694 467 1750; x_wconf 80' lang='grc' dir='ltr'>έλαϐεν·</span> <span class='ocrx_word' id='word_1_114' title='bbox 520 1694 685 1759; x_wconf 79' lang='grc' dir='ltr'>αὐτὸς</span> <span class='ocrx_word' id='word_1_115' title='bbox 731 1694 789 1748; x_wconf 89' lang='grc' dir='ltr'><strong>δέ</strong></span> <span class='ocrx_word' id='word_1_116' title='bbox 834 1687 989 1759; x_wconf 72' lang='grc' dir='ltr'>οὗτος</span> <span class='ocrx_word' id='word_1_117' title='bbox 1021 1698 1049 1751; x_wconf 83' lang='grc' dir='ltr'>ὁ</span> <span class='ocrx_word' id='word_1_118' title='bbox 1076 1696 1288 1767; x_wconf 81' lang='grc' dir='ltr'>ἄμαχος</span> <span class='ocrx_word' id='word_1_119' title='bbox 1318 1697 1412 1750; x_wconf 79' lang='grc' dir='ltr'>καὶ</span> <span class='ocrx_word' id='word_1_120' title='bbox 1454 1696 1624 1762; x_wconf 82' lang='grc' dir='ltr'>δεινὸς</span> <span class='ocrx_word' id='word_1_121' title='bbox 1667 1696 1821 1767; x_wconf 86' lang='grc' dir='ltr'>λογο-</span> 
     </span>
    </p>
   </div>
   <div class='ocr_carea' id='block_1_20' title="bbox 233 1780 1821 1859">
    <p class='ocr_par' dir='ltr' id='par_1_20' title="bbox 233 1780 1821 1859">
     <span class='ocr_line' id='line_1_20' title="bbox 233 1780 1821 1859; baseline 0 -19"><span class='ocrx_word' id='word_1_122' title='bbox 233 1786 447 1859; x_wconf 74' lang='grc' dir='ltr'>γράφος</span> <span class='ocrx_word' id='word_1_123' title='bbox 486 1784 598 1855; x_wconf 70' lang='grc'>(74)</span> <span class='ocrx_word' id='word_1_124' title='bbox 650 1780 811 1839; x_wconf 83' lang='grc' dir='ltr'>ἆθλον</span> <span class='ocrx_word' id='word_1_125' title='bbox 842 1785 946 1855; x_wconf 79' lang='grc' dir='ltr'>τῆς</span> <span class='ocrx_word' id='word_1_126' title='bbox 976 1784 1232 1848; x_wconf 86' lang='grc' dir='ltr'>ἀσεϐείας</span> <span class='ocrx_word' id='word_1_127' title='bbox 1278 1784 1377 1855; x_wconf 79' lang='grc' dir='ltr'>τὴν</span> <span class='ocrx_word' id='word_1_128' title='bbox 1428 1782 1673 1849; x_wconf 74' lang='grc' dir='ltr'>Κύζικον</span> <span class='ocrx_word' id='word_1_129' title='bbox 1715 1787 1821 1840; x_wconf 89' lang='grc' dir='ltr'>ἀπ-</span> 
     </span>
    </p>
   </div>
   <div class='ocr_carea' id='block_1_21' title="bbox 1926 588 3497 671">
    <p class='ocr_par' dir='ltr' id='par_1_21' title="bbox 1926 588 3497 671">
     <span class='ocr_line' id='line_1_21' title="bbox 1926 588 3497 671; baseline 0.008 -28"><span class='ocrx_word' id='word_1_130' title='bbox 1926 588 2119 645; x_wconf 86' lang='lat' dir='ltr'><strong>Verum</strong></span> <span class='ocrx_word' id='word_1_131' title='bbox 2174 592 2285 647; x_wconf 89' lang='lat' dir='ltr'><strong>illic</strong></span> <span class='ocrx_word' id='word_1_132' title='bbox 2332 593 2466 663; x_wconf 85' lang='lat' dir='ltr'><strong>ipsis</strong></span> <span class='ocrx_word' id='word_1_133' title='bbox 2518 594 2651 649; x_wconf 84' lang='lat' dir='ltr'><strong>nihil</strong></span> <span class='ocrx_word' id='word_1_134' title='bbox 2700 612 2836 667; x_wconf 90' lang='lat' dir='ltr'><strong>opus</strong></span> <span class='ocrx_word' id='word_1_135' title='bbox 2880 608 3000 653; x_wconf 89' lang='lat' dir='ltr'><strong>erat</strong></span> <span class='ocrx_word' id='word_1_136' title='bbox 3048 600 3292 671; x_wconf 83' lang='lat' dir='ltr'><strong>apologia</strong></span> <span class='ocrx_word' id='word_1_137' title='bbox 3335 612 3497 671; x_wconf 85' lang='lat' dir='ltr'><strong>atque</strong></span> 
     </span>
    </p>
   </div>
   <div class='ocr_carea' id='block_1_22' title="bbox 1919 682 3495 764">
    <p class='ocr_par' dir='ltr' id='par_1_22' title="bbox 1919 682 3495 764">
     <span class='ocr_line' id='line_1_22' title="bbox 1919 682 3495 764; baseline 0.008 -28"><span class='ocrx_word' id='word_1_138' title='bbox 1919 682 2185 736; x_wconf 89' lang='lat' dir='ltr'><strong>oratione.</strong></span> <span class='ocrx_word' id='word_1_139' title='bbox 2228 682 2361 737; x_wconf 77' lang='lat' dir='ltr'><strong>Nam</strong></span> <span class='ocrx_word' id='word_1_140' title='bbox 2410 699 2535 739; x_wconf 91' lang='lat' dir='ltr'><strong>cum</strong></span> <span class='ocrx_word' id='word_1_141' title='bbox 2574 686 2711 743; x_wconf 72' lang='lat' dir='ltr'><strong>aula:</strong></span> <span class='ocrx_word' id='word_1_142' title='bbox 2765 688 2928 758; x_wconf 77' lang='lat' dir='ltr'><strong>regiae</strong></span> <span class='ocrx_word' id='word_1_143' title='bbox 2967 691 3115 745; x_wconf 89' lang='lat' dir='ltr'><strong>viros</strong></span> <span class='ocrx_word' id='word_1_144' title='bbox 3153 707 3218 747; x_wconf 89' lang='lat' dir='ltr'><strong>ac</strong></span> <span class='ocrx_word' id='word_1_145' title='bbox 3261 694 3495 764; x_wconf 87' lang='lat' dir='ltr'><strong>reliquus</strong></span> 
     </span>
    </p>
   </div>
   <div class='ocr_carea' id='block_1_23' title="bbox 1919 773 3495 856">
    <p class='ocr_par' dir='ltr' id='par_1_23' title="bbox 1919 773 3495 856">
     <span class='ocr_line' id='line_1_23' title="bbox 1919 773 3495 856; baseline 0.009 -31"><span class='ocrx_word' id='word_1_146' title='bbox 1919 773 2011 842; x_wconf 89' lang='lat' dir='ltr'><strong>qui</strong></span> <span class='ocrx_word' id='word_1_147' title='bbox 2057 773 2345 841; x_wconf 91' lang='lat' dir='ltr'><strong>plurimum</strong></span> <span class='ocrx_word' id='word_1_148' title='bbox 2400 776 2689 845; x_wconf 90' lang='lat' dir='ltr'><strong>pollebant,</strong></span> <span class='ocrx_word' id='word_1_149' title='bbox 2740 780 3121 837; x_wconf 79' lang='lat' dir='ltr'><strong>conciliassem.</strong></span> <span class='ocrx_word' id='word_1_150' title='bbox 3173 785 3300 850; x_wconf 86' lang='lat' dir='ltr'><strong>sibi,</strong></span> <span class='ocrx_word' id='word_1_151' title='bbox 3338 786 3495 856; x_wconf 73' lang='lat' dir='ltr'><strong>longe</strong></span> 
     </span>
    </p>
   </div>
   <div class='ocr_carea' id='block_1_24' title="bbox 1920 866 3493 948">
    <p class='ocr_par' dir='ltr' id='par_1_24' title="bbox 1920 866 3493 948">
     <span class='ocr_line' id='line_1_24' title="bbox 1920 866 3493 948; baseline 0.009 -29"><span class='ocrx_word' id='word_1_152' title='bbox 1920 866 2228 935; x_wconf 84' lang='lat' dir='ltr'><strong>superiores</strong></span> <span class='ocrx_word' id='word_1_153' title='bbox 2281 867 2482 936; x_wconf 83' lang='lat' dir='ltr'><strong>eﬂ‘ecti,</strong></span> <span class='ocrx_word' id='word_1_154' title='bbox 2538 883 2625 926; x_wconf 88' lang='lat' dir='ltr'><strong>res</strong></span> <span class='ocrx_word' id='word_1_155' title='bbox 2672 874 3143 942; x_wconf 84' lang='lat' dir='ltr'><strong>aggrediebantur,</strong></span> <span class='ocrx_word' id='word_1_156' title='bbox 3181 876 3340 931; x_wconf 91' lang='lat' dir='ltr'><strong>iidem</strong></span> <span class='ocrx_word' id='word_1_157' title='bbox 3390 878 3493 948; x_wconf 85' lang='lat' dir='ltr'><strong>ipsi</strong></span> 
     </span>
    </p>
   </div>
   <div class='ocr_carea' id='block_1_25' title="bbox 1921 961 3491 1039">
    <p class='ocr_par' dir='ltr' id='par_1_25' title="bbox 1921 961 3491 1039">
     <span class='ocr_line' id='line_1_25' title="bbox 1921 961 3491 1039; baseline 0.008 -29"><span class='ocrx_word' id='word_1_158' title='bbox 1921 966 2283 1023; x_wconf 78' lang='lat' dir='ltr'><strong>accusatores,</strong></span> <span class='ocrx_word' id='word_1_159' title='bbox 2317 970 2373 1015; x_wconf 90' lang='lat' dir='ltr'><strong>et</strong></span> <span class='ocrx_word' id='word_1_160' title='bbox 2392 961 2630 1030; x_wconf 90' lang='lat' dir='ltr'><strong>judices,</strong></span> <span class='ocrx_word' id='word_1_161' title='bbox 2657 974 2712 1018; x_wconf 91' lang='lat' dir='ltr'><strong>et</strong></span> <span class='ocrx_word' id='word_1_162' title='bbox 2744 966 3050 1032; x_wconf 78' lang='lat' dir='ltr'><strong>carniﬁces,</strong></span> <span class='ocrx_word' id='word_1_163' title='bbox 3074 978 3128 1022; x_wconf 89' lang='lat' dir='ltr'><strong>et</strong></span> <span class='ocrx_word' id='word_1_164' title='bbox 3154 969 3337 1023; x_wconf 87' lang='lat' dir='ltr'><strong>omnia</strong></span> <span class='ocrx_word' id='word_1_165' title='bbox 3370 985 3491 1039; x_wconf 70' lang='lat' dir='ltr'><strong>qua:</strong></span> 
     </span>
    </p>
   </div>
   <div class='ocr_carea' id='block_1_26' title="bbox 1921 1048 3495 1127">
    <p class='ocr_par' dir='ltr' id='par_1_26' title="bbox 1921 1048 3495 1127">
     <span class='ocr_line' id='line_1_26' title="bbox 1921 1048 3495 1127; baseline 0.01 -28"><span class='ocrx_word' id='word_1_166' title='bbox 1921 1048 2171 1103; x_wconf 89' lang='lat' dir='ltr'><strong>volebant</strong></span> <span class='ocrx_word' id='word_1_167' title='bbox 2203 1048 2552 1118; x_wconf 80' lang='lat' dir='ltr'><strong>exsistentes,</strong></span> <span class='ocrx_word' id='word_1_168' title='bbox 2602 1067 2725 1108; x_wconf 90' lang='lat' dir='ltr'><strong>cum</strong></span> <span class='ocrx_word' id='word_1_169' title='bbox 2757 1055 3133 1126; x_wconf 82' lang='lat' dir='ltr'><strong>episcoporum</strong></span> <span class='ocrx_word' id='word_1_170' title='bbox 3178 1058 3312 1114; x_wconf 90' lang='lat' dir='ltr'><strong>alios</strong></span> <span class='ocrx_word' id='word_1_171' title='bbox 3331 1057 3495 1127; x_wconf 88' lang='lat' dir='ltr'><strong>ejice-</strong></span> 
     </span>
    </p>
   </div>
   <div class='ocr_carea' id='block_1_27' title="bbox 1924 1140 3494 1215">
    <p class='ocr_par' dir='ltr' id='par_1_27' title="bbox 1924 1140 3494 1215">
     <span class='ocr_line' id='line_1_27' title="bbox 1924 1140 3494 1215; baseline 0.009 -22"><span class='ocrx_word' id='word_1_172' title='bbox 1924 1150 2067 1205; x_wconf 91' lang='lat' dir='ltr'><strong>rent,</strong></span> <span class='ocrx_word' id='word_1_173' title='bbox 2092 1140 2490 1197; x_wconf 72' lang='lat' dir='ltr'><strong>substituerent</strong></span> <span class='ocrx_word' id='word_1_174' title='bbox 2513 1143 2648 1199; x_wconf 88' lang='lat' dir='ltr'><strong>alios</strong></span> <span class='ocrx_word' id='word_1_175' title='bbox 2682 1144 2733 1200; x_wconf 92' lang='lat' dir='ltr'><strong>in</strong></span> <span class='ocrx_word' id='word_1_176' title='bbox 2767 1146 2979 1202; x_wconf 90' lang='lat' dir='ltr'><strong>illorum</strong></span> <span class='ocrx_word' id='word_1_177' title='bbox 3008 1148 3207 1215; x_wconf 92' lang='lat' dir='ltr'><strong>locum,</strong></span> <span class='ocrx_word' id='word_1_178' title='bbox 3252 1150 3387 1207; x_wconf 89' lang='lat' dir='ltr'><strong>alios</strong></span> <span class='ocrx_word' id='word_1_179' title='bbox 3438 1152 3494 1207; x_wconf 92' lang='lat' dir='ltr'><strong>iu</strong></span> 
     </span>
    </p>
   </div>
   <div class='ocr_carea' id='block_1_28' title="bbox 1921 1232 3494 1315">
    <p class='ocr_par' dir='ltr' id='par_1_28' title="bbox 1921 1232 3494 1315">
     <span class='ocr_line' id='line_1_28' title="bbox 1921 1232 3494 1315; baseline 0.01 -30"><span class='ocrx_word' id='word_1_180' title='bbox 1921 1232 2220 1302; x_wconf 89' lang='lat' dir='ltr'><strong>periculum</strong></span> <span class='ocrx_word' id='word_1_181' title='bbox 2273 1234 2400 1290; x_wconf 60' lang='lat' dir='ltr'><strong>vitae</strong></span> <span class='ocrx_word' id='word_1_182' title='bbox 2445 1236 2798 1306; x_wconf 85' lang='lat' dir='ltr'><strong>adducerent,</strong></span> <span class='ocrx_word' id='word_1_183' title='bbox 2855 1240 2955 1309; x_wconf 89' lang='lat' dir='ltr'><strong>ipsi</strong></span> <span class='ocrx_word' id='word_1_184' title='bbox 2984 1255 3113 1295; x_wconf 89' lang='lat' dir='ltr'><strong>vero</strong></span> <span class='ocrx_word' id='word_1_185' title='bbox 3148 1258 3337 1315; x_wconf 88' lang='lat' dir='ltr'><strong>magna</strong></span> <span class='ocrx_word' id='word_1_186' title='bbox 3372 1259 3494 1300; x_wconf 92' lang='lat' dir='ltr'><strong>cum</strong></span> 
     </span>
    </p>
   </div>
   <div class='ocr_carea' id='block_1_29' title="bbox 1918 1325 3494 1398">
    <p class='ocr_par' dir='ltr' id='par_1_29' title="bbox 1918 1325 3494 1398">
     <span class='ocr_line' id='line_1_29' title="bbox 1918 1325 3494 1398; baseline 0.01 -22"><span class='ocrx_word' id='word_1_187' title='bbox 1918 1332 2186 1395; x_wconf 83' lang='lat' dir='ltr'><strong>potestate</strong></span> <span class='ocrx_word' id='word_1_188' title='bbox 2218 1325 2362 1380; x_wconf 88' lang='lat' dir='ltr'><strong>inter</strong></span> <span class='ocrx_word' id='word_1_189' title='bbox 2388 1341 2449 1382; x_wconf 90' lang='lat' dir='ltr'><strong>se</strong></span> <span class='ocrx_word' id='word_1_190' title='bbox 2479 1329 2813 1398; x_wconf 89' lang='lat' dir='ltr'><strong>partirentur</strong></span> <span class='ocrx_word' id='word_1_191' title='bbox 2827 1332 3112 1387; x_wconf 86' lang='lat' dir='ltr'><strong>civitates:</strong></span> <span class='ocrx_word' id='word_1_192' title='bbox 3145 1343 3253 1388; x_wconf 88' lang='lat' dir='ltr'><strong>tum</strong></span> <span class='ocrx_word' id='word_1_193' title='bbox 3278 1336 3494 1392; x_wconf 82' lang='lat' dir='ltr'><strong>demum</strong></span> 
     </span>
    </p>
   </div>
   <div class='ocr_carea' id='block_1_30' title="bbox 1919 1415 3493 1500">
    <p class='ocr_par' dir='ltr' id='par_1_30' title="bbox 1919 1415 3493 1500">
     <span class='ocr_line' id='line_1_30' title="bbox 1919 1415 3493 1500; baseline 0.01 -32"><span class='ocrx_word' id='word_1_194' title='bbox 1919 1415 2137 1486; x_wconf 86' lang='lat' dir='ltr'><strong>quidam</strong></span> <span class='ocrx_word' id='word_1_195' title='bbox 2160 1429 2223 1471; x_wconf 86' lang='lat' dir='ltr'><strong>ex</strong></span> <span class='ocrx_word' id='word_1_196' title='bbox 2258 1416 2430 1488; x_wconf 66' lang='lat' dir='ltr'><strong>Syria:</strong></span> <span class='ocrx_word' id='word_1_197' title='bbox 2474 1419 2696 1478; x_wconf 88' lang='lat' dir='ltr'><strong>urbibus</strong></span> <span class='ocrx_word' id='word_1_198' title='bbox 2727 1422 2932 1493; x_wconf 91' lang='lat' dir='ltr'><strong>pulsus,</strong></span> <span class='ocrx_word' id='word_1_199' title='bbox 2970 1424 3493 1500; x_wconf 91' lang='lat' dir='ltr'><strong>Constantinopolim</strong></span> 
     </span>
    </p>
   </div>
   <div class='ocr_carea' id='block_1_31' title="bbox 1921 1507 3499 1588">
    <p class='ocr_par' dir='ltr' id='par_1_31' title="bbox 1921 1507 3499 1588">
     <span class='ocr_line' id='line_1_31' title="bbox 1921 1507 3499 1588; baseline 0.011 -29"><span class='ocrx_word' id='word_1_200' title='bbox 1921 1507 2074 1579; x_wconf 87' lang='lat' dir='ltr'><strong>quasi</strong></span> <span class='ocrx_word' id='word_1_201' title='bbox 2100 1508 2171 1563; x_wconf 93' lang='lat' dir='ltr'><strong>ob</strong></span> <span class='ocrx_word' id='word_1_202' title='bbox 2218 1510 2561 1581; x_wconf 83' lang='lat' dir='ltr'><strong>tyrannidem</strong></span> <span class='ocrx_word' id='word_1_203' title='bbox 2620 1515 2975 1570; x_wconf 84' lang='lat' dir='ltr'><strong>exercendam</strong></span> <span class='ocrx_word' id='word_1_204' title='bbox 3032 1520 3336 1588; x_wconf 82' lang='lat' dir='ltr'><strong>occupavit.</strong></span> <span class='ocrx_word' id='word_1_205' title='bbox 3399 1519 3499 1576; x_wconf 86' lang='lat' dir='ltr'><strong>llic</strong></span> 
     </span>
    </p>
   </div>
   <div class='ocr_carea' id='block_1_32' title="bbox 1919 1604 3495 1685">
    <p class='ocr_par' dir='ltr' id='par_1_32' title="bbox 1919 1604 3495 1685">
     <span class='ocr_line' id='line_1_32' title="bbox 1919 1604 3495 1685; baseline 0.008 -27"><span class='ocrx_word' id='word_1_206' title='bbox 1919 1611 2101 1658; x_wconf 87' lang='lat' dir='ltr'><strong>autem</strong></span> <span class='ocrx_word' id='word_1_207' title='bbox 2127 1605 2233 1658; x_wconf 90' lang='lat' dir='ltr'><strong>iste</strong></span> <span class='ocrx_word' id='word_1_208' title='bbox 2260 1604 2687 1676; x_wconf 78' lang='lat' dir='ltr'><strong>inexpugnabilis</strong></span> <span class='ocrx_word' id='word_1_209' title='bbox 2708 1617 2762 1663; x_wconf 90' lang='lat' dir='ltr'><strong>et</strong></span> <span class='ocrx_word' id='word_1_210' title='bbox 2783 1610 2961 1680; x_wconf 87' lang='lat' dir='ltr'><strong>gravis</strong></span> <span class='ocrx_word' id='word_1_211' title='bbox 2976 1623 3184 1677; x_wconf 86' lang='lat' dir='ltr'><strong>orator,</strong></span> <span class='ocrx_word' id='word_1_212' title='bbox 3218 1616 3495 1685; x_wconf 64' lang='lat' dir='ltr'><strong>praemium</strong></span> 
     </span>
    </p>
   </div>
   <div class='ocr_carea' id='block_1_33' title="bbox 1922 1694 3497 1776">
    <p class='ocr_par' dir='ltr' id='par_1_33' title="bbox 1922 1694 3497 1776">
     <span class='ocr_line' id='line_1_33' title="bbox 1922 1694 3497 1776; baseline 0.009 -28"><span class='ocrx_word' id='word_1_213' title='bbox 1922 1694 2217 1763; x_wconf 84' lang='lat' dir='ltr'><strong>impietatis</strong></span> <span class='ocrx_word' id='word_1_214' title='bbox 2262 1694 2521 1765; x_wconf 85' lang='lat' dir='ltr'><strong>Cyzicum</strong></span> <span class='ocrx_word' id='word_1_215' title='bbox 2579 1698 2805 1755; x_wconf 91' lang='lat' dir='ltr'><strong>retulit:</strong></span> <span class='ocrx_word' id='word_1_216' title='bbox 2844 1700 3145 1758; x_wconf 85' lang='lat' dir='ltr'><strong>Theosebio</strong></span> <span class='ocrx_word' id='word_1_217' title='bbox 3199 1720 3327 1761; x_wconf 87' lang='lat' dir='ltr'><strong>vero</strong></span> <span class='ocrx_word' id='word_1_218' title='bbox 3374 1716 3497 1776; x_wconf 74' lang='lat' dir='ltr'><strong>pOst</strong></span> 
     </span>
    </p>
   </div>
   <div class='ocr_carea' id='block_1_34' title="bbox 1918 1783 3496 1863">
    <p class='ocr_par' dir='ltr' id='par_1_34' title="bbox 1918 1783 3496 1863">
     <span class='ocr_line' id='line_1_34' title="bbox 1918 1783 3496 1863; baseline 0.01 -28"><span class='ocrx_word' id='word_1_219' title='bbox 1918 1783 2276 1837; x_wconf 84' lang='lat' dir='ltr'><strong>maximarum</strong></span> <span class='ocrx_word' id='word_1_220' title='bbox 2333 1784 2787 1855; x_wconf 82' lang='lat' dir='ltr'><strong>blasphemiarum</strong></span> <span class='ocrx_word' id='word_1_221' title='bbox 2838 1791 3309 1863; x_wconf 89' lang='lat' dir='ltr'><strong>redargutionem,</strong></span> <span class='ocrx_word' id='word_1_222' title='bbox 3362 1797 3496 1852; x_wconf 81' lang='lat' dir='ltr'><strong>Sar-</strong></span> 
     </span>
    </p>
   </div>
   <div class='ocr_carea' id='block_1_35' title="bbox 233 1869 1811 1958">
    <p class='ocr_par' dir='ltr' id='par_1_35' title="bbox 233 1876 1811 1950">
     <span class='ocr_line' id='line_1_35' title="bbox 233 1876 1811 1950; baseline 0.001 -21"><span class='ocrx_word' id='word_1_223' title='bbox 233 1877 502 1949; x_wconf 82' lang='grc' dir='ltr'>ηνέγκατο</span> <span class='ocrx_word' id='word_1_224' title='bbox 520 1893 533 1906; x_wconf 74' lang='grc'><strong><em>⁸</em></strong></span> <span class='ocrx_word' id='word_1_225' title='bbox 567 1876 837 1948; x_wconf 82' lang='grc' dir='ltr'>Θεοσεϐίῳ</span> <span class='ocrx_word' id='word_1_226' title='bbox 867 1876 925 1930; x_wconf 81' lang='grc' dir='ltr'>δὲ</span> <span class='ocrx_word' id='word_1_227' title='bbox 962 1876 1103 1949; x_wconf 86' lang='grc' dir='ltr'>μετὰ</span> <span class='ocrx_word' id='word_1_228' title='bbox 1131 1877 1259 1940; x_wconf 80' lang='grc' dir='ltr'>τοὺς</span> <span class='ocrx_word' id='word_1_229' title='bbox 1295 1877 1389 1930; x_wconf 78' lang='grc' dir='ltr'>ἐπὶ</span> <span class='ocrx_word' id='word_1_230' title='bbox 1418 1879 1539 1941; x_wconf 85' lang='grc' dir='ltr'>ταῖς</span> <span class='ocrx_word' id='word_1_231' title='bbox 1562 1878 1811 1950; x_wconf 75' lang='grc' dir='ltr'>ἀρρήτοις</span> 
     </span>
    </p>
   </div>
   <div class='ocr_carea' id='block_1_36' title="bbox 1918 1869 3498 1958">
    <p class='ocr_par' dir='ltr' id='par_1_36' title="bbox 1922 1874 3498 1958">
     <span class='ocr_line' id='line_1_36' title="bbox 1922 1874 3498 1958; baseline 0.006 -29"><span class='ocrx_word' id='word_1_232' title='bbox 1922 1874 2124 1931; x_wconf 83' lang='lat' dir='ltr'><strong>diensis</strong></span> <span class='ocrx_word' id='word_1_233' title='bbox 2160 1874 2400 1931; x_wconf 86' lang='lat' dir='ltr'><strong>Ecclesia</strong></span> <span class='ocrx_word' id='word_1_234' title='bbox 2436 1877 2716 1947; x_wconf 90' lang='lat' dir='ltr'><strong>propinata</strong></span> <span class='ocrx_word' id='word_1_235' title='bbox 2744 1890 2845 1936; x_wconf 86' lang='lat' dir='ltr'><strong>est.</strong></span> <span class='ocrx_word' id='word_1_236' title='bbox 2882 1879 3058 1937; x_wconf 88' lang='lat' dir='ltr'><strong>Taceo</strong></span> <span class='ocrx_word' id='word_1_237' title='bbox 3102 1892 3280 1939; x_wconf 88' lang='lat' dir='ltr'><strong>autem</strong></span> <span class='ocrx_word' id='word_1_238' title='bbox 3319 1884 3498 1958; x_wconf 81' lang='lat' dir='ltr'><strong>Bithy-</strong></span> 
     </span>
    </p>
   </div>
   <div class='ocr_carea' id='block_1_37' title="bbox 237 1966 1816 2041">
    <p class='ocr_par' dir='ltr' id='par_1_37' title="bbox 237 1966 1816 2041">
     <span class='ocr_line' id='line_1_37' title="bbox 237 1966 1816 2041; baseline 0.001 -20"><span class='ocrx_word' id='word_1_239' title='bbox 237 1968 608 2039; x_wconf 79' lang='grc' dir='ltr'>βλασφημίαις</span> <span class='ocrx_word' id='word_1_240' title='bbox 668 1968 924 2038; x_wconf 79' lang='grc' dir='ltr'>ἐλέγχους</span> <span class='ocrx_word' id='word_1_241' title='bbox 970 1970 1004 2041; x_wconf 80' lang='grc' dir='ltr'>ἡ</span> <span class='ocrx_word' id='word_1_242' title='bbox 1044 1968 1339 2038; x_wconf 84' lang='grc' dir='ltr'>Ἐκκλησία</span> <span class='ocrx_word' id='word_1_243' title='bbox 1384 1966 1632 2037; x_wconf 82' lang='grc' dir='ltr'>Σάρδεων</span> <span class='ocrx_word' id='word_1_244' title='bbox 1680 1986 1816 2041; x_wconf 89' lang='grc' dir='ltr'>προ-</span> 
     </span>
    </p>
   </div>
   <div class='ocr_carea' id='block_1_38' title="bbox 235 2059 1818 2131">
    <p class='ocr_par' dir='ltr' id='par_1_38' title="bbox 235 2059 1818 2131">
     <span class='ocr_line' id='line_1_38' title="bbox 235 2059 1818 2131; baseline 0 -17"><span class='ocrx_word' id='word_1_245' title='bbox 235 2061 430 2131; x_wconf 79' lang='grc' dir='ltr'>επόθη.</span> <span class='ocrx_word' id='word_1_246' title='bbox 472 2062 582 2115; x_wconf 76' lang='grc' dir='ltr'><strong>Καὶ</strong></span> <span class='ocrx_word' id='word_1_247' title='bbox 614 2060 801 2115; x_wconf 88' lang='grc' dir='ltr'>σιωπῶ</span> <span class='ocrx_word' id='word_1_248' title='bbox 847 2059 1126 2126; x_wconf 80' lang='grc' dir='ltr'>Βιθυνοὺς,</span> <span class='ocrx_word' id='word_1_249' title='bbox 1176 2060 1271 2114; x_wconf 75' lang='grc' dir='ltr'>καὶ</span> <span class='ocrx_word' id='word_1_250' title='bbox 1316 2060 1697 2129; x_wconf 85' lang='grc' dir='ltr'>Παφλαγόνας,</span> <span class='ocrx_word' id='word_1_251' title='bbox 1722 2061 1818 2115; x_wconf 80' lang='grc' dir='ltr'>καὶ</span> 
     </span>
    </p>
   </div>
   <div class='ocr_carea' id='block_1_39' title="bbox 235 2153 1817 2226">
    <p class='ocr_par' dir='ltr' id='par_1_39' title="bbox 235 2153 1817 2226">
     <span class='ocr_line' id='line_1_39' title="bbox 235 2153 1817 2226; baseline -0.001 -18"><span class='ocrx_word' id='word_1_252' title='bbox 235 2155 501 2219; x_wconf 85' lang='grc' dir='ltr'>Κίλικας,</span> <span class='ocrx_word' id='word_1_253' title='bbox 559 2155 653 2208; x_wconf 70' lang='grc' dir='ltr'>καὶ</span> <span class='ocrx_word' id='word_1_254' title='bbox 690 2156 897 2219; x_wconf 75' lang='grc' dir='ltr'>πάντας</span> <span class='ocrx_word' id='word_1_255' title='bbox 941 2156 1097 2218; x_wconf 82' lang='grc' dir='ltr'>ὅσους</span> <span class='ocrx_word' id='word_1_256' title='bbox 1148 2155 1206 2207; x_wconf 82' lang='grc' dir='ltr'><strong>ἐν</strong></span> <span class='ocrx_word' id='word_1_257' title='bbox 1258 2153 1443 2226; x_wconf 85' lang='grc' dir='ltr'>κύκλῳ</span> <span class='ocrx_word' id='word_1_258' title='bbox 1499 2153 1611 2226; x_wconf 76' lang='lat'><strong>(75)</strong></span> <span class='ocrx_word' id='word_1_259' title='bbox 1656 2156 1817 2226; x_wconf 85' lang='grc' dir='ltr'>φερό-</span> 
     </span>
    </p>
   </div>
   <div class='ocr_carea' id='block_1_40' title="bbox 240 2242 1815 2316">
    <p class='ocr_par' dir='ltr' id='par_1_40' title="bbox 240 2242 1815 2316">
     <span class='ocr_line' id='line_1_40' title="bbox 240 2242 1815 2316; baseline 0.002 -18"><span class='ocrx_word' id='word_1_260' title='bbox 240 2262 401 2315; x_wconf 85' lang='grc' dir='ltr'>μενον</span> <span class='ocrx_word' id='word_1_261' title='bbox 433 2244 493 2297; x_wconf 85' lang='grc' dir='ltr'>τὸ</span> <span class='ocrx_word' id='word_1_262' title='bbox 524 2246 690 2299; x_wconf 84' lang='grc' dir='ltr'>κακὸν</span> <span class='ocrx_word' id='word_1_263' title='bbox 723 2244 1062 2315; x_wconf 87' lang='grc' dir='ltr'>ἐπενείματο.</span> <span class='ocrx_word' id='word_1_264' title='bbox 1094 2244 1257 2310; x_wconf 88' lang='grc' dir='ltr'>Ποίας</span> <span class='ocrx_word' id='word_1_265' title='bbox 1290 2242 1383 2300; x_wconf 80' lang='grc' dir='ltr'>οὖν</span> <span class='ocrx_word' id='word_1_266' title='bbox 1416 2245 1706 2316; x_wconf 84' lang='grc' dir='ltr'>ἀπολογίας</span> <span class='ocrx_word' id='word_1_267' title='bbox 1734 2246 1815 2301; x_wconf 79' lang='grc' dir='ltr'><strong>ἔτι</strong></span> 
     </span>
    </p>
   </div>
   <div class='ocr_carea' id='block_1_41' title="bbox 236 2332 1817 2410">
    <p class='ocr_par' dir='ltr' id='par_1_41' title="bbox 236 2332 1817 2410">
     <span class='ocr_line' id='line_1_41' title="bbox 236 2332 1817 2410; baseline 0.001 -20"><span class='ocrx_word' id='word_1_268' title='bbox 236 2337 430 2409; x_wconf 81' lang='grc' dir='ltr'>καιρὸς</span> <span class='ocrx_word' id='word_1_269' title='bbox 473 2333 543 2408; x_wconf 81' lang='grc' dir='ltr'>ἦν</span> <span class='ocrx_word' id='word_1_270' title='bbox 590 2337 743 2403; x_wconf 88' lang='grc' dir='ltr'>τότε;</span> <span class='ocrx_word' id='word_1_271' title='bbox 786 2336 945 2403; x_wconf 83' lang='grc' dir='ltr'>Ἀλλ’,</span> <span class='ocrx_word' id='word_1_272' title='bbox 988 2332 1161 2407; x_wconf 77' lang='grc' dir='ltr'>οἶμαι,</span> <span class='ocrx_word' id='word_1_273' title='bbox 1209 2337 1329 2391; x_wconf 86' lang='grc' dir='ltr'><strong>ούδέ</strong></span> <span class='ocrx_word' id='word_1_274' title='bbox 1381 2338 1686 2410; x_wconf 83' lang='grc' dir='ltr'>βουλομένῳ</span> <span class='ocrx_word' id='word_1_275' title='bbox 1726 2340 1817 2393; x_wconf 87' lang='grc' dir='ltr'>δυ-</span> 
     </span>
    </p>
   </div>
   <div class='ocr_carea' id='block_1_42' title="bbox 234 2428 1815 2501">
    <p class='ocr_par' dir='ltr' id='par_1_42' title="bbox 234 2428 1815 2501">
     <span class='ocr_line' id='line_1_42' title="bbox 234 2428 1815 2501; baseline 0 -18"><span class='ocrx_word' id='word_1_276' title='bbox 234 2429 399 2483; x_wconf 87' lang='grc' dir='ltr'>νατὸν</span> <span class='ocrx_word' id='word_1_277' title='bbox 436 2429 755 2499; x_wconf 75' lang='grc' dir='ltr'>ψεύσασθαι.</span> <span class='ocrx_word' id='word_1_278' title='bbox 785 2429 947 2481; x_wconf 85' lang='grc' dir='ltr'>Ὥστε</span> <span class='ocrx_word' id='word_1_279' title='bbox 976 2429 1175 2491; x_wconf 82' lang='grc' dir='ltr'>παντὸς</span> <span class='ocrx_word' id='word_1_280' title='bbox 1216 2428 1601 2501; x_wconf 81' lang='grc' dir='ltr'>ἀληθέστερον,</span> <span class='ocrx_word' id='word_1_281' title='bbox 1641 2430 1722 2483; x_wconf 86' lang='grc' dir='ltr'>ὅτι</span> <span class='ocrx_word' id='word_1_282' title='bbox 1754 2429 1815 2483; x_wconf 84' lang='grc' dir='ltr'>τὸ</span> 
     </span>
    </p>
   </div>
   <div class='ocr_carea' id='block_1_43' title="bbox 240 2518 1813 2594">
    <p class='ocr_par' dir='ltr' id='par_1_43' title="bbox 240 2518 1813 2594">
     <span class='ocr_line' id='line_1_43' title="bbox 240 2518 1813 2594; baseline -0.015 1"><span class='ocrx_word' id='word_1_283' title='bbox 240 2522 427 2594; x_wconf 80' lang='grc' dir='ltr'>σχῆμα</span> <span class='ocrx_word' id='word_1_284' title='bbox 464 2520 556 2574; x_wconf 75' lang='grc' dir='ltr'><strong>τοῦ</strong></span> <span class='ocrx_word' id='word_1_285' title='bbox 601 2520 757 2588; x_wconf 84' lang='grc' dir='ltr'>λόγου</span> <span class='ocrx_word' id='word_1_286' title='bbox 806 2518 1105 2591; x_wconf 75' lang='grc' dir='ltr'>μηχάνημα</span> <span class='ocrx_word' id='word_1_287' title='bbox 1154 2519 1302 2591; x_wconf 82' lang='grc' dir='ltr'>αύτῷ</span> <span class='ocrx_word' id='word_1_288' title='bbox 1350 2520 1485 2591; x_wconf 83' lang='grc' dir='ltr'>πρὸς</span> <span class='ocrx_word' id='word_1_289' title='bbox 1533 2521 1633 2592; x_wconf 85' lang='grc' dir='ltr'>τὴν</span> <span class='ocrx_word' id='word_1_290' title='bbox 1667 2519 1813 2575; x_wconf 86' lang='grc' dir='ltr'>ἀπά-</span> 
     </span>
    </p>
   </div>
   <div class='ocr_carea' id='block_1_44' title="bbox 236 2611 1812 2686">
    <p class='ocr_par' dir='ltr' id='par_1_44' title="bbox 236 2611 1812 2686">
     <span class='ocr_line' id='line_1_44' title="bbox 236 2611 1812 2686; baseline -0.002 -18"><span class='ocrx_word' id='word_1_291' title='bbox 236 2632 340 2686; x_wconf 85' lang='grc' dir='ltr'><strong>την</strong></span> <span class='ocrx_word' id='word_1_292' title='bbox 371 2614 482 2685; x_wconf 86' lang='grc'>(76)</span> <span class='ocrx_word' id='word_1_293' title='bbox 521 2614 689 2668; x_wconf 86' lang='grc' dir='ltr'>ἐστίν.</span> <span class='ocrx_word' id='word_1_294' title='bbox 726 2613 836 2665; x_wconf 73' lang='grc' dir='ltr'><strong>Καὶ</strong></span> <span class='ocrx_word' id='word_1_295' title='bbox 868 2611 1041 2665; x_wconf 79' lang='grc' dir='ltr'>ταῦτα</span> <span class='ocrx_word' id='word_1_296' title='bbox 1078 2611 1177 2681; x_wconf 82' lang='grc' dir='ltr'>μὲν</span> <span class='ocrx_word' id='word_1_297' title='bbox 1212 2614 1291 2676; x_wconf 84' lang='grc' dir='ltr'>εἰς</span> <span class='ocrx_word' id='word_1_298' title='bbox 1322 2612 1592 2666; x_wconf 76' lang='grc' dir='ltr'>τοσοῦτον.</span> <span class='ocrx_word' id='word_1_299' title='bbox 1632 2614 1691 2667; x_wconf 90' lang='lat'>&#39;0</span> <span class='ocrx_word' id='word_1_300' title='bbox 1734 2612 1812 2677; x_wconf 88' lang='grc' dir='ltr'>δὲ,</span> 
     </span>
    </p>
   </div>
   <div class='ocr_carea' id='block_1_45' title="bbox 244 2699 1814 2779">
    <p class='ocr_par' dir='ltr' id='par_1_45' title="bbox 244 2699 1814 2779">
     <span class='ocr_line' id='line_1_45' title="bbox 244 2699 1814 2779; baseline -0.002 -18"><span class='ocrx_word' id='word_1_301' title='bbox 244 2707 438 2779; x_wconf 77' lang='grc' dir='ltr'>μικρὸν</span> <span class='ocrx_word' id='word_1_302' title='bbox 479 2704 773 2778; x_wconf 86' lang='grc' dir='ltr'>προελθὼν,</span> <span class='ocrx_word' id='word_1_303' title='bbox 818 2703 1089 2773; x_wconf 73' lang='grc' dir='ltr'>σκέψασθε</span> <span class='ocrx_word' id='word_1_304' title='bbox 1130 2699 1218 2757; x_wconf 79' lang='grc' dir='ltr'>οἷα</span> <span class='ocrx_word' id='word_1_305' title='bbox 1263 2705 1483 2774; x_wconf 61' lang='grc' dir='ltr'>γράφει.</span> <span class='ocrx_word' id='word_1_306' title='bbox 1530 2704 1663 2758; x_wconf 60' lang='lat' dir='ltr'><strong>osse</strong></span> <span class='ocrx_word' id='word_1_307' title='bbox 1705 2705 1814 2778; x_wconf 83' lang='grc' dir='ltr'><strong>γὰρ</strong></span> 
     </span>
    </p>
   </div>
   <div class='ocr_carea' id='block_1_46' title="bbox 237 2795 1814 2871">
    <p class='ocr_par' dir='ltr' id='par_1_46' title="bbox 237 2795 1814 2871">
     <span class='ocr_line' id='line_1_46' title="bbox 237 2795 1814 2871; baseline -0.003 -16"><span class='ocrx_word' id='word_1_308' title='bbox 237 2798 511 2871; x_wconf 76' lang='grc' dir='ltr'>ἄχρηστον</span> <span class='ocrx_word' id='word_1_309' title='bbox 543 2798 674 2861; x_wconf 76' lang='grc' dir='ltr'>ἴσως</span> <span class='ocrx_word' id='word_1_310' title='bbox 705 2797 811 2867; x_wconf 82' lang='grc' dir='ltr'>πρὸ</span> <span class='ocrx_word' id='word_1_311' title='bbox 837 2795 946 2849; x_wconf 83' lang='grc' dir='ltr'><strong>τῶν</strong></span> <span class='ocrx_word' id='word_1_312' title='bbox 979 2796 1219 2867; x_wconf 76' lang='grc' dir='ltr'>ἐλέγχων</span> <span class='ocrx_word' id='word_1_313' title='bbox 1246 2796 1347 2868; x_wconf 81' lang='grc' dir='ltr'>τῆς</span> <span class='ocrx_word' id='word_1_314' title='bbox 1379 2796 1632 2861; x_wconf 88' lang='grc' dir='ltr'>ἀσεϐείας</span> <span class='ocrx_word' id='word_1_315' title='bbox 1660 2797 1814 2867; x_wconf 83' lang='grc' dir='ltr'>ὀλίγα</span> 
     </span>
    </p>
   </div>
   <div class='ocr_carea' id='block_1_47' title="bbox 239 2889 1320 2963">
    <p class='ocr_par' dir='ltr' id='par_1_47' title="bbox 239 2889 1320 2963">
     <span class='ocr_line' id='line_1_47' title="bbox 239 2889 1320 2963; baseline -0.002 -17"><span class='ocrx_word' id='word_1_316' title='bbox 239 2892 335 2946; x_wconf 74' lang='grc' dir='ltr'>τοῦ</span> <span class='ocrx_word' id='word_1_317' title='bbox 366 2891 494 2963; x_wconf 72' lang='grc' dir='ltr'>περ).</span> <span class='ocrx_word' id='word_1_318' title='bbox 522 2890 682 2943; x_wconf 79' lang='grc' dir='ltr'>αὑτὸν</span> <span class='ocrx_word' id='word_1_319' title='bbox 705 2889 876 2959; x_wconf 82' lang='grc' dir='ltr'>τύφου</span> <span class='ocrx_word' id='word_1_320' title='bbox 907 2889 1320 2960; x_wconf 84' lang='grc' dir='ltr'>παραδηλῶσαι.</span> 
     </span>
    </p>
   </div>
   <div class='ocr_carea' id='block_1_48' title="bbox 310 2982 1811 3055">
    <p class='ocr_par' dir='ltr' id='par_1_48' title="bbox 310 2982 1811 3055">
     <span class='ocr_line' id='line_1_48' title="bbox 310 2982 1811 3055; baseline -0.003 -16"><span class='ocrx_word' id='word_1_321' title='bbox 310 2984 365 3039; x_wconf 79' lang='grc'>5.</span> <span class='ocrx_word' id='word_1_322' title='bbox 402 2984 561 3037; x_wconf 84' lang='grc' dir='ltr'>ΕΥΝ.</span> <span class='ocrx_word' id='word_1_323' title='bbox 590 2982 853 3054; x_wconf 80' lang='grc' dir='ltr'>Αίτούμαι</span> <span class='ocrx_word' id='word_1_324' title='bbox 885 2983 942 3036; x_wconf 79' lang='grc' dir='ltr'>δὲ</span> <span class='ocrx_word' id='word_1_325' title='bbox 971 2983 1077 3053; x_wconf 84' lang='grc' dir='ltr'>πρὸ</span> <span class='ocrx_word' id='word_1_326' title='bbox 1128 2985 1340 3037; x_wconf 83' lang='grc' dir='ltr'>πάντων</span> <span class='ocrx_word' id='word_1_327' title='bbox 1386 2985 1552 3055; x_wconf 78' lang='grc' dir='ltr'>ὑμᾶς,</span> <span class='ocrx_word' id='word_1_328' title='bbox 1596 2983 1722 3046; x_wconf 85' lang='grc' dir='ltr'>τούς</span> <span class='ocrx_word' id='word_1_329' title='bbox 1752 3000 1811 3036; x_wconf 91' lang='grc' dir='ltr'><strong>τε</strong></span> 
     </span>
    </p>
   </div>
   <div class='ocr_carea' id='block_1_49' title="bbox 242 3068 1811 3141">
    <p class='ocr_par' dir='ltr' id='par_1_49' title="bbox 242 3068 1811 3141">
     <span class='ocr_line' id='line_1_49' title="bbox 242 3068 1811 3141; baseline -0.003 -16"><span class='ocrx_word' id='word_1_330' title='bbox 242 3071 339 3125; x_wconf 81' lang='grc' dir='ltr'>νῦν</span> <span class='ocrx_word' id='word_1_331' title='bbox 377 3069 773 3141; x_wconf 79' lang='grc' dir='ltr'>ἀκουσομένους</span> <span class='ocrx_word' id='word_1_332' title='bbox 812 3070 905 3122; x_wconf 74' lang='grc' dir='ltr'>καὶ</span> <span class='ocrx_word' id='word_1_333' title='bbox 942 3070 1068 3133; x_wconf 83' lang='grc' dir='ltr'>τοὺς</span> <span class='ocrx_word' id='word_1_334' title='bbox 1100 3071 1179 3133; x_wconf 84' lang='grc' dir='ltr'><strong>είς</strong></span> <span class='ocrx_word' id='word_1_335' title='bbox 1224 3068 1448 3141; x_wconf 78' lang='grc' dir='ltr'>ὕστερον</span> <span class='ocrx_word' id='word_1_336' title='bbox 1491 3068 1811 3140; x_wconf 80' lang='grc' dir='ltr'>ἐντευξομέ-</span> 
     </span>
    </p>
   </div>
   <div class='ocr_carea' id='block_1_50' title="bbox 239 3160 1814 3237">
    <p class='ocr_par' dir='ltr' id='par_1_50' title="bbox 239 3160 1814 3237">
     <span class='ocr_line' id='line_1_50' title="bbox 239 3160 1814 3237; baseline -0.003 -19"><span class='ocrx_word' id='word_1_337' title='bbox 239 3180 387 3228; x_wconf 89' lang='grc' dir='ltr'>νους,</span> <span class='ocrx_word' id='word_1_338' title='bbox 419 3163 494 3235; x_wconf 86' lang='grc' dir='ltr'>μὴ</span> <span class='ocrx_word' id='word_1_339' title='bbox 522 3162 598 3235; x_wconf 83' lang='grc' dir='ltr'>τῷ</span> <span class='ocrx_word' id='word_1_340' title='bbox 632 3164 824 3235; x_wconf 85' lang='grc' dir='ltr'>πλήθει</span> <span class='ocrx_word' id='word_1_341' title='bbox 861 3164 1152 3237; x_wconf 82' lang='grc' dir='ltr'>διακρίνειν</span> <span class='ocrx_word' id='word_1_342' title='bbox 1178 3163 1382 3216; x_wconf 84' lang='grc' dir='ltr'>ἐθέλειν</span> <span class='ocrx_word' id='word_1_343' title='bbox 1415 3162 1515 3232; x_wconf 81' lang='grc' dir='ltr'>τῆς</span> <span class='ocrx_word' id='word_1_344' title='bbox 1557 3160 1814 3232; x_wconf 83' lang='grc' dir='ltr'>ἀληθείας</span> 
     </span>
    </p>
   </div>
   <div class='ocr_carea' id='block_1_51' title="bbox 238 3237 1881 3333">
    <p class='ocr_par' dir='ltr' id='par_1_51' title="bbox 238 3237 1881 3333">
     <span class='ocr_line' id='line_1_51' title="bbox 238 3237 1881 3333; baseline 0 -26"><span class='ocrx_word' id='word_1_345' title='bbox 238 3253 302 3307; x_wconf 78' lang='grc' dir='ltr'>τὸ</span> <span class='ocrx_word' id='word_1_346' title='bbox 322 3252 534 3333; x_wconf 72' lang='grc' dir='ltr'>ψεῦδος,</span> <span class='ocrx_word' id='word_1_347' title='bbox 575 3256 641 3325; x_wconf 82' lang='grc' dir='ltr'>τῇ</span> <span class='ocrx_word' id='word_1_348' title='bbox 688 3254 890 3310; x_wconf 86' lang='grc' dir='ltr'>πλείονι</span> <span class='ocrx_word' id='word_1_349' title='bbox 938 3256 1103 3328; x_wconf 77' lang='grc' dir='ltr'>μοίρᾳ</span> <span class='ocrx_word' id='word_1_350' title='bbox 1129 3254 1190 3308; x_wconf 83' lang='grc' dir='ltr'>τὸ</span> <span class='ocrx_word' id='word_1_351' title='bbox 1235 3258 1481 3326; x_wconf 85' lang='grc' dir='ltr'>κρεῖττον</span> <span class='ocrx_word' id='word_1_352' title='bbox 1517 3253 1814 3307; x_wconf 82' lang='grc' dir='ltr'>συνάπτον·</span> <span class='ocrx_word' id='word_1_353' title='bbox 1840 3237 1881 3296; x_wconf 77' lang='lat' dir='ltr'><strong>C</strong></span> 
     </span>
    </p>
   </div>
   <div class='ocr_carea' id='block_1_52' title="bbox 310 3432 1805 3503">
    <p class='ocr_par' dir='ltr' id='par_1_52' title="bbox 310 3432 1805 3503">
     <span class='ocr_line' id='line_1_52' title="bbox 310 3432 1805 3503; baseline 0.003 -19"><span class='ocrx_word' id='word_1_354' title='bbox 310 3432 426 3502; x_wconf 81' lang='lat'><strong>(7|)</strong></span> <span class='ocrx_word' id='word_1_355' title='bbox 464 3432 761 3488; x_wconf 83' lang='lat' dir='ltr'><strong>Concilium</strong></span> <span class='ocrx_word' id='word_1_356' title='bbox 801 3435 931 3489; x_wconf 87' lang='lat' dir='ltr'><strong>illud</strong></span> <span class='ocrx_word' id='word_1_357' title='bbox 963 3435 1114 3503; x_wconf 87' lang='lat' dir='ltr'><strong>cujus</strong></span> <span class='ocrx_word' id='word_1_358' title='bbox 1148 3437 1251 3492; x_wconf 90' lang='lat' dir='ltr'><strong>hoc</strong></span> <span class='ocrx_word' id='word_1_359' title='bbox 1292 3435 1409 3489; x_wconf 76' lang='lat' dir='ltr'><strong>loco</strong></span> <span class='ocrx_word' id='word_1_360' title='bbox 1466 3440 1523 3490; x_wconf 89' lang='lat' dir='ltr'><strong>lit</strong></span> <span class='ocrx_word' id='word_1_361' title='bbox 1579 3437 1805 3501; x_wconf 87' lang='lat' dir='ltr'><strong>mentio,</strong></span> 
     </span>
    </p>
   </div>
   <div class='ocr_carea' id='block_1_53' title="bbox 240 3503 1809 3571">
    <p class='ocr_par' dir='ltr' id='par_1_53' title="bbox 240 3503 1809 3571">
     <span class='ocr_line' id='line_1_53' title="bbox 240 3503 1809 3571; baseline 0.001 -12"><span class='ocrx_word' id='word_1_362' title='bbox 240 3504 487 3559; x_wconf 85' lang='lat' dir='ltr'><strong>habitum</strong></span> <span class='ocrx_word' id='word_1_363' title='bbox 521 3503 626 3557; x_wconf 81' lang='lat' dir='ltr'><strong>fuit</strong></span> <span class='ocrx_word' id='word_1_364' title='bbox 660 3504 1122 3571; x_wconf 83' lang='lat' dir='ltr'><strong>Constantinopoli</strong></span> <span class='ocrx_word' id='word_1_365' title='bbox 1154 3523 1295 3561; x_wconf 89' lang='lat' dir='ltr'><strong>anno</strong></span> <span class='ocrx_word' id='word_1_366' title='bbox 1325 3506 1451 3561; x_wconf 78' lang='lat'><strong>560.</strong></span> <span class='ocrx_word' id='word_1_367' title='bbox 1490 3507 1563 3562; x_wconf 90' lang='lat' dir='ltr'><strong>De</strong></span> <span class='ocrx_word' id='word_1_368' title='bbox 1602 3522 1667 3561; x_wconf 92' lang='lat' dir='ltr'><strong>eo</strong></span> <span class='ocrx_word' id='word_1_369' title='bbox 1711 3522 1809 3560; x_wconf 90' lang='lat' dir='ltr'><strong>au-</strong></span> 
     </span>
    </p>
   </div>
   <div class='ocr_carea' id='block_1_54' title="bbox 241 3574 1807 3645">
    <p class='ocr_par' dir='ltr' id='par_1_54' title="bbox 241 3574 1807 3645">
     <span class='ocr_line' id='line_1_54' title="bbox 241 3574 1807 3645; baseline 0.001 -17"><span class='ocrx_word' id='word_1_370' title='bbox 241 3583 351 3628; x_wconf 88' lang='lat' dir='ltr'><strong>tem</strong></span> <span class='ocrx_word' id='word_1_371' title='bbox 380 3574 512 3628; x_wconf 80' lang='lat' dir='ltr'><strong>nihil</strong></span> <span class='ocrx_word' id='word_1_372' title='bbox 536 3574 728 3629; x_wconf 85' lang='lat' dir='ltr'><strong>attinet</strong></span> <span class='ocrx_word' id='word_1_373' title='bbox 755 3575 955 3640; x_wconf 87' lang='lat' dir='ltr'><strong>dicere,</strong></span> <span class='ocrx_word' id='word_1_374' title='bbox 986 3592 1107 3629; x_wconf 88' lang='lat' dir='ltr'><strong>cum</strong></span> <span class='ocrx_word' id='word_1_375' title='bbox 1149 3577 1308 3645; x_wconf 90' lang='lat' dir='ltr'><strong>quale</strong></span> <span class='ocrx_word' id='word_1_376' title='bbox 1331 3578 1516 3639; x_wconf 82' lang='lat' dir='ltr'><strong>fuerit,</strong></span> <span class='ocrx_word' id='word_1_377' title='bbox 1552 3576 1684 3631; x_wconf 83' lang='lat' dir='ltr'><strong>satis</strong></span> <span class='ocrx_word' id='word_1_378' title='bbox 1713 3592 1807 3633; x_wconf 84' lang='lat' dir='ltr'><strong>su-</strong></span> 
     </span>
    </p>
   </div>
   <div class='ocr_carea' id='block_1_55' title="bbox 240 3644 1851 3716">
    <p class='ocr_par' dir='ltr' id='par_1_55' title="bbox 240 3644 1851 3716">
     <span class='ocr_line' id='line_1_55' title="bbox 240 3644 1851 3716; baseline 0.001 -19"><span class='ocrx_word' id='word_1_379' title='bbox 240 3658 446 3714; x_wconf 85' lang='lat' dir='ltr'><strong>perque</strong></span> <span class='ocrx_word' id='word_1_380' title='bbox 474 3660 536 3698; x_wconf 86' lang='lat' dir='ltr'><strong>ex</strong></span> <span class='ocrx_word' id='word_1_381' title='bbox 562 3644 741 3701; x_wconf 86' lang='lat' dir='ltr'><strong>verbis</strong></span> <span class='ocrx_word' id='word_1_382' title='bbox 764 3645 941 3699; x_wconf 87' lang='lat' dir='ltr'><strong>Basilii</strong></span> <span class='ocrx_word' id='word_1_383' title='bbox 974 3644 1177 3716; x_wconf 78' lang='lat' dir='ltr'><strong>colligi</strong></span> <span class='ocrx_word' id='word_1_384' title='bbox 1191 3649 1380 3716; x_wconf 89' lang='lat' dir='ltr'><strong>possit.</strong></span> <span class='ocrx_word' id='word_1_385' title='bbox 1438 3647 1567 3715; x_wconf 85' lang='lat' dir='ltr'><strong>Ejus</strong></span> <span class='ocrx_word' id='word_1_386' title='bbox 1619 3648 1809 3700; x_wconf 91' lang='lat' dir='ltr'><strong>memi-</strong></span> <span class='ocrx_word' id='word_1_387' title='bbox 1847 3684 1851 3688; x_wconf 89' lang='grc'><strong>-</strong></span> 
     </span>
    </p>
   </div>
   <div class='ocr_carea' id='block_1_56' title="bbox 239 3716 1807 3786">
    <p class='ocr_par' dir='ltr' id='par_1_56' title="bbox 239 3716 1807 3786">
     <span class='ocr_line' id='line_1_56' title="bbox 239 3716 1807 3786; baseline 0.004 -20"><span class='ocrx_word' id='word_1_388' title='bbox 239 3730 370 3786; x_wconf 68' lang='lat' dir='ltr'><strong>nere</strong></span> <span class='ocrx_word' id='word_1_389' title='bbox 399 3716 549 3786; x_wconf 84' lang='lat' dir='ltr'><strong>multi</strong></span> <span class='ocrx_word' id='word_1_390' title='bbox 575 3730 874 3786; x_wconf 73' lang='lat' dir='ltr'><strong>gravesque</strong></span> <span class='ocrx_word' id='word_1_391' title='bbox 898 3724 1163 3784; x_wconf 83' lang='lat' dir='ltr'><strong>auctores,</strong></span> <span class='ocrx_word' id='word_1_392' title='bbox 1199 3716 1428 3786; x_wconf 77' lang='lat' dir='ltr'><strong>Basilius</strong></span> <span class='ocrx_word' id='word_1_393' title='bbox 1456 3718 1570 3786; x_wconf 89' lang='lat' dir='ltr'><strong>ipse</strong></span> <span class='ocrx_word' id='word_1_394' title='bbox 1605 3716 1661 3769; x_wconf 88' lang='lat' dir='ltr'><strong>in</strong></span> <span class='ocrx_word' id='word_1_395' title='bbox 1694 3717 1807 3773; x_wconf 85' lang='lat' dir='ltr'><strong>suis</strong></span> 
     </span>
    </p>
   </div>
   <div class='ocr_carea' id='block_1_57' title="bbox 242 3774 1804 3855">
    <p class='ocr_par' dir='ltr' id='par_1_57' title="bbox 242 3774 1804 3855">
     <span class='ocr_line' id='line_1_57' title="bbox 242 3774 1804 3855; baseline 0.001 -20"><span class='ocrx_word' id='word_1_396' title='bbox 242 3783 516 3855; x_wconf 82' lang='lat' dir='ltr'><strong>Epistolis,</strong></span> <span class='ocrx_word' id='word_1_397' title='bbox 571 3774 824 3855; x_wconf 70' lang='lat' dir='ltr'><strong>Socrates</strong></span> <span class='ocrx_word' id='word_1_398' title='bbox 878 3786 969 3843; x_wconf 87' lang='lat' dir='ltr'><strong>lib.</strong></span> <span class='ocrx_word' id='word_1_399' title='bbox 1022 3801 1082 3851; x_wconf 88' lang='lat' dir='ltr'><strong>It,</strong></span> <span class='ocrx_word' id='word_1_400' title='bbox 1133 3774 1254 3855; x_wconf 77' lang='lat' dir='ltr'><strong>cap.</strong></span> <span class='ocrx_word' id='word_1_401' title='bbox 1292 3774 1384 3847; x_wconf 71' lang='grc'><strong>41.</strong></span> <span class='ocrx_word' id='word_1_402' title='bbox 1440 3774 1564 3841; x_wconf 70' lang='grc' dir='ltr'><strong>εἰη.</strong></span> <span class='ocrx_word' id='word_1_403' title='bbox 1601 3786 1695 3842; x_wconf 90' lang='lat' dir='ltr'><strong>lib.</strong></span> <span class='ocrx_word' id='word_1_404' title='bbox 1730 3801 1804 3851; x_wconf 83' lang='lat' dir='ltr'><strong>iv,</strong></span> 
     </span>
    </p>
   </div>
   <div class='ocr_carea' id='block_1_58' title="bbox 240 3854 1803 3928">
    <p class='ocr_par' dir='ltr' id='par_1_58' title="bbox 240 3854 1803 3928">
     <span class='ocr_line' id='line_1_58' title="bbox 240 3854 1803 3928; baseline 0.003 -24"><span class='ocrx_word' id='word_1_405' title='bbox 240 3867 365 3928; x_wconf 78' lang='lat' dir='ltr'><strong>cap.</strong></span> <span class='ocrx_word' id='word_1_406' title='bbox 384 3854 469 3928; x_wconf 46' lang='lat'><strong>)3</strong></span> <span class='ocrx_word' id='word_1_407' title='bbox 494 3862 548 3928; x_wconf 89' lang='lat' dir='ltr'><strong>e_t</strong></span> <span class='ocrx_word' id='word_1_408' title='bbox 576 3854 669 3928; x_wconf 68' lang='grc'><strong>24,</strong></span> <span class='ocrx_word' id='word_1_409' title='bbox 696 3865 803 3928; x_wconf 84' lang='lat' dir='ltr'><strong>etc.</strong></span> <span class='ocrx_word' id='word_1_410' title='bbox 830 3855 954 3928; x_wconf 1' lang='lat' dir='ltr'><strong>(Mox</strong></span> <span class='ocrx_word' id='word_1_411' title='bbox 982 3872 1111 3928; x_wconf 85' lang='lat' dir='ltr'><strong>mss.</strong></span> <span class='ocrx_word' id='word_1_412' title='bbox 1142 3858 1347 3924; x_wconf 84' lang='lat' dir='ltr'><strong>aliquot</strong></span> <span class='ocrx_word' id='word_1_413' title='bbox 1366 3857 1699 3928; x_wconf 80' lang='grc' dir='ltr'>δυναμένους</span> <span class='ocrx_word' id='word_1_414' title='bbox 1734 3856 1803 3928; x_wconf 64' lang='grc' dir='ltr'>διξ</span> 
     </span>
    </p>
   </div>
   <div class='ocr_carea' id='block_1_59' title="bbox 239 3922 1805 4000">
    <p class='ocr_par' dir='ltr' id='par_1_59' title="bbox 239 3922 1805 4000">
     <span class='ocr_line' id='line_1_59' title="bbox 239 3922 1805 4000; baseline 0.003 -25"><span class='ocrx_word' id='word_1_415' title='bbox 239 3922 471 4000; x_wconf 76' lang='grc' dir='ltr'>ἑαυτῶν.</span> <span class='ocrx_word' id='word_1_416' title='bbox 504 3924 742 4000; x_wconf 73' lang='lat' dir='ltr'><strong>Subinde</strong></span> <span class='ocrx_word' id='word_1_417' title='bbox 774 3926 905 3981; x_wconf 90' lang='lat' dir='ltr'><strong>cditi</strong></span> <span class='ocrx_word' id='word_1_418' title='bbox 956 3926 1110 3981; x_wconf 73' lang='grc' dir='ltr'>αὐτοὶ</span> <span class='ocrx_word' id='word_1_419' title='bbox 1154 3922 1267 3982; x_wconf 85' lang='grc' dir='ltr'>καί.</span> <span class='ocrx_word' id='word_1_420' title='bbox 1310 3930 1380 3984; x_wconf 84' lang='lat' dir='ltr'><strong>At.</strong></span> <span class='ocrx_word' id='word_1_421' title='bbox 1414 3922 1675 4000; x_wconf 73' lang='lat' dir='ltr'><strong>particula</strong></span> <span class='ocrx_word' id='word_1_422' title='bbox 1710 3926 1805 3981; x_wconf 87' lang='grc' dir='ltr'><strong>καί</strong></span> 
     </span>
    </p>
   </div>
   <div class='ocr_carea' id='block_1_60' title="bbox 240 3994 862 4051">
    <p class='ocr_par' dir='ltr' id='par_1_60' title="bbox 240 3994 862 4051">
     <span class='ocr_line' id='line_1_60' title="bbox 240 3994 862 4051; baseline 0.006 -4"><span class='ocrx_word' id='word_1_423' title='bbox 240 3996 395 4047; x_wconf 88' lang='lat' dir='ltr'><strong>deest</strong></span> <span class='ocrx_word' id='word_1_424' title='bbox 423 3996 473 4046; x_wconf 90' lang='lat' dir='ltr'><strong>in</strong></span> <span class='ocrx_word' id='word_1_425' title='bbox 509 3994 690 4050; x_wconf 90' lang='lat' dir='ltr'><strong>multis</strong></span> <span class='ocrx_word' id='word_1_426' title='bbox 730 4012 862 4051; x_wconf 88' lang='lat' dir='ltr'><strong>mss.</strong></span> 
     </span>
    </p>
   </div>
   <div class='ocr_carea' id='block_1_61' title="bbox 316 4063 1806 4142">
    <p class='ocr_par' dir='ltr' id='par_1_61' title="bbox 316 4063 1806 4142">
     <span class='ocr_line' id='line_1_61' title="bbox 316 4063 1806 4142; baseline 0.007 -27"><span class='ocrx_word' id='word_1_427' title='bbox 316 4064 427 4142; x_wconf 70' lang='lat'><strong>(72)</strong></span> <span class='ocrx_word' id='word_1_428' title='bbox 455 4063 595 4117; x_wconf 87' lang='lat' dir='ltr'><strong>Editi</strong></span> <span class='ocrx_word' id='word_1_429' title='bbox 618 4075 672 4119; x_wconf 91' lang='lat' dir='ltr'><strong>et</strong></span> <span class='ocrx_word' id='word_1_430' title='bbox 701 4067 939 4142; x_wconf 79' lang='lat' dir='ltr'><strong>nonnulli</strong></span> <span class='ocrx_word' id='word_1_431' title='bbox 986 4083 1115 4142; x_wconf 87' lang='lat' dir='ltr'><strong>mss.</strong></span> <span class='ocrx_word' id='word_1_432' title='bbox 1150 4069 1670 4142; x_wconf 83' lang='grc' dir='ltr'>ἐπικρεμαννύντες.</span> <span class='ocrx_word' id='word_1_433' title='bbox 1699 4069 1806 4125; x_wconf 83' lang='lat' dir='ltr'><strong>Alii</strong></span> 
     </span>
    </p>
   </div>
   <div class='ocr_carea' id='block_1_62' title="bbox 239 4136 1801 4211">
    <p class='ocr_par' dir='ltr' id='par_1_62' title="bbox 239 4136 1801 4211">
     <span class='ocr_line' id='line_1_62' title="bbox 239 4136 1801 4211; baseline 0.008 -26"><span class='ocrx_word' id='word_1_434' title='bbox 239 4136 614 4211; x_wconf 58' lang='lat' dir='ltr'><strong>quidanrmss.</strong></span> <span class='ocrx_word' id='word_1_435' title='bbox 633 4137 960 4211; x_wconf 70' lang='lat' dir='ltr'><strong>antiquiores</strong></span> <span class='ocrx_word' id='word_1_436' title='bbox 984 4136 1412 4211; x_wconf 75' lang='grc' dir='ltr'>ἐπικρεμῶντές.</span> <span class='ocrx_word' id='word_1_437' title='bbox 1441 4141 1640 4196; x_wconf 88' lang='lat' dir='ltr'><strong>Ibidem</strong></span> <span class='ocrx_word' id='word_1_438' title='bbox 1669 4156 1801 4197; x_wconf 86' lang='lat' dir='ltr'><strong>mss.</strong></span> 
     </span>
    </p>
   </div>
   <div class='ocr_carea' id='block_1_63' title="bbox 240 4204 1656 4275">
    <p class='ocr_par' dir='ltr' id='par_1_63' title="bbox 240 4204 1656 4275">
     <span class='ocr_line' id='line_1_63' title="bbox 240 4204 1656 4275; baseline 0.006 -17"><span class='ocrx_word' id='word_1_439' title='bbox 240 4206 301 4258; x_wconf 84' lang='grc' dir='ltr'><strong>ἐν</strong></span> <span class='ocrx_word' id='word_1_440' title='bbox 325 4204 598 4275; x_wconf 79' lang='grc' dir='ltr'>ἀλλήλοις.</span> <span class='ocrx_word' id='word_1_441' title='bbox 633 4204 832 4261; x_wconf 82' lang='lat' dir='ltr'><strong>Vocula</strong></span> <span class='ocrx_word' id='word_1_442' title='bbox 862 4210 919 4261; x_wconf 87' lang='grc' dir='ltr'><strong>ἐν</strong></span> <span class='ocrx_word' id='word_1_443' title='bbox 950 4210 1001 4262; x_wconf 92' lang='lat' dir='ltr'><strong>in</strong></span> <span class='ocrx_word' id='word_1_444' title='bbox 1026 4204 1197 4263; x_wconf 66' lang='lat' dir='ltr'><strong>editis</strong></span> <span class='ocrx_word' id='word_1_445' title='bbox 1220 4226 1323 4265; x_wconf 90' lang='lat' dir='ltr'><strong>non</strong></span> <span class='ocrx_word' id='word_1_446' title='bbox 1364 4204 1656 4267; x_wconf 85' lang='lat' dir='ltr'><strong>invenitur.</strong></span> 
     </span>
    </p>
   </div>
   <div class='ocr_carea' id='block_1_64' title="bbox 314 4272 1802 4353">
    <p class='ocr_par' dir='ltr' id='par_1_64' title="bbox 314 4272 1802 4353">
     <span class='ocr_line' id='line_1_64' title="bbox 314 4272 1802 4353; baseline 0.007 -26"><span class='ocrx_word' id='word_1_447' title='bbox 314 4272 592 4353; x_wconf 36' lang='lat' dir='ltr'><strong>(75)_&#39;lleg.</strong></span> <span class='ocrx_word' id='word_1_448' title='bbox 626 4277 892 4353; x_wconf 87' lang='lat' dir='ltr'><strong>secun_dtts</strong></span> <span class='ocrx_word' id='word_1_449' title='bbox 924 4281 1016 4332; x_wconf 79' lang='grc' dir='ltr'>καὶ</span> <span class='ocrx_word' id='word_1_450' title='bbox 1060 4281 1315 4353; x_wconf 65' lang='grc' dir='ltr'>Εύδόξιος</span> <span class='ocrx_word' id='word_1_451' title='bbox 1355 4282 1453 4353; x_wconf 82' lang='grc' dir='ltr'>μὲν</span> <span class='ocrx_word' id='word_1_452' title='bbox 1505 4281 1635 4345; x_wconf 80' lang='grc' dir='ltr'>τῶν,</span> <span class='ocrx_word' id='word_1_453' title='bbox 1693 4290 1802 4353; x_wconf 58' lang='lat' dir='ltr'><strong>etc.</strong></span> 
     </span>
    </p>
   </div>
   <div class='ocr_carea' id='block_1_65' title="bbox 245 4343 1802 4422">
    <p class='ocr_par' dir='ltr' id='par_1_65' title="bbox 245 4343 1802 4422">
     <span class='ocr_line' id='line_1_65' title="bbox 245 4343 1802 4422; baseline 0.005 -25"><span class='ocrx_word' id='word_1_454' title='bbox 245 4343 695 4422; x_wconf 48' lang='lat' dir='ltr'><strong>Unde&#39;inteijpres</strong></span> <span class='ocrx_word' id='word_1_455' title='bbox 722 4363 738 4400; x_wconf 86' lang='lat'><strong>:</strong></span> <span class='ocrx_word' id='word_1_456' title='bbox 776 4346 922 4402; x_wconf 83' lang='lat' dir='ltr'><strong>Tum:</strong></span> <span class='ocrx_word' id='word_1_457' title='bbox 946 4367 1010 4404; x_wconf 77' lang='lat' dir='ltr'><strong>ex</strong></span> <span class='ocrx_word' id='word_1_458' title='bbox 1040 4343 1251 4404; x_wconf 73' lang='lat' dir='ltr'><strong>urbibus</strong></span> <span class='ocrx_word' id='word_1_459' title='bbox 1280 4343 1449 4422; x_wconf 59' lang='lat' dir='ltr'><strong>Sy&#39;n&#39;a’</strong></span> <span class='ocrx_word' id='word_1_460' title='bbox 1473 4343 1654 4416; x_wconf 79' lang='lat' dir='ltr'><strong>pulsus</strong></span> <span class='ocrx_word' id='word_1_461' title='bbox 1686 4351 1802 4405; x_wconf 87' lang='lat' dir='ltr'><strong>Eu-</strong></span> 
     </span>
    </p>
   </div>
   <div class='ocr_carea' id='block_1_66' title="bbox 238 4416 1799 4490">
    <p class='ocr_par' dir='ltr' id='par_1_66' title="bbox 238 4416 1799 4490">
     <span class='ocr_line' id='line_1_66' title="bbox 238 4416 1799 4490; baseline 0.005 -22"><span class='ocrx_word' id='word_1_462' title='bbox 238 4416 453 4490; x_wconf 65' lang='lat' dir='ltr'><strong>doajus.</strong></span> <span class='ocrx_word' id='word_1_463' title='bbox 482 4416 584 4470; x_wconf 87' lang='lat' dir='ltr'><strong>Alii</strong></span> <span class='ocrx_word' id='word_1_464' title='bbox 624 4431 715 4490; x_wconf 80' lang='lat' dir='ltr'><strong>sex</strong></span> <span class='ocrx_word' id='word_1_465' title='bbox 750 4432 880 4475; x_wconf 90' lang='lat' dir='ltr'><strong>mss.</strong></span> <span class='ocrx_word' id='word_1_466' title='bbox 936 4435 1058 4475; x_wconf 91' lang='lat' dir='ltr'><strong>cum</strong></span> <span class='ocrx_word' id='word_1_467' title='bbox 1112 4416 1340 4490; x_wconf 76' lang='lat' dir='ltr'><strong>utraque</strong></span> <span class='ocrx_word' id='word_1_468' title='bbox 1397 4423 1634 4477; x_wconf 84' lang='lat' dir='ltr'><strong>editione</strong></span> <span class='ocrx_word' id='word_1_469' title='bbox 1668 4422 1799 4477; x_wconf 71' lang='lat' dir='ltr'><strong>Ven.</strong></span> 
     </span>
    </p>
   </div>
   <div class='ocr_carea' id='block_1_67' title="bbox 240 4484 1798 4559">
    <p class='ocr_par' dir='ltr' id='par_1_67' title="bbox 240 4484 1798 4559">
     <span class='ocr_line' id='line_1_67' title="bbox 240 4484 1798 4559; baseline 0.008 -22"><span class='ocrx_word' id='word_1_470' title='bbox 240 4497 295 4559; x_wconf 72' lang='lat' dir='ltr'><strong>et</strong></span> <span class='ocrx_word' id='word_1_471' title='bbox 326 4484 497 4539; x_wconf 86' lang='lat' dir='ltr'><strong>Paris.</strong></span> <span class='ocrx_word' id='word_1_472' title='bbox 532 4497 590 4539; x_wconf 92' lang='lat' dir='ltr'><strong>ut</strong></span> <span class='ocrx_word' id='word_1_473' title='bbox 644 4488 697 4540; x_wconf 90' lang='lat' dir='ltr'><strong>in</strong></span> <span class='ocrx_word' id='word_1_474' title='bbox 728 4498 999 4555; x_wconf 88' lang='lat' dir='ltr'><strong>contextu,</strong></span> <span class='ocrx_word' id='word_1_475' title='bbox 1037 4484 1533 4559; x_wconf 73' lang='grc' dir='ltr'>ιιοιηίιιεἘύδόξιος</span> <span class='ocrx_word' id='word_1_476' title='bbox 1577 4493 1798 4549; x_wconf 87' lang='lat' dir='ltr'><strong>omisso.</strong></span> 
     </span>
    </p>
   </div>
   <div class='ocr_carea' id='block_1_68' title="bbox 1922 1964 3499 2046">
    <p class='ocr_par' dir='ltr' id='par_1_68' title="bbox 1922 1964 3499 2046">
     <span class='ocr_line' id='line_1_68' title="bbox 1922 1964 3499 2046; baseline 0.008 -27"><span class='ocrx_word' id='word_1_477' title='bbox 1922 1980 2041 2032; x_wconf 90' lang='lat' dir='ltr'><strong>nos,</strong></span> <span class='ocrx_word' id='word_1_478' title='bbox 2082 1964 2472 2037; x_wconf 80' lang='lat' dir='ltr'><strong>Paphlagones,</strong></span> <span class='ocrx_word' id='word_1_479' title='bbox 2524 1968 2742 2035; x_wconf 90' lang='lat' dir='ltr'><strong>Cilices,</strong></span> <span class='ocrx_word' id='word_1_480' title='bbox 2796 1980 2852 2026; x_wconf 92' lang='lat' dir='ltr'><strong>et</strong></span> <span class='ocrx_word' id='word_1_481' title='bbox 2913 1986 3102 2028; x_wconf 89' lang='lat' dir='ltr'><strong>omnes</strong></span> <span class='ocrx_word' id='word_1_482' title='bbox 3146 1990 3499 2046; x_wconf 88' lang='lat' dir='ltr'><strong>quoscunque</strong></span> 
     </span>
    </p>
   </div>
   <div class='ocr_carea' id='block_1_69' title="bbox 1922 2054 3497 2135">
    <p class='ocr_par' dir='ltr' id='par_1_69' title="bbox 1922 2054 3497 2135">
     <span class='ocr_line' id='line_1_69' title="bbox 1922 2054 3497 2135; baseline 0.009 -28"><span class='ocrx_word' id='word_1_483' title='bbox 1922 2054 2143 2124; x_wconf 89' lang='lat' dir='ltr'><strong>depasta</strong></span> <span class='ocrx_word' id='word_1_484' title='bbox 2174 2063 2259 2110; x_wconf 89' lang='lat' dir='ltr'><strong>est</strong></span> <span class='ocrx_word' id='word_1_485' title='bbox 2290 2054 2605 2111; x_wconf 88' lang='lat' dir='ltr'><strong>circumlata</strong></span> <span class='ocrx_word' id='word_1_486' title='bbox 2628 2056 2966 2129; x_wconf 89' lang='lat' dir='ltr'><strong>improbitas.</strong></span> <span class='ocrx_word' id='word_1_487' title='bbox 3006 2060 3172 2132; x_wconf 91' lang='lat' dir='ltr'><strong>Cujus</strong></span> <span class='ocrx_word' id='word_1_488' title='bbox 3204 2078 3335 2135; x_wconf 81' lang='lat' dir='ltr'><strong>ergo</strong></span> <span class='ocrx_word' id='word_1_489' title='bbox 3369 2080 3497 2135; x_wconf 54' lang='lat' dir='ltr'><strong>apo.</strong></span> 
     </span>
    </p>
   </div>
   <div class='ocr_carea' id='block_1_70' title="bbox 1921 2145 3497 2223">
    <p class='ocr_par' dir='ltr' id='par_1_70' title="bbox 1921 2145 3497 2223">
     <span class='ocr_line' id='line_1_70' title="bbox 1921 2145 3497 2223; baseline 0.008 -22"><span class='ocrx_word' id='word_1_490' title='bbox 1921 2145 2076 2217; x_wconf 76' lang='lat' dir='ltr'><strong>logiae</strong></span> <span class='ocrx_word' id='word_1_491' title='bbox 2105 2147 2404 2203; x_wconf 87' lang='lat' dir='ltr'><strong>necessitas</strong></span> <span class='ocrx_word' id='word_1_492' title='bbox 2428 2158 2558 2204; x_wconf 91' lang='lat' dir='ltr'><strong>tunc</strong></span> <span class='ocrx_word' id='word_1_493' title='bbox 2589 2150 2740 2205; x_wconf 88' lang='lat' dir='ltr'><strong>erat?</strong></span> <span class='ocrx_word' id='word_1_494' title='bbox 2779 2152 2905 2218; x_wconf 86' lang='lat' dir='ltr'><strong>Sed,</strong></span> <span class='ocrx_word' id='word_1_495' title='bbox 2935 2154 3148 2223; x_wconf 79' lang='lat' dir='ltr'><strong>opinor,</strong></span> <span class='ocrx_word' id='word_1_496' title='bbox 3178 2158 3400 2212; x_wconf 91' lang='lat' dir='ltr'><strong>mentiri</strong></span> <span class='ocrx_word' id='word_1_497' title='bbox 3429 2174 3497 2213; x_wconf 82' lang='lat' dir='ltr'><strong>ne</strong></span> 
     </span>
    </p>
   </div>
   <div class='ocr_carea' id='block_1_71' title="bbox 1919 2238 3495 2317">
    <p class='ocr_par' dir='ltr' id='par_1_71' title="bbox 1919 2238 3495 2317">
     <span class='ocr_line' id='line_1_71' title="bbox 1919 2238 3495 2317; baseline 0.006 -24"><span class='ocrx_word' id='word_1_498' title='bbox 1919 2238 2105 2295; x_wconf 85' lang='lat' dir='ltr'><strong>volens</strong></span> <span class='ocrx_word' id='word_1_499' title='bbox 2133 2241 2352 2312; x_wconf 91' lang='lat' dir='ltr'><strong>quidem</strong></span> <span class='ocrx_word' id='word_1_500' title='bbox 2392 2242 2587 2314; x_wconf 91' lang='lat' dir='ltr'><strong>potuit.</strong></span> <span class='ocrx_word' id='word_1_501' title='bbox 2636 2242 2814 2310; x_wconf 83' lang='lat' dir='ltr'><strong>Quare</strong></span> <span class='ocrx_word' id='word_1_502' title='bbox 2859 2248 3052 2315; x_wconf 88' lang='lat' dir='ltr'><strong>quavis</strong></span> <span class='ocrx_word' id='word_1_503' title='bbox 3089 2263 3147 2304; x_wconf 88' lang='lat' dir='ltr'><strong>re</strong></span> <span class='ocrx_word' id='word_1_504' title='bbox 3182 2251 3363 2307; x_wconf 82' lang='lat' dir='ltr'><strong>verius</strong></span> <span class='ocrx_word' id='word_1_505' title='bbox 3388 2262 3495 2317; x_wconf 82' lang='lat' dir='ltr'><strong>est,</strong></span> 
     </span>
    </p>
   </div>
   <div class='ocr_carea' id='block_1_72' title="bbox 1923 2332 3497 2415">
    <p class='ocr_par' dir='ltr' id='par_1_72' title="bbox 1923 2332 3497 2415">
     <span class='ocr_line' id='line_1_72' title="bbox 1923 2332 3497 2415; baseline 0.008 -27"><span class='ocrx_word' id='word_1_506' title='bbox 1923 2332 2064 2389; x_wconf 84' lang='lat' dir='ltr'><strong>hanc</strong></span> <span class='ocrx_word' id='word_1_507' title='bbox 2091 2333 2359 2390; x_wconf 89' lang='lat' dir='ltr'><strong>orationis</strong></span> <span class='ocrx_word' id='word_1_508' title='bbox 2407 2334 2637 2390; x_wconf 78' lang='lat' dir='ltr'><strong>formam</strong></span> <span class='ocrx_word' id='word_1_509' title='bbox 2685 2336 2735 2391; x_wconf 92' lang='lat' dir='ltr'><strong>ei</strong></span> <span class='ocrx_word' id='word_1_510' title='bbox 2766 2338 2832 2392; x_wconf 87' lang='lat' dir='ltr'><strong>ad</strong></span> <span class='ocrx_word' id='word_1_511' title='bbox 2866 2340 3240 2411; x_wconf 89' lang='lat' dir='ltr'><strong>decipiendum</strong></span> <span class='ocrx_word' id='word_1_512' title='bbox 3272 2345 3497 2415; x_wconf 88' lang='lat' dir='ltr'><strong>excogi-</strong></span> 
     </span>
    </p>
   </div>
   <div class='ocr_carea' id='block_1_73' title="bbox 1923 2424 3493 2506">
    <p class='ocr_par' dir='ltr' id='par_1_73' title="bbox 1923 2424 3493 2506">
     <span class='ocr_line' id='line_1_73' title="bbox 1923 2424 3493 2506; baseline 0.008 -28"><span class='ocrx_word' id='word_1_513' title='bbox 1923 2433 2093 2479; x_wconf 87' lang='lat' dir='ltr'><strong>tatam</strong></span> <span class='ocrx_word' id='word_1_514' title='bbox 2117 2438 2259 2480; x_wconf 89' lang='lat' dir='ltr'><strong>esse.</strong></span> <span class='ocrx_word' id='word_1_515' title='bbox 2292 2424 2399 2481; x_wconf 94' lang='lat' dir='ltr'><strong>Sed</strong></span> <span class='ocrx_word' id='word_1_516' title='bbox 2441 2427 2508 2482; x_wconf 90' lang='lat' dir='ltr'><strong>de</strong></span> <span class='ocrx_word' id='word_1_517' title='bbox 2538 2426 2624 2483; x_wconf 91' lang='lat' dir='ltr'><strong>bis</strong></span> <span class='ocrx_word' id='word_1_518' title='bbox 2664 2431 2947 2486; x_wconf 89' lang='lat' dir='ltr'><strong>hactenus.</strong></span> <span class='ocrx_word' id='word_1_519' title='bbox 2980 2434 3111 2500; x_wconf 79' lang='lat' dir='ltr'><strong>Qua:</strong></span> <span class='ocrx_word' id='word_1_520' title='bbox 3146 2451 3276 2491; x_wconf 88' lang='lat' dir='ltr'><strong>vero</strong></span> <span class='ocrx_word' id='word_1_521' title='bbox 3304 2438 3493 2506; x_wconf 86' lang='lat' dir='ltr'><strong>paulu-</strong></span> 
     </span>
    </p>
   </div>
   <div class='ocr_carea' id='block_1_74' title="bbox 1919 2516 3492 2599">
    <p class='ocr_par' dir='ltr' id='par_1_74' title="bbox 1919 2516 3492 2599">
     <span class='ocr_line' id='line_1_74' title="bbox 1919 2516 3492 2599; baseline 0.01 -30"><span class='ocrx_word' id='word_1_522' title='bbox 1919 2516 2031 2571; x_wconf 90' lang='lat' dir='ltr'><strong>lum</strong></span> <span class='ocrx_word' id='word_1_523' title='bbox 2078 2531 2397 2589; x_wconf 90' lang='lat' dir='ltr'><strong>progressus</strong></span> <span class='ocrx_word' id='word_1_524' title='bbox 2446 2520 2674 2585; x_wconf 88' lang='lat' dir='ltr'><strong>scribat,</strong></span> <span class='ocrx_word' id='word_1_525' title='bbox 2728 2525 3091 2582; x_wconf 88' lang='lat' dir='ltr'><strong>considerate.</strong></span> <span class='ocrx_word' id='word_1_526' title='bbox 3126 2527 3311 2599; x_wconf 84' lang='lat' dir='ltr'><strong>Neque</strong></span> <span class='ocrx_word' id='word_1_527' title='bbox 3340 2532 3492 2587; x_wconf 90' lang='lat' dir='ltr'><strong>enim</strong></span> 
     </span>
    </p>
   </div>
   <div class='ocr_carea' id='block_1_75' title="bbox 1918 2606 3494 2691">
    <p class='ocr_par' dir='ltr' id='par_1_75' title="bbox 1918 2606 3494 2691">
     <span class='ocr_line' id='line_1_75' title="bbox 1918 2606 3494 2691; baseline 0.01 -29"><span class='ocrx_word' id='word_1_528' title='bbox 1918 2606 2154 2663; x_wconf 78' lang='lat' dir='ltr'><strong>fortasse</strong></span> <span class='ocrx_word' id='word_1_529' title='bbox 2180 2608 2371 2664; x_wconf 89' lang='lat' dir='ltr'><strong>inutile</strong></span> <span class='ocrx_word' id='word_1_530' title='bbox 2412 2608 2579 2667; x_wconf 78' lang='lat' dir='ltr'><strong>fuerit</strong></span> <span class='ocrx_word' id='word_1_531' title='bbox 2629 2622 2954 2685; x_wconf 87' lang='lat' dir='ltr'><strong>anteaquam</strong></span> <span class='ocrx_word' id='word_1_532' title='bbox 2996 2618 3339 2676; x_wconf 81' lang='lat' dir='ltr'><strong>conlutemus</strong></span> <span class='ocrx_word' id='word_1_533' title='bbox 3377 2622 3494 2691; x_wconf 87' lang='lat' dir='ltr'><strong>ejus</strong></span> 
     </span>
    </p>
   </div>
   <div class='ocr_carea' id='block_1_76' title="bbox 1920 2702 3495 2786">
    <p class='ocr_par' dir='ltr' id='par_1_76' title="bbox 1920 2702 3495 2786">
     <span class='ocr_line' id='line_1_76' title="bbox 1920 2702 3495 2786; baseline 0.009 -30"><span class='ocrx_word' id='word_1_534' title='bbox 1920 2702 2279 2772; x_wconf 86' lang='lat' dir='ltr'><strong>impietatem,</strong></span> <span class='ocrx_word' id='word_1_535' title='bbox 2320 2718 2489 2773; x_wconf 86' lang='lat' dir='ltr'><strong>pauca</strong></span> <span class='ocrx_word' id='word_1_536' title='bbox 2521 2705 2588 2762; x_wconf 92' lang='lat' dir='ltr'><strong>de</strong></span> <span class='ocrx_word' id='word_1_537' title='bbox 2614 2705 2755 2764; x_wconf 81' lang='lat' dir='ltr'><strong>fastu</strong></span> <span class='ocrx_word' id='word_1_538' title='bbox 2802 2709 2972 2780; x_wconf 90' lang='lat' dir='ltr'><strong>ipsius</strong></span> <span class='ocrx_word' id='word_1_539' title='bbox 3010 2710 3065 2766; x_wconf 89' lang='lat' dir='ltr'><strong>in</strong></span> <span class='ocrx_word' id='word_1_540' title='bbox 3102 2714 3337 2769; x_wconf 87' lang='lat' dir='ltr'><strong>medium</strong></span> <span class='ocrx_word' id='word_1_541' title='bbox 3367 2730 3495 2786; x_wconf 91' lang='lat' dir='ltr'><strong>pro-</strong></span> 
     </span>
    </p>
   </div>
   <div class='ocr_carea' id='block_1_77' title="bbox 1920 2794 2082 2852">
    <p class='ocr_par' dir='ltr' id='par_1_77' title="bbox 1920 2794 2082 2852">
     <span class='ocr_line' id='line_1_77' title="bbox 1920 2794 2082 2852; baseline -0.006 -3"><span class='ocrx_word' id='word_1_542' title='bbox 1920 2794 2082 2852; x_wconf 79' lang='lat' dir='ltr'><strong>ferre.</strong></span> 
     </span>
    </p>
   </div>
   <div class='ocr_carea' id='block_1_78' title="bbox 1989 2977 3494 3056">
    <p class='ocr_par' dir='ltr' id='par_1_78' title="bbox 1989 2977 3494 3056">
     <span class='ocr_line' id='line_1_78' title="bbox 1989 2977 3494 3056; baseline 0.005 -23"><span class='ocrx_word' id='word_1_543' title='bbox 1989 2979 2043 3033; x_wconf 77' lang='lat'><strong>5.</strong></span> <span class='ocrx_word' id='word_1_544' title='bbox 2080 2977 2214 3033; x_wconf 68' lang='lat' dir='ltr'><strong>Eun.</strong></span> <span class='ocrx_word' id='word_1_545' title='bbox 2251 2977 2392 3035; x_wconf 81' lang='lat' dir='ltr'><strong>Ante</strong></span> <span class='ocrx_word' id='word_1_546' title='bbox 2433 2979 2616 3035; x_wconf 91' lang='lat' dir='ltr'><strong>omnia</strong></span> <span class='ocrx_word' id='word_1_547' title='bbox 2649 2988 2831 3036; x_wconf 89' lang='lat' dir='ltr'><strong>autem</strong></span> <span class='ocrx_word' id='word_1_548' title='bbox 2860 2996 3117 3052; x_wconf 86' lang='lat' dir='ltr'><strong>rogamus</strong></span> <span class='ocrx_word' id='word_1_549' title='bbox 3156 2999 3277 3053; x_wconf 84' lang='lat' dir='ltr'><strong>vos,</strong></span> <span class='ocrx_word' id='word_1_550' title='bbox 3312 2986 3405 3056; x_wconf 91' lang='lat' dir='ltr'><strong>qui</strong></span> <span class='ocrx_word' id='word_1_551' title='bbox 3439 2996 3494 3041; x_wconf 90' lang='lat' dir='ltr'><strong>et</strong></span> 
     </span>
    </p>
   </div>
   <div class='ocr_carea' id='block_1_79' title="bbox 1919 3070 3491 3143">
    <p class='ocr_par' dir='ltr' id='par_1_79' title="bbox 1919 3070 3491 3143">
     <span class='ocr_line' id='line_1_79' title="bbox 1919 3070 3491 3143; baseline 0.009 -23"><span class='ocrx_word' id='word_1_552' title='bbox 1919 3082 2065 3121; x_wconf 88' lang='lat' dir='ltr'><strong>nunc</strong></span> <span class='ocrx_word' id='word_1_553' title='bbox 2118 3070 2353 3125; x_wconf 87' lang='lat' dir='ltr'><strong>audituri</strong></span> <span class='ocrx_word' id='word_1_554' title='bbox 2397 3071 2554 3135; x_wconf 89' lang='lat' dir='ltr'><strong>estis,</strong></span> <span class='ocrx_word' id='word_1_555' title='bbox 2609 3082 2663 3127; x_wconf 89' lang='lat' dir='ltr'><strong>et</strong></span> <span class='ocrx_word' id='word_1_556' title='bbox 2713 3076 3055 3142; x_wconf 82' lang='lat' dir='ltr'><strong>pOStmodum</strong></span> <span class='ocrx_word' id='word_1_557' title='bbox 3084 3075 3302 3143; x_wconf 88' lang='lat' dir='ltr'><strong>lecturi,</strong></span> <span class='ocrx_word' id='word_1_558' title='bbox 3328 3088 3386 3133; x_wconf 93' lang='lat' dir='ltr'><strong>ut</strong></span> <span class='ocrx_word' id='word_1_559' title='bbox 3424 3096 3491 3133; x_wconf 89' lang='lat' dir='ltr'><strong>ne</strong></span> 
     </span>
    </p>
   </div>
   <div class='ocr_carea' id='block_1_80' title="bbox 1920 3160 3491 3237">
    <p class='ocr_par' dir='ltr' id='par_1_80' title="bbox 1920 3160 3491 3237">
     <span class='ocr_line' id='line_1_80' title="bbox 1920 3160 3491 3237; baseline 0.007 -23"><span class='ocrx_word' id='word_1_560' title='bbox 1920 3160 2097 3216; x_wconf 87' lang='lat' dir='ltr'><strong>velitis</strong></span> <span class='ocrx_word' id='word_1_561' title='bbox 2125 3176 2192 3215; x_wconf 82' lang='lat' dir='ltr'><strong>ex</strong></span> <span class='ocrx_word' id='word_1_562' title='bbox 2238 3162 2579 3220; x_wconf 88' lang='lat' dir='ltr'><strong>multitudine</strong></span> <span class='ocrx_word' id='word_1_563' title='bbox 2627 3180 2816 3220; x_wconf 89' lang='lat' dir='ltr'><strong>verum</strong></span> <span class='ocrx_word' id='word_1_564' title='bbox 2869 3182 2899 3221; x_wconf 90' lang='lat' dir='ltr'><strong>a</strong></span> <span class='ocrx_word' id='word_1_565' title='bbox 2948 3167 3087 3222; x_wconf 79' lang='lat' dir='ltr'><strong>falso</strong></span> <span class='ocrx_word' id='word_1_566' title='bbox 3136 3170 3491 3237; x_wconf 87' lang='lat' dir='ltr'><strong>discernere,</strong></span> 
     </span>
    </p>
   </div>
   <div class='ocr_carea' id='block_1_81' title="bbox 1914 3254 3489 3330">
    <p class='ocr_par' dir='ltr' id='par_1_81' title="bbox 1914 3254 3489 3330">
     <span class='ocr_line' id='line_1_81' title="bbox 1914 3254 3489 3330; baseline 0.008 -25"><span class='ocrx_word' id='word_1_567' title='bbox 1914 3254 2052 3322; x_wconf 87' lang='lat' dir='ltr'><strong>parti</strong></span> <span class='ocrx_word' id='word_1_568' title='bbox 2075 3254 2267 3324; x_wconf 82' lang='lat' dir='ltr'><strong>majori</strong></span> <span class='ocrx_word' id='word_1_569' title='bbox 2304 3254 2499 3311; x_wconf 90' lang='lat' dir='ltr'><strong>tributa</strong></span> <span class='ocrx_word' id='word_1_570' title='bbox 2534 3256 2752 3327; x_wconf 84' lang='lat' dir='ltr'><strong>palma;</strong></span> <span class='ocrx_word' id='word_1_571' title='bbox 2785 3272 2962 3329; x_wconf 86' lang='lat' dir='ltr'><strong>neque</strong></span> <span class='ocrx_word' id='word_1_572' title='bbox 3001 3269 3183 3316; x_wconf 89' lang='lat' dir='ltr'><strong>mente</strong></span> <span class='ocrx_word' id='word_1_573' title='bbox 3205 3264 3489 3330; x_wconf 70' lang='lat' dir='ltr'><strong>caecutire,</strong></span> 
     </span>
    </p>
   </div>
   <div class='ocr_carea' id='block_1_82' title="bbox 1915 3432 2557 3506">
    <p class='ocr_par' dir='ltr' id='par_1_82' title="bbox 1915 3432 2557 3506">
     <span class='ocr_line' id='line_1_82' title="bbox 1915 3432 2557 3506; baseline -0.002 -18"><span class='ocrx_word' id='word_1_574' title='bbox 1915 3433 2147 3506; x_wconf 75' lang='lat' dir='ltr'><strong>stamine</strong></span> <span class='ocrx_word' id='word_1_575' title='bbox 2197 3432 2557 3506; x_wconf 75' lang='lat' dir='ltr'><strong>[Constantio]</strong></span> 
     </span>
    </p>
   </div>
   <div class='ocr_carea' id='block_1_83' title="bbox 1913 3504 2604 3571">
    <p class='ocr_par' dir='ltr' id='par_1_83' title="bbox 1913 3504 2604 3571">
     <span class='ocr_line' id='line_1_83' title="bbox 1913 3504 2604 3571; baseline 0.006 -16"><span class='ocrx_word' id='word_1_576' title='bbox 1913 3505 2266 3567; x_wconf 74' lang='lat' dir='ltr'><strong>ascendisset,</strong></span> <span class='ocrx_word' id='word_1_577' title='bbox 2300 3504 2503 3571; x_wconf 84' lang='lat' dir='ltr'><strong>primus</strong></span> <span class='ocrx_word' id='word_1_578' title='bbox 2540 3504 2604 3559; x_wconf 69' lang='grc' dir='ltr'>’τε</span> 
     </span>
    </p>
   </div>
   <div class='ocr_carea' id='block_1_84' title="bbox 1913 3572 3490 3646">
    <p class='ocr_par' dir='ltr' id='par_1_84' title="bbox 1913 3572 3490 3646">
     <span class='ocr_line' id='line_1_84' title="bbox 1913 3572 3490 3646; baseline 0.004 -21"><span class='ocrx_word' id='word_1_579' title='bbox 1913 3588 2034 3626; x_wconf 81' lang='lat' dir='ltr'><strong>cens</strong></span> <span class='ocrx_word' id='word_1_580' title='bbox 2071 3589 2090 3628; x_wconf 90' lang='lat'><strong><em>:</em></strong></span> <span class='ocrx_word' id='word_1_581' title='bbox 2115 3572 2276 3646; x_wconf 76' lang='lat' dir='ltr'><strong>Pater</strong></span> <span class='ocrx_word' id='word_1_582' title='bbox 2294 3584 2368 3627; x_wconf 83' lang='lat' dir='ltr'><strong>est</strong></span> <span class='ocrx_word' id='word_1_583' title='bbox 2394 3575 2608 3646; x_wconf 73' lang='lat' dir='ltr'><strong>impius,</strong></span> <span class='ocrx_word' id='word_1_584' title='bbox 2635 3574 2811 3629; x_wconf 77' lang='lat' dir='ltr'><strong>Filius</strong></span> <span class='ocrx_word' id='word_1_585' title='bbox 2836 3577 2979 3644; x_wconf 80' lang='lat' dir='ltr'><strong>pius,</strong></span> <span class='ocrx_word' id='word_1_586' title='bbox 3010 3577 3099 3630; x_wconf 82' lang='lat' dir='ltr'><strong>ille</strong></span> <span class='ocrx_word' id='word_1_587' title='bbox 3129 3579 3338 3646; x_wconf 82' lang='lat' dir='ltr'><strong>quidem</strong></span> <span class='ocrx_word' id='word_1_588' title='bbox 3368 3589 3490 3631; x_wconf 85' lang='lat' dir='ltr'><strong>tan-</strong></span> 
     </span>
    </p>
   </div>
   <div class='ocr_carea' id='block_1_85' title="bbox 1912 3643 3488 3715">
    <p class='ocr_par' dir='ltr' id='par_1_85' title="bbox 1912 3643 3488 3715">
     <span class='ocr_line' id='line_1_85' title="bbox 1912 3643 3488 3715; baseline 0.004 -20"><span class='ocrx_word' id='word_1_589' title='bbox 1912 3658 2071 3715; x_wconf 73' lang='lat' dir='ltr'><strong>quam</strong></span> <span class='ocrx_word' id='word_1_590' title='bbox 2099 3644 2309 3715; x_wconf 75' lang='lat' dir='ltr'><strong>nullius</strong></span> <span class='ocrx_word' id='word_1_591' title='bbox 2324 3643 2523 3715; x_wconf 73' lang='lat' dir='ltr'><strong>cultor,</strong></span> <span class='ocrx_word' id='word_1_592' title='bbox 2554 3646 2638 3697; x_wconf 83' lang='lat' dir='ltr'><strong>hic</strong></span> <span class='ocrx_word' id='word_1_593' title='bbox 2660 3662 2777 3699; x_wconf 82' lang='lat' dir='ltr'><strong>vero</strong></span> <span class='ocrx_word' id='word_1_594' title='bbox 2804 3643 3055 3715; x_wconf 70' lang='lat' dir='ltr'><strong>umquam</strong></span> <span class='ocrx_word' id='word_1_595' title='bbox 3086 3643 3258 3699; x_wconf 79' lang='lat' dir='ltr'><strong>cultor</strong></span> <span class='ocrx_word' id='word_1_596' title='bbox 3288 3646 3488 3702; x_wconf 78' lang='lat' dir='ltr'><strong>Patris.</strong></span> 
     </span>
    </p>
   </div>
   <div class='ocr_carea' id='block_1_86' title="bbox 1912 3712 3486 3771">
    <p class='ocr_par' dir='ltr' id='par_1_86' title="bbox 1912 3712 3486 3771">
     <span class='ocr_line' id='line_1_86' title="bbox 1912 3712 3486 3771; baseline 0.003 -5"><span class='ocrx_word' id='word_1_597' title='bbox 1912 3712 2037 3767; x_wconf 61' lang='lat' dir='ltr'><strong>Haec</strong></span> <span class='ocrx_word' id='word_1_598' title='bbox 2064 3724 2243 3767; x_wconf 88' lang='lat' dir='ltr'><strong>autem</strong></span> <span class='ocrx_word' id='word_1_599' title='bbox 2296 3712 2520 3770; x_wconf 79' lang='lat' dir='ltr'><strong>Eudoxii</strong></span> <span class='ocrx_word' id='word_1_600' title='bbox 2562 3715 2831 3770; x_wconf 89' lang='lat' dir='ltr'><strong>subtilitas</strong></span> <span class='ocrx_word' id='word_1_601' title='bbox 2862 3712 3028 3771; x_wconf 80' lang='lat' dir='ltr'><strong>risum</strong></span> <span class='ocrx_word' id='word_1_602' title='bbox 3062 3716 3229 3771; x_wconf 90' lang='lat' dir='ltr'><strong>movit</strong></span> <span class='ocrx_word' id='word_1_603' title='bbox 3261 3719 3486 3771; x_wconf 52' lang='lat' dir='ltr'><strong>audieip</strong></span> 
     </span>
    </p>
   </div>
   <div class='ocr_carea' id='block_1_87' title="bbox 1912 3782 3491 3855">
    <p class='ocr_par' dir='ltr' id='par_1_87' title="bbox 1912 3782 3491 3855">
     <span class='ocr_line' id='line_1_87' title="bbox 1912 3782 3491 3855; baseline 0.003 -18"><span class='ocrx_word' id='word_1_604' title='bbox 1912 3783 2078 3855; x_wconf 81' lang='lat' dir='ltr'><strong>tibus,</strong></span> <span class='ocrx_word' id='word_1_605' title='bbox 2102 3791 2160 3855; x_wconf 83' lang='lat' dir='ltr'><strong>ut</strong></span> <span class='ocrx_word' id='word_1_606' title='bbox 2181 3793 2372 3855; x_wconf 80' lang='lat' dir='ltr'><strong>auctor</strong></span> <span class='ocrx_word' id='word_1_607' title='bbox 2397 3793 2481 3855; x_wconf 83' lang='lat' dir='ltr'><strong>est</strong></span> <span class='ocrx_word' id='word_1_608' title='bbox 2508 3782 2841 3855; x_wconf 82' lang='lat' dir='ltr'><strong>Sozomeuus</strong></span> <span class='ocrx_word' id='word_1_609' title='bbox 2867 3787 2962 3841; x_wconf 91' lang='lat' dir='ltr'><strong>lib.</strong></span> <span class='ocrx_word' id='word_1_610' title='bbox 2996 3801 3073 3850; x_wconf 86' lang='lat' dir='ltr'><strong>tv,</strong></span> <span class='ocrx_word' id='word_1_611' title='bbox 3099 3800 3217 3855; x_wconf 88' lang='lat' dir='ltr'><strong>cap.</strong></span> <span class='ocrx_word' id='word_1_612' title='bbox 3240 3786 3331 3841; x_wconf 69' lang='lat'><strong>26.</strong></span> <span class='ocrx_word' id='word_1_613' title='bbox 3359 3787 3491 3842; x_wconf 77' lang='lat' dir='ltr'><strong>Post</strong></span> 
     </span>
    </p>
   </div>
   <div class='ocr_carea' id='block_1_88' title="bbox 1910 3852 3489 3928">
    <p class='ocr_par' dir='ltr' id='par_1_88' title="bbox 1910 3852 3489 3928">
     <span class='ocr_line' id='line_1_88' title="bbox 1910 3852 3489 3928; baseline 0.004 -22"><span class='ocrx_word' id='word_1_614' title='bbox 1910 3852 2061 3928; x_wconf 79' lang='lat' dir='ltr'><strong>illud,</strong></span> <span class='ocrx_word' id='word_1_615' title='bbox 2094 3854 2175 3928; x_wconf 77' lang='grc' dir='ltr'><strong>είς</strong></span> <span class='ocrx_word' id='word_1_616' title='bbox 2210 3853 2301 3907; x_wconf 79' lang='grc' dir='ltr'>τὸν</span> <span class='ocrx_word' id='word_1_617' title='bbox 2330 3852 2517 3928; x_wconf 85' lang='grc' dir='ltr'>θρόνον</span> <span class='ocrx_word' id='word_1_618' title='bbox 2552 3854 2741 3926; x_wconf 82' lang='grc' dir='ltr'>αὐτῆς,</span> <span class='ocrx_word' id='word_1_619' title='bbox 2800 3856 3046 3925; x_wconf 88' lang='lat' dir='ltr'><strong>sequitur</strong></span> <span class='ocrx_word' id='word_1_620' title='bbox 3088 3852 3189 3911; x_wconf 72' lang='lat' dir='ltr'><strong>vox</strong></span> <span class='ocrx_word' id='word_1_621' title='bbox 3243 3858 3489 3928; x_wconf 68' lang='lat' dir='ltr'><strong>quaedam</strong></span> 
     </span>
    </p>
   </div>
   <div class='ocr_carea' id='block_1_89' title="bbox 1912 3923 3117 3997">
    <p class='ocr_par' dir='ltr' id='par_1_89' title="bbox 1912 3923 3117 3997">
     <span class='ocr_line' id='line_1_89' title="bbox 1912 3923 3117 3997; baseline 0.001 -19"><span class='ocrx_word' id='word_1_622' title='bbox 1912 3923 2233 3997; x_wconf 70' lang='lat' dir='ltr'><strong>itadetrjta,</strong></span> <span class='ocrx_word' id='word_1_623' title='bbox 2264 3934 2320 3977; x_wconf 93' lang='lat' dir='ltr'><strong>ut</strong></span> <span class='ocrx_word' id='word_1_624' title='bbox 2346 3923 2464 3997; x_wconf 82' lang='lat' dir='ltr'><strong>eam</strong></span> <span class='ocrx_word' id='word_1_625' title='bbox 2492 3923 2797 3997; x_wconf 60' lang='lat' dir='ltr'><strong>legere&#39;non</strong></span> <span class='ocrx_word' id='word_1_626' title='bbox 2825 3923 3117 3997; x_wconf 86' lang='lat' dir='ltr'><strong>potuerim.</strong></span> 
     </span>
    </p>
   </div>
   <div class='ocr_carea' id='block_1_90' title="bbox 1983 3993 3485 4067">
    <p class='ocr_par' dir='ltr' id='par_1_90' title="bbox 1983 3993 3485 4067">
     <span class='ocr_line' id='line_1_90' title="bbox 1983 3993 3485 4067; baseline 0.003 -22"><span class='ocrx_word' id='word_1_627' title='bbox 1983 3993 2094 4065; x_wconf 77' lang='grc'>(74)</span> <span class='ocrx_word' id='word_1_628' title='bbox 2127 3993 2218 4067; x_wconf 84' lang='lat' dir='ltr'><strong>Vir</strong></span> <span class='ocrx_word' id='word_1_629' title='bbox 2254 3993 2654 4067; x_wconf 79' lang='lat' dir='ltr'><strong>eruditissimus</strong></span> <span class='ocrx_word' id='word_1_630' title='bbox 2684 3993 2912 4053; x_wconf 78' lang='lat' dir='ltr'><strong>Ducaeus</strong></span> <span class='ocrx_word' id='word_1_631' title='bbox 2944 4012 3012 4052; x_wconf 79' lang='lat' dir='ltr'><strong>ex</strong></span> <span class='ocrx_word' id='word_1_632' title='bbox 3052 4012 3151 4051; x_wconf 91' lang='lat' dir='ltr'><strong>suo</strong></span> <span class='ocrx_word' id='word_1_633' title='bbox 3182 3995 3354 4067; x_wconf 83' lang='lat' dir='ltr'><strong>Regio</strong></span> <span class='ocrx_word' id='word_1_634' title='bbox 3386 4012 3485 4052; x_wconf 88' lang='lat' dir='ltr'><strong>co-</strong></span> 
     </span>
    </p>
   </div>
   <div class='ocr_carea' id='block_1_91' title="bbox 1912 4064 3487 4134">
    <p class='ocr_par' dir='ltr' id='par_1_91' title="bbox 1912 4064 3487 4134">
     <span class='ocr_line' id='line_1_91' title="bbox 1912 4064 3487 4134; baseline 0.002 -15"><span class='ocrx_word' id='word_1_635' title='bbox 1912 4064 2053 4129; x_wconf 90' lang='lat' dir='ltr'><strong>dice,</strong></span> <span class='ocrx_word' id='word_1_636' title='bbox 2077 4064 2174 4134; x_wconf 87' lang='lat' dir='ltr'><strong>qui</strong></span> <span class='ocrx_word' id='word_1_637' title='bbox 2205 4075 2289 4120; x_wconf 91' lang='lat' dir='ltr'><strong>est</strong></span> <span class='ocrx_word' id='word_1_638' title='bbox 2328 4074 2514 4121; x_wconf 89' lang='lat' dir='ltr'><strong>noster</strong></span> <span class='ocrx_word' id='word_1_639' title='bbox 2544 4066 2677 4133; x_wconf 81' lang='lat' dir='ltr'><strong>Reg.</strong></span> <span class='ocrx_word' id='word_1_640' title='bbox 2705 4069 2995 4129; x_wconf 87' lang='lat' dir='ltr'><strong>secundus,</strong></span> <span class='ocrx_word' id='word_1_641' title='bbox 3033 4080 3155 4132; x_wconf 87' lang='lat' dir='ltr'><strong>post</strong></span> <span class='ocrx_word' id='word_1_642' title='bbox 3181 4064 3369 4123; x_wconf 77' lang='lat' dir='ltr'><strong>vocem</strong></span> <span class='ocrx_word' id='word_1_643' title='bbox 3400 4068 3487 4122; x_wconf 85' lang='grc' dir='ltr'>λο-</span> 
     </span>
    </p>
   </div>
   <div class='ocr_carea' id='block_1_92' title="bbox 1910 4135 3489 4211">
    <p class='ocr_par' dir='ltr' id='par_1_92' title="bbox 1910 4135 3489 4211">
     <span class='ocr_line' id='line_1_92' title="bbox 1910 4135 3489 4211; baseline 0.003 -23"><span class='ocrx_word' id='word_1_644' title='bbox 1910 4135 2695 4211; x_wconf 18' lang='grc' dir='ltr'>γογράφοςδερθιιιιοᾲευςίινίι</span> <span class='ocrx_word' id='word_1_645' title='bbox 2731 4138 2848 4211; x_wconf 85' lang='lat' dir='ltr'><strong>illa,</strong></span> <span class='ocrx_word' id='word_1_646' title='bbox 2874 4137 3099 4211; x_wconf 36' lang='lat'><strong>6:317);</strong></span> <span class='ocrx_word' id='word_1_647' title='bbox 3127 4138 3316 4192; x_wconf 86' lang='grc' dir='ltr'>τούτου</span> <span class='ocrx_word' id='word_1_648' title='bbox 3357 4156 3489 4211; x_wconf 87' lang='grc' dir='ltr'>προ-</span> 
     </span>
    </p>
   </div>
   <div class='ocr_carea' id='block_1_93' title="bbox 1913 4205 3489 4278">
    <p class='ocr_par' dir='ltr' id='par_1_93' title="bbox 1913 4205 3489 4278">
     <span class='ocr_line' id='line_1_93' title="bbox 1913 4205 3489 4278; baseline 0.003 -20"><span class='ocrx_word' id='word_1_649' title='bbox 1913 4205 2139 4278; x_wconf 84' lang='grc' dir='ltr'>στασίας</span> <span class='ocrx_word' id='word_1_650' title='bbox 2183 4205 2395 4277; x_wconf 78' lang='grc' dir='ltr'>ἱδρῦσαι</span> <span class='ocrx_word' id='word_1_651' title='bbox 2424 4206 2485 4259; x_wconf 84' lang='grc' dir='ltr'>τὸ</span> <span class='ocrx_word' id='word_1_652' title='bbox 2515 4206 2690 4278; x_wconf 86' lang='grc' dir='ltr'>δόγμα</span> <span class='ocrx_word' id='word_1_653' title='bbox 2726 4205 3101 4278; x_wconf 77' lang='grc' dir='ltr'>ἐπειγομένου,</span> <span class='ocrx_word' id='word_1_654' title='bbox 3138 4211 3299 4277; x_wconf 78' lang='lat' dir='ltr'><strong>hujus</strong></span> <span class='ocrx_word' id='word_1_655' title='bbox 3330 4205 3489 4263; x_wconf 52' lang='lat' dir='ltr'><strong>auiri-</strong></span> 
     </span>
    </p>
   </div>
   <div class='ocr_carea' id='block_1_94' title="bbox 1911 4276 3486 4346">
    <p class='ocr_par' dir='ltr' id='par_1_94' title="bbox 1911 4276 3486 4346">
     <span class='ocr_line' id='line_1_94' title="bbox 1911 4276 3486 4346; baseline 0.003 -17"><span class='ocrx_word' id='word_1_656' title='bbox 1911 4276 2003 4339; x_wconf 84' lang='lat' dir='ltr'><strong>lio,</strong></span> <span class='ocrx_word' id='word_1_657' title='bbox 2032 4280 2120 4346; x_wconf 86' lang='lat' dir='ltr'><strong>qui</strong></span> <span class='ocrx_word' id='word_1_658' title='bbox 2143 4276 2332 4346; x_wconf 32' lang='lat' dir='ltr'><strong>dog’ma</strong></span> <span class='ocrx_word' id='word_1_659' title='bbox 2361 4277 2593 4332; x_wconf 80' lang='lat' dir='ltr'><strong>stabilire</strong></span> <span class='ocrx_word' id='word_1_660' title='bbox 2616 4276 2881 4334; x_wconf 24' lang='lat' dir='ltr'><strong>itudebat’.</strong></span> <span class='ocrx_word' id='word_1_661' title='bbox 2904 4276 3008 4334; x_wconf 86' lang='lat' dir='ltr'><strong>Sed</strong></span> <span class='ocrx_word' id='word_1_662' title='bbox 3038 4295 3157 4331; x_wconf 76' lang='lat' dir='ltr'><strong>cum</strong></span> <span class='ocrx_word' id='word_1_663' title='bbox 3186 4276 3296 4333; x_wconf 68' lang='lat' dir='ltr'><strong>haec</strong></span> <span class='ocrx_word' id='word_1_664' title='bbox 3324 4281 3486 4333; x_wconf 81' lang='lat' dir='ltr'><strong>verba</strong></span> 
     </span>
    </p>
   </div>
   <div class='ocr_carea' id='block_1_95' title="bbox 1917 4348 3483 4418">
    <p class='ocr_par' dir='ltr' id='par_1_95' title="bbox 1917 4348 3483 4418">
     <span class='ocr_line' id='line_1_95' title="bbox 1917 4348 3483 4418; baseline 0.001 -18"><span class='ocrx_word' id='word_1_665' title='bbox 1917 4362 2023 4418; x_wconf 68' lang='lat' dir='ltr'><strong>non</strong></span> <span class='ocrx_word' id='word_1_666' title='bbox 2050 4350 2299 4417; x_wconf 88' lang='lat' dir='ltr'><strong>legantur</strong></span> <span class='ocrx_word' id='word_1_667' title='bbox 2331 4360 2504 4416; x_wconf 88' lang='lat' dir='ltr'><strong>neque</strong></span> <span class='ocrx_word' id='word_1_668' title='bbox 2533 4348 2585 4403; x_wconf 88' lang='lat' dir='ltr'><strong>in</strong></span> <span class='ocrx_word' id='word_1_669' title='bbox 2634 4350 2857 4418; x_wconf 88' lang='lat' dir='ltr'><strong>reliquis</strong></span> <span class='ocrx_word' id='word_1_670' title='bbox 2890 4363 3017 4403; x_wconf 83' lang='lat' dir='ltr'><strong>mss.</strong></span> <span class='ocrx_word' id='word_1_671' title='bbox 3060 4364 3234 4418; x_wconf 88' lang='lat' dir='ltr'><strong>neque</strong></span> <span class='ocrx_word' id='word_1_672' title='bbox 3268 4350 3321 4403; x_wconf 91' lang='lat' dir='ltr'><strong>iu</strong></span> <span class='ocrx_word' id='word_1_673' title='bbox 3352 4352 3483 4404; x_wconf 85' lang='lat' dir='ltr'><strong>edit.</strong></span> 
     </span>
    </p>
   </div>
   <div class='ocr_carea' id='block_1_96' title="bbox 1911 4414 3485 4487">
    <p class='ocr_par' dir='ltr' id='par_1_96' title="bbox 1911 4414 3485 4487">
     <span class='ocr_line' id='line_1_96' title="bbox 1911 4414 3485 4487; baseline 0.001 -16"><span class='ocrx_word' id='word_1_674' title='bbox 1911 4414 2073 4480; x_wconf 83' lang='lat' dir='ltr'><strong>Ven.,</strong></span> <span class='ocrx_word' id='word_1_675' title='bbox 2103 4414 2164 4472; x_wconf 74' lang='lat' dir='ltr'><strong>ea</strong></span> <span class='ocrx_word' id='word_1_676' title='bbox 2223 4414 2534 4487; x_wconf 77' lang='lat' dir='ltr'><strong>expungere</strong></span> <span class='ocrx_word' id='word_1_677' title='bbox 2581 4435 2686 4474; x_wconf 90' lang='lat' dir='ltr'><strong>non</strong></span> <span class='ocrx_word' id='word_1_678' title='bbox 2730 4414 3117 4473; x_wconf 80' lang='lat' dir='ltr'><strong>dubitavimus.</strong></span> <span class='ocrx_word' id='word_1_679' title='bbox 3148 4414 3386 4473; x_wconf 56' lang='lat' dir='ltr'><strong>&#39;Ducaaus</strong></span> <span class='ocrx_word' id='word_1_680' title='bbox 3430 4420 3485 4472; x_wconf 87' lang='lat' dir='ltr'><strong>iu</strong></span> 
     </span>
    </p>
   </div>
   <div class='ocr_carea' id='block_1_97' title="bbox 1910 4488 3485 4559">
    <p class='ocr_par' dir='ltr' id='par_1_97' title="bbox 1910 4488 3485 4559">
     <span class='ocr_line' id='line_1_97' title="bbox 1910 4488 3485 4559; baseline 0.001 -18"><span class='ocrx_word' id='word_1_681' title='bbox 1910 4488 2024 4541; x_wconf 92' lang='lat' dir='ltr'><strong>suis</strong></span> <span class='ocrx_word' id='word_1_682' title='bbox 2061 4488 2199 4542; x_wconf 85' lang='lat' dir='ltr'><strong>notis</strong></span> <span class='ocrx_word' id='word_1_683' title='bbox 2222 4488 2345 4557; x_wconf 91' lang='lat' dir='ltr'><strong>jure</strong></span> <span class='ocrx_word' id='word_1_684' title='bbox 2378 4491 2655 4559; x_wconf 85' lang='lat' dir='ltr'><strong>redarguit</strong></span> <span class='ocrx_word' id='word_1_685' title='bbox 2682 4491 2969 4558; x_wconf 82' lang='lat' dir='ltr'><strong>quosdam,</strong></span> <span class='ocrx_word' id='word_1_686' title='bbox 2990 4506 3017 4542; x_wconf 90' lang='lat' dir='ltr'><strong>a</strong></span> <span class='ocrx_word' id='word_1_687' title='bbox 3042 4489 3236 4557; x_wconf 89' lang='lat' dir='ltr'><strong>quibus</strong></span> <span class='ocrx_word' id='word_1_688' title='bbox 3262 4489 3485 4543; x_wconf 78' lang='lat' dir='ltr'><strong>Sardicu</strong></span> 
     </span>
    </p>
   </div>
   <div class='ocr_carea' id='block_1_98' title="bbox 2612 3435 3492 3557">
    <p class='ocr_par' dir='ltr' id='par_1_98' title="bbox 2612 3435 3492 3557">
     <span class='ocr_line' id='line_1_98' title="bbox 2612 3435 3492 3557; baseline 0.001 -68"><span class='ocrx_word' id='word_1_689' title='bbox 2612 3436 2749 3557; x_wconf 67' lang='lat' dir='ltr'><strong>:zui</strong></span> <span class='ocrx_word' id='word_1_690' title='bbox 2790 3452 2909 3489; x_wconf 85' lang='lat' dir='ltr'><strong>cum</strong></span> <span class='ocrx_word' id='word_1_691' title='bbox 2963 3437 3019 3490; x_wconf 83' lang='lat' dir='ltr'><strong>in</strong></span> <span class='ocrx_word' id='word_1_692' title='bbox 3057 3435 3301 3491; x_wconf 83' lang='lat' dir='ltr'><strong>thronum</strong></span> <span class='ocrx_word' id='word_1_693' title='bbox 3345 3437 3492 3491; x_wconf 78' lang='lat' dir='ltr'><strong>illius</strong></span> 
     </span>
     <span class='ocr_line' id='line_1_99' title="bbox 2612 3506 3492 3557; baseline 0 0"><span class='ocrx_word' id='word_1_694' title='bbox 2612 3506 2653 3557; x_wconf 80' lang='lat' dir='ltr'><strong>le</strong></span> <span class='ocrx_word' id='word_1_695' title='bbox 2692 3509 2944 3557; x_wconf 83' lang='lat' dir='ltr'><strong>errimam</strong></span> <span class='ocrx_word' id='word_1_696' title='bbox 2981 3523 3157 3557; x_wconf 80' lang='lat' dir='ltr'><strong>vocem</strong></span> <span class='ocrx_word' id='word_1_697' title='bbox 3188 3509 3383 3557; x_wconf 79' lang='lat' dir='ltr'><strong>emisit.</strong></span> <span class='ocrx_word' id='word_1_698' title='bbox 3412 3510 3492 3557; x_wconf 77' lang='lat' dir='ltr'><strong>ili-</strong></span> 
     </span>
    </p>
   </div>
   <div class='ocr_carea' id='block_1_99' title="bbox 2608 3506 3493 3572">
    <p class='ocr_par' dir='ltr' id='par_1_99' title="bbox 2608 3506 3493 3572">
     <span class='ocr_line' id='line_1_100' title="bbox 2608 3506 3493 3572; baseline 0.002 -16"><span class='ocrx_word' id='word_1_699' title='bbox 2608 3506 2944 3559; x_wconf 79' lang='lat' dir='ltr'><strong>leberrimam</strong></span> <span class='ocrx_word' id='word_1_700' title='bbox 2981 3523 3157 3560; x_wconf 81' lang='lat' dir='ltr'><strong>vocem</strong></span> <span class='ocrx_word' id='word_1_701' title='bbox 3188 3509 3383 3572; x_wconf 78' lang='lat' dir='ltr'><strong>emisit,</strong></span> <span class='ocrx_word' id='word_1_702' title='bbox 3412 3510 3493 3559; x_wconf 75' lang='lat' dir='ltr'><strong>tli-</strong></span> 
     </span>
    </p>
   </div>
   <div class='ocr_carea' id='block_1_100' title="bbox 242 4556 3486 4627">
    <p class='ocr_par' dir='ltr' id='par_1_100' title="bbox 242 4556 3486 4627">
     <span class='ocr_line' id='line_1_101' title="bbox 242 4556 3486 4627; baseline 0.001 -19"><span class='ocrx_word' id='word_1_703' title='bbox 242 4556 558 4627; x_wconf 85' lang='lat' dir='ltr'><strong>Quanquam</strong></span> <span class='ocrx_word' id='word_1_704' title='bbox 594 4568 772 4611; x_wconf 86' lang='lat' dir='ltr'><strong>autem</strong></span> <span class='ocrx_word' id='word_1_705' title='bbox 798 4574 989 4613; x_wconf 88' lang='lat' dir='ltr'><strong>nomen</strong></span> <span class='ocrx_word' id='word_1_706' title='bbox 1018 4561 1263 4624; x_wconf 82' lang='grc' dir='ltr'>Εὑδόξιος</span> <span class='ocrx_word' id='word_1_707' title='bbox 1295 4580 1397 4617; x_wconf 87' lang='lat' dir='ltr'><strong>non</strong></span> <span class='ocrx_word' id='word_1_708' title='bbox 1436 4556 1717 4617; x_wconf 81' lang='lat' dir='ltr'><strong>invenitur</strong></span> <span class='ocrx_word' id='word_1_709' title='bbox 1751 4564 1802 4615; x_wconf 93' lang='lat' dir='ltr'><strong>in</strong></span> <span class='ocrx_word' id='word_1_710' title='bbox 1837 4572 1881 4627; x_wconf 80' lang='grc' dir='ltr'>υ</span> <span class='ocrx_word' id='word_1_711' title='bbox 1909 4569 1963 4612; x_wconf 89' lang='lat' dir='ltr'><strong>et</strong></span> <span class='ocrx_word' id='word_1_712' title='bbox 1993 4559 2210 4621; x_wconf 90' lang='lat' dir='ltr'><strong>Sardes,</strong></span> <span class='ocrx_word' id='word_1_713' title='bbox 2228 4556 2358 4611; x_wconf 85' lang='lat' dir='ltr'><strong>cum</strong></span> <span class='ocrx_word' id='word_1_714' title='bbox 2388 4559 2505 4612; x_wconf 77' lang='lat' dir='ltr'><strong>duae</strong></span> <span class='ocrx_word' id='word_1_715' title='bbox 2540 4556 2647 4613; x_wconf 71' lang='lat' dir='ltr'><strong>sint</strong></span> <span class='ocrx_word' id='word_1_716' title='bbox 2674 4556 2942 4625; x_wconf 86' lang='lat' dir='ltr'><strong>civitates,</strong></span> <span class='ocrx_word' id='word_1_717' title='bbox 2975 4556 3376 4613; x_wconf 82' lang='lat' dir='ltr'><strong>confunduntur</strong></span> <span class='ocrx_word' id='word_1_718' title='bbox 3404 4571 3486 4612; x_wconf 83' lang='lat' dir='ltr'><strong>Ia-</strong></span> 
     </span>
    </p>
   </div>
   <div class='ocr_carea' id='block_1_101' title="bbox 243 4626 1801 4701">
    <p class='ocr_par' dir='ltr' id='par_1_101' title="bbox 243 4626 1801 4701">
     <span class='ocr_line' id='line_1_102' title="bbox 243 4626 1801 4701; baseline 0.004 -22"><span class='ocrx_word' id='word_1_719' title='bbox 243 4630 478 4701; x_wconf 30' lang='lat' dir='ltr'><strong>llSAQIlQS</strong></span> <span class='ocrx_word' id='word_1_720' title='bbox 527 4626 639 4701; x_wconf 80' lang='lat' dir='ltr'><strong>dixi</strong></span> <span class='ocrx_word' id='word_1_721' title='bbox 690 4629 986 4701; x_wconf 61' lang='lat' dir='ltr'><strong>codicibus,</strong></span> <span class='ocrx_word' id='word_1_722' title='bbox 1042 4632 1123 4685; x_wconf 91' lang='lat' dir='ltr'><strong>bis</strong></span> <span class='ocrx_word' id='word_1_723' title='bbox 1159 4645 1335 4687; x_wconf 89' lang='lat' dir='ltr'><strong>tamen</strong></span> <span class='ocrx_word' id='word_1_724' title='bbox 1396 4634 1449 4687; x_wconf 90' lang='lat' dir='ltr'><strong>in</strong></span> <span class='ocrx_word' id='word_1_725' title='bbox 1501 4650 1595 4687; x_wconf 92' lang='lat' dir='ltr'><strong>ora</strong></span> <span class='ocrx_word' id='word_1_726' title='bbox 1648 4632 1801 4701; x_wconf 83' lang='lat' dir='ltr'><strong>Regii</strong></span> 
     </span>
    </p>
   </div>
   <div class='ocr_carea' id='block_1_102' title="bbox 240 4695 1808 4767">
    <p class='ocr_par' dir='ltr' id='par_1_102' title="bbox 240 4695 1808 4767">
     <span class='ocr_line' id='line_1_103' title="bbox 240 4695 1808 4767; baseline 0.006 -20"><span class='ocrx_word' id='word_1_727' title='bbox 240 4696 413 4764; x_wconf 89' lang='lat' dir='ltr'><strong>quinti</strong></span> <span class='ocrx_word' id='word_1_728' title='bbox 447 4695 661 4766; x_wconf 83' lang='lat' dir='ltr'><strong>legitur.</strong></span> <span class='ocrx_word' id='word_1_729' title='bbox 719 4697 873 4753; x_wconf 87' lang='lat' dir='ltr'><strong>Facit</strong></span> <span class='ocrx_word' id='word_1_730' title='bbox 912 4702 1124 4767; x_wconf 90' lang='lat' dir='ltr'><strong>quidem</strong></span> <span class='ocrx_word' id='word_1_731' title='bbox 1161 4713 1236 4756; x_wconf 93' lang='lat' dir='ltr'><strong>tot</strong></span> <span class='ocrx_word' id='word_1_732' title='bbox 1283 4704 1531 4758; x_wconf 86' lang='lat' dir='ltr'><strong>codicum</strong></span> <span class='ocrx_word' id='word_1_733' title='bbox 1563 4695 1808 4757; x_wconf 64' lang='lat' dir='ltr'><strong>auctori-</strong></span> 
     </span>
    </p>
   </div>
   <div class='ocr_carea' id='block_1_103' title="bbox 243 4769 1813 4830">
    <p class='ocr_par' dir='ltr' id='par_1_103' title="bbox 243 4769 1813 4830">
     <span class='ocr_line' id='line_1_104' title="bbox 243 4769 1813 4830; baseline 0.005 -11"><span class='ocrx_word' id='word_1_734' title='bbox 243 4776 346 4830; x_wconf 82' lang='lat' dir='ltr'><strong>tas,</strong></span> <span class='ocrx_word' id='word_1_735' title='bbox 392 4775 449 4818; x_wconf 94' lang='lat' dir='ltr'><strong>ut</strong></span> <span class='ocrx_word' id='word_1_736' title='bbox 477 4769 561 4819; x_wconf 85' lang='lat' dir='ltr'><strong>vix</strong></span> <span class='ocrx_word' id='word_1_737' title='bbox 614 4769 915 4822; x_wconf 78' lang='lat' dir='ltr'><strong>existimem</strong></span> <span class='ocrx_word' id='word_1_738' title='bbox 947 4770 1244 4826; x_wconf 77' lang='grc' dir='ltr'>Ειιιιοιιίυιιι</span> <span class='ocrx_word' id='word_1_739' title='bbox 1280 4789 1309 4828; x_wconf 86' lang='lat' dir='ltr'><strong>a</strong></span> <span class='ocrx_word' id='word_1_740' title='bbox 1342 4774 1537 4827; x_wconf 78' lang='lat' dir='ltr'><strong>Basilio</strong></span> <span class='ocrx_word' id='word_1_741' title='bbox 1568 4774 1813 4827; x_wconf 82' lang='lat' dir='ltr'><strong>nomina-</strong></span> 
     </span>
    </p>
   </div>
   <div class='ocr_carea' id='block_1_104' title="bbox 244 4836 1811 4913">
    <p class='ocr_par' dir='ltr' id='par_1_104' title="bbox 244 4836 1811 4913">
     <span class='ocr_line' id='line_1_105' title="bbox 244 4836 1811 4913; baseline 0.006 -25"><span class='ocrx_word' id='word_1_742' title='bbox 244 4846 353 4888; x_wconf 87' lang='lat' dir='ltr'><strong>tum</strong></span> <span class='ocrx_word' id='word_1_743' title='bbox 387 4836 548 4890; x_wconf 75' lang='lat' dir='ltr'><strong>fuisse</strong></span> <span class='ocrx_word' id='word_1_744' title='bbox 571 4855 595 4913; x_wconf 85' lang='lat'><strong>_:</strong></span> <span class='ocrx_word' id='word_1_745' title='bbox 624 4839 715 4913; x_wconf 84' lang='lat' dir='ltr'><strong>sed</strong></span> <span class='ocrx_word' id='word_1_746' title='bbox 747 4838 1131 4913; x_wconf 85' lang='lat' dir='ltr'><strong>mihi_dubium</strong></span> <span class='ocrx_word' id='word_1_747' title='bbox 1182 4858 1289 4897; x_wconf 90' lang='lat' dir='ltr'><strong>non</strong></span> <span class='ocrx_word' id='word_1_748' title='bbox 1325 4854 1425 4905; x_wconf 88' lang='lat' dir='ltr'><strong>est,</strong></span> <span class='ocrx_word' id='word_1_749' title='bbox 1461 4844 1593 4913; x_wconf 88' lang='lat' dir='ltr'><strong>quin</strong></span> <span class='ocrx_word' id='word_1_750' title='bbox 1638 4844 1705 4897; x_wconf 89' lang='lat' dir='ltr'><strong>de</strong></span> <span class='ocrx_word' id='word_1_751' title='bbox 1745 4860 1811 4897; x_wconf 91' lang='lat' dir='ltr'><strong>eo</strong></span> 
     </span>
    </p>
   </div>
   <div class='ocr_carea' id='block_1_105' title="bbox 242 4908 1812 4985">
    <p class='ocr_par' dir='ltr' id='par_1_105' title="bbox 242 4908 1812 4985">
     <span class='ocr_line' id='line_1_106' title="bbox 242 4908 1812 4985; baseline 0.005 -27"><span class='ocrx_word' id='word_1_752' title='bbox 242 4920 546 4985; x_wconf 73' lang='lat' dir='ltr'><strong>sermonem</strong></span> <span class='ocrx_word' id='word_1_753' title='bbox 571 4908 841 4985; x_wconf 69' lang='lat' dir='ltr'><strong>habuerit.</strong></span> <span class='ocrx_word' id='word_1_754' title='bbox 872 4909 1159 4985; x_wconf 69' lang='lat' dir='ltr'><strong>Postquam</strong></span> <span class='ocrx_word' id='word_1_755' title='bbox 1193 4914 1335 4966; x_wconf 84' lang='lat' dir='ltr'><strong>enim</strong></span> <span class='ocrx_word' id='word_1_756' title='bbox 1357 4908 1493 4969; x_wconf 73' lang='lat' dir='ltr'><strong>duas</strong></span> <span class='ocrx_word' id='word_1_757' title='bbox 1517 4916 1690 4985; x_wconf 65' lang='lat' dir='ltr'><strong>Syriae</strong></span> <span class='ocrx_word' id='word_1_758' title='bbox 1719 4931 1812 4967; x_wconf 90' lang='lat' dir='ltr'><strong>ur-</strong></span> 
     </span>
    </p>
   </div>
   <div class='ocr_carea' id='block_1_106' title="bbox 245 4975 1808 5053">
    <p class='ocr_par' dir='ltr' id='par_1_106' title="bbox 245 4975 1808 5053">
     <span class='ocr_line' id='line_1_107' title="bbox 245 4975 1808 5053; baseline 0.007 -25"><span class='ocrx_word' id='word_1_759' title='bbox 245 4976 338 5028; x_wconf 86' lang='lat' dir='ltr'><strong>bes</strong></span> <span class='ocrx_word' id='word_1_760' title='bbox 363 4975 759 5053; x_wconf 77' lang='lat' dir='ltr'><strong>Germaniciani</strong></span> <span class='ocrx_word' id='word_1_761' title='bbox 789 4989 849 5053; x_wconf 59' lang='lat' dir='ltr'><strong>et</strong></span> <span class='ocrx_word' id='word_1_762' title='bbox 869 4975 1211 5035; x_wconf 76' lang='lat' dir='ltr'><strong>Antiochiam</strong></span> <span class='ocrx_word' id='word_1_763' title='bbox 1237 4985 1537 5053; x_wconf 83' lang='lat' dir='ltr'><strong>occupavit,</strong></span> <span class='ocrx_word' id='word_1_764' title='bbox 1559 4975 1682 5037; x_wconf 58' lang='lat' dir='ltr'><strong>&#39;tum</strong></span> <span class='ocrx_word' id='word_1_765' title='bbox 1717 4987 1808 5038; x_wconf 84' lang='lat' dir='ltr'><strong>de-</strong></span> 
     </span>
    </p>
   </div>
   <div class='ocr_carea' id='block_1_107' title="bbox 244 5046 1808 5115">
    <p class='ocr_par' dir='ltr' id='par_1_107' title="bbox 244 5046 1808 5115">
     <span class='ocr_line' id='line_1_108' title="bbox 244 5046 1808 5115; baseline 0.007 -16"><span class='ocrx_word' id='word_1_766' title='bbox 244 5060 389 5099; x_wconf 86' lang='lat' dir='ltr'><strong>mum</strong></span> <span class='ocrx_word' id='word_1_767' title='bbox 437 5046 502 5099; x_wconf 91' lang='lat' dir='ltr'><strong>ad</strong></span> <span class='ocrx_word' id='word_1_768' title='bbox 561 5050 742 5103; x_wconf 85' lang='lat' dir='ltr'><strong>sedem</strong></span> <span class='ocrx_word' id='word_1_769' title='bbox 810 5046 1456 5115; x_wconf 73' lang='lat' dir='ltr'><strong>Cunslanlinotiolilanam</strong></span> <span class='ocrx_word' id='word_1_770' title='bbox 1517 5046 1808 5110; x_wconf 85' lang='lat' dir='ltr'><strong>translatus</strong></span> 
     </span>
    </p>
   </div>
   <div class='ocr_carea' id='block_1_108' title="bbox 242 5115 1803 5191">
    <p class='ocr_par' dir='ltr' id='par_1_108' title="bbox 242 5115 1803 5191">
     <span class='ocr_line' id='line_1_109' title="bbox 242 5115 1803 5191; baseline 0.006 -22"><span class='ocrx_word' id='word_1_771' title='bbox 242 5125 342 5169; x_wconf 86' lang='lat' dir='ltr'><strong>est.</strong></span> <span class='ocrx_word' id='word_1_772' title='bbox 362 5117 503 5191; x_wconf 80' lang='lat' dir='ltr'><strong>Lege</strong></span> <span class='ocrx_word' id='word_1_773' title='bbox 532 5115 809 5191; x_wconf 64' lang='lat' dir='ltr'><strong>Speratem</strong></span> <span class='ocrx_word' id='word_1_774' title='bbox 844 5122 939 5175; x_wconf 89' lang='lat' dir='ltr'><strong>lib.</strong></span> <span class='ocrx_word' id='word_1_775' title='bbox 968 5137 1027 5185; x_wconf 89' lang='grc' dir='ltr'><strong>ιι,</strong></span> <span class='ocrx_word' id='word_1_776' title='bbox 1054 5137 1173 5191; x_wconf 39' lang='lat' dir='ltr'><strong>cap.</strong></span> <span class='ocrx_word' id='word_1_777' title='bbox 1200 5124 1265 5176; x_wconf 82' lang='lat'><strong>&#39;57</strong></span> <span class='ocrx_word' id='word_1_778' title='bbox 1288 5136 1342 5177; x_wconf 89' lang='lat' dir='ltr'><strong>et</strong></span> <span class='ocrx_word' id='word_1_779' title='bbox 1369 5126 1459 5180; x_wconf 73' lang='grc'><strong>45.</strong></span> <span class='ocrx_word' id='word_1_780' title='bbox 1499 5124 1595 5178; x_wconf 87' lang='lat' dir='ltr'><strong>llic</strong></span> <span class='ocrx_word' id='word_1_781' title='bbox 1624 5140 1803 5178; x_wconf 80' lang='lat' dir='ltr'><strong>nutant</strong></span> 
     </span>
    </p>
   </div>
   <div class='ocr_carea' id='block_1_109' title="bbox 243 5186 1802 5265">
    <p class='ocr_par' dir='ltr' id='par_1_109' title="bbox 243 5186 1802 5265">
     <span class='ocr_line' id='line_1_110' title="bbox 243 5186 1802 5265; baseline 0.006 -28"><span class='ocrx_word' id='word_1_782' title='bbox 243 5189 531 5265; x_wconf 75' lang='lat' dir='ltr'><strong>quamdam</strong></span> <span class='ocrx_word' id='word_1_783' title='bbox 565 5186 713 5259; x_wconf 86' lang='lat' dir='ltr'><strong>Regii</strong></span> <span class='ocrx_word' id='word_1_784' title='bbox 753 5192 925 5265; x_wconf 80' lang='lat' dir='ltr'><strong>quinti</strong></span> <span class='ocrx_word' id='word_1_785' title='bbox 976 5186 1245 5248; x_wconf 83' lang='lat' dir='ltr'><strong>ascribere</strong></span> <span class='ocrx_word' id='word_1_786' title='bbox 1300 5210 1403 5249; x_wconf 90' lang='lat' dir='ltr'><strong>non</strong></span> <span class='ocrx_word' id='word_1_787' title='bbox 1454 5196 1673 5265; x_wconf 67' lang='lat' dir='ltr'><strong>pigebit.</strong></span> <span class='ocrx_word' id='word_1_788' title='bbox 1729 5195 1802 5265; x_wconf 76' lang='lat' dir='ltr'><strong>l_ta</strong></span> 
     </span>
    </p>
   </div>
   <div class='ocr_carea' id='block_1_110' title="bbox 242 5256 1805 5336">
    <p class='ocr_par' dir='ltr' id='par_1_110' title="bbox 242 5256 1805 5336">
     <span class='ocr_line' id='line_1_111' title="bbox 242 5256 1805 5336; baseline 0.004 -26"><span class='ocrx_word' id='word_1_789' title='bbox 242 5256 419 5336; x_wconf 61' lang='lat' dir='ltr'><strong>igitur</strong></span> <span class='ocrx_word' id='word_1_790' title='bbox 462 5256 784 5336; x_wconf 42' lang='lat' dir='ltr'><strong>legere&#39;est:</strong></span> <span class='ocrx_word' id='word_1_791' title='bbox 820 5262 1401 5336; x_wconf 76' lang='lat' dir='ltr'><strong>in__extrema_pagiua</strong></span> <span class='ocrx_word' id='word_1_792' title='bbox 1453 5256 1682 5336; x_wconf 16' lang='grc' dir='ltr'>Ξνῦύτος</span> <span class='ocrx_word' id='word_1_793' title='bbox 1735 5260 1805 5336; x_wconf 79' lang='grc' dir='ltr'>ἦν</span> 
     </span>
    </p>
   </div>
   <div class='ocr_carea' id='block_1_111' title="bbox 245 5326 1804 5400">
    <p class='ocr_par' dir='ltr' id='par_1_111' title="bbox 245 5326 1804 5400">
     <span class='ocr_line' id='line_1_112' title="bbox 245 5326 1804 5400; baseline 0.008 -23"><span class='ocrx_word' id='word_1_794' title='bbox 245 5327 344 5400; x_wconf 78' lang='grc' dir='ltr'><strong>μέν</strong></span> <span class='ocrx_word' id='word_1_795' title='bbox 379 5326 699 5400; x_wconf 50' lang='grc' dir='ltr'>ξΑντιοχεὺς,</span> <span class='ocrx_word' id='word_1_796' title='bbox 751 5328 1015 5394; x_wconf 81' lang='grc' dir='ltr'>διεδέξατο</span> <span class='ocrx_word' id='word_1_797' title='bbox 1056 5333 1113 5385; x_wconf 83' lang='grc' dir='ltr'>δὲ</span> <span class='ocrx_word' id='word_1_798' title='bbox 1150 5326 1239 5387; x_wconf 80' lang='grc' dir='ltr'>τὸν</span> <span class='ocrx_word' id='word_1_799' title='bbox 1280 5326 1804 5400; x_wconf 65' lang='grc' dir='ltr'>Μακεδόνωνξάνῖ</span> 
     </span>
    </p>
   </div>
   <div class='ocr_carea' id='block_1_112' title="bbox 241 5397 1803 5470">
    <p class='ocr_par' dir='ltr' id='par_1_112' title="bbox 241 5397 1803 5470">
     <span class='ocr_line' id='line_1_113' title="bbox 241 5397 1803 5470; baseline 0.007 -21"><span class='ocrx_word' id='word_1_800' title='bbox 241 5397 407 5470; x_wconf 78' lang='grc' dir='ltr'>αύτοῦ</span> <span class='ocrx_word' id='word_1_801' title='bbox 429 5401 579 5470; x_wconf 88' lang='grc' dir='ltr'><strong>παρά</strong></span> <span class='ocrx_word' id='word_1_802' title='bbox 610 5401 1013 5455; x_wconf 83' lang='grc' dir='ltr'>Κωνσταντίνου</span> <span class='ocrx_word' id='word_1_803' title='bbox 1058 5405 1351 5469; x_wconf 86' lang='grc' dir='ltr'>ἐπίσκοπος</span> <span class='ocrx_word' id='word_1_804' title='bbox 1395 5397 1803 5460; x_wconf 78' lang='grc' dir='ltr'>Κωνσταντίνου</span> 
     </span>
    </p>
   </div>
   <div class='ocr_carea' id='block_1_113' title="bbox 238 5467 1800 5549">
    <p class='ocr_par' dir='ltr' id='par_1_113' title="bbox 238 5467 1800 5549">
     <span class='ocr_line' id='line_1_114' title="bbox 238 5467 1800 5549; baseline 0.006 -28"><span class='ocrx_word' id='word_1_805' title='bbox 238 5467 449 5549; x_wconf 69' lang='grc' dir='ltr'>πόλεως</span> <span class='ocrx_word' id='word_1_806' title='bbox 482 5467 970 5549; x_wconf 53' lang='grc' dir='ltr'>ἀποκαταστήσας</span> <span class='ocrx_word' id='word_1_807' title='bbox 1002 5474 1061 5536; x_wconf 77' lang='grc' dir='ltr'>ὃς</span> <span class='ocrx_word' id='word_1_808' title='bbox 1083 5476 1161 5538; x_wconf 88' lang='grc' dir='ltr'><strong>είς</strong></span> <span class='ocrx_word' id='word_1_809' title='bbox 1208 5477 1300 5549; x_wconf 74' lang='grc' dir='ltr'>τὸν</span> <span class='ocrx_word' id='word_1_810' title='bbox 1332 5467 1531 5549; x_wconf 66' lang='grc' dir='ltr'><strong>⁷θρόνον</strong></span> <span class='ocrx_word' id='word_1_811' title='bbox 1563 5477 1800 5546; x_wconf 70' lang='grc' dir='ltr'>αὐτῆς...</span> 
     </span>
    </p>
   </div>
   <div class='ocr_carea' id='block_1_114' title="bbox 238 5539 1800 5618">
    <p class='ocr_par' dir='ltr' id='par_1_114' title="bbox 238 5539 1800 5618">
     <span class='ocr_line' id='line_1_115' title="bbox 238 5539 1800 5618; baseline 0.004 -25"><span class='ocrx_word' id='word_1_812' title='bbox 238 5539 476 5618; x_wconf 35' lang='grc' dir='ltr'>πρόξ-τος.</span> <span class='ocrx_word' id='word_1_813' title='bbox 505 5540 604 5618; x_wconf 74' lang='grc' dir='ltr'>τὴν</span> <span class='ocrx_word' id='word_1_814' title='bbox 648 5539 1077 5618; x_wconf 70' lang='grc' dir='ltr'>πολυθρύλλητον</span> <span class='ocrx_word' id='word_1_815' title='bbox 1127 5548 1301 5618; x_wconf 77' lang='grc' dir='ltr'>ἀφῆκε</span> <span class='ocrx_word' id='word_1_816' title='bbox 1342 5539 1546 5618; x_wconf 71' lang='grc' dir='ltr'>φωνὴν,</span> <span class='ocrx_word' id='word_1_817' title='bbox 1588 5539 1800 5617; x_wconf 73' lang='grc' dir='ltr'>φήσαςο</span> 
     </span>
    </p>
   </div>
   <div class='ocr_carea' id='block_1_115' title="bbox 245 5611 1802 5688">
    <p class='ocr_par' dir='ltr' id='par_1_115' title="bbox 245 5611 1802 5688">
     <span class='ocr_line' id='line_1_116' title="bbox 245 5611 1802 5688; baseline 0.005 -25"><span class='ocrx_word' id='word_1_818' title='bbox 245 5611 532 5688; x_wconf 75' lang='grc' dir='ltr'>Πατὴρ</span> <span class='ocrx_word' id='word_1_819' title='bbox 551 5611 780 5688; x_wconf 77' lang='grc' dir='ltr'>ἀσεϐὴς,</span> <span class='ocrx_word' id='word_1_820' title='bbox 1010 5611 1252 5688; x_wconf 59' lang='grc' dir='ltr'>εὐσεϐὴς,</span> <span class='ocrx_word' id='word_1_821' title='bbox 1289 5622 1316 5672; x_wconf 87' lang='grc' dir='ltr'>ὁ</span> <span class='ocrx_word' id='word_1_822' title='bbox 1350 5611 1447 5687; x_wconf 77' lang='grc' dir='ltr'>μὲν</span> <span class='ocrx_word' id='word_1_823' title='bbox 1482 5611 1559 5681; x_wconf 67' lang='lat' dir='ltr'><strong>ib;</strong></span> <span class='ocrx_word' id='word_1_824' title='bbox 1600 5611 1802 5688; x_wconf 66' lang='grc' dir='ltr'>μηδένα</span> 
     </span>
    </p>
   </div>
   <div class='ocr_carea' id='block_1_116' title="bbox 234 5682 1797 5758">
    <p class='ocr_par' dir='ltr' id='par_1_116' title="bbox 234 5682 1797 5758">
     <span class='ocr_line' id='line_1_117' title="bbox 234 5682 1797 5758; baseline 0.004 -23"><span class='ocrx_word' id='word_1_825' title='bbox 234 5682 396 5758; x_wconf 72' lang='grc' dir='ltr'>δῆθεν</span> <span class='ocrx_word' id='word_1_826' title='bbox 440 5682 748 5758; x_wconf 77' lang='grc' dir='ltr'>σεϐόμενος,</span> <span class='ocrx_word' id='word_1_827' title='bbox 792 5685 819 5735; x_wconf 86' lang='grc' dir='ltr'><strong>ὁ</strong></span> <span class='ocrx_word' id='word_1_828' title='bbox 864 5684 919 5737; x_wconf 81' lang='grc' dir='ltr'>δὲ</span> <span class='ocrx_word' id='word_1_829' title='bbox 942 5686 1015 5747; x_wconf 78' lang='grc' dir='ltr'>ὡς</span> <span class='ocrx_word' id='word_1_830' title='bbox 1071 5682 1363 5758; x_wconf 72' lang='grc' dir='ltr'>σεϐόμενος</span> <span class='ocrx_word' id='word_1_831' title='bbox 1419 5690 1509 5742; x_wconf 81' lang='grc' dir='ltr'>τὸν</span> <span class='ocrx_word' id='word_1_832' title='bbox 1557 5682 1797 5758; x_wconf 65' lang='grc' dir='ltr'>Πατέρα.</span> 
     </span>
    </p>
   </div>
   <div class='ocr_carea' id='block_1_117' title="bbox 238 5754 1798 5818">
    <p class='ocr_par' dir='ltr' id='par_1_117' title="bbox 238 5754 1798 5818">
     <span class='ocr_line' id='line_1_118' title="bbox 238 5754 1798 5818; baseline 0.005 -13"><span class='ocrx_word' id='word_1_833' title='bbox 238 5754 341 5806; x_wconf 77' lang='lat' dir='ltr'><strong>Hic</strong></span> <span class='ocrx_word' id='word_1_834' title='bbox 364 5766 474 5806; x_wconf 75' lang='lat' dir='ltr'><strong>erat</strong></span> <span class='ocrx_word' id='word_1_835' title='bbox 499 5756 1132 5818; x_wconf 60' lang='lat' dir='ltr'><strong>Amice/ianus,successit</strong></span> <span class='ocrx_word' id='word_1_836' title='bbox 1152 5754 1267 5811; x_wconf 69' lang='lat' dir='ltr'><strong>vero</strong></span> <span class='ocrx_word' id='word_1_837' title='bbox 1299 5759 1608 5813; x_wconf 74' lang='lat' dir='ltr'><strong>Macedonio</strong></span> <span class='ocrx_word' id='word_1_838' title='bbox 1639 5776 1656 5813; x_wconf 92' lang='lat'><em>:</em></span> <span class='ocrx_word' id='word_1_839' title='bbox 1688 5754 1798 5813; x_wconf 71' lang='lat' dir='ltr'><strong>loco</strong></span> 
     </span>
    </p>
   </div>
   <div class='ocr_carea' id='block_1_118' title="bbox 234 5826 1796 5891">
    <p class='ocr_par' dir='ltr' id='par_1_118' title="bbox 234 5826 1796 5891">
     <span class='ocr_line' id='line_1_119' title="bbox 234 5826 1796 5891; baseline 0.004 -14"><span class='ocrx_word' id='word_1_840' title='bbox 234 5826 381 5878; x_wconf 80' lang='lat' dir='ltr'><strong>illius</strong></span> <span class='ocrx_word' id='word_1_841' title='bbox 411 5829 720 5879; x_wconf 80' lang='lat' dir='ltr'><strong>constitutus</strong></span> <span class='ocrx_word' id='word_1_842' title='bbox 751 5826 1023 5891; x_wconf 67' lang='lat' dir='ltr'><strong>eviscoirus</strong></span> <span class='ocrx_word' id='word_1_843' title='bbox 1069 5826 1552 5884; x_wconf 75' lang='lat' dir='ltr'><strong>Constantinouolis</strong></span> <span class='ocrx_word' id='word_1_844' title='bbox 1585 5848 1614 5885; x_wconf 89' lang='lat' dir='ltr'><strong>a</strong></span> <span class='ocrx_word' id='word_1_845' title='bbox 1656 5830 1796 5885; x_wconf 80' lang='lat' dir='ltr'><strong>Cou-</strong></span> 
     </span>
    </p>
   </div>
   <div class='ocr_carea' id='block_1_119' title="bbox 1917 4630 3486 4701">
    <p class='ocr_par' dir='ltr' id='par_1_119' title="bbox 1917 4630 3486 4701">
     <span class='ocr_line' id='line_1_120' title="bbox 1917 4630 3486 4701; baseline 0.002 -21"><span class='ocrx_word' id='word_1_846' title='bbox 1917 4644 2061 4701; x_wconf 82' lang='lat' dir='ltr'><strong>nien,</strong></span> <span class='ocrx_word' id='word_1_847' title='bbox 2090 4638 2143 4682; x_wconf 90' lang='lat' dir='ltr'><strong>et</strong></span> <span class='ocrx_word' id='word_1_848' title='bbox 2174 4630 2426 4701; x_wconf 56' lang='lat' dir='ltr'><strong>oppidum</strong></span> <span class='ocrx_word' id='word_1_849' title='bbox 2469 4645 2630 4701; x_wconf 90' lang='lat' dir='ltr'><strong>unum</strong></span> <span class='ocrx_word' id='word_1_850' title='bbox 2685 4630 3012 4701; x_wconf 70' lang='lat' dir='ltr'><strong>eiliciuntur.</strong></span> <span class='ocrx_word' id='word_1_851' title='bbox 3059 4630 3285 4683; x_wconf 83' lang='lat' dir='ltr'><strong>Sardica</strong></span> <span class='ocrx_word' id='word_1_852' title='bbox 3319 4631 3486 4701; x_wconf 85' lang='lat' dir='ltr'><strong>igitur</strong></span> 
     </span>
    </p>
   </div>
   <div class='ocr_carea' id='block_1_120' title="bbox 1913 4698 3483 4765">
    <p class='ocr_par' dir='ltr' id='par_1_120' title="bbox 1913 4698 3483 4765">
     <span class='ocr_line' id='line_1_121' title="bbox 1913 4698 3483 4765; baseline 0.003 -14"><span class='ocrx_word' id='word_1_853' title='bbox 1913 4700 2041 4754; x_wconf 91' lang='lat' dir='ltr'><strong>urbs</strong></span> <span class='ocrx_word' id='word_1_854' title='bbox 2066 4708 2146 4753; x_wconf 88' lang='lat' dir='ltr'><strong>est</strong></span> <span class='ocrx_word' id='word_1_855' title='bbox 2177 4698 2423 4752; x_wconf 66' lang='lat' dir='ltr'><strong>Thracia:</strong></span> <span class='ocrx_word' id='word_1_856' title='bbox 2454 4700 2848 4754; x_wconf 88' lang='lat' dir='ltr'><strong>mediterranea</strong></span> <span class='ocrx_word' id='word_1_857' title='bbox 2893 4718 2907 4754; x_wconf 93' lang='lat'><strong>:</strong></span> <span class='ocrx_word' id='word_1_858' title='bbox 2950 4699 3148 4754; x_wconf 88' lang='lat' dir='ltr'><strong>Sardes</strong></span> <span class='ocrx_word' id='word_1_859' title='bbox 3184 4698 3361 4765; x_wconf 45' lang='lat' dir='ltr'><strong>verof</strong></span> <span class='ocrx_word' id='word_1_860' title='bbox 3383 4717 3483 4756; x_wconf 84' lang='lat' dir='ltr'><strong>seu</strong></span> 
     </span>
    </p>
   </div>
   <div class='ocr_carea' id='block_1_121' title="bbox 1914 4766 3483 4840">
    <p class='ocr_par' dir='ltr' id='par_1_121' title="bbox 1914 4766 3483 4840">
     <span class='ocr_line' id='line_1_122' title="bbox 1914 4766 3483 4840; baseline 0.003 -18"><span class='ocrx_word' id='word_1_861' title='bbox 1914 4766 2119 4840; x_wconf 79' lang='lat' dir='ltr'><strong>_Sardis,</strong></span> <span class='ocrx_word' id='word_1_862' title='bbox 2148 4768 2329 4840; x_wconf 67' lang='lat' dir='ltr'><strong>Lydiae</strong></span> <span class='ocrx_word' id='word_1_863' title='bbox 2363 4780 2444 4824; x_wconf 91' lang='lat' dir='ltr'><strong>est</strong></span> <span class='ocrx_word' id='word_1_864' title='bbox 2472 4771 2619 4831; x_wconf 89' lang='lat' dir='ltr'><strong>urbs,</strong></span> <span class='ocrx_word' id='word_1_865' title='bbox 2653 4773 2718 4824; x_wconf 90' lang='lat' dir='ltr'><strong>ad</strong></span> <span class='ocrx_word' id='word_1_866' title='bbox 2762 4771 2899 4824; x_wconf 85' lang='lat' dir='ltr'><strong>latus</strong></span> <span class='ocrx_word' id='word_1_867' title='bbox 2930 4770 3102 4823; x_wconf 86' lang='lat' dir='ltr'><strong>Tmoli</strong></span> <span class='ocrx_word' id='word_1_868' title='bbox 3137 4773 3331 4825; x_wconf 71' lang='lat' dir='ltr'><strong>montis</strong></span> <span class='ocrx_word' id='word_1_869' title='bbox 3357 4772 3483 4826; x_wconf 80' lang='lat' dir='ltr'><strong>sita.</strong></span> 
     </span>
    </p>
   </div>
   <div class='ocr_carea' id='block_1_122' title="bbox 1912 4838 3481 4911">
    <p class='ocr_par' dir='ltr' id='par_1_122' title="bbox 1912 4838 3481 4911">
     <span class='ocr_line' id='line_1_123' title="bbox 1912 4838 3481 4911; baseline 0.003 -19"><span class='ocrx_word' id='word_1_870' title='bbox 1912 4838 2070 4911; x_wconf 56' lang='lat' dir='ltr'><strong>[Iura</strong></span> <span class='ocrx_word' id='word_1_871' title='bbox 2092 4838 2367 4908; x_wconf 26' lang='lat' dir='ltr'><strong>qui‘volet,</strong></span> <span class='ocrx_word' id='word_1_872' title='bbox 2402 4848 2580 4911; x_wconf 86' lang='lat' dir='ltr'><strong>notam</strong></span> <span class='ocrx_word' id='word_1_873' title='bbox 2608 4842 2703 4894; x_wconf 82' lang='lat' dir='ltr'><strong>viri</strong></span> <span class='ocrx_word' id='word_1_874' title='bbox 2735 4842 3031 4911; x_wconf 76' lang='lat' dir='ltr'><strong>doctissimi</strong></span> <span class='ocrx_word' id='word_1_875' title='bbox 3053 4842 3229 4909; x_wconf 85' lang='lat' dir='ltr'><strong>legere</strong></span> <span class='ocrx_word' id='word_1_876' title='bbox 3264 4842 3481 4911; x_wconf 87' lang='lat' dir='ltr'><strong>poterit.</strong></span> 
     </span>
    </p>
   </div>
   <div class='ocr_carea' id='block_1_123' title="bbox 1912 4909 3485 4979">
    <p class='ocr_par' dir='ltr' id='par_1_123' title="bbox 1912 4909 3485 4979">
     <span class='ocr_line' id='line_1_124' title="bbox 1912 4909 3485 4979; baseline 0.001 -16"><span class='ocrx_word' id='word_1_877' title='bbox 1912 4909 2264 4970; x_wconf 80' lang='lat' dir='ltr'><strong>Tlreosebius,</strong></span> <span class='ocrx_word' id='word_1_878' title='bbox 2302 4921 2359 4962; x_wconf 91' lang='lat' dir='ltr'><strong>ut</strong></span> <span class='ocrx_word' id='word_1_879' title='bbox 2389 4910 2456 4963; x_wconf 91' lang='lat' dir='ltr'><strong>de</strong></span> <span class='ocrx_word' id='word_1_880' title='bbox 2491 4924 2555 4963; x_wconf 88' lang='lat' dir='ltr'><strong>eo</strong></span> <span class='ocrx_word' id='word_1_881' title='bbox 2582 4925 2797 4979; x_wconf 89' lang='lat' dir='ltr'><strong>quoque</strong></span> <span class='ocrx_word' id='word_1_882' title='bbox 2832 4910 3033 4979; x_wconf 88' lang='lat' dir='ltr'><strong>aliquid</strong></span> <span class='ocrx_word' id='word_1_883' title='bbox 3066 4909 3328 4975; x_wconf 86' lang='lat' dir='ltr'><strong>dicamus,</strong></span> <span class='ocrx_word' id='word_1_884' title='bbox 3362 4926 3485 4966; x_wconf 87' lang='lat' dir='ltr'><strong>suc-</strong></span> 
     </span>
    </p>
   </div>
   <div class='ocr_carea' id='block_1_124' title="bbox 1911 4980 3481 5049">
    <p class='ocr_par' dir='ltr' id='par_1_124' title="bbox 1911 4980 3481 5049">
     <span class='ocr_line' id='line_1_125' title="bbox 1911 4980 3481 5049; baseline 0.001 -17"><span class='ocrx_word' id='word_1_885' title='bbox 1911 4991 2148 5034; x_wconf 84' lang='lat' dir='ltr'><strong>cesserat</strong></span> <span class='ocrx_word' id='word_1_886' title='bbox 2202 4980 2507 5044; x_wconf 86' lang='lat' dir='ltr'><strong>lleortasio,</strong></span> <span class='ocrx_word' id='word_1_887' title='bbox 2535 4984 2626 5049; x_wconf 91' lang='lat' dir='ltr'><strong>qui</strong></span> <span class='ocrx_word' id='word_1_888' title='bbox 2665 4983 2805 5049; x_wconf 84' lang='lat' dir='ltr'><strong>apud</strong></span> <span class='ocrx_word' id='word_1_889' title='bbox 2838 4980 3200 5035; x_wconf 85' lang='lat' dir='ltr'><strong>Sozomenum</strong></span> <span class='ocrx_word' id='word_1_890' title='bbox 3257 4982 3350 5037; x_wconf 88' lang='lat' dir='ltr'><strong>lib.</strong></span> <span class='ocrx_word' id='word_1_891' title='bbox 3405 4997 3481 5041; x_wconf 85' lang='lat' dir='ltr'><strong>iv.</strong></span> 
     </span>
    </p>
   </div>
   <div class='ocr_carea' id='block_1_125' title="bbox 1910 5051 3481 5120">
    <p class='ocr_par' dir='ltr' id='par_1_125' title="bbox 1910 5051 3481 5120">
     <span class='ocr_line' id='line_1_126' title="bbox 1910 5051 3481 5120; baseline 0.004 -21"><span class='ocrx_word' id='word_1_892' title='bbox 1910 5065 2029 5120; x_wconf 71' lang='lat' dir='ltr'><strong>i-ap.</strong></span> <span class='ocrx_word' id='word_1_893' title='bbox 2105 5051 2198 5115; x_wconf 72' lang='grc'><strong>24,</strong></span> <span class='ocrx_word' id='word_1_894' title='bbox 2263 5056 2315 5103; x_wconf 87' lang='lat' dir='ltr'><strong>in</strong></span> <span class='ocrx_word' id='word_1_895' title='bbox 2365 5052 2607 5120; x_wconf 90' lang='lat' dir='ltr'><strong>concilio</strong></span> <span class='ocrx_word' id='word_1_896' title='bbox 2682 5052 3275 5120; x_wconf 81' lang='lat' dir='ltr'><strong>Constantinopolitano</strong></span> <span class='ocrx_word' id='word_1_897' title='bbox 3352 5052 3481 5106; x_wconf 87' lang='lat' dir='ltr'><strong>auni</strong></span> 
     </span>
    </p>
   </div>
   <div class='ocr_carea' id='block_1_126' title="bbox 1908 5119 2779 5187">
    <p class='ocr_par' dir='ltr' id='par_1_126' title="bbox 1908 5119 2779 5187">
     <span class='ocr_line' id='line_1_127' title="bbox 1908 5119 2779 5187; baseline 0.002 -15"><span class='ocrx_word' id='word_1_898' title='bbox 1908 5119 2011 5174; x_wconf 80' lang='lat'><strong>560</strong></span> <span class='ocrx_word' id='word_1_899' title='bbox 2044 5121 2315 5187; x_wconf 83' lang='lat' dir='ltr'><strong>depositus</strong></span> <span class='ocrx_word' id='word_1_900' title='bbox 2353 5119 2520 5174; x_wconf 80' lang='lat' dir='ltr'><strong>fuisse</strong></span> <span class='ocrx_word' id='word_1_901' title='bbox 2559 5121 2779 5175; x_wconf 92' lang='lat' dir='ltr'><strong>dicitur.</strong></span> 
     </span>
    </p>
   </div>
   <div class='ocr_carea' id='block_1_127' title="bbox 1979 5189 2913 5262">
    <p class='ocr_par' dir='ltr' id='par_1_127' title="bbox 1979 5189 2913 5262">
     <span class='ocr_line' id='line_1_128' title="bbox 1979 5189 2913 5262; baseline 0.002 -21"><span class='ocrx_word' id='word_1_902' title='bbox 1979 5190 2091 5262; x_wconf 69' lang='grc'>(75)</span> <span class='ocrx_word' id='word_1_903' title='bbox 2119 5193 2252 5259; x_wconf 82' lang='lat' dir='ltr'><strong>Reg.</strong></span> <span class='ocrx_word' id='word_1_904' title='bbox 2288 5193 2476 5262; x_wconf 55' lang='lat' dir='ltr'><strong>tertius</strong></span> <span class='ocrx_word' id='word_1_905' title='bbox 2499 5189 2592 5253; x_wconf 74' lang='grc' dir='ltr'>οὓς</span> <span class='ocrx_word' id='word_1_906' title='bbox 2615 5193 2672 5243; x_wconf 83' lang='grc' dir='ltr'><strong>ἐν</strong></span> <span class='ocrx_word' id='word_1_907' title='bbox 2707 5190 2913 5262; x_wconf 87' lang='grc' dir='ltr'>κύκλῳ.</span> 
     </span>
    </p>
   </div>
   <div class='ocr_carea' id='block_1_128' title="bbox 1978 5259 3483 5333">
    <p class='ocr_par' dir='ltr' id='par_1_128' title="bbox 1978 5259 3483 5333">
     <span class='ocr_line' id='line_1_129' title="bbox 1978 5259 3483 5333; baseline 0.001 -20"><span class='ocrx_word' id='word_1_908' title='bbox 1978 5259 2089 5333; x_wconf 85' lang='grc'>(76)</span> <span class='ocrx_word' id='word_1_909' title='bbox 2129 5262 2303 5333; x_wconf 70' lang='grc' dir='ltr'>Ειιιιὶο</span> <span class='ocrx_word' id='word_1_910' title='bbox 2326 5259 2498 5333; x_wconf 76' lang='lat' dir='ltr'><strong>Paris.</strong></span> <span class='ocrx_word' id='word_1_911' title='bbox 2533 5270 2588 5315; x_wconf 89' lang='lat' dir='ltr'><strong>et</strong></span> <span class='ocrx_word' id='word_1_912' title='bbox 2624 5262 2755 5333; x_wconf 84' lang='lat' dir='ltr'><strong>Reg.</strong></span> <span class='ocrx_word' id='word_1_913' title='bbox 2787 5259 3058 5316; x_wconf 83' lang='lat' dir='ltr'><strong>secundus</strong></span> <span class='ocrx_word' id='word_1_914' title='bbox 3084 5262 3219 5332; x_wconf 85' lang='grc' dir='ltr'>πρὸς</span> <span class='ocrx_word' id='word_1_915' title='bbox 3242 5263 3341 5333; x_wconf 83' lang='grc' dir='ltr'>τὴν</span> <span class='ocrx_word' id='word_1_916' title='bbox 3370 5261 3483 5315; x_wconf 82' lang='grc' dir='ltr'><strong>τῶν</strong></span> 
     </span>
    </p>
   </div>
   <div class='ocr_carea' id='block_1_129' title="bbox 1907 5330 3476 5401">
    <p class='ocr_par' dir='ltr' id='par_1_129' title="bbox 1907 5330 3476 5401">
     <span class='ocr_line' id='line_1_130' title="bbox 1907 5330 3476 5401; baseline 0.001 -17"><span class='ocrx_word' id='word_1_917' title='bbox 1907 5330 2287 5401; x_wconf 81' lang='grc' dir='ltr'>ἁπλουστέρων</span> <span class='ocrx_word' id='word_1_918' title='bbox 2314 5330 2549 5401; x_wconf 84' lang='grc' dir='ltr'>ἀπάτην,</span> <span class='ocrx_word' id='word_1_919' title='bbox 2602 5332 2671 5385; x_wconf 82' lang='lat' dir='ltr'><strong>ad</strong></span> <span class='ocrx_word' id='word_1_920' title='bbox 2710 5330 3072 5400; x_wconf 54' lang='lat' dir='ltr'><strong>simpliciores</strong></span> <span class='ocrx_word' id='word_1_921' title='bbox 3122 5330 3476 5399; x_wconf 63' lang='lat' dir='ltr'><strong>decipiendos.</strong></span> 
     </span>
    </p>
   </div>
   <div class='ocr_carea' id='block_1_130' title="bbox 1907 5402 3479 5489">
    <p class='ocr_par' dir='ltr' id='par_1_130' title="bbox 1907 5402 3479 5489">
     <span class='ocr_line' id='line_1_131' title="bbox 1907 5402 3479 5489; baseline 0 -36"><span class='ocrx_word' id='word_1_922' title='bbox 1907 5402 2082 5489; x_wconf 39' lang='lat' dir='ltr'><strong>I’Sdi&#39;tiu</strong></span> <span class='ocrx_word' id='word_1_923' title='bbox 2126 5404 2251 5489; x_wconf 58' lang='lat' dir='ltr'><strong>ven.</strong></span> <span class='ocrx_word' id='word_1_924' title='bbox 2283 5412 2338 5489; x_wconf 54' lang='lat' dir='ltr'><strong>elt</strong></span> <span class='ocrx_word' id='word_1_925' title='bbox 2368 5403 2556 5489; x_wconf 62' lang='lat' dir='ltr'><strong>reliqui</strong></span> <span class='ocrx_word' id='word_1_926' title='bbox 2586 5417 2845 5489; x_wconf 43' lang='lat' dir='ltr'><strong>sexvtnss.</strong></span> <span class='ocrx_word' id='word_1_927' title='bbox 2878 5403 3198 5469; x_wconf 87' lang='lat' dir='ltr'><strong>simpliciter</strong></span> <span class='ocrx_word' id='word_1_928' title='bbox 3227 5403 3363 5473; x_wconf 76' lang='grc' dir='ltr'>πρὸς</span> <span class='ocrx_word' id='word_1_929' title='bbox 3378 5403 3479 5489; x_wconf 52' lang='grc' dir='ltr'>τὴν</span> 
     </span>
    </p>
   </div>
   <div class='ocr_carea' id='block_1_131' title="bbox 1904 5472 3479 5543">
    <p class='ocr_par' dir='ltr' id='par_1_131' title="bbox 1904 5472 3479 5543">
     <span class='ocr_line' id='line_1_132' title="bbox 1904 5472 3479 5543; baseline 0 -18"><span class='ocrx_word' id='word_1_930' title='bbox 1904 5472 2139 5543; x_wconf 74' lang='grc' dir='ltr'>ἀπάτην.</span> <span class='ocrx_word' id='word_1_931' title='bbox 2173 5473 2323 5543; x_wconf 77' lang='lat' dir='ltr'><strong>Quod</strong></span> <span class='ocrx_word' id='word_1_932' title='bbox 2350 5474 2583 5527; x_wconf 79' lang='lat' dir='ltr'><strong>diximus</strong></span> <span class='ocrx_word' id='word_1_933' title='bbox 2636 5475 2914 5542; x_wconf 84' lang='lat' dir='ltr'><strong>aliquanto</strong></span> <span class='ocrx_word' id='word_1_934' title='bbox 2960 5483 3103 5531; x_wconf 86' lang='lat' dir='ltr'><strong>ante,</strong></span> <span class='ocrx_word' id='word_1_935' title='bbox 3144 5472 3340 5525; x_wconf 86' lang='lat' dir='ltr'><strong>nomen</strong></span> <span class='ocrx_word' id='word_1_936' title='bbox 3374 5472 3479 5525; x_wconf 74' lang='grc' dir='ltr'><strong>Εὖ-</strong></span> 
     </span>
    </p>
   </div>
   <div class='ocr_carea' id='block_1_132' title="bbox 1903 5542 3473 5607">
    <p class='ocr_par' dir='ltr' id='par_1_132' title="bbox 1903 5542 3473 5607">
     <span class='ocr_line' id='line_1_133' title="bbox 1903 5542 3473 5607; baseline -0.001 -11"><span class='ocrx_word' id='word_1_937' title='bbox 1903 5542 2081 5607; x_wconf 74' lang='grc' dir='ltr'>δόξιος</span> <span class='ocrx_word' id='word_1_938' title='bbox 2113 5546 2161 5595; x_wconf 91' lang='lat' dir='ltr'><strong>iu</strong></span> <span class='ocrx_word' id='word_1_939' title='bbox 2199 5542 2331 5606; x_wconf 76' lang='lat' dir='ltr'><strong>Reg.</strong></span> <span class='ocrx_word' id='word_1_940' title='bbox 2379 5544 2617 5598; x_wconf 90' lang='lat' dir='ltr'><strong>secundo</strong></span> <span class='ocrx_word' id='word_1_941' title='bbox 2663 5545 2902 5598; x_wconf 86' lang='lat' dir='ltr'><strong>additum</strong></span> <span class='ocrx_word' id='word_1_942' title='bbox 2938 5542 3124 5604; x_wconf 78' lang='lat' dir='ltr'><strong>fuisse,</strong></span> <span class='ocrx_word' id='word_1_943' title='bbox 3152 5542 3201 5595; x_wconf 89' lang='lat' dir='ltr'><strong>id</strong></span> <span class='ocrx_word' id='word_1_944' title='bbox 3243 5544 3308 5596; x_wconf 89' lang='lat' dir='ltr'><strong>de</strong></span> <span class='ocrx_word' id='word_1_945' title='bbox 3363 5544 3473 5605; x_wconf 73' lang='lat' dir='ltr'><strong>illo,</strong></span> 
     </span>
    </p>
   </div>
   <div class='ocr_carea' id='block_1_133' title="bbox 1903 5612 3473 5684">
    <p class='ocr_par' dir='ltr' id='par_1_133' title="bbox 1903 5612 3473 5684">
     <span class='ocr_line' id='line_1_134' title="bbox 1903 5612 3473 5684; baseline 0.001 -18"><span class='ocrx_word' id='word_1_946' title='bbox 1903 5614 2013 5666; x_wconf 81' lang='grc' dir='ltr'>τῶν</span> <span class='ocrx_word' id='word_1_947' title='bbox 2036 5613 2438 5684; x_wconf 82' lang='grc' dir='ltr'>ἁπλουστέρων,</span> <span class='ocrx_word' id='word_1_948' title='bbox 2481 5615 2585 5667; x_wconf 87' lang='lat' dir='ltr'><strong>dici</strong></span> <span class='ocrx_word' id='word_1_949' title='bbox 2628 5628 2785 5682; x_wconf 84' lang='lat' dir='ltr'><strong>posse</strong></span> <span class='ocrx_word' id='word_1_950' title='bbox 2825 5614 3177 5684; x_wconf 80' lang='lat' dir='ltr'><strong>arbitramur.</strong></span> <span class='ocrx_word' id='word_1_951' title='bbox 3203 5612 3321 5667; x_wconf 81' lang='lat' dir='ltr'><strong>Mox</strong></span> <span class='ocrx_word' id='word_1_952' title='bbox 3345 5617 3473 5667; x_wconf 87' lang='lat' dir='ltr'><strong>editi</strong></span> 
     </span>
    </p>
   </div>
   <div class='ocr_carea' id='block_1_134' title="bbox 1902 5681 3472 5746">
    <p class='ocr_par' dir='ltr' id='par_1_134' title="bbox 1902 5681 3472 5746">
     <span class='ocr_line' id='line_1_135' title="bbox 1902 5681 3472 5746; baseline 0.001 -10"><span class='ocrx_word' id='word_1_953' title='bbox 1902 5684 1996 5737; x_wconf 75' lang='grc' dir='ltr'>ἐπὶ</span> <span class='ocrx_word' id='word_1_954' title='bbox 2023 5681 2322 5737; x_wconf 50' lang='grc' dir='ltr'>τοσοῦτον(</span> <span class='ocrx_word' id='word_1_955' title='bbox 2351 5682 2495 5736; x_wconf 83' lang='lat' dir='ltr'><strong>Libri</strong></span> <span class='ocrx_word' id='word_1_956' title='bbox 2548 5681 2759 5738; x_wconf 74' lang='lat' dir='ltr'><strong>veteres</strong></span> <span class='ocrx_word' id='word_1_957' title='bbox 2797 5685 2875 5746; x_wconf 83' lang='grc' dir='ltr'><strong>εἰς</strong></span> <span class='ocrx_word' id='word_1_958' title='bbox 2907 5681 3183 5735; x_wconf 73' lang='grc' dir='ltr'>τοσοῦτον.</span> <span class='ocrx_word' id='word_1_959' title='bbox 3240 5686 3349 5738; x_wconf 62' lang='lat' dir='ltr'><strong>hec</strong></span> <span class='ocrx_word' id='word_1_960' title='bbox 3401 5687 3472 5738; x_wconf 77' lang='lat' dir='ltr'><strong>ita</strong></span> 
     </span>
    </p>
   </div>
   <div class='ocr_carea' id='block_1_135' title="bbox 1906 5750 3478 5826">
    <p class='ocr_par' dir='ltr' id='par_1_135' title="bbox 1906 5750 3478 5826">
     <span class='ocr_line' id='line_1_136' title="bbox 1906 5750 3478 5826; baseline -0.001 -17"><span class='ocrx_word' id='word_1_961' title='bbox 1906 5756 2072 5809; x_wconf 87' lang='lat' dir='ltr'><strong>multo</strong></span> <span class='ocrx_word' id='word_1_962' title='bbox 2111 5756 2246 5807; x_wconf 73' lang='lat' dir='ltr'><strong>intra</strong></span> <span class='ocrx_word' id='word_1_963' title='bbox 2287 5755 2454 5826; x_wconf 84' lang='lat' dir='ltr'><strong>editio</strong></span> <span class='ocrx_word' id='word_1_964' title='bbox 2489 5766 2668 5809; x_wconf 86' lang='lat' dir='ltr'><strong>nostra</strong></span> <span class='ocrx_word' id='word_1_965' title='bbox 2706 5754 2944 5816; x_wconf 70' lang='grc' dir='ltr'>καὶτοὺς</span> <span class='ocrx_word' id='word_1_966' title='bbox 2976 5750 3224 5823; x_wconf 71' lang='grc' dir='ltr'>ὕστερον,</span> <span class='ocrx_word' id='word_1_967' title='bbox 3251 5755 3478 5826; x_wconf 79' lang='lat' dir='ltr'><strong>Antiqui</strong></span> 
     </span>
    </p>
   </div>
   <div class='ocr_carea' id='block_1_136' title="bbox 1903 5824 2541 5891">
    <p class='ocr_par' dir='ltr' id='par_1_136' title="bbox 1903 5824 2541 5891">
     <span class='ocr_line' id='line_1_137' title="bbox 1903 5824 2541 5891; baseline -0.008 -11"><span class='ocrx_word' id='word_1_968' title='bbox 1903 5828 2008 5880; x_wconf 89' lang='lat' dir='ltr'><strong>duo</strong></span> <span class='ocrx_word' id='word_1_969' title='bbox 2038 5826 2156 5879; x_wconf 85' lang='lat' dir='ltr'><strong>libri</strong></span> <span class='ocrx_word' id='word_1_970' title='bbox 2188 5826 2266 5888; x_wconf 84' lang='grc' dir='ltr'>εἰς</span> <span class='ocrx_word' id='word_1_971' title='bbox 2297 5824 2541 5891; x_wconf 61' lang='grc' dir='ltr'>ὕστερον.</span> 
     </span>
    </p>
   </div>
  </div>
