3978 6410
487 361 594 414 507

1827 368 1882 422 S.
1926 367 2173 424 BASILII
2214 369 2353 425 MAG
2365 370 2434 425 NI

3638 387 3743 441 508

497 473 814 543 dignitatum
851 475 1033 529 habita
1090 486 1340 546 ratione;
1387 494 1560 550 neque
1603 498 1762 538 aures
1805 486 2057 542 obturare

2166 505 2262 547 τας
2290 489 2436 558 (77)·
2489 490 2624 560 μήτε
2678 489 2783 562 μὴν
2831 492 3103 564 ἀξιώμασι
3139 497 3512 568 προσέχοντας
3562 500 3744 570 ἀμαυ-

493 566 907 634 posterioribus,
933 568 1173 636 priorum
1207 571 1406 640 agmini
1448 587 1703 630 concessa
1740 576 1990 633 victoria.

529 909 536 914 .
563 869 691 924 Bas.
717 871 854 937 Quid
880 871 1047 927 dicis?
1083 873 1392 931 Palmamne
1417 878 1604 932 demus
1626 871 2063 948 antiquioribus?

495 976 566 1016 ne
594 976 940 1016 revereamur
967 965 1363 1021 multitudinem
1397 967 1856 1033 Christianorum,
1891 985 2064 1039 neque

495 1069 682 1110 eorum
713 1056 802 1124 qui
842 1072 983 1110 nunc
1020 1067 1174 1121 sunt,
1210 1073 1382 1127 neque
1428 1075 1612 1113 eorum
1672 1061 1762 1130 qui
1821 1060 2062 1125 fuerunt,

497 1161 562 1200 ex
602 1161 707 1214 quo
736 1148 1081 1216 praedicatum
1116 1157 1199 1201 est
1221 1147 1619 1217 Evangelinm?
1649 1165 1716 1204 ne
1753 1160 2062 1218 reputemus

498 1237 814 1308 dignitatem
865 1253 1075 1302 eorum,
1109 1240 1202 1309 qui
1259 1241 1412 1296 donis
1463 1241 1837 1309 spiritualibus
1885 1239 2066 1307 cujus-

495 1345 708 1400 cunque
737 1333 950 1401 generis
985 1332 1317 1398 claruerunt,
1363 1334 1559 1402 quibus
1601 1335 1851 1388 omnibus
1881 1333 2063 1387 inimi-

494 1435 613 1474 cam
647 1431 700 1475 et
724 1423 1005 1477 adversam
1031 1425 1171 1478 banc
1205 1425 1345 1478 viam
1377 1425 1667 1494 impietatis
1687 1439 1873 1479 recens
1903 1438 2064 1478 exco-

495 1513 676 1579 gitasti
714 1531 729 1570 ε
760 1514 853 1568 sed
877 1514 1074 1568 clausis
1106 1530 1329 1584 prorsus
1356 1515 1551 1568 animae
1585 1515 1779 1578 oculis,
1810 1525 1860 1568 et
1887 1515 2062 1569 sancti

494 1603 786 1670 cujuslibet
837 1604 936 1657 viri
995 1605 1254 1659 memoria
1302 1606 1459 1673 211
1504 1620 1534 1659 e
1581 1614 1762 1658 mente
1812 1605 2059 1674 depulsa,

494 1697 862 1764 unusquisque
893 1710 988 1749 cor
1014 1706 1255 1751 nostrum
1286 1702 1514 1749 otiosum
1548 1711 1609 1748 ac
1638 1705 1918 1764 purgatum
1973 1713 2063 1750 ca-

2167 579 2388 650 ροῦσθαι
2425 579 2525 650 τὴν
2571 580 2828 646 διάνοιαν,
2874 583 2906 653 ἦ
2966 588 3031 656 τῇ
3082 587 3229 650 τάξει
3278 589 3387 641 τῶν
3438 589 3742 660 προλαϐὼν-

2163 689 2268 725 των
2297 673 2356 725 τὸ
2390 671 2550 726 πλέον
2581 674 2861 744 νέμοντας,
2899 678 3266 750 ἀποφράττειν
3294 685 3394 747 τὰς
3422 686 3598 748 ἀκοὰς
3635 689 3743 748 τοῖς

2167 765 2432 835 ὑστέροις.

2234 877 2380 931 ΒΑΣ.
2415 879 2479 932 Τί
2511 881 2717 950 λέγεις;
2751 882 2841 953 Μὴ
2876 884 3149 954 νείμωμέν
3175 887 3235 938 τὸ
3265 889 3422 943 πλέον
3458 895 3574 954 τοῖς
3615 911 3746 964 προ-

2163 968 2429 1036 λαϐοῦσι;
2483 973 2554 1043 μὴ
2613 974 2946 1046 αἱδεσθῶμεν
2998 977 3059 1029 τὸ
3115 978 3317 1046 πλῆθος
3371 984 3480 1037 τῶν
3531 1002 3596 1038 τε
3650 987 3745 1040 νῦν

2163 1062 2330 1115 ὄντων
2367 1065 2725 1133 Χριστιανῶν,
2770 1068 2862 1120 καὶ
2907 1068 3014 1120 τῶν
3055 1069 3167 1121 ὅσοι
3208 1072 3495 1138 γεγόνασιν
3552 1077 3654 1146 ἀφ’
3684 1073 3744 1130 οὗ

2165 1154 2473 1224 κατηγγέλη
2521 1154 2583 1208 τὸ
2620 1156 2982 1224 Εὑαγγέλιον;
3026 1160 3099 1231 μὴ
3133 1160 3478 1232 λογισώμεθα
3524 1166 3589 1217 τὸ
3634 1169 3747 1232 eiii-

2163 1260 2289 1314 ωμα
2318 1245 2423 1296 τῶν
2453 1247 2509 1297 ἐν
2543 1247 2813 1311 παντοίοις
2839 1250 3138 1321 χαρίσμασι
3173 1254 3545 1320 διαφανέντων
3584 1275 3749 1310 πνευ-

2168 1340 2434 1406 ματικοῖς,
2460 1333 2540 1401 οἷς
2584 1340 2784 1394 ἅπασιν
2813 1343 3012 1413 ἐχθρὰν
3049 1344 3140 1396 καὶ
3188 1345 3452 1415 πολεμίαν
3499 1348 3602 1418 τὴν
3653 1366 3749 1402 πο-

2162 1430 2333 1501 νηρὰν
2383 1431 2497 1485 όδδν
2550 1433 2752 1503 ταύτην
2799 1436 2898 1504 τῆς
2962 1436 3212 1502 ἀσεϐείας
3265 1438 3744 1509 ἐκαινοτόμησας;

2163 1521 2298 1574 ἀλλὰ
2340 1522 2605 1592 μύσαντες
2638 1525 2972 1591 ἁπαξαπλῶς
3015 1528 3142 1591 τοὺς
3187 1528 3284 1599 τῆς
3330 1531 3512 1599 ψυχῆς
3544 1531 3747 1600 ὀφθαλ-

2167 1611 2317 1680 μοὺς,
2361 1612 2452 1666 καὶ
2485 1615 2683 1677 παντὸς
2717 1616 2870 1684 ἁγίου
2912 1618 3131 1687 μνήμην
3162 1619 3261 1688 τῆς
3301 1619 3747 1691 διανοίαςνὺπερ-

2162 1703 2462 1774 ορίσαντες,
2507 1706 2868 1776 σχολάζουσαν
2899 1710 2993 1763 καὶ
3039 1712 3426 1782 σεσαρωμένην
3469 1714 3573 1782 τὴν
3619 1716 3747 1766 ἐαυ-

492 1788 764 1856 ptionibus
785 1803 845 1840 ac
877 1787 1221 1857 sophismatis
1243 1789 1348 1842 tuis
1365 1788 1690 1842 subdamus?
1719 1786 1908 1856 Magna
1936 1804 2057 1857 pro-

2166 1795 2255 1846 τοῦ
2301 1797 2523 1867 καρδίαν
2553 1798 2780 1862 ἕκαστος
2810 1803 2929 1863 ταῖς
2974 1807 3329 1872 παραγωγαῖς
3360 1819 3452 1856 σου
3498 1805 3597 1857 καὶ
3631 1809 3744 1870 τοῖς

497 1880 639 1934 tecto
673 1880 810 1933 foret
837 1887 925 1932 tua
965 1880 1229 1946 potentia,
1264 1878 1308 1932 si
1336 1894 1453 1947 quae
1487 1878 1766 1945 multiplici
1808 1895 1906 1934 suo
1937 1879 2062 1932 arti-

495 1971 617 2026 Iicio
647 1971 891 2024 diabolus
913 1979 1238 2024 consecutus
1269 1985 1375 2023 non
1403 1977 1505 2033 est,
1538 1984 1600 2023 ea
1631 1969 1724 2022 tibi
1750 1969 1866 2024 solo
1894 1971 2063 2038 impe-

495 2065 576 2117 rio
602 2063 815 2129 assequi
839 2063 1176 2130 contingeret
1204 2081 1216 2115 :
1243 2061 1288 2115 si
1319 2061 1572 2115 videlicet
1596 2076 1852 2130 persuasu
1889 2077 1953 2116 ac
1983 2063 2063 2115 iu-

494 2154 657 2208 ductu
694 2163 783 2209 tuo
830 2153 1174 2207 traditionem
1214 2168 1334 2222 quae
1378 2167 1474 2221 per
1520 2154 1852 2222 prseteritum
1900 2168 2062 2208 omne

497 2255 706 2315 tempus
738 2245 878 2314 apud
908 2255 983 2298 tot
1003 2253 1218 2298 sanctos
1240 2243 1492 2309 obtinuit,
1514 2244 1676 2313 impio
1707 2253 1890 2299 vestro
1922 2260 2064 2299 com-

499 2349 681 2393 mento
719 2347 1187 2408 postponeremus.
1231 2334 1368 2391 Huic
1415 2346 1594 2390 autem
1635 2337 1768 2390 satis
1816 2352 1920 2391 non
1957 2346 2060 2399 est,

495 2445 684 2485 eorum
705 2428 1070 2496 duntaxatqui
1095 2441 1237 2482 nunc
1268 2427 1492 2481 audiunt
1523 2427 1760 2480 animum
1798 2441 2058 2492 avocare;

494 2521 589 2576 sed
636 2519 872 2589 postulat
901 2521 1088 2584 etiam,
1121 2530 1182 2572 ut
1231 2519 1267 2573 ii
1310 2519 1400 2587 qui
1431 2519 1680 2586 deinceps
1725 2518 1960 2572 libellum
1991 2518 2064 2572 le-

497 2610 636 2665 cturi
694 2618 836 2675 sunt,
880 2609 1117 2664 habeant
1149 2617 1384 2662 mentem
1417 2608 1687 2661 eamdem.
1724 2607 1768 2662 O
1825 2608 2057 2662 fastum!

497 2713 688 2769 putare
716 2701 910 2754 librqu
941 2700 1041 2755 sibi
1073 2701 1233 2754 etiam
1285 2699 1339 2755 in
1382 2708 1657 2769 posterum
1713 2699 2057 2767 superstitem

495 2795 632 2861 fore,
679 2806 735 2849 et
784 2793 1098 2848 memoriam
1127 2806 1279 2846 suam
1317 2805 1588 2860 nunquam
1633 2789 1951 2859 perituram.
1999 2790 2066 2845 Et

497 2902 637 2941 nunc
666 2887 882 2955 quidem
915 2894 1195 2953 tantopere
1225 2882 1542 2938 intumescit
1595 2881 1687 2950 qui
1736 2881 1894 2950 paulo
1941 2888 2064 2948 post

496 2978 637 3048 apud
664 2977 938 3031 auditores
972 2975 1196 3044 iocu!ari
1225 2976 1456 3043 quadam
1499 2973 1843 3028 simulatione
1869 2973 2060 3038 utitur,

495 3069 647 3139 quasi
679 3070 872 3123 fastum
896 3082 1110 3123 omnem
1141 3067 1436 3137 negligens,
1463 3064 1667 3134 sicque
1724 3080 1860 3135 quos
1909 3065 2065 3119 ﬁnxit

491 3163 700 3232 judices
724 3162 1020 3231 alloquens.

567 3497 700 3552 Eun.
733 3497 813 3549 Ad
862 3496 996 3560 haec,
1046 3507 1220 3563 neque
1258 3493 1416 3547 nobis
1452 3493 1839 3558 succenseatis,
1882 3493 1925 3546 si
1959 3493 2065 3547 fas-

498 3598 611 3644 tum
635 3590 964 3660 negligentes
995 3603 1057 3641 ac
1089 3587 1361 3647 timorem,
1398 3586 1692 3656 gratiaeque
1739 3586 1987 3654 praesenti
2011 3595 2066 3638 et

498 3683 776 3738 securitati
816 3679 1163 3750 praeferentes
1193 3679 1546 3734 securitatem
1583 3679 1650 3731 ad
1696 3677 1875 3731 futura
1937 3678 2065 3731 atti-

495 3782 736 3839 nentem,
769 3783 930 3841 atque
969 3771 1262 3824 intentatas
1294 3769 1475 3839 impiis
1500 3769 1673 3822 minus
1704 3769 1874 3838 magis
1902 3783 2061 3836 quam

519 3880 763 3921 errenam
793 3879 1005 3919 omnem
1039 3862 1382 3917 aﬂlictionem
1426 3877 1490 3915 ac
1521 3871 1747 3914 mortem
1788 3870 2061 3930 tempora-

502 3974 599 4014 .em
628 3958 940 4013 metuendas
969 3971 1088 4010 esse
1113 3955 1383 4020 arbitrati,
1407 3954 1690 4007 veritatem
1723 3953 1921 4007 nudam
1947 3954 2064 4007 abs-

496 4065 600 4122 que
621 4049 727 4105 ullo
749 4049 1012 4104 velamine
1039 4062 1396 4120 exponamus.

561 4251 686 4307 Bas.
718 4251 889 4318 Quam
912 4250 1178 4320 superbia:
1205 4248 1712 4303 immoderatiouem
1766 4247 1882 4301 haec
1936 4261 2061 4300 ver-

493 4344 680 4398 borum
708 4359 900 4414 pompa
933 4359 1036 4396 non
1064 4342 1313 4396 excedit?
1341 4341 1478 4407 Quin
1505 4340 1660 4393 adest
1675 4338 1870 4392 cavillo
1896 4338 2058 4390 etiam

493 4436 817 4491 contumelia
873 4435 925 4489 in
954 4435 1199 4501 judices:
1268 4433 1557 4502 siquidem,
1588 4440 1877 4500 propterea
1915 4430 2062 4498 quod

494 4529 632 4581 bona
670 4542 810 4597 aegre
865 4525 1064 4590 ferant,
1101 4526 1188 4579 vix
1249 4532 1470 4594 possunt
1522 4523 1656 4592 quin
1704 4530 2062 4577 succenseant

2163 1886 2458 1956 σοφίσμασι
2506 1889 2760 1960 φέροντες
2811 1893 3128 1963 ὑποθῶμενς
3187 1896 3442 1967 Μεγάλης
3499 1897 3650 1966 μέντ’
3679 1899 3744 1952 ἂν

2162 1978 2279 2048 εἴης
2310 1979 2408 2048 τῆς
2451 1979 2762 2045 δυναστείας
2815 1985 3236 2057 ἐπειλημμένος,
3287 1989 3444 2059 εἴπερ
3493 1982 3570 2040 ὧν
3621 1990 3744 2049 ταῖς

2163 2069 2431 2133 ποικίλαις
2491 2073 2684 2126 ἐαυτοῦ
2748 2075 3046 2145 μεθοδείαις
3115 2078 3143 2129 ό
3195 2079 3438 2143 διάϐολος
3491 2081 3594 2133 οὑκ
3645 2081 3740 2132 ἐπ-

2162 2163 2340 2234 έτυχε,
2375 2163 2577 2218 τούτων
2628 2184 2707 2220 σοι
2733 2172 2913 2240 τυχεῖν
2941 2170 3000 2234 ἐξ
3026 2173 3393 2242 ἐπιτάγματος
3417 2173 3742 2244 περιέσται·

2161 2257 2257 2308 ἐάν
2302 2274 2426 2328 περ,
2463 2259 2774 2324 πεισθέντες
2826 2279 2925 2326 σοι,
2969 2262 3066 2333 τὴν
3113 2265 3170 2315 ἐν
3204 2265 3367 2319 παντὶ
3411 2265 3490 2335 τῷ
3540 2268 3748 2336 παρελο

2161 2348 2306 2401 θόντι
2366 2349 2541 2421 χρόνῳ
2599 2350 2702 2404 ὑπὸ
2768 2353 3033 2407 τοσούτων
3095 2356 3264 2424 ἁγίων
3330 2363 3746 2428 κεκρατηκυῖαν

2161 2439 2457 2509 παράδοσιν
2487 2429 2826 2515 ’ἀτιμοτέραν
2863 2444 2972 2514 (78)
3007 2447 3279 2518 κρίνωμεν
3319 2435 3746 2518 τῆςδυσσεεοῦς

2162 2531 2316 2601 ὑμῶν
2347 2533 2607 2598 ἐπινοίας.
2635 2534 2723 2605 Τῷ
2756 2535 2810 2588 δὲ
2859 2537 2959 2590 οὑκ
3009 2532 3228 2608 ἐξᾶρκεῖ
3274 2541 3434 2609 μόνον
3485 2541 3598 2594 τῶν
3651 2542 3745 2594 νῦν

2163 2623 2465 2677 ἀκουόντων
2502 2625 2628 2688 τοὺς
2664 2625 2955 2698 λογισμοὺς
2987 2628 3296 2695 ὑφελέσθαι,
3327 2630 3441 2682 ἀλλ’
3467 2631 3618 2694 ἀξιοῖ
3653 2633 3744 2686 καὶ

2161 2715 2287 2779 τοὺς
2317 2716 2538 2788 ὕστερόν
2574 2735 2700 2772 ποτε
2738 2720 3126 2789 συνεσομένους
3157 2709 3233 2791 τῷ
3273 2721 3414 2792 λόγῳ
3439 2723 3541 2792 τὴν
3576 2724 3744 2792 αὐτὴν

2165 2804 2307 2875 ἔχειν
2335 2806 2581 2878 γνώμην.
2611 2810 2674 2860 Ὢ
2712 2813 2809 2880 τῆς
2841 2810 3190 2875 ἀλαζονείαςί
3222 2811 3282 2864 τὸ
3313 2813 3406 2865 καὶ
3457 2816 3540 2876 είς
3584 2813 3744 2877 ,ὑστε-

2168 2913 2257 2969 ρον
2291 2897 2400 2969 (79)
2426 2899 2630 2952 οἴεσθαι
2665 2901 2813 2971 αὑτῷ
2834 2901 3138 2973 διαρκέσειν
3156 2903 3246 2956 τὸν
3277 2903 3454 2973 λόγον,
3481 2906 3582 2960 καὶ
3613 2907 3744 2962 ὁνῦὸ-

2165 3006 2321 3043 νατον
2347 2993 2424 3054 είς
2458 2991 2548 3044 τὸν
2579 2994 2796 3046 ἐπιόντα
2831 2995 3020 3064 χρόνον
3049 2996 3146 3066 τὴν
3181 2996 3398 3068 μνήμην
3432 2997 3601 3051 αὑτοῦ
3639 3015 3739 3068 φυ-

2166 3081 2551 3152 λαχθήσεσθαι.
2579 3085 2688 3137 Καὶ
2713 3085 2898 3137 «ταῦτα
2935 3086 3028 3138 νῦν
3064 3087 3528 3152 ἀπαυθαδιάζεται
3556 3095 3585 3144 ὁ
3628 3093 3740 3161 μετ’

2093 3183 2134 3240 C
2167 3175 2322 3242 ὀλίγα
2367 3177 2503 3246 πρὸς
2547 3177 2671 3240 τοὺς
2731 3178 3114 3249 ἀκροωμένους
3156 3181 3622 3253 διαθρυπτόμενος
3667 3185 3740 3250 ὡς

2169 3263 2337 3333 τύφου
2373 3267 2570 3330 παντὸς
2598 3268 2834 3339 ἀμελῶν,
2858 3270 3060 3322 οὑτωσὶ
3092 3270 3264 3340 λέγων
3291 3275 3401 3336 τοῖς
3435 3275 3494 3326 ἐν
3519 3277 3599 3346 τῷ
3623 3278 3742 3348 δρά-

2174 3374 2302 3428 ματι
2335 3358 2634 3423 δικασταῖς.

2239 3473 2400 3528 ΕΥΝ.
2430 3473 2572 3543 Πρὸς
2603 3473 2661 3526 δὲ
2688 3474 2897 3539 τούτοις
2924 3476 3058 3547 μηδέ
3102 3477 3232 3547 ἡμῖν
3261 3478 3627 3548 χαλεπαίνειν,
3660 3483 3738 3542 εί,

2169 3564 2337 3634 τύφου
2375 3566 2472 3636 μὲν
2515 3565 2885 3635 ἀμελήσαντες
2915 3568 3008 3620 καὶ
3050 3567 3236 3635 φόϐου,
3280 3570 3380 3639 τῆς
3427 3571 3482 3623 δὲ
3529 3589 3738 3642 παραυ·

2169 3658 2298 3711 τίκα
2334 3659 2558 3731 χάριτος
2590 3658 2682 3711 καὶ
2726 3659 3024 3726 ἀσφαλείας
3055 3659 3153 3728 τὴν
3188 3661 3326 3732 ὑπὲρ
3362 3661 3470 3714 τῶν
3519 3664 3740 3732 μελλόν-

2169 3768 2276 3803 των
2301 3751 2480 3805 ἄδειαν
2521 3753 2973 3822 προτιμήσαντες,
3008 3751 3103 3804 καὶ
3144 3753 3322 3823 πάσης
3350 3755 3596 3822 ἐπιγείου
3638 3775 3742 3810 κε’-

2171 3839 2466 3902 κοπαΟείας
2511 3840 2739 3893 Θανάτου
2768 3858 2828 3893 τε
2868 3843 3200 3916 προσκαίρου
3239 3843 3618 3915 φοϐερωτέραν
3644 3847 3743 3917 τὴν

2169 3931 2311 3984 κατά
2355 3932 2461 3984 τῶν
2491 3932 2700 3985 ἀσεϐῶν
2731 3932 3039 4003 ὡρισμένην
3081 3933 3306 4003 ἀπειλὴν
3350 3932 3489 3986 εἶναι
3520 3937 3744 4005 κρίναν-

2169 4041 2284 4085 τες,
2317 4023 2513 4087 παντὸς
2560 4022 3005 4094 ὲπικαλύμματος
3045 4024 3254 4095 γυμνὴν
3285 4024 3606 4095 ἐκτιθέμεοα
3640 4027 3741 4098 τὴν

2170 4115 2444 4186 ἀλήθειαν.

2240 4229 2384 4281 ΒΑΣ.
2422 4228 2586 4291 Ποίας
2636 4227 2945 4293 ἀλαζονείας
2990 4227 3290 4300 ὑπερϐολὴν
3318 4229 3346 4280 ὁ
3389 4228 3600 4298 κόμπος
3649 4225 3740 4283 οἷο

2168 4335 2257 4381 τος
2303 4319 2407 4371 τῶν
2456 4320 2626 4387 λόγων
2677 4321 2772 4390 οὐχ
2823 4320 3148 4392 ὑπεραίρει;
3198 4320 3308 4374 Καὶ
3359 4321 3620 4391 πρόσεστι
3669 4325 3736 4391 τῇ

2169 4413 2418 4482 εἰρωνείᾳ
2447 4413 2539 4464 καὶ
2569 4412 2724 4484 ὑϐρις
2759 4412 2898 4466 κατὰ
2932 4411 3037 4466 τῶν
3080 4411 3406 4476 δικαζόντων
3426 4429 3439 4441 ·
3471 4411 3628 4481 εἴπερ
3659 4414 3738 4480 τῷ

2169 4501 2302 4573 πρὸς
2334 4503 2401 4555 τὰ
2429 4503 2569 4556 καλά
2606 4503 2880 4573 δυσχερῶς
2922 4502 3063 4572 ἔχειν
3098 4503 3247 4572 μόλις
3292 4502 3610 4572 κατέχονται
3637 4520 3737 4572 χα-

495 4620 634 4683 viro,
669 4593 758 4687 qui
793 4619 1013 4690 negligit
1039 4619 1234 4672 fastum
1253 4593 1316 4671 ac
1350 4625 1653 4680 tumorem;
1684 4614 1774 4683 qui
1809 4623 2057 4682 spectan-

2166 4594 2504 4659 λεπαίνοντες
2525 4594 2810 4665 ἀμελοῦντι
2841 4594 2936 4664 μὲν
2971 4594 3259 4658 αὐθαδείας
3281 4595 3374 4647 καὶ
3396 4593 3567 4661 τύφου
3599 4594 3732 4661 (80},

498 4717 606 4762 tem
653 4708 718 4762 ad
753 4707 928 4761 futura
961 4707 1300 4762 securitatem
1340 4704 1593 4772 praesenti
1635 4717 1744 4756 sua:
1778 4702 2058 4755 securitati

495 4796 804 4865 anteponit;
838 4797 928 4866 qui
954 4796 1186 4850 futurum
1213 4793 1531 4863 supplicium
1572 4801 1742 4847 morte
1770 4791 2056 4858 temporali

496 4887 807 4943 horribilius
842 4889 1065 4956 iudicat.
1101 4886 1238 4953 Quid
1291 4895 1466 4940 autem
1502 4885 1608 4939 hoc
1629 4885 1731 4937 sibi
1767 4883 1924 4936 vult?
1959 4881 2057 4948 Ne,

495 4979 614 5046 viri,
645 4980 1008 5034 succenseatis
1051 4978 1200 5044 mihi,
1241 4978 1332 5047 qui
1361 4976 1428 5030 ad
1466 4977 1638 5045 ipsum
1676 4975 1897 5030 virtutis
1925 4975 2040 5044 api-

708 5228 840 5297 Reg.
872 5228 1060 5283 tertius
1090 5229 1448 5300 συνάψαντας.

559 5299 671 5370 (78)
713 5300 842 5367 Reg.
866 5310 1089 5365 quartus
1113 5299 1390 5370 κρινοῖμεν
1431 5320 1443 5354 :
1472 5315 1576 5368 quo
1604 5299 1658 5352 in
1705 5300 1891 5354 codice
1917 5299 2040 5366 legi-

487 5378 576 5424 tur
603 5372 814 5436 quidem
842 5370 1117 5438 περινοίας
1153 5389 1164 5423 :
1195 5375 1284 5423 sed
1309 5375 1377 5424 ita
1405 5380 1606 5432 tamen,
1639 5379 1698 5423 ut
1730 5385 1852 5423 vera
1882 5370 2046 5437 lectio

488 5439 730 5502 ἐπινοίας
765 5443 816 5492 in
841 5456 933 5494 ora
963 5441 1082 5492 libri
1113 5441 1288 5492 addita
1324 5441 1414 5494 sit.

489 5579 510 5594 η
557 5511 666 5579 (79)
716 5509 855 5564 Editi
912 5511 1006 5568 καὶ
1040 5509 1283 5580 ὕστερον.
1339 5512 1564 5566 Codices
1612 5525 1714 5564 non
1753 5510 1904 5578 pauci
1969 5512 2047 5573 εἰς

487 5597 725 5646 υστερον.

557 5652 668 5718 (80)
703 5652 898 5705 Horum
954 5651 1240 5706 verborum
1289 5667 1348 5706 ea
1384 5659 1465 5705 est
1505 5650 1768 5705 sententia
1803 5666 1815 5700 :
1865 5649 2043 5702 Euno-

488 5723 626 5775 mius
651 5724 704 5774 in
735 5739 858 5777 suos
883 5721 1092 5788 judices
1117 5723 1536 5777 contumeliosus
1565 5733 1670 5779 est.
1705 5735 1824 5773 cum
1857 5722 1922 5773 de
1961 5737 2039 5774 eis

485 5795 558 5847 ita
591 5792 834 5857 loquatur
867 5794 1016 5856 quasi
1045 5808 1133 5848 res
1169 5794 1461 5849 laudandus
1487 5792 1667 5846 animo
1695 5791 1876 5851 iniquo
1899 5789 2039 5846 ferre

2159 4694 2257 4761 τῆς
2298 4691 2353 4743 δέ
2381 4693 2438 4743 ἐν
2470 4690 2546 4761 τῷ
2577 4690 2802 4761 παρόντι
2829 4691 3133 4758 ἀσφαλείας
3161 4690 3259 4760 τὴν
3295 4689 3432 4760 ὑπὲρ
3462 4689 3572 4741 τῶν
3607 4691 3735 4757 μελε

2158 4786 2354 4839 λόντων
2385 4784 2565 4836 ἄδειαν
2599 4781 2957 4854 προτιμῶντι,
2991 4783 3085 4835 καὶ
3124 4781 3216 4833 τοῦ
3263 4779 3594 4851 προσκαίρου
3639 4779 3736 4830 Θα-

2158 4880 2316 4933 νάτου
2352 4875 2733 4947 φοϐερωτέραν
2785 4875 3022 4946 κρίνοντι
3069 4875 3166 4944 τὴν
3219 4875 3297 4936 εἰς
3345 4873 3569 4943 ὕστερον
3622 4872 3731 4942 (81)

3694 4960 3720 4978 τ

2148 4972 2385 5024 κόλασιν.
2427 4968 2597 5022 Τοῦτο
2624 4969 2679 5021 δέ
2709 4969 2824 5021 ἐστι
2872 4968 2960 5033 si;
3007 4969 3097 5039 Μὴ
3131 4964 3482 5037 χαλεπαίνετὲ
3531 4982 3642 5035 μοι,
3685 4964 3733 5019 ὦ

2157 5229 2479 5295 potuissent.
2539 5227 2694 5293 Mihi,
2754 5227 2950 5296 inquit,
2991 5241 3058 5281 ne
3123 5225 3528 5296 succenseatis.
3589 5228 3728 5293 quod

2157 5300 2353 5353 fastum
2410 5315 2468 5351 ac
2518 5309 2783 5353 tumorem
2832 5295 3192 5364 neglexerint,
3223 5306 3326 5349 etc.
3370 5295 3537 5347 Nemo
3587 5300 3727 5348 enim

2157 5385 2262 5423 non
2290 5370 2431 5421 videt
2458 5369 2809 5428 Eunomiutu,
2846 5369 2889 5421 si
2934 5371 3091 5428 bene,
3124 5376 3181 5418 ut
3223 5382 3318 5432 par
3367 5374 3505 5426 erat,
3529 5366 3594 5416 de
3622 5370 3728 5418 suis

2149 5439 2425 5505 judicibus
2449 5439 2840 5500 existimasset,
2873 5452 3150 5504 nunquam
3183 5435 3365 5488 ναι-ωε
3395 5437 3467 5488 ita
3506 5436 3726 5504 injurio‘

2153 5513 2226 5563 sis
2259 5525 2478 5560 usurum
2514 5511 2696 5562 luisse.

2224 5579 2497 5649 (Μηλίνιή
2531 5592 2739 5631 veteres
2763 5579 2840 5639 είς
2867 5575 3129 5649 ’ὑστερονέ
3165 5576 3430 5649 Aliostsi;
3474 5589 3502 5625 a
3538 5574 3729 5649 Vulga-

2151 5643 2240 5700 ῐῑςξ
2275 5647 2382 5700 lloi:
2422 5650 2534 5713 ipso
2596 5651 2645 5700 iu
2689 5650 2806 5698 lm-o
2861 5643 3199 5700 ιιιΗΠΤοῦτο
3237 5646 3293 5697 δέ
3321 5648 3436 5696 ἐστι
3466 5643 3725 5697 τοιοῦτον.

2149 5718 2501 5789 Tt';(sic)gu'1
2545 5718 3194 5791 χαλεπαίνετεηΛιιιίψιὶ
3230 5727 3336 5769 tres
3395 5717 3512 5768 libri
3574 5723 3631 5765 ιιι
3678 5732 3724 5766 tu

2149 5801 2423 5844 ςοιιιυιιη.
