3978 6410
349 344 452 398 513

1434 331 1802 388 ADVERSL'S
1843 326 2208 386 EUNOMIUM
2251 325 2380 386 LIB.
2427 325 2468 386 i.

3479 335 3580 387 ιλιι

347 481 476 538 ματι
508 466 567 519 τὺ
597 463 795 518 ἁπλοῦν
826 460 922 529 τῆς
951 459 1183 521 πίστεως
1219 459 1351 527 (97),
1382 453 1491 510 οἷόν
1515 475 1566 510 τι
1590 459 1800 528 δέλεαρ,
1823 474 1911 509 πε-

2022 472 2132 509 suae
2161 455 2303 510 velut
2335 456 2493 510 hamo
2524 455 2588 508 ad
2627 464 2856 509 mortem
2894 453 3130 510 trahenti
3177 454 3581 527 simplicitatem

345 557 604 630 ριϐἀλλει,
634 552 720 605 ἵνα
753 551 830 621 τῷ
863 550 1169 620 φαινομένῳ
1202 550 1590 620 ἐπιδραμόντες
1614 551 1663 601 οἱ
1693 550 1914 620 ἀπειρό-

343 665 506 718 τεροι,
542 642 866 712 ἀφυλάκτως
890 640 968 711 τῷ
1001 640 1156 710 κακῷ
1186 639 1284 709 τῆς
1317 640 1570 702 ἀσεϐείας
1598 638 1911 710 περιπαρῶ-

345 751 445 790 σιν.
484 733 570 794 Ὡς
615 733 680 785 ἂν
721 732 778 785 δὲ
815 732 888 803 μὴ
922 731 1120 796 δόξειεν
1154 730 1280 784 ἄνευ
1312 730 1556 799 ἀνάγκης
1584 731 1650 799 τῇ
1681 730 1912 798 ἐπιδιορ-

343 824 503 878 θώσει
545 825 643 895 τῆς
685 825 917 886 πίστεως
963 826 1251 893 ἐγχειρεῖν,
1289 824 1353 893 ἣν
1384 822 1543 885 αὐτὸς
1575 823 1910 891 ἀπεσέμνυνε

340 921 460 981 ταῖς
491 918 815 982 ὑπερϐολαῖς
845 917 952 969 τῶν
982 917 1238 980 ἐπαίνων,
1262 916 1482 986 ταύτην,
1511 917 1699 986 ὥσπερ
1726 913 1912 967 ἐπιλα-

340 1011 563 1082 θόμενος
592 1011 701 1082 (98)
727 1010 838 1062 τῶν
870 1007 1062 1062 ἑαυτοῦ
1093 1007 1286 1077 λόγων,
1324 1007 1593 1078 σκέψασθε
1637 1007 1753 1070 πῶς
1799 1007 1913 1060 δια-

341 1103 516 1175 σύρει.

408 1195 566 1248 ΕΥΝ.
622 1193 683 1246 ἸΙ
721 1192 817 1263 μὲν
846 1186 937 1244 οὖν
967 1189 1308 1262 ἁπλουστέρα
1359 1193 1453 1244 καὶ
1500 1189 1649 1260 κοινὴ
1695 1189 1910 1242 πάντων

338 1288 518 1348 πίστις
545 1288 687 1348 ὅσοις
718 1283 778 1336 16
803 1283 976 1336 δοκεῖν
1009 1281 1040 1353 ἢ
1073 1284 1133 1336 τὸ
1173 1280 1311 1336 εἶναι
1353 1284 1694 1353 Χριστιανοῖς
1721 1284 1911 1352 ἐπιμε-

335 1379 445 1442 λὲς,
473 1379 545 1441 ὡς
569 1380 624 1430 ἐν
654 1377 913 1447 ἐπιδρομῇ
940 1374 1465 1446 κεφαλαιωδέστερον
1492 1377 1683 1440 εἰπεῖν,
1714 1373 1872 1445 αὐτη.

409 1471 556 1522 ΒΑΣ.
583 1467 716 1520 Εἰπέ
746 1483 854 1538 μοι,
878 1467 909 1535 ἡ
935 1466 1161 1535 εὐσεϐὴς
1182 1463 1288 1516 τῶν
1311 1466 1569 1536 Πατέρων
1593 1465 1907 1537 παράδοσις,

337 1562 432 1616 καὶ
459 1564 486 1614 6
514 1559 712 1622 κανὼν,
744 1559 817 1618 ὡς
844 1556 1002 1619 αὐτὸς
1025 1556 1333 1626 ὠνόμασας,
1365 1557 1458 1609 καὶ
1482 1558 1508 1609 6
1537 1553 1790 1625 γνώμων,
1817 1555 1910 1608 καὶ

337 1654 398 1706 τὸ
431 1652 670 1721 ἀσφαλὲς
693 1648 802 1718 (99)
833 1649 1134 1719 κριτήριον,
1166 1647 1259 1700 νῦν
1291 1648 1520 1718 ὄργανον
1547 1647 1782 1718 ἀπάτης,
1817 1648 1910 1699 καὶ

333 1746 500 1815 τέχνη
540 1738 938 1809 σχηματισμοῦ,
974 1740 1064 1790 καὶ
1089 1737 1158 1790 τά
1183 1737 1402 1790 τοιαῦτα
1440 1737 1600 1791 πάλιν
1641 1754 1911 1807 προσαγο-

338 1838 556 1909 ρεύεται
587 1831 697 1902 (l);
728 1831 789 1883 Ei
817 1831 925 1902 γὰρ
954 1832 1071 1902 οὐχ).
1093 1833 1205 1895 τοῖς
1233 1833 1400 1896 ὅντως
1426 1828 1544 1885 οὖσι
1566 1834 1910 1903 Χριστιανοῖς

336 1924 658 1997 ἐφαρμόζει,
692 1922 826 1976 ἀλλά
859 1926 968 1986 τοῖς
995 1924 1054 1976 τὸ
1081 1923 1252 1977 δοκεῖν
1280 1923 1384 1995 πρὸ
1411 1925 1504 1976 τοῦ
1536 1920 1670 1977 εἶναι
1695 1941 1914 1996 τετιμη·

337 2019 476 2078 κόσι,
503 2016 553 2068 τί
581 2015 706 2068 ἄλλο
730 2015 857 2085 περὶ
889 2015 1057 2084 αὐτῆς
1082 2016 1483 2086 ὑπολαμϐάνειν
1503 2015 1534 2087 ἢ
1558 2016 1727 2069 ταῦτα
1753 2034 1910 2087 προσο

332 2109 470 2179 ἧκες
505 2106 598 2168 Τίς
640 2103 706 2157 ἂν
739 2099 851 2168 οὖν,
891 2105 964 2174 μὴ
1000 2105 1274 2168 παντελῶς
1306 2106 1650 2177 παραπαίων,
1689 2107 1778 2158 τον
1815 2123 1914 2159 κα-

334 2200 459 2253 νόνα
487 2197 578 2250 τοῦ
607 2196 806 2259 εὐθέως
839 2199 950 2259 τοῖς
979 2196 1076 2268 τὴν
1107 2197 1280 2268 ψυχὴν
1308 2197 1707 2267 ἐνδιαστρόφοις
1740 2197 1910 2268 ἁρμό-

333 2290 446 2354 ζειν
475 2288 637 2349 εἴποι,
667 2287 863 2340 καὶτὸν
887 2287 1139 2358 γνώμονα
1160 2289 1255 2358 τῆς
1279 2287 1533 2360 ἀληθείας
1561 2291 1670 2351 τοῖς
1700 2287 1912 2358 ἐχθροῖς

332 2381 434 2450 τῆς
488 2378 774 2449 ἀληθείαςς
828 2380 890 2431 0i
944 2380 1051 2450 γάρ
1091 2379 1150 2433 τὸ
1196 2380 1554 2451 ὀνομάζεσθαι
1600 2381 1912 2452 Χριστιανοὶ

332 2471 441 2541 πρὸ
473 2470 568 2522 τοῦ
600 2469 816 2540 ἀληθῶς
851 2464 988 2523 εἶναι
1017 2471 1391 2541 τετιμηκότες,
1421 2473 1512 2524 ἐπὶ
1541 2474 1605 2542 τῇ
1648 2470 1755 2523 τῶν
1788 2471 1912 2524 πολ-

333 2563 442 2615 λῶν
471 2563 658 2635 ἀπάτῃ
687 2564 762 2633 (2)
790 2563 878 2615 τὸν
916 2565 1290 2634 σχηματισμὸν
1321 2563 1506 2616 τοῦτον
1538 2563 1910 2634 ὑποδυόμενοι,

334 2655 530 2726 ττόρρω
595 2655 774 2723 πάσης
826 2652 1117 2724 εὐθύτητος
1171 2657 1261 2707 καὶ
1297 2655 1550 2724 ἀληθείας
1589 2654 1746 2710 εἰσίν.
1777 2654 1911 2708 Οὐτε

331 2743 424 2800 οὖν
455 2746 882 2816 διεστραμμένον
919 2747 1428 2819 κατευθυνθήσεται,
1458 2748 1533 2811 ὡς
1559 2747 1653 2800 τοῦ
1689 2748 1913 2820 Ἐκκλη-

335 2837 616 2892 σιαστικοῦ
643 2837 820 2905 λόγος,
857 2837 980 2891 οὐτε
1013 2840 1080 2892 τά
1107 2840 1205 2910 τῆς
1236 2839 1490 2910 ἀληθείας
1516 2841 1768 2911 κριτήρια
1801 2843 1912 2905 τοῖς

332 2930 393 2983 τὸ
442 2929 636 2999 ψεῦδος
692 2931 831 2983 κατά
866 2931 957 2983 τὸν
992 2930 1105 3000 βίον
1149 2932 1440 3002 ᾑρημένοις
1477 2933 1726 3004 ἁρμόσει.
1776 2933 1912 3004 ὅπερ

333 3022 426 3076 τού
440 3041 508 3093 τῳ
534 3023 696 3076 δοκεῖ.

406 3115 457 3168 5.
516 3113 674 3166 Ἀλλά
715 3113 782 3167 δι’
815 3114 881 3177 ἃς
915 3109 1068 3167 εἷπον
1104 3115 1282 3178 αἰτίας
1323 3117 1402 3178 εἰς
1429 3115 1569 3168 οὓτω
1613 3115 1908 3188 προδήλους
1937 3150 1982 3212 c

333 3207 712 3276 ἐναντιότητας
754 3206 1046 3278 ὐπενέχθη,
1105 3207 1190 3262 ἵνα
1221 3201 1301 3270 οἷς
1327 3208 1428 3278 μὲν
1456 3211 1667 3261 ἐπαινεῖ
1688 3208 1784 3279 τὴν
1817 3208 1907 3260 πί-

336 3317 453 3353 στιν
473 3303 747 3354 κοινωνεῖν
773 3303 882 3362 τοῖς
903 3300 1146 3370 Πατράσι
1163 3300 1262 3366 τῆς
1284 3301 1561 3366 εὐσεϐείας
1581 3301 1728 3376 δόξῃ,
1756 3297 1837 3365 οἷς
1853 3302 1908 3354 δὲ

333 3386 668 3462 λαμϐάνεται
698 3390 855 3442 πάλιν
874 3390 1064 3460 αὐτῆς,
1088 3391 1185 3462 τὴν
1207 3391 1322 3444 ὁδὸν
1351 3391 1427 3461 (5)
1450 3391 1626 3462 ἐαυτῷ
1649 3392 1784 3462 πρὸς
1812 3391 1910 3462 τὴν

335 3484 594 3556 ἐξήγησιν
626 3483 908 3556 ὐπανοίξῃ.
945 3483 1041 3536 Διά
1074 3482 1232 3536 τοῦτο
1260 3485 1358 3554 τὴν
1395 3485 1563 3556 αὐτὴν
1589 3486 1682 3538 καὶ
1711 3487 1911 3540 κανόνα

334 3572 504 3645 λέγει,
549 3577 641 3629 καὶ
693 3575 1011 3646 προσθήκης
1054 3576 1214 3646 φησὶν
1263 3576 1655 3648 ἀκριϐεστέρας
1685 3577 1907 3630 δεῖσθαι.

335 3670 504 3724 Τοῦτο
533 3671 587 3723 δέ
617 3670 748 3723 αὐτὸ
783 3670 857 3740 (ι)
891 3670 983 3722 καὶ
1013 3670 1111 3738 τῆς
1138 3669 1374 3738 ἐσχάτης
1396 3668 1661 3738 ἀμαθείας
1690 3673 1912 3740 σημεῖον

334 3763 496 3823 ἔστω,
520 3763 573 3814 εἴ
602 3780 679 3832 τῳ
700 3763 793 3814 καὶ
821 3760 977 3814 τοῦτο
1003 3759 1152 3828 φίλον
1180 3760 1584 3834 παρεξετάζειν.
1620 3763 1678 3813 Ὀ
1703 3763 1811 3832 γάρ
1833 3779 1912 3815 τοι

336 3852 541 3915 κανὼν,
572 3847 616 3906 ὦ
645 3852 941 3922 σοφώτατε,
991 3853 1084 3904 καὶ
1133 3851 1161 3902 6
1207 3849 1458 3921 γνώμων,
1510 3851 1613 3914 ἓως
1644 3851 1708 3904 ἂν
1749 3852 1912 3922 μηδὲν

336 3947 493 4018 ἐνδέῃ
543 3945 636 3998 τοῦ
671 3944 850 3998 κανὼν
882 3940 1020 3997 εἶναι
1049 3946 1143 3997 καὶ
1168 3943 1421 4015 γνώμων,
1452 3941 1707 4012 οὐδεμίαν
1747 3960 1914 4014 προσ-

336 4039 511 4111 θήκην
541 4039 622 4100 εἰς
646 4036 928 4108 ἀκρίϐειαν
950 4035 1272 4112 ἐπιδέχεται.
1316 4034 1472 4088 Κατά
1503 4033 1611 4104 γὰρ
1638 4032 1698 4086 τὸ
1748 4034 1916 4086 ἐλλεῖ-

336 4147 439 4183 πον
478 4131 509 4200 ή
541 4127 848 4200 πρόσθεσις.
907 4127 1138 4189 Ἀτελεῐς
1168 4126 1223 4178 δέ
1249 4127 1606 4196 ὑπάρχοντες,
1653 4126 1773 4179 οὐδέ
1806 4126 1914 4180 τῶν

339 4221 720 4293 προσηγοριῶν
752 4221 955 4274 τούτων
1008 4221 1176 4288 ὑγιῶς
1217 4219 1282 4272 ἂν
1311 4220 1390 4272 ἔτι
1429 4220 1766 4290 τυγχάνοιεν.
1806 4220 1914 4273 Kal.

338 4313 510 4367 ταῦτα
544 4313 642 4383 μὲν
678 4314 756 4374 εἰς
794 4311 1067 4365 τοσοῦτον.
1111 4311 1249 4380 Ἤδη
1279 4310 1335 4362 δὲ
1374 4311 1466 4364 καὶ
1506 4308 1598 4373 οὓς
1640 4307 1914 4362 ἐκτίθεται

340 4409 468 4478 περὶ
497 4404 630 4456 Θεοῦ
664 4404 852 4472 λόγους
881 4401 1326 4473 ἐπισκεψώμεθα.

2018 547 2138 601 ﬁdei
2169 563 2263 601 ceu
2296 562 2474 601 escam
2506 547 2797 616 quamdam
2841 548 3162 612 circumdat,
3200 552 3255 601 ut
3284 547 3581 615 imperitio-

2019 651 2104 689 res
2139 637 2204 690 ad
2243 636 2292 688 id
2334 637 2475 705 quod
2509 645 2732 704 apparet
2762 636 3112 703 festinantes,
3145 638 3357 690 incaute
3394 637 3583 706 impie-

2019 727 2147 782 tatis
2179 727 2388 782 srelere
2435 729 2842 794 transfiguntur.
2892 726 2997 782 Sed
3050 745 3116 783 ne
3167 731 3406 784 videatur
3444 731 3579 785 citra

2017 820 2390 873 necessitatem
2442 820 2875 874 emendationem
2929 819 3048 872 ﬁdei
3107 822 3365 890 aggredi,
3418 838 3578 892 quant

2014 909 2130 980 ipse
2175 913 2404 965 summis
2440 911 2688 966 laudibus
2741 913 2955 974 extulit.
2998 912 3172 966 videte
3215 915 3482 982 quomodo
3529 915 3580 969 ei

2013 1003 2166 1071 quasi
2201 1005 2487 1059 verborum
2514 1019 2731 1060 suorum
2763 1004 2962 1060 oblitus
2988 1005 3254 1060 detrahat.

2083 1180 2216 1236 Eun.
2249 1180 2556 1253 Simplicior
2583 1183 2743 1254 igitur
2769 1191 2823 1239 et
2839 1185 3139 1240 communis
3162 1185 3292 1240 ﬁdes
3314 1187 3574 1251 omnium,

2011 1276 2102 1345 qui
2141 1286 2234 1330 aut
2263 1275 2453 1338 videri,
2483 1286 2574 1330 ant
2605 1291 2723 1331 esse
2748 1277 3045 1332 Christiani
3077 1279 3321 1348 cupiunt,
3352 1289 3407 1333 ut
3431 1294 3579 1334 como

2011 1369 2207 1438 pcndio
2233 1385 2295 1422 ac
2321 1370 2630 1423 sunnnatim
2663 1370 2836 1424 dicam
2859 1405 2882 1436 ,-
2907 1372 3022 1426 iure
3049 1383 3151 1426 est.

2082 1457 2206 1512 Bas.
2251 1458 2343 1512 Dic
2390 1459 2545 1521 mihi,
2593 1459 2680 1524 pia
2724 1458 2942 1514 Patrum
2987 1461 3206 1515 traditio
3254 1461 3576 1531 regulaque,

2012 1553 2088 1605 uti
2126 1552 2238 1620 ipse
2293 1553 2624 1620 nominasti,
2654 1562 2708 1608 et
2755 1554 3017 1619 anmssis,
3058 1554 3579 1623 tutaquejudicandi

2012 1646 2153 1698 ratio
2185 1685 2199 1707 ,
2237 1660 2378 1698 nunc
2431 1660 2620 1698 rursus
2668 1645 3083 1699 instrumentum
3127 1647 3361 1711 fraudis,
3392 1658 3448 1699 et
3493 1663 3581 1702 ars

2011 1737 2334 1802 simulandi,
2375 1747 2429 1790 et
2471 1737 2571 1788 alia
2605 1737 2655 1790 id
2689 1753 2855 1806 genus
2899 1739 3234 1807 appellatur?
3279 1739 3488 1793 Etenim
3534 1740 3580 1793 si

1943 1808 1982 1862 Β
2012 1843 2106 1883 eos
2139 1829 2229 1898 qui
2262 1843 2388 1882 vere
2432 1827 2730 1882 Christiani
2772 1839 2896 1882 sunt
2941 1846 3278 1900 nequaquam
3307 1831 3497 1897 decet,
3527 1840 3582 1885 at

2015 1921 2079 1975 iis
2123 1930 2296 1974 tamen
2331 1920 2419 1989 qui
2455 1921 2622 1974 videri
2670 1935 2829 1989 quam
2857 1933 2977 1976 esse
3007 1921 3231 1987 malunt,
3269 1924 3394 1992 quid
3436 1924 3579 1977 aliud

2015 2015 2080 2067 de
2106 2027 2165 2068 ea
2198 2027 2360 2081 quam
2391 2012 2516 2066 talia
2547 2013 2752 2068 sentire
2781 2015 3070 2068 convenit?
3101 2015 3232 2082 Quis
3265 2016 3448 2086 igitur,
3477 2018 3580 2072 nisi

2013 2105 2234 2159 demens
2282 2103 2502 2158 omnino
2538 2104 2631 2168 sit,
2688 2105 2887 2160 dixerit
2929 2107 3164 2177 regulam
3217 2111 3346 2162 recti
3386 2110 3450 2163 iis
3489 2111 3581 2179 qui

2013 2197 2192 2250 animo
2221 2211 2472 2266 perverso
2508 2209 2636 2252 sunt
2665 2200 2973 2263 convenire,
3009 2209 3104 2253 aut
3129 2201 3375 2256 veritatis
3401 2217 3582 2256 amns;

2015 2289 2140 2354 sim,
2185 2291 2250 2344 iis
2284 2292 2373 2359 qui
2406 2291 2650 2345 veritatis
2685 2301 2810 2345 sunt
2835 2292 3075 2346 inimici?
3102 2293 3202 2359 Qui
3231 2295 3372 2348 enim
3399 2295 3581 2350 vocari

2013 2381 2308 2436 ChriStiani
2333 2397 2492 2450 quam
2525 2397 2649 2438 Vere
2672 2398 2791 2438 esse
2819 2383 3143 2453 maluerunt,
3177 2386 3575 2442 simulationem

2013 2476 2153 2530 hanc
2197 2475 2263 2528 ad
2297 2475 2493 2529 multos
2525 2474 2874 2544 decipiendos
2919 2478 3236 2540 induentes,
3285 2479 3469 2547 procul
3513 2481 3580 2535 ab

2011 2566 2156 2620 οιιιιιί
2207 2567 2532 2620 rectitudine
2566 2581 2630 2621 ac
2682 2569 2915 2623 veritate
2945 2571 3161 2624 absunt.
3203 2569 3386 2639 Neque
3419 2572 3582 2640 igitur

2012 2657 2301 2711 distortum
2360 2657 2642 2726 dirigetur,
2705 2659 2850 2714 velut
2899 2659 3252 2716 Ecclesiastes
3307 2663 3441 2718 dixit
3473 2660 3519 2696 ⁸⁸
3561 2679 3578 2720 :

2014 2763 2189 2815 neque
2209 2749 2452 2804 veritatis
2470 2750 2670 2819 judicia
2692 2752 2758 2806 iis
2785 2752 2876 2822 qui
2905 2753 2957 2806 in
2977 2752 3080 2807 vita
3103 2755 3440 2809 mendacium
3460 2771 3581 2810 am-

2013 2841 2212 2910 plexati
2265 2852 2423 2909 sunt,
2461 2845 2790 2900 convenient
2829 2861 2843 2899 ε
2893 2847 3036 2915 quod
3083 2847 3299 2916 quidem
3344 2849 3468 2905 huic
3504 2850 3581 2905 vi-

2011 2932 2187 2988 detur.

2087 3112 2140 3166 5.
2184 3109 2382 3168 Verum
2428 3113 2498 3169 ob
2526 3128 2622 3170 eas
2652 3131 2788 3185 quas
2821 3117 2977 3171 retuli
3008 3131 3198 3172 causas
3241 3130 3345 3172 tam
3395 3129 3584 3190 aperte

2015 3221 2199 3262 secum
2238 3217 2459 3278 pugnat,
2498 3219 2556 3264 ut
2601 3209 2728 3264 dum
2773 3211 2956 3265 laudat
2988 3211 3169 3277 Iidem,
3216 3212 3432 3280 pietatis
3480 3214 3584 3268 Pa-

2015 3308 2158 3349 trum
2209 3299 2477 3368 particeps
2522 3313 2644 3354 esse
2693 3300 2941 3354 videatur
2985 3317 2999 3355 :
3055 3302 3180 3355 dum
3239 3317 3367 3357 vero
3412 3303 3583 3373 ipsam

2013 3403 2206 3444 rursus
2237 3389 2582 3455 criminatur,
2615 3392 2756 3444 viam
2801 3393 2903 3446 sibi
2937 3395 3145 3462 aperiat
3187 3394 3255 3448 ad
3289 3396 3582 3464 expositio-

2014 3500 2158 3539 nem.
2187 3483 2528 3555 Quapmpter
2565 3487 2807 3541 eamdem
2842 3497 2896 3541 et
2924 3487 3159 3556 regulam
3197 3491 3446 3558 appellat,
3481 3491 3583 3544 ait-

2014 3591 2122 3646 que
2169 3592 2288 3631 eam
2340 3579 2714 3634 additamento
2766 3583 3106 3637 accuratiore
3164 3583 3422 3652 indigere.
3474 3582 3585 3639 Hoc

2016 3672 2193 3738 ipsum
2252 3682 2436 3726 autem
2481 3671 2644 3725 etiam
2703 3681 2960 3726 extremae
3009 3672 3329 3742 ignorantia:
3371 3677 3584 3745 signum

2015 3759 2203 3826 fuerit,
2237 3763 2282 3816 si
2317 3763 2404 3815 cui
2440 3761 2491 3815 id
2524 3777 2743 3831 quoque
2771 3763 3077 3832 disquirere
3109 3764 3342 3820 libuerit.
3381 3750 3582 3837 Regula

2013 3851 2160 3907 enim
2205 3863 2260 3906 et
2310 3852 2562 3919 amussis,
2617 3867 2650 3906 ο
2699 3853 3114 3921 sapientissime,
3173 3855 3406 3923 qnandiu
3449 3857 3584 3912 nihil

2015 3945 2245 3999 defuerit
2296 3945 2584 4015 quominus
2633 3946 2814 4016 regula
2871 3947 2978 3999 sint
3021 3956 3075 4000 et
3120 3947 3284 4020 214
3327 3950 3583 4016 amussis,

2015 4039 2380 4092 accessionem
2422 4037 2622 4092 nullam
2653 4040 2719 4094 ad
2765 4039 3132 4109 integritatem
3163 4041 3470 4096 admittunt.
3498 4041 3586 4099 Fit

2014 4131 2157 4184 enim
2228 4133 2472 4186 accessio
2520 4131 2590 4186 ob
2639 4129 2928 4186 defectum.
2971 4132 3120 4198 Quod
3164 4133 3207 4188 si
3256 4133 3585 4204 imperfecta:

2014 4221 2237 4286 fuerint,
2267 4222 2461 4275 nelias
2499 4221 2718 4290 quidem
2758 4222 3278 4292 appellationesjam
3312 4231 3458 4278 recte
3489 4239 3585 4277 ac-

2013 4315 2278 4383 ceperint.
2320 4313 2424 4367 Sed
2451 4313 2517 4366 dc
2554 4313 2636 4367 his
2663 4314 2819 4368 satis.
2849 4312 2963 4366 Jam
3001 4330 3129 4368 vero
3159 4317 3320 4370 etiam
3353 4329 3490 4386 quos
3519 4317 3586 4372 de

2019 4405 2126 4460 Deo
2157 4404 2358 4472 profert
2384 4420 2661 4460 sermones
2695 4406 3125 4460 consideremus.

411 4495 570 4549 ΕΥΝ.
606 4489 700 4557 Εἷς
739 4495 937 4558 τοίνυν,
971 4495 1122 4564 φησὶ,
1166 4493 1304 4547 κατά
1335 4510 1394 4545 τε
1439 4491 1670 4562 φυσικὴν
1708 4491 1911 4545 ἔννοιαν

2090 4496 2223 4550 Evn.
2267 4495 2374 4550 Nos
2401 4497 2584 4567 igitur,
2616 4496 2812 4565 inquit,
2845 4514 3009 4550 unum
3043 4500 3206 4553 Deum
3236 4498 3462 4570 etjuxta
3487 4513 3586 4556 na-

340 4591 436 4645 καὶ
465 4587 605 4642 κατά
639 4588 735 4658 τὴν
765 4587 874 4640 τῶν
899 4587 1155 4658 Πατέρων
1181 4585 1522 4639 διδασκαλίαν
1561 4586 1690 4656 ἡμῖν
1709 4585 1913 4655 ὡμολό-

339 4698 503 4753 γηται
537 4679 688 4742 Θεὸς,
718 4679 851 4749 μήτε
885 4677 1013 4748 παρ’
1047 4675 1237 4729 ἑαυτοῦ
1275 4677 1408 4746 μήτε
1433 4675 1560 4746 παρ’
1597 4675 1783 4746 ἑτέρου
1815 4692 1911 4742 γε-

336 4774 580 4844 νόμενος.
636 4770 924 4840 Ἑκάτερον
975 4767 1082 4838 γὰρ
1141 4767 1317 4820 αὐτῶν
1383 4767 1577 4838 ἐπίσης
1629 4765 1910 4830 ἀδύνατον,

413 4929 459 4960 ³⁸
494 4928 671 4984 Eccle.
706 4942 744 4991 ι,
783 4926 870 4982 15.

411 5084 522 5153 (97)
551 5085 725 5139 Editio
752 5093 979 5154 utraque
1007 5099 1129 5138 cum
1183 5081 1314 5154 Reg.
1353 5083 1560 5154 quinto,
1591 5079 1652 5154 τὸ
1699 5078 1907 5134 ἁπλοῦν

336 5154 439 5225 τῆς
468 5157 767 5218 ἐπιτάσεως
793 5171 808 5185 ·
841 5156 980 5208 unde
1023 5153 1316 5225 Carnarius
1345 5171 1360 5208 :
1393 5153 1774 5225 simplicitatem
1815 5155 1901 5225 in:

338 5221 709 5282 crebrescentis
756 5225 1030 5278 orationis.
1061 5225 1130 5277 At
1170 5224 1321 5278 Colb.
1358 5234 1411 5277 et
1434 5239 1526 5276 sex
1559 5223 1650 5275 alii
1683 5236 1813 5276 mss.
1840 5221 1902 5273 16

337 5295 542 5349 ἁπλοῦν
574 5297 673 5366 τῆς
704 5298 960 5366 πίστεως,
985 5296 1374 5366 εἰηιρίὶεὶιιιζειη
1400 5295 1545 5360 ﬁdei.
1637 5365 1663 5366 η
1711 5355 1717 5360 ,

414 5367 520 5434 (98)
565 5363 697 5420 liditi
723 5363 1221 5436 ἐπιλανθανόμενος.
1256 5363 1471 5418 Veteres
1500 5368 1605 5418 duo
1634 5365 1754 5420 libri
1781 5367 1902 5418 ἐπι-

337 5435 651 5506 λαθόμενος.

411 5503 522 5576 (99)
558 5509 731 5560 Codex
763 5521 898 5560 unus
924 5507 1016 5560 καὶ
1039 5505 1098 5558 τὸ
1121 5506 1542 5575 ἀσφαλέστατον.
1607 5503 1724 5558 Mox
1761 5505 1898 5571 Reg.

339 5579 530 5632 tertius
564 5577 656 5630 νῦν
689 5577 914 5647 ὄργανα.

411 5649 484 5718 (Ι)
506 5648 652 5718 ῨΕιΙιιι
678 5645 1190 5717 προσαγορεύονται.
1224 5649 1293 5701 At
1320 5663 1446 5700 mss.
1490 5645 1900 5718 προσαγορεύε-

337 5717 611 5771 1at.Nnta
661 5719 1098 5785 interrogationis
1155 5720 1243 5770 hic
1305 5717 1575 5770 invenitur
1613 5719 1664 5769 in
1717 5717 1900 5769 multis

339 5805 469 5844 mss.
514 5789 706 5844 Statim
748 5789 876 5841 editi
915 5788 1038 5858 περὶ
1075 5787 1238 5840 αὐτοῦ
1287 5787 1708 5859 ὐπολαμδάνειν.
1751 5787 1896 5841 Libri

658 5885 929 5946 ΡΔτιιοι..
975 5885 1090 5946 Gn.
1131 5885 1368 5948 ΧΧΙΧ.

2019 4585 2249 4638 turalcm
2288 4586 2562 4640 notionem
2609 4597 2664 4640 et
2687 4588 2841 4654 juxta
2874 4587 3093 4640 Patrum
3127 4590 3424 4645 doctrinam
3458 4607 3586 4646 con-

2023 4674 2259 4739 ﬁtentur,
2310 4691 2484 4744 neque
2519 4692 2548 4730 a
2597 4678 2811 4746 seipso,
2866 4692 3041 4745 neque
3091 4680 3156 4730 ab
3206 4678 3314 4733 alio
3363 4679 3584 4736 factum.

2018 4766 2156 4821 Nam
2205 4779 2495 4840 utrumque
2541 4771 2732 4824 horum
2785 4755 2850 4825 ei
2891 4786 3046 4841 a'qno
3091 4770 3205 4827 ﬁeri
3251 4788 3356 4828 non
3387 4785 3585 4845 potest,

2012 5081 2216 5150 antiqui
2244 5077 2371 5150 περὶ
2400 5080 2590 5149 αὐτῆς.

2082 5147 2157 5225 (2)
2188 5147 2339 5225 Cotti.
2375 5165 2495 5225 cum
2526 5147 2660 5220 Reg.
2692 5150 2850 5225 tertio
2875 5149 2966 5225 erit
2985 5152 3086 5222 τὴν
3112 5147 3349 5225 suam.
3380 5148 3584 5225 Locum

2013 5222 2355 5294 Ecclesiastze
2388 5222 2466 5273 sic
2484 5235 2796 5294 expressere
2831 5221 2966 5294 LXX
3007 5221 3500 5294 :Atsﬂpdppévov
3525 5223 3585 5275 οὐ

2008 5291 2291 5363 δυνήσεται
2344 5291 2805 5363 ἐπικοσμηθῆναι,
2862 5290 3170 5346 Pervertunt
3225 5290 3354 5346 ’πόθι
3400 5294 3586 5362 poterit

2009 5360 2286 5416 adornari.
2328 5362 2480 5429 Vulg.
2508 5360 2749 5416 Perveni
2772 5363 2980 5430 difficile
3007 5365 3371 5432 corriguntur.

2083 5433 2157 5502 (5)
2207 5433 2365 5494 Editi,
2407 5433 2474 5484 δι’
2518 5433 2583 5495 ἃς
2617 5433 2911 5503 εἴπομεν...
2972 5431 3158 5502 αὐτῆς
3197 5431 3335 5486 ὁδόν.
3363 5431 3590 5488 Codices

2010 5505 2256 5558 melioris
2292 5515 2432 5556 noue
2457 5515 2514 5554 ut
2552 5506 2602 5556 in
2629 5517 2906 5557 contextu.

2083 5574 2154 5646 (4)
2192 5574 2341 5646 Editi
2363 5574 2532 5627 Τοῦτο
2564 5575 2618 5646 δέ
2651 5575 2841 5646 αὐτοῦ.)
2876 5574 3098 5646 Antiqui
3130 5573 3235 5646 duo
3274 5572 3396 5627 libri
3432 5572 3591 5626 τοῦτο

2007 5645 2063 5698 δὲ
2093 5643 2245 5698 αὐτό.
2267 5645 2368 5697 Alii
2397 5647 2502 5698 duo
2525 5645 2682 5697 τοῦτο
2710 5644 2764 5696 δὲ
2789 5643 2956 5714 αὐτῷ.
2985 5643 3138 5710 Quod
3167 5644 3448 5712 aliquanto
3471 5655 3591 5712 post

2009 5715 2221 5785 legitur,
2277 5714 2509 5778 Ἀτελεῖς
2557 5715 2996 5786 δὲῄὐπάρχοντες
3028 5757 3042 5781 ,
3102 5715 3290 5770 referri
3335 5715 3495 5770 debet
3523 5715 3591 5769 ad

2007 5784 2168 5841 Voces
2195 5787 2224 5838 6
2251 5786 2449 5851 κανὼν,
2482 5787 2509 5837 6
2545 5784 2800 5854 γνώμων.

3202 5880 3270 5941 17
