3978 6410
456 334 561 391 5'15

1758 323 1812 380 Β.
1859 325 2098 382 BASlLll
2139 327 2349 384 MAGNI

3585 335 3684 392 516

455 471 574 508 cum
604 469 785 508 revera
813 453 864 508 id
893 452 1032 520 quod
1053 449 1200 512 facit,
1220 447 1367 516 prius
1387 461 1504 501 esse
1525 455 1771 514 oporteat
1790 461 1853 499 eo
1873 446 2014 514 quod

2118 445 2302 515 ἐπειδή
2342 462 2402 513 γε
2432 445 2512 498 δεῖ
2539 445 2677 498 κατὰ
2709 444 2964 516 ἀλήθειαν
2993 461 3052 499 το
3081 447 3264 501 ποιοῦν
3287 447 3376 505 τοῦ
3401 459 3684 526 γινομένου

453 550 542 607 fit;
575 558 628 601 et
662 547 711 600 id
742 546 884 614 quod
935 543 1010 606 lit,
1047 540 1320 611 posterius
1347 555 1410 592 eo
1455 539 1595 607 quod
1641 537 1789 590 facit.
1832 537 2017 606 Neque

453 655 581 692 vero
601 638 888 707 quidquam
914 636 1089 702 seipso
1108 631 1253 702 prius
1273 640 1363 683 aut
1391 629 1656 698 posterius
1677 644 1796 682 esse
1817 639 2015 697 potest,

453 745 625 799 reque
654 729 794 781 aliud
838 726 1130 795 quidquam
1180 733 1304 776 ante
1342 723 1526 774 Deum.
1564 719 1855 773 Enimvero
1889 719 2016 773 illud

455 839 562 891 pra:
601 822 897 890 posteriore
934 819 1242 887 dignitatem
1293 814 1512 868 haberet
1553 810 1790 865 deitatis.

528 1001 648 1054 Bas.
693 1000 958 1066 Quorsum
1015 997 1176 1064 igitur
1229 1003 1393 1047 totam
1445 993 1587 1045 hanc
1632 990 1749 1059 ejus
1798 991 2017 1059 apposui

456 1094 784 1148 dictionem?
821 1091 886 1146 Ut
932 1092 1222 1160 conspicua
1264 1087 1354 1140 fiat
1390 1086 1489 1138 viri
1527 1099 1662 1137 vana
1696 1083 2016 1151 loquacitas,

456 1203 556 1256 qua
608 1203 699 1254 per
748 1195 913 1239 totum
956 1184 1148 1237 librum
1189 1182 1377 1234 utitur.
1420 1179 1529 1232 Etsi
1578 1177 1721 1230 enim
1767 1177 1855 1230 ille
1907 1177 2019 1244 ipse

454 1280 588 1332 dixit
616 1279 836 1332 evidens
864 1291 980 1330 esse
1020 1273 1396 1329 communibus
1427 1271 1666 1324 onmium
1718 1267 2018 1336 intelligen-

457 1375 564 1437 tiis,
605 1373 767 1426 Demn
797 1386 916 1426 esse
949 1368 1267 1439 ingenitum,
1297 1367 1399 1419 hoc
1433 1376 1609 1417 tamen
1639 1363 1795 1416 nobis
1829 1361 2019 1414 nititur

453 1474 898 1520 commonstrare.
946 1463 1096 1518 Unde
1141 1461 1316 1515 simile
1363 1459 1616 1528 quiddam
1654 1455 1821 1518 facit,
1870 1470 1934 1507 ac
1971 1455 2014 1507 si

455 1558 576 1624 quis
602 1555 745 1608 clara
779 1555 830 1607 in
863 1554 1088 1606 meridie
1113 1551 1260 1606 sanis
1285 1551 1457 1603 oculis
1485 1547 1740 1616 praeditos
1773 1545 2018 1599 homines

453 1651 646 1704 docere
681 1649 886 1700 ratione
912 1646 1060 1708 velit,
1094 1645 1260 1698 solem
1287 1641 1591 1696 caelestium
1626 1639 1864 1693 omnium
1890 1637 2017 1691 stel—

450 1743 626 1797 laruut
669 1757 786 1795 esse
827 1738 1234 1792 lucidiSsimum.
1278 1733 1426 1799 Quod
1453 1730 1496 1784 si
1525 1730 1798 1785 deridetur
1825 1727 1913 1797 qui
1952 1745 2012 1782 ea

2120 536 2509 606 προϋπάρχειν,
2547 537 2640 588 καὶ
2671 536 2732 588 τὸ
2756 535 3077 606 ποιούμενον
3115 537 3207 589 τοῦ
3247 538 3522 608 ποιοῦν-τος
3549 539 3683 599 εἶναι

2116 626 2384 697 δεύτερον.
2424 628 2574 697 Μήτε
2618 627 2673 680 δὲ
2701 627 2831 680 αὐτὸ
2863 627 3054 681 ἑαυτοῦ
3097 630 3357 702 πρότερον
3391 632 3423 700 ἢ
3465 632 3683 700 ὕστερον

2119 714 2254 770 εἶναι
2285 718 2561 781 δύνασθαι,
2599 721 2730 789 μήτε
2762 719 2945 789 ἕτερόν
2966 736 3018 772 τι
3047 721 3150 791 πρὸ
3171 721 3262 774 τοῦ
3291 723 3445 776 Θεοῦ.
3478 720 3556 776 Ἷί
3583 744 3684 797 γαρ

2117 809 2183 862 ἂν
2213 813 2385 864 ἐκεῖνο
2434 811 2537 881 πρὸ
2584 811 2675 863 τοῦ
2715 810 2963 882 δευτέρου
3003 813 3062 865 τὸ
3103 814 3199 884 τῆς
3241 812 3495 887 θεότητος
3533 816 3689 888 ἔσχεν

2120 903 2354 974 ἀξίωμα.

2189 996 2334 1047 ΒΛΣ.
2379 996 2533 1058 Τίνος
2582 989 2673 1048 οὖν
2712 994 2894 1047 ἕνεκεν
2938 995 3012 1065 (5)
3061 998 3238 1050 πᾶσαν
3281 998 3445 1052 αὑτοῦ
3487 1000 3686 1070 ταύτην

2121 1088 2433 1158 παρεθέμην
2465 1089 2561 1158 τὴν
2597 1085 2771 1151 λέξιν;
2811 1087 2927 1139 Ἵνα
2974 1091 3289 1159 καταφανὴς
3326 1093 3358 1161 ἡ
3403 1093 3686 1163 ἀδολεσχία

2119 1179 2208 1231 τοῦ
2233 1179 2440 1247 ἀνδρὸς,
2533 1180 2727 1249 χρῆται
2755 1178 2904 1248 παρά
2926 1178 3102 1230 πάντα
3129 1179 3215 1230 τὸν
3241 1179 3414 1248 λόγον,
3439 1183 3682 1254 γένηται.

2120 1269 2299 1323 Εἰπὼν
2353 1271 2459 1342 γάρ
2514 1271 2673 1334 αὐτὸς
2728 1271 2952 1341 ἐναργὲς
3013 1270 3275 1341 ὑπάρχειν
3315 1276 3434 1337 ταῖς
3485 1280 3686 1339 κοιναῖς

2121 1363 2333 1415 πάντων
2352 1363 2577 1426 ἐννοίαις
2605 1363 2662 1414 τὸ
2686 1361 2823 1414 εἶναι
2851 1362 2942 1414 τὸν
2963 1361 3093 1414 Θεὸν
3121 1364 3407 1435 ἀγέννητον
3427 1365 3524 1435 (6),
3556 1369 3686 1420 ἀπο-

2117 1453 2308 1517 δείξεις
2343 1453 2529 1506 τούτου
2555 1453 2799 1524 κομίζειν
2825 1456 2954 1524 ἡμῖν
2988 1456 3271 1525 ἐπιχειρεῖ,
3309 1458 3684 1527 παραπλήσιον

2120 1545 2303 1606 ποιῶν,
2332 1546 2518 1616 ὥσπερ
2547 1546 2610 1598 ἂν
2647 1547 2697 1598 εἴ
2726 1563 2807 1608 τις
2849 1548 2905 1598 ὲν
2942 1546 3177 1616 σταθερᾷ
3223 1549 3534 1619 μεσημϐρία
3560 1552 3684 1612 τοὺς

2119 1637 2456 1708 ἐρρωμένους
2488 1639 2585 1707 τὰς
2613 1639 2764 1707 ὄψεις
2791 1638 3224 1708 λόγῳδιδάσκειν
3249 1638 3486 1707 βούλοιτο
3520 1643 3683 1710 φανό-

2118 1747 2274 1782 τατον
2310 1725 2446 1782 εἶναι
2477 1731 2583 1782 τῶν
2609 1733 2727 1784 κατ’
2759 1731 2984 1802 οὐρανὸν
3022 1730 3261 1800 ἀστέρων
3302 1730 3391 1782 τὸν
3421 1731 3585 1799 ἥλιον.
3624 1734 3682 1784 El

449 1851 569 1904 quae
609 1833 851 1888 sensibus
881 1841 1002 1883 nota
1034 1837 1177 1891 sunt,
1210 1827 1419 1879 ratione
1451 1823 1688 1877 ostendit
1723 1841 1736 1875 :
1785 1821 1875 1890 qui
1927 1836 2011 1874 res

2118 1821 2169 1873 δὲ
2193 1824 2219 1873 ὁ
2245 1821 2312 1874 τὰ
2333 1825 2396 1892 τῇ
2433 1822 2680 1893 αἰσθήσει
2712 1821 2963 1893 γνώριμα
2988 1821 3129 1892 λόγῳ
3161 1823 3370 1883 δεικνὺς
3395 1826 3685 1889 καταγέλα-

450 1943 512 1981 ex
544 1924 917 1981 communibus
954 1918 1262 1974 potionibus
1312 1916 1590 1970 confessas
1626 1914 1806 1978 docet,
1835 1929 2011 1967 nonne

451 2017 699 2070 amentiae
728 2013 963 2080 ejusdem
1003 2010 1213 2062 futurus
1239 2017 1326 2062 est
1358 2008 1519 2080 reus?
1556 2005 1678 2060 Haec
1708 2006 1850 2060 enim
1885 2021 2009 2074 pro-

451 2105 592 2158 fecto
625 2103 779 2167 longe
818 2100 1048 2154 certiora
1087 2107 1210 2150 sunt
1245 2098 1414 2166 aquis
1457 2113 1636 2151 rerum
1666 2099 2009 2151 aestimatori-

451 2195 566 2255 lius,
603 2207 760 2260 quam
794 2205 910 2257 qua:
941 2192 1139 2241 cadunt
1186 2189 1286 2241 sub
1329 2187 1532 2242 oculos.
1567 2187 1630 2239 Et
1659 2203 1785 2241 vero
1813 2188 1858 2240 si
1892 2193 2012 2255 quis

450 2295 593 2338 esset
619 2282 707 2351 qui
735 2282 785 2333 in
815 2280 954 2334 hanc
978 2280 1256 2333 veritatem
1282 2279 1623 2348 impudenter
1647 2281 2012 2343 llthtllel'Cllll',

451 2385 504 2428 et
525 2389 644 2426 eum
673 2373 761 2440 qui
797 2373 1062 2441 ingenitus
1089 2382 1194 2435 est,
1227 2385 1319 2424 aut
1345 2389 1372 2423 a
1398 2374 1600 2440 Seipso,
1630 2383 1724 2425 aut
1750 2374 1816 2426 ab
1844 2375 2014 2428 altero

450 2461 684 2529 genitum
730 2474 848 2513 esse
882 2459 1270 2524 contenderet,
1319 2461 1430 2515 lucc
1462 2463 1558 2513 ista
1596 2462 1882 2515 verborum
1916 2477 2013 2514 va-

452 2552 594 2602 nitas
628 2550 836 2602 veniam
869 2549 1100 2618 aliquam
1135 2551 1362 2604 fortasse
1393 2553 1636 2605 obtinere
1668 2563 1848 2621 posset
1879 2554 2012 2621 asin

453 2651 632 2695 autem
687 2643 863 2697 nullus
918 2644 982 2694 ad
1045 2643 1187 2695 hunc
1235 2658 1406 2711 usque
1448 2643 1622 2708 diem,
1677 2659 1773 2698 nec
1828 2660 2012 2698 eorum

449 2735 540 2803 qui
582 2735 741 2788 alieni
782 2743 905 2787 sunt
935 2750 963 2787 a
1009 2744 1186 2789 nostra
1232 2736 1476 2789 doctrina
1501 2776 1516 2799 ,
1571 2751 1672 2789 nec
1702 2751 1888 2790 eorum
1923 2736 2013 2805 qui

456 2843 523 2880 ex
553 2827 664 2897 ipsa
691 2827 931 2880 Ecclesia
958 2828 1157 2888 exiere,
1181 2838 1366 2880 contra
1394 2828 1670 2880 veritatem
1709 2829 2016 2882 insurrexe-

455 2929 598 2983 runt,
629 2933 692 2973 eo
719 2919 930 2971 devenit
962 2921 1309 2986 stupiditatis,
1338 2929 1395 2973 ut
1426 2920 1489 2972 de
1522 2921 1744 2986 ingeniti
1786 2923 2014 2991 ingene-

455 3010 662 3063 rationc
690 3010 993 3063 dubitaret:
1029 3011 1154 3078 quid
1186 3011 1231 3063 ei
1269 3009 1400 3063 lucri
1434 3026 1495 3063 ex
1539 3012 1621 3064 ltis
1652 3013 1830 3067 verbis
1862 3030 2010 3069 acccc

456 3102 571 3166 dat,
610 3100 747 3153 haud
778 3099 1034 3169 intelligo.
1075 3099 1209 3151 Num
1240 3114 1366 3153 vere
1392 3099 1696 3154 Aristotelis
1726 3113 1818 3156 aut
1843 3102 2015 3174 Chry—

454 3194 588 3262 sippi
629 3192 950 3262 syllogismis
1001 3207 1134 3260 opus
1182 3192 1338 3246 nobis
1380 3203 1519 3257 erat,
1572 3204 1627 3246 ut
1678 3195 2013 3249 disceremus

453 3300 576 3338 eum
611 3285 700 3352 qui
740 3284 1005 3354 ingenitus
1045 3292 1126 3338 est
1150 3325 1164 3346 ,
1209 3301 1383 3354 neque
1411 3301 1440 3339 a
1489 3288 1664 3354 seipso
1690 3328 1704 3352 ,
1745 3303 1916 3357 neque
1951 3289 2017 3343 ab

455 3374 625 3426 altero
654 3374 890 3441 genitum
917 3373 1081 3425 fuisse
1110 3391 1123 3425 :
1154 3382 1208 3425 et
1241 3374 1487 3426 euutdem
1521 3375 1698 3442 seipso
1741 3391 1836 3428 nec
1878 3375 2017 3428 anti-

454 3469 720 3533 quiorem,
753 3463 1132 3531 Itecjuniorem
1159 3465 1320 3518 esse?
1352 3463 1487 3530 Quid
1515 3466 1677 3534 igitur
1703 3466 1804 3520 sibi
1836 3466 2019 3520 volunt

457 3556 568 3609 lucc
599 3555 712 3620 ejus
743 3555 941 3608 verba?
973 3555 1194 3609 Videtur
1240 3556 1369 3609 mihi
1402 3571 1460 3610 se
1491 3557 1634 3609 inter
1669 3571 1797 3610 suos
1841 3567 2018 3612 secta-

459 3659 600 3701 tores
631 3646 856 3714 jactare,
895 3655 1149 3711 tanquam
1189 3647 1426 3716 prudens
1464 3648 1729 3716 quispiam
1763 3664 1826 3703 ac
1867 3663 2018 3720 egre—

457 3739 540 3808 gia
574 3747 749 3792 mente
775 3739 1053 3805 prmditus,
1086 3742 1320 3806 quicum
1358 3751 1550 3794 acutus
1581 3741 1650 3793 sit
1679 3742 1730 3792 in
1767 3740 2019 3796 absurdis

459 3831 885 3900 prospicieudis,
932 3831 983 3884 in
1056 3832 1155 3885 hoc
1215 3833 1358 3900 quod
1410 3832 1764 3901 deprehendit
1827 3832 2019 3887 dissol-

457 3927 630 3976 verqu
684 3923 892 3976 acutior
921 3931 1023 3988 est,
1077 3924 1144 3977 ob
1196 3924 1353 3991 idque
1397 3924 1449 3976 in
1501 3923 1784 3977 verborum
1832 3939 2020 3978 versu-

461 4013 532 4066 tia
588 4013 826 4083 gloriari,
886 4025 939 4068 et
990 4015 1171 4068 conari
1227 4015 1494 4068 subtiliter
1535 4024 1589 4068 et
1637 4023 1826 4083 argute
1887 4014 2017 4068 illud

457 4107 861 4171 demonstrare,
915 4110 1054 4175 quod
1113 4108 1156 4159 is
1190 4107 1279 4175 qui
1332 4108 1604 4177 ingenitus
1668 4115 1786 4172 est,
1843 4121 1942 4161 nec
1987 4122 2016 4159 α

457 4196 666 4263 seipso,
719 4211 818 4252 nec
868 4199 935 4252 ab
991 4199 1096 4252 alio
1147 4201 1359 4268 genitus
1405 4201 1494 4253 sit.
1535 4200 1738 4252 Deinde
1781 4214 1909 4254 vero
1950 4215 2018 4254 ne

458 4289 544 4341 hic
573 4288 785 4357 quidem
826 4291 958 4342 artis
1006 4307 1114 4344 sua:
1152 4291 1488 4346 obliviscitur
1523 4310 1535 4344 :
1571 4293 1662 4345 sed
1706 4291 1864 4345 rebus
1890 4307 2019 4345 con-

458 4386 612 4439 fessis
644 4387 956 4451 immorans,
1005 4387 1156 4454 quasi
1185 4387 1451 4441 elem'enta
1480 4388 1724 4454 quaedam
1763 4387 1862 4440 sibi
1904 4388 2016 4453 ipse

456 4476 520 4528 ad
568 4490 683 4528 eam
726 4492 844 4545 quas
887 4479 1132 4545 sequitur
1178 4478 1476 4530 doctrinam
1531 4479 1827 4531 interserit.
1883 4477 2014 4530 lllttd
2046 4496 2092 4554 ι)

457 4569 599 4619 enim
635 4584 738 4620 non
780 4569 951 4623 otiose
978 4571 1134 4631 dixit,
1167 4571 1307 4637 quod
1349 4579 1595 4637 oporteat
1630 4569 1679 4622 id
1706 4570 1847 4637 quod
1889 4569 2015 4623 facit

459 4669 642 4707 revera
674 4657 819 4722 prius
851 4673 969 4711 esse
997 4673 1061 4711 eo
1089 4658 1227 4726 quod
1255 4655 1484 4710 efﬁcitur
1511 4673 1524 4708 :
1562 4655 1654 4708 sed
1685 4665 1742 4707 ut
1777 4654 1830 4707 in
1860 4654 2014 4706 insti-

459 4746 665 4799 tuendis
691 4748 756 4800 de
791 4747 926 4800 Filio
959 4732 1318 4811 sermonibus,
1344 4747 1395 4800 in
1424 4755 1763 4799 antecessum
1784 4759 2010 4798 conces-

455 4852 572 4889 sum
611 4837 800 4890 habeat
845 4839 1004 4908 215
1049 4839 1242 4892 Filium
1278 4849 1464 4906 postea
1500 4836 1697 4891 lactmn
1735 4835 1879 4890 Patri
1923 4853 2015 4890 ac-

453 4929 682 4981 cessisse
707 4969 720 4992 ,
754 4928 1017 4994 siquidem
1056 4931 1104 4983 id
1135 4932 1275 5000 quod
1307 4931 1470 4996 facit,
1503 4944 1566 4983 eo
1608 4930 1747 4997 quod
1783 4931 1841 4981 tit
1873 4928 2015 4981 anti-

453 5019 611 5086 quius
635 5030 717 5072 est
759 5036 773 5071 :
815 5019 961 5084 item,
992 5031 1048 5074 ttt
1084 5023 1184 5076 hoc
1227 5033 1480 5090 tanquam
1520 5022 1644 5076 inde
1677 5037 2014 5088 consequens

451 5109 690 5175 colligat,
731 5107 926 5161 Filium
958 5109 1162 5164 scilicet
1191 5125 1256 5164 ex
1298 5126 1402 5164 nou
1431 5111 1772 5164 exstantibus
1813 5111 2011 5163 factum

630 5263 852 5335 Veteres
887 5265 990 5319 dno
1019 5265 1136 5317 libri
1165 5264 1307 5330 τίνος
1335 5267 1517 5319 ἕνεκα.
1557 5264 1677 5319 Mox
1725 5265 1776 5318 in
1823 5265 2011 5319 iisdem

449 5334 586 5389 mss.
618 5352 718 5389 vos
755 5334 956 5404 ταύτην
987 5338 1154 5390 deest.
1313 5377 1334 5392 .

519 5407 596 5477 (6)
628 5407 765 5458 Editi
795 5403 926 5458 Θεὸν
967 5406 1249 5477 ἀγένητον,
1293 5405 1454 5477 Deum
1487 5404 1828 5477 nonjaclum,
1851 5403 2012 5458 Deum

450 5474 551 5527 non
579 5474 790 5529 natum.
820 5479 887 5529 At
925 5493 1049 5529 mss.
1079 5475 1209 5528 Θεὸν
1237 5475 1552 5545 ἀγέννητον,
1581 5474 1742 5526 Deum
1785 5491 1886 5527 non
1919 5492 2011 5543 ge-

447 5547 640 5610 nitum,
670 5545 838 5598 Deum
861 5548 1208 5614 generationis
1243 5556 1520 5611 expertem.

520 5618 594 5683 (7)
627 5617 762 5668 Editi
798 5627 851 5668 et
886 5615 1016 5684 Reg.
1063 5620 1328 5669 secundm
1360 5615 1720 5684 dyévvqtov...
1750 5615 2008 5684 γεγεννῆ-

448 5685 591 5736 σθαι.
620 5686 723 5739 Alii
767 5695 875 5739 tres
910 5683 1040 5739 ntSs.
1060 5685 1386 5756 ἀγένητον...
1418 5683 1764 5756 γεγενῆσθαι.
1794 5684 2007 5756 Exarali

447 5771 610 5820 mamt
652 5756 795 5818 libri,
825 5772 945 5809 cum
983 5758 1062 5810 ita:
1114 5755 1270 5811 voces
1311 5767 1626 5824 occurrunt,
1665 5755 1837 5810 solent
1869 5755 2008 5808 inter

2041 3152 2089 3214 C

2118 1932 2257 1979 στος,
2289 1917 2316 1967 ὁ
2348 1917 2415 1968 τὰ
2442 1918 2562 1978 ταῖς
2591 1919 2795 1978 κοιναῖς
2831 1913 3160 1985 προλήψεσιν
3193 1912 3586 1983 ὡμολογημένα
3609 1916 3684 1968 δι-

2114 2008 2325 2060 δάσκων
2373 2008 2488 2070 πῶς
2531 2009 2650 2076 οὐχὶ
2693 2007 2792 2076 τῆς
2839 2005 2958 2076 ἴσης
3010 2005 3306 2076 παρανοίας
3353 2004 3682 2068 ὑπεύθυνοςς

2114 2098 2299 2168 Πολλῷ
2329 2097 2436 2168 γὰρ
2461 2099 2631 2168 δήπου
2661 2097 2834 2150 ταῦτα
2858 2098 2965 2150 τῶν
2989 2096 3075 2148 διὰ
3103 2096 3199 2166 τῆς
3230 2094 3402 2162 ὅψεως
3428 2098 3688 2167 φαινομέ-

2114 2208 2220 2243 νων
2254 2192 2364 2252 τοῖς
2399 2188 2729 2259 σωφρονοῦσι
2762 2189 3074 2259 πιστότερα.
3109 2187 3170 2239 Ei
3212 2187 3306 2257 μὲν
3334 2182 3426 2239 οὖν
3451 2183 3520 2257 ἦν
3548 2204 3630 2250 τις
3662 2192 3689 2241 ὁ

2115 2282 2256 2335 κατά
2287 2282 2384 2351 τῆς
2405 2280 2660 2351 ἀληθείας
2681 2281 2883 2350 ταύτης
2906 2278 3290 2348 ἀναισχυντῶν,
3317 2278 3411 2330 καὶ
3436 2279 3525 2331 τὸν
3541 2280 3694 2346 ἀγέν-

2116 2389 2272 2441 νητον
2321 2373 2352 2442 ἢ
2389 2373 2518 2442 παρ’
2547 2371 2738 2423 ἑαυτοῦ
2774 2371 2806 2439 ἦ
2852 2371 2980 2440 παρ’
3011 2369 3196 2439 ἑτέρου
3222 2368 3580 2438 γεγεννῆσθαι
3616 2368 3690 2435 ιῖ)

2115 2464 2525 2534 διατεινόμενος,
2557 2458 2700 2532 εἶχεν
2733 2463 2795 2517 ἄν
2827 2479 2947 2514 τινα
2972 2461 3132 2531 τυχὸν
3171 2459 3499 2531 συγγνώμην
3528 2463 3560 2531 ἡ
3588 2475 3693 2530 μα-

2114 2558 2331 2625 ταιότης
2363 2557 2469 2609 τῶν
2497 2555 2832 2624 λεγομένων⁸
2867 2556 2914 2606 εἰ
2952 2553 3008 2604 δὲ
3034 2553 3205 2615 οὐδεὶς
3253 2552 3416 2623 μέχρι
3452 2553 3693 2622 σήμερον

2114 2651 2236 2703 οὔτε
2270 2650 2376 2704 τῶν
2418 2651 2520 2714 ἔξω
2544 2649 2636 2703 τοῦ
2665 2651 2822 2717 λόγου
2851 2650 2942 2701 τοῦ
2977 2649 3095 2702 καθ’
3121 2650 3288 2719 ἡμᾶς,
3323 2647 3446 2700 οὗτε
3481 2648 3595 2700 τῶν
3633 2650 3691 2714 ἐξ

2115 2743 2285 2812 αὐτῆς
2313 2742 2411 2812 τῆς
2445 2741 2766 2811 Ἑκκλησίας
2787 2740 3202 2794 ἐπαναστάντων
3235 2743 3298 2810 τῇ
3328 2739 3574 2810 ἀληθείᾳ,
3615 2741 3692 2802 εἰς

2114 2834 2362 2888 τοσοῦτον
2387 2830 2546 2905 ἦλθεν
2580 2832 2937 2904 ἀποπληξίας,
2981 2831 3120 2884 ὥστε
3159 2831 3576 2901 διαμφισϐητεῖν
3606 2831 3682 2896 (8}

2117 2927 2242 2998 περὶ
2295 2925 2394 2995 τῆς
2433 2924 2755 2996 ἀγεννησίας
2799 2923 2892 2977 τοῦ
2931 2924 3254 2994 ἀγεννήτου·
3302 2925 3352 2975 τί
3400 2923 3589 2993 κέρδος
3626 2926 3688 2975 ἐκ

2115 3016 2222 3068 τῶν
2255 3015 2427 3083 λόγων
2457 3014 2680 3077 τούτων,
2704 3016 2764 3068 οὐ
2787 3015 3012 3086 συνορῶ.
3049 3016 3118 3066 Ἤ
3147 3014 3250 3067 τῶν
3291 3016 3688 3085 Ἀριστοτέλους

2117 3106 2282 3168 ὅντως
2319 3107 2448 3175 ἡμῖν
2491 3106 2583 3157 καὶ
2629 3105 2950 3175 Χρυσίππου
2984 3105 3352 3175 συλλογισμῶν
3391 3106 3498 3158 ἔδει
3550 3107 3686 3176 πρὸς

2117 3199 2176 3249 τὸ
2205 3196 2413 3266 μαθεῖν,
2476 3197 2557 3248 ὅτι
2605 3198 2632 3248 ὁ
2674 3197 2965 3266 ἀγέννητος
2996 3197 3054 3249 οὑ
3089 3199 3410 3268 γεγέννηται
3436 3198 3535 3268 (9),
3567 3197 3684 3250 οὔτε

2117 3287 2274 3350 αὐτὸς
2311 3289 2398 3355 ὑφ’
2423 3287 2641 3350 ἑαυτοῦ,
2677 3285 2798 3340 οὔτε
2822 3287 2910 3357 ὑφ’
2943 3289 3128 3360 ἑτέρου
3152 3306 3166 3353 ;
3195 3291 3285 3341 καὶ
3306 3288 3427 3341 οὔτε
3449 3291 3684 3360 πρεσϐύ-

2117 3395 2293 3450 τερος,
2313 3378 2436 3430 οὔτε
2461 3376 2720 3448 νεώτερος
2747 3379 2908 3442 αὐτός
2927 3381 3072 3431 ἐστιν
3097 3379 3284 3432 ἑαυτοῦ
3308 3397 3321 3441 ;
3348 3379 3410 3431 Τί
3432 3375 3523 3432 οὖν
3542 3381 3686 3451 αὐτῷ

2116 3469 2288 3521 ταῦτα
2317 3468 2597 3538 βούλεταις
2629 3471 2785 3520 Δοκεῖ
2828 3485 2916 3538 μοι
2959 3468 3092 3538 ὁμοῦ
3125 3470 3218 3539 μὲν
3239 3471 3349 3531 τοῖς
3376 3468 3688 3534 ἀκολούθοις

2118 3558 2633 3626 ἐγκαλλωπίζεσθαι.
2660 3558 2734 3621 ὡς
2761 3558 2823 3629 δὴ
2854 3559 3052 3621 πυκνός
3083 3576 3166 3622 τις
3195 3560 3287 3612 καὶ
3311 3559 3563 3629 περιττὸς
3591 3559 3686 3630 τὴν

2116 3651 2373 3715 διάνοιαν,
2402 3651 2495 3702 καὶ
2516 3649 2642 3714 ὀξὺς
2671 3649 2768 3720 μὲν
2801 3649 3080 3702 ὑπιδέσθαι
3107 3649 3165 3701 τὸ
3197 3650 3409 3711 ἄτοπον,
3432 3648 3686 3720 ὀξύτερος

2117 3742 2174 3794 δὲ
2196 3741 2440 3794 διαλῦσαι
2480 3743 2540 3793 τὸ
2573 3741 2840 3811 φωραθὲν,
2875 3743 2966 3794 καὶ
3004 3741 3089 3793 διὰ
3115 3740 3270 3793 τοῦτο
3301 3740 3688 3812 ὲναϐρύνεσθαι

2116 3836 2182 3904 τῇ
2226 3833 2332 3885 τῶν
2373 3834 2545 3901 λόγων
2589 3836 2814 3903 στροφῇ,
2860 3833 2951 3884 καὶ
3000 3833 3126 3902 περὶ
3156 3833 3252 3902 τὴν
3284 3832 3556 3898 ἀπόδειξιν
3598 3833 3685 3884 λε-

2118 3927 2407 3995 πτουργεῖν
2449 3923 2542 3977 τοῦ
2579 3926 2714 3995 μήτε
2745 3926 2834 3993 ὑφ’
2868 3923 3058 3975 ἑαυτοῦ
3088 3924 3222 3994 μήτε
3267 3923 3354 3991 ὑφ’
3385 3923 3572 3994 ἑτέρου
3595 3923 3685 3976 τὸν

2117 4017 2407 4086 ἀγέννητον
2437 4016 2813 4086 γεγεννῆσθαι.
2846 4017 3072 4068 Ἔπειτα
3111 4015 3288 4085 μέντοι
3314 4015 3431 4068 οὐδὲ
3455 4015 3687 4070 ἐνταῦθα

2117 4110 2213 4179 τῆς
2252 4111 2446 4162 ἑαυτοῦ
2494 4110 2688 4180 τέχνης
2734 4108 3180 4162 ἐπιλανθάνεταιο
3225 4107 3336 4160 ἀλλ’
3376 4110 3432 4160 ὲν
3469 4111 3536 4177 τῇ
3579 4106 3688 4161 τῶν

2116 4197 2558 4267 ὁμολογουμένων
2591 4199 2858 4270 διατριϐῇ,
2911 4199 3098 4270 ὥσπερ
3129 4200 3363 4267 στοιχεῖά
3405 4215 3524 4251 τινα
3553 4200 3688 4269 πρὸς

2115 4290 2238 4350 τοὺς
2273 4287 2397 4358 sea;
2423 4288 2609 4356 λόγους
2641 4289 2816 4358 ἐαυτῷ
2847 4289 3235 4360 παρεμϐάλλει.
3270 4290 3343 4340 Οὐ
3367 4289 3473 4359 γάρ
3503 4291 3688 4359 ἀργῶς

2117 4380 2263 4450 αὐτῷ
2292 4382 2465 4432 ἐκεῖνο
2488 4380 2618 4450 ἔχει,
2653 4381 2732 4432 ὅτι
2772 4380 2871 4442 δεῖ,
2908 4380 3050 4433 κατά
3087 4379 3363 4450 ἀλήθειαν,
3404 4380 3466 4432 τὸ
3502 4381 3684 4432 ποιοῦν

2116 4470 2208 4522 τοῦ
2242 4469 2526 4538 γινομένου
2558 4469 2948 4541 προϋπάρχειν.
2986 4468 3123 4520 Ἀλλ’
3176 4468 3260 4521 ἵνα
3308 4471 3363 4520 ἐν
3399 4471 3512 4530 τοῖς
3559 4469 3685 4538 περὶ

2121 4559 2249 4613 Υἱοῦ
2309 4560 2486 4628 λόγοις
2541 4559 3113 4632 προδιωμολογημένον
3170 4557 3286 4630 ἔκη’
3342 4558 3403 4610 τδ
3463 4558 3683 4628 ὕστερον

2117 4651 2582 4724 προσ-γεγενῆσθαι
2620 4651 2696 4722 τῷ
2729 4651 2900 4721 Πατρί
2928 4651 3018 4703 τὸν
3049 4650 3193 4726 Υηὶὸν,
3225 4650 3378 4721 εἰπερ
3407 4647 3468 4700 τὸ
3500 4647 3682 4700 ποιοῦν

2119 4745 2234 4795 ἐστι
2270 4743 2362 4795 τοῦ
2390 4743 2671 4812 γινομένου
2701 4741 3064 4813 πρεσϐύτερον
3084 4757 3096 4770 °
3145 4739 3318 4809 τούτῳ
3360 4739 3416 4791 δὲ
3456 4740 3532 4802 ὡς
3560 4741 3683 4791 ἑπό-

2123 4851 2279 4904 μενον
2328 4834 2484 4906 λάϐῃ,
2545 4834 2605 4887 τὺ
2667 4836 2730 4887 ὲκ
2793 4835 2866 4904 μὴ
2915 4834 3078 4886 ὄντων
3121 4833 3209 4886 τὸν
3258 4833 3384 4885 Υἱδν
3431 4830 3684 4902 γεγεννῆ·

2121 4925 2241 4978 σθαι
2277 4926 2408 4996 (10).
2471 4926 2607 4978 Ἀλλ’
2659 4929 2687 4979 ὁ
2732 4927 2829 4996 μὲν
2879 4927 2977 4997 τῆς
3025 4927 3103 4988 είς
3139 4926 3227 4978 τὸν
3264 4925 3389 4977 Υίὸν
3433 4925 3683 4987 ἀσεϐείας

2123 5017 2342 5087 ἔλεγχος
2371 5020 2426 5069 ὲν
2451 5021 2560 5081 τοῖς
2585 5019 2806 5080 οἰκείοις
2830 5017 3014 5080 τόποις
3056 5018 3415 5088 ἀναμεινάτω.
3456 5017 3596 5084 Ἐγὼ
3628 5017 3680 5070 δὲ

2121 5110 2216 5162 καὶ
2247 5109 2344 5178 τὴν
2370 5108 2462 5161 τοῦ
2495 5109 2788 5180 άγεννήτου
2820 5108 3204 5181 προσηγορίαν,
3239 5108 3340 5162 κᾶν
3359 5109 3426 5161 τὰ
3450 5109 3680 5179 μάλιστα

2119 5279 2178 5319 se
2226 5265 2512 5327 dissidere,
2555 5265 2642 5318 alii
2680 5264 2839 5318 aliam
2900 5264 3223 5332 scripturam
3283 5263 3674 5333 prteferentes;

2119 5351 2238 5403 quze
2266 5337 2491 5388 variatio
2519 5346 2570 5388 et
2599 5336 2649 5388 in
2687 5337 2817 5402 ipsis
2841 5337 2991 5388 libris
3025 5337 3300 5401 impressis
3331 5335 3624 5388 invenitur.

2125 5474 2147 5490 η
2189 5406 2265 5474 (8)
2297 5406 2433 5459 Edlti
2487 5405 2560 5468 ὡς
2607 5405 3043 5476 διαμφισϐητεῖν.
3095 5408 3162 5458 Αι
3205 5420 3332 5458 mss.
3370 5421 3474 5458 non
3525 5404 3676 5473 pauci

2115 5491 2276 5527 ωστε.

2114 5583 2120 5608 .,
2185 5546 2260 5616 (9)
2284 5545 2418 5614 Reg.
2451 5545 2641 5599 tertius
2669 5544 3060 5616 ἀγέννητοςοὺᾼ
3086 5543 3396 5616 γεγένηται.

2185 5612 2298 5685 (10)
2339 5612 2472 5669 Editi
2500 5616 2587 5668 τὸν
2621 5616 2748 5667 Υἱὸν
2774 5612 3150 5684 γεγεννῆσθαι,
3172 5612 3404 5685 ἘξΙὶιιηιί
3446 5612 3671 5685 genitum

2113 5702 2241 5740 esse.
2273 5682 2341 5738 At
2367 5701 2495 5739 mss.
2521 5686 2758 5753 plerique
2792 5682 2978 5738 omnes
2993 5682 3348 5753 γεγενῆσθαι.
3395 5684 3510 5738 Mox
3540 5682 3668 5748 lleg.

2118 5758 2306 5810 tertius
2329 5771 2446 5810 cum
2477 5756 2624 5810 Colb.
2648 5756 2830 5818 τόποις
2850 5755 3182 5825 ἀναμενέτω.
