3978 6410
324 391 432 456 51⁸1

1416 395 1775 453 ADVERSUS
1807 397 2170 454 EUNOMIUM
2213 395 2342 454 LIB.
2384 396 2425 454 1.

3446 407 3548 461 Sis

323 518 453 590 δοκῇ
477 521 591 580 ταῖς
616 517 841 580 ἐννοίαις
876 516 1032 588 ἡμῶν
1057 517 1389 588 συμϐαίνειν,
1423 518 1534 570 ἀλλ’
1558 514 1649 572 οὖν
1684 519 1759 582 ὡς
1793 520 1884 572 οὑ-

1999 536 2131 575 esse.
2175 521 2245 574 At
2277 519 2572 589 impietatis
2615 519 2668 573 in
2702 519 2896 575 Filium
2940 521 3238 578 confutatio
3269 525 3380 580 suis
3419 525 3554 582 locis

325 613 496 683 δαμοῦ
539 611 634 679 τῆς
672 611 709 660 Γ
718 610 890 682 ραφῆς
925 610 1202 679 κειμένην,
1243 610 1337 662 καὶ
1377 610 1589 680 πρῶτον
1633 614 1891 681 στοιχεῖον

329 701 490 758 οὖσαν
526 703 622 772 τῆς
650 701 992 770 βλασφημίας
1015 701 1213 765 αὐτῶν,
1249 702 1552 754 σιωπᾶσθαι
1582 701 1648 754 ἂν
1671 703 1892 766 δικαίως

323 795 484 861 ἀξίαν
516 790 654 846 εἶναι
687 795 946 864 φήσαιμι,
969 795 1066 863 τῆς
1106 793 1319 864 [Ιατρὸς
1367 796 1551 864 φωνῆς
1598 795 1708 848 ἴσον
1733 795 1890 848 δυνα-

328 886 499 958 μένης
542 885 617 956 τῷ
649 887 944 956 ἀγεννήτῳ,
974 886 1105 956 πρὸς
1138 885 1214 954 τῷ
1238 889 1328 938 καί
1358 887 1455 956 τὴν
1490 887 1615 957 περ).
1642 887 1733 939 τοῦ
1767 886 1892 938 Υίοῦ

327 981 535 1032 ἔννοιαν
562 979 917 1048 συνημμένως
957 979 1122 1048 ἑαυτῇ
1153 978 1240 1032 διὰ
1272 979 1370 1048 τῆς
1404 979 1638 1048 σχέσεως
1675 997 1893 1032 συνεισ-

327 1071 501 1138 ἀγειν.
536 1071 592 1121 '0
615 1069 720 1139 γὰρ
746 1069 910 1132 ὅντως
935 1069 1120 1140 Πατὴρ
1140 1070 1230 1121 καὶ
1257 1069 1415 1138 μόνος
1437 1070 1493 1135 ἐξ
1513 1071 1722 1134 οὐδενός
1751 1073 1895 1125 ἐστιν

326 1161 514 1232 ἑτέρου
533 1177 546 1189 ·
577 1160 636 1213 τὸ
667 1161 742 1224 δὲ,
774 1159 831 1224 ἐξ
855 1161 1083 1224 οὐδενὸς,
1107 1162 1298 1214 ταυτόν
1330 1161 1556 1232 ἐστιτῷ,
1581 1163 1891 1233 ἁγέννητος.

329 1253 403 1304 Οὐ
440 1253 614 1304 τοίνυν
653 1252 943 1322 ἀγέννητον
973 1255 1433 1323 προσαγορευτέον
1478 1255 1673 1324 μᾶλλον
1707 1258 1834 1326 ἡμῖν
1863 1256 1894 1326 ἢ

331 1343 570 1414 Πατέρα,
604 1345 656 1396 εί
682 1359 745 1410 γε
783 1344 854 1413 μὴ
889 1344 1171 1415 μέλλοιμεν
1212 1342 1360 1399 εἶναι’
1377 1347 1670 1418 σοφώτεροι
1696 1348 1802 1401 τῶν
1828 1349 1899 1400 δι-

328 1434 618 1503 δαγμάτων
669 1433 760 1486 τοῦ
826 1435 1094 1508 Σωτῆρος,
1137 1438 1404 1501 εἰπόντος·
1465 1440 1895 1506 Πορευθέντες,

324 1525 638 1588 ,βαπτίζετε
677 1528 763 1591 είς
788 1527 850 1578 τὸ
877 1527 1061 1596 ὄνομα
1090 1529 1193 1583 τοῦ
1223 1533 1404 1596 Πατρέ
1418 1552 1468 1596 ς,
1513 1531 1624 1583 ἀλλ’
1655 1532 1772 1599 οὐχὶ
1804 1530 1896 1583 τοῦ

334 1621 646 1689 ἀγεννήτου.
671 1620 778 1670 Καὶ
799 1619 968 1672 ταῦτα
1007 1621 1101 1689 μὲν
1130 1622 1206 1683 είς
1232 1621 1498 1676 τοσοῦτον.
1528 1622 1717 1690 Ἡμεῖς
1744 1623 1799 1675 δὲ
1831 1622 1900 1675 τὰ

339 1712 533 1780 συνεχῆ
582 1711 672 1763 τοῦ
724 1711 880 1779 λόγου
926 1711 1340 1783 διασκεψώμεθα
1373 1715 1504 1783 (1-1).
1554 1715 1760 1783 Ὀλίγον
1792 1715 1901 1785 γάρ

334 1803 630 1874 προελθὼν,
681 1804 773 1856 καὶ
818 1800 926 1857 οἷον
975 1806 1536 1876 συγκεφαλαιούμενος
1584 1808 1743 1871 αὐτὸς
1788 1809 1898 1879 (12)

330 1894 510 1964 ἑαυτῷ
537 1895 605 1946 τὰ
644 1897 929 1966 εἰρημένα.
958 1898 1098 1950 οὕτω
1131 1899 1354 1969 γράφει.

1996 621 2323 667 reservetur.
2362 611 2473 679 Ego
2506 625 2632 665 vero
2666 613 2826 664 etiam
2864 613 3084 681 iugcniti
3114 616 3552 684 appellationem,

1992 716 2295 770 quanquam
2339 701 2573 754 maxime
2635 709 2818 754 nostro
2860 701 3186 771 intelligendi
3233 705 3391 757 modo
3419 719 3553 758 con—

1995 810 2188 862 gruere
2219 794 2450 860 videtur,
2491 802 2666 846 tamen
2696 793 2836 861 quod
2871 808 3132 861 nusquam
3183 794 3236 846 in
3273 794 3555 863 Scriptura

1998 895 2304 953 usurpctur,
2351 885 2524 954 sitque
2568 885 2797 953 primum
2846 885 3137 952 impietatis
3181 886 3416 955 ipsorum
3455 889 3559 942 ele-

1997 986 2258 1041 mentum,
2297 977 2435 1030 banc
2465 977 2680 1031 silentio
2719 978 2837 1046 jure
2875 979 3184 1031 tradendam
3233 994 3356 1032 esse
3391 980 3557 1035 duxe-

2000 1070 2120 1122 rim.
2152 1068 2357 1137 Quippe
2395 1084 2494 1123 vox
2530 1070 2704 1124 Patris
2751 1069 2888 1122 idem
2921 1070 3061 1124 valet
3089 1069 3230 1137 quod
3269 1086 3369 1124 vox
3412 1075 3560 1142 inge-

2000 1163 2117 1225 ltiti,
2151 1171 2501 1230 prtetcrquam
2531 1162 2676 1230 quod
2701 1160 2818 1214 Filii
2846 1163 3008 1214 etiam
3043 1164 3308 1217 notionem
3341 1165 3560 1232 conjun-

1998 1255 2126 1308 Ctini
2164 1270 2257 1323 pcr
2302 1255 2616 1308 relationem
2647 1255 2805 1308 simul
2839 1256 3111 1321 praeferat.
3146 1255 3245 1320 Qui
3279 1255 3421 1308 enim
3470 1271 3558 1310 rc-

2000 1361 2123 1398 vera
2149 1352 2202 1398 et
2228 1347 2373 1399 solus
2404 1345 2562 1398 Pater
2601 1357 2704 1410 est,
2739 1361 2802 1400 ex
2839 1347 2984 1399 nullo
3029 1347 3134 1399 alio
3166 1358 3285 1400 est:
3320 1349 3419 1401 hoc
3450 1363 3561 1398 an-

2002 1446 2106 1488 tem
2139 1437 2277 1504 quod
2313 1454 2375 1491 ex
2414 1438 2563 1491 nullo
2605 1449 2706 1503 est,
2755 1438 2896 1492 idem
2945 1448 3028 1492 est
3068 1449 3229 1506 atque
3264 1441 3555 1509 ingenitus.

2001 1527 2116 1582 Non
2146 1530 2308 1597 igitur
2334 1531 2503 1596 magis
2531 1529 2800 1596 ingenitus
2823 1544 2984 1596 quam
3028 1529 3182 1582 Pater
3209 1530 3560 1598 appellandus

2002 1622 2158 1675 nobis
2187 1629 2288 1684 est,
2317 1620 2418 1673 nisi
2451 1619 2751 1673 Salvatoris
2778 1622 3096 1674 documenta
3124 1621 3448 1675 voluerimus
3479 1637 3562 1676 sa-

2004 1713 2200 1780 pientia
2235 1727 2509 1779 superare,
2540 1713 2628 1780 qui
2661 1712 2832 1766 dixit:
2869 1711 3064 1765 Etuues
3093 1713 3353 1780 bnpdzate
3383 1714 3435 1765 in
3467 1731 3562 1766 no-

2005 1807 2142 1858 mine
2173 1804 2353 1858 Patt'is
2385 1806 2450 1871 δ’,
2495 1821 2601 1858 non
2635 1805 2882 1874 ingeniti.
2917 1804 3019 1858 Sed
3051 1804 3116 1858 dc
3163 1807 3244 1858 bis
3283 1807 3560 1860 hactenus.

1937 1889 1978 1943 Β
2009 1900 2116 1955 Nos
2143 1915 2271 1953 vero
2294 1915 2356 1954 ea
2384 1915 2504 1969 quae
2531 1899 2773 1968 proxime
2798 1896 2982 1960 refert,
3013 1900 3396 1965 expendamus.
3427 1897 3562 1952 Ν.ιιιι

336 1989 424 2041 ubi
478 1988 748 2056 paululum
785 2006 1101 2057 progressus
1127 2004 1230 2053 est.
1264 1993 1474 2062 sibique
1526 1995 1639 2062 ipse
1666 2010 1728 2049 ea
1767 1995 2099 2064 quasdixerat
2131 1994 2275 2047 velut
2304 1994 2354 2046 in
2387 2007 2654 2046 summam
2683 1990 2904 2059 redegit,
2935 1993 3014 2043 sic
3042 1990 3244 2043 scribit.

405 2083 562 2134 ΕΥΝ.
611 2083 729 2153 ’Ἆρ’
759 2081 871 2146 οὖν,
905 2086 952 2136 εί
977 2085 1113 2154 μήτε
1156 2087 1317 2148 αὐτὸς
1360 2086 1572 2150 ἑαυτοῦ,
1626 2088 1761 2158 μήτε
1791 2089 1906 2140 ἓτε-

333 2174 424 2245 ρόν
457 2191 506 2226 τι
541 2174 704 2226 αὑτοῦ
756 2176 1132 2247 προϋπάρχειν
1184 2177 1472 2245 δέδεικται,
1535 2179 1641 2250 πρὸ
1677 2180 1734 2232 δὲ
1762 2179 1901 2232 πάν-

330 2283 438 2317 των
471 2266 655 2330 αὐτὸς,
706 2268 987 2322 ἀκολουθεῖ
1020 2269 1192 2341 τούτῳ
1235 2271 1296 2324 τὸ
1337 2271 1662 2342 ἀγέννητον·
1702 2271 1902 2341 μᾶλλον

328 2357 387 2409 δὲ
419 2357 548 2409 αὑτό
581 2360 725 2412 ἐστιν
745 2361 1035 2430 (13mm
1068 2364 1377 2434 ἀγέννητος,

405 2449 549 2502 ΒΑΣ.
592 2453 693 2504 Ἦν
733 2453 910 2506 τοίνυν
946 2456 1002 2507 ὲν
1040 2455 1248 2518 τούτοις
1281 2455 1644 2526 ἐφωράσαμεν
1671 2473 1904 2529 κακουρ-

330 2541 455 2607 γίαν
482 2540 708 2593 συνιδεῖν
729 2543 846 2612 μὲν,
883 2540 1034 2614 οἶμαι
1053 2546 1182 2612 (Ml,
1211 2546 1302 2599 καὶ
1337 2547 1476 2600 πάνυ
1520 2548 1698 2618 ῥᾴδιον
1716 2549 1792 2618 τῷ
1810 2551 1902 2601 καὶ

336 2633 527 2700 μικρὸν
567 2634 940 2704 ὲπιστήσαντι,
974 2638 1186 2707 ἐμφανῆ
1215 2639 1271 2690 δὲ
1299 2640 1515 2709 ποιῆσαι
1556 2644 1666 2704 τοῖς
1692 2643 1901 2708 πολλοῖς

330 2724 427 2775 οὐκ
459 2724 716 2795 εὐμαρές.
746 2727 889 2797 Πλὴν
915 2728 1046 2780 ἀλλά
1076 2731 1377 2800 πειρατέον,
1405 2733 1502 2802 τὴν
1532 2733 1720 2786 ἐλπίδα
1745 2735 1904 2805 θεμέ-

329 2833 454 2880 νους
486 2820 577 2871 ἐπὶ
619 2820 708 2872 τὸν
753 2821 962 2874 διδόντα
1017 2824 1164 2892 ῥῆμα
1217 2827 1328 2886 τοῖς
1372 2826 1899 2897 εὐαγγελιζομένοις,

327 2909 554 2980 δυνάμει
603 2911 790 2981 πολλῇ.
831 2912 1031 2975 Εἰπὼν,
1076 2914 1175 2976 ὅτι,
1212 2916 1260 2966 εἰ
1298 2915 1433 2984 μήτε
1479 2917 1639 2979 αὐτὸς
1682 2918 1899 2980 ἑαυτοῦ,

333 3003 472 3072 μήτε
521 3002 705 3072 ἕτερόν
749 3021 800 3054 τι
839 3003 1000 3056 αὐτοῦ
1049 3005 1409 3074 προῦπάρχει,
1443 3005 1722 3059 ἀκολουθεῖ
1754 3006 1901 3076 αὑτῷ

328 3095 392 3147 τὸ
431 3094 752 3163 ἀγέννητον·
800 3091 915 3147 εἶτα
960 3094 1204 3158 συνιδὼν,
1240 3096 1320 3148 ὅτι
1356 3098 1418 3149 ἐκ
1450 3098 1548 3167 τῆς
1576 3097 1682 3150 τῶν
1715 3097 1900 3150 τεθέν-

330 3201 438 3239 των
471 3186 789 3250 ἀκολουθίας
825 3187 957 3258 πρὸς
999 3188 1060 3240 τὺ
1093 3188 1330 3241 ἐναντίον
1378 3189 1525 3259 αὑτῴ
1558 3189 1842 3260 περιῆλθεν
1871 3191 1899 3241 ὁ

329 3279 486 3348 λόγος
515 3279 586 3350 (εί
613 3279 721 3350 γὰρ
756 3279 1038 3333 ἀκολουθεί
1075 3280 1150 3350 τῷ
1183 3279 1302 3350 Θεῷ
1333 3281 1393 3332 τὸ
1425 3281 1734 3352 ἀγέννητον,
1770 3281 1900 3346 ἔξω·

330 3372 423 3426 θεν
450 3371 598 3441 αὐτῷ
627 3371 928 3440 παρέπεται
960 3371 1220 3442 δηλονότι.
1249 3372 1321 3423 Τὸ
1343 3372 1396 3423 δὲ
1425 3373 1620 3438 ἔξωθεν
1646 3373 1738 3425 τοῦ
1766 3374 1900 3427 Θεοῦ

327 3463 429 3515 οὐκ
463 3462 618 3516 οὐσία⁵
649 3461 812 3514 αὑτοῦ
842 3464 1009 3516 ἐστιν.
1050 3462 1143 3515 Ἐκ
1179 3461 1235 3513 δὲ
1265 3462 1594 3533 τούτωνῌῑὶ)
1626 3465 1902 3534 οίχήσεται

327 3555 584 3627 διαρρυὲν
609 3554 757 3625 αὐτῷ
783 3555 842 3607 τὸ
873 3554 1113 3625 σκαιώρη
1125 3557 1250 3624 μα),
1271 3555 1351 3606 ἵνα
1384 3555 1438 3606 δὲ
1464 3556 1535 3626 μὴ
1559 3555 1713 3608 τοῦτο
1733 3555 1898 3626 πάθῃ,

328 3649 382 3700 τί
422 3650 596 3712 ποιεῖ;
633 3647 813 3718 Βραχὺ
850 3648 1142 3719 φροντίσας
1171 3647 1265 3700 τοῦ
1299 3647 1551 3714 γέλωτος,
1593 3647 1650 3698 ὃν
1697 3647 1788 3698 ἐπὶ
1824 3647 1901 3718 τῷ

327 3742 397 3794 τὰ
429 3740 762 3794 ἀνακόλουθα
783 3740 960 3810 λέγειν
993 3740 1214 3812 ὑπέχειν
1247 3740 1456 3810 ἔμελλε,
1487 3744 1551 3812 τῇ
1583 3739 1899 3810 ἐπιδιορθώ-

332 3853 414 3888 σει
466 3836 717 3906 ἀπήγαγε
763 3834 852 3888 τὸν
895 3835 1052 3904 λόγον
1098 3836 1232 3907 πρὸς
1275 3835 1310 3889 ἃ
1357 3833 1634 3898 ἐϐούλετο,
1691 3833 1894 3885 εἰπών’

330 3929 544 3982 Μᾶλλον
570 3929 625 3982 δὲ
663 3929 792 3982 αὐτό
816 3929 925 4000 (16)
956 3931 1101 3982 ἐστιν
1131 3929 1285 3981 οὐσία
1313 3927 1624 3996 ἀγέννητος.
1652 3923 1819 3978 Τοῦτο
1841 3925 1896 3978 δὲ

327 4021 584 4091 οὐδεμίαν
632 4022 727 4092 μὲν
770 4020 882 4091 ἔχει
927 4020 1212 4090 ὁμολογίαν
1247 4019 1381 4090 πρὸς
1429 4018 1498 4071 τὰ
1551 4019 1899 4088 προάγονταο

328 4111 447 4174 πῶς
480 4111 587 4182 γὰρ
620 4113 712 4165 καὶ
732 4112 990 4183 ἑπόμενον
1020 4110 1166 4181 αὑτῴ
1193 4110 1251 4163 τὸ
1270 4111 1380 4180 (17)
1403 4109 1691 4182 ἀγέννητον
1721 4109 1900 4174 ὁΘεὸς

403 4229 451 4261 ⁵³
477 4229 666 4282 Matth.
699 4245 886 4294 xxvm,
923 4228 1008 4284 l9.

400 4343 510 4413 (11)
545 4341 782 4413 Ειὶὶιῑγείς
813 4342 874 4395 τὸ
895 4341 1061 4412 ὄνομα
1097 4339 1189 4393 τοῦ
1225 4339 1470 4413 Πατρὸςο
1505 4338 1623 4413 τοῦη
1645 4334 1877 4413 Πατρδς,

328 4409 443 4470 ἀλλ’
475 4409 594 4484 οὐχ).
623 4412 714 4465 τοῦ
748 4409 1127 4482 ἀγεννήτου....
1162 4409 1504 4480 σκεψώμεθα.
1546 4411 1692 4465 Libri
1738 4409 1886 4466 vete-

331 4503 439 4546 res,
480 4488 554 4537 uti
596 4485 778 4536 videre
815 4485 974 4537 estin
1013 4491 1288 4537 contextu.

401 4555 512 4626 (Ιὲ)
547 4553 622 4607 Ita
682 4553 889 4626 antiqui
926 4553 1032 4606 duo
1089 4552 1246 4626 libri._
1266 4551 1378 4606 Vox
1424 4549 1686 4626 at’t_td;“ill
1727 4552 1885 4626 editis

1087 4227 1131 4258 ⁶⁰
1154 4227 1295 4282 Psal.
1332 4242 1497 4292 vau,
1533 4227 1620 4280 12.

335 4619 700 4681 desideratur.
743 4619 1030 4694 Aliquanto
1059 4632 1176 4694 post
1217 4623 1344 4690 Reg.
1371 4624 1570 4694 tertius
1593 4619 1775 4694 ἕτερόν
1829 4641 1879 4676 τι
1912 4628 1955 4682 D

328 4697 435 4769 πρὸ
460 4693 628 4769 αὐτοῦ
652 4694 913 4769 ὑπάρχειν
929 4693 1754 4769 ἀποδέδεικταιηάεηιοηεινιιιιιιη
1781 4702 1875 4750 est.

400 4768 512 4838 (15)
556 4766 728 4838 Editio
771 4762 965 4838 Paris.
996 4775 1049 4838 et
1084 4763 1234 4838 llegii
1264 4762 1489 4838 primus,
1527 4765 1793 4838 secundus
1826 4773 1881 4817 et

327 4833 532 4901 scitus,
559 4836 754 4905 μᾶλλον
800 4835 858 4888 δὲ
907 4833 1066 4905 αὐτὸς
1123 4837 1294 4905 ἐστιν,
1331 4833 1434 4885 imo
1483 4849 1601 4905 vero
1666 4835 1771 4899 ipse
1806 4844 1879 4886 est

326 4904 618 4960 substantia
649 4907 898 4974 ingenita.
968 4904 1117 4973 Regii
1179 4904 1366 4974 tertius
1401 4904 1712 4974 et_quiutus
1757 4919 1879 4957 cum

326 4979 479 5032 Colb.
511 4989 564 5030 et
607 4971 726 5030 cuni
780 4975 1017 5028 editione
1050 4971 1193 5029 'Ven.
1237 4973 1432 5043 μᾶλλον
1464 4972 1519 5026 δὲ
1546 4971 1677 5026 αὐτὸ
1709 4975 1876 5035 ἐστιν,

327 5051 432 5101 imo
490 5065 606 5100 vero
662 5047 772 5114 ipsa
811 5057 883 5098 est
941 5047 1234 5098 substantia
1273 5046 1522 5114 ingenita,
1559 5047 1658 5098 hoc
1706 5055 1789 5114 est
1821 5044 1879 5097 τὸ

324 5119 636 5186 ἀγέννητον,
671 5113 783 5183 ipsa
841 5117 1182 5185 ingeneratio,
1220 5126 1300 5168 est
1335 5113 1662 5186 substantia
1723 5113 1877 5186 inge-

327 5183 828 5242 ιιίἰιιμέ-Μὰλλον
866 5183 933 5239 δὲ
982 5187 1129 5239 αὐτό
1183 5186 1352 5238 ἐστιν
1398 5183 1577 5236 οὐσία
1629 5185 1879 5252 ἀγέννη-

324 5277 445 5325 τος.
478 5259 534 5312 In
585 5261 683 5311 hoc
736 5257 872 5321 loco,
921 5258 1009 5326 qui
1046 5257 1181 5310 infra
1229 5258 1309 5310 bis
1367 5255 1645 5323 repetitur,
1709 5257 1875 5308 multo

324 5331 522 5383 clarior
545 5330 648 5382 erit
677 5339 783 5381 tota
820 5329 1132 5395 disputatio,
1167 5327 1211 5381 si
1242 5330 1480 5394 legamus
1517 5335 1571 5377 ut
1621 5327 1671 5377 in
1740 5341 1877 5395 nou-

325 5400 485 5453 nullis
538 5399 811 5453 codicibus
861 5392 989 5456 ttiss.
1038 5409 1093 5452 et
1136 5392 1334 5458 editis',
1375 5395 1538 5457 αὑτός
1571 5397 1736 5446 ἐστιν.
1789 5392 1877 5446 νει

321 5471 492 5540 potius
520 5470 829 5540 ipsetltetis)
861 5469 1266 5540 estxsubstanlia
1310 5467 1564 5540 ingenita.
1621 5465 1876 5540 Testatur

325 5537 552 5594 Basilius
579 5556 630 5607 p.
660 5539 765 5593 223
800 5540 910 5594 haec
940 5539 1259 5593 Eunomium
1321 5539 1384 5590 de
1434 5537 1537 5590 Deo
1572 5537 1876 5607 Atniiverso-

327 5627 443 5664 rum
485 5605 714 5668 dixisse;
742 5611 900 5677 idque
924 5621 1070 5678 patet
1099 5625 1162 5663 ex
1196 5610 1278 5662 bis
1301 5623 1420 5676 qua:
1445 5605 1688 5678 protinus
1723 5605 1873 5658 addit

323 5681 636 5735 Eunomius.
677 5675 937 5734 Praeterea
963 5681 1233 5747 conceptis
1260 5675 1438 5732 verbis
1473 5677 1575 5731 boc
1610 5675 1728 5730 loco
1764 5693 1873 5747 non

323 5754 534 5806 dicebat
557 5752 846 5805 Eunomius
875 5752 1046 5818 ipsum
1086 5745 1378 5818 ingenitum
1426 5763 1542 5802 esse
1577 5745 1870 5818 essentiam

322 5823 440 5883 Dei,
468 5825 558 5876 sed
585 5837 648 5875 eo
679 5812 922 5888 spectare
949 5812 1092 5877 illius
1127 5812 1289 5875 v'e'rba
1321 5823 1574 5874 observat
1615 5816 1871 5881 Basilius,

323 5909 375 5949 ι).
405 5895 529 5949 216.
553 5892 759 5949 Μλιιλη,

323 5909 375 5964 p.
405 5895 529 5953 216.
553 5895 759 5949 Μλιιλη,

2078 2087 2210 2140 Eua.
2240 2087 2445 2154 Itaque,
2495 2085 2539 2137 si
2576 2093 2851 2136 ostensum
2878 2090 2960 2134 est
2999 2096 3177 2149 neque
3227 2081 3400 2150 ipsum
3443 2094 3566 2134 ante

2007 2179 2267 2248 seipsum,
2291 2192 2463 2246 neque
2503 2177 2792 2245 quidquam
2825 2173 2970 2227 aliud
3025 2183 3152 2226 ante
3200 2173 3372 2240 ipsum
3407 2189 3524 2227 esse
3548 2213 3564 2238 ,

2006 2269 2099 2324 sed
2142 2270 2315 2338 ipsum
2369 2277 2492 2321 ante
2524 2267 2703 2320 omnia
2750 2273 3007 2320 exstare:
3045 2265 3286 2332 sequitur
3313 2264 3456 2318 illum
3489 2266 3568 2319 itt-

2007 2363 2284 2434 generatio
2316 2377 2328 2413 :
2363 2361 2469 2414 imo
2494 2361 2668 2429 potius
2692 2359 2805 2428 ipsa
2832 2367 2913 2412 est
2943 2357 3240 2410 substantia
3272 2358 3527 2424 ingenita.

2076 2455 2198 2509 Bas.
2228 2453 2457 2506 Proinde
2485 2467 2644 2521 quam
2674 2452 2725 2506 in
2762 2451 2848 2506 bis
2883 2450 3338 2520 deprehendimus
3361 2449 3565 2517 impro-

2006 2546 2251 2610 bitatem,
2292 2545 2592 2612 intelligere
2621 2545 2858 2612 quidem,
2901 2553 2957 2598 ut
2999 2556 3148 2614 puto,
3179 2543 3334 2596 facile
3357 2551 3438 2597 est
3470 2542 3566 2596 ad-

2009 2640 2222 2692 modum
2249 2640 2318 2705 ei,
2368 2639 2456 2707 qui
2491 2638 2571 2692 vel
2622 2638 2813 2691 leviter
2866 2636 3155 2689 attenderit
3183 2638 3418 2690 animum
3454 2654 3466 2688 :
3513 2648 3570 2690 at

2006 2748 2123 2786 eam
2148 2733 2306 2800 vulgo
2335 2733 2678 2784 manilestam
2714 2732 2938 2784 reddere
2961 2747 3062 2783 non
3093 2731 3164 2784 ita
3189 2729 3353 2783 fuerit
3388 2729 3565 2785 facile.

2007 2826 2342 2880 Tentandum
2369 2835 2566 2888 tamen,
2585 2833 2932 2893 posteaquam
2955 2839 3101 2894 spem
3122 2824 3566 2878 collocaverinms

2007 2917 2166 2982 ineo,
2202 2917 2291 2986 qui
2318 2918 2640 2970 datverbum
2662 2917 3176 2982 evangelizantibus,
3212 2917 3409 2970 virtute
3428 2916 3569 2969 mul-

2007 3017 2057 3062 ta
2078 3010 2142 3061 ⁶⁰.
2175 3008 2392 3062 Dixerat
2422 3023 2583 3076 porro
2629 3009 2770 3076 quod
2809 3008 2957 3073 illtnl,
2997 3008 3042 3061 si
3074 3021 3245 3074 neque
3283 3007 3397 3075 ipse
3444 3018 3569 3063 ante

2007 3102 2264 3170 seipsum,
2295 3115 2466 3168 neque
2497 3100 2641 3152 aliud
2688 3099 2979 3168 quidquam
3002 3108 3125 3152 ante
3149 3100 3322 3168 ipsum
3348 3111 3451 3166 est,
3483 3117 3570 3157 se-

2005 3190 2556 3260 quaturingeneratio
2587 3210 2599 3244 :
2628 3192 2721 3244 sed
2756 3193 3095 3258 postmodum
3121 3190 3383 3245 intellexit
3409 3196 3568 3248 verba

2007 3299 2101 3339 sua
2121 3285 2221 3338 sibi
2243 3285 2312 3338 ob
2332 3282 2603 3352 jactorum
2625 3283 3094 3336 fundamentorum
3121 3286 3568 3352 consequentiam

1929 3366 1970 3424 C
2007 3377 2059 3429 in
2079 3375 2406 3429 contrariam
2427 3385 2634 3442 partem
2660 3374 2873 3427 cedere.
2900 3372 3032 3426 Nam
3058 3373 3101 3426 si
3131 3374 3294 3428 Deum
3329 3376 3572 3444 sequitur

2009 3468 2362 3537 ingeneratio,
2381 3481 2443 3520 ea
2469 3465 2540 3518 illi
2561 3465 2746 3534 procul
2786 3465 2948 3519 dubio
2979 3468 3320 3520 extrinsecus
3338 3467 3567 3521 accedit.

2008 3559 2158 3625 Quod
2177 3568 2352 3612 autem
2372 3567 2526 3612 extra
2550 3556 2719 3610 Deum
2744 3564 2848 3620 est,
2881 3558 3180 3610 substantia
3205 3557 3321 3626 ejus
3345 3574 3446 3612 non
3466 3569 3569 3614 est.

2008 3652 2186 3706 Exilis
2213 3660 2391 3705 autem
2437 3647 2679 3703 dolosum
2708 3647 2853 3702 illius
2879 3658 3243 3703 commentum
3283 3649 3482 3706 dilﬂuet
3508 3669 3573 3706 ac

2009 3743 2290 3798 dilabetur.
2309 3741 2412 3797 Sed
2431 3743 2535 3796 hoc
2553 3741 2601 3796 ei
2620 3755 2686 3795 ne
2701 3741 2929 3806 accidat,
2948 3741 3073 3808 quid
3094 3739 3247 3794 facit?
3266 3741 3415 3798 Haud
3434 3744 3574 3797 mul-

2010 3844 2122 3888 tum
2147 3849 2346 3888 curans
2377 3833 2568 3898 risum,
2596 3847 2756 3901 quem
2786 3830 2855 3884 ob
2892 3831 3182 3900 pugnantia
3221 3847 3338 3900 quae
3382 3833 3571 3901 loque-

2007 3928 2162 3982 batur
2195 3928 2472 3982 subiturus
2495 3936 2637 3991 erat,
2669 3925 2970 3979 orationem
3001 3928 3065 3979 ad
3096 3940 3156 3978 ea
3195 3941 3315 3994 qua:
3359 3929 3524 3984 voluit
3551 3964 3571 3998 ,

2007 4021 2326 4090 corrigendo
2359 4020 2648 4084 convertit,
2683 4020 2766 4073 bis
2795 4018 2974 4072 verbis
3005 4034 3019 4070 :
3079 4017 3188 4072 lino
3225 4020 3402 4087 potius
3455 4023 3572 4077 haec

2007 4111 2122 4182 ipsa
2160 4122 2244 4168 est
2292 4110 2591 4167 substantia
2647 4111 2905 4180 ingenita.
2955 4108 3066 4164 Hoc
3118 4122 3296 4166 autem
3350 4128 3472 4168 cuin
3505 4117 3570 4170 iis

2067 4341 2179 4411 (M)
2210 4340 2347 4394 Editi
2400 4338 2627 4391 συνιδεῖν
2655 4337 2772 4401 καὶ,
2813 4331 2985 4409 οἴμαι.
3032 4337 3174 4393 Libri
3219 4349 3424 4395 veteres
3469 4341 3564 4412 ita,

1997 4416 2057 4468 ut
2087 4413 2380 4467 edidimus.

2065 4505 2180 4574 (l5)
2224 4504 2266 4557 E
2296 4503 2517 4569 regione
2550 4502 2747 4574 borum
2775 4503 3056 4557 verborum
3077 4544 3090 4566 ,
3139 4504 3232 4556 Ἐκ
3261 4503 3316 4556 δὲ
3341 4504 3564 4566 τούτων,

1994 4576 2046 4630 in
2077 4573 2081 4574 ί
2108 4576 2353 4640 margine
2413 4574 2547 4643 iteg.
2610 4573 2750 4626 tertii
2807 4575 3062 4640 scriptum
3099 4585 3182 4629 est
3217 4575 3380 4637 illud,
3423 4577 3484 4628 Εί
3510 4574 3565 4630 δὲ

1983 4647 2140 4700 τοῦτο
2180 4643 2382 4715 δοθείη,
2432 4642 2584 4708 Quod
2627 4644 2672 4696 si
2719 4642 2824 4715 hoc,
2868 4644 3256 4715 concederetur.
3308 4645 3560 4712 Basilius,

1986 4720 2140 4779 Cujus
2197 4714 2395 4783 alioqui
2433 4729 2614 4769 sermo
2652 4714 2967 4780 perspicuus
2993 4728 3075 4769 εει
3103 4727 3154 4768 et
3185 4714 3365 4768 clarus
3391 4757 3404 4777 ,
3438 4718 3564 4769 dttm

1984 4788 2244 4842 obscuras
2285 4786 2532 4839 Eunomii
2570 4783 2803 4850 ineptias
2826 4783 3111 4855 confutare
3140 4788 3374 4855 cogitur,
3401 4789 3458 4840 fit
3511 4798 3565 4840 et

1983 4859 2098 4924 ipse
2127 4856 2524 4926 quodammodo
2566 4857 2851 4926 obscurus.
2914 4851 3241 4926 Eunomiana
3277 4857 3387 4917 illa,
3437 4858 3565 4910 ἀκο-

1981 4923 2160 4980 λουθεῖ
2202 4926 2377 4995 τούτῳ
2429 4925 2487 4978 τὸ
2535 4924 2857 4995 ἀγέννητον.
2913 4923 3110 4992 μᾶλλον
3159 4927 3214 4980 δὲ
3265 4927 3395 4983 αὑτό
3418 4928 3564 4980 ἐστιν

1982 4999 2137 5051 οὐσία
2162 4993 2474 5066 ἀγέννητος,
2510 4996 2787 5066 contendit
2816 4993 3049 5066 Basilius
3077 4997 3217 5050 inter
3249 5014 3305 5049 se
3357 5015 3563 5066 pugna-

1985 5087 2064 5131 re,
2097 5063 2366 5121 necinter
2389 5082 2445 5120 se
2471 5063 2750 5136 conciliari
2779 5080 2960 5132 posse.
2992 5064 3147 5128 Nam,
3186 5063 3385 5133 inquit,
3422 5063 3565 5136 quod

1982 5153 2309 5208 quemquam
2345 5137 2610 5205 sequitur,
2642 5135 2698 5208 it_l
2731 5135 2780 5186 in
2840 5151 2904 5186 eo
2936 5137 3292 5208 adventitinm
3327 5135 3567 5208 est,’nec

1982 5201 2065 5264 est
2112 5201 2229 5276 ejus
2281 5201 2602 5261 substantia.
2660 5201 2736 5256 Ex
2799 5220 2905 5273 quo
2938 5205 3015 5268 fit,
3053 5217 3110 5258 ut
3144 5207 3202 5258 τὸ
3239 5207 3562 5275 ἀγέννητον,

1982 5296 2103 5333 cum
2145 5294 2209 5332 ex
2239 5277 2485 5331 Eunomii
2522 5276 2792 5331 sententia
2849 5276 3012 5328 Deum
3044 5286 3326 5344 sequatur,
3358 5278 3564 5330 adven-

1985 5352 2159 5403 titium
2189 5348 2408 5418 quidam
2435 5352 2505 5402 sit
2531 5350 2580 5400 in
2627 5347 2756 5407 Deo,
2790 5345 3062 5418 nccuDeus
3091 5347 3225 5418 ipse,
3290 5360 3390 5418 nec
3432 5349 3568 5418 sub-

1981 5421 2178 5473 stantia
2208 5415 2454 5487 iugenita
2507 5419 2611 5472 dici
2655 5419 2848 5487 possit.
2881 5415 2954 5466 Ex
3019 5417 3215 5484 quibus
3265 5415 3443 5487 colligi
3470 5416 3565 5469 de-

1982 5490 2090 5547 bet.
2121 5485 2466 5549 Eunomium,
2500 5504 2620 5540 cum
2646 5485 2704 5538 τὸ
2733 5486 3028 5554 ἀγέννητον
3093 5486 3450 5538 substantiam
3491 5487 3567 5539 itt-

1980 5561 2215 5628 genitam
2251 5574 2372 5614 esse
2412 5560 2640 5621 diceret,
2698 5571 2880 5610 secum
2943 5570 3283 5625 nequaouam
3318 5570 3565 5610 consen-

1981 5645 2116 5685 81858
2127 5667 2145 5684 ο

2053 5722 2164 5790 (lii)
2195 5721 2368 5774 Editio
2399 5720 2581 5774 Paris.
2617 5734 2738 5772 cum
2769 5719 2941 5772 tribus
2968 5713 3330 5790 ητςεημᾶλλον
3372 5718 3425 5771 δὲ
3473 5720 3570 5772 αὐ-

1979 5787 2090 5855 τός.
2124 5787 2224 5845 Alii
2250 5801 2486 5860 quatuor
2515 5805 2642 5844 mss.
2685 5804 2806 5842 cum
2843 5789 3083 5842 editione
3109 5787 3247 5843 Ven.
3272 5791 3425 5842 αὑτό.

2044 5881 2164 5962 ξ(ΓΙ)
2207 5882 2382 5938 Editio
2422 5891 2646 5950 utraque
2684 5893 2805 5935 cum
2863 5878 3008 5949 Reg.
3040 5879 3252 5948 -quinto
3293 5879 3424 5932 αὐτὸ
3485 5876 3572 5930 τόι
