3978 6410
345 390 447 447 521

344 608 462 662 δίαν
491 607 639 678 αὐτῷ
681 610 778 680 τὴν
813 611 1148 683 ἐπιχείρησιν
1182 614 1397 669 ἔσεσθαι
1430 619 1522 672 τοῦ
1556 620 1654 690 τὴν
1691 621 1922 692 ἀγεννῆ-

347 700 464 754 σίαν
503 701 689 752 οὐσίαν
714 696 848 754 εἶναι
883 702 974 756 τοῦ
1004 703 1137 757 Θεοῦ
1171 705 1315 774 (26)⁶
1349 711 1412 762 ἐκ
1447 710 1636 764 τούτου
1668 713 1725 765 δέ
1754 715 1920 768 ἀναν-

341 794 614 864 τιρρήτως
657 794 870 860 δείξειν,
909 797 1157 868 ἀνόμοιον
1201 797 1339 853 εἶναι
1369 805 1488 856 κατ’
1521 804 1690 877 αὐτὴν
1713 807 1809 878 τὴν
1833 811 1923 862 ού-

343 886 466 938 σίαν
496 886 588 938 τὸν
635 889 896 958 μονογενῆ
924 889 1050 942 Υίὸν
1083 890 1161 963 τῷ
1197 894 1391 964 Πατρί.
1427 897 1525 950 Διὰ
1557 899 1712 952 τοῦτο
1755 918 1923 973 προσ-

343 976 601 1031 πλέκεται
647 978 725 1050 τῷ
759 982 963 1052 ῥήματι
997 983 1096 1052 τῆς
1128 986 1390 1051 ἐπινοίας,
1429 989 1504 1052 ὡς
1547 990 1696 1042 οὐδὲν
1725 993 1922 1062 σημαί-

343 1087 487 1123 νοντι
534 1069 591 1123 τὸ
638 1072 921 1142 παράπαν,
969 1073 1082 1126 ἀλλ’
1128 1078 1185 1129 ἐν
1240 1077 1375 1150 μόνῃ
1422 1081 1487 1150 τῇ
1545 1085 1794 1153 προφορᾷ
1827 1082 1923 1154 τὴν

344 1163 637 1216 ὑπόστασιν
675 1165 993 1236 κεκτημένῳ
1013 1184 1026 1197 ο
1064 1169 1157 1221 καὶ
1186 1169 1400 1235 ἀνάξιον
1425 1170 1562 1227 εἶναι
1592 1174 1725 1228 Θεοῦ
1753 1194 1922 1248 προσ-

345 1258 579 1309 ποιεῖται
629 1258 749 1319 ταῖς
789 1257 1051 1320 ἐπινοίαις
1099 1260 1258 1313 αὐτὸν
1308 1263 1724 1334 άποσεμνύνειν.
1783 1265 1924 1336 Ἐγὼ

344 1343 400 1399 δὲ
435 1348 483 1400 εί
529 1345 626 1416 μὲν
655 1346 867 1418 ἐπινοίᾳ
896 1347 1167 1420 θεωρητὸν
1195 1350 1305 1421 (27)
1336 1352 1367 1422 ῆ
1415 1353 1488 1424 μὴ
1516 1353 1578 1406 τὸ
1605 1356 1922 1428 ἀγέννητον,

345 1437 498 1490 οὔπω
530 1438 928 1512 διισχυρίζομαι
953 1443 1081 1515 πρὶν
1115 1441 1180 1496 ἂν
1208 1444 1299 1496 ὑπ’
1326 1445 1495 1517 αὐτῆς
1521 1446 1610 1499 τοῦ
1639 1448 1796 1516 λόγου
1825 1449 1926 1520 τῆς

343 1530 644 1596 ἐξετάσεως
680 1532 913 1604 διδαχθῶ
920 1553 1040 1606 μεν.

418 1624 469 1679 6.
490 1624 629 1678 Αὐτὸ
658 1625 715 1678 δὲ
742 1627 918 1692 τοῦτο,
937 1627 990 1681 τί
1023 1629 1150 1683 ποτέ
1184 1632 1329 1684 ἐστιν
1354 1633 1386 1702 ἡ
1417 1634 1646 1698 ἐπίνοια,
1666 1635 1834 1707 ἡδέως
1862 1635 1927 1690 ἂν

346 1717 511 1770 αὑτὸν
557 1717 928 1790 ἐρωτήσαιμι·
984 1716 1072 1792 ἆρ’
1112 1722 1263 1776 οὐδὲν
1311 1725 1622 1780 παντάπασι
1672 1728 1926 1798 σημαίνει

345 1809 408 1860 τὸ
436 1807 604 1879 ὄνομα
642 1809 817 1872 τοῦτο,
849 1814 942 1866 καὶ
983 1813 1154 1884 ψόφος
1178 1815 1352 1881 ἄλλως
1376 1817 1492 1870 ἐστὶ
1518 1818 1608 1880 ,διὰ
1635 1819 1733 1889 τῆς
1757 1819 1928 1889 γλῶτ-

1443 399 1809 456 ADVEBSUS
1849 400 2217 458 EUNOMIUM
2253 395 2382 460 NB.
2424 405 2465 459 ῐ.

344 515 438 569 ἐπὶ
462 514 556 569 τοῦ
585 515 719 569 Θεοῦ
765 516 826 569 τὸ
863 518 1174 589 ἀγέννητον,
1212 521 1512 592 ἡγούμενος
1551 525 1796 580 ἐντεῦθεν
1828 529 1925 600 ῥα.-
1952 533 1995 589 Α

3479 411 3584 467 522

2029 524 2226 596 ligendi
2273 527 2491 582 modum
2528 527 2579 580 in
2631 525 2740 582 Deo
2767 528 3122 596 considerari,
3151 539 3302 585 ratus
3326 532 3582 600 probatu-

2025 636 2144 674 rum
2173 635 2232 674 se
2251 620 2377 676 hinc
2406 620 2546 674 l'aeili
2579 630 2801 686 conatu,
2848 621 3307 689 ingenerationem
3339 625 3587 677 substan-

2024 712 2152 766 tiam
2180 711 2274 766 Dei
2299 725 2417 765 esse
2442 729 2456 765 :
2487 710 2611 763 inde
2637 724 2766 765 vero
2792 711 3074 765 evidenter
3105 722 3442 767 ostensurum
3467 727 3586 767 esse

2024 818 2106 868 se,
2147 803 2480 872 unigenitum
2529 802 2722 857 Filium
2760 807 3056 858 secundum
3107 804 3282 873 ipsam
3333 807 3583 858 substan-

2028 895 2154 949 tiam
2203 893 2350 948 Patri
2392 909 2512 949 esse
2557 895 2894 949 dissimilem.
2953 895 3292 965 Quapropter
3329 895 3586 950 vocabulo

2028 987 2396 1057 intelligentiae
2422 988 2649 1042 inhaeret
2697 997 2954 1058 tanquam
2993 987 3128 1042 nihil
3163 989 3382 1042 omnino
3416 988 3586 1058 signi-

2029 1081 2230 1146 ﬁcauti,
2256 1081 2350 1136 sed
2377 1082 2428 1134 iu
2467 1081 2578 1135 sola
2613 1082 2910 1150 prolatione
2940 1083 3308 1136 exsisteutiam
3334 1079 3585 1135 habenti:

2027 1182 2188 1239 atque
2235 1173 2344 1228 Deo
2392 1172 2670 1241 indignum
2731 1188 2850 1228 esse
2903 1174 3139 1240 simulat,
3180 1190 3300 1230 eum
3340 1173 3592 1227 videlicet

2029 1263 2166 1318 ideis
2204 1279 2268 1317 ac
2294 1265 2734 1334 perceptionibus
2755 1281 2950 1320 ornare
2979 1281 3041 1320 ac
3067 1265 3443 1320 cohonestare.
3476 1263 3588 1332 Ego

2028 1371 2158 1410 vero
2188 1372 2256 1410 an
2289 1357 2586 1426 ingenitum
2623 1360 2893 1426 possimus
2925 1368 3105 1414 mente
3130 1357 3364 1425 assequi;
3395 1372 3586 1420 necne,

2029 1463 2133 1501 non
2161 1447 2308 1516 prius
2343 1446 2568 1512 alIirmo,
2587 1463 2746 1516 quam
2773 1451 2840 1503 ab
2866 1449 2978 1518 ipsa
2999 1449 3222 1504 rationis
3251 1449 3591 1517 iudagationc

2029 1540 2337 1594 doceamur.

2099 1651 2152 1704 6.
2183 1649 2286 1706 Sed
2307 1653 2562 1721 quidnam
2583 1651 2651 1706 sit
2677 1634 2947 1722 perceptio
2971 1653 3092 1715 ista,
3114 1652 3341 1707 libenter
3369 1667 3488 1704 cum
3509 1654 3593 1706 iu-

2032 1747 2416 1814 terrogaverim
2449 1763 2461 1800 :
2499 1755 2676 1798 utrum
2703 1745 2805 1799 hoc
2835 1746 3064 1800 nominis
3106 1746 3233 1799 nihil
3274 1746 3493 1800 Omnino
3520 1744 3594 1797 si-

2031 1835 2270 1904 gniﬁcet,
2296 1845 2351 1888 et
2378 1849 2542 1890 sonus
2559 1835 2628 1888 sit
2645 1833 2734 1904 qui
2755 1842 2958 1888 temere
2981 1848 3044 1887 ex
3063 1847 3157 1886 ore
3174 1830 3591 1901 exeidat?217

346 1918 445 1972 της
471 1901 783 1970 ἐκπίπτων;
836 1905 996 1959 Ἀλλὰ
1023 1907 1084 1960 τὸ
1113 1908 1351 1962 τοιοῦτον
1391 1911 1511 1981 οὐχ).
1556 1912 1790 1979 ἐπίνοια,
1828 1931 1930 1968 πα·-

2046 1925 2509 1995 \treshujusmodi
2533 1940 2635 1979 non
2661 1927 2955 1995 perceptio,
2972 1923 3062 1978 sed
3077 1924 3252 1991 potius
3275 1925 3505 1978 amentia
3530 1939 3593 1978 ac

351 1995 538 2065 ράνοια
573 1995 618 2048 δ’
659 1995 723 2049 ἂν
757 1998 955 2069 μᾶλλον
1009 2001 1102 2054 καὶ
1153 2002 1388 2076 φλυαρία
1449 2007 1926 2078 προσαγορεύοιτο.

348 2087 409 2139 Ei
441 2087 496 2140 δέ
528 2091 832 2162 συγχωροίη
872 2093 1157 2162 σημαίνειν
1186 2094 1285 2165 μέν
1309 2113 1363 2148 τι
1391 2096 1486 2167 τὴν
1509 2098 1772 2162 ἐπίνοιαν,
1801 2099 1932 2169 ψευο

347 2179 436 2243 δές
476 2180 534 2232 δὲ
579 2182 738 2235 τοῦτο
778 2184 1054 2250 παντελῶς
1101 2187 1194 2239 καὶ
1223 2187 1590 2259 ἀνύπαρκτον,
1623 2190 1698 2254 ὡς
1728 2192 1784 2244 ἐν
1813 2195 1932 2256 ταῖς

353 2270 696 2341 μυΘοποιίαις
737 2275 1043 2347 κενταύρων
1084 2279 1146 2351 δή
1195 2297 1356 2335 τινων
1405 2283 1796 2356 ἁναπλασμοὺς
1839 2287 1932 2339 καὶ

349 2363 631 2435 χιμαίρας,
661 2367 777 2432 πῶς
799 2369 860 2422 τὸ
890 2373 1282 2444 σημαινόμενον
1299 2375 1432 2447 (27⁸)
1457 2377 1647 2448 ψεῦδος
1672 2379 1749 2451 τῷ
1777 2379 1933 2453 ψόφῳ

349 2456 448 2525 τῆς
491 2456 736 2529 γλώττης
767 2464 1200 2532 συναφανίζεται,
1244 2468 1344 2538 τῆς
1375 2470 1472 2540 μὲν
1500 2472 1684 2543 φωνῆς
1715 2473 1933 2538 πάντως

350 2549 432 2611 είς
480 2549 617 2621 ἁέρα
672 2556 1082 2628 προχεομένης,
1134 2558 1242 2612 τῶν
1285 2561 1342 2613 δέ
1387 2561 1598 2630 ψευδῶν
1643 2565 1934 2636 νοημάτων

351 2639 795 2712 ἐναπομενόντων
831 2646 939 2715 (28)
976 2651 1041 2719 τῇ
1087 2649 1332 2722 διανοίᾳ;
1385 2653 1519 2706 Οὑδέ
1571 2654 1678 2726 γὰρ
1713 2656 1934 2710 ἐπειδάν

354 2750 484 2786 ποτε
534 2733 744 2803 ψευδῶν
780 2737 1060 2803 παντελῶς
1108 2741 1202 2795 καὶ
1241 2741 1502 2796 διακένων
1542 2745 1932 2818 ἀναπλασμῶν,

354 2824 478 2896 ἢέν
524 2829 642 2892 ταῖς
675 2829 795 2882 καθ’
841 2829 1006 2884 ὕπνον
1040 2834 1382 2902 φαντασίαις,
1417 2836 1450 2907 ἦ
1501 2836 1675 2902 ἄλλως
1719 2839 1776 2892 ἐν
1822 2842 1935 2904 τοῖς

358 2919 611 2990 ματαίοις
658 2921 750 2976 τοῦ
804 2923 896 2977 νοῦ
953 2927 1245 2997 κινήμασιν
1287 2930 1320 3000 ἡ
1365 2929 1510 3001 ψυχὴ
1563 2931 1932 3003 πληρωθεῖσα,

357 3015 754 3088 παρακατάσχῃ
795 3018 860 3086 τῇ
901 3019 1108 3089 μνήμῃ,
1157 3015 1274 3072 εἷτα
1306 3020 1394 3074 διὰ
1415 3023 1511 3092 τῆς
1545 3024 1729 3095 φωνῆς
1773 3024 1934 3094 ἐξαγο

358 3105 536 3173 γεῖλαι
570 3106 887 3178 προέληται,
926 3109 1062 3180 ὁμοῦ
1111 3111 1189 3182 τῷ
1229 3113 1606 3184 προενεχθέντι
1639 3115 1781 3186 λόγῳ
1817 3136 1938 3171 συν-

358 3198 630 3268 ηφανίσθη
677 3200 770 3253 καὶ
814 3202 882 3254 τὰ
917 3204 1291 3275 φαντάσματα.
1330 3207 1531 3260 Πολλοῦ
1558 3209 1667 3280 γὰρ
1695 3209 1760 3263 ἂν
1787 3208 1935 3275 ἄξιον

357 3284 425 3361 ῆν
452 3290 520 3344 τὰ
548 3291 713 3364 ψευδῆ
750 3293 946 3362 λέγειν,
991 3297 1146 3368 είπερ
1177 3300 1209 3369 ἠ
1246 3298 1404 3366 φύσις
1432 3299 1525 3353 τοῦ
1556 3300 1785 3370 ψεύδους
1821 3306 1935 3367 τοῖς

361 3383 708 3454 λαλουμένοις
744 3387 1208 3460 συνδιεφθείρετοο
1231 3391 1344 3444 ἀλλ’
1364 3393 1463 3446 οὐκ
1488 3393 1608 3463 ἔχον
1633 3395 1748 3448 ἐστὶ
1776 3395 1936 3466 φύσιν

359 3477 519 3530 τοῦτό
551 3495 614 3546 γε
661 3479 792 3550 (29).
843 3481 1160 3536 ’Υπόλοιπον
1190 3483 1233 3536 δ’
1267 3483 1332 3538 ἂν
1364 3487 1445 3556 εἴη
1490 3485 1784 3551 δεικνύναι,
1822 3489 1940 3554 πῶς

366 3568 467 3640 μὲν
501 3569 532 3640 ἡ
582 3570 857 3641 συνήθεια,
894 3573 989 3625 καὶ
1029 3575 1119 3627 ἐπὶ
1147 3574 1314 3628 ποίων
1344 3577 1684 3648 πραγμάτων
1717 3582 1782 3650 τῇ
1816 3579 1942 3634 ἐπι-

363 3663 501 3730 νοίᾳ
535 3663 764 3734 χρῆται·
801 3664 918 3729 πῶς
941 3665 997 3717 δέ
1025 3666 1090 3719 τὰ
1114 3667 1229 3721 θεῖα
1258 3668 1413 3736 λόγια
1443 3669 1540 3741 τὴν
1555 3672 1748 3742 χρῆσιν
1773 3673 1941 3743 αὐτῆς

367 3756 719 3828 παρεδέξατο.
770 3757 1014 3829 Ὀρῶμεν
1060 3759 1257 3822 τοίνυν,
1293 3761 1374 3814 ὅτι
1417 3762 1474 3814 ἐν
1525 3763 1623 3832 μὲν
1666 3766 1730 3834 τῇ
1786 3768 1938 3836 κοινῇ

366 3850 559 3918 χρήσει
593 3848 660 3901 τὰ
695 3851 815 3912 ταῖς
847 3848 1070 3920 ἁθρόαις
1101 3851 1375 3914 ἐπιϐολαῖς
1417 3851 1510 3906 τοῦ
1552 3853 1641 3906 νοῦ
1678 3854 1822 3908 ἁπλᾶ
1850 3855 1941 3907 δο-

368 3938 567 3993 κοῦντα
597 3936 734 3993 εἶναι
770 3943 860 3994 κα)⁸
903 3943 1131 4013 μοναχά,
1182 3946 1301 4007 ταῖς
1345 3944 1400 3997 δέ
1433 3944 1575 3997 κατὰ
1626 3945 1820 3998 λεπτὸν
1858 3941 1943 4012 ἐξὲ

368 4031 588 4085 ετάσεσι
619 4032 836 4085 ποικίλα
869 4035 1186 4104 φαινόμενα,
1207 4034 1300 4086 καὶ
1332 4034 1500 4088 πολλὰ
1527 4035 1638 4104 (50)
1667 4036 1840 4090 ταῦτα
1864 4036 1942 4107 τῷ

366 4121 444 4191 νῷ
475 4122 846 4194 διαιρούμενα,
879 4126 1090 4197 ἐπινοίᾳ
1120 4126 1255 4199 μόνῃ
1290 4126 1534 4198 διαιρετὰ
1572 4127 1783 4197 λέγεται
1807 4128 1940 4200 (⁷51).

462 4295 553 4365 26)
579 4297 754 4352 Editio
791 4299 963 4354 Paris.
985 4300 1173 4353 οὐσίαν
1198 4297 1334 4354 εἶναι
1361 4301 1454 4354 τοῦ
1488 4301 1644 4356 Θεοῦ.
1673 4301 1938 4364 ὶιιιιᾱ,τοῦ

370 4367 528 4430 Θεοῦ,
559 4369 706 4422 deest
730 4372 777 4420 in
812 4386 943 4424 mss.
970 4383 1022 4423 et
1049 4373 1100 4424 in
1131 4373 1364 4426 editione
1402 4373 1530 4427 Ven.
1564 4373 1740 4428 Nolim
1761 4385 1938 4428 tamen

371 4448 751 4505 expungattltlr
779 4441 858 4491 hae
883 4456 1062 4502 voces,
1101 4443 1200 4494 nisi
1236 4443 1648 4496 sutumdiantur.

449 4508 558 4583 (27)
593 4508 742 4583 Reg._
785 4513 972 4564 tertius
1018 4513 1231 4583 ἐπινοίᾳ
1275 4511 1596 4582 θεωρητέον.
1649 4513 1784 4567 Cum
1836 4529 1936 4567 vox

374 4579 591 4633 ἐπίνοια
617 4579 814 4646 saepius
842 4594 1116 4642 occurrat.
1162 4579 1398 4637 alienum
1422 4579 1526 4635 non
1554 4586 1785 4646 videtur,
1817 4599 1937 4636 eam

373 4652 570 4722 paucis
593 4649 881 4715 explicare.
921 4651 1082 4722 igitur
1109 4669 1236 4708 voi-e
1277 4653 1490 4706 ἐπίνοια
1525 4655 1819 4708 Eunomius
1864 4655 1945 4705 iu-

374 4721 651 4787 telligeliat
688 4722 880 4774 mentis
911 4721 1162 4792 cngitata,
1203 4723 1455 4778 subtilem
1504 4726 1788 4792 quamdam
1832 4724 1945 4775 ani-

375 4793 448 4844 mi
479 4793 900 4858 perceptionem,
939 4809 1045 4845 uno
1077 4797 1259 4851 verbo,
1305 4796 1445 4846 hunc
1478 4807 1718 4848 nostrum
1751 4795 1948 4847 intelli-

374 4863 532 4931 gendi
564 4864 801 4924 modum,
838 4879 944 4928 quo
969 4879 1056 4917 res
1099 4865 1463 4932 metaphysice
1490 4866 1900 4919 consideramus
1931 4879 1944 4916 :

375 4947 540 5001 quam
576 4933 816 4984 ultimam
849 4933 1119 5004 notionem
1161 4938 1400 4988 omnium
1460 4935 1797 5004 aptissimam
1828 4951 1951 4988 esse

377 5004 707 5056 arbitramur
727 5004 792 5054 ad
829 5003 1212 5057 declarandum
1249 5005 1406 5071 hujus
1431 5003 1576 5060 vocis
1605 5022 1782 5059 usum.
1811 5007 1952 5071 Qua-

378 5088 590 5140 cuuque
623 5073 780 5144 igitur
805 5089 934 5127 voce
973 5077 1037 5126 ad
1070 5091 1264 5127 nomen
1298 5076 1511 5129 ἐπίνοια
1540 5077 1950 5144 exprimendum

380 5155 617 5204 utamur,
643 5143 760 5209 ejus
819 5160 978 5210 quam
1041 5147 1276 5200 diximus
1345 5147 1584 5201 nOtionis
1619 5143 1955 5199 'tuemiuissc

378 5229 558 5283 operm
590 5217 817 5283 pretium
842 5226 941 5269 est.

453 5284 585 5349 (27⁵)
613 5281 761 5337 Unus
790 5290 955 5339 codex
1001 5295 1088 5339 aut
1127 5285 1263 5338 alter
1291 5303 1413 5341 cum
1457 5295 1686 5353 utraque
1717 5287 1956 5340 editione

381 5354 508 5427 πῶς
527 5354 588 5406 τὸ
613 5357 892 5427 σημαῖνον,
927 5357 1198 5422 Quomodo
1228 5359 1281 5409 id
1337 5357 1475 5427 quod
1525 5373 1631 5409 rem
1671 5357 1858 5425 [uisant
1886 5358 1959 5409 si-

383 5425 620 5496 gniﬁcat,
649 5426 808 5496 simul
860 5443 977 5480 cum
1013 5428 1210 5495 lingua:
1241 5425 1367 5481 sono
1413 5430 1588 5480 interit
1612 5428 1635 5480 ?
1663 5428 1764 5481 Alii
1797 5428 1956 5496 quin-

383 5494 488 5564 que
511 5513 642 5549 mss.
669 5494 799 5576 arte;
830 5496 903 5576 eo
941 5494 1360 5569 σημαινόμενον,
1406 5508 1510 5576 etc.
1554 5494 1828 5560 Quomodo
1855 5499 1962 5576 [ul-

383 5567 678 5676 sum9quod
727 5567 1089 5636 signiﬁcatur,
1133 5567 1237 5623 una
1284 5586 1402 5623 cum
1439 5570 1632 5638 lingua:
1686 5585 1814 5620 sono
1874 5569 1954 5620 in-

384 5646 505 5676 lori!

384 5646 529 5692 tertii

458 5707 568 5775 (28.:
601 5707 775 5779 Editio
798 5717 1025 5776 utraque
1048 5726 1168 5762 cum
1203 5710 1332 5779 Reg.
1366 5711 1553 5779 quinto
1580 5709 1688 5763 τῶν
1713 5709 1770 5762 δέ
1823 5707 1959 5778 ψευ-

385 5777 798 5850 δῶνόνομάτων
850 5777 1308 5850 ἐναπομενόντων,
1366 5777 1525 5835 male.
1577 5783 1706 5850 Reg.
1738 5777 1961 5848 quartus

388 5849 596 5919 ψευδῶν
625 5849 910 5920 νοημάτων
961 5849 1401 5921 ἐναπομενόντων
1431 5869 1444 5883 ⁶
1475 5869 1504 5905 a
1533 5869 1639 5924 quo
1663 5849 1846 5907 t'OdiCC
1872 5851 1959 5905 8m

2031 2019 2312 2088 nugacitas
2347 2018 2608 2088 appellari
2653 2027 2852 2086 potest.
2897 2016 3048 2082 Quod
3083 2018 3125 2070 si
3168 2017 3495 2070 concesserit
3522 2017 3596 2070 si-

2033 2110 2283 2179 gniﬁcari
2333 2111 2550 2178 quidem
2605 2108 2806 2178 aliquid
2855 2108 3222 2177 perceptione,
3275 2107 3364 2160 sed
3406 2107 3596 2160 falsum

2031 2200 2283 2270 quiddam
2333 2200 2574 2263 omnino,
2639 2207 2694 2252 et
2755 2199 2898 2269 quod
2945 2213 3134 2253 revera
3184 2213 3288 2252 non
3336 2198 3596 2263 exsistat,

2032 2292 2481 2361 quemadmodum
2515 2291 2567 2344 in
2594 2291 2892 2345 fabularum
2919 2291 3238 2346 commentis
3264 2291 3506 2344 centauri
3537 2305 3600 2345 ac

2032 2383 2300 2438 chimaera:
2326 2382 2710 2453 continguntur
2737 2401 2748 2436 :
2786 2384 3058 2451 quomodo
3087 2381 3278 2435 falsum
3311 2381 3436 2434 illud
3457 2381 3599 2450 quod

2033 2474 2398 2546 significatum
2425 2485 2528 2540 est,
2567 2491 2669 2528 una
2706 2491 2826 2528 cum
2862 2475 3054 2544 linguze
3085 2489 3220 2529 sono
3252 2474 3455 2535 interit,
3475 2487 3596 2525 cum

2033 2565 2135 2620 etsi
2167 2580 2268 2619 vox
2307 2565 2528 2620 omnino
2561 2565 2610 2618 iu
2655 2579 2832 2619 aerem
2879 2562 3216 2627 dill'unditur,
3250 2571 3426 2615 tamen
3453 2562 3601 2629 cogi-

2037 2659 2273 2713 tationes
2316 2658 2462 2712 falsae
2515 2667 2834 2713 remaneant
2880 2657 2932 2712 in
2983 2656 3203 2710 animo?
3241 2653 3419 2724 Neque
3458 2656 3600 2708 enim

2033 2751 2212 2804 anima
2252 2766 2372 2819 quin
2395 2749 2545 2806 falsis
2582 2765 2810 2820 prorsus
2839 2762 2906 2802 ac
2938 2748 3091 2802 vauis
3142 2747 3463 2801 conunentls
3489 2746 3604 2800 sive

2036 2845 2088 2898 in
2115 2845 2452 2900 somniorum
2489 2844 2640 2907 visis,
2678 2845 2791 2898 sive
2823 2842 2959 2895 alias
3003 2840 3054 2894 in
3101 2840 3252 2894 vanis
3293 2838 3457 2892 animi
3491 2852 3604 2889 tun-

2037 2937 2277 2992 tionibus
2308 2936 2565 3006 repletur,
2599 2950 2721 2990 cum
2759 2933 2924 2988 semel
2953 2933 3068 2987 inec
3110 2932 3162 2984 in
3195 2930 3454 2984 memoria
3479 2926 3604 2981 reti-

2037 3027 2235 3092 nuerit,
2266 3035 2319 3080 et
2348 3024 2541 3079 deinde
2565 3039 2660 3094 per
2709 3037 2895 3078 vocem
2931 3020 3121 3077 elierre
3155 3020 3401 3079 voluerit.
3442 3019 3604 3072 etiam

2037 3133 2144 3171 Ima
2172 3133 2293 3171 cum
2349 3117 2558 3186 prolato
2591 3130 2839 3170 sermone
2881 3113 3141 3183 imagines
3177 3127 3356 3167 rerum
3405 3125 3601 3165 evane-

2039 3219 2216 3264 scunt.
2240 3209 2448 3263 Etenim
2476 3209 2517 3261 si
2541 3217 2730 3262 natura
2753 3207 2868 3261 l‘alsi
2904 3205 3061 3261 simul
3084 3220 3204 3260 cum
3235 3205 3414 3259 verbis
3437 3204 3606 3256 inter-

2041 3302 2165 3364 iret,
2224 3315 2402 3370 operae
2464 3299 2695 3368 pretium
2742 3306 2886 3352 esset
2941 3297 3072 3350 falsa
3124 3296 3321 3350 dicere.
3373 3294 3476 3350 Sed
3510 3297 3608 3348 hoc

2042 3401 2189 3447 certe
2215 3401 2462 3446 naturam
2484 3407 2588 3444 non
2613 3390 2778 3444 habet
2818 3387 3221 3457 Reliquumjam
3245 3387 3406 3441 fuerit
3429 3399 3612 3441 osten-

2043 3484 2193 3548 dere,
2240 3484 2512 3553 quomodo
2555 3491 2608 3537 et
2647 3482 2843 3551 quibus
2883 3482 2933 3534 in
2974 3481 3134 3535 rebus
3166 3479 3502 3535 consuetudo
3528 3479 3612 3531 di-

2045 3577 2230 3632 ctione
2257 3576 2611 3643 perceptioni:
2648 3585 2852 3636 utatur,
2880 3584 2935 3627 et
2979 3573 3248 3640 quomodo
3277 3573 3455 3627 divina
3489 3571 3609 3625 Elo-

2046 3671 2171 3738 quia
2198 3683 2355 3722 usum
2393 3667 2509 3736 ejus
2546 3666 2910 3734 susceperint.
2964 3663 3220 3719 Videmus
3253 3661 3436 3731 igitur,
3469 3661 3612 3730 quod

2047 3763 2100 3816 in
2137 3761 2409 3815 communi
2435 3759 2652 3828 quidem
2685 3774 2808 3824 usu,
2841 3772 2960 3826 qua:
2989 3755 3166 3808 subito
3186 3753 3384 3807 mentis
3407 3752 3610 3816 impetu

2045 3851 2309 3922 simplicia
2342 3867 2462 3906 esse
2516 3848 2768 3903 videntur
2812 3864 2873 3901 ac
2918 3850 3095 3909 unica,
3145 3852 3406 3915 apparent
3434 3852 3609 3894 tamen

2045 3944 2196 3998 varia
2243 3953 2366 4012 post
2400 3949 2709 3997 accuratam
2767 3940 3188 4009 indagationem,
3234 3935 3528 4005 praesertim
3567 3933 3611 3988 si

2045 4035 2143 4090 has
2175 4035 2372 4089 multas
2428 4044 2615 4103 partes
2667 4047 2820 4087 meus
2869 4029 3100 4094 dividat,
3139 4043 3202 4084 ea
3252 4029 3461 4082 ratione
3501 4027 3613 4080 sola

2049 4125 2336 4181 divisibilia
2393 4141 2512 4181 esse
2566 4125 2839 4178 dicantur.
2906 4120 3148 4190 Exempli
3202 4135 3386 4183 causa,
3419 4132 3616 4186 corpus

2047 4303 2285 4371 quinque
2306 4319 2412 4358 non
2436 4302 2720 4365 dissident,
2758 4301 2858 4356 nisi
2883 4300 3025 4369 quod
3054 4313 3155 4353 vox
3207 4295 3417 4367 ψευδῶν
3457 4297 3510 4348 in
3539 4293 3617 4349 eis

2049 4375 2403 4428 desideretur.

2123 4443 2235 4513 (29)
2277 4443 2535 4517 ΙΙΙθ,-ἀλλ’
2594 4442 2693 4517 οὐκ
2750 4441 2890 4517 ἔχον,
2939 4449 3068 4517 etc._,
3101 4435 3492 4504 Trapezuutius
3527 4435 3616 4517 .sic

2048 4511 2285 4567 verterat
2315 4531 2327 4565 :
2367 4513 2488 4568 Non
2542 4526 2615 4568 est
2653 4515 2736 4566 hic
2792 4514 2948 4564 istius
2977 4511 3051 4562 rei
3105 4519 3292 4560 natura
3328 4521 3346 4559 :
3378 4520 3494 4573 Qua:
3527 4511 3611 4557 iit-

2049 4587 2364 4653 terpretatio
2385 4600 2504 4638 cum
2541 4602 2646 4639 non
2677 4583 2909 4651 placeret
2934 4579 3395 4653 Cnuthelisio,_vir
3427 4577 3618 4653 doctus

2050 4655 2121 4709 ita
2137 4647 2458 4708 'entendavit
2486 4669 2500 4707 :
2529 4656 2597 4710 At
2629 4647 2689 4707 id
2715 4653 2830 4720 ﬁeri
2853 4653 3046 4720 nequit,
3073 4648 3388 4720 impossibile
3405 4657 3497 4698 est.
3536 4647 3615 4698 Atl

2050 4728 2270 4779 verbum
2301 4717 2776 4792 interpretabimur
2813 4740 2826 4775 :
2863 4717 2964 4775 Sed
2998 4718 3092 4771 hoc
3133 4735 3232 4769 non
3287 4717 3420 4792 hanc
3463 4726 3620 4769 natu—

2052 4812 2165 4847 ram
2211 4797 2382 4848 habet.
2419 4788 2529 4849 Iioc
2559 4806 2639 4849 est
2681 4813 2692 4848 :
2740 4791 3077 4846 Mendacium
3113 4804 3216 4839 tton
3272 4788 3376 4839 tale
3431 4795 3534 4851 est,
3563 4794 3620 4838 ttt

2053 4867 2118 4921 sit
2145 4865 2494 4938 ἀνύπαρκτον
2517 4867 2795 4938 quiddam,
2831 4863 3197 4938 consistetque
3224 4857 3394 4938 solum
3437 4857 3493 4936 in
3525 4871 3621 4937 no—

2057 4938 2200 4989 mine
2229 4948 2282 4992 et
2305 4928 2624 5005 prolatione.
2658 4935 2848 5005 Melius
2889 4933 3119 5005 fortasse
3140 4940 3192 4981 et
3221 4928 3516 4996 simplicius
3541 4928 3620 4980 sic

2057 5003 2400 5078 interpretari
2438 5008 2561 5061 licet
2592 5022 2606 5058 :
2643 5004 2831 5078 Sed
2856 5019 2958 5055 non
2980 5003 3062 5078 ὶιιιΔ
3083 5010 3178 5052 est.
3329 5067 3340 5078 ι
3473 5065 3520 5078 u
3553 5063 3564 5078 ν

2128 5065 2238 5148 (50)
2281 5077 2584 5146 Legendum
2629 5073 2846 5127 ποικίλα
2905 5071 3205 5148 φαινόμενα
3260 5067 3351 5148 καί
3402 5065 3620 5141 πολλά,

2066 5139 2312 5200 Videmus
2357 5139 2518 5215 igitur
2562 5150 2613 5199 in
2658 5139 2927 5198 communi
2955 5160 3050 5215 usu
3075 5139 3199 5210 qua?
3232 5139 3401 5215 subito
3439 5139 3622 5186 nte-itis

2059 5218 2248 5284 impetu
2282 5214 2538 5287 simplicia
2569 5218 2805 5270 videnlur
2829 5223 2878 5268 et
2914 5214 3092 5287 unica,
3123 5220 3428 5287 accuratius
3449 5217 3621 5287 autem

2058 5279 2542 5355 inquirenda'vnrm
2579 5299 2624 5340 et
2676 5287 2856 5347 multa,
2885 5301 2944 5336 ea
2985 5282 3108 5355 dunt
3145 5288 3331 5355 incute
3376 5279 3624 5355 dividuu-

2060 5344 2168 5420 m'r,
2203 5360 2315 5411 sola
2337 5359 2652 5425 cogitatione
2687 5344 3125 5425 dictutantum.
3145 5347 3310 5401 Paulo
3335 5355 3456 5414 post
3482 5346 3532 5397 d.
3564 5344 3622 5406 τι,

2063 5428 2175 5491 lege
2206 5431 2325 5482 κατ’
2347 5422 2588 5480 ἐπίνοιαν
2620 5428 2712 5480 καὶ
2732 5424 2919 5478 ταῦτα.
2953 5422 3163 5476 ΜΑΜΝ.

2121 5483 2244 5569 ἶδι)
2289 5501 2417 5567 Reg.
2472 5502 2684 5559 tertius,
2735 5494 2945 5564 ἐπινοίᾳ.
2986 5491 3122 5562 μόνῃ
3182 5484 3432 5569 Θεωρητὰ
3461 5483 3625 5569 ,λέχε-

2060 5554 2172 5631 ταί,
2228 5554 2438 5623 [ratione
2491 5569 2603 5622 sola
2652 5554 3066 5620 dicuntur'esse
3097 5554 3620 5625 "comprehensibilia.

2063 5643 2163 5694 Alii
2189 5657 2283 5695 sex
2318 5656 2448 5694 mss.
2483 5651 2536 5691 et
2559 5649 2786 5705 utraque
2819 5635 2982 5706 editio
3018 5647 3208 5699 magno
3236 5631 3376 5706 inter
3405 5641 3461 5680 se
3482 5641 3621 5706 ton.-

2063 5728 2220 5766 sensu
2252 5711 2462 5780 ἐπινοίᾳ
2490 5709 2625 5780 μόνῃ
2644 5696 2901 5780 Αδίαιρετὰ
2919 5696 3152 5769 λέγεταῐ,
3189 5702 3388 5753 ratione
3415 5696 3527 5749 sola
3553 5696 3629 5750 di-

2063 5792 2251 5836 cuntur
2279 5797 2388 5836 esse
2425 5778 2727 5834 diristﬁilia.
