3978 6410
395 391 498 447 ΒΞΞ

1695 390 1753 444 S.
1799 389 2039 444 BASILH
2082 391 2292 445 MAG-Nl
3525 389 3636 443 524

395 506 623 573 οἱιηριεκ
657 518 775 558 esse
806 504 976 571 prima
1021 504 1378 574 apprehensio
1410 505 1575 559 dicit:
1619 509 1711 558 sed
1751 507 1836 557 ubi
1873 520 1954 556 ra-

2084 501 2201 567 δίον,
2237 506 2296 557 τὸ
2339 505 2493 575 σῶμα
2533 502 2735 557 ἁπλοῦν
2765 502 2861 572 μὲν
2887 498 3023 554 εἷναί
3054 520 3213 571 φησιν
3316 502 3508 571 πρώτη
3557 505 3642 554 ἓν·

403 596 477 651 tio
504 597 836 663 supervenit,
868 597 997 650 illud
1029 598 1308 667 multiplex
1345 612 1465 653 esse
1499 597 1757 655 ostendit,
1780 596 1952 664 ipsum

397 702 496 756 per
534 688 914 756 cogitationem
955 687 1004 740 in
1049 703 1110 741 ea
1151 703 1213 741 ex
1266 689 1460 756 quibus
1483 689 1837 756 com'positum
1874 696 1957 741 est

399 779 722 840 dissolvens,
748 778 800 831 in
833 779 1090 844 colorem,
1129 780 1178 832 in
1210 779 1452 848 ﬁgurant,
1487 778 1538 831 in
1584 778 1863 840 duritiem,
1905 777 1954 829 in

404 869 850 938 magnitudinem,
881 870 1041 937 inque
1067 871 1285 938 reliqua.
1315 870 1516 924 Rursus
1539 885 1657 937 qua:
1693 885 1794 922 non
1827 871 1956 922 sub-

400 960 599 1014 sistunt
629 961 866 1026 omnino,
896 962 988 1013 sed
1017 962 1252 1028 quadam
1287 960 1482 1012 mentis
1513 960 1720 1028 pit-tura
1745 974 1806 1012 ac
1834 960 1962 1012 ima-

403 1051 675 1120 ginatione
709 1050 820 1103 sola
864 1049 1264 1115 continguntur,
1321 1048 1497 1117 qualia
1549 1059 1791 1118 portenta
1838 1057 1959 1103 sunt

399 1155 520 1208 quae
552 1155 722 1208 poeta.-
752 1156 815 1194 ac
846 1142 1081 1206 pictores
1103 1141 1428 1205 cogitatione
1451 1141 1957 1202 comminiscuntur,

401 1240 674 1300 stuporem
702 1231 752 1282 in
785 1230 1090 1292 legentibus
1130 1229 1439 1292 excitaturi,
1471 1231 1585 1284 haec
1633 1245 1846 1298 quoque
1893 1247 1957 1282 ex

401 1323 789 1376 consuetudine
816 1321 1065 1374 dicuntur
1094 1321 1529 1388 contemplationi
1561 1322 1790 1374 obnoxia
1821 1337 1957 1374 esse.

401 1413 640 1478 Quorum
689 1413 830 1465 nulla
879 1411 1155 1466 mentione
1193 1411 1357 1474 facta,
1388 1413 1502 1466 sive
1548 1428 1610 1464 ex
1663 1413 1961 1481 ignorantia

403 1507 516 1559 sive
543 1521 606 1558 ex
652 1505 875 1564 n‘alitia,
905 1503 971 1556 de
1018 1502 1132 1556 sola
1164 1518 1342 1555 rerum
1389 1518 1493 1555 non
1547 1503 1959 1556 subsistenlium

399 1597 749 1666 perceptione
800 1594 1093 1648 Eunomius
1133 1594 1423 1659 disseruit;
1470 1603 1523 1646 et
1569 1607 1634 1645 ne
1661 1594 1818 1662 hujus
1847 1596 1962 1663 qni-

402 1688 524 1742 detn
576 1694 822 1742 naturam
871 1697 929 1738 ut
971 1700 1028 1738 se
1062 1684 1243 1748 habet,
1281 1685 1522 1752 exponit.
1565 1682 1674 1736 Non
1712 1685 1852 1737 enim
1890 1685 1964 1737 ait

403 1780 698 1850 signiﬁcari
744 1779 1034 1846 quidquam
1073 1793 1167 1846 per
1212 1777 1373 1829 animi
1421 1779 1846 1847 perceptionem,
1896 1793 1963 1832 ne

402 1869 597 1926 falsum
638 1870 854 1937 quidem
884 1887 898 1924 :
927 1869 1018 1922 sed
1055 1868 1185 1921 dicit
1221 1882 1413 1921 nomen
1452 1884 1568 1922 esse
1605 1870 1720 1922 sine
1760 1869 1861 1922 tilla
1893 1871 1964 1924 si-

407 1962 785 2032 gniﬁcatione,
848 1972 1007 2028 atque
1056 1960 1108 2014 in
1143 1960 1252 2013 sola
1304 1961 1737 2028 pronuntiatione
1791 1960 1965 2014 subsi-

407 2061 570 2115 stere.
604 2051 668 2104 Et
703 2061 880 2104 tamen
941 2058 1141 2102 tantum
1189 2050 1339 2101 abest
1382 2061 1440 2102 ut
1480 2050 1579 2102 hoc
1607 2049 1965 2117 perceptionis

406 2159 598 2197 nomen
633 2145 696 2196 de
723 2142 848 2196 solis
873 2143 1023 2195 vanis
1053 2157 1116 2194 ac
1140 2157 1242 2194 non
1269 2141 1653 2195 exsistentibus
1671 2142 1798 2195 visis
1832 2156 1965 2209 prae-

408 2234 634 2296 dicetur,
690 2243 745 2288 ut
783 2243 900 2301 post
940 2234 1167 2301 primani
1204 2232 1252 2285 in
1299 2233 1452 2284 nobis
1491 2247 1517 2283 a
1545 2246 1704 2285 sensu
1740 2233 1966 2300 impreso

407 2340 520 2378 sam
553 2325 750 2390 ideam,
800 2324 1130 2378 subtiliorem
1175 2323 1671 2391 accuratioremque
1717 2325 1789 2377 rei
1835 2340 1967 2378 con-

409 2414 822 2479 siderationem,
852 2415 1252 2482 perceptionem
1287 2414 1622 2468 nominemus
1659 2431 1671 2468 :
1722 2418 1862 2470 unde
1903 2433 1969 2470 ex

409 2507 821 2567 consuetudine,
855 2505 980 2558 licet
1012 2505 1322 2572 improprie,
1352 2506 1692 2559 ratiocinatio
1720 2515 1964 2562 vocatur.

411 2595 578 2676 218
596 2592 754 2648 Verbi
773 2595 966 2664 gratia,
990 2594 1148 2646 tritici
1169 2593 1389 2663 simplex
1412 2595 1710 2650 intellectus
1725 2597 1972 2652 omnibus

418 2687 581 2752 inest,
615 2686 755 2755 quod
775 2687 858 2740 ubi
885 2687 1193 2755 apparuerit
1213 2688 1585 2755 cognoscimus
1615 2703 1625 2735 :
1662 2699 1715 2742 at
1738 2703 1859 2742 cum
1890 2691 1970 2743 di-

415 2778 670 2847 ligentius
694 2777 1037 2846 inquirimus,
1065 2788 1188 2832 tunc
1217 2791 1268 2833 et
1299 2795 1479 2836 rerum
1523 2779 1810 2834 multarum
1840 2796 1974 2835 con-

415 2870 711 2938 templatio,
745 2880 799 2924 et
831 2870 1040 2924 diversa
1073 2874 1286 2926 nomina
1334 2888 1419 2925 res
1455 2872 1757 2928 intellectas
1807 2875 1976 2943 signi-

412 2966 629 3023 ﬁcantia
666 2979 785 3018 sese
811 2965 990 3018 animo
1019 2964 1271 3019 oderunt.
1310 2967 1599 3020 Enimvero
1637 2968 1776 3020 idem
1832 2967 1966 3021 triti-

413 3073 533 3112 cum
555 3074 693 3111 nunc
720 3057 972 3118 fructum,
1001 3072 1139 3111 nunc
1157 3073 1362 3122 semen,
1387 3069 1638 3114 etrursus
1661 3060 1976 3114 alimentum

2056 596 2252 660 τευξις,
2273 595 2511 648 ποικίλον
2537 595 2592 646 δὲ
2621 597 2647 646 ὁ
2673 593 2826 660 λόγος
2853 591 3017 646 ἐπιὼν
3047 592 3304 653 δείκνυσι,
3323 596 3388 662 τῇ
3424 595 3641 664 ἐπινοίᾳ

2059 689 2188 742 αὐτὸ
2229 690 2306 750 εἰς
2339 686 2404 739 τὰ
2452 685 2510 750 ἐξ
2553 680 2626 738 ὧν
2676 685 2955 754 σύγκειται
2985 683 3237 743 διαλύων,
3271 684 3364 735 καὶ
3412 684 3640 752 χρῶμα,

2061 777 2152 829 καὶ
2194 777 2411 846 σχῆμα,
2454 777 2546 829 καὶ
2604 774 2938 837 ἀντιτυπίαν,
2986 774 3079 826 καὶ
3133 773 3378 842 μέγεθος,
3424 775 3523 824 καὶ
3572 777 3640 826 τέι

2061 866 2239 919 λοιπά.
2272 865 2438 918 Πάλιν
2468 865 2533 917 τὰ
2568 865 2904 916 ἀνυπόστατα
2937 863 3036 933 μὲν
3079 862 3376 925 παντελῶς,
3406 863 3555 913 κατὰ
3585 863 3640 914 δὲ

2063 958 2519 1030 ἁναζωγράφησίν
2559 975 2680 1010 τινα
2726 957 2824 1025 τῆς
2856 955 3059 1018 ἑννοίας
3084 956 3174 1008 καὶ
3209 955 3507 1024 φαντασίαν
3543 955 3643 1024 μό-

2062 1068 2158 1119 νην
2187 1047 2620 1118 ἁνατυπούμενα,
2655 1046 2730 1108 ὠς
2758 1047 2856 1098 ὅσα
2886 1047 2933 1097 οἰ
2972 1044 3251 1115 μυθοποιοὶ
3282 1046 3375 1098 καὶ
3415 1044 3642 1114 ζωγρὰ-

2064 1161 2153 1212 φοι
2182 1143 2315 1213 πρὸς
2343 1141 2564 1211 τὴντῶν
2588 1139 3017 1207 ἐντυγχανόντων
3047 1137 3302 1207 ἔκπληξιν
3325 1135 3644 1207 τερατεύον-

2062 1254 2149 1287 ται
2175 1236 2290 1287 κατ’
2324 1234 2561 1285 ἐπίνοιαν
2604 1232 2695 1283 καὶ
2727 1230 2893 1283 ταῦτα
2929 1229 3173 1300 θεωρητὰ
3221 1228 3324 1280 ὑπὸ
3361 1229 3461 1298 τῆς
3512 1247 3642 1282 συν-

2063 1325 2248 1394 ηθείας
2265 1323 2498 1390 λέγεται.
2525 1315 2621 1372 Ὧν
2642 1321 2850 1383 οὐδενὸς
2871 1319 3220 1389 ἐπιμνησθεὶς
3245 1315 3418 1382 οὗτος,
3439 1320 3472 1388 ἦ
3491 1321 3642 1390 ἀμα-

2066 1417 2173 1479 θῶς
2212 1417 2244 1487 ἢ
2281 1415 2620 1485 κακούργως,
2676 1413 2801 1484 περὶ
2840 1412 2937 1482 τῆς
2976 1412 3081 1464 τῶν
3121 1412 3486 1482 ἀνυπάρκτων
3519 1418 3644 1464 επι-

2066 1509 2213 1571 νοίας
2261 1508 2424 1578 μόνης
2462 1508 2588 1577 ἡμῖν
2621 1504 2972 1575 ἐφιλοσόφησε
2995 1521 3008 1533 ο
3043 1504 3136 1556 καὶ
3166 1505 3282 1556 οὐδὲ
3328 1505 3534 1575 ταύτην
3566 1507 3643 1568 ὡς

2068 1600 2178 1670 ἔχει
2208 1599 2418 1668 φύσεως
2467 1596 2844 1666 ἐξηγούμενος.
2897 1596 2969 1647 Ού
2999 1595 3105 1665 γὰρ
3136 1596 3424 1667 σημαίνειν
3458 1597 3561 1667 μέν
3590 1615 3643 1649 τι

2066 1691 2163 1760 τὴν
2199 1690 2460 1749 ἐπίνοιαν,
2492 1687 2685 1756 ψευδὲς
2733 1686 2789 1739 δὲ
2818 1685 2992 1750 τοῦτο,
3029 1686 3190 1755 φησίν
3212 1703 3225 1716 ·
3265 1686 3400 1738 ἀλλὰ
3445 1705 3645 1740 παντε-

2067 1781 2172 1844 λῶς
2196 1782 2404 1850 ἄσημον
2424 1775 2558 1831 εἶναι
2579 1778 2637 1830 τὸ
2661 1778 2849 1847 ὄνομα,
2875 1778 2967 1830 καὶ
2987 1779 3044 1829 ὲν
3074 1778 3208 1850 μόνῃ
3236 1781 3300 1847 τῇ
3334 1780 3552 1850 ἓκφωνή
3563 1798 3644 1831 σει

2067 1873 2162 1943 τὴν
2185 1872 2473 1924 ὑπόστασιν
2501 1871 2663 1939 ἔχειν,
2683 1870 2870 1922 Καίτοι
2894 1867 3142 1922 τοσοῦτον
3172 1869 3363 1938 ἀπέχει
3383 1871 3478 1922 τοῦ
3502 1872 3648 1924 κατὰ

2065 1964 2172 2017 τῶν
2203 1961 2443 2033 ματαίων
2475 1963 2648 2031 μόνων
2666 1962 2774 2032 (5‘2)
2799 1961 2892 2014 καὶ
2922 1959 3302 2013 ἀνυποστάτων
3332 1963 3648 2027 φαντασιῶν

2065 2057 2125 2109 τὸ
2158 2057 2324 2125 ὄνομα
2365 2054 2520 2106 τοῦτο
2546 2055 2643 2124 τῆς
2683 2053 2921 2114 ἐπινοίας
2965 2051 3195 2112 κεῖσθαι,
3241 2052 3380 2105 ὥστε
3416 2053 3557 2122 μετὰ
3587 2055 3652 2108 τὸ

2069 2147 2282 2217 πρῶτον
2310 2148 2441 2218 ἡμῖν
2485 2145 2592 2198 ἀπὸ
2621 2144 2720 2214 τῆς
2761 2143 3062 2212 αἰσθήσεως
3095 2143 3440 2211 ἐγγινόμενον
3468 2143 3651 2212 νόημα

2067 2233 2165 2304 τὴν
2191 2233 2518 2303 λεπτοτέραν
2545 2232 2639 2285 καὶ
2659 2231 3051 2302 ἀκριϐεστέραν
3075 2231 3165 2283 τοῦ
3191 2231 3472 2301 νοηθέντος
3499 2233 3657 2282 ἐπεν-

2069 2325 2304 2395 θύμησιν
2357 2325 2595 2377 ἐπίνοιαν
2652 2323 3048 2394 ὀνομάζεσθαιο
3117 2323 3238 2376 ὅθεν
3303 2325 3335 2394 ἡ
3386 2323 3654 2394 συνήθεια

2072 2418 2226 2472 καλεῖ
2264 2417 2628 2488 ἐπιλογισμὸν,
2661 2419 2707 2469 εἰ
2738 2419 2830 2470 καὶ
2874 2419 2946 2487 μὴ
2983 2416 3195 2479 οἰκείως
3225 2417 3357 2485 (55).
3388 2412 3514 2468 (lio-‘1
3548 2415 3648 2469 τοῦ

2071 2512 2219 2562 σίτου
2245 2509 2422 2579 νόημα
2454 2510 2550 2579 μὲν
2595 2509 2799 2562 ἁπλοῦν
2845 2509 3140 2580 ἐνυπάρχει
3173 2511 3324 2571 πᾶσι,
3367 2509 3503 2562 καθὸ
3547 2527 3655 2578 φα-

2073 2603 2229 2655 νέντα
2268 2603 2636 2671 γνωρίζομεν·
2670 2603 2726 2653 ἐν
2768 2601 2823 2654 δὲ
2854 2605 2918 2673 τῇ
2955 2603 3170 2674 ἀκριϐεῖ
3196 2603 3320 2673 περί
3349 2602 3516 2654 αὑτοῦ
3564 2603 3654 2668 ἐξ-

2075 2695 2276 2757 ετάσει,
2307 2693 2502 2760 θεωρία
2551 2711 2608 2746 τε
2671 2693 2928 2746 πλειόνων
2958 2695 3067 2764 (54)
3117 2695 3511 2767 προσέρχεται,
3558 2696 3655 2748 καὶ

2076 2787 2436 2859 προσηγορίαι
2496 2786 2739 2857 διάφοροι
2799 2787 2908 2839 τῶν
2951 2787 3250 2858 νοηθέντων
3299 2790 3649 2858 σημαντικαί.

2076 2881 2177 2932 Τὸν
2207 2878 2314 2948 γὰρ
2357 2878 2518 2932 αὐτὸν
2555 2881 2698 2932 σῖτον
2727 2879 2822 2932 νῦν
2873 2880 2970 2950 μὲν
3019 2881 3226 2951 καρπὸν
3264 2880 3514 2951 λέγομεν,
3556 2881 3653 2932 νῦν

2076 2975 2131 3026 δὲ
2163 2974 2398 3043 σπέρμα,
2430 2973 2523 3026 καὶ
2550 2974 2710 3026 πάλιν
2740 2975 2944 3044 τροφήν
2964 2991 2978 3003 ·
3010 2975 3218 3044 καρπὸν
3251 2975 3367 3044 μὲν,
3391 2975 3464 3037 ὠς
3502 2975 3656 3037 τέλος

2081 3065 2176 3134 τῆς
2203 3065 2573 3135 παρελθούσης
2598 3065 2894 3136 γεωργίας·
2926 3067 3142 3137 σπέρμα
3165 3066 3242 3130 δὲ,
3268 3067 3341 3129 ὡς
3364 3068 3533 3136 ἀρχὴν
3559 3069 3656 3136 τῆς

416 3148 775 3218 appellamus;
813 3147 1043 3200 fructum
1071 3148 1310 3216 quidem,
1348 3149 1486 3203 velut
1524 3153 1807 3220 praeteriLe
1834 3152 1975 3219 agri--

2084 3155 2398 3226 μελλούσης
2431 3158 2635 3228 τροφὴν
2655 3157 2735 3221 δὲ,
2768 3159 2840 3220 ὼς
2869 3158 3197 3227 κατάλληλον
3236 3161 3312 3221 εἰς
3345 3158 3656 3229 προσθήκην

416 3241 640 3302 culturae
669 3239 858 3294 linem:
882 3254 1062 3293 semen
1084 3254 1232 3301 vero,
1251 3243 1392 3291 velut
1411 3239 1600 3295 futura)
1624 3243 1973 3311 principium:

419 3334 732 3399 alimentum
763 3338 1012 3406 denique,
1069 3337 1216 3389 velut
1265 3335 1477 3403 corpori
1527 3334 1858 3388 comedentis
1883 3349 1977 3386 au-

423 3428 598 3498 gendo
653 3429 922 3484 idoneum.
969 3428 1169 3483 Horum
1227 3427 1643 3494 unumquodque
1678 3435 1732 3478 et
1773 3425 1982 3479 ratione

426 3519 819 3593 consideratur,
859 3537 958 3575 nec
995 3529 1178 3574 tamen
1209 3534 1310 3571 una
1341 3533 1462 3570 cum
1499 3517 1608 3570 oris
1632 3531 1762 3569 sono
1790 3530 1981 3568 evane-

423 3610 557 3663 scit:
595 3624 687 3662 set.
719 3609 950 3677 cogitata
984 3610 1038 3663 in
1074 3609 1362 3677 cogitantis
1394 3608 1573 3665 animo
1603 3608 1707 3660 lixa
1741 3616 1977 3661 manent.

425 3701 491 3768 Et
528 3702 580 3755 in
611 3717 845 3769 summa,
873 3716 1206 3771 quaecunque
1245 3717 1405 3754 sensu
1437 3709 1873 3769 cognoscuntur,
1921 3714 1983 3753 ac

425 3796 480 3850 in
508 3795 749 3861 subjecto
782 3793 1044 3863 simplicia
1077 3794 1292 3862 quidem
1325 3807 1442 3846 esse
1482 3792 1756 3854 videntur,
1784 3792 1988 3848 variam

425 3901 554 3941 vero
585 3887 847 3948 rationem
880 3901 974 3954 per
1004 3884 1510 3952 contemplationem
1544 3884 1851 3947 admittunt,
1878 3885 1989 3940 btec

2082 3244 2280 3316 τῴτοῦ
2323 3247 2761 3317 προσφερομένου
2795 3245 3025 3315 σώματι.
3071 3247 3285 3300 Τούτων
3334 3247 3389 3298 ἓν
3429 3247 3655 3300 ἕκαστον

2083 3340 2189 3392 τῶν
2219 3339 2522 3409 λεγομένων
2552 3341 2644 3392 καὶ⁵
2690 3341 2810 3392 κατ’
2841 3341 3078 3392 ἐπίνοιαν
3107 3338 3406 3410 θεωρεῖται,
3445 3342 3538 3394 καὶ
3580 3341 3658 3410 τῷ

2087 3431 2241 3501 ψόφῳ
2278 3431 2376 3500 τῆς
2401 3429 2651 3502 γλώσσης
2681 3433 2741 3484 οὐ
2787 3432 3210 3503 συναπέρχεται·
3249 3433 3382 3485 ἀλλὰ
3513 3433 3655 3502 ψυχῇ

2087 3523 2179 3575 τοῦ
2225 3522 2542 3592 νενοηκότος
2589 3522 2857 3592 ἐνίδρυται
2906 3522 2972 3574 τὰ
3020 3527 3285 3593 νοήματα.
3331 3524 3438 3576 Καὶ
3484 3523 3657 3586 ἁπαξ-

2088 3612 2294 3676 απλῶς,
2326 3613 2502 3666 πάντα
2522 3612 2590 3664 τὰ
2605 3615 2667 3682 τῇ
2688 3613 2798 3682 (55)
2822 3611 3066 3683 αἰσθήσει
3095 3609 3365 3680 γνώριμα,
3398 3611 3489 3663 καὶ
3517 3611 3661 3662 ἁπλᾶ

2101 3706 2195 3776 μὲν
2221 3701 2360 3757 εἶναι
2387 3703 2464 3774 τῷ
2498 3703 2838 3772 ὑποκειμένῳ
2863 3701 3140 3766 δοκοῦντα,
3171 3702 3406 3754 ποικίλον
3429 3701 3484 3752 δὲ
3508 3702 3661 3767 λόγον

2099 3795 2238 3849 κατὰ
2295 3796 2394 3866 τὴν
2443 3795 2673 3866 θεωρίαν
2721 3794 3110 3866 ὲπιδεχόμενα,
3158 3793 3369 3866 ἐπινοίᾳ
3414 3792 3662 3864 θεωρητὰ

2098 3889 2333 3956 λέγεται.

421 3982 602 4044 omnia
642 3980 804 4034 animi
836 3979 1174 4048 perceptione
1199 3976 1297 4030 sub
1335 3975 1837 4043 contemplationem
1878 3979 2071 4034 cadere
2097 3981 2364 4034 dicuntur.

501 4075 555 4131 7.
581 4076 662 4128 Ad
692 4075 830 4127 hunc
855 4072 966 4125 fere
995 4072 1413 4133 modum,etian:
1455 4084 1483 4121 a
1507 4070 1684 4122 divina
1722 4069 2002 4140 Scriptura

427 4182 580 4222 usum
609 4168 894 4218 edocemur
930 4162 1306 4232 perceptionis.
1333 4159 1584 4227 Equidem
1609 4159 1853 4213 omittam
1883 4162 2006 4214 reli-

425 4271 530 4327 qua
568 4273 582 4321 ;
612 4267 659 4309 ct
689 4271 991 4323 quanquam
1020 4254 1200 4307 dicere
1243 4255 1407 4305 multa
1435 4251 1626 4316 habeo,
1648 4261 1825 4306 tamen
1853 4255 2008 4307 unius

426 4351 592 4404 solius
609 4348 1040 4418 opportunissimi
1070 4347 1388 4399 mentionem
1411 4345 1620 4398 faciam.
1643 4345 1896 4398 Dominus
1915 4361 2010 4399 uo-

428 4455 541 4497 ster
567 4441 724 4496 Jesus
753 4440 1002 4494 Christus
1036 4453 1154 4490 cum
1180 4439 1243 4490 de
1270 4437 1445 4504 seipso
1465 4435 1620 4488 verba
1644 4434 1843 4488 faceret
1861 4474 1876 4496 ,
1902 4435 2013 4487 dei-

2176 4073 2223 4124 7.
2267 4072 2460 4139 Ἐγγὺς
2503 4071 2564 4142 δὴ
2593 4070 2701 4137 ιτοῢ
2744 4071 2982 4125 τοιούτου
3021 4072 3222 4143 τρόπον
3270 4068 3370 4138 τῆς
3426 4065 3664 4121 ἐπινοίας

2105 4165 2200 4235 τὴν
2226 4165 2420 4234 χρῆσιν
2457 4165 2552 4216 καὶ
2587 4163 2737 4234 παρὰ
2774 4164 2864 4216 τοῦ
2896 4164 3038 4217 θείου
3076 4161 3430 4231 δεδιδάγμεθα
3486 4160 3659 4225 λόγου.

2109 4257 2186 4308 Τὰ
2225 4259 2320 4326 μὲν
2354 4253 2444 4309 οὖν
2479 4257 2610 4309 ἄλλα
2650 4258 2900 4326 παρήσω,
2941 4256 3108 4308 πολλὰ
3150 4255 3286 4324 ἔχων
3337 4255 3524 4310 εἰπεῖν,
3554 4251 3664 4311 ἑνὸς

2109 4349 2164 4400 δὲ
2218 4350 2376 4418 μόνου
2423 4348 2514 4400 τοῦ
2544 4349 2904 4418 καιριωτάτου
2946 4348 3340 4418 μνησθήσομαι.
3381 4346 3436 4395 Ὀ
3471 4343 3664 4413 Κύριος

2115 4434 2268 4504 ἡμῶν
2315 4436 2522 4504 Ἰησοῦς
2553 4437 2784 4505 Χριστὸς
2817 4438 2924 4505 (56)
2956 4439 3013 4488 ἐν
3040 4439 3152 4498 τοῖς
3195 4436 3322 4506 περὶ
3363 4435 3552 4487 ἑαυτοῦ
3585 4432 3663 4482 λὸ-

430 4536 659 4603 ιιιιὶειιιιιι
678 4535 727 4586 in
749 4533 991 4586 homines
1009 4528 1280 4589 allectum,
1301 4537 1462 4596 atque
1485 4526 1867 4585 incarnationis
1887 4543 1979 4593 gra

2084 4545 2250 4608 ‘YO'Jg,
2286 4527 2384 4597 τὴν
2416 4529 2824 4599 φιλανθρωπίαν
2874 4531 2972 4598 τῆς
3019 4530 3267 4599 θεότητος
3324 4527 3415 4580 καὶ
3460 4525 3556 4595 τὴν

428 4632 560 4682 tiam
579 4629 880 4684 hominibus
902 4627 1216 4688 declararet,
1231 4620 1644 4691 proprietatibus
1664 4620 2006 4690 quibusdam,

431 4737 564 4790 quas
589 4722 639 4773 in
668 4721 782 4789 ipso
799 4718 1142 4788 contemplari
1171 4732 1476 4786 possumus,
1501 4717 1642 4769 hunc
1671 4729 1822 4769 usum
1846 4713 2009 4781 signi-

431 4813 630 4868 licavit.
674 4810 804 4864 Nam
837 4813 1068 4882 seipsum
1105 4811 1238 4866 dixit
1267 4817 1491 4878 portam,
1513 4806 1676 4864 viam,
1695 4819 1913 4874 panem,
1935 4804 2010 4855 vi-

434 4916 562 4970 tem,
583 4915 873 4975 pastorem,
895 4919 956 4956 ac
981 4903 1150 4957 lucem
1175 4903 1241 4964 6‘,
1263 4901 1349 4969 qui
1383 4911 1557 4953 tamen
1581 4899 1760 4951 multis
1789 4896 2011 4950 nomini-

2115 4620 2424 4689 οἰκονομίας
2457 4621 2614 4690 χάριν
2651 4624 2762 4683 τοῖς
2800 4621 3102 4692 ἀνθρώποις
3145 4619 3500 4692 παραδηλῶν,
3538 4615 3666 4669 ἰδιώ-

2120 4712 2249 4784 μασί
2285 4728 2393 4763 τισι
2423 4714 2532 4774 τοῖς
2561 4712 2686 4782 περὶ
2721 4711 2883 4764 αὑτὸν
2928 4711 3311 4782 θεωρουμένοις
3336 4709 3666 4776 ἀπεσήμαινε

2115 4801 2316 4871 ταύτην
2377 4803 2512 4871 (57),
2563 4802 2733 4872 θύραν
2781 4802 2971 4854 ἑαυτὸν
3019 4802 3224 4868 λέγων,
3270 4800 3363 4851 καὶ
3407 4799 3544 4860 ὁδὸν,
3583 4799 3667 4847 καὶ

2117 4895 2302 4966 ἄρτον,
2342 4897 2434 4948 καὶ
2460 4895 2721 4966 ἄμπελον,
2751 4895 2845 4950 κα)⁸
2891 4895 3138 4965 ποιμένα,
3180 4896 3273 4958 καὶ
3320 4891 3453 4962 φῶς,
3489 4892 3548 4943 ού
3580 4906 3666 4941 πο-

505 5061 725 5115 “Joan.
759 5075 812 5128 x,
847 5060 908 5124 9;
943 5073 1049 5122 xlv,
1083 5057 1150 5123 6;
1178 5073 1249 5123 vn,
1278 5057 1377 5120 5|;
1419 5071 1506 5122 xv,
1547 5057 1614 5114 l:
1652 5070 1704 5119 x,
1744 5054 1800 5107 ll
1840 5069 1853 5118 ;
1889 5049 2098 5115 vnt,l‘2.

505 5225 616 5294 (52)
663 5223 888 5278 Codices
943 5222 1183 5294 ponnnui
1207 5217 1401 5294 μόνον.
1437 5216 1643 5294 ΔΞιτιιίιῐι
1670 5216 2002 5294 ροιιθιιιιιιιιξ

435 5286 554 5347 cum
600 5286 772 5348 'editis
804 5295 867 5360 ἐκ
907 5293 1004 5363 τῆς
1063 5286 1388 5359 αἰσθήσεως.
1424 5288 1488 5340 At
1531 5304 1660 5342 mss.
1716 5288 1865 5341 tnulti
1906 5286 2012 5340 ἀπὸ

434 5383 552 5418 της.

471 5385 621 5504 t1(".13)
649 5434 840 5486 Totum
903 5434 1052 5490 illud,
1083 5431 1204 5504 ὅθεν
1253 5428 1576 5504 συνήθεια
1622 5426 1777 5504 καλεῖ
1836 5427 2016 5504 ἐπιλο-

436 5498 654 5575 γισμὸν,
689 5507 736 5556 εἰ
769 5505 861 5556 καὶ
895 5503 968 5574 μὴ
994 5502 1229 5565 οἰκείως,
1251 5498 1401 5554 Unde
1431 5498 1746 5575 consuetudo
1770 5498 2016 5574 attentio-

440 5567 552 5638 peni
590 5567 972 5642 diligentiorem
1009 5584 1187 5644 vocab
1222 5569 1717 5644 ratiocinationem,
1767 5567 1864 5644 etsi
1888 5583 2015 5644 _non

439 5636 671 5716 proprie,
691 5636 761 5697 ’ἰιι
790 5647 980 5716 multis
1001 5642 1690 5716 codicibusdesidia-utut?
1741 5639 1833 5690 sed
1888 5636 2016 5715 legi-

442 5707 607 5766 iurin
641 5707 866 5783 utraque
903 5715 1139 5770 editione
1189 5722 1243 5765 et
1279 5713 1331 5766 in
1369 5711 1544 5773 Culb.,
1577 5721 1631 5761 et
1658 5709 1706 5761 in
1776 5707 2016 5776 margine

441 5783 595 5855 βρίζῙί
622 5788 818 5855 quinti.

514 5847 653 5930 {5H
691 5853 822 5919 Reg.
873 5853 1059 5910 tertius
1111 5853 1311 5929 θεωρία
1368 5868 1423 5905 τε
1485 5847 1849 5917 1:7.atov.Beg.
1881 5849 2016 5902 alter

2113 5213 2312 5284 θεωρία
2340 5228 2400 5284 τε
2427 5209 2654 5284 πλείων.
2812 5280 2834 5284 _
2923 5274 2936 5284 _
2967 5275 2996 5284 η
3054 5273 3064 5282 .
3199 5280 3208 5284 _
3289 5281 3299 5284 _
3447 5270 3457 5283 '

2191 5269 2302 5353 (35)
2363 5269 2508 5336 tiam
2557 5279 2732 5333 πάντα
2775 5280 2863 5347 τῇ.
2920 5273 3065 5327 Libri
3130 5280 3336 5324 veteres
3390 5270 3565 5322 πάντα
3614 5269 3669 5319 τι

2160 5395 2302 5493 Ηίῦῧ)
2351 5421 2576 5493 Codices
2631 5414 2976 5493 duo_’lr,-ao§_g
3030 5410 3281 5493 Χριστόςἰ
3329 5409 3436 5490 ξνίοο
3475 5410 3586 5493 ipso
3628 5408 3668 5457 in

2123 5478 2240 5549 loco
2281 5478 2407 5548 editi
2443 5492 2572 5561 περὶ
2599 5487 2785 5540 αὐτοῦ.
2827 5478 3045 5553 Antiqui
3084 5478 3202 5538 'lres
3229 5481 3347 5534 libri
3394 5496 3518 5549 περι
3564 5478 3669 5532 ἑαυ-

2132 5584 2149 5594 ,
2186 5585 2235 5620 υ.

2132 5584 2308 5707 ⁸0657)
2359 5634 2493 5702 Reg.
2547 5637 2773 5707 quartus
2827 5626 3146 5695 ὑπεσήμηνε
3199 5620 3415 5707 ταύτην.
3474 5618 3670 5672 Monere

2121 5696 2718 5777 juvat,illud:_cai3zqv,
2753 5702 3092 5751 relerendum
3131 5708 3249 5748 esse
3288 5696 3352 5756 ad
3387 5705 3566 5744 vocem
3597 5703 3670 5740 stt-

2119 5373 2146 5407 τ

2061 5819 2064 5822 ι
2121 5770 2392 5850 perierem
2446 5772 2540 5826 τίην
2563 5770 2774 5843 χρῆσιν.
