3978 6410
303 415 412 468 525
1417 403 1799 462 ADV’ERSUS
1838 401 2203 461 EUNOMIUM
2247 400 2375 454 LIB.
2419 395 2458 451 Ι.

3461 402 3561 461 5‘23

296 537 580 608 λυώνυμός
606 553 686 598 τις
712 535 807 587 ὢν·
843 535 903 586 ού
935 533 1042 605 γὰρ
1077 532 1255 586 πάντα
1292 530 1357 584 τά
1383 531 1622 602 ὀνόματα
1644 533 1723 594 εἰς
1747 547 1878 582 ταυ-

2000 542 2080 582 ms
2111 525 2364 594 praeditus
2393 538 2497 578 non
2527 530 2606 576 est
2628 539 2642 586 ;
2665 536 2763 576 nec
2793 521 2934 575 enim
2959 522 3175 577 nomina
3210 526 3386 579 omnia
3425 528 3564 581 inter

297 632 390 684 τὸν
419 628 668 698 ἀλλήλοις
709 628 884 698 φέρει.
912 627 1073 678 Ἀλλο
1104 624 1212 696 γὰρ
1235 624 1296 676 τὺ
1329 624 1726 694 σημαινόμενον
1765 639 1878 691 cpio-

305 725 406 788 τὸς,
439 724 530 776 καὶ
569 721 694 775 ἄλλο
723 721 992 792 ἀμπέλου,
1021 720 1113 773 κα)⁸
1141 718 1269 773 ἄλλο
1299 716 1445 781 ὁδοῦ,
1473 716 1568 769 καὶ
1606 715 1734 768 ἄλλο
1762 731 1881 766 ποι-

301 818 482 888 μένος.
531 814 668 868 Ἀλλ’
706 815 765 868 ἐν
796 815 870 867 ὢν
913 813 1057 866 κατὰ
1097 813 1157 865 τὸ
1203 811 1584 881 ὑποκείμενον,
1635 809 1730 861 κα).
1782 808 1878 878 μία

297 909 454 962 οὐσία
468 908 559 960 καὶ
573 906 715 976 ἁπλῆ
730 908 824 960 κα)⁸
836 905 1145 967 ἀσύνθετος,
1162 903 1348 956 ἄλλοτε
1364 902 1536 965 άλλως
1557 902 1744 955 ἐαυτὸν
1768 900 1883 954 ὀνο-

302 1004 484 1076 μάξει,
503 1006 622 1065 ταῖς
642 1001 906 1063 ἐπινοίαις
927 999 1287 1070 διαφερούσας
1311 998 1554 1067 ἀλλήλων
1577 995 1675 1058 τὰς
1710 1011 1879 1066 προσ-

305 1098 529 1169 ηγορίας
549 1094 1040 1166 μεθαρμοζόμενος.
1055 1093 1210 1146 Κατά
1227 1093 1298 1160 γά
1309 1109 1340 1162 ρ
1357 1091 1452 1160 τὴν
1466 1089 1574 1143 τῶν
1591 1087 1882 1160 ἐνεργειῶν

299 1185 588 1258 διαφορὰν,
636 1185 730 1238 καὶ
774 1184 871 1255 τὴν
908 1184 1045 1255 πρὸς
1087 1182 1155 1234 τὰ
1193 1181 1629 1253 εὐεργετούμενοι
1677 1179 1880 1248 σχέσιν,

299 1279 532 1349 διάφορα
563 1273 737 1344 ἐαυτῷ
781 1275 873 1327 καὶ
906 1273 974 1325 τὰ
999 1272 1240 1342 ὀνόματα
1261 1271 1487 1325 τίθεται.
1511 1269 1630 1334 Φῶς
1657 1271 1755 1340 μὲν
1776 1268 1883 1339 γὰρ

301 1372 493 1426 ἑαυτὸν
526 1369 620 1423 τοῦ
669 1370 872 1440 κόσμου
908 1367 1076 1436 λέγει,
1107 1367 1168 1419 τό
1190 1382 1247 1417 τε
1283 1365 1576 1436 ἀπρόσιτον
1607 1363 1706 1432 τῆς
1732 1363 1788 1414 ἐν
1816 1365 1882 1433 τῇ

302 1464 518 1533 θεότητι
535 1461 691 1532 δόξης
720 1461 796 1531 τῷ
823 1461 1046 1531 ὀνόματι
1073 1458 1247 1528 τούτῳ
1276 1455 1666 1526 διασημαίνων,
1687 1454 1781 1508 καὶ
1811 1455 1888 1516 ὡς

302 1560 371 1627 τῇ
401 1556 748 1627 λαμπρότητι
779 1555 880 1624 τῆς
908 1551 1162 1621 γνώσεως
1198 1551 1324 1614 τοὺς
1358 1547 1802 1619 κεκαθαρμένους
1828 1546 1887 1599 τὸ

299 1651 462 1720 ὄμμα
487 1648 587 1717 τῆς
607 1647 782 1717 ψυχῆς
810 1643 1168 1712 καταυγάζων
1187 1657 1204 1674 ο
1233 1640 1476 1712 ἄμπελον
1531 1639 1610 1702 δέ,
1641 1639 1717 1703 ὡς
1759 1639 1887 1700 τοὺς

304 1743 362 1793 ἐν
407 1741 555 1812 αὑτῷ
589 1739 731 1794 κατὰ
771 1741 871 1810 τὴν
901 1738 1084 1791 πίστιν
1135 1734 1536 1807 ἐρῤιζωμένους
1584 1734 1670 1785 ἐπ’
1711 1731 1888 1802 ἔργων

303 1834 526 1902 ἀγαθῶν
548 1832 945 1906 καρποφορίαις
973 1831 1268 1901 ἐκτρέφων’
1294 1829 1456 1898 ἄρτον
1485 1827 1561 1892 δὲ,
1589 1825 1665 1888 ὡς
1697 1827 1891 1878 οἰκειο-

1979 636 2038 674 se
2053 619 2413 688 signiﬁcatum
2431 614 2674 670 eumdem
2696 631 2803 685 pra:
2829 629 2884 668 se
2906 615 3101 669 ferunt.
3118 616 3402 671 Enimvero
3420 618 3562 671 aliud

1979 710 2092 774 lux,
2136 711 2279 763 aliud
2317 709 2463 770 vitis,
2516 707 2662 759 aliud
2714 708 2819 768 via,
2854 706 2994 759 aliud
3041 719 3225 774 pastor
3269 709 3562 778 signiﬁcat.

1984 802 2091 856 Sed
2117 817 2238 856 cum
2267 816 2427 854 unttm
2454 799 2522 853 sit
2564 799 2857 854 secundum
2898 799 3220 867 subjectum,
3257 801 3434 869 sitque
3461 819 3561 852 una

1983 895 2280 950 substantia
2320 893 2579 963 simplex,
2610 901 2664 945 et
2706 907 2810 946 non
2859 892 3189 959 composita,
3217 892 3352 945 alias
3407 893 3565 947 aliter

1984 1002 2042 1042 se
2083 989 2198 1055 ipse
2257 986 2531 1050 nominat,
2565 986 2806 1038 diversas
2863 984 3254 1053 appellationes
3313 985 3454 1039 inter
3505 1000 3565 1040 se

1984 1079 2192 1134 ratione
2259 1078 2578 1132 dissidentes
2633 1077 2735 1132 sibi
2795 1078 2896 1146 ipsi
2956 1078 3387 1131 accommodans.
3431 1076 3564 1130 Nam

1984 1188 2082 1241 pro
2111 1172 2484 1242 operationnm
2543 1171 2883 1233 diversitate,
2911 1179 2963 1225 et
3010 1185 3106 1239 pro
3146 1185 3207 1222 ea
3251 1167 3566 1222 habitudine

1984 1279 2145 1334 quam
2179 1266 2244 1318 ad
2278 1280 2340 1318 ea
2380 1264 2562 1327 habet,
2590 1279 2708 1330 qua:
2759 1263 3034 1318 beneﬁciis
3078 1263 3193 1331 ejus
3239 1261 3564 1325 afﬁciuntur,

1987 1360 2199 1414 diversa
2228 1373 2443 1427 quoque
2474 1357 2579 1412 sibi
2607 1357 2826 1411 nomina
2879 1358 3126 1426 imponit.
3157 1356 3288 1410 Nam
3321 1356 3439 1410 ideo
3478 1371 3567 1410 se-

1986 1451 2162 1518 ipsum
2195 1448 2366 1502 lucem
2400 1448 2586 1502 tnundi
2637 1448 2785 1516 dicit,
2817 1447 2958 1516 quod
3001 1448 3196 1516 partim
3231 1448 3563 1502 inaccessam

1988 1542 2201 1596 deit‘atis
2242 1540 2574 1609 ntajestatem
2630 1541 2732 1596 hoc
2775 1541 2989 1596 nomine
3026 1539 3292 1609 signiﬁcet
3317 1579 3332 1603 ,
3370 1542 3564 1611 partim

1987 1637 2131 1704 quod
2186 1635 2473 1702 splendore
2513 1634 2752 1689 scientia:
2802 1649 2897 1688 eos
2951 1633 3041 1702 qui
3097 1643 3350 1703 purgatos
3401 1633 3566 1686 animi

1989 1728 2176 1782 oculos
2203 1727 2419 1789 habent,
2453 1725 2739 1780 illuminet.
2775 1725 2952 1780 Vitem
2984 1741 3144 1790 vero,
3176 1728 3317 1794 quod
3344 1742 3438 1782 eos
3475 1729 3567 1796 qui

1991 1818 2044 1871 in
2070 1832 2134 1871 eo
2181 1832 2276 1886 per
2305 1817 2460 1872 [idem
2523 1817 2735 1871 radices
2773 1829 3019 1886 egerunt,
3045 1816 3306 1871 bonorum
3344 1834 3566 1887 operum

305 1926 442 1995 τὰτη
477 1927 648 1996 τροφὴ
681 1924 898 1993 λογικοῦ
949 1924 1250 1991 τυγχάνων,
1305 1920 1381 1990 τῷ
1426 1920 1738 1990 διακρατεῖν
1787 1918 1886 1987 τὴν

2000 1909 2266 1966 fertilitate
2312 1911 2573 1965 enutriat.
2630 1909 2830 1964 Panem
2888 1923 3089 1977 autem,
3128 1911 3270 1981 quod
3312 1912 3381 1966 sit
3418 1912 3570 1966 cihus

308 2019 567 2071 σύστασιν
587 2018 688 2086 τῆς
721 2017 917 2088 ψυχῆς,
946 2018 1038 2069 καὶ
1062 2016 1124 2069 τὸ
1155 2015 1350 2085 ἰδίωμα
1380 2013 1548 2082 αὐτῆς
1579 2009 1885 2074 διασώζειν,

307 2110 642 2181 ἀναπληρῶν
671 2110 784 2178 (58)
819 2110 905 2162 ἀεὶ
930 2110 1058 2180 παρ’
1084 2107 1275 2160 ἐαυτοῦ
1304 2105 1363 2158 τὸ
1391 2103 1587 2167 ἐνδέον,
1625 2102 1719 2155 καὶ
1753 2101 1889 2172 πρὸς

306 2203 408 2274 τὴν
459 2203 517 2269 ἐξ
564 2203 786 2271 ἀλογίας
838 2201 1190 2271 ἐγγινομένην
1246 2198 1559 2271 ἀρρωστίαν
1615 2197 1716 2248 οὐκ
1783 2194 1888 2246 ἐῶν

309 2296 676 2366 ὑποφέρεσθαι
718 2295 850 2364 (59).
883 2295 992 2348 Καὶ
1039 2293 1209 2355 οὕτως
1245 2293 1308 2345 ἄν
1348 2309 1432 2355 τις
1465 2291 1574 2344 τῶν
1607 2290 1887 2359 ὀνομάτων

307 2387 538 2439 ἕκαστον
570 2385 840 2454 ἐφοδεύων
881 2383 1130 2454 ποικίλας
1171 2383 1321 2452 εὖροι
1362 2382 1460 2446 τὰς
1501 2382 1742 2443 ἐπινοίας
1771 2381 1888 2442 ἐνὸς

309 2478 544 2530 ἑκάστου
583 2476 676 2528 τοῦ
717 2475 857 2528 κατά
889 2475 985 2546 τὴν
1013 2475 1200 2528 οὐσίαν
1240 2475 1353 2536 τοῖς
1388 2474 1552 2525 πᾶσιν
1596 2472 1891 2540 ὑποκειμέ-

309 2587 423 2623 νου.
478 2569 572 2631 Τίς
612 2564 703 2620 οὖν
747 2567 889 2620 οὕτω
933 2566 1030 2638 τὴν
1072 2566 1323 2635 γλῶσσαν
1375 2564 1511 2636 πρὸς
1544 2562 1890 2634 βλασφημίαν

311 2662 597 2732 ἡκόνηται,
645 2660 784 2713 ὥστε
819 2660 1084 2729 τολμῆσαι
1135 2660 1308 2712 εἰπεῖν
1358 2661 1474 2720 ταῖς
1536 2661 1742 2725 φωναῖς
1795 2655 1891 2718 τὰς

313 2755 557 2817 ἐπινοίας
589 2753 790 2815 ταύτας
825 2749 1261 2815 συνδιαλύεσθαι;
1304 2751 1368 2802 Τί
1409 2746 1499 2802 οὖν
1528 2749 1725 2803 ἄτοπον
1751 2748 1892 2800 οῦτω

314 2848 410 2901 καὶ
439 2847 530 2900 ἐπὶ
563 2846 654 2899 τοῦ
689 2843 824 2897 Θεοῦ
865 2845 974 2898 τῶν
1007 2844 1143 2897 ὅλων
1191 2842 1567 2912 λαμϐάνεσθαί
1600 2858 1721 2894 τινα
1771 2841 1890 2893 κατ’

316 2942 582 3005 ἐπίνοιαν,
626 2940 719 2992 καὶ
764 2939 895 2990 αὐτὸ
935 2937 1094 2990 τοῦτο
1143 2937 1361 3007 πρῶτον
1403 2935 1552 3006 (40),
1600 2935 1727 3005 περὶ
1763 2926 1822 2986 οὗ
1865 2934 1892 2985 ὁ

317 3033 538 3102 σύμπας
568 3033 698 3101 ἡμῖν
729 3029 1009 3098 κεκίνηται
1034 3029 1223 3096 λόγοςς
1257 3028 1576 3099 Εὑρήσομεν
1602 3024 1710 3096 γὰρ
1739 3025 1894 3077 οὐδα-

321 3125 437 3196 μῶς
455 3125 656 3195 ἑτέρως
676 3122 968 3191 λεγόμενον
996 3121 1056 3173 τὸ
1075 3121 1426 3190 ἀγέννητον.
1461 3118 1770 3188 Ἀφθαρτον
1787 3117 1895 3188 γὰρ

320 3216 434 3287 (41)
461 3217 554 3269 καὶ
591 3215 884 3284 ἀγέννητον
908 3210 1044 3266 εἶναι
1072 3213 1161 3265 τὸν
1193 3213 1324 3264 Θεὸν
1359 3212 1463 3265 τῶν
1487 3211 1620 3263 ὅλων
1643 3211 1892 3282 λέγομεν,

320 3309 463 3364 κατὰ
505 3307 792 3378 διαφόρους
831 3305 1084 3368 ἐπιϐολὰς
1116 3311 1226 3368 τοῖς
1256 3305 1481 3374 ὀνόμασι
1497 3304 1705 3368 τούτοις
1739 3320 1897 3374 προσ-

319 3397 692 3470 αγορεύοντες.
714 3397 880 3449 Ὅταν
928 3399 1026 3466 μὲν
1055 3396 1162 3466 γὰρ
1192 3401 1270 3459 εἰς
1300 3397 1424 3458 τοὺς
1445 3395 1670 3448 κατόπιν
1698 3395 1898 3458 αἰῶνας

322 3485 740 3555 ἀποϐλέψωμεν,
779 3485 1293 3554 ὑπερεκπίπτουσαν
1329 3486 1513 3553 πάσης
1545 3485 1719 3554 ἀρχῆς
1748 3485 1897 3555 εὑρί-

325 3594 546 3640 σκοντες
581 3577 678 3646 τὴν
706 3575 848 3647 ζωὴν
876 3575 970 3627 τοῦ
1011 3575 1166 3639 Θεοῦ,
1212 3577 1505 3645 ἀγέννητον
1553 3576 1713 3629 αὑτὸν
1746 3577 1898 3642 λέγο-

329 3687 428 3740 μεν
448 3686 461 3699 ’
493 3670 618 3722 ὅταν
647 3669 703 3722 δέ
733 3671 842 3730 τοῖς
870 3668 1257 3739 ἐπερχομένοις
1289 3668 1449 3721 αἱῶσι
1474 3670 1564 3721 τὸν
1585 3668 1709 3722 νοῦν
1738 3671 1901 3722 ἐπεκ-

323 3762 608 3832 τείνωμεν,
643 3761 733 3813 τὸν
772 3761 1020 3832 ἀόριστον
1046 3761 1157 3830 (42)
1188 3761 1282 3815 καλ⁸
1319 3763 1566 3832 ἄπειρον,
1603 3762 1694 3815 καὶ
1727 3761 1901 3814 οὐδενὶ

324 3854 470 3908 τέλει
518 3853 862 3924 καταληπτὸν
913 3854 1390 3924 προσαγορεύομεν
1457 3854 1758 3926 ἄφθαρτον.
1817 3855 1902 3919 Ὡς

327 3943 422 4000 οὗν
465 3946 524 3998 τὸ
557 3945 907 4016 ἀτελεύτητον
948 3945 1046 4015 τῆς
1081 3946 1222 4016 ζωῆς
1257 3947 1370 4017 (45)
1428 3946 1725 4018 ἄφθαρτον,
1763 3947 1902 4000 οὓτω

327 4037 390 4091 τὸ
426 4037 656 4106 ἄναρχον
709 4036 878 4106 αὐτῆς
910 4037 1201 4107 ἀγέννητον
1230 4037 1543 4107 ὠνομάσθη,
1597 4043 1662 4109 τῇ
1695 4037 1904 4108 ἐπινοίᾳ

331 4123 679 4200 θεωρούντων
699 4132 730 4200 ή
740 4129 855 4199 μῶν
877 4130 1132 4200 ἑκάτερα.
1169 4129 1262 4193 Τίς
1285 4126 1375 4183 οὖν
1399 4132 1614 4202 ἀντερεῖ
1642 4131 1796 4198 λόγος
1813 4133 1906 4183 καὶ

329 4224 661 4279 ἐπινοεῖσθαι
689 4223 795 4275 τῶν
833 4223 1110 4292 ὀνομάτων
1139 4223 1342 4276 τούτων
1366 4225 1522 4278 ἐκάτε
1533 4242 1641 4296 ρον,
1661 4226 1753 4277 καὶ
1780 4226 1906 4294 ὀμο-

329 4316 519 4384 λογίαν
563 4312 700 4368 εἶναι
734 4315 825 4368 τοῦ
862 4315 981 4368 κατ’
1019 4314 1278 4386 ἀλήθειαν
1307 4314 1383 4384 τῷ
1417 4315 1534 4385 Θεῷ
1574 4316 1903 4386 προσόντος;

343 4409 402 4462 Ὀ
419 4408 474 4460 δέ
485 4407 560 4470 ὡς
582 4408 862 4478 μαχόμενα
883 4405 1056 4460 ταῦτα
1073 4408 1166 4459 καὶ
1180 4407 1468 4477 ἀσύμϐατα
1501 4407 1776 4471 παντελῶς
1794 4409 1905 4479 (44)

331 4501 428 4554 ἀπ’
451 4500 690 4571 ἀλλήλων
726 4500 994 4572 διίστησι·
1026 4501 1108 4559 τὸ,
1139 4503 1192 4553 τί
1225 4501 1342 4553 κατ’
1377 4501 1620 4556 ἐπίνοιαν
1653 4503 1708 4554 τὶ
1751 4502 1906 4570 λέγε-

1990 2005 2182 2059 mentis
2227 2006 2459 2057 maxime
2502 2004 2787 2074 proprius,
2825 2009 3023 2072 quippe
3062 2004 3154 2072 qui
3209 2004 3403 2058 animae
3456 2010 3603 2058 sta-‘

1991 2108 2100 2152 tum
2136 2099 2405 2153 sustineat
2431 2109 2594 2167 atque
2626 2099 3014 2167 proprietatem
3049 2097 3165 2164 ejus
3197 2107 3499 2160 conservet.
3519 2098 3569 2150 id

1987 2193 2130 2263 quod
2157 2193 2313 2247 deest
2359 2191 2581 2261 explens
2628 2206 2841 2260 semper
2886 2191 2951 2245 de
2993 2192 3190 2259 seipso,
3233 2206 3334 2245 nec
3369 2191 3569 2245 sensim

1990 2285 2168 2340 delabi
2198 2287 2383 2339 sinens
2413 2286 2479 2337 ad
2515 2299 2636 2338 eam
2677 2300 2797 2354 quae
2823 2300 2886 2338 ex
2930 2284 3155 2338 rationis
3187 2283 3364 2353 inapia
3391 2299 3573 2338 emer-

1990 2378 2067 2450 git
2101 2377 2489 2432 inﬁrmitatem.
2520 2377 2670 2443 Quod
2702 2377 2746 2430 si
2774 2377 3038 2445 quispiam
3088 2377 3158 2429 ita
3202 2377 3419 2430 nomina
3461 2376 3574 2430 siu-

1989 2471 2113 2541 gula
2139 2479 2438 2539 percurrat,
2460 2470 2698 2524 rationes
2725 2470 2901 2523 varias
2929 2468 3172 2522 invenire
3194 2469 3413 2537 poterit,
3435 2477 3570 2521 tam-

1989 2564 2090 2618 etsi
2113 2563 2406 2618 secundum
2433 2562 2789 2617 substantiam
2825 2578 2985 2614 untnu
3017 2568 3071 2614 et
3097 2561 3234 2614 idem
3273 2560 3571 2628 subjectum

1991 2665 2076 2710 est
2107 2655 2380 2709 omnibus.
2422 2653 2556 2720 Quis
2592 2655 2756 2724 igitur
2797 2653 2876 2708 sic
2905 2663 3144 2722 paratam
3206 2652 3272 2706 ad
3325 2653 3576 2722 blasphe-

1993 2749 2247 2802 mandum
2305 2749 2470 2802 habet
2517 2747 2775 2817 linguam,
2818 2757 2877 2800 ut
2913 2748 3092 2800 dicere
3144 2747 3362 2810 audeat,
3411 2746 3574 2800 simul

1992 2853 2113 2891 cum
2145 2840 2368 2894 vocibus
2393 2841 2489 2893 has
2539 2837 2911 2907 perceptiones
2953 2838 3172 2891 interire
3195 2839 3217 2891 ?
3240 2838 3377 2904 Quid
3412 2836 3574 2906 igitur

1992 2929 2210 2984 absurdi
2235 2939 2335 2993 est,
2363 2930 2426 2983 ad
2452 2930 2596 2984 hunc
2627 2930 2786 2983 etiam
2823 2930 3037 2982 modum
3061 2929 3129 2983 de
3161 2930 3268 2982 Deo
3292 2930 3574 2982 universo-

1996 3039 2110 3075 rum
2132 3022 2552 3092 219quaedam
2577 3022 2870 3076 secundum
2890 3020 3286 3088 perceptionem
3306 3020 3500 3088 accipi,
3519 3029 3575 3072 et

1997 3115 2098 3167 hoc
2135 3115 2304 3179 ipsum
2336 3112 2590 3181 primum,
2624 3111 2690 3166 de
2723 3127 2828 3181 quo
2863 3113 3018 3166 nobis
3063 3121 3170 3167 tota
3217 3114 3460 3167 instituta
3492 3125 3576 3168 est

1998 3206 2325 3275 disputatio?
2353 3205 2628 3275 Nusquam
2651 3207 2792 3260 enim
2833 3208 3165 3275 reperiemus
3193 3225 3376 3264 vocem
3411 3211 3572 3274 hanc,

2001 3297 2490 3365 ingeneralionem,
2544 3297 2702 3350 aliter
2778 3297 3049 3366 usurpari.
3113 3297 3574 3365 lucorruplibilem

1999 3404 2234 3456 namque
2266 3403 2329 3440 ac
2375 3389 2670 3458 ingenitum
2717 3389 2882 3441 Deum
2921 3389 3296 3444 universorum
3323 3391 3574 3453 dicimus,

1998 3495 2119 3534 eum
2148 3497 2243 3550 pro
2270 3481 2482 3535 diversa
2520 3483 2737 3536 notione
2765 3482 2848 3536 his
2893 3481 3199 3536 nominibus
3223 3481 3574 3551 appellantes.

2000 3574 2130 3628 Cum
2161 3574 2302 3628 enim
2331 3575 2382 3628 in
2417 3583 2690 3629 transacta
2712 3576 2825 3642 jam
2853 3574 3050 3629 smcula
3087 3574 3426 3642 respicimus.
3458 3574 3580 3628 Dei-

2000 3683 2105 3737 que
2139 3670 2245 3722 vita
2277 3667 2596 3738 principium
2625 3683 2784 3721 omne
2817 3683 3076 3736 superare
3106 3683 3134 3721 a
3171 3668 3326 3722 nobis
3364 3668 3578 3721 inveni-

2003 3771 2276 3827 tnr,tunc
2307 3762 2600 3830 ingenitum
2649 3761 2820 3828 ipsum
2874 3760 3144 3814 dicimus:
3187 3777 3307 3815 cum
3353 3774 3482 3816 vero
3523 3762 3577 3815 in

2005 3854 2182 3909 futura
2230 3855 2424 3910 saecula
2479 3855 2861 3922 cogitationem
2898 3856 3258 3918 extendimus,
3296 3869 3443 3920 eum,
3478 3869 3577 3908 ceu

2005 3948 2269 4004 inﬁnitum
2319 3963 2380 4002 ac
2418 3948 2759 4014 immensum,
2786 3963 2884 4002 nec
2927 3947 3032 4001 ullo
3075 3947 3178 4001 line
3224 3949 3580 4018 comprehen-

2004 4056 2143 4105 sum,
2177 4041 2938 4108 vocamusincorruptibilem.
2973 4041 3432 4107 Quemadmodum
3483 4042 3580 4110 igi-

2007 4141 2094 4184 tur
2122 4133 2227 4185 vita
2261 4132 2363 4186 ﬁne
2391 4148 2582 4186 carens
2598 4135 2794 4189 dicitur
2823 4133 3305 4202 incorruptibilitas
3339 4153 3352 4187 :
3385 4135 3456 4187 ita
3482 4149 3576 4189 ea-

2006 4225 2124 4279 dem
2165 4227 2411 4295 principii
2443 4242 2636 4296 expers
2676 4237 2902 4281 vocatur
2936 4227 3290 4293 ingeneratio,
3313 4235 3422 4279 tum
3453 4242 3577 4280 cum

2007 4328 2236 4389 utraque
2262 4335 2358 4390 per
2386 4330 2618 4374 mentem
2647 4321 3008 4389 speculamur.
3041 4320 3154 4385 Qua
3182 4319 3342 4388 igitur
3371 4319 3580 4371 ratione

2009 4415 2312 4483 negabitur,
2346 4423 2400 4468 et
2453 4415 2566 4467 haec
2622 4424 2850 4482 utraque
2903 4412 3122 4467 nomina
3173 4411 3494 4481 excogitari,
3526 4421 3580 4464 et

2009 4505 2125 4574 ejus
2153 4507 2294 4575 quod
2328 4521 2513 4560 revera
2549 4507 2655 4560 Deo
2696 4507 2836 4559 inest
2875 4504 3268 4559 confessionem
3299 4504 3465 4558 esse?
3489 4503 3581 4557 llle

336 4593 484 4661 σθαι,
511 4593 604 4646 κα)¹
631 4593 694 4646 τὸ
721 4593 1069 4664 ἀποπληροῦν
1089 4593 1164 4664 τῷ
1185 4593 1304 4664 Θεῷ
1329 4592 1438 4665 (45)
1470 4596 1567 4665 τὴν
1596 4594 1689 4649 τοῦ
1719 4591 1857 4648 εἷναι
1883 4597 1894 4648 ἑ

2013 4615 2139 4654 vero
2171 4609 2425 4670 tanquam
2468 4601 2512 4655 si
2542 4600 2655 4654 haec
2687 4601 2829 4654 inter
2857 4615 2915 4654 se
2943 4607 3264 4667 pugnarent,
3300 4613 3401 4652 nec
3439 4597 3583 4651 inter

336 4689 484 4740 ἐστιν
509 4685 818 4757 ὁμολογίαν.

2014 4705 2074 4745 se
2100 4690 2375 4745 conciliari
2416 4689 2524 4744 ullo
2555 4691 2712 4744 modo
2751 4697 2992 4759 possent,
3021 4689 3247 4742 alterum
3294 4689 3362 4742 ab
3409 4689 3580 4742 altero

338 4780 868 4836 dirimitzinficiatnr
885 4779 1219 4843 videlicet,et
1245 4779 1442 4849 aliquid
1464 4779 1564 4836 dici
1588 4781 1740 4850 juxta
1769 4781 1933 4834 animi
1974 4784 2395 4852 perceptionem,
2457 4791 2511 4836 et
2561 4797 2657 4849 per
2686 4783 2790 4836 hoe
2821 4780 2994 4850 ipsum
3047 4780 3154 4834 Deo
3200 4779 3433 4848 persolvi
3468 4780 3584 4849 ejus

336 4871 481 4942 quod
512 4881 596 4926 eSt
629 4870 1040 4925 confessionem.

413 5052 524 5122 (58)
556 5049 776 5122 ἵειεῐθε
804 5049 1010 5122 aliquot
1023 5049 1148 5122 libri
1184 5051 1274 5104 καὶ
1296 5049 1644 5121 ἀναπληρων.

414 5120 530 5194 (59)
555 5121 696 5194 Editi
747 5136 868 5194 cum
923 5120 1072 5174 Colb.
1118 5131 1171 5173 et
1197 5122 1358 5194 illeg.
1391 5123 1577 5194 quinto
1610 5120 1908 5194 Αᾲποφέρετ

343 5189 515 5248 σθαι,
546 5193 652 5263 Alii
709 5191 947 5263 quinque
989 5206 1128 5263 Διιιειιι.
1186 5189 1576 5263 ὑποφέρεσθαι,
1610 5190 1727 5246 Mox
1783 5189 1907 5244 editi

341 5265 461 5327 ἑνὸς
488 5259 741 5316 ἐκάστουζ
775 5261 886 5314 Vox
906 5259 1133 5314 ἑκάστου
1168 5263 1329 5315 deest
1348 5259 1399 5315 in
1426 5261 1604 5314 multis
1633 5277 1766 5315 mss.

414 5334 526 5403 (40)
584 5333 724 5386 Editi
760 5343 814 5403 et
859 5331 994 5400 Reg.
1053 5331 1322 5403 secundus
1367 5331 1462 5384 καὶ
1503 5331 1636 5385 αὐτὸ
1669 5331 1825 5385 τοῦτο
1849 5332 1909 5384 τὸ

340 5401 635 5474 ἀγέννητον
669 5401 906 5474 πρῶτον.
942 5402 1095 5467 Illud,
1120 5402 1181 5454 τὸ
1227 5402 1542 5474 ἀγέννητον,
1592 5403 1905 5464 delevimus.

343 5471 574 5555 aliorum
609 5486 703 5528 sex
717 5471 974 5527 codicum
1001 5483 1055 5527 et
1084 5474 1336 5528 editionis
1377 5471 1510 5527 Ven.
1533 5476 1906 5527 auctoritatem

342 5555 536 5601 SCCUU.

415 5615 527 5684 (41)
554 5613 669 5679 Illa,
705 5612 1014 5685 Ἀφθαρτον
1041 5614 1170 5684 γάρ.
1209 5624 1348 5685 κεια,
1397 5614 1560 5668 refert
1617 5612 1912 5683 Gregorius

344 5683 637 5754 Nyssenns,
667 5694 811 5738 tomo
839 5683 903 5748 11,
939 5699 1060 5752 pag.
1121 5684 1248 5745 821,
1304 5700 1472 5752 eaque
1513 5687 1772 5739 adversus
1821 5699 1911 5738 ca-

342 5754 576 5810 lumnias
602 5754 851 5809 Eunomii
891 5754 1046 5808 docte
1067 5765 1120 5807 et
1153 5755 1369 5822 ecpiose
1404 5754 1660 5810 defendit.

415 5823 526 5893 (42)
573 5824 710 5881 Editi
767 5833 822 5878 et
879 5823 1012 5893 Reg.
1080 5825 1300 5894 quintus
1345 5824 1436 5879 τὸν
1495 5826 1767 5898 ἀόριστον.
1805 5824 1909 5882 Alii

2017 5049 2256 5119 quinque
2313 5063 2444 5103 mss.
2482 5047 2543 5101 τὸ
2586 5048 2856 5119 ἀόριστον.
2886 5045 3087 5100 lhidem
3129 5045 3386 5119 scriptum
3432 5045 3586 5119 inve:

2018 5114 2248 5174 nitur'in
2289 5121 2456 5173 tribus
2485 5114 2760 5173 codicibus
2789 5118 3026 5187 ἄληπτον
3057 5133 3152 5185 pro
3181 5117 3406 5186 ἄπειρον
3443 5131 3456 5145 ο
3489 5114 3582 5187 sed

2016 5206 2116 5262 vox
2151 5191 2376 5262 ἄπειρον
2410 5191 2606 5262 legitur
2629 5193 2692 5262 in_
2710 5189 2829 5242 aliis
2857 5185 2983 5242 mss.
3011 5198 3067 5240 et
3095 5188 3161 5262 in‘
3184 5188 3298 5262 ipso
3317 5185 3582 5262 Gregorio

2016 5253 2297 5330 Nyssenof
2334 5253 2698 5327 licet‘alioqni
2729 5275 2836 5313 non
2865 5273 3080 5327 semper
3125 5257 3318 5311 iisdem
3359 5253 3581 5309 vocibus

2016 5342 2219 5396 utatur,
2254 5332 2448 5400 quibus
2488 5331 2740 5385 Basilius.

2087 5392 2460 5474 (45)'Antiqui_
2488 5413 2598 5455 tres
2626 5400 2754 5474 libri
2773 5397 3144 5474 cbﬁcélso'rov
3165 5396 3262 5465 τῆς
3287 5393 3458 5474 ζωῆς.
3479 5392 3583 5474 ιιξξτ

2013 5463 2134 5530 dein
2173 5463 2300 5526 editi
2332 5463 2397 5525 τδ
2431 5472 2663 5543 ἄναρχον
2697 5469 2954 5523 αὐτοῦ....
3007 5463 3468 5536 ἐπιθεωρούντων.
3515 5463 3584 5518 At

2014 5559 2145 5600 mss.
2171 5544 2266 5605 ita,
2307 5553 2364 5596 ut
2389 5543 2676 5597 edidimus.

2086 5613 2195 5686 (44)
2230 5604 2832 5686 Εόὶιὴλιῃηιιιυεῌρυῐη
2895 5610 3022 5677 Reg.
3064 5607 3371 5686 quintoqu
3397 5604 3582 5686 ἀσύμ-

2014 5675 2189 5739 Gauro.
2241 5675 2698 5746 παντελῶς.ἈΙίἰ
2751 5697 2844 5735 sex
2905 5675 3034 5733 mss.
3085 5679 3180 5731 καὶ
3240 5675 3530 5749 ἀσύμϐατα
3562 5710 3583 5740 ,

2018 5764 2184 5810 recte.

2087 5826 2199 5896 (45)
2228 5825 2368 5882 Editi
2396 5819 2486 5877 τοῦ
2520 5822 2676 5877 Θεοῦ.
2715 5821 2858 5877 Libri
2897 5831 3104 5876 veteres
3131 5819 3206 5891 τῷ
3229 5819 3373 5889 Θεῷ.
3395 5879 3408 5883 ,Α
