3978 6410
431 395 535 452 537

1737 402 1792 458 S.
1840 401 2080 457 BASILII
2125 401 2338 457 MAGNI

3587 399 3694 454 5‘28

500 490 552 544 8.
589 489 658 540 At
691 488 833 543 enim
869 503 936 546 ne
983 489 1084 546 hoc
1133 493 1353 562 quidem
1405 503 1808 564 prmlercamtts,
1833 496 2010 566 qualis

2183 495 2236 549 8.
2279 495 2388 547 Kal.
2417 494 2527 564 γὰρ
2559 489 2624 548 αὗ
2655 493 2788 566 μηδὲ
2821 494 2979 548 τοῦτο
3009 492 3383 565 παρέλθωμεν,
3408 486 3521 545 οἷον
3543 494 3695 564 αὐτῷ

429 581 478 634 ei
527 579 799 634 simulatio
851 581 1068 649 pietatis
1107 585 1409 656 excogitata
1453 588 1524 642 sit
1578 587 1644 642 ad
1697 587 2002 642 auditorum

430 671 788 736 eversionem,
821 689 942 728 cum
979 674 1130 741 dicit,

502 765 636 825 Eos.
673 767 745 822 Se
770 768 988 837 ittgenili
1013 771 1369 839 appellatione
1406 771 1570 826 Deum
1602 785 1709 826 non
1747 772 2006 828 decorare

425 855 580 926 juxta
623 859 916 914 humanum
946 859 1272 927 intelligendi
1306 862 1543 926 modum,
1587 863 1679 916 sed
1709 864 1757 916 ei
1804 861 2008 929 persol-

433 961 562 1002 vere
581 947 817 1003 debitum
839 950 1071 1007 maxime
1094 951 1334 1006 omnium
1361 955 1747 1018 necessarium;
1765 952 2008 1025 quando-v

433 1042 649 1116 quidem
681 1058 802 1098 eum
836 1043 886 1096 id
915 1044 1054 1112 quod
1086 1053 1169 1100 est
1199 1046 1488 1101 confitetur
1515 1061 1658 1101 esse.

508 1133 631 1190 Bas.
673 1133 1001 1200 Quibusnam
1035 1135 1212 1189 verbis
1253 1136 1422 1204 possit
1453 1151 1550 1205 pro
1602 1135 1794 1190 merito
1832 1135 2005 1206 expli-

434 1227 544 1281 cari
576 1227 765 1281 harum
811 1227 1168 1281 versutiarum
1217 1228 1508 1298 obliquitas
1531 1228 1555 1282 i
1578 1228 1776 1282 Nititur
1806 1238 2008 1284 terrere

435 1320 836 1391 simpliciores;
875 1323 1028 1390 quasi
1058 1323 1200 1391 quod
1245 1323 1443 1378 debent
1483 1338 1587 1378 non
1622 1325 1844 1379 reddant
1877 1327 2005 1387 Deo,

433 1413 539 1468 nisi
573 1415 1027 1485 ingenerationem
1065 1415 1419 1472 substantiam
1459 1430 1580 1472 esse
1629 1417 2006 1472 conﬁteantur.

432 1507 610 1576 Atque
634 1521 784 1562 suam
814 1506 980 1574 ipsius
1002 1506 1326 1574 impietatem
1353 1507 1518 1561 debiti
1557 1507 1878 1563 solutionem
1915 1525 2010 1580 ap-

434 1597 621 1666 pellat,
648 1607 706 1652 ut
752 1612 820 1652 ne
863 1599 992 1669 quid
1022 1599 1267 1651 videatur
1293 1614 1321 1651 a
1349 1599 1528 1666 seipso
1580 1597 1783 1663 dicere,
1820 1600 1912 1654 sed
1956 1601 2007 1654 id

435 1689 576 1758 quod
611 1689 920 1746 necess:trio
964 1689 1072 1743 Deo
1117 1689 1365 1754 debetur,
1401 1690 1728 1758 persolvere.
1764 1691 1903 1758 Quin
1955 1703 2012 1748 et

435 1783 663 1854 reliquis
689 1784 947 1851 declarat,
980 1783 1093 1838 fore
1121 1793 1202 1848 ut,
1238 1785 1281 1837 si
1313 1783 1771 1854 ingenerationem
1799 1787 1853 1840 in
1879 1786 2009 1840 sub-

2106 585 2206 655 τῆς
2231 584 2514 647 εὐλαϐείας
2541 584 2598 636 τὸ
2627 585 2811 654 σχῆμα
2828 585 2920 636 ἐπὶ
2943 585 3297 656 καταστροφῇ
3323 582 3433 635 τῶν
3462 584 3694 636 ἀκουόν-

2106 695 2212 731 των
2237 675 2575 748 ἐπινενόηται
2603 677 2662 728 ὲν
2689 677 2766 747 τῷ
2793 676 2993 744 λέγειν,

2182 771 2341 828 ΕΥΝ.
2371 771 2462 840 Μὴ
2491 771 2610 824 κατ’
2648 769 2889 824 ἐπίνοιαν
2923 768 3270 841 ἀνθρωπίνην
3283 768 3578 840 σεμνύνειν
3606 768 3699 820 τὸν

2107 862 2238 916 Θεὸν
2287 864 2354 933 τῇ
2384 861 2478 915 τοῦ
2513 862 2807 932 ἁγεννήτου
2860 861 3221 932 προσηγορίᾳ,
3273 859 3593 912 ὲκτιννύναι
3639 859 3700 911 δὲ

2108 955 2256 1025 αὐτῷ
2310 954 2370 1012 τὸ
2414 954 2632 1008 πάντων
2667 953 3091 1023 ἀναγκαιότατον
3122 953 3360 1024 ὀφλημα,
3395 954 3454 1005 ἐν
3495 954 3566 1021 τῇ
3600 949 3696 1004 τοῦ

2108 1043 2246 1099 εἶναι
2270 1046 2296 1099 ὅ
2319 1049 2465 1100 ἐστιν
2488 1045 2765 1116 ὁμολογίᾳ.

2180 1133 2327 1185 ΒΑΣ.
2366 1132 2459 1196 Τίς
2491 1133 2556 1186 ἂν
2577 1133 2735 1201 λόγος
2773 1132 2938 1199 ἀξίως
2968 1132 3070 1202 τῆς
3112 1132 3458 1204 σκολιότητος
3487 1130 3696 1201 ταύτης

2107 1223 2218 1280 τῶν
2259 1225 2650 1296 τεχνασμάτων
2683 1225 2959 1294 ὲφίκοιτο;
3005 1225 3284 1294 Ἐκφοϐεῖν
3316 1225 3444 1287 τοὺς
3487 1224 3695 1277 ἁπλου-

2112 1315 2334 1388 στέρους
2363 1319 2649 1388 ἐπιχειρεῖ,
2678 1319 2754 1382 ὡς
2788 1319 2862 1390 μὴ
2889 1318 3241 1381 ἀποδιδόντας
3262 1317 3331 1370 τὰ
3358 1317 3697 1388 ὀφειλόμενα

2115 1408 2191 1479 τῷ
2217 1409 2355 1476 Θεῷ,
2391 1411 2438 1463 εί
2469 1411 2544 1481 μὴ
2570 1410 2758 1464 οὐσίαν
2793 1407 2931 1464 εἶναι
2950 1411 3341 1481 ὁμολογήσειαν
3367 1411 3429 1462 τὸ
3460 1410 3697 1480 ἀγέννη-

2108 1518 2219 1563 τον,
2263 1503 2358 1556 καὶ
2389 1502 2701 1574 ὀφλήματος
2735 1501 2943 1555 ἔκτισιν
2983 1501 3081 1572 τὴν
3118 1501 3252 1554 ίδίαν
3289 1502 3554 1555 ἀσέϐειαν
3580 1503 3699 1554 ὀνο·

2113 1595 2292 1666 μάζει,
2333 1594 2422 1647 ἵνα
2461 1595 2535 1666 μὴ
2580 1594 2708 1668 δόξῃ
2737 1597 2867 1666 παρ’
2898 1594 3091 1647 ἑαυτοῦ
3131 1612 3184 1648 τι
3231 1595 3432 1664 λέγειν,
3467 1594 3608 1647 ἀλλά
3638 1595 3696 1647 τὸ

2111 1687 2421 1756 ἀναγκαίως
2450 1687 2526 1759 τῷ
2552 1687 2668 1759 Θεῷ
2702 1689 3049 1760 ὀφειλόμενον
3077 1689 3408 1760 ἐκπληροῦν.
3435 1690 3549 1742 Καὶ
3583 1693 3695 1752 τοῖς

2111 1779 2314 1844 λοιποῖς
2332 1781 2687 1844 ἐνδείκνυται,
2706 1783 2787 1834 ὅτι
2806 1783 2861 1836 ὲν
2893 1782 2990 1852 μὲν
3012 1785 3077 1853 τῇ
3108 1782 3264 1852 οὐσία
3292 1781 3569 1852 τιθέμενοι
3585 1782 3691 1850 (46)

435 1877 635 1932 stantia
667 1884 890 1946 ponant,
923 1876 1127 1930 innoxii
1176 1876 1294 1930 sine
1338 1891 1494 1944 ptena
1543 1877 1884 1932 dimittantur
1917 1897 1930 1933 :
1963 1880 2006 1933 si

2125 1872 2170 1925 τὸ
2193 1872 2509 1943 ἀγέννητον,
2559 1872 2843 1926 ἀνεύθυνοι
2888 1873 3244 1945 ἀφεθήσονται
3273 1892 3286 1906 ο
3323 1876 3372 1926 εί
3401 1875 3458 1926 δὲ
3491 1875 3692 1944 ἑτέρως

436 1982 595 2022 secus
622 1966 772 2035 juxta
804 1970 946 2037 pium
979 1968 1195 2022 modum
1228 1969 1567 2038 acceperint,
1598 1969 1839 2024 futurum
1867 1985 2008 2036 esse,

437 2058 614 2128 utipsi
635 2067 889 2129 tanquam
917 2061 1005 2128 qui
1036 2061 1274 2115 debitum
1302 2063 1544 2117 omnium
1570 2062 2011 2134 antiquissimum

438 2152 776 2220 maximeque
805 2153 1164 2211 necessarium
1186 2155 1466 2209 omiserint
1485 2155 1714 2221 solvere,
1734 2157 1867 2210 iram
1896 2169 2014 2210 sus-

440 2241 648 2295 tineant
697 2241 1105 2311 implacabilem.
1151 2241 1382 2297 Proinde
1412 2242 1584 2297 libens
1610 2258 1732 2298 eum
1783 2243 2013 2297 interro-

439 2333 700 2406 gaverim,
732 2343 911 2388 utrum
960 2335 1100 2390 hunc
1150 2335 1317 2389 animi
1367 2336 1658 2390 candorem
1715 2318 1916 2404 pariter
1957 2334 2011 2390 in

439 2427 692 2482 Omnibus
713 2441 833 2496 qua:
858 2427 926 2480 de
966 2427 1075 2481 Deo
1106 2429 1469 2495 praedicantur
1495 2437 1696 2494 servet,
1733 2443 1800 2481 an
1832 2428 1881 2481 in
1916 2428 2014 2482 hoc

441 2518 706 2574 duntaxat
740 2519 953 2577 verbo?
993 2519 1121 2574 Nam
1166 2521 1212 2575 si
1253 2521 1382 2574 nihil
1417 2520 1639 2579 omnino
1669 2521 1820 2590 juxta
1859 2520 2016 2574 intel-

442 2607 643 2679 ligendi
679 2611 894 2664 modum
945 2610 1268 2680 speculatur,
1300 2619 1357 2666 ut
1398 2627 1464 2666 ne
1501 2612 1750 2665 humanis
1783 2610 2015 2680 appella-

444 2703 679 2757 tionibus
715 2703 877 2757 Deum
931 2717 1199 2759 exornare
1248 2703 1525 2770 videatur;
1579 2705 1757 2758 omnia
1791 2718 1910 2772 qua;
1949 2704 2016 2757 de

445 2794 558 2853 Deo
584 2795 966 2865 praedicantur,
1001 2795 1255 2851 similiter
1295 2796 1651 2851 substantiam
1694 2811 1815 2850 esse
1847 2796 2018 2851 conli-

447 2887 666 2942 tcbitur.
703 2886 978 2953 Quomodo
1009 2888 1169 2957 igitur
1208 2888 1492 2942 ridiculum
1529 2904 1631 2942 non
1660 2897 1763 2950 est.
1795 2888 2013 2944 creandi

447 2979 758 3041 facultatem
792 2982 1149 3035 substantiam
1171 2997 1290 3037 esse
1329 2983 1554 3036 dicere?
1581 2983 1858 3037 autetiam
1895 2999 2016 3053 pro-

447 3073 767 3136 videntiam,
805 3086 898 3128 aut
929 3075 1178 3129 similiter
1226 3075 1622 3143 prazscientiam
1678 3091 1864 3130 rursus
1893 3076 2020 3130 sub-

449 3165 703 3220 stantiam
723 3166 881 3220 esse?
910 3177 964 3220 et
993 3181 1098 3220 uno
1132 3169 1318 3227 verbo,
1348 3183 1562 3223 omnem
1591 3168 1857 3222 actionem
1888 3169 2014 3222 sub-

450 3259 704 3315 stantiam
755 3270 942 3329 putare
970 3259 994 3312 ί
1023 3259 1172 3326 Quod
1203 3260 1247 3314 si
1270 3261 1450 3314 omnia
1489 3261 1601 3314 haec
1646 3260 1712 3314 ad
1753 3276 1916 3314 unum
1949 3263 2021 3315 si-

451 3351 763 3420 gniﬁcatum
813 3355 1068 3418 tendunt,
1099 3368 1320 3408 necesse
1343 3353 1564 3407 omnino
1593 3365 1697 3420 est,
1722 3362 1778 3406 ut
1805 3354 2020 3408 nomina

455 3443 594 3498 idem
627 3444 767 3499 inter
807 3459 866 3500 se
914 3446 1077 3516 220
1129 3445 1365 3512 valeant,
1400 3448 1842 3516 quemadmodum
1885 3447 2022 3500 litin

454 3536 523 3592 iis
557 3537 649 3607 qui
698 3540 879 3593 multis
938 3540 1248 3595 nominibus
1293 3540 1628 3610 appellantur
1659 3556 1676 3595 :
1707 3539 1863 3595 sicuti
1899 3555 2023 3594 cum

453 3630 703 3685 eumdem
736 3630 964 3686 dicimus
1005 3632 1280 3687 Simonem
1325 3641 1379 3685 et
1419 3633 1633 3686 Petrum
1668 3640 1724 3687 et
1764 3631 2022 3701 Cepltam.

454 3724 634 3789 Quare
670 3726 757 3793 qui
811 3726 1042 3780 audierit
1085 3726 1580 3780 immutabilitatetn
1632 3726 1746 3790 Dei,
1777 3727 2026 3780 deveniet

456 3816 522 3870 ad
552 3816 1006 3882 ingenerationem
1037 3835 1050 3872 :
1077 3818 1224 3881 item,
1253 3818 1341 3887 qui
1375 3817 1606 3871 audierit
1648 3816 2023 3870 indivisibilem

456 3923 600 3970 esse.
629 3910 694 3962 ad
730 3910 947 3964 creandi
981 3909 1306 3978 facultatem
1345 3909 1636 3966 deferetur.
1680 3909 1884 3978 Ecquid
1925 3909 2025 3963 hac

458 4000 774 4057 confusione
822 4002 936 4057 ﬁeri
969 4003 1134 4071 possit
1167 4003 1475 4068 absurdius,
1523 4003 1567 4056 si
1619 4003 1738 4072 quis
1777 4003 2029 4057 videlicet

457 4096 709 4164 adempto
754 4097 970 4164 proprio
1002 4095 1424 4165 uniuscujusque
1473 4095 1707 4148 nominis
1757 4095 2028 4160 signiﬁca-

462 4193 553 4251 ιιι,
583 4195 692 4240 tum
735 4187 1005 4241 communi
1035 4185 1191 4250 usui,
1226 4195 1336 4240 tum
1379 4185 1611 4254 Spiritus
1651 4185 1907 4241 doctrina:
1940 4201 2026 4239 re-

460 4279 796 4352 pugnetiEt
843 4281 1060 4354 quidem
1116 4295 1237 4333 cum
1289 4281 1537 4332 audimus
1593 4278 1660 4332 de
1709 4277 1837 4342 Deo,
1886 4278 2025 4347 quod

461 4375 638 4428 omnia
681 4374 732 4428 in
772 4374 1034 4442 sapientia
1057 4373 1182 4428 fecit
1205 4374 1270 4436 ⁶¹,
1307 4372 1625 4428 creatricem
1656 4371 1825 4440 ipsius
1856 4382 2025 4425 artem

459 4467 717 4521 docemur
753 4482 765 4519 :
795 4481 914 4520 cum
955 4481 1084 4521 vero
1132 4467 1403 4526 audimus,
1435 4465 1575 4533 quod
1609 4465 1784 4534 aperit
1814 4479 2026 4518 manum

2113 1964 2252 2018 κατά
2281 1964 2372 2016 τὸν
2392 1963 2593 2033 εὐσεϐῆ
2617 1965 2816 2036 τρόπον
2843 1965 2952 2036 (47)
2980 1965 3432 2036 ὐπολαμϐἀνοιεν,
3459 1966 3535 2028 ὡς
3554 1967 3695 2019 ἐλλε-

2111 2055 2356 2118 λοιπότες
2379 2055 2439 2108 τὸ
2456 2056 2672 2110 πάντων
2698 2056 2872 2128 χρεῶν
2891 2074 2992 2128 πρε
3001 2058 3260 2111 σϐύτατον
3291 2059 3384 2111 καί
3401 2059 3698 2126 ἀναγκαιό-

2111 2162 2272 2199 τατον
2306 2146 2557 2217 ἔκτισμα,
2595 2147 2966 2219 ἀπαραίτητον
3009 2148 3106 2219 τὴν
3151 2150 3318 2219 ὀργὴν
3359 2149 3692 2216 ἐκδέξονται.

2125 2240 2320 2303 Ἡδέως
2358 2236 2451 2292 οὖν
2482 2239 2548 2293 ἂν
2575 2240 2736 2293 αὐτὸν
2765 2241 2874 2314 (48)
2906 2241 3244 2312 ἐξετάσαιμι,
3274 2242 3371 2312 τὴν
3408 2243 3696 2312 εὐγνωμος

2117 2337 2280 2408 σύνην
2304 2337 2509 2410 ταύτην
2537 2338 2736 2408 ὁμοίως
2767 2339 2860 2392 ἐπὶ
2888 2338 3104 2392 πάντων
3138 2338 3246 2391 τῶν
3277 2339 3405 2408 περὶ
3430 2337 3568 2390 Θεοῦ
3615 2339 3701 2390 la

2115 2429 2362 2499 γομένων
2398 2430 2681 2500 φυλάσσει,
2711 2430 2741 2501 ἢ
2776 2430 2915 2484 κατὰ
2940 2430 3100 2484 τοῦτο
3135 2430 3295 2500 μόνον
3322 2429 3383 2481 τὸ
3414 2429 3602 2500 ῥῆμας
3640 2431 3700 2481 Ei

2118 2524 2215 2595 μὲν
2250 2523 2359 2594 γὰρ
2392 2523 2544 2577 οὐδὲν
2585 2523 2722 2586 ὅλως
2773 2523 2891 2576 κατ’
2926 2524 3166 2576 ἐπίνοιαν
3210 2521 3427 2593 θεωρεῖ,
3481 2522 3569 2574 ἵνα
3626 2521 3700 2592 μὴ

2113 2615 2240 2688 δόξῃ
2267 2615 2635 2686 ἀνθρωπίναις
2668 2615 2759 2670 τὸν
2784 2615 2915 2667 Θεὸν
2947 2614 3232 2685 σεμνύνειν
3261 2617 3662 2688 προσηγορίαις
3682 2658 3697 2681 ,

2129 2706 2306 2760 πάντα
2338 2707 2538 2777 ὁμοίοις
2573 2707 2757 2760 οὐσίαν
2780 2707 3101 2777 ὁμολογήσει
3128 2707 3196 2759 τὰ
3226 2707 3589 2778 ἐπιλεγόμενα
3621 2707 3698 2777 τῷ

2119 2796 2259 2870 Θεῷ.
2298 2797 2422 2860 Πῶς
2469 2793 2562 2851 οὖν
2611 2799 2672 2850 οὐ
2713 2799 3143 2866 καταγέλαστον,
3201 2798 3260 2852 τὸ
3308 2799 3698 2871 δημιουργικὸν

2117 2893 2305 2946 οὐσίαν
2334 2886 2471 2947 εἶναι
2501 2892 2713 2960 λέγειν;
2747 2892 2778 2962 ἢ
2814 2892 2872 2945 τὸ
2901 2893 3252 2964 προνοητικὸν
3280 2893 3438 2946 πάλιν
3461 2893 3693 2957 οὐσίαν;

2119 2984 2151 3048 ἢ
2185 2983 2245 3036 τὸ
2275 2983 2673 3056 προγνωστικὸν
2715 2984 2873 3038 πάλιν
2924 2984 3183 3048 ὡσαύτως
3213 2985 3353 3054 (49);
3395 2985 3488 3038 καὶ
3519 2986 3693 3051 ἁπαξ-

2123 3077 2332 3142 απλῶς,
2363 3079 2540 3131 πᾶσαν
2591 3079 2894 3150 ἐνέργειαν,
2929 3077 3116 3130 οὐσίαν
3149 3077 3424 3142 τίθεσθαι;
3483 3079 3593 3130 Καὶ
3651 3080 3696 3130 εί

2123 3169 2300 3228 πάντα
2340 3169 2509 3223 ταῦτα
2543 3169 2676 3240 πρὸς
2724 3168 2780 3221 ἒν
2816 3168 3212 3239 σημαινόμενον
3259 3169 3447 3231 τείνει,
3476 3169 3690 3239 ἀνάγκη

2125 3263 2273 3315 πᾶσα
2295 3262 2490 3316 ταυτὸν
2523 3260 2776 3331 ἀλλήλοις
2802 3259 3063 3314 δύνασθαι
3095 3261 3163 3314 τὰ
3195 3261 3434 3332 ὀνόματα
3453 3279 3468 3291 ·
3506 3262 3581 3324 ὡς
3606 3262 3696 3314 ἐπὶ

2123 3354 2230 3410 τῶν
2257 3353 2638 3424 πολυωνύμωνο
2662 3353 2790 3406 ὅταν
2810 3349 3026 3423 Σίμωνα
3048 3354 3141 3407 καὶ
3164 3352 3366 3424 Πέτρον
3383 3353 3478 3406 καὶ
3500 3354 3697 3423 Κηφᾶν

2124 3447 2211 3500 τὸν
2236 3446 2396 3499 αὐτὸν
2429 3446 2693 3516 λέγωμεν.
2717 3445 2926 3498 Οὐκοῦν
2952 3446 2980 3497 ὁ
3001 3445 3240 3509 ἀκούσας
3261 3446 3319 3498 τὸ
3337 3445 3696 3498 ἀναλλοίωτον

2125 3538 2217 3592 τοῦ
2268 3520 2425 3602 Θεοῦ,
2465 3539 2601 3610 πρὸς
2652 3538 2713 3592 τὸ
2746 3539 3038 3609 ἀγέννητον
3086 3539 3490 3610 ὑπαχθήσεταιο
3530 3539 3624 3590 καὶ
3669 3541 3696 3590 ὀ

2127 3631 2363 3695 ἀκούσας
2382 3631 2442 3684 τὸ
2471 3631 2697 3703 ἀμερὲς,
2730 3633 2866 3702 πρὸς
2906 3632 2965 3685 τὸ
2995 3632 3381 3703 δημιουργικὸν
3415 3632 3527 3702 (50)
3559 3634 3696 3685 ἀπο-

2127 3724 2367 3795 φέρεται.
2403 3725 2513 3778 Καὶ
2544 3723 2748 3793 ταύτης
2789 3724 2843 3778 τί
2881 3724 2948 3778 ἂν
2981 3725 3191 3793 γένοιτο
3237 3726 3334 3796 τῆς
3382 3725 3697 3795 συγχύσεως

2127 3819 2486 3890 ἀτοπώτερον,
2523 3818 2852 3888 ἀφελόμενον
2883 3818 2979 3887 τὴν
3006 3819 3142 3871 ἰδίαν
3171 3816 3442 3887 σημασίαν
3464 3818 3694 3870 ἑκάστου

2126 3911 2233 3965 τῶν
2254 3911 2551 3981 ὀνομάτων,
2579 3910 3009 3982 ἀντινομοθετεῖν
3036 3912 3100 3980 τῇ
3125 3927 3182 3964 τε
3217 3911 3365 3978 κοινῇ
3393 3911 3588 3980 χρήσει
3606 3909 3697 3960 καὶ

2125 4005 2191 4073 τῇ
2215 4001 2530 4072 διδασκαλία
2558 4001 2651 4054 τοῦ
2683 4001 3026 4073 Πνεύματοςς
3057 4002 3246 4054 Καίτοι
3269 4001 3394 4053 ὅταν
3427 4001 3523 4069 μὲν
3543 3999 3696 4052 ἀκού-

2129 4113 2306 4166 σωμεν
2340 4096 2467 4166 περὶ⁴
2501 4095 2592 4148 τοῦ
2635 4095 2792 4157 Θεοῦ,
2824 4097 2906 4150 ὅτι
2945 4095 3123 4148 πάντα
3163 4096 3220 4147 ὲν
3260 4093 3420 4164 σοφία
3451 4094 3693 4161 ἐποίησε,

2125 4188 2225 4259 τὴν
2276 4188 2668 4260 δημιουργικὴν
2699 4189 2896 4259 τέχνην
2927 4187 3091 4240 αὐτοῦ
3136 4186 3498 4256 διδασκόμεθα
3520 4204 3534 4216 ο
3572 4187 3694 4238 ὅταν

2126 4279 2204 4342 δὲ,
2238 4283 2320 4334 ὅτι
2362 4279 2564 4346 ἀνοίγει
2606 4279 2706 4349 τὴν
2746 4281 2903 4349 χεῖρα
2943 4276 3131 4338 αὐτοῦ,
3163 4277 3256 4330 καὶ
3301 4276 3546 4347 ἐμπιπλᾷ
3591 4279 3694 4329 πᾶν

2129 4370 2266 4434 ζῶον
2322 4370 2569 4434 εὐδοκίας
2603 4370 2737 4438 (51),
2782 4371 2881 4441 τὴν
2921 4370 3006 4422 διὰ
3053 4369 3268 4422 πάντων
3315 4372 3693 4440 κεχωρηκυῖαν

2130 4462 2414 4534 πρόνοιαν·
2447 4462 2572 4514 ὅταν
2604 4461 2680 4520 δὲ,
2713 4461 2792 4513 ὅτι
2844 4462 3050 4514 "Etiam
3092 4462 3309 4526 σκότος
3339 4461 3693 4529 ἀποκρυρὴν

460 4571 634 4619 suam,
663 4566 716 4610 et
747 4556 931 4626 implet
966 4571 1124 4611 omne
1162 4555 1359 4612 animal
1388 4555 1724 4625 beneplacito
1739 4555 1806 4618 “,
1841 4554 2018 4610 Provi-

2129 4556 2335 4617 αὑτοῦ,
2378 4555 2438 4608 τὸ
2474 4555 2702 4626 ἀόρατον
2742 4554 2839 4625 τῆς
2867 4553 3032 4608 αὐτοῦ
3072 4552 3284 4622 φύσεως
3311 4552 3686 4623 παιδευόμεθα.

460 4643 695 4701 dentiam
715 4646 893 4699 omnia
921 4645 1263 4702 invadentem
1288 4645 1580 4700 discimus:
1605 4645 1820 4715 quando
1848 4657 2026 4704 autem

533 4846 576 4876 ⁸³
607 4844 749 4901 Psal.
773 4863 886 4910 cm.
923 4847 1012 4902 24.
1091 4848 1135 4879 ⁸³
1161 4847 1302 4903 Psal.
1332 4862 1524 4913 CXLIV,
1555 4845 1640 4900 16.

536 5015 648 5087 (46)
685 5013 815 5081 Reg.
843 5024 1066 5089 quartus
1093 5020 1158 5087 τῇ
1185 5017 1342 5089 οὐσίᾳ
1372 5017 1464 5071 τοῦ
1487 5017 1622 5071 Θεοῦ
1651 5016 1941 5089 τιθέμενοι,
1986 5019 2032 5071 si

462 5086 892 5156 ingenituramjn
923 5086 1155 5138 essentid
1178 5087 1270 5140 Dei
1306 5086 1650 5142 conuiuium.
1691 5086 1800 5144 Hoc
1845 5099 1951 5146 est.
1982 5089 2028 5142 si

463 5153 790 5216 contendant.
828 5153 918 5229 Ilei
955 5164 1198 5229 naturam
1232 5159 1285 5229 in
1309 5174 1372 5211 eo
1400 5160 1559 5212 sitam
1619 5175 1760 5218 esse.
1787 5167 1844 5212 ut
1871 5173 2031 5229 gene-

464 5231 572 5285 rari
601 5244 704 5282 non
734 5225 918 5300 possit.
955 5223 1104 5300 illud,
1130 5228 1386 5283 κατὰ.τόν
1407 5231 1606 5300 εὐσεϐῆ
1641 5223 2030 5300 τρόπον,ἶιιιοι1

466 5316 588 5354 mox
619 5295 884 5369 sequitur,
919 5295 1239 5369 videtursic
1260 5302 1428 5367 act-ini
1463 5295 1707 5354 debe're':
1728 5302 1887 5369 juxta
1905 5295 2030 5352 ἠιθ-

463 5376 588 5422 dum
629 5366 717 5438 qui
766 5366 1030 5420 Eunomia
1063 5367 1269 5435 quidem
1305 5366 1512 5423 videtur
1557 5373 1675 5438 pius
1715 5366 1825 5424 esse
1859 5414 1872 5436 ,
1940 5369 2030 5423 sed

464 5458 566 5493 non
597 5450 692 5492 est.

537 5510 645 5576 (Π)
673 5509 833 5564 Κατὰ
860 5509 969 5563 τόν
999 5508 1222 5577 εὐσεϐῆ
1253 5511 1495 5577 τρόπον.
1531 5509 1625 5564 llis
1665 5510 1842 5564 verbis
1878 5510 2034 5564 inter-

463 5580 577 5649 ligit
630 5581 859 5634 Basilius
891 5581 1220 5634 catholicum
1257 5597 1474 5633 sensum
1525 5581 1814 5635 Marcionis
1848 5580 2031 5636 sensui

459 5653 782 5717 oppositum.
822 5650 1035 5706 MARAN.

533 5721 644 5792 (48)
676 5722 901 5776 Codices
953 5723 1157 5791 aliquot
1189 5717 1282 5786 οὖν
1311 5721 1376 5774 ἂν
1401 5721 1584 5775 αὐτόν.
1621 5719 1820 5774 Vocula
1872 5721 1936 5775 ἄν
1961 5722 2029 5777 ab

534 5791 622 5842 itis
652 5791 858 5844 aberat.

461 5791 622 5844 editis
652 5791 858 5844 aberat.

535 5861 642 5929 (l9)
701 5861 920 5928 Antiqui
976 5862 1079 5917 duo
1144 5862 1261 5918 libri
1321 5865 1518 5931 λέγειν,
1559 5863 1616 5917 τὸ
1680 5861 2033 5930 προνοητικὸν

2134 4649 2304 4703 Πάλιν
2336 4648 2392 4702 δὲ
2419 4647 2480 4701 τό
2527 4649 2591 4700 ὲκ
2631 4645 2925 4716 προσώπου
2952 4646 3043 4704 τοῦ
3077 4645 3210 4699 Θεοῦ
3244 4645 3530 4716 λεγόμενον
3563 4645 3687 4715 (52),

2138 5015 2300 5069 πάλιν
2332 5013 2516 5068 οὐσίαν
2538 5029 2550 5044 θ
2587 5011 2649 5064 τὸ
2677 5008 3083 5080 προγνωστικὸν
3111 5007 3388 5080 ᾡσαύτως.
3413 5004 3690 5080 Aliquanto

2138 5029 2300 5069 παλιν
2332 5029 2516 5068 οὐσίαν
2538 5029 2550 5044 ’
2587 5029 2649 5064 το
2677 5030 2718 5064 π
2755 5029 3083 5080 ογνωστικον
3111 5029 3388 5071 ωσαυτως.
3413 5029 3690 5072 [\llqlmnlo

2138 5098 2258 5154 post
2308 5086 2436 5141 editi
2487 5083 2577 5136 τὸν
2621 5029 2781 5135 αὐτὲν
2815 5082 3065 5152 λέγομεν.
3096 5079 3321 5134 Codices
3345 5077 3495 5131 multi
3528 5077 3690 5130 λέυω-

2181 5173 2260 5210 εν.

2141 5174 2323 5294 μεῖέο)
2372 5224 2510 5279 Editi
2566 5238 2685 5276 cum
2725 5221 3058 5294 causam;
3117 5219 3178 5274 τδ
3212 5217 3556 5290 δημιουργόν,
3596 5216 3688 5270 Am

2136 5293 2526 5375 quatuornmss.
2553 5293 2964 5375 δημιουργικόν.

2210 5367 2332 5438 (51)
2365 5364 2516 5438 Vulg.
2574 5358 2637 5417 Et
2671 5358 2845 5432 implet
2888 5377 3036 5438 omne
3081 5359 3279 5438 animo!
3323 5358 3686 5438 bgnedictione.

2143 5429 2417 5505 Su‘spicari
2471 5436 2700 5489 fortasse
2744 5429 2955 5505 poterit
3008 5431 3298 5501 quispiam,
3351 5429 3687 5500 interpretem

2141 5527 2239 5580 pro
2259 5501 2518 5580 ἐὐδοκίας
2559 5501 3040 5580 Ιςείεεεεύλογίοις.

2210 5579 2322 5645 (52)
2354 5567 2530 5629 Editio
2585 5567 2754 5628 Pus-ris.
2786 5567 2948 5627 πάλιν
2979 5572 3034 5625 δὲ
3076 5569 3184 5645 διὰΔ
3208 5570 3271 5645 τὸ
3312 5573 3376 5645 ex
3401 5567 3687 5645 Δἰ-τροειίἶιιιιιῐιιυ

2140 5651 2232 5705 τοῦ
2264 5639 2396 5702 Θεοῦ
2446 5645 2760 5715 λεγόμενον.
2819 5645 2924 5698 Sed
2961 5642 3271 5715 praepositio
3333 5641 3422 5715 διά
3480 5656 3579 5715 nee
3641 5639 3684 5690 in

2140 5722 2376 5774 editione
2411 5710 2544 5770 Ven.
2580 5710 2692 5767 'nec
2752 5715 2802 5768 itt
2845 5710 3047 5768 nostris
3079 5711 3355 5764 codicibus
3407 5710 3685 5763 invenitur.

2141 5792 2337 5857 Quare-
2365 5788 2520 5858 facile
2548 5784 2878 5858 crediderim
2912 5784 3146 5838 additam
3183 5797 3300 5858 eam
3347 5781 3684 5858 fuissejuty-

2144 5848 2433 5926 doaraphis
2494 5864 2551 5913 ut
2617 5871 2809 5911 sensus
2867 5855 3072 5921 integer
3121 5852 3456 5907 redderetur.
3520 5848 3683 5904 Editio
