3978 6410
513 394 610 452 531

1820 393 1876 449 8.
1925 393 2164 448 BASlLll
2203 392 2413 448 MAGNI

3642 399 3742 451 553

586 512 640 565 9.
679 509 864 575 Qualia
901 524 1028 563 vero
1073 508 1180 564 sint
1221 523 1339 578 quae
1377 518 1692 578 sequuntur,
1733 513 2064 581 perpendite.

2168 480 2170 486 ν
2241 513 2294 566 9.
2333 512 2465 564 Τίνα
2488 511 2542 564 δέ
2588 512 2702 564 ἐστι
2737 511 2801 566 τὰ
2838 510 2964 580 ἑξῆς
3005 509 3097 564 τοῦ
3139 512 3294 578 λόγου
3329 515 3582 565 σκοπεῖτε
3612 514 3740 580 (60y.

518 603 872 670 Posteaquam
914 603 1184 668 ostendit,
1229 613 1286 657 ut
1335 612 1522 672 putat,
1570 603 1684 656 ﬁeri
1722 618 2074 672 nequaquam

515 709 693 764 posse,
731 704 789 748 ut
829 695 1159 764 ingeneratio
1198 697 1520 766 cogitatione
1559 696 1908 765 concipiatur,
1945 695 2074 751 sub-

517 787 593 840 dit
622 805 636 842 :

589 879 720 933 EUN.
764 880 874 933 Nec
906 895 1033 933 vero
1061 881 1352 934 secundum
1383 881 1735 949 privationem
1768 898 1781 933 :
1810 881 2074 950 siquidem

517 969 841 1037 privationes
871 981 992 1022 sunt
1023 971 1343 1039 privatioucs
1365 985 1548 1026 eorum
1568 988 1684 1042 qua:
1706 982 1830 1026 sunt
1859 985 2072 1039 natura,

517 1070 745 1128 suntque
775 1062 1039 1115 habilibus
1067 1063 1411 1131 posteriores.

588 1151 713 1205 Bas.
755 1152 904 1218 Quod
964 1163 1142 1206 autem
1193 1153 1302 1207 luee
1362 1170 1426 1208 ex
1483 1157 1750 1209 mundana
1811 1156 2073 1224 sapientia

518 1244 743 1313 garriat,
785 1259 812 1295 a
841 1258 942 1310 qua
992 1259 1228 1313 praeceps
1283 1255 1458 1306 actus.
1487 1246 1746 1314 ejusmodi
1785 1248 2071 1302 verborum

517 1337 844 1390 novitatibus
876 1336 1110 1388 animum
1167 1337 1384 1405 adjecit,
1431 1339 1805 1393 demonstrare
1844 1341 2070 1394 arduum

516 1441 622 1480 non
655 1423 836 1479 fuerit.
871 1423 1012 1478 Sunt
1054 1427 1194 1478 enim
1229 1426 1534 1481 Aristotelis
1567 1429 1632 1481 de
1668 1429 1846 1481 habitu
1878 1439 1930 1482 et
1959 1432 2071 1498 pri-

515 1517 733 1570 vatione
777 1516 962 1576 verba,
999 1517 1089 1584 qui
1135 1518 1464 1584 posteriores
1511 1519 1781 1573 habilibus
1816 1521 2072 1588 privatio-

519 1622 614 1663 nes
642 1623 765 1662 esse
810 1608 912 1670 ait;
954 1609 1400 1675 quemadmodum
1451 1610 1483 1662 ii
1531 1611 1619 1677 qui
1652 1611 1899 1679 legerunt
1937 1613 1986 1664 itt
2014 1613 2073 1664 li-

516 1699 615 1753 bro
650 1700 740 1768 qui
774 1701 1085 1754 inscribitur
1127 1700 1436 1770 Categoriw,
1470 1714 1691 1769 possunt
1719 1704 1928 1757 testari.
1965 1703 2072 1758 No-

515 1791 599 1844 bis
637 1801 812 1846 autem
861 1793 993 1847 satis
1042 1802 1158 1846 erat
1201 1795 1522 1854 ostendisse,
1555 1810 1658 1848 non
1713 1810 1777 1848 ex
1820 1796 2064 1850 doctrina

2177 603 2385 668 Δείξας,
2420 603 2494 664 ὡς
2517 603 2704 662 οἴεται,
2739 604 2817 656 ὅτι
2853 603 3107 656 ἀδύνατόν
3139 605 3281 655 ἐστιν
3315 604 3532 676 ἐπινοίᾳ
3564 604 3743 658 λαϐεῖν

2173 695 2233 746 τὸ
2262 695 2572 765 ἀγέννητον,
2599 694 2814 763 ἐπάγει·

2247 876 2407 931 ΕΥΝ.
2456 875 2616 929 Ἀλλὰ
2660 877 2764 946 μὴν
2799 875 2917 928 οὐδὲ
2959 875 3096 928 κατὰ
3133 876 3412 946 στέρησινο
3449 877 3504 928 ετ
3537 894 3604 944 γε
3643 877 3744 929 τῶν

2176 969 2314 1023 κατὰ
2361 970 2519 1039 φύσιν
2566 971 2622 1021 αξ
2668 970 2949 1039 στερήσεις
2986 969 3093 1020 εἰσὶ
3141 970 3457 1036 στερήσεις,
3503 969 3601 1019 καὶ
3641 969 3742 1020 τῶν

2173 1057 2337 1124 ἓξεων
2369 1059 2421 1110 δε
2431 1058 2635 1128 ύτεραι.

2245 1150 2392 1202 ΒΑΣ.
2437 1149 2624 1202 Ταῦτα
2672 1149 2748 1212 δὲ,
2797 1150 2875 1202 ὅτι
2923 1151 2986 1202 ἐκ
3036 1152 3134 1219 τῆς
3179 1140 3271 1201 τοῦ
3311 1150 3519 1220 κόσμου
3556 1151 3744 1215 (regia;

2172 1242 2467 1314 περιλαλεῖ,
2526 1243 2614 1310 ὑφ’
2665 1237 2732 1313 ἦς
2784 1241 3246 1312 ἐκτραχηλισθεὶς,
3293 1244 3412 1303 ταῖς
3465 1244 3740 1304 τοιαύταις

2170 1333 2278 1386 τῶν
2307 1334 2478 1398 λόγων
2507 1333 2728 1386 ἐπέθετο
2757 1332 3146 1403 καινοτομίαις,
3178 1335 3236 1385 οὐ
3277 1334 3510 1403 χαλεπὸν
3541 1335 3740 1385 ἑπιδείο

2172 1425 2279 1492 ξαι.
2319 1425 2718 1496 Ἀριστοτέλους
2752 1426 2857 1496 γάρ
2879 1426 3047 1488 εἰσιν,
3082 1425 3155 1488 ὡς
3183 1427 3230 1477 οἱ
3261 1425 3634 1492 ἀνεγνωκότες
3670 1426 3739 1476 εἷ-

2172 1535 2320 1570 ποιεν
2343 1517 2427 1578 ἂν,
2444 1521 2499 1569 ἐν
2520 1520 2636 1580 ταῖς
2658 1516 3120 1589 ἐπιγραφομέναις
3137 1517 3298 1569 αὐτοῦ
3323 1518 3736 1584 Κατηγερίαις,

2169 1611 2215 1661 oi
2259 1609 2384 1678 περὶ
2426 1609 2589 1674 ﬁeri);
2628 1610 2720 1661 καὶ
2766 1611 3069 1679 στερήσεως
3095 1608 3259 1676 λόγοι,
3302 1607 3562 1676 δευτέρας
3605 1606 3736 1660 εἶναι

2168 1702 2416 1770 λέγοντος
2441 1701 2547 1769 τῶν
2578 1701 2739 1766 ἕξεων
2771 1701 2867 1763 τὰς
2896 1701 3193 1772 στερήσεις.
3230 1701 3390 1769 Ἡμῖν
3426 1699 3485 1751 δὲ
3518 1701 3735 1770 ἐξήρκει

2167 1795 2401 1862 δείξασιν
2427 1794 2584 1846 αὐτὸν
2617 1794 2714 1845 οὐκ
2756 1793 2818 1845 ὲκ
2851 1792 2945 1862 τῆς
2985 1790 3324 1852 διδασκαλίας
3355 1789 3448 1842 τεῦ
3485 1791 3734 1858 Πνεῦμα-

517 1881 768 1950 Spiritus,
801 1883 891 1937 sed
937 1899 1000 1936 ex
1044 1885 1306 1952 sapientia
1345 1885 1646 1953 principum
1699 1886 1854 1955 hujus
1888 1888 2064 1941 saeculi

2169 1905 2280 1951 τοςν
2318 1885 2429 1938 ἀλλ’
2464 1887 2526 1936 ἐκ
2569 1883 2668 1952 τῆς
2711 1882 2898 1950 σοφίας
2942 1881 3048 1933 τῶν
3085 1882 3360 1952 ἀρχόντων
3407 1880 3501 1932 τοῦ
3546 1881 3735 1942 αἰῶνος

516 1973 628 2026 ltmc
653 1989 773 2026 eum
806 1975 1004 2040 dicere,
1031 1992 1094 2030 ac
1127 1976 1254 2028 illud
1290 1977 1476 2045 psalmi
1504 1977 1556 2030 in
1585 1979 1756 2046 ipsum
1784 1979 2025 2047 proferre
2051 1997 2064 2032 :

518 2062 878 2118 Narraverunt
902 2067 1028 2118 milii
1063 2067 1226 2132 iniqui
1255 2067 1628 2135 fubulationes,
1652 2070 1742 2121 sed
1766 2086 1867 2122 non
1905 2079 1957 2121 ut
1986 2069 2069 2124 lex

516 2164 628 2219 tua,
663 2155 881 2208 Domine
899 2157 962 2212 “.
1000 2157 1062 2208 Et
1104 2159 1357 2226 quoniam
1411 2159 1810 2224 didiceramus,
1855 2176 1961 2213 non
2001 2177 2067 2215 ex

514 2246 753 2299 doctrina
799 2248 1002 2300 Domini
1041 2250 1211 2302 nostri
1249 2249 1375 2304 Jesu
1413 2251 1612 2304 Christi
1663 2267 1782 2305 esse
1835 2269 1953 2320 qua:
1988 2254 2068 2307 di-

453 2316 462 2326 ’
513 2347 729 2398 cuntur,
764 2342 895 2392 satis
941 2338 1266 2394 habebamus
1314 2342 1460 2395 vocis
1495 2343 1660 2408 ipsius
1713 2345 2063 2398 meminisse:

514 2427 642 2480 Cum
695 2429 923 2498 loquitur
973 2434 1323 2498 mendacium,
1362 2451 1425 2487 ex
1459 2436 1684 2503 prOpriis
1725 2436 1957 2506 loquitur
1977 2439 2065 2493 ⁸⁷2

511 2529 674 2587 atque
710 2521 809 2573 hoc
850 2535 1005 2588 paeto
1053 2523 1343 2590 longiorem
1394 2540 1696 2580 sermonem
1728 2530 2066 2584 contrahere.

511 2609 718 2679 Quippe
755 2612 877 2666 hinc
919 2613 1044 2665 illttd
1077 2616 1326 2668 onmibus
1353 2618 1703 2686 conspicuum
1729 2617 2066 2684 fecissemus,

510 2706 652 2768 quod
700 2702 831 2754 nihil
878 2704 1007 2770 ipsis
1048 2706 1327 2760 nobiscum
1379 2709 1446 2758 sit
1494 2725 1802 2762 commune.
1858 2711 2066 2764 Etenim

508 2809 624 2860 qua:
654 2797 929 2848 concordia
953 2795 1158 2849 Christo
1193 2815 1306 2850 cum
1331 2799 1546 2854 Belial?
1571 2811 1661 2854 aut
1691 2819 1806 2871 qua:
1838 2821 1960 2870 pars
1997 2804 2066 2871 ﬁ-

509 2886 612 2938 deli
657 2903 772 2938 cum
813 2887 1105 2954 inﬁdeli“?
1141 2889 1331 2943 Verum
1380 2908 1446 2944 ne
1480 2895 1756 2946 videamur
1786 2894 1854 2947 ob
1890 2895 2069 2948 redar-

509 2979 786 3048 gutionum
829 2979 1062 3048 in0piam
1098 2983 1161 3033 ad
1195 2983 1466 3036 silentium
1503 2985 1818 3054 confugere,
1849 2999 1966 3051 age,
2003 2985 2068 3038 de

509 3071 576 3123 iis
606 3071 767 3126 etiam
805 3087 971 3139 pauca
1017 3073 1369 3127 disseramus.
1419 3073 1584 3129 Multa
1625 3092 1811 3130 eorum
1844 3093 1962 3146 qua:
2001 3077 2065 3132 de

508 3160 617 3215 Deo
650 3162 921 3227 dicuntur,
952 3179 983 3216 ο
1008 3165 1254 3228 Eunomi,
1291 3167 1449 3219 simili
1497 3167 1664 3221 forma
1695 3168 1872 3222 ell‘erri
1916 3169 2063 3223 vide-

509 3268 648 3313 mus,
679 3264 736 3305 ut
766 3264 890 3322 puta
917 3255 1355 3324 incorruptibilis,
1383 3259 1719 3324 immortalis,
1752 3259 2055 3313 invisibilis.

507 3341 624 3396 Jam
657 3360 780 3398 vero
808 3355 860 3400 et
897 3347 1034 3399 hanc
1073 3363 1252 3401 vocem
1289 3352 1547 3415 ingenitus
1604 3353 1786 3405 fortine
1816 3353 2054 3420 ejusdem

507 3453 630 3491 esse
676 3439 939 3494 ducimus.
979 3441 1128 3506 Quod
1171 3442 1214 3494 si
1259 3443 1491 3511 quipiam
1515 3459 1577 3498 ea
1606 3459 1722 3513 (IlILB
1755 3454 1880 3496 sunt
1919 3443 2058 3512 ejus-

507 3527 674 3594 modi,
721 3531 999 3584 nominant
1058 3532 1341 3600 privativa,
1398 3534 1527 3587 nihil
1585 3537 1650 3587 ad
1701 3550 1818 3588 nos.
1872 3535 2058 3603 Neque

507 3619 648 3672 enim
705 3620 930 3674 artiﬁcia
972 3623 1219 3676 novimus
1272 3624 1578 3688 verborum,
1619 3640 1800 3693 neque
1845 3640 1936 3678 eos
1967 3625 2056 3694 qui

508 3721 774 3764 noverunt
817 3711 1110 3770 imitamur.
1166 3713 1360 3769 Verum
1425 3716 1790 3784 cujuscunque
1848 3717 2059 3769 tandem

507 3803 722 3872 generis
754 3805 1131 3860 existimentur
1170 3823 1290 3861 esse
1315 3823 1470 3861 voces
1502 3808 1739 3875 reliquae,
1776 3823 1908 3876 quas
1929 3823 2062 3861 enu-

509 3896 871 3950 meravimus:
906 3897 1142 3963 ejusdem
1184 3900 1395 3967 generis
1441 3913 1559 3952 esse
1610 3909 1663 3952 et
1723 3899 1934 3966 ingeniti
1969 3914 2063 3966 ap-

509 3985 848 4054 pellationem
897 3991 1090 4043 dicturi
1139 4005 1344 4044 sumus.
1401 3990 1857 4056 Quemadmodum
1899 3990 2061 4058 igitur

508 4075 913 4146 iucorruptibile
958 4081 1225 4150 signiﬁcat
1266 4097 1370 4135 non
1439 4083 1614 4135 inesse
1662 4082 2058 4150 corruptionem

585 4232 786 4288 “l’sal.
827 4249 1015 4300 cxvttt,
1040 4233 1127 4288 85.
1162 4212 1169 4219 ’
1205 4235 1246 4266 ⁸⁷
1278 4234 1433 4289 Joau.
1465 4252 1580 4300 vitt,
1612 4237 1703 4291 44.

508 4392 621 4454 illa,
654 4392 1010 4459 indivisibilis,
1062 4395 1500 4462 incorruptibilis,
1533 4395 1892 4457 immutabilis,
1928 4407 2056 4461 ctc.,

511 4462 670 4534 tribui
729 4465 836 4518 Deo
879 4479 1038 4531 posse
1088 4468 1382 4518 secundum
1440 4477 1676 4518 nostram
1725 4467 2056 4534 concipiendi

2167 1977 2353 2030 τούτου
2411 1972 2694 2036 λαλοῦντα,
2736 1972 2796 2024 ab
2826 1971 2917 2024 τοῦ
2966 1971 3178 2041 ψαλμοῦ
3226 1971 3360 2041 πρὸς
3401 1971 3564 2022 αὐτὸν
3621 1974 3736 2023 ἐπι·-

2167 2068 2523 2137 φθέγξασθαι,
2551 2069 2631 2120 ὅτι
2654 2064 3024 2134 Διηγὴσαντό
3047 2083 3146 2132 μοι
3172 2078 3280 2130 παδς
3293 2064 3501 2133 ιίνομοι
3526 2064 3736 2116 ἅδε-,ιε-

2166 2161 2365 2228 σχίας,
2394 2161 2512 2213 ἀλλ
2531 2161 2543 2178 ‘
2574 2162 2683 2226 οὐχ
2716 2159 2794 2222 ὡς
2819 2161 2849 2210 ό
2871 2158 3052 2225 νόμος
3085 2172 3221 2219 σου,
3250 2159 3420 2223 Κύριε
3440 2173 3454 2185 ·
3493 2157 3589 2208 καὶ
3640 2175 3740 2226 μα⁶

2168 2252 2376 2314 θόντας,
2413 2253 2494 2304 ὅτι
2520 2251 2618 2303 οὐκ
2651 2253 2713 2302 ἐκ
2749 2249 2852 2300 τῶν
2876 2248 3216 2318 διδαγμάτων
3262 2248 3370 2315 (6|)
3408 2250 3502 2300 τεῦ
3533 2249 3736 2320 Κυρίου

2167 2343 2323 2415 ἡμῶν
2361 2341 2536 2412 Ἰησοῦ
2572 2340 2804 2409 Χριστοῦ
2837 2343 2949 2393 ἐστι
2991 2340 3054 2392 τὰ
3093 2341 3387 2410 λεγόμενα,
3428 2341 3528 2410 τῆς
3571 2339 3737 2392 αὑτοῦ

2167 2435 2349 2506 φωνῆς
2396 2433 2827 2504 ὑπομνησθῆναι,
2877 2433 2956 2484 ὅτι
2988 2433 3172 2484 Ὅταν
3194 2430 3353 2499 λαλῇ
3387 2431 3451 2484 τὸ
3487 2432 3735 2498 ψεῦδος,

2164 2529 2232 2580 ἐκ
2255 2527 2370 2580 τῶν
2401 2526 2566 2579 ἰδίων
2587 2524 2786 2578 λαλεῐ’
2820 2524 2913 2576 καὶ
2940 2522 3110 2594 τούτῳ
3137 2522 3213 2592 τῷ
3240 2523 3424 2591 τρόπῳ
3450 2525 3578 2586 τοὺς
3613 2523 3738 2574 πολ-

2164 2621 2286 2684 λοὺς
2332 2619 2438 2672 τῶν
2484 2617 2654 2686 λόγων
2706 2619 2915 2678 ἑαυτοῖς
2961 2618 3276 2685 συντεμεῖν,
3313 2615 3564 2667 ἐντεῦθεν
3606 2618 3737 2668 πᾶσι

2164 2713 2472 2782 καταφανὲς
2504 2713 2848 2782 ποιήσαντας,
2874 2711 2955 2762 δτι
2974 2709 3197 2780 οὐδεμία
3224 2711 3350 2778 ἡμῖν
3375 2710 3511 2779 πρὸς
3543 2710 3735 2771 αὐτοὺς

2165 2806 2434 2861 κοινωνία.
2476 2806 2570 2870 Τίς
2602 2803 2710 2872 γὰρ
2745 2803 3137 2871 συμφώνησις
3163 2799 3392 2868 Χριστῷ
3434 2801 3587 2866 πρὸς
3635 2804 3735 2853 Βε-

2163 2899 2298 2964 λίαρ
2318 2897 2388 2963 ;ἣ
2420 2896 2509 2960 τίς
2531 2895 2700 2964 μερὶς
2726 2892 2918 2957 πιστῴ
2937 2893 3086 2962 μετὰ
3113 2893 3408 2953 ἀπίστου;
3433 2891 3549 2943 ἰνα
3571 2891 3629 2943 δὲ
3665 2893 3734 2962 μὴ

2163 2989 2400 3059 δόξωμεν
2428 2987 2748 3057 διὀἀπορίαν
2777 2985 3014 3053 ἐλέγχων
3049 2985 3128 3046 εἰς
3175 2983 3270 3053 τὴν
3308 2982 3516 3052 σιωπὴν
3564 3000 3730 3034 κατα-

2165 3080 2404 3148 φεύγειν,
2441 3078 2592 3149 φέρε,
2621 3076 2713 3128 καὶ
2744 3076 2868 3145 περὶ
2892 3073 3090 3126 τούτων
3113 3072 3315 3143 βραχέα
3340 3071 3727 3142 διαλεχθῶμεν.

2165 3165 2361 3227 Πολλὰ,
2395 3159 2438 3217 ὦ
2472 3163 2719 3233 Εὑνόμιε,
2749 3162 2854 3215 τῶν
2897 3163 3022 3232 περὶ
3054 3161 3188 3214 Θεοῦ
3237 3161 3544 3231 λεγομένων
3590 3163 3730 3214 κατὰ

2162 3258 2251 3311 τὸν
2284 3259 2464 3327 ὅμοιον
2494 3256 2706 3327 ὁρῶμεν
2730 3255 3067 3325 ἐκφερόμενα
3097 3253 3283 3317 τύπον,
3318 3248 3425 3306 οἷον
3465 3254 3492 3304 ὁ
3524 3254 3730 3324 ἄφθαρ-

2161 3367 2271 3413 τος,
2305 3352 2332 3402 ό
2364 3349 2645 3410 ἀθάνατος,
2675 3349 2703 3400 ό
2733 3347 2979 3418 ἀόρατος.
3024 3346 3128 3398 Τοῦ
3163 3346 3217 3398 δὲ
3249 3344 3411 3398 αὐτοῦ
3446 3346 3619 3400 τόπου
3654 3365 3729 3398 τι·
3751 3391 3772 3414 ,

2163 3441 2368 3510 θέμεθα
2406 3435 2540 3492 εἶναι
2567 3441 2657 3492 καὶ
2690 3438 2768 3502 τὸ,
2793 3438 3132 3507 ἁγέννητος.
3178 3439 3239 3490 Εἰ
3285 3438 3380 3508 μὲν
3418 3436 3511 3490 οὖν
3546 3456 3729 3508 στερη-

2163 3533 2286 3588 τικά
2327 3550 2469 3597 τινες
2512 3532 2828 3602 ὀνομάζουσι
2881 3530 2948 3582 τὰ
2978 3530 3197 3583 τοιαῦτα
3218 3571 3231 3592 ,
3263 3531 3322 3582 οὐ
3357 3531 3491 3601 πρὸς
3524 3534 3673 3601 ἡμᾶς
3701 3534 3729 3584 ὁ

2159 3624 2336 3691 λόγος.
2371 3623 2504 3675 Οὔτε
2535 3624 2638 3693 γὰρ
2671 3625 2826 3693 ἴσμεν
2848 3622 3185 3692 τεχνολογίας
3209 3622 3423 3688 λέξεων.
3456 3623 3580 3676 οὔτε
3605 3627 3727 3686 τοὺς

2162 3716 2365 3777 εἰδότας
2395 3715 2680 3785 ζηλοῦμεν.
2719 3715 2863 3786 Πλὴν
2895 3733 2955 3783 γε
2990 3714 3051 3786 δὴ
3089 3716 3168 3768 ὅτι
3203 3711 3370 3786 οὗπερ
3401 3716 3466 3768 ἂν
3498 3716 3725 3769 τεθῶσιν

2163 3809 2217 3860 αἱ
2267 3808 2450 3860 λοιπαὶ
2497 3809 2668 3876 φωναὶ
2706 3807 2770 3870 ἃς
2822 3808 3360 3879 ἁπηριθμησάμεθα,
3415 3808 3505 3861 τοῦ
3562 3809 3723 3862 αὑτοῦ

2163 3894 2302 3951 εἶναι
2329 3900 2570 3968 φήσομεν
2597 3900 2688 3952 καὶ
2711 3900 2806 3970 τὴν
2822 3900 2935 3962 τοῦ,
2957 3899 3304 3968 ἀγεννήτων,
3330 3903 3721 3970 προσηγορίαν.

2174 3988 2262 4049 Ὠς
2288 3990 2464 4040 τοίνυν
2486 3989 2542 4040 τὸ
2567 3989 2838 4058 ἄφθαρτον
2859 3990 2917 4041 τὸ
2944 3992 3016 4060 μὴ
3041 3994 3319 4061 προσεῖναι
3345 3991 3421 4059 τῷ
3449 3992 3569 4062 Θεῷ
3601 3992 3725 4060 φθο-

2165 4082 2263 4154 ρὰν
2296 4082 2586 4153 σημαίνει·
2617 4081 2709 4134 καὶ
2741 4082 2801 4134 τὸ
2825 4082 3049 4154 ἀόρατον
3084 4084 3142 4136 τὸ
3171 4084 3518 4154 ὑπερϐαίνειν
3566 4085 3724 4138 αὑτὸν

1779 4237 1824 4267 ⁸⁸
1846 4237 1886 4290 ll
1916 4236 2119 4303 Cor.vt,
2156 4237 2240 4294 15.

2167 4403 2392 4457 scivisse
2433 4412 2609 4456 utrum
2659 4403 2809 4472 seligi
2855 4403 3114 4465 deberet,
3144 4404 3213 4456 oh
3253 4403 3411 4471 idque
3441 4415 3723 4474 utramque

2166 4488 2352 4544 vocem
2384 4476 2648 4540 posuisse.
2677 4484 2734 4526 ut
2771 4490 2865 4539 pro
2896 4491 2993 4526 suo
3021 4478 3246 4541 quisque
3274 4477 3536 4528 arbitratu
3581 4478 3720 4544 lege-

509 4533 1017 4611 ratinnem._Atq_tte,
1051 4544 1107 4586 ut
1139 4536 1380 4611 Ettttomii
1405 4537 1585 4611 verbis
1610 4546 1748 4611 utar,
1781 4533 2060 4611 recusabat

2168 4553 2266 4597 rel.
2293 4533 2590 4596 Redeatttus
2637 4545 2700 4596 ad
2746 4533 3084 4600 Euumniutn.
3113 4533 3265 4611 cujus
3297 4555 3402 4596 Iota
3439 4533 3723 4598 ratiocina-

508 4601 669 4654 homo
698 4603 888 4669 impius
909 4601 1163 4657 decorare
1197 4605 1357 4657 Deum
1390 4623 1483 4671 per
1513 4606 1724 4673 ingeniti
1753 4607 2062 4673 appellatio-

509 4686 629 4723 nem
668 4687 730 4724 ex
765 4674 998 4726 humano
1029 4674 1297 4742 cogitandi
1335 4677 1525 4737 modo;
1561 4686 1612 4726 at
1642 4691 1744 4727 non
1782 4680 2066 4735 recusabat

508 4755 629 4815 eum
653 4743 907 4815 decorare
933 4759 996 4815 ex
1029 4754 1215 4815 nostra
1242 4747 1573 4811 enticipiendi
1603 4746 1809 4815 ratione
1843 4763 1937 4814 per
1967 4763 2063 4815 ap-

508 4809 847 4884 pellationem
875 4813 1231 4875 indivisibilis,
1256 4809 1612 4875 immutabilis,
1639 4825 1742 4868 etc.
1773 4809 2063 4884 Ex'quibus

508 4880 720 4956 planum
754 4891 833 4933 est
870 4891 928 4956 et
976 4897 1335 4956 compertum,
1371 4886 1685 4950 particulam
1733 4887 1804 4956 μή
1847 4880 2064 4945 minime

508 4950 829 5016 redundare,
870 4953 974 5004 imo
1009 4968 1138 5005 vero
1171 4955 1402 5007 maxime
1444 4950 1804 5008 necessariam
1831 4973 1972 5018 esse,
2008 4971 2064 5013 ιιι

508 5020 774 5094 possimus
828 5021 905 5073 sic
963 5025 1351 5089 interpretari:
1404 5026 1458 5077 in
1513 5029 1711 5078 cwteris
1759 5043 1875 5080 vero
1907 5046 2063 5094 quam

505 5090 742 5165 plurimis
764 5106 879 5144 eum
912 5108 1015 5165 non
1052 5104 1245 5145 recuset
1278 5094 1522 5147 Immanis
1547 5097 1866 5165 intelligendi
1896 5090 2064 5152 modis

505 5161 786 5234 decorare;
814 5177 917 5230 qua
956 5163 1396 5234 interpretatione
1420 5181 1567 5218 mens
1589 5161 1834 5218 Eunomii
1863 5170 2064 5234 optime

504 5230 849 5296 exprimitur,
887 5233 998 5297 qui,
1033 5241 1088 5282 ut
1110 5234 1361 5295 diximus,
1391 5251 1581 5288 nomen
1609 5252 1768 5288 unum
1803 5230 1939 5291 Filio
1969 5241 2065 5292 tri-

506 5299 771 5372 buereita
812 5301 1114 5363 recusabat,
1139 5315 1194 5354 ut
1225 5305 1424 5372 reliqua
1460 5306 1508 5358 ei
1543 5309 1670 5360 dare
1705 5323 1808 5359 non
1849 5323 2064 5361 recusa-

505 5380 608 5449 ret.
642 5367 862 5450 Nec-est
915 5367 1360 5450 ιιεωιςνευιιίίυιιῖ
1400 5373 1657 5450 sile_tttio,_
1682 5378 1929 5450 voculam
1963 5382 2060 5450 μή,

506 5450 561 5490 ut
597 5440 648 5492 iit
689 5443 925 5494 editione
958 5441 1271 5503 Parisrensi,
1303 5444 1372 5495 ita
1409 5456 1462 5496 et
1499 5445 1549 5496 itt
1576 5448 1811 5498 editione
1840 5440 1975 5501 Ven:
2010 5440 2063 5502 et

506 5509 557 5583 in
584 5509 732 5583 C_olb.
762 5523 814 5564 et
853 5514 903 5564 iit
948 5510 1128 5580 Regiis
1169 5513 1336 5583 tribus
1371 5515 1649 5567 «radicibus
1704 5519 1944 5583 reperiri.
1999 5519 2062 5572 Et

503 5578 644 5658 illud_
661 5584 948 5658 adnotabo,
973 5578 1068 5648 legi
1105 5584 1154 5635 iu
1188 5581 1318 5658 [ἶβις.
1345 5586 1516 5658 primo
1545 5578 1828 5658 σεμνύνειν
1863 5589 1888 5639 ἐ
1923 5606 2063 5658 παρ-

502 5650 785 5728 αιτεῖσθαι.
815 5652 964 5728 _Puto
999 5666 1175 5728 autern
1221 5653 1247 5704 ὲ
1288 5654 1546 5728 scriptum
1572 5650 1735 5728 fuisse
1770 5673 1865 5723 pro
1890 5659 1942 5728 ἦ,
1965 5650 2060 5721 vel,

503 5728 617 5790 aut,
646 5721 1029 5790 librariutnqne
1062 5724 1300 5776 indicare
1328 5725 1581 5787 voluisse,
1612 5721 1799 5779 horum
1829 5721 2058 5782 duorum

505 5789 788 5842 verborum
833 5792 1058 5846 alterum
1093 5795 1306 5859 quidem
1342 5795 1441 5861 legi
1470 5809 1721 5862 Oportet'e
1751 5815 1763 5849 :
1818 5801 1910 5853 sed
1967 5816 2062 5853 tie-

2169 4614 2242 4666 tio
2277 4628 2340 4665 eo
2367 4613 2574 4665 redibat
2615 4630 2627 4664 :
2682 4613 2997 4680 Quanquam
3032 4613 3199 4668 Filius
3230 4625 3455 4668 vocatur
3484 4617 3721 4668 invisibi-

2163 4684 2250 4742 lis,
2277 4683 2620 4742 immortalis,
2653 4685 3026 4746 immutabilis,
3065 4684 3516 4750 quemadmodum
3544 4696 3597 4740 et
3628 4686 3721 4739 Pa-

2166 4765 2269 4815 ter,
2297 4762 2472 4804 tamen
2508 4753 2646 4804 Dens
2677 4768 2800 4807 vere
2827 4765 2875 4806 et
2903 4771 3119 4823 proprie
3145 4771 3248 4807 non
3287 4767 3389 4807 est.
3424 4756 3549 4810 Hine
3579 4759 3716 4808 enim

2166 4823 2381 4894 nomina
2416 4837 2520 4875 non
2562 4823 2798 4877 alliciunt
2830 4826 2997 4894 ipsam
3033 4836 3275 4877 naturam
3314 4826 3551 4877 divinam
3584 4844 3597 4878 :
3631 4829 3718 4879 sed

2166 4893 2274 4946 Deo
2299 4894 2611 4945 tribuuntur
2641 4909 2708 4948 ex
2755 4895 2988 4948 humano
3019 4896 3351 4961 concipiendi
3390 4897 3568 4949 modo.
3619 4898 3717 4947 Sed

2163 4961 2306 5013 aliud
2341 4977 2532 5034 nomen
2569 4974 2668 5022 est,
2703 4967 2842 5032 quod
2874 4967 2962 5018 Dei
2995 4975 3075 5017 est
3107 4967 3403 5032 proprium,
3431 4967 3572 5034 quod
3597 4968 3718 5020 cha-

2163 5041 2342 5084 racter
2369 5042 2447 5084 est
2478 5033 2799 5096 divinitatis,
2827 5037 2968 5101 quod
3002 5037 3169 5101 ipsam
3201 5033 3459 5088 naturam
3485 5038 3714 5089 divinam

2167 5103 2463 5165 constituit,
2501 5105 2642 5166 quod
2675 5104 2780 5155 Deo
2811 5121 2915 5155 non
2946 5105 3198 5158 tribuitur
3225 5121 3290 5158 ex
3335 5116 3520 5159 nostro
3568 5108 3716 5159 intel-

2154 5171 2360 5236 ligendi
2420 5174 2599 5234 modo,
2633 5188 2687 5226 et
2729 5183 2906 5224 tamen
2970 5175 3019 5225 id
3075 5189 3270 5227 nemen
3323 5192 3424 5228 non
3470 5179 3715 5229 convenit

2162 5241 2320 5313 filio,
2353 5241 2458 5293 imo
2490 5247 2650 5313 etiam
2702 5243 2934 5296 maxime
2982 5254 3272 5312 repugnat;
3329 5260 3392 5298 ex
3429 5261 3534 5313 quo
3569 5250 3626 5298 Iit
3664 5257 3714 5296 ut

2163 5311 2332 5363 Filius
2367 5313 2582 5378 proprie
2614 5311 2753 5366 Deus
2789 5329 2891 5365 non
2923 5313 3011 5368 sit.
3049 5311 3178 5368 Illud
3205 5323 3381 5368 autem
3412 5311 3607 5369 nomen
3639 5327 3713 5368 est

2158 5381 2220 5433 τὸ
2254 5381 2566 5450 ἀγέννητον,
2593 5383 2889 5450 ingenitum.

2234 5450 2602 5523 (607lACodtces
2629 5457 2731 5523 duo
2759 5455 3092 5523 σκοπήσατε.
3128 5454 3324 5507 Ibidem
3359 5456 3486 5509 editi
3530 5456 3711 5521 Δείξας

2162 5522 2290 5591 γάρ.
2322 5521 2519 5592 Vocula
2551 5523 2658 5592 γάρ
2694 5522 2845 5576 deest
2885 5521 2936 5576 in
2965 5524 3218 5576 omnibus
3244 5541 3370 5578 mss.

2237 5592 2348 5659 (61)
2391 5591 2526 5643 Editi
2552 5603 2605 5644 et
2634 5591 2772 5656 Reg.
2806 5594 3024 5660 quintus
3069 5595 3168 5646 οὐκ
3197 5596 3260 5646 ὲκ
3288 5595 3394 5647 τῶν
3427 5593 3584 5646 θείων
3625 5595 3709 5647 καὶ

2163 5661 2430 5730 ἀληθινῶν
2451 5661 2834 5733 νδιδαγμάτων,
2873 5680 2976 5716 non
3003 5679 3065 5716 ea:
3095 5666 3283 5717 divinis
3306 5669 3532 5733 verisque
3557 5667 3633 5715 do.
3655 5684 3708 5714 κ-

2165 5733 2369 5802 mentis.
2401 5731 2501 5782 Alii
2531 5746 2620 5783 sex
2649 5745 2778 5787 mss.
2811 5743 2867 5786 ut
2902 5733 2955 5787 iti
2986 5745 3275 5802 contextu;
3316 5752 3413 5792 nec
3449 5731 3605 5790 aliter
3633 5735 3704 5787 le-

2169 5817 2230 5866 ge
2243 5809 2324 5854 rat
2357 5801 2640 5864 interpres.
