3978 6410
239 421 346 477 5'55

1323 430 1689 486 ADVERSUS
1726 431 2086 490 EUNOMIUM
2129 435 2256 490 [ΑΒ.
2305 434 2343 488 Ι.

3362 445 3468 498 554

236 538 420 593 πᾶσαν
440 554 534 609 την
552 538 640 591 διὰ
667 539 773 591 τῶν
795 539 1084 611 ὀφθαλμῶν
1104 543 1402 612 κατάληψιν
1418 563 1430 574 ·
1462 547 1553 597 καὶ
1573 547 1632 597 τὸ
1659 546 1799 598 ἀσώ-

1925 566 1956 601 n
1993 550 2098 602 Deo
2123 568 2136 602 :
2161 560 2212 602 et
2249 548 2532 616 invisibile,
2570 553 2832 606 excedere
2867 567 2988 606 eum
3032 569 3244 610 onmem
3287 561 3465 612 oculo-

239 647 411 700 ματον
441 630 500 683 τὸ
538 631 610 701 μὴ
645 632 907 702 ὑπάρχειν
953 633 1115 686 αὑτοῦ
1155 637 1317 705 τριχῆ
1369 635 1656 706 διαστατὴν
1706 638 1804 706 τὴν

235 721 427 774 οὐσίαν
450 737 464 751 °
510 721 603 774 καὶ
651 723 712 774 τὸ
741 723 1006 778 ἀθάνατον
1035 727 1094 778 τὸ
1138 728 1403 796 μηδέποτε
1438 729 1678 780 διάλυσιν
1708 729 1804 781 αύ-

232 813 314 882 τῷ
345 816 805 884 προσγενήσεσθαι
825 835 838 848 ο
871 817 1011 870 οὕτω
1031 819 1209 887 φαμὲν
1229 821 1322 873 καὶ
1347 821 1425 884 τὸ,
1453 820 1802 889 ἀγέννητον,

232 903 430 965 δηλοῦν
475 905 537 957 τὸ
567 906 819 976 γέννησιν
852 907 1000 977 αὐτῷ
1034 908 1142 977 (62)
1188 910 1260 980 μὴ
1288 914 1587 981 προσεῖναι.
1617 912 1678 963 ΕΞ
1709 911 1806 981 μὲν

233 992 334 1048 οὖν
377 996 545 1072 μηδὲν
577 997 781 1052 τούτων
833 1002 1145 1071 στερητικὸν
1190 1003 1296 1055 τῶν
1340 1003 1644 1072 ὀνομάτων,
1687 1003 1804 1056 οὐδὲ

234 1087 434 1140 ἐκεῖνο.
489 1088 550 1140 El
589 1088 644 1140 δὲ
687 1090 772 1142 ἐπ’
804 1091 1024 1144 ἐκείνων
1073 1091 1226 1156 δίδως
1271 1094 1330 1146 τὸ
1363 1094 1500 1147 κατὰ
1550 1099 1806 1165 στέρησιν

231 1174 526 1243 λέγεσθαι,
577 1179 668 1230 ἐπὶ
711 1179 808 1249 τῆς
858 1180 949 1232 τοῦ
1009 1182 1300 1252 ἀγεννήτου
1350 1185 1714 1254 προσηγορίας
1743 1186 1806 1238 οὐ

237 1270 564 1337 συγχωρεῖς,
599 1269 742 1331 εἰπὲ,
774 1270 918 1333 τίνος
950 1273 1045 1334 μὲν
1085 1273 1252 1338 ἕξεως
1285 1275 1659 1347 προλαϐούσης
1689 1279 1807 1330 στέ-

240 1374 399 1428 ρησιν
447 1361 696 1430 ὲμφαίνει
734 1361 793 1413 τὸ
841 1362 1143 1433 ἄφθαρτον;
1191 1365 1306 1429 πῶς
1347 1367 1404 1419 δὲ
1447 1370 1567 1437 οὐχ).
1595 1369 1655 1421 τὸ
1697 1369 1808 1422 ἴσον

238 1449 390 1520 αύτῷ
429 1451 646 1504 δύναται
675 1453 735 1505 τὺ
767 1453 875 1524 (65)
926 1455 1245 1526 άγέννητον;
1285 1458 1442 1510 Ἀλλὰ
1482 1462 1610 1531 περὶ
1643 1461 1809 1531 μόνην

237 1541 443 1611 ταύτην
471 1542 566 1614 τὴν
587 1543 728 1608 λέξιν
766 1550 1100 1616 κακοτεχνεῖ,
1135 1548 1266 1600 διότι
1294 1548 1540 1602 ἐντεῦθεν
1571 1551 1718 1622 αὐτῴ
1752 1554 1808 1607 αί

236 1633 486 1704 ἀφορμαὶ
516 1635 614 1704 τῆς
656 1636 910 1699 ἀσεϐείας
943 1640 1226 1709 ἦρτηνται.
1261 1640 1375 1693 Ἵνα
1417 1641 1472 1694 δὲ
1507 1643 1677 1711 σαφὲς
1715 1644 1810 1697 αύ-

235 1725 334 1779 τοῦ
377 1727 439 1780 τὸ
471 1727 754 1798 τέχνασμα
785 1729 1030 1799 γένηται,
1075 1730 1216 1784 οὕτω
1253 1734 1511 1803 ποιήσατε
1535 1749 1546 1762 ·
1585 1735 1676 1798 οὓς
1717 1736 1810 1789 ἐπὶ

234 1818 334 1872 τοῦ
363 1820 658 1890 ἁγεννήτου
707 1821 975 1891 γυμνάσει
1017 1822 1242 1891 λόγους,
1277 1825 1358 1877 ὅτι
1391 1825 1512 1878 οὔτε
1545 1829 1663 1879 κατ’
1687 1829 1806 1880 ἐπί-

237 1999 369 2069 περὶ
407 1999 540 2054 Θεοῦ
570 2000 854 2068 λέγεσθαι,
883 2002 1102 2067 τούτους
1143 2006 1558 2075 μετενεγκόντες
1595 2009 1681 2060 ἐπ’
1715 2009 1808 2062 ἄλ-

236 2090 331 2146 λου
377 2093 521 2155 τινὸς
552 2092 660 2145 τῶν
689 2094 816 2164 περὶ
859 2093 993 2148 Θεοῦ
1024 2095 1360 2166 λεγομένων,
1399 2100 1670 2152 σκοπεῖτε.
1706 2101 1810 2152 Εὐ-

239 2188 434 2255 ρήσετε
459 2186 566 2257 γὰρ
604 2187 816 2256 ἑκάστῳ
851 2188 1093 2258 ἀκριϐῶς
1135 2189 1560 2259 ὲφαρμόζοντας.
1600 2193 1728 2256 Καὶ,
1759 2195 1808 2246 εί

238 2276 494 2344 βούλεσθε
519 2315 533 2339 ,
563 2278 653 2330 ἐπὶ
688 2278 782 2330 τοῦ
821 2279 1097 2349 ἀφθάρτου
1125 2279 1292 2332 ταῦτα
1324 2280 1569 2352 λέγωμεν
1590 2323 1603 2346 ,
1641 2284 1808 2356 αὐτὴν

235 2367 404 2422 αὐτοῦ
448 2368 544 2439 τὴν
575 2368 718 2435 λέξιν
751 2373 1233 2442 μετακομίσαντες.
1277 2373 1586 2443 Ἀφθαρτον
1616 2376 1673 2428 δὲ
1723 2377 1809 2430 λέ-

234 2476 446 2526 γοντες,
477 2460 536 2512 οὺ
574 2462 693 2514 κατ’
727 2462 966 2514 ἐπίνοιαν
1006 2461 1350 2533 ἀνθρωπίνην
1391 2464 1672 2534 σεμνύνειν
1705 2467 1809 2519 οῑό-

238 2550 382 2619 μεθα
421 2551 564 2604 δεῖν’
602 2551 948 2608 ἁποτιννύναι
999 2554 1056 2626 δε
1099 2553 1245 2624 αύτῷ
1293 2555 1351 2608 τὸ
1394 2557 1610 2611 πάντων
1644 2560 1810 2628 ἀναγ-

236 2638 524 2692 καιότατον
548 2640 681 2712 δφλη
692 2658 788 2711 μα,
823 2642 924 2713 τὴν
955 2642 1048 2696 τοῦ
1091 2641 1228 2696 εἶναι
1254 2646 1281 2697 ὃ
1311 2648 1455 2699 ἐστιν
1485 2648 1772 2718 ὁμολογίαν
1794 2669 1807 2682 ·

236 2730 377 2783 ἀλλά
409 2731 515 2803 μὴν
544 2732 662 2785 οὐδὲ
689 2733 832 2786 κατὰ.
868 2733 1122 2806 στέρησιν
1161 2737 1274 2808 (6i)
1300 2756 1314 2769 ·
1348 2725 1406 2791 ἐἴ
1443 2757 1506 2808 γε
1535 2740 1644 2793 τῶν
1671 2744 1811 2795 κατὰ

239 2821 404 2891 φύσιν
433 2826 489 2876 al
537 2826 820 2895 στερήσεις
857 2827 963 2880 εἰσὶ
1011 2830 1290 2899 στερήσεις
1315 2870 1329 2893 ,
1371 2832 1465 2884 καὶ
1507 2833 1613 2886 τῶν
1646 2833 1810 2898 ἕξεων

237 2915 507 2990 δεύτεραι.
540 2917 604 2969 Τί
637 2917 834 2987 μᾶλλον
861 2920 952 2972 ἐπὶ
982 2919 1074 2973 τοῦ
1103 2921 1394 2993 ἀγεννήτου
1421 2925 1616 2994 πρέπει
1638 2928 1809 2980 ταῦτα

237 3004 550 3074 φιλοσοφεῖν
593 3006 624 3077 ἢ
670 3009 762 3060 καὶ
801 3009 891 3061 ἐπὶ
933 3009 1026 3062 τοῦ
1072 3012 1384 3085 ἀφθάρτου,
1435 3017 1530 3068 καὶ
1561 3017 1694 3080 ὅλως
1726 3020 1808 3086 ἐφ’

238 3097 478 3168 ἑκάστης
526 3100 707 3170 φωνῆς
753 3101 850 3170 τῆς
900 3102 1042 3155 κατὰ
1070 3103 1160 3158 τὸν
1185 3105 1344 3157 αὑτὸν
1386 3107 1553 3160 τύπον
1587 3109 1810 3178 ἐκφεροσ-

241 3191 439 3262 μένης;
492 3191 628 3244 Ἀλλ’
673 3192 822 3254 οὐδὲν
870 3192 977 3246 τῶν
1015 3194 1186 3248 ἄλλων
1220 3196 1366 3266 αὐτῷ
1397 3199 1532 3269 πρὸς
1560 3198 1659 3268 τὴν
1685 3200 1809 3251 ἀσέ-

1911 658 2024 695 rutn
2061 643 2592 710 comprehensionem
2640 653 2731 697 :et
2780 646 3176 713 incorporeum,
3213 649 3470 702 substan—

1910 735 2038 786 tiam
2075 734 2190 800 ejus
2242 735 2376 788 trina
2433 736 2764 790 dimensione
2801 753 2904 790 non
2959 749 3249 792 constare:
3279 751 3331 792 et
3373 741 3472 792 im-

1910 826 2155 889 mortale,
2177 841 2297 878 eum
2320 827 2654 880 dissolutioui
2690 845 2962 896 mmquam
2995 829 3284 882 obnoxium
3322 830 3467 884 fore:

1905 917 2148 969 eumdem
2179 916 2244 969 ad
2285 918 2496 969 modum
2533 918 2761 972 dicimus
2792 921 3079 986 ingenitum
3102 923 3263 973 etiam
3297 923 3473 990 signi-

1907 1007 2090 1071 ﬁcare,
2123 1010 2526 1074 generationem
2578 1011 2628 1061 in
2677 1011 2792 1078 ipso
2835 1027 2938 1063 non
2997 1013 3192 1066 inesse.
3240 1013 3474 1066 Proinde

1908 1099 1951 1150 si
1981 1098 2182 1150 nullum
2216 1114 2280 1152 ex
2318 1099 2424 1153 illis
2457 1100 2764 1154 nominibus
2805 1102 3124 1168 privativum
3168 1113 3270 1166 est,
3301 1119 3476 1172 neque

1909 1189 2010 1243 hoc
2041 1191 2162 1243 erit.
2199 1190 2349 1256 Quod
2393 1192 2437 1246 si
2475 1193 2728 1246 concedis
2761 1193 2846 1245 illa
2889 1196 3183 1248 secundum
3219 1197 3476 1263 privatio-

1910 1295 2028 1333 nem
2059 1280 2185 1343 dici,
2219 1282 2310 1334 sed
2335 1282 2384 1333 id
2414 1281 2464 1333 in
2494 1281 2850 1348 appellatione
2883 1283 3102 1351 ingeniti
3149 1301 3251 1338 non
3280 1286 3476 1339 admit-

1911 1377 2025 1421 tas:
2057 1369 2160 1427 die.
2189 1384 2294 1436 quo
2334 1369 2513 1423 habitu
2553 1371 2712 1439 222
2750 1374 3106 1440 praecedente,
3146 1374 3477 1443 incorrupti-

1911 1462 2014 1515 bile
2046 1463 2402 1530 privationem
2438 1462 2678 1516 indicet?
2715 1473 2807 1515 aut
2851 1467 3120 1532 quomodo
3172 1468 3470 1534 ingenitum

1912 1569 2016 1606 non
2049 1554 2186 1607 idem
2222 1556 2364 1622 quod
2419 1555 2520 1608 hoc
2562 1555 2771 1607 valeat?
2801 1556 2868 1609 At
2923 1557 3067 1610 circa
3127 1559 3226 1612 hoc
3260 1558 3477 1612 verbum

1912 1644 2084 1697 solum
2133 1644 2388 1713 malignis
2422 1644 2633 1699 artibus
2664 1647 2854 1710 utitur,
2889 1647 3030 1714 quod
3061 1649 3107 1700 ei
3143 1648 3266 1703 hinc
3295 1649 3478 1718 impie-

1912 1735 2037 1789 tatis
2068 1736 2367 1804 dependent
2391 1736 2724 1790 occasiones.
2751 1737 2854 1791 Sed
2894 1740 3182 1792 artitieium
3227 1740 3344 1808 ejus
3375 1755 3482 1792 ma—

1865 1865 1874 1873 .
1914 1828 2164 1882 bifestum
2200 1837 2256 1881 ut
2313 1829 2422 1892 liat,
2477 1828 2548 1880 ita
2586 1828 2785 1882 facile:
2825 1845 2959 1898 quos
3011 1831 3075 1883 de
3122 1832 3361 1900 ingenito
3399 1836 3482 1885 in-

235 1925 388 1961 νοιαν
421 1907 764 1980 ἀνθρωπίνην
785 1952 798 1975 ,
829 1909 950 1964 οὔτε
976 1912 1116 1965 κατὰ
1149 1913 1405 1984 στέρησιν
1439 1913 1657 1984 εὔλογόν
1691 1919 1806 1970 ἐστι
1841 1899 1880 1952 Β

1912 1919 2070 1972 struit
2119 1933 2418 1981 sermones,
2454 1921 2595 1984 quod
2659 1932 2828 1987 neque
2886 1934 2952 1972 ex
3006 1921 3243 1973 humano
3295 1923 3479 1975 conci-

1913 2010 2091 2078 piendi
2135 2011 2310 2072 modo,
2346 2023 2519 2078 neque
2550 2024 2614 2062 ex
2649 2011 2955 2077 privatione
2988 2016 3052 2064 de
3101 2012 3208 2064 Deo
3242 2011 3347 2066 dici
3381 2027 3480 2080 par

1912 2113 2028 2167 est;
2061 2103 2158 2156 bos
2185 2102 2475 2156 translatos
2511 2102 2563 2153 in
2593 2102 2734 2155 aliud
2770 2104 3036 2172 quoddam
3068 2119 3258 2158 nomen
3299 2119 3363 2157 ex
3399 2100 3484 2159 bis

1913 2209 2032 2262 quae
2081 2195 2147 2247 de
2181 2195 2291 2247 Deo
2322 2195 2594 2257 dicuntur,
2633 2194 2994 2249 consideretis
3032 2195 3212 2248 velim.
3257 2195 3482 2250 Unicui-

1917 2299 2023 2353 que
2071 2285 2214 2338 enim
2255 2284 2464 2336 illorum
2509 2300 2734 2353 prorsus
2777 2286 3074 2339 convenire
3112 2285 3478 2354 comperietis.

1916 2376 2001 2438 Et,
2035 2375 2078 2430 si
2113 2374 2295 2438 vultis,
2329 2375 2395 2429 de
2425 2376 2817 2443 iurorruptibili
2867 2377 3052 2430 eadem
3094 2377 3358 2438 dicamus,
3397 2377 3482 2431 bis

1917 2467 2046 2535 ipsis
2083 2467 2277 2535 quibus
2307 2467 2471 2519 utitur
2502 2466 2679 2520 verbis
2712 2466 2814 2520 huc
2857 2468 3190 2519 trausmotis.
3237 2467 3484 2519 Incorru-

1916 2558 2157 2624 ptibilem
2188 2567 2366 2612 autem
2392 2573 2514 2612 cum
2542 2559 2793 2622 dicimus,
2827 2573 2931 2612 non
2969 2561 3261 2612 secundum
3293 2559 3485 2612 buma-

1917 2665 2040 2702 num
2098 2649 2427 2716 intelligendi
2482 2649 2694 2702 modum
2742 2651 3106 2703 decorandum
3149 2664 3269 2702 esse
3317 2649 3482 2702 Deum

1915 2742 2246 2795 arbitramur
2279 2742 2408 2796 :sed
2450 2743 2860 2811 persolvendum
2889 2743 2937 2795 ei
2983 2742 3216 2796 debitum
3255 2742 3485 2794 maxime

1915 2834 2154 2888 omnium
2198 2836 2584 2896 necessarium,
2629 2836 3022 2888 confessionem
3071 2836 3338 2898 videlicet,
3373 2851 3480 2903 qua

1915 2941 2038 2979 eum
2085 2927 2136 2978 id
2173 2941 2295 2980 esse
2339 2928 2480 2994 quod
2516 2937 2597 2980 est
2631 2929 2986 2980 coniiteanmr
3023 2930 3154 2980 :sed
3192 2943 3364 2997 neque
3395 2944 3482 2980 se-

1917 3021 2146 3072 cundum
2206 3019 2562 3088 privationem
2605 3034 2620 3072 :
2666 3021 2930 3088 siquidem
2979 3021 3310 3087 privationes
3361 3026 3488 3073 sunt

1917 3111 2249 3178 privationes
2276 3126 2462 3164 eorum
2494 3127 2614 3180 qua:
2645 3122 2771 3165 sunt
2818 3123 3038 3177 natura,
3076 3124 3308 3181 suntque
3335 3113 3490 3165 babi-

1920 3203 2061 3256 tibtts
2093 3203 2442 3270 posteriores.
2473 3203 2580 3257 Cur
2615 3205 2781 3272 magis
2823 3205 2888 3258 de
2937 3205 3173 3272 ingenito
3213 3205 3324 3256 haec
3351 3203 3490 3256 afﬁr-

238 3282 393 3336 ϐειαν
430 3285 698 3352 συνεργεῖ.
724 3283 814 3336 Διὸ
847 3283 953 3336 τῶν
983 3284 1181 3338 λοιπῶν
1217 3287 1334 3338 οὐδὲ
1372 3289 1659 3358 μέμνηται,
1691 3290 1811 3342 καί-

1919 3307 2067 3346 mare
2107 3294 2280 3356 decet,
2320 3309 2479 3362 quam
2538 3295 2602 3347 de
2653 3295 3066 3362 incorruptibili,
3091 3307 3140 3348 et
3175 3294 3393 3347 omnino
3423 3295 3487 3348 de

239 3393 320 3430 τοι
353 3375 560 3447 μυρίων
591 3376 757 3430 ὄντων
783 3376 888 3428 τῶν
917 3378 1044 3448 περὶ
1073 3376 1206 3431 Θεοῦ
1240 3377 1565 3447 λεγομένων.

1920 3386 2158 3452 qualibet
2198 3402 2350 3446 voce,
2394 3403 2512 3454 qua:
2551 3389 2742 3439 eodem
2791 3383 2949 3440 mtitlo
2997 3388 3350 3455 proferatur?
3381 3389 3486 3440 Sed

238 3472 386 3527 aliud
443 3471 575 3525 nihil
626 3473 673 3525 ei
725 3473 792 3525 ad
847 3474 1174 3540 impietatem
1246 3476 1520 3530 conducit.
1586 3475 1766 3542 Quare
1814 3494 1884 3532 ne
1926 3481 2168 3534 meminit
2218 3482 2432 3549 quidem
2496 3482 2868 3549 reliquorum,
2938 3482 3148 3535 etiamsi
3206 3481 3488 3536 innumera

238 3567 349 3621 sint
381 3581 498 3634 qua:
531 3566 594 3620 de
635 3565 741 3620 Deo
763 3566 1032 3619 dicuntur.

312 3656 399 3710 10.
448 3657 597 3726 Ἔχει
634 3657 688 3710 δὲ
721 3656 911 3719 οὕτως.
954 3658 1047 3708 Ἐν
1084 3658 1182 3728 μὲν
1223 3658 1373 3710 οὐδέν
1409 3658 1555 3711 ἐστιν
1588 3659 1758 3729 ὄνομα
1790 3660 1818 3711 ὃ

241 3751 422 3802 πᾶσαν
455 3746 674 3819 ἐξαρκεῖ
699 3748 796 3819 τὴν
839 3747 930 3799 τοῦ
964 3747 1097 3800 Θεοῦ
1136 3748 1296 3817 φύσιν
1339 3749 1626 3819 περιλαϐὸν
1647 3789 1661 3811 ,
1701 3752 1817 3802 ἱκα-

241 3841 348 3906 νῶς
389 3841 732 3909 ἐξαγγεῖλαι·
775 3839 943 3892 πλείω
987 3840 1042 3892 δὲ
1101 3841 1192 3894 καὶ
1251 3841 1466 3896 ποικίλα
1511 3845 1632 3895 κατ’
1683 3842 1817 3894 ἰδίαν

240 3934 471 3987 ἕκαστον
522 3931 824 4002 σημασίαν,
859 3931 1102 4003 ἀμυδρὰν
1149 3933 1246 4003 μὲν
1278 3934 1556 3998 παντελῶς
1595 3937 1688 3988 καὶ
1727 3953 1818 4005 μι-

241 4025 534 4096 κροτάτην,
557 4025 631 4087 ὼς
662 4024 796 4093 πρὸς
825 4025 882 4076 τὸ
904 4025 1044 4091 ὅλον,
1077 4028 1210 4095 ἡμῖν
1240 4042 1302 4093 γε
1339 4028 1443 4098 μὴν
1479 4028 1816 4098 ὲξαρκοῦσαν

241 4119 340 4189 τὴν
383 4118 588 4171 ἔννοιαν
633 4116 991 4188 συναθροίζει.
1037 4119 1124 4171 Ἐν
1171 4121 1348 4173 τοίνυν
1379 4123 1489 4183 τοῖς
1527 4123 1653 4192 περὶ
1684 4120 1816 4172 Θεοῦ

241 4211 557 4282 λεγομένοις
589 4212 836 4281 ὀνόμασι,
873 4212 940 4264 τὰ
983 4213 1078 4281 μὲν
1111 4212 1216 4266 τῶν
1248 4214 1556 4283 προσόντων
1600 4215 1676 4284 τῷ
1701 4215 1819 4285 Θεῷ

241 4302 517 4373 δηλωτικά
550 4304 683 4366 ἐστι,
713 4301 780 4354 τὰ
806 4301 860 4354 δὲ
885 4303 945 4354 τὸ
966 4302 1224 4364 ἐναντίον,
1250 4304 1358 4356 τῶν
1389 4304 1462 4375 μὴ
1485 4304 1814 4374 προσόντων.

256 4397 352 4448 Ἐκ
376 4395 470 4448 δύο
503 4395 611 4466 γὰρ
642 4395 846 4448 τούτων
871 4396 1033 4448 οἱονεὶ
1065 4398 1350 4467 χαρακτήρ
1387 4414 1468 4460 τις
1503 4399 1632 4466 ἡμῖν
1669 4398 1820 4464 ἐγγί-

242 4506 392 4542 νεται
418 4488 510 4540 τοῦ
533 4488 688 4551 Θεοῦ,
723 4488 783 4541 ἔκ
813 4506 871 4540 τε
904 4489 1000 4560 τῆς
1039 4489 1145 4541 τῶν
1178 4491 1628 4560 ἁπεμφαινόντων
1664 4493 1821 4562 ἀρνή-

243 4603 383 4648 σεως
409 4586 502 4637 καὶ
549 4587 615 4636 ἐκ
649 4584 746 4654 τῆς
777 4585 881 4636 τῶν
926 4586 1274 4655 ὑπαρχόντων
1323 4583 1629 4654 ὁμολογίας.
1673 4580 1817 4646 υἷον,

243 4678 374 4730 ὅταν
420 4676 691 4748 ἄφθαρτον
747 4676 1118 4746 ὀνομάζωμεν,
1168 4677 1392 4746 δυνάμει
1441 4675 1549 4745 (65)
1592 4675 1820 4745 λέγομεν

247 4773 460 4834 ἑαυτοῖς
505 4771 537 4841 ἢ
583 4774 692 4832 τοῖς
743 4770 1048 4833 ἀκούουσιν,
1084 4770 1164 4821 ὅτι
1221 4769 1312 4838 Μὴ
1357 4769 1468 4820 οἴου
1514 4767 1687 4838 φθορᾷ
1734 4768 1821 4819 τὸν

247 4864 383 4917 Θεὸν
411 4863 764 4916 ὑποκεῖσθαι·
805 4863 896 4914 καὶ
926 4862 1051 4914 ὅταν
1084 4861 1331 4930 ἀόρατον,
1375 4861 1456 4912 ὅτι
1493 4861 1581 4930 Μὴ
1621 4859 1820 4912 ὑπολά-

1987 3660 2074 3714 lO.
2119 3659 2286 3713 llabet
2317 3668 2492 3712 autem
2543 3674 2601 3713 se
2649 3674 2733 3711 res
2769 3659 2872 3710 hoc
2924 3657 3098 3708 modo.
3131 3654 3342 3707 Nullum
3371 3655 3490 3724 qui‘

1917 3755 2037 3810 dem
2071 3769 2264 3807 nomen
2301 3761 2384 3806 est
2423 3752 2562 3821 quod
2609 3760 2772 3804 totam
2822 3750 2915 3804 Dei
2951 3757 3195 3802 naturam
3249 3747 3490 3816 comple-

1920 3861 2065 3908 xum,
2105 3857 2187 3898 sat
2216 3860 2333 3898 eam
2375 3844 2544 3912 possit
2589 3843 2878 3897 enuntiare
2919 3857 2930 3891 :
2969 3840 3120 3907 plura
3147 3854 3274 3892 vero
3313 3849 3367 3891 et
3397 3853 3489 3889 va-

1921 3934 2019 4001 ria,
2053 3934 2262 4003 singula
2316 3935 2366 3986 in
2425 3933 2636 4001 prOpria
2697 3931 3130 3999 signiﬁcatione,
3193 3927 3487 3980 obscuram

1919 4030 2134 4098 quidem
2185 4027 2404 4080 omnino
2434 4035 2487 4077 et
2531 4039 2789 4093 perquam
2845 4022 3116 4089 exiguam,
3147 4020 3190 4074 si
3225 4036 3342 4072 cum
3382 4029 3492 4072 toto

1919 4127 2278 4188 comparetur,
2306 4118 2456 4171 nobis
2477 4127 2654 4170 tamen
2683 4115 3053 4177 Sullicientem,
3086 4111 3488 4181 intelligentiam

1920 4220 2237 4281 congerunt.
2275 4209 2459 4279 Itaque
2487 4210 2628 4261 inter
2674 4208 2888 4260 nomina
2923 4221 2983 4258 cn
3019 4219 3138 4272 qua:
3177 4206 3242 4256 de
3275 4204 3381 4256 Deo
3410 4203 3493 4255 di»

1919 4316 2133 4371 cuntur,
2178 4304 2352 4372 aliqua
2405 4302 2706 4371 signiﬁcant
2746 4315 2864 4367 quze
2900 4298 3008 4350 Deo
3043 4299 3222 4349 itisttnt
3259 4311 3272 4346 ;
3312 4294 3490 4360 aliqua

1920 4412 2047 4451 vero
2112 4397 2418 4450 erontrario
2463 4394 2703 4446 indicant
2751 4407 2870 4459 quae
2919 4393 2965 4443 ei
3008 4406 3113 4441 non
3171 4388 3376 4440 insunt.
3406 4385 3485 4436 Ex

1921 4491 2006 4544 bis
2037 4489 2178 4542 enim
2231 4488 2458 4551 duobus,
2501 4495 2554 4538 et
2605 4501 2669 4537 ex
2720 4497 2904 4535 contm
2957 4496 3075 4558 qua:
3148 4479 3491 4530 dissentanea:

1921 4593 2044 4636 sunt
2076 4582 2381 4650 negatione,
2413 4591 2466 4632 ct
2495 4595 2558 4632 ex
2591 4592 2778 4631 eormn
2813 4589 2932 4642 qum
2978 4574 3173 4626 adsunt
3205 4568 3494 4624 confessio-

1923 4691 2010 4738 ne,
2051 4674 2194 4727 velut
2235 4672 2451 4740 quidam
2506 4671 2598 4723 Dei
2634 4671 2918 4722 character
2949 4663 3102 4717 nobis
3143 4660 3489 4730 imprimitur.

1923 4767 2165 4835 Exempli
2212 4781 2396 4829 causa,
2431 4778 2552 4815 cum
2609 4757 3074 4827 incorruptibilem
3131 4753 3490 4816 nominamus,

1925 4859 2064 4912 idem
2105 4857 2333 4909 l'acinms
2369 4870 2430 4907 ac
2464 4854 2505 4907 si
2537 4852 2781 4906 dicamus
2815 4860 2905 4900 aut
2945 4847 3098 4899 nobis
3129 4844 3258 4914 ipsis
3285 4851 3377 4895 attt
3401 4857 3490 4893 au-

247 4955 350 5029 δῃς
397 4955 558 5009 αὐτὸν
611 4958 675 5026 τῇ
711 4953 797 5007 διὰ
829 4954 936 5006 τῶν
992 4953 1164 5022 ὅψεων
1199 4951 1446 5023 αἰσθήσει
1476 4951 1814 5020 καταλαμϐα-

1924 4950 2198 5006 dientibus
2228 4966 2242 5002 :
2276 4947 2420 5002 Cave
2452 4955 2605 5014 putes
2626 4943 2788 4997 Deum
2815 4937 3091 5008 subiacere
3121 4934 3490 5004 corruptioni:

324 5134 436 5206 (62)
470 5134 602 5200 Reg.
638 5134 835 5206 tertius
857 5132 1070 5200 γένεσιν
1103 5129 1270 5200 αὐτῷ.
1301 5129 1442 5183 Editi
1482 5138 1534 5182 et
1566 5128 1655 5181 alii
1692 5143 1820 5181 mss.

247 5203 502 5277 γέννησιν
523 5203 689 5277 αὐτῷ,

322 5269 434 5348 (65)
463 5277 601 5330 Editi
627 5269 828 5327 δύναιτ’
865 5272 928 5327 ἂν
962 5273 1042 5326 τό.
1078 5272 1147 5326 At
1177 5285 1308 5324 mss.
1345 5278 1576 5339 quatuor
1601 5269 1824 5322 δύναται

247 5349 329 5403 τύ.

323 5417 438 5487 (64)
468 5416 606 5469 Editi
661 5413 804 5487 κατᾲ
842 5415 941 5484 τὴν
992 5413 1268 5487 στέρησιν.
1298 5410 1575 5487 Articulus
1609 5411 1658 5462 in
1689 5423 1820 5487 mss.

251 5478 360 5543 noit
396 5478 690 5542 invenitur.
741 5478 918 5553 Neque
964 5478 1249 5537 secundum
1309 5483 1672 5546 privationem.
1718 5478 1827 5553 lloc

249 5571 353 5621 est,
383 5551 960 5625 quemmlmodum"0n
996 5564 1241 5619 putamus
1274 5553 1433 5605 Deum
1458 5551 1822 5625 decorandum

249 5645 373 5684 esse
404 5621 500 5697 per
527 5626 886 5696 privationem
923 5639 936 5674 :
977 5626 1044 5675 ita
1079 5639 1181 5697 non
1220 5634 1482 5697 putamus
1508 5636 1629 5697 eum
1666 5621 1822 5697 deco-

250 5689 479 5752 randum
504 5689 625 5750 esse
655 5697 1070 5768 per‘bumanum
1087 5690 1699 5768 _iutelligeudimodum.
1750 5689 1819 5739 lia

254 5772 422 5840 igitur
451 5761 667 5821 videtur
697 5764 866 5840 fuisse
911 5779 1061 5840 urens
1087 5763 1355 5840 Eunomii,
1389 5761 1546 5813 aliter
1572 5761 1821 5840 judican-

252 5830 379 5894 (ἥιιη
421 5853 540 5892 esse
572 5841 639 5890 de
683 5836 902 5891 vocibus
941 5832 1234 5904 ἄφθαρτος,
1262 5832 1544 5898 ἀθάνατος,
1569 5830 1820 5900 ἀόρατος,

1927 5127 2087 5181 aliter
2123 5126 2190 5179 de
2219 5139 2353 5179 voce
2373 5124 2719 5198 piyévvqrog._
2742 5119 2830 5173 llla
2865 5118 3008 5172 enim
3039 5115 3301 5198 privativa
3350 5117 3493 5198 sunt,

1927 5214 2048 5250 cum
2079 5212 2187 5265 prie
2213 5212 2270 5248 se
2304 5196 2661 5266 privationem
2696 5193 2890 5253 ferant,
2933 5193 3328 5266 corruptionis,
3352 5195 3494 5266 mor-

1931 5270 2019 5332 tis,
2053 5263 2199 5319 visus
2246 5280 2260 5317 :
2304 5267 2396 5318 sed
2434 5266 2534 5319 hoc
2575 5264 2678 5315 tale
2703 5278 2805 5315 non
2844 5270 3098 5332 est,_cum
3141 5263 3490 5332 privationem

1929 5329 2033 5391 non
2066 5338 2288 5398 indicet,
2317 5337 2408 5388 sed
2442 5336 2607 5402 ipsam
2641 5343 2888 5386 naturam
2919 5329 3157 5402 divinam
3177 5329 3488 5402 constituat.

1929 5394 2319 5473 Argumentum
2362 5394 2541 5457 anteiri
2579 5404 2704 5456 illud
2737 5400 2987 5455 Eunomii
3017 5413 3180 5465 quam
3211 5394 3326 5448 leve
3347 5394 3417 5445 sit
3439 5399 3493 5442 et

1929 5472 2104 5536 futile,
2131 5492 2195 5529 cx
2228 5476 2410 5530 Basilii
2443 5475 2618 5528 verbis
2643 5472 2873 5540 perSpici
2907 5477 3097 5536 potest.
3451 5527 3464 5539 .

2005 5550 2118 5619 (65)
2146 5549 2296 5608 Illud,
2327 5545 2576 5619 δυνάμει.
2607 5545 2697 5612 qui
2732 5545 2800 5594 ita
2834 5542 3304 5619 interpretaretur,
3328 5545 3494 5619 irque-l-

1929 5599 2221 5688 poilenlter,
2243 5599 2383 5672 bene
2412 5599 2762 5688 qtiidemirem
2797 5599 3366 5688 expressuruqrputp‘,
3399 5599 3490 5688 sed

1931 5669 2593 5756 iioii'batineaAliquanto
2633 5683 2774 5737 infra
2807 5669 2937 5734 més.
2965 5674 3202 5731 nonnulli
3222 5669 3369 5744 μηδὲ
3396 5669 3493 5730 ἀρ-

1928 5761 2046 5831 xii:-
