3978 6410
500 381 607 436 5135

1911 380 2156 436 BASILII
2200 379 2414 435 MAGNI

3644 375 3760 431 536

501 500 695 544 etcum
742 490 1062 544 invisibiletn
1095 509 1107 543 :
1142 489 1218 545 Ne
1257 491 1656 545 existimaveris
1685 490 1854 560 ipsmu
1886 492 2071 546 oculo-

2185 491 2367 544 νεσθαι
2389 507 2404 524 ο
2441 490 2531 544 καὶ
2554 490 2680 542 ὅταν
2708 490 2992 550 ἀθάνατον,
3019 489 3101 542 ὄτι
3128 489 3351 559 Μήποτε
3377 488 3574 557 οἰηθῇς
3603 489 3761 543 θάνα-

504 600 621 638 rum
661 597 820 638 sensu
871 585 1249 652 comprehendi
1286 594 1379 637 :et
1403 600 1524 639 cum
1561 585 1938 646 immortalem,
1963 585 2073 640 Ab-

503 679 572 731 sit
602 687 656 727 ιιι
691 691 926 742 unquam
985 677 1175 731 credas
1227 686 1456 730 mortem
1517 678 1624 730 Deo
1659 679 1905 732 accidere
1935 697 1948 729 :
1983 679 2074 732 Sic

503 767 667 835 igitur
693 777 742 819 et
773 782 891 821 cum
921 767 1232 835 ingenitum,
1274 767 1350 820 Ne
1385 770 1666 823 arbitreris
1685 785 1751 822 ex
1777 771 1880 823 ulla
1914 786 2072 824 causa

503 869 596 912 aut
649 860 912 928 principio
957 860 1328 914 exsistentiam
1388 861 1477 916 Dei
1516 863 1837 931 dependere.
1903 863 1967 917 Et
2016 873 2074 917 ut

502 953 666 1006 verbo
691 952 888 1014 dicam,
916 968 980 1005 ex
1015 968 1342 1022 unoquoque
1369 953 1563 1007 hormn
1600 957 1878 1021 docemur,
1921 965 1977 1009 ut
2009 969 2075 1009 ne

506 1042 558 1096 in
602 1043 877 1098 indecoras
905 1046 1196 1098 sententias
1222 1046 1524 1102 incidamus
1556 1056 1688 1112 lttm,
1725 1065 1844 1102 cum
1870 1051 1934 1102 de
1967 1049 2074 1103 Deo

503 1134 778 1203 quidpiam
812 1136 1129 1203 cogitamus.
1162 1135 1345 1206 Itaque
1377 1147 1434 1190 ut
1459 1139 1790 1208 praecipuam
1825 1139 1915 1194 Dei
1952 1156 2074 1209 pro-

502 1227 783 1296 prietatem
835 1242 1244 1296 cognoscamus,
1273 1228 1411 1282 alter
1441 1229 1618 1293 alteri,
1670 1245 1790 1286 cum
1845 1231 1912 1285 de
1965 1232 2074 1286 Deo

501 1333 682 1372 sermo
726 1319 971 1379 habetur,
1009 1319 1385 1375 interdicimus
1425 1337 1490 1376 ne
1534 1323 1862 1391 cogitatione
1903 1324 1968 1377 ad
2008 1339 2071 1378 ea

501 1426 619 1478 quae
669 1427 770 1462 non
813 1421 1028 1480 Oportet
1068 1411 1395 1480 deferamur,
1446 1431 1511 1469 ne
1552 1431 1786 1484 unquam
1829 1417 2074 1472 homines

499 1511 691 1570 putent
733 1503 897 1556 Deum
932 1518 1053 1557 esse
1083 1504 1376 1573 quidquam
1407 1507 1780 1576 corruptibile,
1806 1522 1898 1563 aut
1937 1511 2072 1564 visi-

500 1592 628 1656 bile,
661 1602 752 1646 aut
787 1604 1121 1663 generatum.
1151 1595 1329 1661 Quare
1363 1613 1460 1663 per
1489 1599 1670 1652 omnia
1728 1601 1841 1654 lure
1889 1604 2073 1670 prohi-

501 1685 694 1739 bitoria
725 1687 962 1750 nomina,
994 1688 1109 1753 ejus
1147 1690 1290 1757 quod
1323 1689 1557 1745 alienum
1588 1703 1670 1746 est
1705 1694 1763 1747 ﬁt
1793 1695 1948 1763 quasi
1978 1711 2074 1749 ne-

500 1778 646 1847 gatio
671 1779 935 1846 quaedam,
971 1779 1098 1832 dum
1134 1781 1341 1849 singula
1401 1783 1736 1851 distinguens
1785 1803 1937 1840 mens
1981 1803 2075 1839 uo-
2111 1825 2129 1851 _.

2173 602 2264 637 τον
2297 583 2680 654 προσ-γίνεσθαι
2704 583 2780 653 τῷ
2807 582 2946 652 Θεῷ.
2976 582 3131 635 Οὑτω
3147 580 3209 650 δὴ
3237 581 3329 633 καὶ
3357 581 3487 632 ὅταν
3523 581 3758 649 ἀγέννη-

2172 694 2285 743 τον,
2339 677 2421 728 ὅτι
2471 675 2757 745 Μηδεμιᾶς
2807 675 2987 738 αἰτίας
3036 676 3169 745 μήτε
3219 673 3392 744 ἀρχῆς
3425 671 3665 740 ὲξῆιρθαι
3697 674 3759 726 τὸ

2175 765 2314 822 εἶναι
2339 768 2432 821 τοῦ
2454 767 2588 821 Θεοῦ
2611 767 2856 840 νομίσῃς.
2887 768 2998 821 Καὶ
3019 767 3175 830 ὅλως,
3204 766 3260 831 ἐξ
3283 767 3518 818 ἑκάστου
3549 763 3760 816 τούτων

2173 860 2533 931 διδασκόμεθα
2589 859 2659 932 μὴ
2697 861 2775 922 είς
2829 860 3096 930 ἀπρεπεῖς
3145 857 3353 919 ἐννοίας
3379 857 3438 908 ὲν
3465 857 3589 918 ταῖς
3626 857 3758 925 περὶ

2173 951 2307 1006 Θεοῦ
2352 952 2647 1022 ὑπολήψεσι
2687 949 3066 1004 καταπίπτειν.
3107 949 3312 1001 Οὐκοῦν
3339 949 3426 1000 ἵνα
3451 947 3514 999 τὸ
3540 947 3757 1016 ἐξαίρεε

2171 1059 2263 1094 τον
2297 1043 2485 1113 ἰδίωμα
2519 1042 2613 1096 τοῦ
2658 1041 2792 1095 Θεοῦ
2827 1041 3156 1111 ὲπιγνῶμεν,
3199 1039 3625 1112 ἀπαγορεὺομεν
3659 1039 3757 1092 ἀλ-

2173 1132 2353 1204 λήλοις
2401 1135 2458 1186 ἐν
2488 1136 2597 1196 τοῖς
2623 1134 2750 1203 περὶ
2778 1131 2912 1185 Θεοῦ
2951 1133 3147 1199 λόγοις,
3183 1131 3255 1202 μὴ
3289 1132 3632 1201 καταφέρειν
3658 1131 3757 1193 τάς

2173 1226 2408 1289 διανοίας
2447 1225 2554 1296 (66)
2585 1229 2664 1288 εἰς
2701 1225 2735 1278 ἃ
2780 1225 2854 1295 μὴ
2887 1225 2987 1286 δεῖ,
3024 1225 3110 1278 ἵνα
3164 1225 3368 1295 μήποτε
3402 1223 3668 1292 οίηθῶσιν
3699 1221 3759 1273 ἓν

2172 1321 2280 1374 τῶν
2312 1320 2585 1391 φθαρτῶν.
2617 1319 2648 1389 ἢ
2689 1318 2744 1371 ἓν
2781 1317 2888 1370 τῶν
2920 1316 3148 1385 ὁρατῶν,
3182 1315 3213 1386 ἢ
3248 1316 3304 1367 ἓν
3331 1315 3439 1367 τῶν
3469 1314 3756 1384 γεννητῶν

2174 1416 2261 1468 τὸν
2291 1415 2420 1468 Θεὸν
2467 1413 2728 1484 ὑπάρχειν
2775 1413 2824 1464 οἱ
2856 1409 3148 1481 ἄνθρωποι.
3193 1409 3353 1460 Ὥστε
3403 1409 3495 1462 διὰ
3546 1407 3758 1460 τούτων

2174 1523 2237 1574 γε
2279 1505 2392 1573 (67)
2450 1504 2700 1556 ἁπάντων
2749 1501 2855 1555 τῶν
2914 1499 3376 1571 ἀπηγορευμένων
3440 1501 3753 1571 ὀνομάτων,

2173 1599 2332 1651 οἱονεὶ
2361 1594 2668 1667 ἀπάρνησίς
2712 1595 2795 1658 τίς
2836 1594 2950 1645 ἐστι
2999 1591 3093 1644 τοῦ
3123 1591 3423 1662 ἀλλοτρίου,
3462 1591 3758 1662 διαρθροὺ-

2178 1691 2342 1761 μένης
2364 1689 2521 1759 ἡμῶν
2543 1689 2640 1757 τῆς
2673 1685 2924 1748 διανοίας,
2957 1685 3052 1737 κα)¹
3081 1683 3176 1747 τὰς
3213 1685 3343 1754 περὶ
3387 1683 3502 1754 (68)
3533 1684 3648 1736 τῶν
3681 1685 3757 1756 μὴ

2177 1781 2483 1851 προσόντων
2525 1777 2673 1846 αὐτῷ
2720 1776 3014 1847 ὑπολήψεις
3077 1774 3495 1846 ἀποτιθεμένης.
3554 1777 3754 1839 Πάλιν,

501 1878 632 1934 stra,
673 1885 860 1923 eorum
887 1886 1005 1940 quae
1039 1871 1088 1922 iu
1123 1871 1232 1926 Deo
1263 1888 1366 1926 non
1393 1875 1576 1928 insunt
1603 1876 1886 1945 opiniones
1915 1879 2075 1948 223

2183 1847 2375 1938 ἀγαθὸν
2415 1868 2643 1939 λέγομεν
2687 1867 2776 1921 τὸν
2806 1867 2956 1930 Θεὸν,
2992 1865 3085 1918 καὶ
3106 1865 3330 1926 δίκαιον,
3360 1868 3454 1920 καὶ
3493 1868 3752 1939 δημιουρ-

501 1962 670 2015 exuit.
703 1962 865 2014 Deum
904 1979 1094 2017 rursus
1138 1966 1334 2018 bonum
1383 1966 1641 2027 dicimus.
1679 1978 1732 2021 et
1778 1971 2079 2036 justnm,et

502 2062 831 2116 creatorem,
879 2062 934 2107 et
974 2055 1232 2122 iudicem,
1278 2057 1492 2125 aliaque
1517 2059 1843 2128 hujnsmodi.
1878 2061 2076 2127 Quem-

506 2143 795 2196 admodum
847 2143 1009 2213 igitur
1050 2146 1101 2199 in
1150 2147 1256 2202 illis
1299 2149 1382 2203 ba:
1427 2165 1586 2204 voces
1643 2153 2076 2220 reprobationem

503 2235 812 2300 quamdam,
845 2251 910 2288 ac
936 2237 1366 2294 interdictionem
1394 2242 1770 2310 signiﬁcabant
1796 2245 2076 2299 notionum

503 2339 531 2375 a
579 2323 685 2378 Deo
731 2325 1074 2381 alienarum:
1111 2329 1182 2382 ita
1232 2331 1318 2385 hic
1370 2333 1693 2400 positionem
1730 2344 1785 2387 et
1833 2345 2077 2388 naturain

503 2431 686 2470 eorum
733 2433 850 2485 quae
896 2422 1110 2490 propria
1153 2422 1242 2477 Dei
1282 2434 1428 2486 sunt,
1477 2429 1972 2497 convenienterque
2027 2431 2078 2484 in

503 2521 567 2563 eo
627 2511 1056 2577 considerantur,
1109 2513 1432 2583 signiﬁcant.
1496 2515 1682 2586 itaque
1738 2535 1804 2573 ex
1854 2527 2082 2589 utroque

503 2598 917 2667 appellationum
973 2617 1168 2671 genere
1237 2603 1508 2667 docemur,
1563 2619 1654 2661 aut
1727 2608 1795 2662 de
1830 2609 1912 2663 his
1961 2627 2082 2679 quae

505 2691 718 2753 adsunt,
757 2692 898 2758 quod
927 2692 1105 2746 adsint
1136 2709 1149 2746 :
1184 2704 1274 2747 aut
1308 2695 1374 2748 de
1421 2697 1506 2750 his
1548 2713 1667 2767 qua;
1698 2699 1911 2762 absunt,
1941 2705 2082 2769 quod

506 2777 700 2832 absint.
735 2778 844 2833 Vox
893 2791 1070 2834 autem
1113 2783 1400 2850 ingenitum
1447 2799 1508 2837 ea
1567 2802 1686 2854 quze
1737 2804 1841 2843 non
1887 2790 2081 2844 adsunt

506 2869 817 2938 signiﬁcat:
865 2873 1064 2926 indicat
1118 2876 1261 2927 enim
1332 2876 1439 2928 Deo
1507 2881 1909 2943 generationem
1976 2899 2079 2938 non

507 2961 712 3014 adesse.
751 2959 862 3015 lloc
887 2974 1066 3016 autem
1119 2966 1234 3018 sive
1283 2967 1404 3033 quis
1451 2969 1827 3035 privationem,
1857 2974 1969 3026 sive
2003 2975 2081 3026 in-

508 3053 903 3115 terdictionem,
931 3055 1044 3108 sive
1071 3057 1435 3125 negationem,
1468 3059 1582 3112 sive
1613 3061 1739 3128 quid
1773 3062 2078 3131 hujusmodi

2177 1962 2271 2030 γὸν
2293 2002 2306 2024 ,
2337 1962 2429 2014 καὶ
2465 1961 2678 2033 κριτὴν,
2708 1961 2801 2014 καὶ
2827 1959 2960 2014 ἄλλα
2981 1960 3078 2011 ὅσα
3110 1957 3352 2014 τοιαῦτα.
3390 1961 3482 2022 Ὠς
3515 1957 3617 2013 οὖν
3647 1960 3758 2028 (69)

2178 2055 2265 2106 ἐπ’
2299 2054 2519 2108 ἐκείνων
2546 2051 2797 2122 ἀθέτησίν
2828 2068 2948 2105 τινα
2988 2051 3081 2104 καὶ
3110 2052 3480 2122 ἀπαγόρευσιν
3522 2052 3638 2104 τῶν
3671 2054 3760 2104 ἀλ-

2177 2144 2403 2217 λοτρίων
2462 2144 2556 2198 τοῦ
2605 2143 2738 2197 Θεοῦ
2803 2144 3096 2213 ἐσήμαινον
3129 2145 3186 2196 αί
3243 2145 3437 2212 φωναὶ,
3475 2144 3659 2207 οὑτως
3687 2148 3761 2196 sv-

2179 2240 2352 2294 ταῦθα
2407 2239 2553 2292 θέσιν
2599 2239 2691 2292 καὶ
2743 2237 2974 2306 ὕπαρξιν
3021 2237 3128 2290 τῶν
3158 2237 3369 2292 οἰκείων
3402 2239 3482 2309 τῷ
3511 2239 3640 2310 Θεῷ
3670 2242 3759 2293 καὶ

2181 2333 2496 2404 πρεπόντως
2521 2331 2648 2401 περὶ
2672 2329 2830 2383 αὑτὸν
2852 2329 3234 2400 θεωρουμένων
3259 2332 3753 2401 ἀποσημαίνουσιν.

2193 2426 2288 2478 Ἐκ
2333 2425 2510 2478 τοίνυν
2569 2423 2828 2492 ἑκατέρου
2874 2420 2968 2474 τοῦ
3022 2421 3192 2484 εἴδους
3236 2421 3342 2474 τῶν
3369 2424 3759 2494 προσηγοριῶν

2181 2517 2560 2587 διδασκόμεθα,
2591 2517 2624 2586 ἢ
2658 2513 2911 2585 περὶτῶν
2946 2514 3270 2585 προσόντων,
3313 2515 3394 2567 ὅτι
3439 2516 3755 2586 πρόσεστιν,

2182 2609 2368 2681 ἢπερ)
2417 2610 2526 2661 τῶν
2562 2609 2634 2679 μὴ
2664 2607 3004 2678 προσόντων,
3037 2607 3115 2658 ὅτι
3153 2607 3225 2677 μὴ
3269 2608 3550 2678 πρόσεστι.
3601 2608 3675 2660 Τό
3699 2625 3755 2676 γε

2185 2704 2289 2776 μὴν
2311 2701 2643 2770 ἀγέννητον
2670 2700 2774 2752 τῶν
2801 2700 2873 2769 μὴ
2903 2699 3211 2770 προσόντων
3244 2699 3359 2751 ἐστὶ
3389 2699 3752 2768 σημαντικόν·

2181 2795 2330 2866 δηλοῖ
2366 2792 2471 2864 γὰρ
2494 2791 2554 2843 τὸ
2602 2790 2674 2861 μὴ
2702 2793 2980 2861 προσεῖναι
3021 2789 3271 2857 γέννησιν
3316 2788 3393 2858 τῷ
3424 2789 3564 2858 Θεῷ.
3591 2790 3757 2842 Τοῦτο

2181 2886 2237 2939 δὲ
2268 2885 2374 2938 εἴτε
2405 2882 2777 2953 ἀφαιρετικδν,
2817 2882 2923 2933 εἴτε
2945 2881 3427 2952 ἀπαγορευτικὸνῆ
3461 2882 3757 2950 ἀρνητικὸν

2181 2993 2234 3030 τι
2281 2973 2518 3028 τοιοῦτον
2553 2971 2790 3042 βούλοιτό
2844 2989 2927 3034 τις
2971 2969 3395 3041 προσαγορεύειν
3419 3012 3431 3034 ,
3461 2973 3527 3022 οὑ
3562 2971 3754 3024 διοισό-

2186 3067 2346 3138 μεθα.
2375 3067 2497 3119 Ὅτι
2543 3063 2601 3116 δὲ
2627 3065 2688 3116 οὑ
2714 3061 2819 3115 τῶν
2847 3063 3199 3132 ὑπαρχόντων
3228 3060 3305 3112 τῶ
3336 3061 3454 3130 Θεῷ
3490 3079 3753 3131 σημαντι-

509 3143 783 3212 appellare
822 3145 1070 3208 voluerit,
1106 3147 1244 3199 haud
1276 3151 1684 3204 contendemus.
1722 3151 1874 3217 Quod
1901 3166 2078 3209 autem

2184 3158 2277 3210 κόν
2335 3159 2451 3210 ἐστι
2497 3154 2558 3207 τὸ
2593 3154 2913 3224 ἀγέννητον,
2952 3153 3260 3224 ἀρκούντως
3290 3149 3442 3222 οἶμαι
3466 3153 3755 3223 δηλοῦσθαι

510 3235 639 3288 nihil
672 3251 858 3288 eorum
896 3253 1013 3304 qua:
1047 3237 1098 3290 in
1152 3237 1258 3293 Deo
1291 3240 1475 3294 insunt
1524 3243 1794 3312 signiﬁcet
1853 3246 2078 3315 ingeniti

509 3341 633 3387 vox,
670 3342 732 3380 ex
764 3327 873 3395 jam
913 3328 1072 3383 dictis
1113 3332 1246 3384 satis
1286 3332 1618 3386 declaratum
1668 3350 1786 3390 esse
1825 3347 1971 3405 puto.
2007 3341 2078 3393 At

509 3417 806 3470 substantia
845 3435 950 3473 non
996 3429 1076 3474 est
1123 3422 1414 3492 quidquam
1460 3441 1650 3478 eorum
1697 3443 1816 3496 quae
1847 3445 1952 3482 non
1985 3431 2080 3482 ad-

510 3516 638 3560 sunt
665 3525 678 3562 :
706 3508 804 3561 sed
839 3518 924 3562 est
971 3510 1144 3577 ipsum
1198 3528 1309 3564 esse
1346 3512 1462 3578 Dei,
1512 3515 1655 3581 quod
1693 3515 1833 3567 inter
1869 3530 1931 3570 ea
1959 3532 2078 3584 qua:

513 3613 618 3652 non
637 3609 781 3663 su-ut,
807 3613 1184 3666 annumerare,
1214 3619 1436 3657 summa:
1465 3604 1712 3658 amentia:
1735 3613 1836 3658 est.
1869 3605 2076 3659 Etenim

517 3692 561 3745 si
597 3693 894 3747 substantia
943 3695 994 3748 in
1042 3711 1268 3748 numero
1298 3712 1484 3750 eorum
1524 3713 1644 3766 quae
1683 3713 1786 3752 non
1823 3708 1968 3760 sunt,
2004 3700 2073 3751 lo-

511 3793 685 3849 catur,
711 3784 874 3837 multo
895 3787 1226 3840 minusaliud
1256 3787 1525 3858 quidpiam
1552 3805 1736 3843 eorum
1758 3807 1876 3859 quae
1895 3792 1959 3845 de
1979 3791 2084 3844 Deo

512 3876 782 3941 dicuntur,
817 3877 996 3932 fuerit.
1039 3870 1468 3934 Demonstrat'um
1505 3891 1588 3936 est
1642 3891 1845 3945 autem,
1877 3882 2084 3953 ingeni-

511 3969 548 4020 ti
575 3984 758 4022 vocem
783 3970 996 4024 interea
1019 3987 1137 4040 qua:
1156 3989 1259 4025 non
1291 3973 1503 4037 adsunt,
1530 3975 1833 4038 numerari;
1862 3976 2084 4029 mendax

511 4069 593 4114 est
628 4059 790 4126 igitur
819 4061 908 4128 qui
943 4062 1041 4115 hac
1065 4079 1190 4117 voce
1215 4065 1570 4118 substantiam
1602 4065 1888 4131 signiﬁcari
1914 4077 2083 4134 putat.

587 4152 674 4205 Η.
716 4152 786 4206 At
817 4169 945 4207 vero
979 4156 1277 4209 Eunomius
1310 4158 1514 4225 aliquid
1551 4159 1614 4209 de
1644 4158 1748 4210 Deo
1791 4162 2082 4213 secundum

515 4246 870 4315 privationem
913 4247 1016 4300 dici
1047 4265 1189 4318 a’gre
1226 4249 1426 4312 ferens,
1461 4261 1714 4319 tanquam
1744 4251 1787 4306 si
1824 4269 1910 4305 res
1939 4261 2085 4305 esset

517 4335 768 4402 absurda,
814 4338 880 4393 ad
921 4338 1310 4409 religiosiorem
1345 4339 1554 4394 scilicet
1595 4339 1922 4393 sententiam
1954 4355 2084 4392 con-

591 4517 700 4586 (66)
740 4519 1010 4586 Scriptum
1058 4519 1110 4572 in
1167 4521 1410 4585 margine
1447 4521 1579 4587 Reg.
1629 4521 1802 4587 quarti
1854 4520 2083 4583 ἐννοίας.

521 4586 715 4661 Statim
752 4591 890 4661 idem
919 4591 1086 4643 codex
1126 4593 1335 4661 μήποτε
1361 4586 1756 4660 οἰηθῶμενεειί
1790 4591 1917 4642 illud
1949 4592 2090 4657 quod

520 4659 679 4738 paulo
706 4671 825 4726 post
847 4660 1061 4729 legitur,
1090 4659 1138 4713 οἱ
1164 4659 1463 4733 ἅνθρωποι,
1497 4659 1562 4714 eo
1609 4662 1662 4714 in
1710 4663 1898 4715 codice
1933 4664 2092 4714 omit-

523 4738 669 4781 llllll’.

594 4798 703 4866 (67)
738 4797 936 4870 _Vocula
969 4817 1030 4867 γε
1064 4801 1114 4853 in
1147 4803 1336 4867 majori
1371 4814 1524 4870 parte
1556 4817 1686 4856 mss.
1719 4802 1891 4856 deest.

595 4870 703 4935 (68)
741 4868 896 4931 Illud,
924 4872 1144 4936 καὶτὰς
1178 4874 1324 4942 περί,
1363 4868 1492 4934 etc.,
1531 4875 1596 4926 ad
1643 4875 1863 4927 verbum
1895 4875 1974 4926 sic
2009 4873 2093 4925 in-

527 4941 896 5014 terpretabere
925 4957 938 4994 :
987 4954 1032 4995 et
1067 4947 1275 5008 deponit
1331 4945 1598 5012 opiniones
1633 4961 1804 4997 rerum
1834 4961 1950 5014 (μίαν
1983 4944 2092 4996 Deo

526 5027 626 5063 non
650 5010 862 5062 adsunt.

598 5079 708 5148 (69)
737 5080 858 5132 llzec
876 5082 1060 5143 verba,
1092 5083 1178 5145 Ὠς
1197 5081 1310 5147 οὖν,
1343 5095 1472 5144 etc..
1503 5086 1579 5140 sic
1603 5086 1800 5139 debent
1828 5086 2046 5150 intelligi
2075 5101 2087 5134 :

530 5152 983 5225 quemadmodum
1025 5158 1238 5225 nomina
1273 5157 1558 5222 privativa,
1585 5157 1760 5225 qualia
1795 5169 1919 5208 sunt
1952 5157 2091 5208 indi-

525 5220 746 5295 visfbile,
769 5220 1177 5295 incorrnpliliile.
1207 5220 1335 5283 ιδιά..
1373 5220 1653 5280 removent
1677 5243 1704 5279 a
1747 5228 1853 5278 Deo
1884 5228 2089 5295 cogita-

529 5293 703 5345 tiones
726 5292 985 5364 quasdam
1029 5310 1044 5347 :
1085 5296 1156 5345 ita
1205 5312 1266 5348 ea
1303 5299 1516 5349 nomina
1569 5313 1689 5364 qua:
1735 5292 2090 5361 privationem

528 5377 632 5414 non
664 5362 974 5434 praeferunt,
1005 5367 1144 5430 quod
1163 5382 1328 5433 genus
1353 5377 1474 5419 sunt
1511 5362 1696 5430 bonus,
1720 5368 1924 5434 justus,
1952 5383 2094 5420 crea-

529 5441 633 5486 tor.
662 5443 792 5487 εις..
821 5433 1106 5499 positivum
1134 5437 1386 5500 quiddam
1422 5439 1472 5488 in
1501 5438 1606 5488 Deo
1640 5433 1948 5492 ostendunt.

602 5501 712 5576 (70)
749 5501 883 5576 βιιριί
917 5503 1078 5575 σχολή
1115 5509 1165 5574 γ’
1191 5507 1277 5560 ἄν.
1321 5508 1451 5574 lleg.
1483 5508 1674 5561 tertius
1712 5506 1872 5576 σχολή
1909 5525 1971 5575 γε
2005 5507 2089 5560 ἄν.

531 5570 897 5648 (FodexhColb.
928 5570 1078 5648 euin'
1099 5570 1306 5631 duobus
1340 5570 1518 5644 lie‘giis
1567 5570 1938 5648 σχολῇΪὺθιίοξ
1984 5580 2094 5632 Hoc

534 5641 665 5717 dicit
699 5641 931 5717 Basilius
964 5664 976 5698 :
1013 5647 1068 5699 Si
1105 5641 1655 5702 substantialocatu'r
1702 5641 1847 5702 inter
1882 5664 1942 5700 ea
1975 5666 2093 5717 qua:

537 5709 730 5785 it_t_D_eo
759 5715 985 5779 positiva
1032 5733 1135 5771 non
1191 5730 1317 5771 sunt
1375 5733 1389 5771 :
1455 5720 1614 5785 longe
1678 5720 1852 5770 minus
1881 5709 2093 5784 quidvis

534 5780 677 5833 aliud
702 5796 908 5848 eorum,
943 5802 1060 5852 qum
1108 5789 1172 5843 de
1230 5789 1334 5841 Deo
1397 5780 1778 5853 lll‘sl'tllt'nllltll‘,
1830 5780 2093 5843 locabilur

2182 3251 2294 3311 τοῖς
2318 3247 2646 3319 εἰρημένοις.
2683 3245 2824 3298 Ἡδὲ
2867 3245 3024 3298 οὐσία
3051 3245 3145 3313 οὑχ
3178 3244 3236 3295 ἓν
3264 3262 3314 3296 τι
3335 3243 3443 3296 τῶν
3475 3244 3552 3315 μὴ
3589 3262 3753 3316 προσ-

2182 3341 2348 3393 όντων
2387 3340 2553 3400 ὲστὶν,
2585 3337 2699 3390 ἀλλ’
2731 3338 2858 3390 αὑτὸ
2907 3337 2967 3390 τὸ
3010 3333 3159 3390 εἶναι
3186 3335 3276 3388 τοῦ
3320 3335 3483 3399 Θεοῦ,
3519 3338 3657 3408 ὅπερ
3701 3341 3755 3390 ὲν

2182 3437 2297 3496 τοῖς
2327 3434 2400 3503 μὴ
2436 3428 2553 3486 οὖσι
2596 3429 2951 3501 καταριθμεῖν
3004 3429 3298 3500 παρανοίας
3330 3430 3447 3482 ἐστὶ
3490 3429 3589 3498 τῆς
3617 3431 3752 3482 ἀνω-

2183 3523 2349 3576 τάτω.
2402 3523 2465 3574 Εἰ
2495 3521 2602 3593 γὰρ
2639 3524 2670 3590 ἡ
2717 3520 2874 3574 οὐσία
2915 3522 2971 3573 ἐν
3023 3523 3134 3583 τοῖς
3178 3520 3250 3591 μὴ
3296 3516 3433 3581 οὖσι,
3489 3520 3655 3590 σχολῇ
3695 3538 3752 3586 γε

2185 3613 2250 3667 ἂν
2281 3613 2390 3683 (70)
2426 3614 2552 3668 ἄλλο
2578 3614 2770 3666 τιιτῶν
2792 3612 3096 3682 λεγομένων
3126 3613 3206 3683 εἴη
3257 3613 3533 3665 Δέδεικται
3563 3612 3620 3664 δὲ
3648 3613 3748 3681 ἄρα

2187 3705 2248 3757 τὸ
2281 3706 2570 3774 ἀγέννητον
2605 3708 2715 3767 τοῖς
2744 3704 2816 3775 μὴ
2855 3702 3113 3776 προσοῦσι
3152 3705 3578 3772 συντεταγμένον
3607 3705 3749 3773 (71)·

2190 3797 2329 3850 ὣστε
2357 3799 2558 3868 ψευδὴς
2593 3801 2621 3851 ὁ
2652 3798 2929 3868 τιθέμενος
2951 3798 3048 3869 τῆς
3077 3797 3261 3860 οὐσίας
3292 3796 3462 3867 αὑτῆς
3490 3792 3628 3850 εἷναι
3660 3799 3752 3867 τὴν

2194 3891 2374 3962 φωνὴν
2402 3891 2605 3958 ταύτην
2625 3891 2943 3962 δηλωτικήν.

2262 4151 2347 4204 Η.
2387 4152 2446 4204 '0
2474 4151 2552 4215 δὲ,
2587 4151 2661 4215 ὡς
2689 4150 2772 4203 ἐπ’
2814 4151 2996 4222 ἀτόπῳ
3020 4151 3096 4222 τῷ
3133 4151 3272 4205 κατὰ
3311 4152 3563 4224 στέρησίν
3597 4170 3647 4205 τι
3672 4152 3749 4206 λέ-

2189 4245 2380 4313 γεσθαι
2409 4245 2533 4315 περ).
2580 4243 2714 4297 Θεοῦ
2757 4244 3152 4316 δυσχεραίνων,
3199 4245 3290 4297 ἐπὶ
3335 4245 3394 4297 τὸ
3445 4246 3749 4298 εὑσεεέστε·

2191 4355 2282 4408 ρον
2309 4337 2420 4408 (72)
2453 4337 2614 4408 δῆθεν
2655 4337 3021 4407 καταφεύγει,
3046 4337 3106 4391 τὸ
3131 4340 3210 4402 εἰς
3242 4338 3410 4410 αὑτὴν
3445 4338 3544 4409 τὴν
3573 4338 3748 4391 οὐσίαν

2195 4530 2335 4575 .nter
2361 4537 2422 4574 ea
2457 4536 2575 4589 quae
2630 4523 2854 4590 positiva
2888 4532 3013 4575 sunt
3065 4522 3116 4574 in
3174 4521 3302 4576 Deo.
3359 4522 3571 4575 Etenim
3624 4523 3743 4575 nihil

2192 4608 2344 4660 atque
2377 4593 2619 4661 designat
2677 4593 2725 4644 in
2779 4592 2885 4644 Deo
2936 4592 3218 4660 positivum
3269 4593 3546 4660 quiddam,
3597 4603 3747 4656 atque

2193 4663 2492 4715 substantia
2529 4664 2668 4728 ipsa,
2703 4677 2862 4729 quam
2901 4665 3136 4713 ontninm
3165 4662 3335 4715 basim
3366 4679 3485 4715 esse
3521 4672 3741 4715 constat.

2193 4732 2268 4785 Ex
2299 4732 2492 4797 quibus
2513 4731 2688 4798 colligi
2721 4733 2895 4791 debet,
2933 4732 3205 4792 Basilium,
3243 4743 3299 4785 ut
3329 4732 3460 4785 alias
3489 4748 3650 4800 satpe,
3681 4735 3745 4782 ita

2195 4803 2280 4855 hic
2305 4801 2658 4864 ἐλλειπτικῶς
2691 4803 2921 4855 locutum
2978 4802 3165 4866 fuisse,
3205 4803 3282 4854 sic
3327 4815 3380 4855 ut
3411 4813 3530 4867 post
3569 4817 3744 4856 vorem

2193 4873 2277 4941 εἴη
2311 4873 2657 4941 subaudiatur
2686 4875 2742 4925 ὲν
2770 4867 2907 4933 οὖσι,
2939 4875 2992 4924 in
3045 4872 3401 4926 exstantibus:
3433 4888 3571 4938 quas
3622 4874 3743 4924 duas

2196 4940 2354 4994 voecs
2389 4940 2607 4996 Latinas
2666 4943 2716 4994 in
2781 4945 3223 5012 interpretatione
3279 4959 3494 5012 quoque
3552 4942 3740 4996 subau-

2192 5013 2413 5066 diendas
2441 5027 2558 5064 esse
2583 5028 2793 5064 moneo.

2265 5083 2375 5147 (71)
2405 5083 2541 5135 Editi
2565 5085 2624 5136 ὲν
2646 5086 2757 5146 τοῖς
2787 5084 2857 5153 μὴ
2889 5082 3149 5154 προσοῦσι
3181 5081 3738 5151 τεταγμένον.Αιιηεε.

2194 5151 2432 5222 plerique.
2468 5168 2655 5207 omnes
2691 5168 2745 5206 ut
2773 5151 2821 5206 in
2849 5151 3123 5206 contextu.

2267 5223 2378 5291 (72)
2412 5222 2701 5292 lnterpres,
2727 5227 2838 5293 qui,
2864 5235 2920 5277 ut
2953 5235 3102 5287 puto,
3139 5223 3240 5276 sibi
3287 5223 3615 5293 persuadere
3645 5236 3736 5273 non

2194 5303 2425 5362 poterat,
2462 5292 2756 5362 quidquam
2789 5298 2873 5362 pie
2907 5298 2971 5346 ab
3004 5295 3265 5346 Eunomio
3305 5292 3506 5343 dictum
3566 5293 3736 5350 fuisse,

2195 5364 2294 5417 sibi
2330 5365 2478 5417 visus
2503 5376 2582 5417 est
2631 5365 2807 5435 legere
2849 5365 2941 5416 ἐπὶ
2984 5365 3044 5416 τὸ
3089 5362 3734 5435 ἀσεϐέστερον.Αιιελριιίιιι

2193 5436 2357 5488 vertit
2399 5451 2413 5488 :
2449 5436 2516 5487 ad
2547 5430 2887 5500 αΙὶιιιΓηιοῃὶε
2918 5435 3072 5500 impie
3099 5436 3292 5485 dictum
3325 5430 3535 5499 refugit.
3575 5430 3671 5483 Sed
3692 5439 3738 5480 et

2194 5506 2320 5557 editi
2346 5516 2399 5558 et
2434 5523 2560 5559 mss.
2592 5507 2786 5558 habent
2818 5505 2908 5558 ἐπὶ
2935 5505 2994 5556 τὸ
3026 5503 3426 5573 εὐσεϐέστερον,
3457 5503 3526 5555 ad
3556 5500 3737 5568 aliquid

2194 5577 2360 5643 magis
2412 5577 2555 5639 pium
2610 5576 2891 5644 confugit:
2943 5578 3080 5643 quod
3116 5577 3320 5633 ironit-e
3366 5575 3564 5644 dictum
3612 5585 3734 5626 esse.

2195 5661 2355 5698 nemo
2385 5663 2488 5698 non
2514 5647 2674 5698 videt.
2719 5643 2827 5696 Hoc
2859 5647 2973 5711 ipso
3009 5647 3059 5698 in
3109 5646 3224 5696 loco
3253 5644 3417 5695 editio
3451 5643 3617 5695 l’aris.
3654 5655 3736 5692 m—

2193 5717 2473 5782 ταφεὺγει,
2498 5717 2589 5768 καὶ
2610 5714 2775 5785 αὑτὴν
2799 5716 2892 5785 τὴν
2913 5715 3095 5787 οὐσίαν
3121 5713 3326 5768 τίθεται
3353 5713 3412 5766 τὸ
3445 5714 3732 5787 ἀγέννητον.

2197 5781 2372 5840 Editio
2413 5787 2544 5840 Ven.
2571 5781 2928 5855 καταφεύγει,
2955 5786 3030 5855 τῷ
3056 5787 3247 5856 αὑτήν,
3277 5796 3406 5848 etc.,
3446 5796 3504 5837 ut
3557 5787 3604 5836 in
3642 5781 3735 5835 edi-
