3978 6410
249 423 349 480 537

1326 414 1693 475 ADVERSUS
1734 415 2096 474 EUNOMIUM
2137 417 2263 472 LIB.
2309 417 2347 469 l.

3364 421 3462 476 5'53

241 542 484 598 τίθεσθαι
512 539 573 592 τὸ
603 540 913 611 ἀγέννητον,
943 539 1034 592 καὶ
1057 539 1298 607 συνάγων
1329 536 1504 607 ἑαυτῷ
1530 537 1621 589 τὸν
1643 536 1798 606 λόγον

1912 535 2070 605 ltlgit;
2099 551 2163 590 eo
2190 535 2470 598 nimirum,
2501 542 2557 587 ut
2598 535 2649 586 in
2688 536 2800 602 ipsa
2839 537 3136 589 substantia
3167 536 3462 604 ingenitum

243 632 383 704 πρὸς
407 631 468 684 τὸ
490 629 800 699 κεφάλαιον,
831 627 973 681 οὕτω
993 629 1212 700 γράψει’

317 805 475 861 ΕΥΝ.
509 803 716 858 Οὐκοῦν
737 845 752 870 ,
785 806 832 856 εί
864 804 999 874 μήτε
1037 805 1154 855 κατ’
1189 803 1461 867 ἐπίνοιαν,
1495 806 1628 875 μήτε
1664 805 1804 859 κατά

243 898 534 970 στέρησιν,
568 897 703 966 μήτε
742 897 798 948 ὲν
840 895 991 966 μέρει
1019 894 1249 966 (ἀμερὴς
1275 894 1425 965 γάρ),
1461 898 1596 966 μήτε
1629 898 1686 950 ὲν
1710 897 1806 950 αὐ-

241 991 323 1061 τῷ
348 989 625 1060 ὡς’ἒτερον
658 988 879 1060 (ἁπλοῦς
903 988 1053 1060 γὰρ),
1086 991 1224 1060 μήτε
1265 991 1394 1062 παρ’
1424 990 1584 1045 αὐτὸν
1620 989 1804 1061 ’ἕτερον

245 1077 348 1152 (εἷς
371 1082 477 1151 γὰρ
518 1083 611 1134 καὶ
661 1080 816 1152 μόνος
854 1081 1200 1152 ἀγέννητος),
1247 1082 1378 1136 αὐτὸ
1411 1081 1476 1136 ἂν
1518 1083 1602 1153 εἴη
1651 1082 1806 1136 οὐσία

239 1177 560 1245 ἀγέννητος.

317 1355 465 1408 ΒΑΣ.
499 1355 708 1422 Ἤγαγε
736 1354 826 1406 τὸν
852 1353 1008 1423 λόγον
1051 1354 1134 1424 ἐφ’
1163 1353 1198 1407 ὃ.
1231 1352 1506 1421 ἐϐούλετο,
1546 1356 1637 1408 καὶ
1667 1372 1804 1408 παν-

241 1446 471 1516 τριχόθεν
510 1445 572 1499 τὸ
624 1447 916 1516 ἀγέννητον
956 1447 1307 1510 ἀποσπάσας,
1353 1450 1432 1510 είς
1480 1449 1648 1518 αὐτὴν
1693 1446 1802 1518 (⁸75)

250 1541 564 1610 συνήλασεν,
612 1538 688 1601 ὡς
743 1537 898 1608 ᾤετο,
933 1539 1271 1611 τὴνούσίαν·
1331 1541 1496 1595 εἰπὼν
1544 1543 1670 1614 περὶ
1709 1543 1802 1596 τοῦ

243 1630 382 1684 Θεοῦ
421 1629 526 1682 τῶν
568 1629 724 1690 ὅλων,
761 1629 842 1682 ὅτι
887 1631 1016 1684 αὐτὸ
1059 1631 1123 1684 ἂν
1173 1633 1256 1704 εἴη
1301 1633 1454 1686 οὐσία
1493 1634 1800 1704 ἀγέννητος.

256 1721 400 1791 Ἐγὼ
423 1723 477 1774 δὲ
522 1723 619 1792 τὴν
661 1721 758 1791 μὲν
810 1721 994 1775 οὐσίαν
1024 1723 1115 1776 τοῦ
1165 1724 1297 1777 Θεοῦ
1347 1725 1636 1794 ἀγέννητον
1669 1721 1805 1778 εἶναι

242 1817 339 1869 καὶ
355 1815 515 1878 αὐτὸς
546 1813 610 1867 ἂν
642 1815 824 1885 φαίην,
853 1814 913 1867 οὐ
947 1814 1050 1886 μὴν
1077 1815 1136 1868 τὸ
1158 1814 1447 1886 ἀγέννητον
1471 1815 1568 1886 τὴν
1596 1816 1802 1869 οὐσίαν.

1902 628 2223 688 constituat;
2251 641 2669 695 sermonemque
2711 629 2761 680 in
2799 643 3063 681 summam
3115 630 3466 698 contrahens,

1903 719 1975 773 ita
2002 719 2187 773 scribit
2215 735 2227 770 :

1974 809 2106 864 Eua.
2148 807 2315 880 Igitur
2349 811 2391 864 si
2427 823 2605 877 neque
2641 811 2935 865 secundum
2979 813 3320 881 concipiendi
3357 829 3469 868 mo-

1904 898 2052 965 dum,
2085 915 2258 968 neque
2287 900 2578 954 secundum
2621 901 3000 970 privationem,
3027 917 3202 971 neque
3231 905 3286 956 in
3317 916 3470 972 parte

1906 994 2121 1060 (quippe
2152 1001 2235 1044 est
2281 991 2667 1061 indivisibilis),
2699 1009 2870 1062 neque
2899 996 2950 1048 in
2983 997 3099 1062 ipso
3130 995 3276 1049 velut
3325 996 3468 1048 aliud

1907 1085 2155 1154 (simplex
2210 1099 2440 1152 namque
2493 1085 2622 1153 est),
2679 1101 2850 1156 neque
2905 1097 3097 1156 praeter
3152 1103 3272 1142 eum
3327 1088 3470 1142 aliud

1907 1178 2068 1248 (unus
2102 1177 2242 1230 enim
2277 1187 2360 1230 est
2393 1188 2446 1231 et
2486 1179 2631 1232 solus
2656 1178 2947 1248 ingenitus)
2981 1197 2993 1232 :
3027 1180 3127 1233 hoc
3153 1182 3322 1248 ipsum
3351 1180 3470 1234 fne-

1905 1270 1977 1322 rit
2001 1268 2184 1336 utique
2215 1268 2516 1322 substantia
2547 1270 2803 1338 ingenita.

1976 1360 2098 1415 Bas.
2156 1361 2411 1415 Perduxit
2461 1363 2758 1416 orationem
2813 1377 2917 1431 quo
2947 1363 3140 1429 voluit;
3175 1371 3228 1416 et
3257 1372 3468 1431 postea-

1903 1471 2065 1526 quam
2113 1456 2382 1509 undelibet
2430 1458 2723 1526 ingenitum
2775 1459 3028 1519 extrusit,
3076 1457 3128 1510 in
3177 1458 3364 1525 ipsam,
3415 1467 3472 1510 ut

1904 1549 2126 1618 putavit,
2177 1549 2528 1602 substantiam
2587 1549 2834 1610 intrusit,
2895 1549 3091 1618 quippe
3133 1550 3222 1616 qui
3265 1551 3329 1602 de
3365 1550 3471 1601 Deo

1903 1637 2276 1692 universorum
2333 1639 2569 1701 dixerit,
2617 1641 2758 1706 quod
2814 1638 3106 1706 ingenitum
3165 1640 3278 1708 ipsa
3325 1640 3473 1708 ing--

1905 1731 2015 1782 nita
2044 1729 2342 1782 substantia
2385 1730 2473 1783 sit.
2525 1728 2636 1796 Ego
2686 1744 2812 1783 vero
2853 1731 3204 1784 substantiam
3252 1730 3343 1784 Dei
3392 1730 3473 1784 in-

1906 1821 2139 1888 genitam
2169 1834 2310 1878 esse,
2347 1820 2508 1872 etiam
2538 1820 2651 1887 ipse
2691 1821 2942 1884 dixerint,
2975 1836 3076 1874 non
3109 1831 3285 1875 autem
3324 1822 3472 1892 inge-

246 1910 480 1962 Ἐπειτα
511 1907 692 1978 μέντοι
714 1907 947 1978 κάκείνῳ
972 1909 1255 1980 προσέχειν
1279 1909 1445 1974 ἄξιον,
1478 1910 1558 1962 ὅτι
1587 1910 1648 1963 τὸ
1674 1912 1805 1982 ἀμε-

1912 1912 2085 1965 nitum
2117 1925 2234 1966 esse
2263 1910 2649 1967 substantiam.
2677 1910 2876 1966 Deinde
2904 1913 3030 1964 illud
3067 1927 3279 1981 quoque
3300 1923 3472 1967 atten-

244 2001 338 2071 ρὲς
365 1998 456 2052 καὶ
482 1998 542 2051 τὸ
569 1993 790 2061 ἁπλοῦν,
815 1999 1006 2052 ταυτὸν
1047 2001 1286 2071 ὑπάρχον
1308 2001 1448 2054 κατά
1479 2002 1574 2073 τὴν
1603 2001 1808 2055 ἔννοιαν

244 2088 472 2160 (ἀμερές
499 2107 556 2142 τε
586 2089 694 2159 (74)
724 2090 831 2161 γάρ
869 2092 982 2143 ἐστι
1008 2090 1068 2143 τὸ
1099 2091 1172 2162 μὴ
1203 2095 1266 2145 ὲκ
1309 2092 1489 2162 μερῶν
1519 2093 1809 2162 συγκείμε-

240 2197 351 2244 νον,
382 2181 475 2234 καὶ
507 2180 710 2233 ἁπλοῦν
740 2179 996 2243 ὡσαύτως
1020 2181 1080 2233 τὸ
1107 2181 1179 2252 μὴ
1228 2183 1290 2234 ὲκ
1319 2182 1579 2236 πλειόνων
1600 2183 1696 2254 τὴν
1724 2183 1811 2235 σύ-

242 2287 433 2324 στασιν
481 2270 644 2341 ἕχον),
685 2264 837 2332 οὗτος
883 2269 958 2332 ὡς
979 2268 1301 2340 διαφέροντα
1345 2269 1422 2340 τῷ
1468 2268 1809 2340 ὑποκειμένῳ

241 2360 508 2430 διίστησιν
535 2361 628 2413 ἀπ’
651 2359 912 2429 ἀλλήλων.
947 2355 1079 2411 Εἶτα
1102 2359 1433 2430 ἀπαγορεύει
1466 2360 1540 2431 μὴ
1569 2361 1676 2412 δεῖν
1707 2377 1807 2412 κα-

241 2453 561 2523 ταμερίζειν
589 2453 678 2505 τὸν
712 2452 864 2514 Θεὸν,
898 2452 1030 2522 μηδὲ
1069 2453 1128 2505 τὸ
1164 2451 1262 2523 μέν
1303 2469 1354 2504 τι
1387 2451 1548 2504 αὑτοῦ
1583 2451 1810 2522 ἀγέννη-

241 2562 355 2606 τον.
382 2545 442 2597 τὸ
473 2544 528 2598 δὲ
553 2543 806 2615 γεννητὸν
850 2542 1205 2597 ὑποπτεύειν·
1255 2544 1379 2615 μηδ’
1421 2541 1486 2598 αὖ
1532 2544 1809 2612 ἐγκεῖσθαι

242 2637 320 2699 ὼς
346 2635 531 2707 ἕτερον
551 2637 606 2688 ὲν
636 2635 807 2706 ἑτέρῳ
835 2635 1071 2706 νομίζειν
1093 2635 1240 2705 αὐτῷ
1265 2636 1323 2689 τὸ
1350 2636 1656 2708 ἀγέννητον.
1677 2635 1810 2689 Τού-

243 2744 353 2779 των
392 2725 448 2778 δὲ
482 2725 542 2778 ea
587 2725 810 2796 μάταιον
859 2726 1078 2779 ἀποκνῶ
1109 2726 1422 2798 διελέγχειν.
1471 2729 1653 2782 Ἐοικε
1700 2729 1808 2800 γάρ

244 2833 362 2879 πως
385 2814 852 2885 συνεξομοιοῦσθαι
876 2815 950 2886 τῷ
977 2817 1412 2886 ματαιολιογοῦντι
1438 2821 1464 2871 ὁ
1491 2819 1804 2887 ἀντιλέγων.

244 2907 467 2976 Διόπερ,
492 2903 666 2977 οἶμαι,
693 2909 721 2959 ὁ
758 2907 920 2976 σοφὸς
953 2911 1236 2980 παρεγγυᾷ
1273 2909 1521 2980 Σολομὼν
1570 2910 1642 2982 μὴ
1679 2912 1810 2964 ἀπο-

245 2998 534 3068 κρίνασθαι
567 2999 676 3068 (75)
701 2999 776 3067 τῷ
811 3000 1002 3072 ἄφρονι
1029 3000 1168 3053 κατά
1198 3001 1292 3072 τὴν
1330 3003 1541 3054 ὲκείιου
1573 3003 1812 3072 ἀφροσύ-

244 3105 363 3157 νην.
403 3087 540 3151 Teii;
566 3090 671 3160 γὰρ
702 3088 811 3159 (76)
846 3091 982 3161 μήτε
1015 3091 1332 3162 εἰρημένους
1363 3092 1498 3162 μήτε
1526 3091 1809 3162 λεχθέντας

246 3182 378 3234 ποτὲ
405 3180 592 3249 λόγους
615 3179 719 3233 ὑπὸ
742 3179 1003 3250 διαίρεσιν
1035 3182 1260 3252 ἤγαγεν,
1300 3181 1386 3234 ἵνα
1426 3181 1553 3256 δόξῃ
1579 3184 1636 3234 ὲν
1679 3183 1808 3235 πολ-

245 3270 358 3334 λοῖς
400 3272 512 3332 τοῖς
555 3269 1062 3341 ἀπηριθμημένοις,
1099 3271 1220 3325 καθ’
1261 3271 1354 3324 ένα
1397 3271 1554 3342 μόνον
1589 3273 1807 3344 τρόπον,

243 3363 461 3426 οίκείως
493 3361 824 3433 ἐξευρίσκειν
851 3362 1139 3433 λεγόμενον
1180 3363 1241 3416 τὸ
1293 3364 1600 3436 ἀγέννητον.
1652 3366 1810 3436 Ἡμῖν

275 3456 301 3507 ὲ
351 3455 480 3517 ἴσως
525 3453 766 3517 πλείονος
815 3453 917 3506 ἔδει
956 3454 1111 3522 λόγου
1159 3454 1292 3526 πρὸς
1322 3455 1421 3527 τὴν
1461 3455 1553 3508 τοῦ
1588 3455 1810 3525 ψεύδους

247 3545 612 3617 παράστασιν,
649 3545 744 3598 καὶ
780 3545 916 3616 πρὸς
947 3545 1006 3597 τὸ
1030 3545 1228 3610 δεῖξαι,
1257 3547 1338 3599 ὅτι
1379 3564 1483 3619 περ
1527 3549 1624 3601 οὐκ
1655 3550 1812 3603 ουσία

245 3638 383 3691 Θεοῦ
405 3638 463 3692 τὸ
487 3638 798 3708 ἀγέννητον,
827 3638 983 3710 εἴπερ
1009 3638 1076 3691 τά
1100 3641 1157 3691 ὲν
1185 3642 1248 3710 τῇ
1276 3640 1533 3710 διαιρέσει
1562 3641 1689 3710 παρ’
1723 3643 1810 3694 αὐ-

245 3729 342 3783 τοῦ
373 3730 802 3801 ἀπηριθμημένα
855 3729 928 3800 μὴ
973 3729 1157 3799 σαφῶς
1203 3731 1570 3802 ἐξελήλεγκτο.
1597 3733 1658 3784 Εἰ
1704 3734 1810 3804 γὰρ

251 3821 487 3893 ἰσχυρῶς
532 3816 676 3891 εἶχεν
709 3824 736 3874 ὁ
775 3821 927 3890 λόγος
970 3821 1138 3892 αὐτῷ,
1168 3823 1247 3876 ὅτι
1278 3822 1400 3876 οὔτε
1432 3826 1550 3877 κατ’
1573 3825 1810 3880 ἐπίνοιαν

246 3912 372 3966 οὔτε
424 3913 560 3966 κατά
612 3913 866 3984 στέρησιν
891 3913 1222 3984 λαμϐάνεται
1263 3917 1322 3970 τὸ
1350 3918 1640 3989 ἀγέννητον
1659 3960 1673 3984 ,
1701 3920 1806 3973 οὐδ’

246 4005 392 4057 οὕτω
422 4005 520 4074 μὲν
543 4004 606 4058 ἂν
630 4006 843 4068 πάντως
865 4005 1180 4061 ἀκολουθίαν
1212 4005 1322 4080 εἶχε
1341 4009 1400 4062 τὸ
1426 4012 1805 4083 συναγόμενον.

247 4095 346 4158 Τίς
369 4096 475 4165 γὰρ
503 4096 536 4166 ἡ
579 4095 812 4168 ἀνάγκη,
845 4096 948 4148 ὑπὸ
977 4097 1033 4150 ἓν
1073 4099 1178 4153 τῶν
1211 4100 1678 4172 ἀπηριθμημένων
1713 4104 1810 4175 τὴν

248 4185 575 4256 ἀγεννησίαν
627 4189 841 4252 πεσεῖν;
882 4188 954 4240 Οὐ
1017 4188 1121 4259 μὴν
1170 4191 1291 4243 ’ἀλλ’
1325 4192 1506 4264 ἐπειδὴ
1551 4195 1709 4256 αὐτὸς
1738 4195 1812 4258 ῶς

249 4274 558 4342 ἀναγκαίως
583 4275 920 4344 συνημμένον
945 4279 1055 4338 τοῖς
1088 4278 1412 4347 προάγουσιν
1446 4281 1691 4349 ἐπιφέρει
1729 4279 1810 4343 τὸ,

250 4367 458 4421 Οὐκοῦν
485 4369 532 4419 εί
564 4368 672 4436 (77)
706 4370 840 4438 μήτε
879 4370 998 4422 κατ’
1041 4371 1299 4433 ἐπίνοιαν,
1333 4373 1468 4442 μήτε
1508 4373 1648 4425 κατά
1693 4371 1811 4424 στέ-

255 4477 430 4530 ρησιν,
467 4462 602 4530 μήτε
657 4460 797 4512 κατά
835 4461 988 4515 ἄλλον
1027 4461 1147 4514 τινά
1197 4462 1303 4515 τῶν
1348 4463 1813 4535 ἀπηριθμημένων

1911 2004 2035 2055 dere
2065 2016 2241 2070 opera:
2294 2001 2523 2070 pretium
2574 2013 2677 2065 est,
2709 2004 2852 2071 quod
2902 2002 3234 2057 indivisibite
3263 2013 3317 2057 et
3343 2007 3472 2056 sim-

1910 2093 2053 2162 plex,
2091 2110 2210 2162 qua:
2237 2093 2422 2148 eadem
2458 2102 2584 2146 sunt
2616 2093 2752 2147 inter
2795 2108 2853 2147 se
2881 2093 3281 2163 signiﬁcatione
3311 2095 3471 2164 (indi-

1907 2184 2116 2238 visibile
2145 2185 2287 2237 enim
2321 2194 2402 2238 est
2427 2183 2568 2251 quod
2598 2198 2663 2236 ex
2695 2183 2938 2252 partibus
2969 2199 3074 2236 non
3105 2185 3469 2251 componitur,

1908 2287 1962 2331 et
1985 2276 2211 2342 simplex
2259 2275 2510 2329 similiter
2533 2276 2676 2344 quod
2707 2291 2737 2330 e
2771 2275 3012 2344 pluribus
3060 2292 3162 2330 non
3199 2277 3467 2347 constat);

1908 2367 1996 2422 bic
2022 2367 2172 2436 quasi
2209 2367 2422 2421 diversa
2459 2367 2568 2420 sint
2603 2366 2868 2435 subjecto,
2917 2366 3145 2420 alterum
3196 2368 3264 2420 ab
3303 2368 3472 2422 altero

1907 2471 2140 2532 separat.
2178 2462 2369 2516 Postea
2409 2472 2576 2527 vetat,
2635 2462 2800 2516 Deum
2847 2463 3012 2516 dividi
3059 2474 3334 2532 oportere,
3381 2474 3472 2517 aut

1908 2555 2068 2608 aliam
2106 2555 2272 2624 ipsius
2300 2566 2505 2623 partem
2540 2556 2856 2622 ingenitam,
2909 2555 3067 2608 aliam
3117 2557 3352 2624 genitam
3389 2575 3473 2610 su-

1907 2645 2122 2715 spicari,
2149 2656 2242 2699 aut
2271 2661 2463 2700 rursus
2491 2645 2771 2708 arbitrari,
2804 2647 3100 2714 ingenitum
3134 2647 3185 2700 in
3217 2647 3332 2716 ipso
3358 2648 3472 2700 vel-

1908 2747 1968 2791 ut
1997 2736 2140 2790 aliud
2179 2737 2230 2790 in
2289 2737 2394 2790 alio
2456 2737 2617 2792 situm
2650 2752 2788 2794 esse.
2829 2735 3029 2790 Horum
3073 2747 3250 2791 autem
3290 2741 3471 2792 rei-bo-

1911 2843 2026 2881 rum
2064 2827 2357 2881 vanitatem
2390 2827 2528 2894 piget
2587 2841 2672 2880 me
2719 2826 3025 2882 confutare.
3069 2825 3294 2880 Videtur
3326 2829 3469 2881 enim

1907 2919 2304 2987 quodammodo
2353 2918 2547 2972 similis
2579 2919 2692 2972 ﬁeri
2730 2919 2778 2972 ei
2823 2919 2914 2988 qui
2954 2934 3087 2972 vana
3123 2919 3272 2982 dicit,
3303 2919 3348 2973 is
3379 2919 3469 2987 qui

1909 3011 2244 3065 contradicit.
2278 3009 2442 3082 224
2481 3010 2836 3081 QuaprOpter,
2863 3012 3070 3079 opinor,
3099 3012 3318 3080 sapiens
3381 3011 3476 3065 Sa-

1909 3101 2089 3155 lomon
2137 3103 2485 3168 admonet“,
2538 3111 2592 3156 ut
2637 3119 2702 3156 ne
2736 3103 3152 3171 respondeamus
3198 3103 3472 3172 insipienti

1907 3189 2059 3259 juxta
2111 3190 2470 3260 insipientiam
2528 3191 2690 3247 illius.
2733 3194 2861 3258 Quae
2892 3192 3034 3246 enim
3086 3208 3261 3262 neque
3306 3193 3472 3258 dicta,

1911 3295 2082 3349 neque
2112 3280 2318 3348 prolata
2367 3289 2494 3334 sunt
2527 3295 2787 3350 unquam,
2819 3296 2882 3335 ea
2921 3281 3008 3336 hic
3056 3296 3167 3336 sua:
3219 3283 3471 3337 divisioni

1910 3371 2158 3440 subjecit,
2191 3383 2270 3435 ut,
2303 3373 2485 3426 multis
2524 3374 2882 3438 enumeratis,
2937 3374 3178 3428 invenire
3229 3375 3476 3429 videatur

1911 3463 2206 3532 ingenitum
2261 3461 2420 3516 unico
2458 3463 2616 3517 modo
2655 3465 2869 3532 proprie
2912 3465 3038 3518 dici.
3078 3463 3244 3519 Nobis
3292 3476 3472 3519 autem

1913 3554 2137 3608 fortasse
2164 3552 2386 3622 longiori
2414 3568 2546 3622 opus
2572 3565 2716 3609 esset
2745 3554 3012 3619 oratione,
3041 3563 3098 3608 ut
3136 3555 3472 3610 mendacium

1912 3647 2304 3715 detegeremus,
2353 3644 2759 3714 ingenuumque
2811 3646 3169 3701 substantiam
3231 3646 3324 3700 Dei
3366 3661 3466 3701 non

1909 3751 2029 3790 esse
2052 3738 2545 3789 demonstraremus
2580 3753 2592 3789 :
2629 3737 2730 3790 nisi
2765 3752 2882 3806 quae
2925 3738 2993 3791 ab
3023 3752 3222 3805 e0¢per
3249 3738 3473 3791 divisio-

1909 3841 2030 3878 nem
2065 3833 2377 3878 enumerata
2409 3835 2555 3889 sunt,
2580 3827 2691 3893 jam
2742 3826 2946 3895 liquido
2991 3826 3223 3880 refutata
3270 3837 3470 3882 essent.

1909 3916 2042 3970 Nam
2073 3917 2284 3971 etiamsi
2315 3917 2418 3971 vim
2453 3919 2678 3972 haberet
2713 3920 2872 3972 allata
2907 3918 2974 3972 ab
3008 3919 3101 3972 illo
3134 3921 3295 3983 ratio,
3331 3921 3472 3988 quod

1912 4023 2084 4078 neque
2130 4023 2195 4063 ex
2253 4009 2583 4081 intelligendi
2616 4014 2794 4076 modo,
2843 4025 3019 4079 neque
3057 4026 3121 4064 ex
3179 4013 3474 4080 privatione
3543 4008 3546 4010 ’

1911 4099 2206 4170 ingenitam
2237 4103 2499 4172 accipitur
2529 4116 2545 4156 :
2583 4103 2767 4172 utique
2794 4120 2859 4157 ne
2893 4105 2972 4158 sic
2999 4105 3212 4173 quidem
3248 4105 3298 4158 id
3332 4107 3472 4174 quod

1909 4194 2128 4264 colligit,
2156 4207 2595 4264 consequeretur.
2628 4197 2764 4263 Quid
2805 4199 2948 4253 enim
2997 4213 3216 4253 necesse
3249 4208 3332 4252 est
3371 4200 3472 4253 sub

1909 4299 2016 4338 uno
2049 4297 2484 4341 enumeratorum
2517 4289 2786 4344 contineri
2820 4290 3158 4357 ingenitum?
3191 4289 3296 4345 Sed
3339 4307 3474 4359 quo—

1911 4377 2053 4431 niam
2086 4379 2200 4446 ipse
2225 4389 2478 4448 tanquam
2521 4381 2722 4451 aliquid
2776 4382 3197 4451 praacedeutibus
3225 4397 3474 4437 necessa-

1911 4467 1994 4521 rio
2022 4470 2364 4545 conjungtum
2399 4469 2564 4525 infert
2601 4471 2728 4524 illud
2756 4487 2770 4524 :
2795 4472 2963 4540 Igitur
2990 4471 3034 4525 si
3069 4486 3247 4538 neque
3280 4483 3474 4523 secun-

248 4551 469 4622 τρόπον,
505 4550 636 4602 αὐτὸ
676 4549 738 4603 ἂν
780 4551 864 4622 εἴη
898 4551 1052 4604 οὐσία
1077 4553 1367 4623 ἀγέννητος
1390 4571 1404 4584 ·
1436 4553 1606 4618 οὕτως
1648 4556 1805 4625 ἡμεῖς

1912 4558 2035 4611 dum
2076 4559 2505 4630 intelligentiam,
2538 4577 2712 4631 neque
2763 4563 3058 4616 secundum
3090 4562 3471 4630 privationem,

251 4641 700 4711 ἁντιστρέῲαντες
761 4643 1029 4711 εἴπωμεν,
1083 4643 1163 4694 ὅτι
1211 4643 1418 4696 Οὐκοῦν
1460 4645 1643 4714 ἐπειδὴ
1687 4648 1812 4698 κατ’

252 4733 490 4785 ἐπίνοιαν
529 4732 827 4804 θεωρεῖται,
876 4734 968 4785 καὶ
1019 4735 1333 4805 στερητικόν
1376 4738 1492 4788 ἐστι
1523 4736 1582 4788 τὸ
1615 4737 1808 4806 ὄνομα,

250 4825 372 4893 οὐχὶ
425 4824 580 4878 ουσία
626 4822 718 4876 τοῦ
745 4823 876 4877 Θεοῦ
919 4825 978 4877 τὸ
1022 4826 1332 4897 ἀγέννητον.
1373 4827 1516 4889 Ἕως
1558 4827 1666 4897 γὰο
1710 4829 1811 4883 οὐκ

327 4981 372 5012 θ’
393 4977 552 5034 Prov.
590 4996 734 5046 χχιιι,
761 4980 823 5034 4.

255 5157 612 5232 tione_Paris._
643 5159 820 5215 Codex
865 5158 1017 5232 Colb.
1049 5167 1102 5214 et
1130 5161 1216 5232 alii
1242 5162 1475 5232 quinque
1506 5161 1652 5232 Regii
1691 5181 1793 5218 κα-

250 5230 537 5298 ταφεύγει,
570 5230 629 5303 το
657 5233 735 5303 είς
765 5231 930 5303 αὐτὴν
954 5231 1050 5303 τὴν
1077 5231 1263 5284 οὐσίαν
1280 5231 1516 5286 τίθεσθαι
1539 5230 1607 5287 τδ
1632 5236 1792 5302 ἀγέν-

253 5317 431 5374 νητον.
463 5301 806 5374 διιρρΙε--ἡτοι
840 5301 947 5361 ἐπί,
983 5301 1035 5354 ut
1074 5303 1214 5370 legas
1245 5303 1360 5374 ἤτοι
1389 5305 1479 5356 ἐπὶ
1503 5305 1563 5356 τὸ
1594 5301 1794 5367 είςίαύ-

253 5370 351 5455 την
371 5373 492 5455 τήνῐ
514 5383 620 5424 etc.
649 5370 904 5455 Videlicet
939 5388 1002 5426 eo
1027 5370 1428 5455 contingitc‘aut
1449 5375 1596 5455 illud,
1631 5376 1690 5427 τὸ
1714 5377 1793 5455 εἰς

254 5441 444 5514 αὑτήν,
482 5443 704 5514 inverte,
739 5455 794 5494 ut
823 5443 981 5510 legas,
1014 5443 1092 5504 είς
1120 5442 1180 5494 τὸ
1207 5441 1373 5514 αὐτὴν
1403 5445 1524 5514 τήν,
1555 5457 1682 5506 etc.,
1719 5448 1793 5498 ita

253 5521 309 5563 ut
331 5509 611 5563 arbitretur
637 5509 788 5572 illud,
822 5509 1125 5580 ingenitum,
1174 5509 1341 5578 ipsani
1370 5509 1791 5568 esse'substan-

257 5582 409 5633 tiam.
446 5582 652 5635 Etenim
694 5583 967 5649 principiis
1016 5585 1125 5636 suis
1179 5583 1430 5637 insistens
1479 5583 1793 5651 Eunomius,

254 5665 381 5704 mox
411 5654 485 5704 ait
525 5651 672 5714 illud,
705 5653 980 5720 ingenitus,
1014 5655 1182 5718 ipsam
1206 5668 1324 5706 esse
1350 5658 1728 5710 substantiam.

466 5721 594 5794 [ἶρις.
623 5733 840 5791 quartus
869 5723 1188 5794 ἀποσπάσας
1220 5725 1304 5775 ἐπ’
1335 5725 1520 5794 αὐτὴν.

326 5790 439 5858 (74)
465 5792 552 5844 Sic
581 5790 708 5844 itiss.
742 5803 868 5844 tres.
901 5793 1144 5845 Abest'rs
1167 5812 1193 5844 δι
1229 5790 1474 5861 vulgatis;

323 5861 438 5932 (75)
464 5863 682 5933 Antiqui
708 5862 814 5918 duo
837 5863 957 5918 libri
994 5862 1067 5933 μὴ
1090 5864 1494 5933 ἀποκρίνεσθαι.

1915 4664 2088 4718 neque
2108 4654 2400 4705 secundum
2426 4653 2587 4707 alium
2616 4654 2778 4707 ullum
2800 4669 2866 4706 ex
2886 4653 3211 4707 enumeratis
3235 4653 3470 4714 modum,

1917 4740 2211 4810 ingenitum
2257 4745 2441 4812 utique
2504 4745 2730 4813 ipsumet
2781 4743 2941 4797 fuerit
2979 4742 3282 4800 substantia
3329 4744 3476 4813 inge-

1883 4825 1889 4831 ’
1920 4831 2031 4887 uita
2061 4854 2072 4888 :
2101 4848 2196 4888 nos
2229 4845 2605 4904 retorquentes
2627 4837 2705 4891 sic
2731 4835 3002 4890 dicamus:
3023 4835 3188 4906 Igitur
3218 4837 3471 4906 quoniam

1969 5165 2082 5237 (76)
2115 5165 2314 5220 llorum
2350 5167 2654 5230 verborum,
2687 5167 2836 5238 Τοὺς
2865 5166 2998 5238 γάρ,
3048 5175 3181 5238 etc.,
3233 5167 3345 5219 lnec
3393 5178 3473 5221 est

1899 5241 2165 5290 sententia
2206 5255 2218 5290 :
2267 5238 2580 5308 divisionem
2624 5237 2806 5308 illam,
2847 5237 2984 5308 μήτε
3046 5237 3163 5289 κατ’
3209 5238 3470 5300 ἐπίνοιαν,

1901 5308 2034 5378 μήτε
2059 5308 2198 5361 κατὰ
2246 5306 2520 5378 στέρησιν,
2568 5307 2702 5377 μήτε
2738 5309 2795 5359 ἐν
2827 5306 3009 5378 μέρει,
3042 5308 3336 5360 Eunomius
3375 5311 3473 5360 lin—

1899 5382 1998 5443 xit,
2034 5393 2258 5446 eamque
2293 5381 2497 5442 primus
2533 5381 2825 5445 evulgavit.

1969 5449 2077 5520 (Π)
2107 5445 2439 5513 ΙΙΙλί,Οὐκοῦν
2468 5448 2535 5520 εί,
2557 5448 2624 5500 ita
2648 5449 2897 5520 intellige
2927 5465 2939 5500 :
2980 5446 3035 5499 Si
3073 5460 3247 5512 neque
3270 5460 3467 5498 secun-

1898 5517 2020 5574 dum
2069 5531 2306 5571 nostram
2355 5517 2677 5587 intelligendi
2727 5520 3010 5582 rationem,
3061 5529 3235 5583 neque
3281 5531 3472 5569 secun-

1907 5592 2031 5645 dum
2065 5589 2439 5657 privationem,
2476 5603 2648 5655 neque
2680 5590 2972 5642 secundum
3002 5587 3136 5638 alios
3172 5599 3306 5657 quos
3339 5600 3473 5639 enu-

1907 5656 2231 5712 nieravitnus
2288 5659 2616 5727 intelligendi
2675 5659 2858 5710 modos
2919 5659 3206 5727 ingenitum
3235 5656 3308 5727 de
3367 5657 3472 5709 Deo

1907 5731 2135 5794 dicitur;
2159 5739 2404 5796 gnecesse
2448 5725 2530 5781 est
2557 5737 2613 5780 ut
2644 5729 2934 5796 ingenitum
2967 5727 3080 5796 ipsa
3127 5725 3198 5780 sit
3233 5725 3471 5794 ingenita

1906 5801 2142 5856 essentia
2171 5799 2600 5868 substantiaque.
