  <div class='ocr_page' id='page_1' title='image "/cluster/home/n/w/nwhite01/storage/ocr_20150623/29/hvd.32044011320256/703.png"; bbox 0 0 3978 6410; ppageno 0'>
   <div class='ocr_carea' id='block_1_1' title="bbox 554 413 656 458">
    <p class='ocr_par' dir='ltr' id='par_1_1' title="bbox 554 413 656 458">
     <span class='ocr_line' id='line_1_1' title="bbox 554 413 656 458; baseline 0.02 -2"><span class='ocrx_word' id='word_1_1' title='bbox 554 413 656 458; x_wconf 63' lang='lat'><strong>3&#39;09</strong></span> 
     </span>
    </p>
   </div>
   <div class='ocr_carea' id='block_1_2' title="bbox 1865 399 2455 455">
    <p class='ocr_par' dir='ltr' id='par_1_2' title="bbox 1865 399 2455 455">
     <span class='ocr_line' id='line_1_2' title="bbox 1865 399 2455 455; baseline 0.005 -4"><span class='ocrx_word' id='word_1_2' title='bbox 1865 401 1922 453; x_wconf 75' lang='grc' dir='ltr'>ὃ.</span> <span class='ocrx_word' id='word_1_3' title='bbox 1963 399 2204 454; x_wconf 73' lang='lat' dir='ltr'><strong>DASILII</strong></span> <span class='ocrx_word' id='word_1_4' title='bbox 2245 399 2455 455; x_wconf 72' lang='lat' dir='ltr'><strong>MAGNI</strong></span> 
     </span>
    </p>
   </div>
   <div class='ocr_carea' id='block_1_3' title="bbox 3685 400 3777 452">
    <p class='ocr_par' dir='ltr' id='par_1_3' title="bbox 3685 400 3777 452">
     <span class='ocr_line' id='line_1_3' title="bbox 3685 400 3777 452; baseline 0 0"><span class='ocrx_word' id='word_1_5' title='bbox 3685 400 3777 452; x_wconf 68' lang='grc'><strong>540</strong></span> 
     </span>
    </p>
   </div>
   <div class='ocr_carea' id='block_1_4' title="bbox 554 518 2110 594">
    <p class='ocr_par' dir='ltr' id='par_1_4' title="bbox 554 519 2110 590">
     <span class='ocr_line' id='line_1_4' title="bbox 554 519 2110 590; baseline 0.003 -19"><span class='ocrx_word' id='word_1_6' title='bbox 554 521 764 572; x_wconf 86' lang='lat' dir='ltr'><strong>ratione</strong></span> <span class='ocrx_word' id='word_1_7' title='bbox 798 520 1195 584; x_wconf 82' lang='lat' dir='ltr'><strong>consuleratur,</strong></span> <span class='ocrx_word' id='word_1_8' title='bbox 1231 528 1285 574; x_wconf 89' lang='lat' dir='ltr'><strong>et</strong></span> <span class='ocrx_word' id='word_1_9' title='bbox 1307 519 1631 590; x_wconf 79' lang='lat' dir='ltr'><strong>privativum</strong></span> <span class='ocrx_word' id='word_1_10' title='bbox 1663 535 1852 575; x_wconf 82' lang='lat' dir='ltr'><strong>nomen</strong></span> <span class='ocrx_word' id='word_1_11' title='bbox 1875 532 1976 587; x_wconf 91' lang='lat' dir='ltr'><strong>est,</strong></span> <span class='ocrx_word' id='word_1_12' title='bbox 2013 537 2110 576; x_wconf 90' lang='lat' dir='ltr'><strong>non</strong></span> 
     </span>
    </p>
   </div>
   <div class='ocr_carea' id='block_1_5' title="bbox 2212 518 3778 594">
    <p class='ocr_par' dir='ltr' id='par_1_5' title="bbox 2223 518 3778 594">
     <span class='ocr_line' id='line_1_5' title="bbox 2223 518 3778 594; baseline -0.002 -20"><span class='ocrx_word' id='word_1_13' title='bbox 2223 523 2432 593; x_wconf 75' lang='grc' dir='ltr'><strong>ἐλέγχει</strong></span> <span class='ocrx_word' id='word_1_14' title='bbox 2482 522 2548 575; x_wconf 81' lang='grc' dir='ltr'><strong>τὰ</strong></span> <span class='ocrx_word' id='word_1_15' title='bbox 2601 521 2879 594; x_wconf 71' lang='grc' dir='ltr'>εἰρημένα,</span> <span class='ocrx_word' id='word_1_16' title='bbox 2929 521 3047 575; x_wconf 79' lang='grc' dir='ltr'>οὐδὲ</span> <span class='ocrx_word' id='word_1_17' title='bbox 3084 523 3200 584; x_wconf 85' lang='grc' dir='ltr'>ταῖς</span> <span class='ocrx_word' id='word_1_18' title='bbox 3228 521 3558 592; x_wconf 81' lang='grc' dir='ltr'>προτάσεσιν</span> <span class='ocrx_word' id='word_1_19' title='bbox 3595 518 3778 572; x_wconf 73' lang='grc' dir='ltr'>ἑαυτοῦ</span> 
     </span>
    </p>
   </div>
   <div class='ocr_carea' id='block_1_6' title="bbox 551 611 2123 681">
    <p class='ocr_par' dir='ltr' id='par_1_6' title="bbox 551 611 2123 681">
     <span class='ocr_line' id='line_1_6' title="bbox 551 611 2123 681; baseline 0.003 -17"><span class='ocrx_word' id='word_1_20' title='bbox 551 621 633 664; x_wconf 92' lang='lat' dir='ltr'><strong>est</strong></span> <span class='ocrx_word' id='word_1_21' title='bbox 684 611 988 664; x_wconf 90' lang='lat' dir='ltr'><strong>substantia</strong></span> <span class='ocrx_word' id='word_1_22' title='bbox 1037 613 1129 666; x_wconf 88' lang='lat' dir='ltr'><strong>Dei</strong></span> <span class='ocrx_word' id='word_1_23' title='bbox 1191 612 1512 680; x_wconf 77' lang='lat' dir='ltr'><strong>ingenitum.</strong></span> <span class='ocrx_word' id='word_1_24' title='bbox 1550 611 1794 677; x_wconf 82' lang='lat' dir='ltr'><strong>Quandiu</strong></span> <span class='ocrx_word' id='word_1_25' title='bbox 1827 613 1967 667; x_wconf 91' lang='lat' dir='ltr'><strong>enim</strong></span> <span class='ocrx_word' id='word_1_26' title='bbox 2005 629 2123 681; x_wconf 76' lang='lat' dir='ltr'><strong>qua:</strong></span> 
     </span>
    </p>
   </div>
   <div class='ocr_carea' id='block_1_7' title="bbox 553 702 2121 774">
    <p class='ocr_par' dir='ltr' id='par_1_7' title="bbox 553 702 2121 774">
     <span class='ocr_line' id='line_1_7' title="bbox 553 702 2121 774; baseline 0.003 -19"><span class='ocrx_word' id='word_1_27' title='bbox 553 702 859 756; x_wconf 82' lang='lat' dir='ltr'><strong>nobisdicta</strong></span> <span class='ocrx_word' id='word_1_28' title='bbox 889 713 1012 757; x_wconf 91' lang='lat' dir='ltr'><strong>sunt</strong></span> <span class='ocrx_word' id='word_1_29' title='bbox 1035 719 1137 757; x_wconf 92' lang='lat' dir='ltr'><strong>non</strong></span> <span class='ocrx_word' id='word_1_30' title='bbox 1168 703 1384 768; x_wconf 80' lang='lat' dir='ltr'><strong>rel&#39;utat,</strong></span> <span class='ocrx_word' id='word_1_31' title='bbox 1411 719 1508 757; x_wconf 89' lang='lat' dir='ltr'><strong>nec</strong></span> <span class='ocrx_word' id='word_1_32' title='bbox 1533 704 1644 757; x_wconf 90' lang='lat' dir='ltr'><strong>suis</strong></span> <span class='ocrx_word' id='word_1_33' title='bbox 1673 706 2121 774; x_wconf 71' lang='lat' dir='ltr'><strong>propositionibus</strong></span> 
     </span>
    </p>
   </div>
   <div class='ocr_carea' id='block_1_8' title="bbox 549 786 2118 866">
    <p class='ocr_par' dir='ltr' id='par_1_8' title="bbox 549 786 2118 866">
     <span class='ocr_line' id='line_1_8' title="bbox 549 786 2118 866; baseline 0.002 -15"><span class='ocrx_word' id='word_1_34' title='bbox 549 786 718 851; x_wconf 77' lang='lat' dir='ltr'><strong>robur</strong></span> <span class='ocrx_word' id='word_1_35' title='bbox 737 795 905 860; x_wconf 82' lang='lat' dir='ltr'><strong>addit,</strong></span> <span class='ocrx_word' id='word_1_36' title='bbox 940 796 988 850; x_wconf 89' lang='lat' dir='ltr'><strong>id</strong></span> <span class='ocrx_word' id='word_1_37' title='bbox 1027 798 1167 866; x_wconf 90' lang='lat' dir='ltr'><strong>quod</strong></span> <span class='ocrx_word' id='word_1_38' title='bbox 1193 798 1415 864; x_wconf 83' lang='lat' dir='ltr'><strong>colligit,</strong></span> <span class='ocrx_word' id='word_1_39' title='bbox 1457 798 1655 852; x_wconf 88' lang='lat' dir='ltr'><strong>nullum</strong></span> <span class='ocrx_word' id='word_1_40' title='bbox 1681 799 1852 852; x_wconf 87' lang='lat' dir='ltr'><strong>locum</strong></span> <span class='ocrx_word' id='word_1_41' title='bbox 1888 801 2118 854; x_wconf 86' lang='lat' dir='ltr'><strong>habebit.</strong></span> 
     </span>
    </p>
   </div>
   <div class='ocr_carea' id='block_1_9' title="bbox 626 887 2122 960">
    <p class='ocr_par' dir='ltr' id='par_1_9' title="bbox 626 887 2122 960">
     <span class='ocr_line' id='line_1_9' title="bbox 626 887 2122 960; baseline 0.003 -20"><span class='ocrx_word' id='word_1_42' title='bbox 626 887 708 940; x_wconf 70' lang='lat'><strong>12.</strong></span> <span class='ocrx_word' id='word_1_43' title='bbox 771 887 825 940; x_wconf 91' lang='lat' dir='ltr'><strong>In</strong></span> <span class='ocrx_word' id='word_1_44' title='bbox 871 903 1123 954; x_wconf 88' lang='lat' dir='ltr'><strong>summa,</strong></span> <span class='ocrx_word' id='word_1_45' title='bbox 1181 890 1318 958; x_wconf 90' lang='lat' dir='ltr'><strong>quod</strong></span> <span class='ocrx_word' id='word_1_46' title='bbox 1383 898 1532 958; x_wconf 82' lang='lat' dir='ltr'><strong>putat</strong></span> <span class='ocrx_word' id='word_1_47' title='bbox 1571 904 1628 943; x_wconf 88' lang='lat' dir='ltr'><strong>se</strong></span> <span class='ocrx_word' id='word_1_48' title='bbox 1666 890 1778 955; x_wconf 92' lang='lat' dir='ltr'><strong>Dei,</strong></span> <span class='ocrx_word' id='word_1_49' title='bbox 1829 891 1917 959; x_wconf 88' lang='lat' dir='ltr'><strong>qui</strong></span> <span class='ocrx_word' id='word_1_50' title='bbox 1959 905 2122 960; x_wconf 85' lang='lat' dir='ltr'><strong>super</strong></span> 
     </span>
    </p>
   </div>
   <div class='ocr_carea' id='block_1_10' title="bbox 519 998 2121 1072">
    <p class='ocr_par' dir='ltr' id='par_1_10' title="bbox 519 998 2121 1072">
     <span class='ocr_line' id='line_1_10' title="bbox 519 998 2121 1072; baseline 0.004 -22"><span class='ocrx_word' id='word_1_51' title='bbox 519 998 732 1052; x_wconf 84' lang='lat' dir='ltr'><strong>omnia</strong></span> <span class='ocrx_word' id='word_1_52' title='bbox 775 1009 878 1065; x_wconf 90' lang='lat' dir='ltr'><strong>est,</strong></span> <span class='ocrx_word' id='word_1_53' title='bbox 925 1001 1282 1055; x_wconf 77' lang='lat' dir='ltr'><strong>substantiam</strong></span> <span class='ocrx_word' id='word_1_54' title='bbox 1336 1002 1505 1071; x_wconf 85' lang='lat' dir='ltr'><strong>ipsam</strong></span> <span class='ocrx_word' id='word_1_55' title='bbox 1565 1003 1928 1069; x_wconf 88' lang='lat' dir='ltr'><strong>adinvenisse,</strong></span> <span class='ocrx_word' id='word_1_56' title='bbox 1957 1019 2121 1072; x_wconf 85' lang='lat' dir='ltr'><strong>quan-</strong></span> 
     </span>
    </p>
   </div>
   <div class='ocr_carea' id='block_1_11' title="bbox 554 1091 2119 1163">
    <p class='ocr_par' dir='ltr' id='par_1_11' title="bbox 554 1091 2119 1163">
     <span class='ocr_line' id='line_1_11' title="bbox 554 1091 2119 1163; baseline 0.004 -22"><span class='ocrx_word' id='word_1_57' title='bbox 554 1099 620 1141; x_wconf 78' lang='lat' dir='ltr'><strong>tze</strong></span> <span class='ocrx_word' id='word_1_58' title='bbox 652 1091 914 1157; x_wconf 68' lang='lat' dir='ltr'><strong>superbia:</strong></span> <span class='ocrx_word' id='word_1_59' title='bbox 937 1103 1018 1143; x_wconf 90' lang='lat' dir='ltr'><strong>cst</strong></span> <span class='ocrx_word' id='word_1_60' title='bbox 1038 1102 1197 1162; x_wconf 82' lang='lat' dir='ltr'><strong>atque</strong></span> <span class='ocrx_word' id='word_1_61' title='bbox 1220 1091 1504 1146; x_wconf 86' lang='lat' dir='ltr'><strong>elationis!</strong></span> <span class='ocrx_word' id='word_1_62' title='bbox 1536 1091 1671 1146; x_wconf 85' lang='lat' dir='ltr'><strong>Fere</strong></span> <span class='ocrx_word' id='word_1_63' title='bbox 1701 1093 1840 1147; x_wconf 91' lang='lat' dir='ltr'><strong>enim</strong></span> <span class='ocrx_word' id='word_1_64' title='bbox 1862 1095 2119 1163; x_wconf 86' lang='lat' dir='ltr'><strong>jactantia</strong></span> 
     </span>
    </p>
   </div>
   <div class='ocr_carea' id='block_1_12' title="bbox 552 1181 2119 1254">
    <p class='ocr_par' dir='ltr' id='par_1_12' title="bbox 552 1181 2119 1254">
     <span class='ocr_line' id='line_1_12' title="bbox 552 1181 2119 1254; baseline 0.005 -22"><span class='ocrx_word' id='word_1_65' title='bbox 552 1190 811 1248; x_wconf 86' lang='lat' dir='ltr'><strong>superant</strong></span> <span class='ocrx_word' id='word_1_66' title='bbox 841 1181 922 1234; x_wconf 82' lang='lat' dir='ltr'><strong>vel</strong></span> <span class='ocrx_word' id='word_1_67' title='bbox 961 1183 1109 1235; x_wconf 89' lang='lat' dir='ltr'><strong>illum</strong></span> <span class='ocrx_word' id='word_1_68' title='bbox 1171 1184 1368 1251; x_wconf 86' lang='lat' dir='ltr'><strong>ipsum,</strong></span> <span class='ocrx_word' id='word_1_69' title='bbox 1423 1186 1512 1252; x_wconf 89' lang='lat' dir='ltr'><strong>qui</strong></span> <span class='ocrx_word' id='word_1_70' title='bbox 1563 1185 1739 1238; x_wconf 79' lang='lat' dir='ltr'><strong>dixit:</strong></span> <span class='ocrx_word' id='word_1_71' title='bbox 1777 1185 1947 1254; x_wconf 79' lang='lat' dir='ltr'><strong>Super</strong></span> <span class='ocrx_word' id='word_1_72' title='bbox 1975 1199 2119 1240; x_wconf 83' lang='lat' dir='ltr'><strong>astra</strong></span> 
     </span>
    </p>
   </div>
   <div class='ocr_carea' id='block_1_13' title="bbox 550 1271 2110 1341">
    <p class='ocr_par' dir='ltr' id='par_1_13' title="bbox 550 1271 2110 1341">
     <span class='ocr_line' id='line_1_13' title="bbox 550 1271 2110 1341; baseline 0.006 -21"><span class='ocrx_word' id='word_1_73' title='bbox 550 1285 737 1335; x_wconf 86' lang='lat' dir='ltr'><strong>ponam</strong></span> <span class='ocrx_word' id='word_1_74' title='bbox 761 1271 930 1323; x_wconf 82' lang='lat' dir='ltr'><strong>sedem</strong></span> <span class='ocrx_word' id='word_1_75' title='bbox 961 1289 1123 1324; x_wconf 77' lang='lat' dir='ltr'><strong>meum</strong></span> <span class='ocrx_word' id='word_1_76' title='bbox 1147 1274 1191 1304; x_wconf 88' lang='lat'><strong>&quot;°</strong></span> <span class='ocrx_word' id='word_1_77' title='bbox 1219 1291 1232 1326; x_wconf 88' lang='lat'><strong>:</strong></span> <span class='ocrx_word' id='word_1_78' title='bbox 1263 1275 1350 1341; x_wconf 92' lang='lat' dir='ltr'><strong>qui</strong></span> <span class='ocrx_word' id='word_1_79' title='bbox 1387 1275 1592 1326; x_wconf 81' lang='lat' dir='ltr'><strong>scilicet</strong></span> <span class='ocrx_word' id='word_1_80' title='bbox 1621 1290 1724 1328; x_wconf 92' lang='lat' dir='ltr'><strong>non</strong></span> <span class='ocrx_word' id='word_1_81' title='bbox 1761 1286 1944 1328; x_wconf 90' lang='lat' dir='ltr'><strong>contra</strong></span> <span class='ocrx_word' id='word_1_82' title='bbox 1979 1276 2110 1329; x_wconf 87' lang='lat' dir='ltr'><strong>stel-</strong></span> 
     </span>
    </p>
   </div>
   <div class='ocr_carea' id='block_1_14' title="bbox 552 1358 2114 1435">
    <p class='ocr_par' dir='ltr' id='par_1_14' title="bbox 552 1358 2114 1435">
     <span class='ocr_line' id='line_1_14' title="bbox 552 1358 2114 1435; baseline 0.006 -23"><span class='ocrx_word' id='word_1_83' title='bbox 552 1358 630 1412; x_wconf 87' lang='lat' dir='ltr'><strong>las</strong></span> <span class='ocrx_word' id='word_1_84' title='bbox 651 1372 740 1412; x_wconf 89' lang='lat' dir='ltr'><strong>aut</strong></span> <span class='ocrx_word' id='word_1_85' title='bbox 759 1363 952 1416; x_wconf 71' lang='lat' dir='ltr'><strong>emlum</strong></span> <span class='ocrx_word' id='word_1_86' title='bbox 975 1363 1275 1433; x_wconf 76' lang='lat' dir='ltr'><strong>insurgunt,</strong></span> <span class='ocrx_word' id='word_1_87' title='bbox 1305 1367 1396 1419; x_wconf 88' lang='lat' dir='ltr'><strong>sed</strong></span> <span class='ocrx_word' id='word_1_88' title='bbox 1424 1367 1590 1435; x_wconf 87' lang='lat' dir='ltr'><strong>ipsam</strong></span> <span class='ocrx_word' id='word_1_89' title='bbox 1625 1365 1714 1420; x_wconf 88' lang='lat' dir='ltr'><strong>Dei</strong></span> <span class='ocrx_word' id='word_1_90' title='bbox 1743 1368 2114 1422; x_wconf 87' lang='lat' dir='ltr'><strong>universorum</strong></span> 
     </span>
    </p>
   </div>
   <div class='ocr_carea' id='block_1_15' title="bbox 552 1451 2120 1527">
    <p class='ocr_par' dir='ltr' id='par_1_15' title="bbox 552 1451 2120 1527">
     <span class='ocr_line' id='line_1_15' title="bbox 552 1451 2120 1527; baseline 0.006 -23"><span class='ocrx_word' id='word_1_91' title='bbox 552 1451 908 1506; x_wconf 82' lang='lat' dir='ltr'><strong>substantiam</strong></span> <span class='ocrx_word' id='word_1_92' title='bbox 962 1457 1254 1522; x_wconf 82' lang='lat' dir='ltr'><strong>pervadere</strong></span> <span class='ocrx_word' id='word_1_93' title='bbox 1288 1472 1344 1511; x_wconf 87' lang='lat' dir='ltr'><strong>se</strong></span> <span class='ocrx_word' id='word_1_94' title='bbox 1378 1459 1696 1527; x_wconf 84' lang='lat' dir='ltr'><strong>glorientur.</strong></span> <span class='ocrx_word' id='word_1_95' title='bbox 1734 1459 2120 1513; x_wconf 88' lang='lat' dir='ltr'><strong>Percontemur</strong></span> 
     </span>
    </p>
   </div>
   <div class='ocr_carea' id='block_1_16' title="bbox 552 1547 2116 1617">
    <p class='ocr_par' dir='ltr' id='par_1_16' title="bbox 552 1547 2116 1617">
     <span class='ocr_line' id='line_1_16' title="bbox 552 1547 2116 1617; baseline 0.008 -25"><span class='ocrx_word' id='word_1_96' title='bbox 552 1553 730 1596; x_wconf 89' lang='lat' dir='ltr'><strong>autem</strong></span> <span class='ocrx_word' id='word_1_97' title='bbox 763 1561 906 1609; x_wconf 89' lang='lat' dir='ltr'><strong>eum,</strong></span> <span class='ocrx_word' id='word_1_98' title='bbox 930 1547 1194 1600; x_wconf 86' lang='lat' dir='ltr'><strong>undenatn</strong></span> <span class='ocrx_word' id='word_1_99' title='bbox 1230 1550 1703 1617; x_wconf 86' lang='lat' dir='ltr'><strong>comprehendisse</strong></span> <span class='ocrx_word' id='word_1_100' title='bbox 1729 1565 1787 1604; x_wconf 90' lang='lat' dir='ltr'><strong>se</strong></span> <span class='ocrx_word' id='word_1_101' title='bbox 1813 1565 1927 1604; x_wconf 87' lang='lat' dir='ltr'><strong>eam</strong></span> <span class='ocrx_word' id='word_1_102' title='bbox 1954 1551 2116 1605; x_wconf 88' lang='lat' dir='ltr'><strong>dicat.</strong></span> 
     </span>
    </p>
   </div>
   <div class='ocr_carea' id='block_1_17' title="bbox 552 1634 2116 1708">
    <p class='ocr_par' dir='ltr' id='par_1_17' title="bbox 552 1634 2116 1708">
     <span class='ocr_line' id='line_1_17' title="bbox 552 1634 2116 1708; baseline 0.006 -23"><span class='ocrx_word' id='word_1_103' title='bbox 552 1634 632 1685; x_wconf 57' lang='lat' dir='ltr'><strong>lix</strong></span> <span class='ocrx_word' id='word_1_104' title='bbox 656 1637 1000 1690; x_wconf 90' lang='lat' dir='ltr'><strong>communine</strong></span> <span class='ocrx_word' id='word_1_105' title='bbox 1025 1638 1278 1691; x_wconf 86' lang='lat' dir='ltr'><strong>notione?</strong></span> <span class='ocrx_word' id='word_1_106' title='bbox 1299 1640 1363 1692; x_wconf 84' lang='lat' dir='ltr'><strong>At</strong></span> <span class='ocrx_word' id='word_1_107' title='bbox 1381 1640 1490 1693; x_wconf 67' lang='lat' dir='ltr'><strong>haec</strong></span> <span class='ocrx_word' id='word_1_108' title='bbox 1515 1640 1679 1694; x_wconf 88' lang='lat' dir='ltr'><strong>Deum</strong></span> <span class='ocrx_word' id='word_1_109' title='bbox 1699 1655 1840 1704; x_wconf 89' lang='lat' dir='ltr'><strong>esse,</strong></span> <span class='ocrx_word' id='word_1_110' title='bbox 1866 1657 1968 1694; x_wconf 93' lang='lat' dir='ltr'><strong>non</strong></span> <span class='ocrx_word' id='word_1_111' title='bbox 1991 1641 2116 1708; x_wconf 88' lang='lat' dir='ltr'><strong>quid</strong></span> 
     </span>
    </p>
   </div>
   <div class='ocr_carea' id='block_1_18' title="bbox 552 1724 2113 1798">
    <p class='ocr_par' dir='ltr' id='par_1_18' title="bbox 552 1724 2113 1798">
     <span class='ocr_line' id='line_1_18' title="bbox 552 1724 2113 1798; baseline 0.006 -23"><span class='ocrx_word' id='word_1_112' title='bbox 552 1724 643 1785; x_wconf 90' lang='lat' dir='ltr'><strong>sit,</strong></span> <span class='ocrx_word' id='word_1_113' title='bbox 669 1740 764 1777; x_wconf 90' lang='lat' dir='ltr'><strong>nos</strong></span> <span class='ocrx_word' id='word_1_114' title='bbox 795 1727 1063 1780; x_wconf 89' lang='lat' dir='ltr'><strong>admonet.</strong></span> <span class='ocrx_word' id='word_1_115' title='bbox 1109 1728 1189 1780; x_wconf 90' lang='lat' dir='ltr'><strong>An</strong></span> <span class='ocrx_word' id='word_1_116' title='bbox 1248 1743 1310 1782; x_wconf 81' lang='lat' dir='ltr'><strong>ex</strong></span> <span class='ocrx_word' id='word_1_117' title='bbox 1356 1729 1598 1788; x_wconf 88' lang='lat' dir='ltr'><strong>doctrina</strong></span> <span class='ocrx_word' id='word_1_118' title='bbox 1640 1728 1906 1798; x_wconf 87' lang='lat' dir='ltr'><strong>Spiritus?</strong></span> <span class='ocrx_word' id='word_1_119' title='bbox 1937 1731 2113 1797; x_wconf 82' lang='lat' dir='ltr'><strong>Quali,</strong></span> 
     </span>
    </p>
   </div>
   <div class='ocr_carea' id='block_1_19' title="bbox 550 1814 2115 1886">
    <p class='ocr_par' dir='ltr' id='par_1_19' title="bbox 550 1814 2115 1886">
     <span class='ocr_line' id='line_1_19' title="bbox 550 1814 2115 1886; baseline 0.008 -21"><span class='ocrx_word' id='word_1_120' title='bbox 550 1821 642 1865; x_wconf 86' lang='lat' dir='ltr'><strong>aut</strong></span> <span class='ocrx_word' id='word_1_121' title='bbox 681 1814 767 1866; x_wconf 89' lang='lat' dir='ltr'><strong>ubi</strong></span> <span class='ocrx_word' id='word_1_122' title='bbox 817 1815 1048 1868; x_wconf 83' lang='lat' dir='ltr'><strong>tradita?</strong></span> <span class='ocrx_word' id='word_1_123' title='bbox 1085 1817 1270 1872; x_wconf 85' lang='lat' dir='ltr'><strong>Nonne</strong></span> <span class='ocrx_word' id='word_1_124' title='bbox 1297 1834 1517 1886; x_wconf 81' lang='lat' dir='ltr'><strong>magnus</strong></span> <span class='ocrx_word' id='word_1_125' title='bbox 1559 1819 1645 1874; x_wconf 90' lang='lat' dir='ltr'><strong>ille</strong></span> <span class='ocrx_word' id='word_1_126' title='bbox 1699 1822 1864 1877; x_wconf 73' lang='lat' dir='ltr'><strong>David</strong></span> <span class='ocrx_word' id='word_1_127' title='bbox 1904 1824 1988 1877; x_wconf 91' lang='lat' dir='ltr'><strong>cui</strong></span> <span class='ocrx_word' id='word_1_128' title='bbox 2026 1839 2115 1877; x_wconf 93' lang='lat' dir='ltr'><strong>oc-</strong></span> 
     </span>
    </p>
   </div>
   <div class='ocr_carea' id='block_1_20' title="bbox 553 1904 2111 1977">
    <p class='ocr_par' dir='ltr' id='par_1_20' title="bbox 553 1904 2111 1977">
     <span class='ocr_line' id='line_1_20' title="bbox 553 1904 2111 1977; baseline 0.007 -20"><span class='ocrx_word' id='word_1_129' title='bbox 553 1904 700 1957; x_wconf 84' lang='lat' dir='ltr'><strong>CnIta</strong></span> <span class='ocrx_word' id='word_1_130' title='bbox 725 1905 1144 1974; x_wconf 80' lang='lat' dir='ltr'><strong>abseonditaque</strong></span> <span class='ocrx_word' id='word_1_131' title='bbox 1181 1923 1289 1961; x_wconf 79' lang='lat' dir='ltr'><strong>sua:</strong></span> <span class='ocrx_word' id='word_1_132' title='bbox 1319 1910 1592 1977; x_wconf 86' lang='lat' dir='ltr'><strong>sapientiae</strong></span> <span class='ocrx_word' id='word_1_133' title='bbox 1628 1912 1767 1966; x_wconf 90' lang='lat' dir='ltr'><strong>Deus</strong></span> <span class='ocrx_word' id='word_1_134' title='bbox 1793 1914 2111 1968; x_wconf 82' lang='lat' dir='ltr'><strong>manifesta--</strong></span> 
     </span>
    </p>
   </div>
   <div class='ocr_carea' id='block_1_21' title="bbox 550 1995 2113 2072">
    <p class='ocr_par' dir='ltr' id='par_1_21' title="bbox 550 1995 2113 2072">
     <span class='ocr_line' id='line_1_21' title="bbox 550 1995 2113 2072; baseline 0.008 -25"><span class='ocrx_word' id='word_1_135' title='bbox 550 1997 646 2057; x_wconf 90' lang='lat' dir='ltr'><strong>vit,</strong></span> <span class='ocrx_word' id='word_1_136' title='bbox 681 1995 854 2062; x_wconf 81' lang='lat' dir='ltr'><strong>palam</strong></span> <span class='ocrx_word' id='word_1_137' title='bbox 905 1999 1194 2051; x_wconf 84' lang='lat' dir='ltr'><strong>contitetur</strong></span> <span class='ocrx_word' id='word_1_138' title='bbox 1225 2000 1551 2055; x_wconf 81' lang='lat' dir='ltr'><strong>inaccessam</strong></span> <span class='ocrx_word' id='word_1_139' title='bbox 1588 2018 1704 2057; x_wconf 50' lang='lat' dir='ltr'><strong>esse</strong></span> <span class='ocrx_word' id='word_1_140' title='bbox 1736 2004 1825 2057; x_wconf 89' lang='lat' dir='ltr'><strong>Dei</strong></span> <span class='ocrx_word' id='word_1_141' title='bbox 1852 2006 2113 2072; x_wconf 75' lang='lat' dir='ltr'><strong>cognitio-</strong></span> 
     </span>
    </p>
   </div>
   <div class='ocr_carea' id='block_1_22' title="bbox 549 2085 2114 2157">
    <p class='ocr_par' dir='ltr' id='par_1_22' title="bbox 549 2085 2114 2157">
     <span class='ocr_line' id='line_1_22' title="bbox 549 2085 2114 2157; baseline 0.011 -23"><span class='ocrx_word' id='word_1_142' title='bbox 549 2098 696 2148; x_wconf 86' lang='lat' dir='ltr'><strong>nem,</strong></span> <span class='ocrx_word' id='word_1_143' title='bbox 736 2100 854 2136; x_wconf 91' lang='lat' dir='ltr'><strong>cnm</strong></span> <span class='ocrx_word' id='word_1_144' title='bbox 888 2085 1017 2138; x_wconf 87' lang='lat' dir='ltr'><strong>dicit</strong></span> <span class='ocrx_word' id='word_1_145' title='bbox 1052 2103 1066 2139; x_wconf 90' lang='lat'><strong>:</strong></span> <span class='ocrx_word' id='word_1_146' title='bbox 1103 2087 1356 2142; x_wconf 80' lang='lat' dir='ltr'><strong>Mirabilis</strong></span> <span class='ocrx_word' id='word_1_147' title='bbox 1398 2091 1541 2157; x_wconf 79' lang='lat' dir='ltr'><strong>facta</strong></span> <span class='ocrx_word' id='word_1_148' title='bbox 1579 2103 1653 2146; x_wconf 86' lang='lat' dir='ltr'><strong>est</strong></span> <span class='ocrx_word' id='word_1_149' title='bbox 1680 2095 1894 2148; x_wconf 66' lang='lat' dir='ltr'><strong>sectilia</strong></span> <span class='ocrx_word' id='word_1_150' title='bbox 1917 2106 2006 2149; x_wconf 83' lang='lat' dir='ltr'><strong>tua</strong></span> <span class='ocrx_word' id='word_1_151' title='bbox 2051 2114 2114 2150; x_wconf 75' lang='lat' dir='ltr'><strong>ea:</strong></span> 
     </span>
    </p>
   </div>
   <div class='ocr_carea' id='block_1_23' title="bbox 549 2175 2113 2247">
    <p class='ocr_par' dir='ltr' id='par_1_23' title="bbox 549 2175 2113 2247">
     <span class='ocr_line' id='line_1_23' title="bbox 549 2175 2113 2247; baseline 0.01 -21"><span class='ocrx_word' id='word_1_152' title='bbox 549 2191 650 2237; x_wconf 85' lang='lat' dir='ltr'><strong>me,</strong></span> <span class='ocrx_word' id='word_1_153' title='bbox 689 2175 981 2242; x_wconf 71' lang='lat' dir='ltr'><strong>confortata</strong></span> <span class='ocrx_word' id='word_1_154' title='bbox 1031 2181 1144 2247; x_wconf 60' lang='lat' dir='ltr'><strong>estg;</strong></span> <span class='ocrx_word' id='word_1_155' title='bbox 1203 2196 1324 2232; x_wconf 83' lang='lat' dir='ltr'><strong>num</strong></span> <span class='ocrx_word' id='word_1_156' title='bbox 1357 2191 1538 2247; x_wconf 84' lang='lat' dir='ltr'><strong>potero</strong></span> <span class='ocrx_word' id='word_1_157' title='bbox 1571 2185 1639 2236; x_wconf 89' lang='lat' dir='ltr'><strong>ad</strong></span> <span class='ocrx_word' id='word_1_158' title='bbox 1683 2186 1902 2240; x_wconf 80' lang='lat' dir='ltr'><strong>eam“?</strong></span> <span class='ocrx_word' id='word_1_159' title='bbox 1945 2186 2113 2243; x_wconf 87' lang='lat' dir='ltr'><strong>Isaias</strong></span> 
     </span>
    </p>
   </div>
   <div class='ocr_carea' id='block_1_24' title="bbox 548 2265 2111 2343">
    <p class='ocr_par' dir='ltr' id='par_1_24' title="bbox 548 2265 2111 2343">
     <span class='ocr_line' id='line_1_24' title="bbox 548 2265 2111 2343; baseline 0.012 -30"><span class='ocrx_word' id='word_1_160' title='bbox 548 2273 729 2315; x_wconf 89' lang='lat' dir='ltr'><strong>autem</strong></span> <span class='ocrx_word' id='word_1_161' title='bbox 766 2265 888 2315; x_wconf 89' lang='lat' dir='ltr'><strong>dum</strong></span> <span class='ocrx_word' id='word_1_162' title='bbox 923 2266 1256 2333; x_wconf 84' lang='lat' dir='ltr'><strong>tnajestatetn</strong></span> <span class='ocrx_word' id='word_1_163' title='bbox 1297 2269 1388 2322; x_wconf 88' lang='lat' dir='ltr'><strong>Dei</strong></span> <span class='ocrx_word' id='word_1_164' title='bbox 1433 2272 1824 2339; x_wconf 78' lang='lat' dir='ltr'><strong>Specularetur,</strong></span> <span class='ocrx_word' id='word_1_165' title='bbox 1853 2275 1978 2343; x_wconf 88' lang='lat' dir='ltr'><strong>quid</strong></span> <span class='ocrx_word' id='word_1_166' title='bbox 2016 2291 2111 2331; x_wconf 90' lang='lat' dir='ltr'><strong>n0-</strong></span> 
     </span>
    </p>
   </div>
   <div class='ocr_carea' id='block_1_25' title="bbox 548 2355 2111 2436">
    <p class='ocr_par' dir='ltr' id='par_1_25' title="bbox 548 2355 2111 2436">
     <span class='ocr_line' id='line_1_25' title="bbox 548 2355 2111 2436; baseline 0.01 -29"><span class='ocrx_word' id='word_1_167' title='bbox 548 2355 631 2408; x_wconf 81' lang='lat' dir='ltr'><strong>bis</strong></span> <span class='ocrx_word' id='word_1_168' title='bbox 660 2357 724 2409; x_wconf 90' lang='lat' dir='ltr'><strong>de</strong></span> <span class='ocrx_word' id='word_1_169' title='bbox 754 2357 931 2410; x_wconf 88' lang='lat' dir='ltr'><strong>divina</strong></span> <span class='ocrx_word' id='word_1_170' title='bbox 986 2359 1282 2414; x_wconf 84' lang='lat' dir='ltr'><strong>substantia</strong></span> <span class='ocrx_word' id='word_1_171' title='bbox 1311 2362 1602 2416; x_wconf 70' lang='lat' dir='ltr'><strong>declaravit</strong></span> <span class='ocrx_word' id='word_1_172' title='bbox 1637 2364 1658 2416; x_wconf 88' lang='lat'><strong>?</strong></span> <span class='ocrx_word' id='word_1_173' title='bbox 1711 2367 1796 2433; x_wconf 89' lang='lat' dir='ltr'><strong>qui</strong></span> <span class='ocrx_word' id='word_1_174' title='bbox 1834 2368 2111 2436; x_wconf 82' lang='lat' dir='ltr'><strong>proferens</strong></span> 
     </span>
    </p>
   </div>
   <div class='ocr_carea' id='block_1_26' title="bbox 549 2447 2110 2516">
    <p class='ocr_par' dir='ltr' id='par_1_26' title="bbox 549 2447 2110 2516">
     <span class='ocr_line' id='line_1_26' title="bbox 549 2447 2110 2516; baseline 0.01 -19"><span class='ocrx_word' id='word_1_175' title='bbox 549 2448 614 2500; x_wconf 87' lang='lat' dir='ltr'><strong>de</strong></span> <span class='ocrx_word' id='word_1_176' title='bbox 646 2447 864 2502; x_wconf 84' lang='lat' dir='ltr'><strong>Christo</strong></span> <span class='ocrx_word' id='word_1_177' title='bbox 900 2451 1232 2516; x_wconf 87' lang='lat' dir='ltr'><strong>vaticinium,</strong></span> <span class='ocrx_word' id='word_1_178' title='bbox 1264 2461 1494 2508; x_wconf 86' lang='lat' dir='ltr'><strong>testatur</strong></span> <span class='ocrx_word' id='word_1_179' title='bbox 1523 2457 1602 2510; x_wconf 91' lang='lat' dir='ltr'><strong>his</strong></span> <span class='ocrx_word' id='word_1_180' title='bbox 1629 2460 1807 2512; x_wconf 88' lang='lat' dir='ltr'><strong>verbis</strong></span> <span class='ocrx_word' id='word_1_181' title='bbox 1842 2476 1856 2513; x_wconf 90' lang='lat'><strong>:</strong></span> <span class='ocrx_word' id='word_1_182' title='bbox 1883 2458 2110 2514; x_wconf 84' lang='lat' dir='ltr'><strong>Genera-</strong></span> 
     </span>
    </p>
   </div>
   <div class='ocr_carea' id='block_1_27' title="bbox 549 2539 2111 2610">
    <p class='ocr_par' dir='ltr' id='par_1_27' title="bbox 549 2539 2111 2610">
     <span class='ocr_line' id='line_1_27' title="bbox 549 2539 2111 2610; baseline 0.012 -21"><span class='ocrx_word' id='word_1_183' title='bbox 549 2539 744 2591; x_wconf 88' lang='lat' dir='ltr'><strong>tionem</strong></span> <span class='ocrx_word' id='word_1_184' title='bbox 783 2540 894 2607; x_wconf 82' lang='lat' dir='ltr'><strong>ejus</strong></span> <span class='ocrx_word' id='word_1_185' title='bbox 928 2541 1042 2609; x_wconf 87' lang='lat' dir='ltr'><strong>quis</strong></span> <span class='ocrx_word' id='word_1_186' title='bbox 1069 2545 1333 2596; x_wconf 78' lang='lat' dir='ltr'><strong>enarrabit</strong></span> <span class='ocrx_word' id='word_1_187' title='bbox 1352 2545 1434 2596; x_wconf 71' lang='lat'><strong>7&#39;?</strong></span> <span class='ocrx_word' id='word_1_188' title='bbox 1462 2546 1596 2610; x_wconf 83' lang='lat' dir='ltr'><strong>Quid</strong></span> <span class='ocrx_word' id='word_1_189' title='bbox 1624 2562 1750 2601; x_wconf 86' lang='lat' dir='ltr'><strong>vero</strong></span> <span class='ocrx_word' id='word_1_190' title='bbox 1779 2564 1870 2603; x_wconf 84' lang='lat' dir='ltr'><strong>vas</strong></span> <span class='ocrx_word' id='word_1_191' title='bbox 1893 2550 2111 2607; x_wconf 86' lang='lat' dir='ltr'><strong>electio—</strong></span> 
     </span>
    </p>
   </div>
   <div class='ocr_carea' id='block_1_28' title="bbox 552 2631 2107 2705">
    <p class='ocr_par' dir='ltr' id='par_1_28' title="bbox 552 2631 2107 2705">
     <span class='ocr_line' id='line_1_28' title="bbox 552 2631 2107 2705; baseline 0.008 -22"><span class='ocrx_word' id='word_1_192' title='bbox 552 2632 636 2684; x_wconf 90' lang='lat' dir='ltr'><strong>nis</strong></span> <span class='ocrx_word' id='word_1_193' title='bbox 668 2631 885 2694; x_wconf 86' lang='lat' dir='ltr'><strong>Paulus,</strong></span> <span class='ocrx_word' id='word_1_194' title='bbox 921 2634 1010 2701; x_wconf 90' lang='lat' dir='ltr'><strong>qui</strong></span> <span class='ocrx_word' id='word_1_195' title='bbox 1050 2634 1352 2703; x_wconf 87' lang='lat' dir='ltr'><strong>loquentem</strong></span> <span class='ocrx_word' id='word_1_196' title='bbox 1390 2636 1441 2690; x_wconf 94' lang='lat' dir='ltr'><strong>in</strong></span> <span class='ocrx_word' id='word_1_197' title='bbox 1481 2653 1539 2691; x_wconf 91' lang='lat' dir='ltr'><strong>se</strong></span> <span class='ocrx_word' id='word_1_198' title='bbox 1565 2638 2107 2705; x_wconf 88' lang='lat' dir='ltr'><strong>habebatChristum,</strong></span> 
     </span>
    </p>
   </div>
   <div class='ocr_carea' id='block_1_29' title="bbox 547 2725 2108 2801">
    <p class='ocr_par' dir='ltr' id='par_1_29' title="bbox 547 2725 2108 2801">
     <span class='ocr_line' id='line_1_29' title="bbox 547 2725 2108 2801; baseline 0.009 -27"><span class='ocrx_word' id='word_1_199' title='bbox 547 2725 638 2790; x_wconf 91' lang='lat' dir='ltr'><strong>qui</strong></span> <span class='ocrx_word' id='word_1_200' title='bbox 674 2725 739 2775; x_wconf 90' lang='lat' dir='ltr'><strong>ad</strong></span> <span class='ocrx_word' id='word_1_201' title='bbox 773 2725 988 2778; x_wconf 89' lang='lat' dir='ltr'><strong>tertium</strong></span> <span class='ocrx_word' id='word_1_202' title='bbox 1019 2740 1188 2796; x_wconf 89' lang='lat' dir='ltr'><strong>usque</strong></span> <span class='ocrx_word' id='word_1_203' title='bbox 1233 2728 1428 2781; x_wconf 70' lang='lat' dir='ltr'><strong>cwlum</strong></span> <span class='ocrx_word' id='word_1_204' title='bbox 1465 2741 1646 2796; x_wconf 87' lang='lat' dir='ltr'><strong>raptus</strong></span> <span class='ocrx_word' id='word_1_205' title='bbox 1675 2742 1773 2795; x_wconf 86' lang='lat' dir='ltr'><strong>est,</strong></span> <span class='ocrx_word' id='word_1_206' title='bbox 1801 2734 1886 2801; x_wconf 88' lang='lat' dir='ltr'><strong>qui</strong></span> <span class='ocrx_word' id='word_1_207' title='bbox 1920 2749 2108 2788; x_wconf 84' lang='lat' dir='ltr'><strong>arcana</strong></span> 
     </span>
    </p>
   </div>
   <div class='ocr_carea' id='block_1_30' title="bbox 547 2802 2107 2894">
    <p class='ocr_par' dir='ltr' id='par_1_30' title="bbox 547 2802 2107 2894">
     <span class='ocr_line' id='line_1_30' title="bbox 547 2802 2107 2894; baseline 0.01 -31"><span class='ocrx_word' id='word_1_208' title='bbox 547 2813 749 2865; x_wconf 81' lang='lat' dir='ltr'><strong>audivit</strong></span> <span class='ocrx_word' id='word_1_209' title='bbox 801 2815 978 2876; x_wconf 90' lang='lat' dir='ltr'><strong>verba,</strong></span> <span class='ocrx_word' id='word_1_210' title='bbox 1007 2802 1124 2885; x_wconf 67' lang='lat' dir='ltr'><strong>qua:</strong></span> <span class='ocrx_word' id='word_1_211' title='bbox 1183 2833 1286 2872; x_wconf 92' lang='lat' dir='ltr'><strong>non</strong></span> <span class='ocrx_word' id='word_1_212' title='bbox 1343 2819 1467 2873; x_wconf 87' lang='lat' dir='ltr'><strong>licet</strong></span> <span class='ocrx_word' id='word_1_213' title='bbox 1497 2822 1697 2874; x_wconf 91' lang='lat' dir='ltr'><strong>homini</strong></span> <span class='ocrx_word' id='word_1_214' title='bbox 1725 2823 1865 2891; x_wconf 87' lang='lat' dir='ltr'><strong>loqui</strong></span> <span class='ocrx_word' id='word_1_215' title='bbox 1896 2842 1908 2890; x_wconf 92' lang='lat'><strong>;</strong></span> <span class='ocrx_word' id='word_1_216' title='bbox 1945 2839 2107 2894; x_wconf 86' lang='lat' dir='ltr'><strong>quam</strong></span> 
     </span>
    </p>
   </div>
   <div class='ocr_carea' id='block_1_31' title="bbox 547 2903 2107 2980">
    <p class='ocr_par' dir='ltr' id='par_1_31' title="bbox 547 2903 2107 2980">
     <span class='ocr_line' id='line_1_31' title="bbox 547 2903 2107 2980; baseline 0.009 -26"><span class='ocrx_word' id='word_1_217' title='bbox 547 2903 702 2954; x_wconf 90' lang='lat' dir='ltr'><strong>nobis</strong></span> <span class='ocrx_word' id='word_1_218' title='bbox 728 2903 792 2956; x_wconf 91' lang='lat' dir='ltr'><strong>de</strong></span> <span class='ocrx_word' id='word_1_219' title='bbox 826 2905 1120 2958; x_wconf 88' lang='lat' dir='ltr'><strong>substantia</strong></span> <span class='ocrx_word' id='word_1_220' title='bbox 1153 2907 1246 2962; x_wconf 88' lang='lat' dir='ltr'><strong>Dei</strong></span> <span class='ocrx_word' id='word_1_221' title='bbox 1298 2909 1598 2963; x_wconf 88' lang='lat' dir='ltr'><strong>doctrinam</strong></span> <span class='ocrx_word' id='word_1_222' title='bbox 1640 2912 1891 2980; x_wconf 86' lang='lat' dir='ltr'><strong>reliquit?</strong></span> <span class='ocrx_word' id='word_1_223' title='bbox 1927 2915 2022 2968; x_wconf 86' lang='lat' dir='ltr'><strong>Hic</strong></span> <span class='ocrx_word' id='word_1_224' title='bbox 2042 2915 2107 2968; x_wconf 87' lang='lat' dir='ltr'><strong>ad</strong></span> 
     </span>
    </p>
   </div>
   <div class='ocr_carea' id='block_1_32' title="bbox 547 2994 2105 3074">
    <p class='ocr_par' dir='ltr' id='par_1_32' title="bbox 547 2994 2105 3074">
     <span class='ocr_line' id='line_1_32' title="bbox 547 2994 2105 3074; baseline 0.011 -31"><span class='ocrx_word' id='word_1_225' title='bbox 547 2994 904 3062; x_wconf 88' lang='lat' dir='ltr'><strong>particulares</strong></span> <span class='ocrx_word' id='word_1_226' title='bbox 957 2997 1305 3064; x_wconf 73' lang='lat' dir='ltr'><strong>providentia:</strong></span> <span class='ocrx_word' id='word_1_227' title='bbox 1345 3003 1578 3056; x_wconf 88' lang='lat' dir='ltr'><strong>rationes</strong></span> <span class='ocrx_word' id='word_1_228' title='bbox 1607 3018 1728 3057; x_wconf 83' lang='lat' dir='ltr'><strong>cum</strong></span> <span class='ocrx_word' id='word_1_229' title='bbox 1766 3007 2105 3074; x_wconf 82' lang='lat' dir='ltr'><strong>respexisset,</strong></span> 
     </span>
    </p>
   </div>
   <div class='ocr_carea' id='block_1_33' title="bbox 549 3087 2110 3164">
    <p class='ocr_par' dir='ltr' id='par_1_33' title="bbox 549 3087 2110 3164">
     <span class='ocr_line' id='line_1_33' title="bbox 549 3087 2110 3164; baseline 0.009 -28"><span class='ocrx_word' id='word_1_230' title='bbox 549 3087 694 3139; x_wconf 83' lang='lat' dir='ltr'><strong>velut</strong></span> <span class='ocrx_word' id='word_1_231' title='bbox 725 3088 988 3156; x_wconf 83' lang='lat' dir='ltr'><strong>vertigine</strong></span> <span class='ocrx_word' id='word_1_232' title='bbox 1023 3088 1276 3145; x_wconf 90' lang='lat' dir='ltr'><strong>laborans</strong></span> <span class='ocrx_word' id='word_1_233' title='bbox 1295 3103 1514 3161; x_wconf 89' lang='lat' dir='ltr'><strong>propter</strong></span> <span class='ocrx_word' id='word_1_234' title='bbox 1549 3096 1958 3164; x_wconf 88' lang='lat' dir='ltr'><strong>insuperabilem</strong></span> <span class='ocrx_word' id='word_1_235' title='bbox 1989 3113 2110 3150; x_wconf 81' lang='lat' dir='ltr'><strong>con-</strong></span> 
     </span>
    </p>
   </div>
   <div class='ocr_carea' id='block_1_34' title="bbox 555 3179 2104 3252">
    <p class='ocr_par' dir='ltr' id='par_1_34' title="bbox 555 3179 2104 3252">
     <span class='ocr_line' id='line_1_34' title="bbox 555 3179 2104 3252; baseline 0.008 -21"><span class='ocrx_word' id='word_1_236' title='bbox 555 3179 844 3247; x_wconf 87' lang='lat' dir='ltr'><strong>templandi</strong></span> <span class='ocrx_word' id='word_1_237' title='bbox 883 3180 1276 3246; x_wconf 78' lang='lat' dir='ltr'><strong>dillicnltatem,</strong></span> <span class='ocrx_word' id='word_1_238' title='bbox 1303 3186 1453 3252; x_wconf 88' lang='lat' dir='ltr'><strong>quasi</strong></span> <span class='ocrx_word' id='word_1_239' title='bbox 1483 3186 1720 3240; x_wconf 87' lang='lat' dir='ltr'><strong>clamans</strong></span> <span class='ocrx_word' id='word_1_240' title='bbox 1759 3203 1941 3242; x_wconf 91' lang='lat' dir='ltr'><strong>vocem</strong></span> <span class='ocrx_word' id='word_1_241' title='bbox 1965 3189 2104 3243; x_wconf 91' lang='lat' dir='ltr'><strong>illam</strong></span> 
     </span>
    </p>
   </div>
   <div class='ocr_carea' id='block_1_35' title="bbox 549 3269 2108 3350">
    <p class='ocr_par' dir='ltr' id='par_1_35' title="bbox 549 3269 2108 3350">
     <span class='ocr_line' id='line_1_35' title="bbox 549 3269 2108 3350; baseline 0.008 -29"><span class='ocrx_word' id='word_1_242' title='bbox 549 3270 728 3323; x_wconf 88' lang='lat' dir='ltr'><strong>emisit</strong></span> <span class='ocrx_word' id='word_1_243' title='bbox 759 3289 771 3323; x_wconf 91' lang='lat'><strong>:</strong></span> <span class='ocrx_word' id='word_1_244' title='bbox 816 3269 859 3325; x_wconf 90' lang='lat'><em>0</em></span> <span class='ocrx_word' id='word_1_245' title='bbox 893 3272 1123 3326; x_wconf 79' lang='lat' dir='ltr'><strong>altitudo</strong></span> <span class='ocrx_word' id='word_1_246' title='bbox 1161 3275 1460 3328; x_wconf 74' lang='lat' dir='ltr'><strong>diuitiarum</strong></span> <span class='ocrx_word' id='word_1_247' title='bbox 1498 3288 1542 3330; x_wconf 89' lang='lat' dir='ltr'><strong>et</strong></span> <span class='ocrx_word' id='word_1_248' title='bbox 1573 3280 1840 3346; x_wconf 77' lang='lat' dir='ltr'><strong>sapientia:</strong></span> <span class='ocrx_word' id='word_1_249' title='bbox 1863 3291 1908 3333; x_wconf 83' lang='lat' dir='ltr'><strong>et</strong></span> <span class='ocrx_word' id='word_1_250' title='bbox 1931 3281 2108 3350; x_wconf 72' lang='lat' dir='ltr'><strong>cogni-</strong></span> 
     </span>
    </p>
   </div>
   <div class='ocr_carea' id='block_1_36' title="bbox 549 3358 2107 3438">
    <p class='ocr_par' dir='ltr' id='par_1_36' title="bbox 549 3358 2107 3438">
     <span class='ocr_line' id='line_1_36' title="bbox 549 3358 2107 3438; baseline 0.011 -30"><span class='ocrx_word' id='word_1_251' title='bbox 549 3359 705 3411; x_wconf 86' lang='lat' dir='ltr'><strong>tionis</strong></span> <span class='ocrx_word' id='word_1_252' title='bbox 741 3358 876 3413; x_wconf 86' lang='lat' dir='ltr'><strong>Dei:</strong></span> <span class='ocrx_word' id='word_1_253' title='bbox 909 3377 1067 3429; x_wconf 86' lang='lat' dir='ltr'><strong>quam</strong></span> <span class='ocrx_word' id='word_1_254' title='bbox 1105 3363 1466 3418; x_wconf 85' lang='lat' dir='ltr'><strong>inscrutabilia</strong></span> <span class='ocrx_word' id='word_1_255' title='bbox 1507 3380 1624 3420; x_wconf 83' lang='lat' dir='ltr'><strong>sunt</strong></span> <span class='ocrx_word' id='word_1_256' title='bbox 1649 3369 1860 3437; x_wconf 84' lang='lat' dir='ltr'><strong>judicia</strong></span> <span class='ocrx_word' id='word_1_257' title='bbox 1900 3371 2031 3438; x_wconf 85' lang='lat' dir='ltr'><strong>ejus,</strong></span> <span class='ocrx_word' id='word_1_258' title='bbox 2060 3382 2107 3425; x_wconf 85' lang='lat' dir='ltr'><strong>et</strong></span> 
     </span>
    </p>
   </div>
   <div class='ocr_carea' id='block_1_37' title="bbox 546 3451 2108 3533">
    <p class='ocr_par' dir='ltr' id='par_1_37' title="bbox 546 3451 2108 3533">
     <span class='ocr_line' id='line_1_37' title="bbox 546 3451 2108 3533; baseline 0.011 -31"><span class='ocrx_word' id='word_1_259' title='bbox 546 3451 1044 3521; x_wconf 83' lang='lat' dir='ltr'><strong>impert-estigabiles</strong></span> <span class='ocrx_word' id='word_1_260' title='bbox 1071 3454 1166 3507; x_wconf 68' lang='lat' dir='ltr'><strong>vim</strong></span> <span class='ocrx_word' id='word_1_261' title='bbox 1204 3454 1316 3523; x_wconf 82' lang='lat' dir='ltr'><strong>ejus</strong></span> <span class='ocrx_word' id='word_1_262' title='bbox 1341 3455 1421 3510; x_wconf 80' lang='lat' dir='ltr'><strong>&quot;l</strong></span> <span class='ocrx_word' id='word_1_263' title='bbox 1470 3457 1619 3524; x_wconf 88' lang='lat' dir='ltr'><strong>Quod</strong></span> <span class='ocrx_word' id='word_1_264' title='bbox 1667 3460 1709 3514; x_wconf 89' lang='lat' dir='ltr'><strong>si</strong></span> <span class='ocrx_word' id='word_1_265' title='bbox 1747 3461 1860 3516; x_wconf 67' lang='lat' dir='ltr'><strong>haec</strong></span> <span class='ocrx_word' id='word_1_266' title='bbox 1893 3463 1967 3516; x_wconf 89' lang='lat' dir='ltr'><strong>illi</strong></span> <span class='ocrx_word' id='word_1_267' title='bbox 2011 3465 2108 3533; x_wconf 88' lang='lat' dir='ltr'><strong>ipsi</strong></span> 
     </span>
    </p>
   </div>
   <div class='ocr_carea' id='block_1_38' title="bbox 547 3543 2109 3625">
    <p class='ocr_par' dir='ltr' id='par_1_38' title="bbox 547 3543 2109 3625">
     <span class='ocr_line' id='line_1_38' title="bbox 547 3543 2109 3625; baseline 0.009 -31"><span class='ocrx_word' id='word_1_268' title='bbox 547 3543 638 3611; x_wconf 88' lang='lat' dir='ltr'><strong>qui</strong></span> <span class='ocrx_word' id='word_1_269' title='bbox 691 3544 755 3596; x_wconf 89' lang='lat' dir='ltr'><strong>ad</strong></span> <span class='ocrx_word' id='word_1_270' title='bbox 804 3559 1108 3599; x_wconf 90' lang='lat' dir='ltr'><strong>mensuram</strong></span> <span class='ocrx_word' id='word_1_271' title='bbox 1163 3547 1484 3616; x_wconf 79' lang='lat' dir='ltr'><strong>cognitionis</strong></span> <span class='ocrx_word' id='word_1_272' title='bbox 1529 3548 1675 3603; x_wconf 89' lang='lat' dir='ltr'><strong>Pauli</strong></span> <span class='ocrx_word' id='word_1_273' title='bbox 1729 3565 2109 3625; x_wconf 82' lang='lat' dir='ltr'><strong>pervenerunt,</strong></span> 
     </span>
    </p>
   </div>
   <div class='ocr_carea' id='block_1_39' title="bbox 547 3636 2108 3710">
    <p class='ocr_par' dir='ltr' id='par_1_39' title="bbox 547 3636 2108 3710">
     <span class='ocr_line' id='line_1_39' title="bbox 547 3636 2108 3710; baseline 0.006 -24"><span class='ocrx_word' id='word_1_274' title='bbox 547 3636 765 3702; x_wconf 89' lang='lat' dir='ltr'><strong>assequi</strong></span> <span class='ocrx_word' id='word_1_275' title='bbox 801 3650 906 3688; x_wconf 93' lang='lat' dir='ltr'><strong>non</strong></span> <span class='ocrx_word' id='word_1_276' title='bbox 956 3645 1215 3704; x_wconf 82' lang='lat' dir='ltr'><strong>possunt;</strong></span> <span class='ocrx_word' id='word_1_277' title='bbox 1267 3647 1464 3704; x_wconf 88' lang='lat' dir='ltr'><strong>quanta</strong></span> <span class='ocrx_word' id='word_1_278' title='bbox 1507 3649 1589 3694; x_wconf 90' lang='lat' dir='ltr'><strong>est</strong></span> <span class='ocrx_word' id='word_1_279' title='bbox 1625 3643 1871 3709; x_wconf 89' lang='lat' dir='ltr'><strong>superbia</strong></span> <span class='ocrx_word' id='word_1_280' title='bbox 1901 3657 2108 3710; x_wconf 90' lang='lat' dir='ltr'><strong>eorum,</strong></span> 
     </span>
    </p>
   </div>
   <div class='ocr_carea' id='block_1_40' title="bbox 547 3724 2109 3803">
    <p class='ocr_par' dir='ltr' id='par_1_40' title="bbox 547 3724 2109 3803">
     <span class='ocr_line' id='line_1_40' title="bbox 547 3724 2109 3803; baseline 0.01 -30"><span class='ocrx_word' id='word_1_281' title='bbox 547 3724 639 3792; x_wconf 88' lang='lat' dir='ltr'><strong>qui</strong></span> <span class='ocrx_word' id='word_1_282' title='bbox 671 3742 729 3778; x_wconf 89' lang='lat' dir='ltr'><strong>se</strong></span> <span class='ocrx_word' id='word_1_283' title='bbox 763 3727 1117 3779; x_wconf 86' lang='lat' dir='ltr'><strong>substantiam</strong></span> <span class='ocrx_word' id='word_1_284' title='bbox 1144 3727 1304 3797; x_wconf 78' lang='lat'><strong>225</strong></span> <span class='ocrx_word' id='word_1_285' title='bbox 1342 3730 1432 3783; x_wconf 86' lang='lat' dir='ltr'><strong>Dei</strong></span> <span class='ocrx_word' id='word_1_286' title='bbox 1462 3732 1777 3800; x_wconf 83' lang='lat' dir='ltr'><strong>proﬁtentur</strong></span> <span class='ocrx_word' id='word_1_287' title='bbox 1819 3747 2109 3803; x_wconf 83' lang='lat' dir='ltr'><strong>cognosce-</strong></span> 
     </span>
    </p>
   </div>
   <div class='ocr_carea' id='block_1_41' title="bbox 547 3815 2106 3895">
    <p class='ocr_par' dir='ltr' id='par_1_41' title="bbox 547 3815 2106 3895">
     <span class='ocr_line' id='line_1_41' title="bbox 547 3815 2106 3895; baseline 0.008 -27"><span class='ocrx_word' id='word_1_288' title='bbox 547 3815 645 3869; x_wconf 76' lang='lat' dir='ltr'><strong>re?</strong></span> <span class='ocrx_word' id='word_1_289' title='bbox 683 3815 825 3881; x_wconf 88' lang='lat' dir='ltr'><strong>Quos</strong></span> <span class='ocrx_word' id='word_1_290' title='bbox 858 3817 1098 3882; x_wconf 90' lang='lat' dir='ltr'><strong>prol&#39;ecto</strong></span> <span class='ocrx_word' id='word_1_291' title='bbox 1147 3820 1316 3873; x_wconf 88' lang='lat' dir='ltr'><strong>libens</strong></span> <span class='ocrx_word' id='word_1_292' title='bbox 1359 3821 1823 3893; x_wconf 83' lang='lat' dir='ltr'><strong>interrogaverim,</strong></span> <span class='ocrx_word' id='word_1_293' title='bbox 1858 3827 2106 3895; x_wconf 89' lang='lat' dir='ltr'><strong>quidnam</strong></span> 
     </span>
    </p>
   </div>
   <div class='ocr_carea' id='block_1_42' title="bbox 546 3903 2107 3983">
    <p class='ocr_par' dir='ltr' id='par_1_42' title="bbox 546 3903 2107 3983">
     <span class='ocr_line' id='line_1_42' title="bbox 546 3903 2107 3983; baseline 0.007 -25"><span class='ocrx_word' id='word_1_294' title='bbox 546 3903 612 3958; x_wconf 89' lang='lat' dir='ltr'><strong>de</strong></span> <span class='ocrx_word' id='word_1_295' title='bbox 647 3915 786 3960; x_wconf 90' lang='lat' dir='ltr'><strong>terra</strong></span> <span class='ocrx_word' id='word_1_296' title='bbox 830 3908 883 3958; x_wconf 91' lang='lat' dir='ltr'><strong>in</strong></span> <span class='ocrx_word' id='word_1_297' title='bbox 917 3922 1022 3975; x_wconf 90' lang='lat' dir='ltr'><strong>qua</strong></span> <span class='ocrx_word' id='word_1_298' title='bbox 1055 3919 1479 3977; x_wconf 74' lang='lat' dir='ltr'><strong>comn&#39;iorantur,</strong></span> <span class='ocrx_word' id='word_1_299' title='bbox 1511 3924 1564 3966; x_wconf 90' lang='lat' dir='ltr'><strong>et</strong></span> <span class='ocrx_word' id='word_1_300' title='bbox 1588 3930 1648 3968; x_wconf 84' lang='lat' dir='ltr'><strong>ex</strong></span> <span class='ocrx_word' id='word_1_301' title='bbox 1681 3931 1783 3983; x_wconf 91' lang='lat' dir='ltr'><strong>qua</strong></span> <span class='ocrx_word' id='word_1_302' title='bbox 1825 3917 1933 3970; x_wconf 89' lang='lat' dir='ltr'><strong>nati</strong></span> <span class='ocrx_word' id='word_1_303' title='bbox 1963 3927 2107 3981; x_wconf 92' lang='lat' dir='ltr'><strong>sunt,</strong></span> 
     </span>
    </p>
   </div>
   <div class='ocr_carea' id='block_1_43' title="bbox 545 3997 2109 4070">
    <p class='ocr_par' dir='ltr' id='par_1_43' title="bbox 545 3997 2109 4070">
     <span class='ocr_line' id='line_1_43' title="bbox 545 3997 2109 4070; baseline 0.008 -20"><span class='ocrx_word' id='word_1_304' title='bbox 545 3997 748 4058; x_wconf 76' lang='lat' dir='ltr'><strong>dicant,</strong></span> <span class='ocrx_word' id='word_1_305' title='bbox 780 4013 941 4064; x_wconf 89' lang='lat' dir='ltr'><strong>quam</strong></span> <span class='ocrx_word' id='word_1_306' title='bbox 979 3998 1093 4064; x_wconf 82' lang='lat' dir='ltr'><strong>ejus</strong></span> <span class='ocrx_word' id='word_1_307' title='bbox 1133 4001 1287 4054; x_wconf 90' lang='lat' dir='ltr'><strong>nobis</strong></span> <span class='ocrx_word' id='word_1_308' title='bbox 1315 4015 1584 4070; x_wconf 82' lang='lat' dir='ltr'><strong>exponant</strong></span> <span class='ocrx_word' id='word_1_309' title='bbox 1619 4005 1968 4061; x_wconf 87' lang='lat' dir='ltr'><strong>substantiam</strong></span> <span class='ocrx_word' id='word_1_310' title='bbox 2006 4027 2018 4062; x_wconf 87' lang='lat'>:</span> <span class='ocrx_word' id='word_1_311' title='bbox 2049 4019 2109 4062; x_wconf 91' lang='lat' dir='ltr'><strong>ut</strong></span> 
     </span>
    </p>
   </div>
   <div class='ocr_carea' id='block_1_44' title="bbox 546 4091 2107 4176">
    <p class='ocr_par' dir='ltr' id='par_1_44' title="bbox 546 4091 2107 4176">
     <span class='ocr_line' id='line_1_44' title="bbox 546 4091 2107 4176; baseline 0.013 -31"><span class='ocrx_word' id='word_1_312' title='bbox 546 4092 590 4146; x_wconf 87' lang='lat' dir='ltr'><strong>si</strong></span> <span class='ocrx_word' id='word_1_313' title='bbox 615 4091 680 4145; x_wconf 90' lang='lat' dir='ltr'><strong>de</strong></span> <span class='ocrx_word' id='word_1_314' title='bbox 709 4093 771 4146; x_wconf 92' lang='lat' dir='ltr'><strong>iis</strong></span> <span class='ocrx_word' id='word_1_315' title='bbox 800 4109 918 4162; x_wconf 67' lang='lat' dir='ltr'><strong>quae</strong></span> <span class='ocrx_word' id='word_1_316' title='bbox 945 4094 1089 4149; x_wconf 90' lang='lat' dir='ltr'><strong>humi</strong></span> <span class='ocrx_word' id='word_1_317' title='bbox 1125 4107 1250 4150; x_wconf 90' lang='lat' dir='ltr'><strong>sunt</strong></span> <span class='ocrx_word' id='word_1_318' title='bbox 1277 4115 1339 4153; x_wconf 89' lang='lat' dir='ltr'><strong>ac</strong></span> <span class='ocrx_word' id='word_1_319' title='bbox 1374 4102 1596 4169; x_wconf 86' lang='lat' dir='ltr'><strong>pedibus</strong></span> <span class='ocrx_word' id='word_1_320' title='bbox 1637 4105 1935 4176; x_wconf 76' lang='lat' dir='ltr'><strong>subiacent,</strong></span> <span class='ocrx_word' id='word_1_321' title='bbox 1961 4120 2107 4165; x_wconf 88' lang='lat' dir='ltr'><strong>certo</strong></span> 
     </span>
    </p>
   </div>
   <div class='ocr_carea' id='block_1_45' title="bbox 545 4181 2108 4266">
    <p class='ocr_par' dir='ltr' id='par_1_45' title="bbox 545 4181 2108 4266">
     <span class='ocr_line' id='line_1_45' title="bbox 545 4181 2108 4266; baseline 0.013 -31"><span class='ocrx_word' id='word_1_322' title='bbox 545 4181 1017 4253; x_wconf 85' lang='lat' dir='ltr'><strong>indubitanterque</strong></span> <span class='ocrx_word' id='word_1_323' title='bbox 1049 4186 1336 4257; x_wconf 87' lang='lat' dir='ltr'><strong>disserant,</strong></span> <span class='ocrx_word' id='word_1_324' title='bbox 1369 4199 1492 4246; x_wconf 88' lang='lat' dir='ltr'><strong>tunc</strong></span> <span class='ocrx_word' id='word_1_325' title='bbox 1521 4194 1600 4248; x_wconf 89' lang='lat' dir='ltr'><strong>eis</strong></span> <span class='ocrx_word' id='word_1_326' title='bbox 1639 4212 1868 4266; x_wconf 88' lang='lat' dir='ltr'><strong>quoque,</strong></span> <span class='ocrx_word' id='word_1_327' title='bbox 1900 4215 2016 4254; x_wconf 91' lang='lat' dir='ltr'><strong>cum</strong></span> <span class='ocrx_word' id='word_1_328' title='bbox 2044 4203 2108 4256; x_wconf 91' lang='lat' dir='ltr'><strong>de</strong></span> 
     </span>
    </p>
   </div>
   <div class='ocr_carea' id='block_1_46' title="bbox 547 4272 2102 4351">
    <p class='ocr_par' dir='ltr' id='par_1_46' title="bbox 547 4272 2102 4351">
     <span class='ocr_line' id='line_1_46' title="bbox 547 4272 2102 4351; baseline 0.015 -28"><span class='ocrx_word' id='word_1_329' title='bbox 547 4272 707 4326; x_wconf 90' lang='lat' dir='ltr'><strong>rebus</strong></span> <span class='ocrx_word' id='word_1_330' title='bbox 742 4274 1067 4330; x_wconf 86' lang='lat' dir='ltr'><strong>intellectum</strong></span> <span class='ocrx_word' id='word_1_331' title='bbox 1103 4293 1314 4334; x_wconf 85' lang='lat' dir='ltr'><strong>onmem</strong></span> <span class='ocrx_word' id='word_1_332' title='bbox 1354 4287 1732 4351; x_wconf 87' lang='lat' dir='ltr'><strong>superantibus</strong></span> <span class='ocrx_word' id='word_1_333' title='bbox 1781 4294 2102 4348; x_wconf 87' lang='lat' dir='ltr'><strong>sententiam</strong></span> 
     </span>
    </p>
   </div>
   <div class='ocr_carea' id='block_1_47' title="bbox 543 4362 2119 4446">
    <p class='ocr_par' dir='ltr' id='par_1_47' title="bbox 543 4362 2119 4446">
     <span class='ocr_line' id='line_1_47' title="bbox 543 4362 2119 4446; baseline 0.017 -33"><span class='ocrx_word' id='word_1_334' title='bbox 543 4362 844 4430; x_wconf 81' lang='lat' dir='ltr'><strong>proferunt,</strong></span> <span class='ocrx_word' id='word_1_335' title='bbox 895 4368 1050 4421; x_wconf 83' lang='lat' dir='ltr'><strong>(idem</strong></span> <span class='ocrx_word' id='word_1_336' title='bbox 1086 4370 1401 4426; x_wconf 86' lang='lat' dir='ltr'><strong>habeamus.</strong></span> <span class='ocrx_word' id='word_1_337' title='bbox 1434 4373 1562 4440; x_wconf 84' lang='lat' dir='ltr'><strong>Quae</strong></span> <span class='ocrx_word' id='word_1_338' title='bbox 1601 4378 1761 4446; x_wconf 84' lang='lat' dir='ltr'><strong>igitur</strong></span> <span class='ocrx_word' id='word_1_339' title='bbox 1807 4382 2119 4441; x_wconf 87' lang='lat' dir='ltr'><strong>substantia.</strong></span> 
     </span>
    </p>
   </div>
   <div class='ocr_carea' id='block_1_48' title="bbox 543 4457 2104 4541">
    <p class='ocr_par' dir='ltr' id='par_1_48' title="bbox 543 4457 2104 4541">
     <span class='ocr_line' id='line_1_48' title="bbox 543 4457 2104 4541; baseline 0.015 -36"><span class='ocrx_word' id='word_1_340' title='bbox 543 4464 627 4505; x_wconf 84' lang='lat' dir='ltr'><strong>est</strong></span> <span class='ocrx_word' id='word_1_341' title='bbox 659 4457 851 4508; x_wconf 80' lang='lat' dir='ltr'><strong>teme?</strong></span> <span class='ocrx_word' id='word_1_342' title='bbox 892 4459 1027 4525; x_wconf 88' lang='lat' dir='ltr'><strong>quis</strong></span> <span class='ocrx_word' id='word_1_343' title='bbox 1065 4462 1561 4530; x_wconf 86' lang='lat' dir='ltr'><strong>comprehensionis</strong></span> <span class='ocrx_word' id='word_1_344' title='bbox 1602 4469 1823 4524; x_wconf 86' lang='lat' dir='ltr'><strong>modus?</strong></span> <span class='ocrx_word' id='word_1_345' title='bbox 1865 4472 2104 4541; x_wconf 78' lang='lat' dir='ltr'><strong>Respon-</strong></span> 
     </span>
    </p>
   </div>
   <div class='ocr_carea' id='block_1_49' title="bbox 2147 1866 2190 1921">
    <p class='ocr_par' dir='ltr' id='par_1_49' title="bbox 2147 1866 2190 1921">
     <span class='ocr_line' id='line_1_49' title="bbox 2147 1866 2190 1921; baseline 0 0"><span class='ocrx_word' id='word_1_346' title='bbox 2147 1866 2190 1921; x_wconf 85' lang='grc' dir='ltr'><strong>Β</strong></span> 
     </span>
    </p>
   </div>
   <div class='ocr_carea' id='block_1_50' title="bbox 2220 611 3777 686">
    <p class='ocr_par' dir='ltr' id='par_1_50' title="bbox 2220 611 3777 686">
     <span class='ocr_line' id='line_1_50' title="bbox 2220 611 3777 686; baseline -0.001 -20"><span class='ocrx_word' id='word_1_347' title='bbox 2220 614 2319 686; x_wconf 83' lang='grc' dir='ltr'>τὴν</span> <span class='ocrx_word' id='word_1_348' title='bbox 2348 616 2495 685; x_wconf 75' lang='grc' dir='ltr'>ἰσχὺν</span> <span class='ocrx_word' id='word_1_349' title='bbox 2528 615 2864 681; x_wconf 86' lang='grc' dir='ltr'>ἀποδίδωσιν,</span> <span class='ocrx_word' id='word_1_350' title='bbox 2903 613 3152 686; x_wconf 74' lang='grc' dir='ltr'><strong>οὐδεμίαν</strong></span> <span class='ocrx_word' id='word_1_351' title='bbox 3173 613 3320 684; x_wconf 80' lang='grc' dir='ltr'>αὐτῷ</span> <span class='ocrx_word' id='word_1_352' title='bbox 3367 611 3554 682; x_wconf 83' lang='grc' dir='ltr'>χώραν</span> <span class='ocrx_word' id='word_1_353' title='bbox 3576 611 3689 676; x_wconf 73' lang='grc' dir='ltr'>ἕξει</span> <span class='ocrx_word' id='word_1_354' title='bbox 3723 611 3777 665; x_wconf 76' lang='grc' dir='ltr'>τὸ</span> 
     </span>
    </p>
   </div>
   <div class='ocr_carea' id='block_1_51' title="bbox 2223 710 2603 780">
    <p class='ocr_par' dir='ltr' id='par_1_51' title="bbox 2223 710 2603 780">
     <span class='ocr_line' id='line_1_51' title="bbox 2223 710 2603 780; baseline 0.011 -18"><span class='ocrx_word' id='word_1_355' title='bbox 2223 710 2603 780; x_wconf 75' lang='grc' dir='ltr'><strong>συναγόμενον.</strong></span> 
     </span>
    </p>
   </div>
   <div class='ocr_carea' id='block_1_52' title="bbox 2292 885 3776 951">
    <p class='ocr_par' dir='ltr' id='par_1_52' title="bbox 2292 885 3776 951">
     <span class='ocr_line' id='line_1_52' title="bbox 2292 885 3776 951; baseline -0.001 -11"><span class='ocrx_word' id='word_1_356' title='bbox 2292 887 2376 940; x_wconf 74' lang='grc'>12.</span> <span class='ocrx_word' id='word_1_357' title='bbox 2403 888 2574 950; x_wconf 82' lang='grc' dir='ltr'>Ὅλως</span> <span class='ocrx_word' id='word_1_358' title='bbox 2598 887 2686 951; x_wconf 87' lang='grc' dir='ltr'>δὲ,</span> <span class='ocrx_word' id='word_1_359' title='bbox 2710 887 2768 940; x_wconf 78' lang='grc' dir='ltr'>τὸ</span> <span class='ocrx_word' id='word_1_360' title='bbox 2805 886 3009 940; x_wconf 76' lang='grc' dir='ltr'>οἴεσθαι</span> <span class='ocrx_word' id='word_1_361' title='bbox 3033 885 3125 940; x_wconf 86' lang='grc' dir='ltr'><strong>τοῦ</strong></span> <span class='ocrx_word' id='word_1_362' title='bbox 3161 887 3251 940; x_wconf 72' lang='grc' dir='ltr'><strong>ἐπὶ</strong></span> <span class='ocrx_word' id='word_1_363' title='bbox 3277 886 3496 939; x_wconf 80' lang='grc' dir='ltr'>πάντων</span> <span class='ocrx_word' id='word_1_364' title='bbox 3522 885 3664 939; x_wconf 85' lang='grc' dir='ltr'>Θεοῦ</span> <span class='ocrx_word' id='word_1_365' title='bbox 3692 889 3776 939; x_wconf 57' lang='grc' dir='ltr'><strong>αὖά</strong></span> 
     </span>
    </p>
   </div>
   <div class='ocr_carea' id='block_1_53' title="bbox 2219 979 3775 1051">
    <p class='ocr_par' dir='ltr' id='par_1_53' title="bbox 2219 979 3775 1051">
     <span class='ocr_line' id='line_1_53' title="bbox 2219 979 3775 1051; baseline 0.001 -19"><span class='ocrx_word' id='word_1_366' title='bbox 2219 979 2316 1050; x_wconf 81' lang='grc' dir='ltr'>τὴν</span> <span class='ocrx_word' id='word_1_367' title='bbox 2367 980 2464 1051; x_wconf 81' lang='grc' dir='ltr'>τὴν</span> <span class='ocrx_word' id='word_1_368' title='bbox 2510 981 2695 1033; x_wconf 81' lang='grc' dir='ltr'>οὐσίαν</span> <span class='ocrx_word' id='word_1_369' title='bbox 2744 980 3124 1051; x_wconf 73' lang='grc' dir='ltr'><strong>ἐξευρηκέναι,</strong></span> <span class='ocrx_word' id='word_1_370' title='bbox 3185 981 3356 1051; x_wconf 81' lang='grc' dir='ltr'>πόσης</span> <span class='ocrx_word' id='word_1_371' title='bbox 3399 981 3775 1051; x_wconf 74' lang='grc' dir='ltr'>ὑπερηφανίας</span> 
     </span>
    </p>
   </div>
   <div class='ocr_carea' id='block_1_54' title="bbox 2219 1073 3774 1145">
    <p class='ocr_par' dir='ltr' id='par_1_54' title="bbox 2219 1073 3774 1145">
     <span class='ocr_line' id='line_1_54' title="bbox 2219 1073 3774 1145; baseline 0.003 -23"><span class='ocrx_word' id='word_1_372' title='bbox 2219 1073 2332 1124; x_wconf 70' lang='grc' dir='ltr'>ἐστὶ</span> <span class='ocrx_word' id='word_1_373' title='bbox 2370 1073 2463 1125; x_wconf 72' lang='grc' dir='ltr'>καὶ</span> <span class='ocrx_word' id='word_1_374' title='bbox 2491 1075 2802 1140; x_wconf 85' lang='grc' dir='ltr'>φυσιώσεως</span> <span class='ocrx_word' id='word_1_375' title='bbox 2826 1075 2839 1126; x_wconf 84' lang='lat' dir='ltr'><strong>l</strong></span> <span class='ocrx_word' id='word_1_376' title='bbox 2881 1074 3070 1142; x_wconf 77' lang='grc' dir='ltr'>Σχεδὸν</span> <span class='ocrx_word' id='word_1_377' title='bbox 3094 1075 3198 1145; x_wconf 81' lang='grc' dir='ltr'><strong>γὰρ</strong></span> <span class='ocrx_word' id='word_1_378' title='bbox 3227 1075 3320 1127; x_wconf 84' lang='grc' dir='ltr'>καὶ</span> <span class='ocrx_word' id='word_1_379' title='bbox 3345 1075 3508 1127; x_wconf 80' lang='grc' dir='ltr'>αὑτὸν</span> <span class='ocrx_word' id='word_1_380' title='bbox 3535 1075 3774 1144; x_wconf 74' lang='grc' dir='ltr'>ἀποκρύ-</span> 
     </span>
    </p>
   </div>
   <div class='ocr_carea' id='block_1_55' title="bbox 2219 1166 3777 1239">
    <p class='ocr_par' dir='ltr' id='par_1_55' title="bbox 2219 1166 3777 1239">
     <span class='ocr_line' id='line_1_55' title="bbox 2219 1166 3777 1239; baseline 0.003 -23"><span class='ocrx_word' id='word_1_381' title='bbox 2219 1182 2409 1218; x_wconf 84' lang='grc' dir='ltr'>πτουσι</span> <span class='ocrx_word' id='word_1_382' title='bbox 2453 1169 2515 1236; x_wconf 84' lang='grc' dir='ltr'>τῇ</span> <span class='ocrx_word' id='word_1_383' title='bbox 2559 1166 2926 1239; x_wconf 74' lang='grc' dir='ltr'><strong>μεγαληγορίᾳ</strong></span> <span class='ocrx_word' id='word_1_384' title='bbox 2958 1168 3046 1222; x_wconf 75' lang='grc' dir='ltr'>τὸν</span> <span class='ocrx_word' id='word_1_385' title='bbox 3085 1170 3337 1222; x_wconf 79' lang='grc' dir='ltr'>εἰπόντα·</span> <span class='ocrx_word' id='word_1_386' title='bbox 3390 1169 3633 1223; x_wconf 77' lang='grc' dir='ltr'><strong>Ἐπὰνω</strong></span> <span class='ocrx_word' id='word_1_387' title='bbox 3673 1168 3777 1221; x_wconf 64' lang='grc' dir='ltr'><strong>τῶν·</strong></span> 
     </span>
    </p>
   </div>
   <div class='ocr_carea' id='block_1_56' title="bbox 2218 1257 3776 1331">
    <p class='ocr_par' dir='ltr' id='par_1_56' title="bbox 2218 1257 3776 1331">
     <span class='ocr_line' id='line_1_56' title="bbox 2218 1257 3776 1331; baseline 0.003 -23"><span class='ocrx_word' id='word_1_388' title='bbox 2218 1257 2452 1324; x_wconf 74' lang='grc' dir='ltr'>ἄστρων</span> <span class='ocrx_word' id='word_1_389' title='bbox 2489 1258 2738 1328; x_wconf 75' lang='grc' dir='ltr'><strong>θήσομαι</strong></span> <span class='ocrx_word' id='word_1_390' title='bbox 2762 1259 2868 1311; x_wconf 74' lang='grc' dir='ltr'><strong>τὸν</strong></span> <span class='ocrx_word' id='word_1_391' title='bbox 2891 1261 3103 1327; x_wconf 79' lang='grc' dir='ltr'><strong>θρόνον</strong></span> <span class='ocrx_word' id='word_1_392' title='bbox 3117 1279 3232 1329; x_wconf 88' lang='grc' dir='ltr'>μου</span> <span class='ocrx_word' id='word_1_393' title='bbox 3253 1281 3265 1293; x_wconf 87' lang='grc'><strong>·</strong></span> <span class='ocrx_word' id='word_1_394' title='bbox 3295 1263 3350 1314; x_wconf 80' lang='grc' dir='ltr'><strong>οἴ</strong></span> <span class='ocrx_word' id='word_1_395' title='bbox 3385 1279 3447 1329; x_wconf 87' lang='grc' dir='ltr'><strong>γε</strong></span> <span class='ocrx_word' id='word_1_396' title='bbox 3479 1262 3605 1331; x_wconf 73' lang='grc' dir='ltr'><strong>οὐχὶ</strong></span> <span class='ocrx_word' id='word_1_397' title='bbox 3632 1262 3776 1314; x_wconf 77' lang='grc' dir='ltr'>ἀστέ-</span> 
     </span>
    </p>
   </div>
   <div class='ocr_carea' id='block_1_57' title="bbox 2219 1351 3773 1425">
    <p class='ocr_par' dir='ltr' id='par_1_57' title="bbox 2219 1351 3773 1425">
     <span class='ocr_line' id='line_1_57' title="bbox 2219 1351 3773 1425; baseline 0.003 -24"><span class='ocrx_word' id='word_1_398' title='bbox 2219 1367 2347 1420; x_wconf 89' lang='grc' dir='ltr'>ρων,</span> <span class='ocrx_word' id='word_1_399' title='bbox 2397 1351 2428 1420; x_wconf 81' lang='grc' dir='ltr'>ἢ</span> <span class='ocrx_word' id='word_1_400' title='bbox 2476 1351 2704 1421; x_wconf 83' lang='grc' dir='ltr'>οὐρανοῦ</span> <span class='ocrx_word' id='word_1_401' title='bbox 2761 1352 3188 1422; x_wconf 82' lang='grc' dir='ltr'>κατατολμῶσιν,</span> <span class='ocrx_word' id='word_1_402' title='bbox 3242 1353 3354 1406; x_wconf 73' lang='grc' dir='ltr'>ἀλλ’</span> <span class='ocrx_word' id='word_1_403' title='bbox 3396 1355 3571 1425; x_wconf 75' lang='grc' dir='ltr'>αὐτὴν</span> <span class='ocrx_word' id='word_1_404' title='bbox 3609 1355 3773 1423; x_wconf 56' lang='lat'><strong>€1.16:-</strong></span> 
     </span>
    </p>
   </div>
   <div class='ocr_carea' id='block_1_58' title="bbox 2216 1441 3774 1517">
    <p class='ocr_par' dir='ltr' id='par_1_58' title="bbox 2216 1441 3774 1517">
     <span class='ocr_line' id='line_1_58' title="bbox 2216 1441 3774 1517; baseline 0.004 -25"><span class='ocrx_word' id='word_1_405' title='bbox 2216 1441 2388 1493; x_wconf 82' lang='grc' dir='ltr'>τεύειν</span> <span class='ocrx_word' id='word_1_406' title='bbox 2429 1442 2522 1495; x_wconf 86' lang='grc' dir='ltr'><strong>τοῦ</strong></span> <span class='ocrx_word' id='word_1_407' title='bbox 2573 1443 2705 1495; x_wconf 85' lang='grc' dir='ltr'>Θεοῦ</span> <span class='ocrx_word' id='word_1_408' title='bbox 2759 1444 2864 1498; x_wconf 82' lang='grc' dir='ltr'><strong>τῶν</strong></span> <span class='ocrx_word' id='word_1_409' title='bbox 2916 1445 3049 1498; x_wconf 82' lang='grc' dir='ltr'>ὅλων</span> <span class='ocrx_word' id='word_1_410' title='bbox 3074 1446 3171 1517; x_wconf 86' lang='grc' dir='ltr'>τὴν</span> <span class='ocrx_word' id='word_1_411' title='bbox 3201 1446 3383 1498; x_wconf 82' lang='grc' dir='ltr'>οὐσίαν</span> <span class='ocrx_word' id='word_1_412' title='bbox 3434 1447 3774 1510; x_wconf 64' lang='grc' dir='ltr'>ἀλαζονεύον-</span> 
     </span>
    </p>
   </div>
   <div class='ocr_carea' id='block_1_59' title="bbox 2217 1534 3777 1611">
    <p class='ocr_par' dir='ltr' id='par_1_59' title="bbox 2217 1534 3777 1611">
     <span class='ocr_line' id='line_1_59' title="bbox 2217 1534 3777 1611; baseline 0.007 -28"><span class='ocrx_word' id='word_1_413' title='bbox 2217 1549 2322 1587; x_wconf 86' lang='grc' dir='ltr'>ται.</span> <span class='ocrx_word' id='word_1_414' title='bbox 2385 1534 2752 1604; x_wconf 78' lang='grc' dir='ltr'>Ἐξετάσωμεν</span> <span class='ocrx_word' id='word_1_415' title='bbox 2805 1536 2910 1607; x_wconf 83' lang='grc' dir='ltr'><strong>γὰρ</strong></span> <span class='ocrx_word' id='word_1_416' title='bbox 2964 1538 3141 1600; x_wconf 76' lang='grc' dir='ltr'>αὐτὸν,</span> <span class='ocrx_word' id='word_1_417' title='bbox 3229 1538 3388 1590; x_wconf 80' lang='grc' dir='ltr'>πόθεν</span> <span class='ocrx_word' id='word_1_418' title='bbox 3458 1540 3632 1608; x_wconf 77' lang='grc' dir='ltr'>αὐτῆς</span> <span class='ocrx_word' id='word_1_419' title='bbox 3683 1559 3777 1611; x_wconf 53' lang='grc' dir='ltr'>φη-</span> 
     </span>
    </p>
   </div>
   <div class='ocr_carea' id='block_1_60' title="bbox 2218 1626 3775 1702">
    <p class='ocr_par' dir='ltr' id='par_1_60' title="bbox 2218 1626 3775 1702">
     <span class='ocr_line' id='line_1_60' title="bbox 2218 1626 3775 1702; baseline 0.013 -26"><span class='ocrx_word' id='word_1_420' title='bbox 2218 1641 2300 1678; x_wconf 90' lang='grc' dir='ltr'><strong>σιν</strong></span> <span class='ocrx_word' id='word_1_421' title='bbox 2351 1627 2408 1677; x_wconf 83' lang='grc' dir='ltr'>ὲν</span> <span class='ocrx_word' id='word_1_422' title='bbox 2471 1627 2717 1698; x_wconf 80' lang='grc' dir='ltr'>περινοίᾳ</span> <span class='ocrx_word' id='word_1_423' title='bbox 2772 1628 3116 1699; x_wconf 78' lang='grc' dir='ltr'>γεγενῆσθαι.</span> <span class='ocrx_word' id='word_1_424' title='bbox 3166 1626 3287 1701; x_wconf 66' lang='grc' dir='ltr'><strong>Ἆρ’</strong></span> <span class='ocrx_word' id='word_1_425' title='bbox 3329 1631 3391 1682; x_wconf 74' lang='grc' dir='ltr'>ἐκ</span> <span class='ocrx_word' id='word_1_426' title='bbox 3437 1631 3541 1702; x_wconf 78' lang='grc' dir='ltr'>τῆς</span> <span class='ocrx_word' id='word_1_427' title='bbox 3596 1634 3775 1701; x_wconf 65' lang='grc' dir='ltr'>κοινῆς</span> 
     </span>
    </p>
   </div>
   <div class='ocr_carea' id='block_1_61' title="bbox 2217 1716 3775 1790">
    <p class='ocr_par' dir='ltr' id='par_1_61' title="bbox 2217 1716 3775 1790">
     <span class='ocr_line' id='line_1_61' title="bbox 2217 1716 3775 1790; baseline 0.005 -23"><span class='ocrx_word' id='word_1_428' title='bbox 2217 1716 2422 1779; x_wconf 78' lang='grc' dir='ltr'>ἐννοίας</span> <span class='ocrx_word' id='word_1_429' title='bbox 2449 1717 2593 1785; x_wconf 88' lang='lat'><strong>(78);</strong></span> <span class='ocrx_word' id='word_1_430' title='bbox 2642 1718 2779 1770; x_wconf 82' lang='grc' dir='ltr'>’Λλλ’</span> <span class='ocrx_word' id='word_1_431' title='bbox 2808 1719 2943 1790; x_wconf 80' lang='grc' dir='ltr'>αῦτη</span> <span class='ocrx_word' id='word_1_432' title='bbox 2983 1721 3044 1773; x_wconf 84' lang='grc' dir='ltr'>τὸ</span> <span class='ocrx_word' id='word_1_433' title='bbox 3071 1717 3208 1773; x_wconf 83' lang='grc' dir='ltr'>εἶναι</span> <span class='ocrx_word' id='word_1_434' title='bbox 3241 1722 3328 1774; x_wconf 83' lang='grc' dir='ltr'>τὸν</span> <span class='ocrx_word' id='word_1_435' title='bbox 3367 1722 3521 1784; x_wconf 77' lang='grc' dir='ltr'>Θεὸν,</span> <span class='ocrx_word' id='word_1_436' title='bbox 3551 1723 3616 1774; x_wconf 68' lang='grc' dir='ltr'>οὗ</span> <span class='ocrx_word' id='word_1_437' title='bbox 3644 1724 3704 1776; x_wconf 69' lang='grc' dir='ltr'>τὸ</span> <span class='ocrx_word' id='word_1_438' title='bbox 3728 1721 3775 1775; x_wconf 73' lang='grc' dir='ltr'>τε</span> 
     </span>
    </p>
   </div>
   <div class='ocr_carea' id='block_1_62' title="bbox 2218 1804 3776 1883">
    <p class='ocr_par' dir='ltr' id='par_1_62' title="bbox 2218 1804 3776 1883">
     <span class='ocr_line' id='line_1_62' title="bbox 2218 1804 3776 1883; baseline 0.006 -24"><span class='ocrx_word' id='word_1_439' title='bbox 2218 1804 2352 1860; x_wconf 84' lang='grc' dir='ltr'>εἷναι</span> <span class='ocrx_word' id='word_1_440' title='bbox 2404 1810 2532 1878; x_wconf 78' lang='grc' dir='ltr'>ἡμῖν</span> <span class='ocrx_word' id='word_1_441' title='bbox 2577 1809 2882 1865; x_wconf 79' lang='grc' dir='ltr'>ὑποϐάλλει.</span> <span class='ocrx_word' id='word_1_442' title='bbox 2949 1813 3083 1865; x_wconf 84' lang='grc' dir='ltr'>Ἀλλ’</span> <span class='ocrx_word' id='word_1_443' title='bbox 3148 1815 3212 1866; x_wconf 84' lang='grc' dir='ltr'>ὲκ</span> <span class='ocrx_word' id='word_1_444' title='bbox 3271 1813 3372 1883; x_wconf 78' lang='grc' dir='ltr'>τῆς</span> <span class='ocrx_word' id='word_1_445' title='bbox 3431 1815 3776 1879; x_wconf 76' lang='grc' dir='ltr'>διδασκαλίας</span> 
     </span>
    </p>
   </div>
   <div class='ocr_carea' id='block_1_63' title="bbox 2217 1899 3774 1978">
    <p class='ocr_par' dir='ltr' id='par_1_63' title="bbox 2217 1899 3774 1978">
     <span class='ocr_line' id='line_1_63' title="bbox 2217 1899 3774 1978; baseline 0.002 -27"><span class='ocrx_word' id='word_1_446' title='bbox 2217 1899 2308 1951; x_wconf 86' lang='grc' dir='ltr'><strong>τοῦ</strong></span> <span class='ocrx_word' id='word_1_447' title='bbox 2351 1901 2692 1971; x_wconf 78' lang='grc' dir='ltr'>Πνεύματοςς</span> <span class='ocrx_word' id='word_1_448' title='bbox 2727 1904 2922 1968; x_wconf 89' lang='grc' dir='ltr'>Ποίας;</span> <span class='ocrx_word' id='word_1_449' title='bbox 2950 1905 2981 1974; x_wconf 81' lang='grc' dir='ltr'>ἢ</span> <span class='ocrx_word' id='word_1_450' title='bbox 3010 1906 3109 1974; x_wconf 80' lang='grc' dir='ltr'>τῆς</span> <span class='ocrx_word' id='word_1_451' title='bbox 3141 1905 3240 1958; x_wconf 89' lang='grc' dir='ltr'><strong>ποῦ</strong></span> <span class='ocrx_word' id='word_1_452' title='bbox 3272 1907 3530 1976; x_wconf 80' lang='grc' dir='ltr'><strong>κειμένης</strong></span> <span class='ocrx_word' id='word_1_453' title='bbox 3556 1925 3572 1973; x_wconf 86' lang='grc'><strong>;</strong></span> <span class='ocrx_word' id='word_1_454' title='bbox 3612 1911 3721 1978; x_wconf 73' lang='grc' dir='ltr'><strong>Οὐχ</strong></span> <span class='ocrx_word' id='word_1_455' title='bbox 3750 1911 3774 1962; x_wconf 69' lang='grc' dir='ltr'>ὁ</span> 
     </span>
    </p>
   </div>
   <div class='ocr_carea' id='block_1_64' title="bbox 2223 1987 3775 2070">
    <p class='ocr_par' dir='ltr' id='par_1_64' title="bbox 2223 1987 3775 2070">
     <span class='ocr_line' id='line_1_64' title="bbox 2223 1987 3775 2070; baseline 0.007 -29"><span class='ocrx_word' id='word_1_456' title='bbox 2223 1989 2319 2058; x_wconf 84' lang='grc' dir='ltr'>μὲν</span> <span class='ocrx_word' id='word_1_457' title='bbox 2371 1991 2541 2060; x_wconf 81' lang='grc' dir='ltr'>μέγας</span> <span class='ocrx_word' id='word_1_458' title='bbox 2570 1993 2750 2054; x_wconf 70' lang='grc' dir='ltr'>Δοιὸὶδ,</span> <span class='ocrx_word' id='word_1_459' title='bbox 2893 1995 2959 2047; x_wconf 67' lang='grc' dir='ltr'><strong>τὰ</strong></span> <span class='ocrx_word' id='word_1_460' title='bbox 2998 1995 3161 2066; x_wconf 79' lang='grc' dir='ltr'>ἄδηλα</span> <span class='ocrx_word' id='word_1_461' title='bbox 3205 1998 3392 2050; x_wconf 75' lang='grc' dir='ltr'>καὶτὰ</span> <span class='ocrx_word' id='word_1_462' title='bbox 3430 1998 3643 2068; x_wconf 77' lang='grc' dir='ltr'>κρύφια</span> 
     </span>
    </p>
   </div>
   <div class='ocr_carea' id='block_1_65' title="bbox 2219 2080 3775 2159">
    <p class='ocr_par' dir='ltr' id='par_1_65' title="bbox 2219 2080 3775 2159">
     <span class='ocr_line' id='line_1_65' title="bbox 2219 2080 3775 2159; baseline 0.007 -28"><span class='ocrx_word' id='word_1_463' title='bbox 2219 2080 2410 2132; x_wconf 77' lang='grc' dir='ltr'>ἑαυτοῦ</span> <span class='ocrx_word' id='word_1_464' title='bbox 2458 2081 2646 2150; x_wconf 79' lang='grc' dir='ltr'>σοφίας</span> <span class='ocrx_word' id='word_1_465' title='bbox 2685 2084 2948 2154; x_wconf 79' lang='grc' dir='ltr'>ἐδήλωσεν</span> <span class='ocrx_word' id='word_1_466' title='bbox 2980 2087 3008 2138; x_wconf 92' lang='lat'><strong>6</strong></span> <span class='ocrx_word' id='word_1_467' title='bbox 3043 2085 3192 2149; x_wconf 81' lang='grc' dir='ltr'>Θεὸς,</span> <span class='ocrx_word' id='word_1_468' title='bbox 3244 2090 3494 2159; x_wconf 77' lang='grc' dir='ltr'>φανερῶς</span> <span class='ocrx_word' id='word_1_469' title='bbox 3531 2090 3775 2159; x_wconf 77' lang='grc' dir='ltr'>ὁμολογεῖ</span> 
     </span>
    </p>
   </div>
   <div class='ocr_carea' id='block_1_66' title="bbox 2220 2170 3773 2253">
    <p class='ocr_par' dir='ltr' id='par_1_66' title="bbox 2220 2170 3773 2253">
     <span class='ocr_line' id='line_1_66' title="bbox 2220 2170 3773 2253; baseline 0.001 -29"><span class='ocrx_word' id='word_1_470' title='bbox 2220 2170 2332 2241; x_wconf 84' lang='grc'>(79)</span> <span class='ocrx_word' id='word_1_471' title='bbox 2374 2172 2472 2242; x_wconf 80' lang='grc' dir='ltr'>τῆς</span> <span class='ocrx_word' id='word_1_472' title='bbox 2514 2176 2763 2242; x_wconf 83' lang='grc' dir='ltr'>γνώσεως</span> <span class='ocrx_word' id='word_1_473' title='bbox 2799 2177 2860 2228; x_wconf 84' lang='grc' dir='ltr'>τὸ</span> <span class='ocrx_word' id='word_1_474' title='bbox 2888 2179 3196 2250; x_wconf 80' lang='grc' dir='ltr'>ἀπρόσιτον,</span> <span class='ocrx_word' id='word_1_475' title='bbox 3232 2180 3430 2247; x_wconf 87' lang='grc' dir='ltr'>λέγων·</span> <span class='ocrx_word' id='word_1_476' title='bbox 3491 2184 3773 2253; x_wconf 73' lang='grc' dir='ltr'><strong>Ἐθαυμα-</strong></span> 
     </span>
    </p>
   </div>
   <div class='ocr_carea' id='block_1_67' title="bbox 2216 2262 3771 2343">
    <p class='ocr_par' dir='ltr' id='par_1_67' title="bbox 2216 2262 3771 2343">
     <span class='ocr_line' id='line_1_67' title="bbox 2216 2262 3771 2343; baseline 0.012 -31"><span class='ocrx_word' id='word_1_477' title='bbox 2216 2262 2410 2330; x_wconf 81' lang='grc' dir='ltr'>στώθη</span> <span class='ocrx_word' id='word_1_478' title='bbox 2458 2265 2494 2330; x_wconf 76' lang='grc' dir='ltr'><strong><em>ἡ</em></strong></span> <span class='ocrx_word' id='word_1_479' title='bbox 2523 2265 2744 2332; x_wconf 69' lang='grc' dir='ltr'>γνῶσίς</span> <span class='ocrx_word' id='word_1_480' title='bbox 2775 2267 2882 2337; x_wconf 84' lang='grc'><strong>(80)</strong></span> <span class='ocrx_word' id='word_1_481' title='bbox 2925 2286 3039 2321; x_wconf 82' lang='grc' dir='ltr'>σου</span> <span class='ocrx_word' id='word_1_482' title='bbox 3079 2270 3146 2334; x_wconf 81' lang='grc' dir='ltr'><strong>ἐξ</strong></span> <span class='ocrx_word' id='word_1_483' title='bbox 3172 2271 3334 2339; x_wconf 82' lang='grc' dir='ltr'>ἐμοῦ,</span> <span class='ocrx_word' id='word_1_484' title='bbox 3369 2273 3771 2343; x_wconf 64' lang='grc' dir='ltr'>ἐκραταιὼθψ</span> 
     </span>
    </p>
   </div>
   <div class='ocr_carea' id='block_1_68' title="bbox 2217 2352 3773 2426">
    <p class='ocr_par' dir='ltr' id='par_1_68' title="bbox 2217 2352 3773 2426">
     <span class='ocr_line' id='line_1_68' title="bbox 2217 2352 3773 2426; baseline 0.008 -21"><span class='ocrx_word' id='word_1_485' title='bbox 2217 2355 2286 2406; x_wconf 87' lang='grc' dir='ltr'>οὐ</span> <span class='ocrx_word' id='word_1_486' title='bbox 2305 2352 2391 2421; x_wconf 81' lang='grc' dir='ltr'><em>μὴ</em></span> <span class='ocrx_word' id='word_1_487' title='bbox 2425 2354 2685 2424; x_wconf 62' lang='grc' dir='ltr'>δύνωμαι</span> <span class='ocrx_word' id='word_1_488' title='bbox 2708 2357 2853 2426; x_wconf 71' lang='grc' dir='ltr'>πρὸς</span> <span class='ocrx_word' id='word_1_489' title='bbox 2879 2359 3105 2426; x_wconf 76' lang='grc' dir='ltr'><strong>αὺτήν;</strong></span> <span class='ocrx_word' id='word_1_490' title='bbox 3148 2361 3366 2424; x_wconf 80' lang='grc' dir='ltr'>Ἡσαΐας</span> <span class='ocrx_word' id='word_1_491' title='bbox 3394 2363 3468 2426; x_wconf 81' lang='grc' dir='ltr'>δὲ,</span> <span class='ocrx_word' id='word_1_492' title='bbox 3495 2366 3525 2416; x_wconf 88' lang='lat'><strong>6</strong></span> <span class='ocrx_word' id='word_1_493' title='bbox 3556 2367 3617 2416; x_wconf 80' lang='grc' dir='ltr'>ἐν</span> <span class='ocrx_word' id='word_1_494' title='bbox 3649 2364 3773 2418; x_wconf 69' lang='lat' dir='ltr'><strong>0w-</strong></span> 
     </span>
    </p>
   </div>
   <div class='ocr_carea' id='block_1_69' title="bbox 2218 2447 3774 2527">
    <p class='ocr_par' dir='ltr' id='par_1_69' title="bbox 2218 2447 3774 2527">
     <span class='ocr_line' id='line_1_69' title="bbox 2218 2447 3774 2527; baseline 0.008 -30"><span class='ocrx_word' id='word_1_495' title='bbox 2218 2447 2308 2517; x_wconf 82' lang='grc' dir='ltr'><strong>ρίᾳ</strong></span> <span class='ocrx_word' id='word_1_496' title='bbox 2331 2447 2428 2516; x_wconf 82' lang='grc' dir='ltr'>τῆς</span> <span class='ocrx_word' id='word_1_497' title='bbox 2453 2447 2607 2517; x_wconf 80' lang='grc' dir='ltr'>δόξης</span> <span class='ocrx_word' id='word_1_498' title='bbox 2640 2449 2732 2502; x_wconf 89' lang='grc' dir='ltr'><strong>τοῦ</strong></span> <span class='ocrx_word' id='word_1_499' title='bbox 2755 2451 2886 2503; x_wconf 87' lang='grc' dir='ltr'>Θεοῦ</span> <span class='ocrx_word' id='word_1_500' title='bbox 2917 2454 3219 2523; x_wconf 84' lang='grc' dir='ltr'>γενόμενος,</span> <span class='ocrx_word' id='word_1_501' title='bbox 3261 2455 3312 2506; x_wconf 85' lang='grc' dir='ltr'><strong>τί</strong></span> <span class='ocrx_word' id='word_1_502' title='bbox 3348 2457 3474 2526; x_wconf 74' lang='grc' dir='ltr'>περὶ</span> <span class='ocrx_word' id='word_1_503' title='bbox 3509 2457 3612 2527; x_wconf 73' lang='grc' dir='ltr'>τῆς</span> <span class='ocrx_word' id='word_1_504' title='bbox 3637 2459 3774 2521; x_wconf 72' lang='grc' dir='ltr'>Θείας</span> 
     </span>
    </p>
   </div>
   <div class='ocr_carea' id='block_1_70' title="bbox 2215 2539 3771 2620">
    <p class='ocr_par' dir='ltr' id='par_1_70' title="bbox 2215 2539 3771 2620">
     <span class='ocr_line' id='line_1_70' title="bbox 2215 2539 3771 2620; baseline 0.009 -30"><span class='ocrx_word' id='word_1_505' title='bbox 2215 2539 2395 2604; x_wconf 83' lang='grc' dir='ltr'>οὐσίας</span> <span class='ocrx_word' id='word_1_506' title='bbox 2427 2541 2692 2610; x_wconf 80' lang='grc' dir='ltr'>ἐδήλωσεν</span> <span class='ocrx_word' id='word_1_507' title='bbox 2746 2545 2909 2614; x_wconf 86' lang='grc' dir='ltr'>ἡμῖν;</span> <span class='ocrx_word' id='word_1_508' title='bbox 2963 2547 3020 2608; x_wconf 77' lang='grc' dir='ltr'>ὃς</span> <span class='ocrx_word' id='word_1_509' title='bbox 3067 2563 3127 2612; x_wconf 87' lang='grc' dir='ltr'><strong>γε</strong></span> <span class='ocrx_word' id='word_1_510' title='bbox 3184 2548 3240 2600; x_wconf 83' lang='grc' dir='ltr'>ὲν</span> <span class='ocrx_word' id='word_1_511' title='bbox 3267 2551 3330 2619; x_wconf 81' lang='grc' dir='ltr'><strong>τῇ</strong></span> <span class='ocrx_word' id='word_1_512' title='bbox 3360 2551 3489 2620; x_wconf 78' lang='grc' dir='ltr'>περὶ</span> <span class='ocrx_word' id='word_1_513' title='bbox 3539 2551 3771 2620; x_wconf 75' lang='grc' dir='ltr'>Χριστοῦ</span> 
     </span>
    </p>
   </div>
   <div class='ocr_carea' id='block_1_71' title="bbox 2216 2631 3771 2709">
    <p class='ocr_par' dir='ltr' id='par_1_71' title="bbox 2216 2631 3771 2709">
     <span class='ocr_line' id='line_1_71' title="bbox 2216 2631 3771 2709; baseline 0.01 -28"><span class='ocrx_word' id='word_1_514' title='bbox 2216 2632 2516 2702; x_wconf 74' lang='grc' dir='ltr'>προφητείᾳ</span> <span class='ocrx_word' id='word_1_515' title='bbox 2558 2631 2978 2706; x_wconf 71' lang='grc' dir='ltr'>διαμαρτύρεται</span> <span class='ocrx_word' id='word_1_516' title='bbox 3026 2636 3226 2704; x_wconf 86' lang='grc' dir='ltr'>λέγων’</span> <span class='ocrx_word' id='word_1_517' title='bbox 3271 2639 3386 2705; x_wconf 73' lang='grc' dir='ltr'><strong>Τὴν</strong></span> <span class='ocrx_word' id='word_1_518' title='bbox 3424 2643 3649 2709; x_wconf 75' lang='grc' dir='ltr'>γενεὰν</span> <span class='ocrx_word' id='word_1_519' title='bbox 3676 2646 3771 2696; x_wconf 71' lang='grc' dir='ltr'><strong>αὐ·</strong></span> 
     </span>
    </p>
   </div>
   <div class='ocr_carea' id='block_1_72' title="bbox 2213 2721 3772 2804">
    <p class='ocr_par' dir='ltr' id='par_1_72' title="bbox 2213 2721 3772 2804">
     <span class='ocr_line' id='line_1_72' title="bbox 2213 2721 3772 2804; baseline 0.01 -31"><span class='ocrx_word' id='word_1_520' title='bbox 2213 2721 2318 2774; x_wconf 81' lang='grc' dir='ltr'><strong>τοῦ</strong></span> <span class='ocrx_word' id='word_1_521' title='bbox 2365 2723 2454 2789; x_wconf 80' lang='grc' dir='ltr'><strong>τίς</strong></span> <span class='ocrx_word' id='word_1_522' title='bbox 2481 2723 2864 2793; x_wconf 77' lang='grc' dir='ltr'>διηγήσεται;</span> <span class='ocrx_word' id='word_1_523' title='bbox 2897 2727 2960 2780; x_wconf 90' lang='grc' dir='ltr'>Τί</span> <span class='ocrx_word' id='word_1_524' title='bbox 2999 2729 3054 2781; x_wconf 84' lang='grc' dir='ltr'>δὲ</span> <span class='ocrx_word' id='word_1_525' title='bbox 3081 2731 3142 2781; x_wconf 84' lang='grc' dir='ltr'>τὸ</span> <span class='ocrx_word' id='word_1_526' title='bbox 3179 2731 3365 2794; x_wconf 87' lang='grc' dir='ltr'>σκεῦος</span> <span class='ocrx_word' id='word_1_527' title='bbox 3397 2733 3496 2802; x_wconf 73' lang='grc' dir='ltr'>τῆς</span> <span class='ocrx_word' id='word_1_528' title='bbox 3549 2735 3772 2804; x_wconf 70' lang='grc' dir='ltr'>ἐκλογῆς</span> 
     </span>
    </p>
   </div>
   <div class='ocr_carea' id='block_1_73' title="bbox 2215 2814 3770 2898">
    <p class='ocr_par' dir='ltr' id='par_1_73' title="bbox 2215 2814 3770 2898">
     <span class='ocr_line' id='line_1_73' title="bbox 2215 2814 3770 2898; baseline 0.012 -33"><span class='ocrx_word' id='word_1_529' title='bbox 2215 2814 2441 2880; x_wconf 83' lang='grc' dir='ltr'>Παῦλος,</span> <span class='ocrx_word' id='word_1_530' title='bbox 2478 2819 2504 2869; x_wconf 92' lang='grc' dir='ltr'><strong>ό</strong></span> <span class='ocrx_word' id='word_1_531' title='bbox 2534 2817 2792 2872; x_wconf 83' lang='grc' dir='ltr'>λαλοῦντα</span> <span class='ocrx_word' id='word_1_532' title='bbox 2825 2822 2958 2892; x_wconf 79' lang='grc' dir='ltr'>ἔχων</span> <span class='ocrx_word' id='word_1_533' title='bbox 3004 2825 3060 2876; x_wconf 85' lang='grc' dir='ltr'>ὲν</span> <span class='ocrx_word' id='word_1_534' title='bbox 3099 2825 3274 2894; x_wconf 79' lang='grc' dir='ltr'>ἐαυτῷ</span> <span class='ocrx_word' id='word_1_535' title='bbox 3317 2825 3406 2878; x_wconf 78' lang='grc' dir='ltr'>τὸν</span> <span class='ocrx_word' id='word_1_536' title='bbox 3454 2829 3717 2898; x_wconf 77' lang='grc' dir='ltr'>Χριστὸν,</span> <span class='ocrx_word' id='word_1_537' title='bbox 3745 2833 3770 2882; x_wconf 85' lang='lat'><strong>6</strong></span> 
     </span>
    </p>
   </div>
   <div class='ocr_carea' id='block_1_74' title="bbox 2215 2905 3771 2989">
    <p class='ocr_par' dir='ltr' id='par_1_74' title="bbox 2215 2905 3771 2989">
     <span class='ocr_line' id='line_1_74' title="bbox 2215 2905 3771 2989; baseline 0.01 -32"><span class='ocrx_word' id='word_1_538' title='bbox 2215 2905 2316 2969; x_wconf 74' lang='grc' dir='ltr'>ἕως</span> <span class='ocrx_word' id='word_1_539' title='bbox 2348 2909 2530 2978; x_wconf 83' lang='grc' dir='ltr'>τρίτου</span> <span class='ocrx_word' id='word_1_540' title='bbox 2561 2911 2828 2981; x_wconf 76' lang='grc' dir='ltr'>ἁρπαγεὶς</span> <span class='ocrx_word' id='word_1_541' title='bbox 2853 2914 3099 2984; x_wconf 83' lang='grc' dir='ltr'>οὐρανοῦ,</span> <span class='ocrx_word' id='word_1_542' title='bbox 3129 2918 3156 2968; x_wconf 98' lang='lat'><strong>6</strong></span> <span class='ocrx_word' id='word_1_543' title='bbox 3192 2915 3260 2968; x_wconf 77' lang='grc' dir='ltr'><strong>τὰ</strong></span> <span class='ocrx_word' id='word_1_544' title='bbox 3291 2918 3506 2989; x_wconf 74' lang='grc' dir='ltr'>ἄρρητα</span> <span class='ocrx_word' id='word_1_545' title='bbox 3536 2921 3771 2986; x_wconf 69' lang='grc' dir='ltr'>ἀκοῦσας</span> 
     </span>
    </p>
   </div>
   <div class='ocr_carea' id='block_1_75' title="bbox 2216 2999 3771 3085">
    <p class='ocr_par' dir='ltr' id='par_1_75' title="bbox 2216 2999 3771 3085">
     <span class='ocr_line' id='line_1_75' title="bbox 2216 2999 3771 3085; baseline 0.012 -35"><span class='ocrx_word' id='word_1_546' title='bbox 2216 2999 2452 3070; x_wconf 76' lang='grc' dir='ltr'>ῥήματα,</span> <span class='ocrx_word' id='word_1_547' title='bbox 2499 3001 2533 3054; x_wconf 79' lang='grc' dir='ltr'>ἃ</span> <span class='ocrx_word' id='word_1_548' title='bbox 2564 3005 2662 3057; x_wconf 76' lang='grc' dir='ltr'>οὐκ</span> <span class='ocrx_word' id='word_1_549' title='bbox 2717 3005 2834 3070; x_wconf 78' lang='grc' dir='ltr'>ἐξὸν</span> <span class='ocrx_word' id='word_1_550' title='bbox 2880 3006 3147 3079; x_wconf 81' lang='grc' dir='ltr'>ἀνθρώπῳ</span> <span class='ocrx_word' id='word_1_551' title='bbox 3198 3009 3441 3079; x_wconf 82' lang='grc' dir='ltr'>λαλῆσαι,</span> <span class='ocrx_word' id='word_1_552' title='bbox 3489 3015 3615 3067; x_wconf 83' lang='grc' dir='ltr'>τίνα</span> <span class='ocrx_word' id='word_1_553' title='bbox 3647 3019 3771 3085; x_wconf 70' lang='grc' dir='ltr'>ἡμῖν</span> 
     </span>
    </p>
   </div>
   <div class='ocr_carea' id='block_1_76' title="bbox 2213 3092 3770 3175">
    <p class='ocr_par' dir='ltr' id='par_1_76' title="bbox 2213 3092 3770 3175">
     <span class='ocr_line' id='line_1_76' title="bbox 2213 3092 3770 3175; baseline 0.013 -33"><span class='ocrx_word' id='word_1_554' title='bbox 2213 3092 2340 3162; x_wconf 75' lang='grc' dir='ltr'>περὶ</span> <span class='ocrx_word' id='word_1_555' title='bbox 2374 3094 2558 3158; x_wconf 80' lang='grc' dir='ltr'>οὐσίας</span> <span class='ocrx_word' id='word_1_556' title='bbox 2589 3096 2720 3150; x_wconf 86' lang='grc' dir='ltr'>Θεοῦ</span> <span class='ocrx_word' id='word_1_557' title='bbox 2745 3098 3084 3152; x_wconf 78' lang='grc' dir='ltr'>διδασκαλίαν</span> <span class='ocrx_word' id='word_1_558' title='bbox 3116 3102 3352 3172; x_wconf 73' lang='grc' dir='ltr'>ἀφῆκενς</span> <span class='ocrx_word' id='word_1_559' title='bbox 3388 3106 3446 3169; x_wconf 84' lang='grc' dir='ltr'>ὃς</span> <span class='ocrx_word' id='word_1_560' title='bbox 3481 3124 3547 3175; x_wconf 85' lang='grc' dir='ltr'><strong>γε</strong></span> <span class='ocrx_word' id='word_1_561' title='bbox 3580 3109 3672 3161; x_wconf 79' lang='grc' dir='ltr'>ὅτε</span> <span class='ocrx_word' id='word_1_562' title='bbox 3696 3114 3770 3174; x_wconf 78' lang='grc' dir='ltr'><strong>εἰς</strong></span> 
     </span>
    </p>
   </div>
   <div class='ocr_carea' id='block_1_77' title="bbox 2213 3184 3769 3265">
    <p class='ocr_par' dir='ltr' id='par_1_77' title="bbox 2213 3184 3769 3265">
     <span class='ocr_line' id='line_1_77' title="bbox 2213 3184 3769 3265; baseline 0.011 -30"><span class='ocrx_word' id='word_1_563' title='bbox 2213 3184 2338 3247; x_wconf 78' lang='grc' dir='ltr'>τοὺς</span> <span class='ocrx_word' id='word_1_564' title='bbox 2389 3189 2642 3255; x_wconf 82' lang='grc' dir='ltr'>μερικοὺς</span> <span class='ocrx_word' id='word_1_565' title='bbox 2674 3189 2774 3258; x_wconf 74' lang='grc' dir='ltr'>τῆς</span> <span class='ocrx_word' id='word_1_566' title='bbox 2801 3192 3106 3260; x_wconf 77' lang='grc' dir='ltr'>οἰκονομίας</span> <span class='ocrx_word' id='word_1_567' title='bbox 3147 3194 3363 3264; x_wconf 66' lang='grc' dir='ltr'>διέκυψε</span> <span class='ocrx_word' id='word_1_568' title='bbox 3396 3196 3608 3265; x_wconf 76' lang='grc' dir='ltr'>λόγους,</span> <span class='ocrx_word' id='word_1_569' title='bbox 3664 3197 3769 3254; x_wconf 69' lang='grc' dir='ltr'>οἷον</span> 
     </span>
    </p>
   </div>
   <div class='ocr_carea' id='block_1_78' title="bbox 2215 3281 3768 3357">
    <p class='ocr_par' dir='ltr' id='par_1_78' title="bbox 2215 3281 3768 3357">
     <span class='ocr_line' id='line_1_78' title="bbox 2215 3281 3768 3357; baseline -0.014 6"><span class='ocrx_word' id='word_1_570' title='bbox 2215 3281 2514 3350; x_wconf 56' lang='grc' dir='ltr'><strong>ἰλιγγιάσας</strong></span> <span class='ocrx_word' id='word_1_571' title='bbox 2553 3283 2686 3355; x_wconf 68' lang='grc' dir='ltr'><strong>πρὸς</strong></span> <span class='ocrx_word' id='word_1_572' title='bbox 2715 3285 2774 3338; x_wconf 69' lang='grc' dir='ltr'>τὸ</span> <span class='ocrx_word' id='word_1_573' title='bbox 2804 3287 2901 3357; x_wconf 80' lang='grc' dir='ltr'>τῆς</span> <span class='ocrx_word' id='word_1_574' title='bbox 2927 3287 3154 3357; x_wconf 80' lang='grc' dir='ltr'>θεωρίας</span> <span class='ocrx_word' id='word_1_575' title='bbox 3197 3289 3579 3356; x_wconf 81' lang='grc' dir='ltr'>ἀδιεξόδευτον,</span> <span class='ocrx_word' id='word_1_576' title='bbox 3632 3295 3768 3345; x_wconf 73' lang='grc' dir='ltr'><strong>ἐκεί-</strong></span> 
     </span>
    </p>
   </div>
   <div class='ocr_carea' id='block_1_79' title="bbox 2211 3373 3766 3452">
    <p class='ocr_par' dir='ltr' id='par_1_79' title="bbox 2211 3373 3766 3452">
     <span class='ocr_line' id='line_1_79' title="bbox 2211 3373 3766 3452; baseline 0.01 -28"><span class='ocrx_word' id='word_1_577' title='bbox 2211 3387 2307 3441; x_wconf 87' lang='grc' dir='ltr'><strong>νην</strong></span> <span class='ocrx_word' id='word_1_578' title='bbox 2351 3373 2602 3444; x_wconf 77' lang='grc' dir='ltr'>ὲξεϐόησε</span> <span class='ocrx_word' id='word_1_579' title='bbox 2652 3377 2749 3449; x_wconf 79' lang='grc' dir='ltr'>τὴν</span> <span class='ocrx_word' id='word_1_580' title='bbox 2802 3381 3014 3451; x_wconf 87' lang='grc' dir='ltr'>φωνήν·</span> <span class='ocrx_word' id='word_1_581' title='bbox 3049 3375 3116 3432; x_wconf 85' lang='grc' dir='ltr'><strong><em>Ὦ</em></strong></span> <span class='ocrx_word' id='word_1_582' title='bbox 3156 3380 3333 3452; x_wconf 76' lang='grc' dir='ltr'>βάθος</span> <span class='ocrx_word' id='word_1_583' title='bbox 3367 3386 3638 3437; x_wconf 65' lang='grc' dir='ltr'>πλούτου</span> <span class='ocrx_word' id='word_1_584' title='bbox 3673 3386 3766 3439; x_wconf 74' lang='grc' dir='ltr'>καὶ</span> 
     </span>
    </p>
   </div>
   <div class='ocr_carea' id='block_1_80' title="bbox 2210 3465 3766 3543">
    <p class='ocr_par' dir='ltr' id='par_1_80' title="bbox 2210 3465 3766 3543">
     <span class='ocr_line' id='line_1_80' title="bbox 2210 3465 3766 3543; baseline 0.011 -28"><span class='ocrx_word' id='word_1_585' title='bbox 2210 3465 2428 3532; x_wconf 71' lang='grc' dir='ltr'>σοφίας</span> <span class='ocrx_word' id='word_1_586' title='bbox 2465 3467 2561 3519; x_wconf 78' lang='grc' dir='ltr'>καὶ</span> <span class='ocrx_word' id='word_1_587' title='bbox 2599 3468 2868 3537; x_wconf 72' lang='grc' dir='ltr'>γνώσεως</span> <span class='ocrx_word' id='word_1_588' title='bbox 2896 3473 3040 3527; x_wconf 85' lang='grc' dir='ltr'>Θεοῦ</span> <span class='ocrx_word' id='word_1_589' title='bbox 3065 3488 3078 3504; x_wconf 74' lang='grc'><strong><em>⁸</em></strong></span> <span class='ocrx_word' id='word_1_590' title='bbox 3113 3474 3192 3539; x_wconf 83' lang='grc' dir='ltr'><strong>ὡς</strong></span> <span class='ocrx_word' id='word_1_591' title='bbox 3227 3475 3665 3543; x_wconf 68' lang='grc' dir='ltr'>ἀνεξερεύνητα</span> <span class='ocrx_word' id='word_1_592' title='bbox 3701 3478 3766 3532; x_wconf 80' lang='grc' dir='ltr'>τὰ</span> 
     </span>
    </p>
   </div>
   <div class='ocr_carea' id='block_1_81' title="bbox 2210 3556 3767 3634">
    <p class='ocr_par' dir='ltr' id='par_1_81' title="bbox 2210 3556 3767 3634">
     <span class='ocr_line' id='line_1_81' title="bbox 2210 3556 3767 3634; baseline 0.011 -26"><span class='ocrx_word' id='word_1_593' title='bbox 2210 3556 2459 3624; x_wconf 77' lang='grc' dir='ltr'>κρίματα</span> <span class='ocrx_word' id='word_1_594' title='bbox 2487 3559 2692 3624; x_wconf 82' lang='grc' dir='ltr'>αὐτοῦ,</span> <span class='ocrx_word' id='word_1_595' title='bbox 2716 3562 2812 3614; x_wconf 81' lang='grc' dir='ltr'>καὶ</span> <span class='ocrx_word' id='word_1_596' title='bbox 2837 3563 3274 3634; x_wconf 69' lang='grc' dir='ltr'>ἀνεξιχνίαστοι</span> <span class='ocrx_word' id='word_1_597' title='bbox 3302 3573 3358 3620; x_wconf 85' lang='lat' dir='ltr'><strong>ai</strong></span> <span class='ocrx_word' id='word_1_598' title='bbox 3387 3569 3511 3622; x_wconf 74' lang='grc' dir='ltr'>ὁδοὶ</span> <span class='ocrx_word' id='word_1_599' title='bbox 3542 3572 3767 3624; x_wconf 72' lang='grc' dir='ltr'>αὐτοῦ]</span> 
     </span>
    </p>
   </div>
   <div class='ocr_carea' id='block_1_82' title="bbox 2209 3645 3766 3732">
    <p class='ocr_par' dir='ltr' id='par_1_82' title="bbox 2209 3645 3766 3732">
     <span class='ocr_line' id='line_1_82' title="bbox 2209 3645 3766 3732; baseline 0.012 -35"><span class='ocrx_word' id='word_1_600' title='bbox 2209 3646 2272 3698; x_wconf 78' lang='grc' dir='ltr'><strong>Εἰ</strong></span> <span class='ocrx_word' id='word_1_601' title='bbox 2297 3645 2352 3698; x_wconf 80' lang='grc' dir='ltr'>δὲ</span> <span class='ocrx_word' id='word_1_602' title='bbox 2378 3648 2545 3700; x_wconf 86' lang='grc' dir='ltr'>ταῦτα</span> <span class='ocrx_word' id='word_1_603' title='bbox 2579 3653 2687 3714; x_wconf 88' lang='grc' dir='ltr'>τοῖς</span> <span class='ocrx_word' id='word_1_604' title='bbox 2717 3655 2794 3715; x_wconf 86' lang='grc' dir='ltr'><strong>εἰς</strong></span> <span class='ocrx_word' id='word_1_605' title='bbox 2824 3653 2884 3705; x_wconf 86' lang='grc' dir='ltr'>τὸ</span> <span class='ocrx_word' id='word_1_606' title='bbox 2921 3655 3017 3725; x_wconf 78' lang='grc' dir='ltr'>τῆς</span> <span class='ocrx_word' id='word_1_607' title='bbox 3048 3656 3256 3709; x_wconf 79' lang='grc' dir='ltr'>Παύλου</span> <span class='ocrx_word' id='word_1_608' title='bbox 3291 3658 3541 3725; x_wconf 78' lang='grc' dir='ltr'>γνώσεως</span> <span class='ocrx_word' id='word_1_609' title='bbox 3573 3662 3766 3732; x_wconf 74' lang='grc' dir='ltr'>μέτρον</span> 
     </span>
    </p>
   </div>
   <div class='ocr_carea' id='block_1_83' title="bbox 2210 3737 3768 3823">
    <p class='ocr_par' dir='ltr' id='par_1_83' title="bbox 2210 3737 3768 3823">
     <span class='ocr_line' id='line_1_83' title="bbox 2210 3737 3768 3823; baseline 0.012 -34"><span class='ocrx_word' id='word_1_610' title='bbox 2210 3737 2498 3806; x_wconf 77' lang='grc' dir='ltr'>ἐφθακόσιν</span> <span class='ocrx_word' id='word_1_611' title='bbox 2529 3741 2807 3810; x_wconf 79' lang='grc' dir='ltr'>ἀνέφικτα,</span> <span class='ocrx_word' id='word_1_612' title='bbox 2855 3746 3016 3810; x_wconf 83' lang='grc' dir='ltr'>πόσος</span> <span class='ocrx_word' id='word_1_613' title='bbox 3045 3750 3073 3800; x_wconf 92' lang='lat'><strong>6</strong></span> <span class='ocrx_word' id='word_1_614' title='bbox 3101 3747 3267 3817; x_wconf 84' lang='grc' dir='ltr'>τῦφος</span> <span class='ocrx_word' id='word_1_615' title='bbox 3298 3751 3405 3803; x_wconf 84' lang='grc' dir='ltr'>τῶν</span> <span class='ocrx_word' id='word_1_616' title='bbox 3440 3754 3768 3823; x_wconf 81' lang='grc' dir='ltr'>ἐπαγγελλο-</span> 
     </span>
    </p>
   </div>
   <div class='ocr_carea' id='block_1_84' title="bbox 2213 3831 3766 3914">
    <p class='ocr_par' dir='ltr' id='par_1_84' title="bbox 2213 3831 3766 3914">
     <span class='ocr_line' id='line_1_84' title="bbox 2213 3831 3766 3914; baseline 0.012 -31"><span class='ocrx_word' id='word_1_617' title='bbox 2213 3831 2386 3900; x_wconf 88' lang='grc' dir='ltr'>μένων</span> <span class='ocrx_word' id='word_1_618' title='bbox 2418 3832 2612 3887; x_wconf 74' lang='grc' dir='ltr'>εἰδέναι</span> <span class='ocrx_word' id='word_1_619' title='bbox 2648 3835 2740 3887; x_wconf 91' lang='grc' dir='ltr'><strong>τοῦ</strong></span> <span class='ocrx_word' id='word_1_620' title='bbox 2769 3837 2902 3889; x_wconf 86' lang='grc' dir='ltr'>Θεοῦ</span> <span class='ocrx_word' id='word_1_621' title='bbox 2947 3839 3043 3909; x_wconf 77' lang='grc' dir='ltr'>τὴν</span> <span class='ocrx_word' id='word_1_622' title='bbox 3075 3841 3292 3906; x_wconf 80' lang='grc' dir='ltr'>οὐσίαν;</span> <span class='ocrx_word' id='word_1_623' title='bbox 3343 3843 3450 3908; x_wconf 75' lang='grc' dir='ltr'><strong>Οὓς</strong></span> <span class='ocrx_word' id='word_1_624' title='bbox 3477 3847 3650 3914; x_wconf 70' lang='grc' dir='ltr'>ἡδέως</span> <span class='ocrx_word' id='word_1_625' title='bbox 3705 3850 3766 3902; x_wconf 78' lang='grc' dir='ltr'>ἂν</span> 
     </span>
    </p>
   </div>
   <div class='ocr_carea' id='block_1_85' title="bbox 2210 3922 3767 4010">
    <p class='ocr_par' dir='ltr' id='par_1_85' title="bbox 2210 3922 3767 4010">
     <span class='ocr_line' id='line_1_85' title="bbox 2210 3922 3767 4010; baseline 0.021 -38"><span class='ocrx_word' id='word_1_626' title='bbox 2210 3922 2545 3993; x_wconf 79' lang='grc' dir='ltr'>ἐρωτήσαιμι</span> <span class='ocrx_word' id='word_1_627' title='bbox 2588 3926 2718 3996; x_wconf 72' lang='grc' dir='ltr'>περὶ</span> <span class='ocrx_word' id='word_1_628' title='bbox 2749 3925 2845 3997; x_wconf 82' lang='grc' dir='ltr'>τῆς</span> <span class='ocrx_word' id='word_1_629' title='bbox 2877 3928 2978 3998; x_wconf 83' lang='grc' dir='ltr'>γῆς</span> <span class='ocrx_word' id='word_1_630' title='bbox 3003 3930 3086 3996; x_wconf 77' lang='grc' dir='ltr'><strong>ἐφ’</strong></span> <span class='ocrx_word' id='word_1_631' title='bbox 3111 3927 3178 4002; x_wconf 76' lang='grc' dir='ltr'>ἧς</span> <span class='ocrx_word' id='word_1_632' title='bbox 3210 3935 3414 3997; x_wconf 72' lang='grc' dir='ltr'>ἑστᾶσι,</span> <span class='ocrx_word' id='word_1_633' title='bbox 3454 3939 3549 3990; x_wconf 79' lang='grc' dir='ltr'><strong>καί</strong></span> <span class='ocrx_word' id='word_1_634' title='bbox 3581 3941 3678 4006; x_wconf 59' lang='grc' dir='ltr'><strong>ἀφ’</strong></span> <span class='ocrx_word' id='word_1_635' title='bbox 3705 3936 3767 4010; x_wconf 74' lang='grc' dir='ltr'><strong>ἧς</strong></span> 
     </span>
    </p>
   </div>
   <div class='ocr_carea' id='block_1_86' title="bbox 2207 4015 3766 4099">
    <p class='ocr_par' dir='ltr' id='par_1_86' title="bbox 2207 4015 3766 4099">
     <span class='ocr_line' id='line_1_86' title="bbox 2207 4015 3766 4099; baseline 0.013 -35"><span class='ocrx_word' id='word_1_636' title='bbox 2207 4015 2480 4081; x_wconf 88' lang='grc' dir='ltr'>γεγόνασι,</span> <span class='ocrx_word' id='word_1_637' title='bbox 2515 4018 2568 4069; x_wconf 89' lang='grc' dir='ltr'><strong>τί</strong></span> <span class='ocrx_word' id='word_1_638' title='bbox 2621 4037 2748 4072; x_wconf 84' lang='grc' dir='ltr'>ποτε</span> <span class='ocrx_word' id='word_1_639' title='bbox 2789 4020 3035 4090; x_wconf 79' lang='grc' dir='ltr'>λέγουσι;</span> <span class='ocrx_word' id='word_1_640' title='bbox 3087 4027 3205 4078; x_wconf 84' lang='grc' dir='ltr'>τίνα</span> <span class='ocrx_word' id='word_1_641' title='bbox 3245 4028 3411 4098; x_wconf 78' lang='grc' dir='ltr'>αὐτῆς</span> <span class='ocrx_word' id='word_1_642' title='bbox 3440 4029 3539 4099; x_wconf 78' lang='grc' dir='ltr'>τὴν</span> <span class='ocrx_word' id='word_1_643' title='bbox 3581 4033 3766 4084; x_wconf 71' lang='grc' dir='ltr'>οὐσίαν</span> 
     </span>
    </p>
   </div>
   <div class='ocr_carea' id='block_1_87' title="bbox 2209 4105 3765 4193">
    <p class='ocr_par' dir='ltr' id='par_1_87' title="bbox 2209 4105 3765 4193">
     <span class='ocr_line' id='line_1_87' title="bbox 2209 4105 3765 4193; baseline 0.013 -37"><span class='ocrx_word' id='word_1_644' title='bbox 2209 4105 2630 4176; x_wconf 82' lang='grc' dir='ltr'>ἀπαγγέλλουσιν</span> <span class='ocrx_word' id='word_1_645' title='bbox 2673 4115 2840 4184; x_wconf 78' lang='grc' dir='ltr'>ἡμῖν;</span> <span class='ocrx_word' id='word_1_646' title='bbox 2883 4115 2987 4181; x_wconf 82' lang='grc' dir='ltr'>ἵνα,</span> <span class='ocrx_word' id='word_1_647' title='bbox 3027 4117 3118 4171; x_wconf 73' lang='grc' dir='ltr'>ἐὰν</span> <span class='ocrx_word' id='word_1_648' title='bbox 3157 4120 3264 4188; x_wconf 82' lang='grc' dir='ltr'>ἄρα</span> <span class='ocrx_word' id='word_1_649' title='bbox 3295 4120 3418 4190; x_wconf 75' lang='grc' dir='ltr'>περὶ</span> <span class='ocrx_word' id='word_1_650' title='bbox 3456 4121 3566 4173; x_wconf 84' lang='grc' dir='ltr'>τῶν</span> <span class='ocrx_word' id='word_1_651' title='bbox 3593 4125 3765 4193; x_wconf 67' lang='grc' dir='ltr'>χαμαὶ</span> 
     </span>
    </p>
   </div>
   <div class='ocr_carea' id='block_1_88' title="bbox 2211 4201 3764 4284">
    <p class='ocr_par' dir='ltr' id='par_1_88' title="bbox 2211 4201 3764 4284">
     <span class='ocr_line' id='line_1_88' title="bbox 2211 4201 3764 4284; baseline 0.012 -34"><span class='ocrx_word' id='word_1_652' title='bbox 2211 4201 2300 4251; x_wconf 74' lang='grc' dir='ltr'>καὶ</span> <span class='ocrx_word' id='word_1_653' title='bbox 2326 4201 2428 4252; x_wconf 78' lang='grc' dir='ltr'><strong>ὑπὸ</strong></span> <span class='ocrx_word' id='word_1_654' title='bbox 2454 4205 2562 4266; x_wconf 88' lang='grc' dir='ltr'>τοῖς</span> <span class='ocrx_word' id='word_1_655' title='bbox 2602 4205 2724 4257; x_wconf 78' lang='grc' dir='ltr'>ποσὶ</span> <span class='ocrx_word' id='word_1_656' title='bbox 2759 4207 3018 4277; x_wconf 84' lang='grc' dir='ltr'>κειμένων</span> <span class='ocrx_word' id='word_1_657' title='bbox 3047 4211 3447 4282; x_wconf 73' lang='grc' dir='ltr'>ἀναντιρρήτως</span> <span class='ocrx_word' id='word_1_658' title='bbox 3482 4217 3615 4284; x_wconf 72' lang='grc' dir='ltr'>ἡμῖν</span> <span class='ocrx_word' id='word_1_659' title='bbox 3638 4217 3764 4268; x_wconf 77' lang='grc' dir='ltr'>δια-</span> 
     </span>
    </p>
   </div>
   <div class='ocr_carea' id='block_1_89' title="bbox 2208 4288 3764 4372">
    <p class='ocr_par' dir='ltr' id='par_1_89' title="bbox 2208 4288 3764 4372">
     <span class='ocr_line' id='line_1_89' title="bbox 2208 4288 3764 4372; baseline 0.009 -31"><span class='ocrx_word' id='word_1_660' title='bbox 2208 4288 2455 4359; x_wconf 77' lang='grc' dir='ltr'>λεχθῶσι.</span> <span class='ocrx_word' id='word_1_661' title='bbox 2501 4295 2616 4346; x_wconf 83' lang='grc' dir='ltr'>τότε</span> <span class='ocrx_word' id='word_1_662' title='bbox 2659 4297 2838 4360; x_wconf 70' lang='grc' dir='ltr'>αὑτοῖς</span> <span class='ocrx_word' id='word_1_663' title='bbox 2869 4298 2957 4350; x_wconf 77' lang='grc' dir='ltr'>καὶ</span> <span class='ocrx_word' id='word_1_664' title='bbox 3005 4300 3130 4368; x_wconf 75' lang='grc' dir='ltr'>περὶ</span> <span class='ocrx_word' id='word_1_665' title='bbox 3163 4300 3267 4352; x_wconf 85' lang='grc' dir='ltr'>τῶν</span> <span class='ocrx_word' id='word_1_666' title='bbox 3303 4303 3555 4354; x_wconf 78' lang='grc' dir='ltr'>ἐπέκεινα</span> <span class='ocrx_word' id='word_1_667' title='bbox 3587 4305 3764 4372; x_wconf 68' lang='grc' dir='ltr'>πάσης</span> 
     </span>
    </p>
   </div>
   <div class='ocr_carea' id='block_1_90' title="bbox 2210 4383 3762 4465">
    <p class='ocr_par' dir='ltr' id='par_1_90' title="bbox 2210 4383 3762 4465">
     <span class='ocr_line' id='line_1_90' title="bbox 2210 4383 3762 4465; baseline 0.011 -33"><span class='ocrx_word' id='word_1_668' title='bbox 2210 4383 2414 4447; x_wconf 78' lang='grc' dir='ltr'>ἐννοίας</span> <span class='ocrx_word' id='word_1_669' title='bbox 2447 4383 2858 4457; x_wconf 83' lang='grc' dir='ltr'>διατεινομένοις</span> <span class='ocrx_word' id='word_1_670' title='bbox 2885 4390 3274 4460; x_wconf 83' lang='grc' dir='ltr'>πιστεύσωμεν.</span> <span class='ocrx_word' id='word_1_671' title='bbox 3303 4394 3395 4455; x_wconf 88' lang='grc' dir='ltr'>Τίς</span> <span class='ocrx_word' id='word_1_672' title='bbox 3414 4391 3504 4446; x_wconf 78' lang='grc' dir='ltr'><strong>οὖν</strong></span> <span class='ocrx_word' id='word_1_673' title='bbox 3537 4395 3636 4465; x_wconf 81' lang='grc' dir='ltr'>τῆς</span> <span class='ocrx_word' id='word_1_674' title='bbox 3663 4401 3762 4465; x_wconf 77' lang='grc' dir='ltr'>γῆς</span> 
     </span>
    </p>
   </div>
   <div class='ocr_carea' id='block_1_91' title="bbox 2207 4473 3761 4558">
    <p class='ocr_par' dir='ltr' id='par_1_91' title="bbox 2207 4473 3761 4558">
     <span class='ocr_line' id='line_1_91' title="bbox 2207 4473 3761 4558; baseline 0.01 -34"><span class='ocrx_word' id='word_1_675' title='bbox 2207 4473 2240 4543; x_wconf 79' lang='grc' dir='ltr'>ἡ</span> <span class='ocrx_word' id='word_1_676' title='bbox 2275 4474 2463 4539; x_wconf 84' lang='grc' dir='ltr'>οὐσία;</span> <span class='ocrx_word' id='word_1_677' title='bbox 2493 4479 2640 4540; x_wconf 85' lang='grc' dir='ltr'>ποῖος</span> <span class='ocrx_word' id='word_1_678' title='bbox 2672 4478 2870 4548; x_wconf 85' lang='grc' dir='ltr'>τρόπος</span> <span class='ocrx_word' id='word_1_679' title='bbox 2903 4481 2999 4550; x_wconf 83' lang='grc' dir='ltr'>τῆς</span> <span class='ocrx_word' id='word_1_680' title='bbox 3026 4482 3396 4553; x_wconf 53' lang='grc' dir='ltr'>καταλήψεως</span> <span class='ocrx_word' id='word_1_681' title='bbox 3445 4486 3761 4558; x_wconf 76' lang='grc' dir='ltr'>Ἀποκρινά-</span> 
     </span>
    </p>
   </div>
   <div class='ocr_carea' id='block_1_92' title="bbox 543 4546 2110 4650">
    <p class='ocr_par' dir='ltr' id='par_1_92' title="bbox 543 4546 2105 4636">
     <span class='ocr_line' id='line_1_92' title="bbox 543 4546 2105 4636; baseline 0.016 -40"><span class='ocrx_word' id='word_1_682' title='bbox 543 4546 707 4598; x_wconf 87' lang='lat' dir='ltr'><strong>deant</strong></span> <span class='ocrx_word' id='word_1_683' title='bbox 735 4548 889 4601; x_wconf 89' lang='lat' dir='ltr'><strong>nobis</strong></span> <span class='ocrx_word' id='word_1_684' title='bbox 914 4561 1089 4602; x_wconf 90' lang='lat' dir='ltr'><strong>utrum</strong></span> <span class='ocrx_word' id='word_1_685' title='bbox 1120 4568 1236 4605; x_wconf 90' lang='lat' dir='ltr'><strong>eam</strong></span> <span class='ocrx_word' id='word_1_686' title='bbox 1266 4555 1399 4607; x_wconf 90' lang='lat' dir='ltr'><strong>ratio</strong></span> <span class='ocrx_word' id='word_1_687' title='bbox 1425 4569 1761 4626; x_wconf 86' lang='lat' dir='ltr'><strong>assequatur,</strong></span> <span class='ocrx_word' id='word_1_688' title='bbox 1785 4577 1850 4615; x_wconf 90' lang='lat' dir='ltr'><strong>an</strong></span> <span class='ocrx_word' id='word_1_689' title='bbox 1881 4568 2105 4636; x_wconf 79' lang='lat' dir='ltr'><strong>sensus?</strong></span> 
     </span>
    </p>
   </div>
   <div class='ocr_carea' id='block_1_93' title="bbox 2212 4546 3762 4650">
    <p class='ocr_par' dir='ltr' id='par_1_93' title="bbox 2212 4565 3762 4650">
     <span class='ocr_line' id='line_1_93' title="bbox 2212 4565 3762 4650; baseline 0.012 -34"><span class='ocrx_word' id='word_1_690' title='bbox 2212 4565 2419 4618; x_wconf 76' lang='grc' dir='ltr'>σθωσαν</span> <span class='ocrx_word' id='word_1_691' title='bbox 2455 4569 2603 4637; x_wconf 77' lang='grc' dir='ltr'>ἡμῖν,</span> <span class='ocrx_word' id='word_1_692' title='bbox 2651 4571 2876 4642; x_wconf 83' lang='grc' dir='ltr'>πότερον</span> <span class='ocrx_word' id='word_1_693' title='bbox 2914 4573 3070 4640; x_wconf 82' lang='grc' dir='ltr'>λόγος</span> <span class='ocrx_word' id='word_1_694' title='bbox 3115 4576 3327 4644; x_wconf 76' lang='grc' dir='ltr'>ἐφίκετο</span> <span class='ocrx_word' id='word_1_695' title='bbox 3360 4579 3583 4650; x_wconf 68' lang='grc' dir='ltr'>ταύτης,</span> <span class='ocrx_word' id='word_1_696' title='bbox 3616 4582 3647 4649; x_wconf 79' lang='grc' dir='ltr'><strong>ἢ</strong></span> <span class='ocrx_word' id='word_1_697' title='bbox 3686 4582 3762 4634; x_wconf 76' lang='grc' dir='ltr'><strong>αῖ-</strong></span> 
     </span>
    </p>
   </div>
   <div class='ocr_carea' id='block_1_94' title="bbox 543 4635 2106 4724">
    <p class='ocr_par' dir='ltr' id='par_1_94' title="bbox 543 4635 2106 4724">
     <span class='ocr_line' id='line_1_94' title="bbox 543 4635 2106 4724; baseline 0.017 -39"><span class='ocrx_word' id='word_1_698' title='bbox 543 4635 637 4685; x_wconf 80' lang='lat' dir='ltr'><strong>sed</strong></span> <span class='ocrx_word' id='word_1_699' title='bbox 664 4639 704 4688; x_wconf 87' lang='lat' dir='ltr'><strong>si</strong></span> <span class='ocrx_word' id='word_1_700' title='bbox 739 4651 956 4692; x_wconf 89' lang='lat' dir='ltr'><strong>sensum</strong></span> <span class='ocrx_word' id='word_1_701' title='bbox 1003 4641 1202 4709; x_wconf 88' lang='lat' dir='ltr'><strong>dicent,</strong></span> <span class='ocrx_word' id='word_1_702' title='bbox 1231 4660 1338 4712; x_wconf 88' lang='lat' dir='ltr'><strong>quo</strong></span> <span class='ocrx_word' id='word_1_703' title='bbox 1359 4661 1516 4700; x_wconf 91' lang='lat' dir='ltr'><strong>sensu</strong></span> <span class='ocrx_word' id='word_1_704' title='bbox 1554 4661 1727 4716; x_wconf 88' lang='lat' dir='ltr'><strong>potest</strong></span> <span class='ocrx_word' id='word_1_705' title='bbox 1755 4635 2106 4724; x_wconf 85' lang='lat' dir='ltr'><strong>comprehen-</strong></span> 
     </span>
    </p>
   </div>
   <div class='ocr_carea' id='block_1_95' title="bbox 543 4724 2106 4810">
    <p class='ocr_par' dir='ltr' id='par_1_95' title="bbox 543 4724 2106 4810">
     <span class='ocr_line' id='line_1_95' title="bbox 543 4724 2106 4810; baseline 0.019 -36"><span class='ocrx_word' id='word_1_706' title='bbox 543 4725 635 4776; x_wconf 86' lang='lat' dir='ltr'><strong>di?</strong></span> <span class='ocrx_word' id='word_1_707' title='bbox 687 4724 915 4782; x_wconf 69' lang='lat' dir='ltr'><strong>\‘isune?</strong></span> <span class='ocrx_word' id='word_1_708' title='bbox 969 4731 1036 4784; x_wconf 80' lang='lat' dir='ltr'><strong>At</strong></span> <span class='ocrx_word' id='word_1_709' title='bbox 1069 4732 1157 4786; x_wconf 90' lang='lat' dir='ltr'><strong>hic</strong></span> <span class='ocrx_word' id='word_1_710' title='bbox 1189 4735 1394 4791; x_wconf 84' lang='lat' dir='ltr'><strong>colores</strong></span> <span class='ocrx_word' id='word_1_711' title='bbox 1431 4740 1676 4810; x_wconf 85' lang='lat' dir='ltr'><strong>percipit.</strong></span> <span class='ocrx_word' id='word_1_712' title='bbox 1713 4743 1794 4796; x_wconf 82' lang='lat' dir='ltr'><strong>An</strong></span> <span class='ocrx_word' id='word_1_713' title='bbox 1833 4749 2106 4804; x_wconf 83' lang='lat' dir='ltr'><strong>tactu?At</strong></span> 
     </span>
    </p>
   </div>
   <div class='ocr_carea' id='block_1_96' title="bbox 544 4812 2104 4902">
    <p class='ocr_par' dir='ltr' id='par_1_96' title="bbox 544 4812 2104 4902">
     <span class='ocr_line' id='line_1_96' title="bbox 544 4812 2104 4902; baseline 0.018 -38"><span class='ocrx_word' id='word_1_714' title='bbox 544 4812 632 4866; x_wconf 88' lang='lat' dir='ltr'><strong>hic</strong></span> <span class='ocrx_word' id='word_1_715' title='bbox 659 4815 910 4871; x_wconf 87' lang='lat' dir='ltr'><strong>duritiem</strong></span> <span class='ocrx_word' id='word_1_716' title='bbox 941 4831 996 4873; x_wconf 87' lang='lat' dir='ltr'><strong>et</strong></span> <span class='ocrx_word' id='word_1_717' title='bbox 1041 4824 1336 4888; x_wconf 84' lang='lat' dir='ltr'><strong>mollitiem,</strong></span> <span class='ocrx_word' id='word_1_718' title='bbox 1377 4827 1606 4882; x_wconf 90' lang='lat' dir='ltr'><strong>calidum</strong></span> <span class='ocrx_word' id='word_1_719' title='bbox 1639 4842 1691 4885; x_wconf 91' lang='lat' dir='ltr'><strong>et</strong></span> <span class='ocrx_word' id='word_1_720' title='bbox 1751 4832 2022 4902; x_wconf 79' lang='lat' dir='ltr'><strong>frigidum,</strong></span> <span class='ocrx_word' id='word_1_721' title='bbox 2053 4849 2104 4893; x_wconf 90' lang='lat' dir='ltr'><strong>et</strong></span> 
     </span>
    </p>
   </div>
   <div class='ocr_carea' id='block_1_97' title="bbox 543 4907 2099 4993">
    <p class='ocr_par' dir='ltr' id='par_1_97' title="bbox 543 4907 2099 4993">
     <span class='ocr_line' id='line_1_97' title="bbox 543 4907 2099 4993; baseline 0.017 -36"><span class='ocrx_word' id='word_1_722' title='bbox 543 4907 646 4960; x_wconf 79' lang='lat' dir='ltr'><strong>alia</strong></span> <span class='ocrx_word' id='word_1_723' title='bbox 690 4908 994 4974; x_wconf 73' lang='lat' dir='ltr'><strong>huiusmodi</strong></span> <span class='ocrx_word' id='word_1_724' title='bbox 1045 4915 1299 4969; x_wconf 87' lang='lat' dir='ltr'><strong>discernit</strong></span> <span class='ocrx_word' id='word_1_725' title='bbox 1331 4937 1343 4971; x_wconf 91' lang='lat'>:</span> <span class='ocrx_word' id='word_1_726' title='bbox 1370 4935 1594 4986; x_wconf 84' lang='lat' dir='ltr'><strong>quorum</strong></span> <span class='ocrx_word' id='word_1_727' title='bbox 1626 4925 1756 4977; x_wconf 89' lang='lat' dir='ltr'><strong>nihil</strong></span> <span class='ocrx_word' id='word_1_728' title='bbox 1790 4927 1948 4993; x_wconf 88' lang='lat' dir='ltr'><strong>ullus,</strong></span> <span class='ocrx_word' id='word_1_729' title='bbox 1999 4932 2099 4984; x_wconf 86' lang='lat' dir='ltr'><strong>nisi</strong></span> 
     </span>
    </p>
   </div>
   <div class='ocr_carea' id='block_1_98' title="bbox 541 4997 2101 5076">
    <p class='ocr_par' dir='ltr' id='par_1_98' title="bbox 541 4997 2101 5076">
     <span class='ocr_line' id='line_1_98' title="bbox 541 4997 2101 5076; baseline 0.013 -24"><span class='ocrx_word' id='word_1_730' title='bbox 541 4997 882 5053; x_wconf 82' lang='lat' dir='ltr'><strong>insummam</strong></span> <span class='ocrx_word' id='word_1_731' title='bbox 927 5005 1248 5058; x_wconf 88' lang='lat' dir='ltr'><strong>dementiam</strong></span> <span class='ocrx_word' id='word_1_732' title='bbox 1301 5007 1499 5076; x_wconf 90' lang='lat' dir='ltr'><strong>lapsus,</strong></span> <span class='ocrx_word' id='word_1_733' title='bbox 1549 5014 1904 5069; x_wconf 81' lang='lat' dir='ltr'><strong>substantiam</strong></span> <span class='ocrx_word' id='word_1_734' title='bbox 1953 5020 2101 5073; x_wconf 85' lang='lat' dir='ltr'><strong>dixe-</strong></span> 
     </span>
    </p>
   </div>
   <div class='ocr_carea' id='block_1_99' title="bbox 541 5089 2097 5172">
    <p class='ocr_par' dir='ltr' id='par_1_99' title="bbox 541 5089 2097 5172">
     <span class='ocr_line' id='line_1_99' title="bbox 541 5089 2097 5172; baseline 0.012 -29"><span class='ocrx_word' id='word_1_735' title='bbox 541 5090 630 5143; x_wconf 87' lang='lat' dir='ltr'><strong>rit.</strong></span> <span class='ocrx_word' id='word_1_736' title='bbox 683 5089 755 5142; x_wconf 89' lang='lat' dir='ltr'><strong>De</strong></span> <span class='ocrx_word' id='word_1_737' title='bbox 787 5103 942 5158; x_wconf 81' lang='lat' dir='ltr'><strong>gustu</strong></span> <span class='ocrx_word' id='word_1_738' title='bbox 992 5108 1138 5157; x_wconf 89' lang='lat' dir='ltr'><strong>vero,</strong></span> <span class='ocrx_word' id='word_1_739' title='bbox 1175 5096 1345 5165; x_wconf 91' lang='lat' dir='ltr'><strong>deque</strong></span> <span class='ocrx_word' id='word_1_740' title='bbox 1385 5100 1580 5155; x_wconf 83' lang='lat' dir='ltr'><strong>olfactu</strong></span> <span class='ocrx_word' id='word_1_741' title='bbox 1629 5106 1759 5172; x_wconf 91' lang='lat' dir='ltr'><strong>quid</strong></span> <span class='ocrx_word' id='word_1_742' title='bbox 1793 5109 1982 5160; x_wconf 89' lang='lat' dir='ltr'><strong>attinet</strong></span> <span class='ocrx_word' id='word_1_743' title='bbox 2014 5110 2097 5162; x_wconf 91' lang='lat' dir='ltr'><strong>di-</strong></span> 
     </span>
    </p>
   </div>
   <div class='ocr_carea' id='block_1_100' title="bbox 540 5181 2096 5266">
    <p class='ocr_par' dir='ltr' id='par_1_100' title="bbox 540 5181 2096 5266">
     <span class='ocr_line' id='line_1_100' title="bbox 540 5181 2096 5266; baseline 0.011 -31"><span class='ocrx_word' id='word_1_744' title='bbox 540 5181 699 5235; x_wconf 67' lang='lat' dir='ltr'><strong>cere?</strong></span> <span class='ocrx_word' id='word_1_745' title='bbox 731 5196 958 5250; x_wconf 88' lang='lat' dir='ltr'><strong>quorum</strong></span> <span class='ocrx_word' id='word_1_746' title='bbox 1001 5183 1137 5240; x_wconf 78' lang='lat' dir='ltr'><strong>alter</strong></span> <span class='ocrx_word' id='word_1_747' title='bbox 1168 5201 1404 5257; x_wconf 89' lang='lat' dir='ltr'><strong>sapores,</strong></span> <span class='ocrx_word' id='word_1_748' title='bbox 1436 5191 1571 5245; x_wconf 90' lang='lat' dir='ltr'><strong>alter</strong></span> <span class='ocrx_word' id='word_1_749' title='bbox 1604 5207 1824 5263; x_wconf 87' lang='lat' dir='ltr'><strong>vapores</strong></span> <span class='ocrx_word' id='word_1_750' title='bbox 1865 5199 2096 5266; x_wconf 83' lang='lat' dir='ltr'><strong>attingit.</strong></span> 
     </span>
    </p>
   </div>
   <div class='ocr_carea' id='block_1_101' title="bbox 617 5369 1733 5452">
    <p class='ocr_par' dir='ltr' id='par_1_101' title="bbox 617 5369 1733 5452">
     <span class='ocr_line' id='line_1_101' title="bbox 617 5369 1733 5452; baseline 0.017 -30"><span class='ocrx_word' id='word_1_751' title='bbox 617 5370 663 5401; x_wconf 83' lang='lat'><strong>&#39;°</strong></span> <span class='ocrx_word' id='word_1_752' title='bbox 697 5369 798 5425; x_wconf 84' lang='lat' dir='ltr'><strong>Isa.</strong></span> <span class='ocrx_word' id='word_1_753' title='bbox 828 5391 935 5441; x_wconf 83' lang='lat' dir='ltr'><strong>xiv,</strong></span> <span class='ocrx_word' id='word_1_754' title='bbox 973 5378 1059 5432; x_wconf 72' lang='grc'><strong>15.</strong></span> <span class='ocrx_word' id='word_1_755' title='bbox 1134 5379 1177 5410; x_wconf 84' lang='grc'><strong>⁷¹</strong></span> <span class='ocrx_word' id='word_1_756' title='bbox 1211 5379 1352 5436; x_wconf 88' lang='lat' dir='ltr'><strong>Psal.</strong></span> <span class='ocrx_word' id='word_1_757' title='bbox 1384 5399 1648 5452; x_wconf 64' lang='lat' dir='ltr'><strong>cxxxvm,</strong></span> <span class='ocrx_word' id='word_1_758' title='bbox 1679 5387 1733 5442; x_wconf 83' lang='lat'><strong>6.</strong></span> 
     </span>
    </p>
   </div>
   <div class='ocr_carea' id='block_1_102' title="bbox 610 5524 2098 5609">
    <p class='ocr_par' dir='ltr' id='par_1_102' title="bbox 610 5524 2098 5609">
     <span class='ocr_line' id='line_1_102' title="bbox 610 5524 2098 5609; baseline 0.016 -32"><span class='ocrx_word' id='word_1_759' title='bbox 610 5524 722 5607; x_wconf 68' lang='lat'><strong>(78)</strong></span> <span class='ocrx_word' id='word_1_760' title='bbox 761 5527 910 5609; x_wconf 58' lang='lat' dir='ltr'><strong>Colb.</strong></span> <span class='ocrx_word' id='word_1_761' title='bbox 937 5526 1081 5609; x_wconf 63' lang='grc' dir='ltr'><strong>ᾊρα</strong></span> <span class='ocrx_word' id='word_1_762' title='bbox 1106 5535 1175 5609; x_wconf 81' lang='grc' dir='ltr'><strong>¹ἐκ</strong></span> <span class='ocrx_word' id='word_1_763' title='bbox 1193 5539 1291 5607; x_wconf 77' lang='grc' dir='ltr'>τῆς</span> <span class='ocrx_word' id='word_1_764' title='bbox 1313 5539 1495 5609; x_wconf 82' lang='grc' dir='ltr'>κοινῆς</span> <span class='ocrx_word' id='word_1_765' title='bbox 1518 5541 1736 5606; x_wconf 77' lang='grc' dir='ltr'>οὑσίαςς</span> <span class='ocrx_word' id='word_1_766' title='bbox 1780 5544 1856 5599; x_wconf 81' lang='lat' dir='ltr'><strong>An</strong></span> <span class='ocrx_word' id='word_1_767' title='bbox 1879 5562 1941 5600; x_wconf 78' lang='lat' dir='ltr'><strong>ea:</strong></span> <span class='ocrx_word' id='word_1_768' title='bbox 1965 5563 2098 5602; x_wconf 79' lang='lat' dir='ltr'><strong>com-</strong></span> 
     </span>
    </p>
   </div>
   <div class='ocr_carea' id='block_1_103' title="bbox 539 5600 1170 5657">
    <p class='ocr_par' dir='ltr' id='par_1_103' title="bbox 539 5600 1170 5657">
     <span class='ocr_line' id='line_1_103' title="bbox 539 5600 1170 5657; baseline 0.021 -12"><span class='ocrx_word' id='word_1_769' title='bbox 539 5600 682 5647; x_wconf 86' lang='lat' dir='ltr'><strong>muni</strong></span> <span class='ocrx_word' id='word_1_770' title='bbox 720 5602 981 5653; x_wconf 81' lang='lat' dir='ltr'><strong>essentia?</strong></span> <span class='ocrx_word' id='word_1_771' title='bbox 1017 5600 1170 5657; x_wconf 79' lang='lat' dir='ltr'><strong>Male.</strong></span> 
     </span>
    </p>
   </div>
   <div class='ocr_carea' id='block_1_104' title="bbox 605 5664 1857 5750">
    <p class='ocr_par' dir='ltr' id='par_1_104' title="bbox 605 5664 1857 5750">
     <span class='ocr_line' id='line_1_104' title="bbox 605 5664 1857 5750; baseline 0.019 -36"><span class='ocrx_word' id='word_1_772' title='bbox 605 5664 714 5750; x_wconf 55' lang='lat'><strong>£79)</strong></span> <span class='ocrx_word' id='word_1_773' title='bbox 747 5667 872 5748; x_wconf 68' lang='lat' dir='ltr'><strong>Reg.</strong></span> <span class='ocrx_word' id='word_1_774' title='bbox 906 5674 1093 5727; x_wconf 89' lang='lat' dir='ltr'><strong>tertius</strong></span> <span class='ocrx_word' id='word_1_775' title='bbox 1121 5675 1348 5748; x_wconf 78' lang='grc' dir='ltr'>ἐδήλωσε</span> <span class='ocrx_word' id='word_1_776' title='bbox 1376 5681 1621 5750; x_wconf 83' lang='grc' dir='ltr'>φανερῶς</span> <span class='ocrx_word' id='word_1_777' title='bbox 1649 5685 1675 5735; x_wconf 93' lang='lat'><strong>6</strong></span> <span class='ocrx_word' id='word_1_778' title='bbox 1705 5683 1857 5749; x_wconf 81' lang='grc' dir='ltr'>Θεὸς,</span> 
     </span>
    </p>
   </div>
   <div class='ocr_carea' id='block_1_105' title="bbox 536 5735 1066 5800">
    <p class='ocr_par' dir='ltr' id='par_1_105' title="bbox 536 5735 1066 5800">
     <span class='ocr_line' id='line_1_105' title="bbox 536 5735 1066 5800; baseline 0.026 -18"><span class='ocrx_word' id='word_1_779' title='bbox 536 5735 640 5800; x_wconf 85' lang='grc' dir='ltr'>γεῑ,</span> <span class='ocrx_word' id='word_1_780' title='bbox 673 5751 772 5788; x_wconf 90' lang='lat' dir='ltr'><strong>non</strong></span> <span class='ocrx_word' id='word_1_781' title='bbox 807 5740 874 5789; x_wconf 86' lang='lat' dir='ltr'><strong>ita</strong></span> <span class='ocrx_word' id='word_1_782' title='bbox 903 5752 1066 5796; x_wconf 88' lang='lat' dir='ltr'><strong>recte.</strong></span> 
     </span>
    </p>
   </div>
   <div class='ocr_carea' id='block_1_106' title="bbox 608 5803 2084 5886">
    <p class='ocr_par' dir='ltr' id='par_1_106' title="bbox 608 5803 2084 5886">
     <span class='ocr_line' id='line_1_106' title="bbox 608 5803 2084 5886; baseline 0.022 -32"><span class='ocrx_word' id='word_1_783' title='bbox 608 5803 720 5874; x_wconf 85' lang='lat'><strong>(80)</strong></span> <span class='ocrx_word' id='word_1_784' title='bbox 763 5806 908 5863; x_wconf 86' lang='lat' dir='ltr'><strong>Libri</strong></span> <span class='ocrx_word' id='word_1_785' title='bbox 944 5823 1151 5868; x_wconf 82' lang='lat' dir='ltr'><strong>veteres</strong></span> <span class='ocrx_word' id='word_1_786' title='bbox 1182 5816 1212 5884; x_wconf 82' lang='grc' dir='ltr'>ἡ</span> <span class='ocrx_word' id='word_1_787' title='bbox 1241 5817 1458 5883; x_wconf 84' lang='grc' dir='ltr'>γνῶσις.</span> <span class='ocrx_word' id='word_1_788' title='bbox 1489 5819 1764 5879; x_wconf 84' lang='lat' dir='ltr'><strong>Articulus</strong></span> <span class='ocrx_word' id='word_1_789' title='bbox 1789 5824 1837 5879; x_wconf 88' lang='lat' dir='ltr'><strong>in</strong></span> <span class='ocrx_word' id='word_1_790' title='bbox 1871 5824 2084 5886; x_wconf 82' lang='lat' dir='ltr'><strong>excusis</strong></span> 
     </span>
    </p>
   </div>
   <div class='ocr_carea' id='block_1_107' title="bbox 1904 5687 2094 5758">
    <p class='ocr_par' dir='ltr' id='par_1_107' title="bbox 1904 5687 2094 5758">
     <span class='ocr_line' id='line_1_107' title="bbox 1904 5687 2094 5758; baseline 0.016 -20"><span class='ocrx_word' id='word_1_791' title='bbox 1904 5687 2094 5758; x_wconf 81' lang='grc' dir='ltr'>ὁμολο-</span> 
     </span>
    </p>
   </div>
   <div class='ocr_carea' id='block_1_108' title="bbox 1810 5391 2223 5459">
    <p class='ocr_par' dir='ltr' id='par_1_108' title="bbox 1810 5391 2223 5459">
     <span class='ocr_line' id='line_1_108' title="bbox 1810 5391 2223 5459; baseline 0.015 -16"><span class='ocrx_word' id='word_1_792' title='bbox 1810 5392 1853 5423; x_wconf 78' lang='grc'><strong>⁷²</strong></span> <span class='ocrx_word' id='word_1_793' title='bbox 1881 5391 1982 5448; x_wconf 88' lang='lat' dir='ltr'><strong>lsa.</strong></span> <span class='ocrx_word' id='word_1_794' title='bbox 2021 5409 2138 5459; x_wconf 81' lang='lat' dir='ltr'><strong>LIII,</strong></span> <span class='ocrx_word' id='word_1_795' title='bbox 2170 5395 2223 5449; x_wconf 92' lang='lat'><strong>8.</strong></span> 
     </span>
    </p>
   </div>
   <div class='ocr_carea' id='block_1_109' title="bbox 2204 4656 3758 4741">
    <p class='ocr_par' dir='ltr' id='par_1_109' title="bbox 2204 4656 3758 4741">
     <span class='ocr_line' id='line_1_109' title="bbox 2204 4656 3758 4741; baseline 0.011 -35"><span class='ocrx_word' id='word_1_796' title='bbox 2204 4656 2424 4727; x_wconf 83' lang='grc' dir='ltr'>σΘησις;</span> <span class='ocrx_word' id='word_1_797' title='bbox 2455 4660 2546 4710; x_wconf 72' lang='grc' dir='ltr'>καὶ</span> <span class='ocrx_word' id='word_1_798' title='bbox 2589 4663 2634 4712; x_wconf 85' lang='grc' dir='ltr'><strong>εί</strong></span> <span class='ocrx_word' id='word_1_799' title='bbox 2667 4662 2762 4730; x_wconf 78' lang='grc' dir='ltr'>μὲν</span> <span class='ocrx_word' id='word_1_800' title='bbox 2795 4663 2891 4734; x_wconf 77' lang='grc' dir='ltr'>τὴν</span> <span class='ocrx_word' id='word_1_801' title='bbox 2919 4664 3165 4734; x_wconf 80' lang='grc' dir='ltr'>αἴσθησιν</span> <span class='ocrx_word' id='word_1_802' title='bbox 3209 4669 3457 4737; x_wconf 76' lang='grc' dir='ltr'>φήσουσι,</span> <span class='ocrx_word' id='word_1_803' title='bbox 3492 4671 3618 4741; x_wconf 70' lang='grc' dir='ltr'>ποίᾳ</span> <span class='ocrx_word' id='word_1_804' title='bbox 3656 4672 3758 4723; x_wconf 75' lang='grc' dir='ltr'><strong>τῶν</strong></span> 
     </span>
    </p>
   </div>
   <div class='ocr_carea' id='block_1_110' title="bbox 2200 4746 3758 4829">
    <p class='ocr_par' dir='ltr' id='par_1_110' title="bbox 2200 4746 3758 4829">
     <span class='ocr_line' id='line_1_110' title="bbox 2200 4746 3758 4829; baseline 0.009 -31"><span class='ocrx_word' id='word_1_805' title='bbox 2200 4746 2500 4817; x_wconf 79' lang='grc' dir='ltr'>αἰσθήσεών</span> <span class='ocrx_word' id='word_1_806' title='bbox 2521 4750 2635 4801; x_wconf 73' lang='grc' dir='ltr'>ἐστι</span> <span class='ocrx_word' id='word_1_807' title='bbox 2666 4753 3021 4823; x_wconf 76' lang='grc' dir='ltr'>καταληπτής</span> <span class='ocrx_word' id='word_1_808' title='bbox 3059 4755 3307 4824; x_wconf 80' lang='grc' dir='ltr'>Ὀρὰσει;</span> <span class='ocrx_word' id='word_1_809' title='bbox 3349 4758 3503 4811; x_wconf 73' lang='grc' dir='ltr'>Ἀλλὰ</span> <span class='ocrx_word' id='word_1_810' title='bbox 3534 4760 3758 4829; x_wconf 71' lang='grc' dir='ltr'>χρωμά-</span> 
     </span>
    </p>
   </div>
   <div class='ocr_carea' id='block_1_111' title="bbox 2199 4839 3756 4920">
    <p class='ocr_par' dir='ltr' id='par_1_111' title="bbox 2199 4839 3756 4920">
     <span class='ocr_line' id='line_1_111' title="bbox 2199 4839 3756 4920; baseline 0.01 -32"><span class='ocrx_word' id='word_1_811' title='bbox 2199 4853 2303 4889; x_wconf 88' lang='grc' dir='ltr'><strong>των</strong></span> <span class='ocrx_word' id='word_1_812' title='bbox 2350 4839 2494 4890; x_wconf 75' lang='grc' dir='ltr'>ὲστὶν</span> <span class='ocrx_word' id='word_1_813' title='bbox 2528 4841 2879 4915; x_wconf 84' lang='grc' dir='ltr'>ἀντιληπτικὴ</span> <span class='ocrx_word' id='word_1_814' title='bbox 2911 4845 3064 4915; x_wconf 81' lang='grc' dir='ltr'>αῦτη.</span> <span class='ocrx_word' id='word_1_815' title='bbox 3113 4847 3248 4899; x_wconf 74' lang='grc' dir='ltr'>Ἀλλ’</span> <span class='ocrx_word' id='word_1_816' title='bbox 3294 4849 3443 4918; x_wconf 82' lang='grc' dir='ltr'>ἁφῇ;</span> <span class='ocrx_word' id='word_1_817' title='bbox 3480 4852 3590 4904; x_wconf 75' lang='grc' dir='ltr'><strong>Καὶ</strong></span> <span class='ocrx_word' id='word_1_818' title='bbox 3621 4851 3756 4920; x_wconf 79' lang='grc' dir='ltr'>αῦτη</span> 
     </span>
    </p>
   </div>
   <div class='ocr_carea' id='block_1_112' title="bbox 2209 4929 3756 5010">
    <p class='ocr_par' dir='ltr' id='par_1_112' title="bbox 2209 4929 3756 5010">
     <span class='ocr_line' id='line_1_112' title="bbox 2209 4929 3756 5010; baseline 0.008 -29"><span class='ocrx_word' id='word_1_819' title='bbox 2209 4929 2317 4998; x_wconf 85' lang='lat'><strong>(8|)</strong></span> <span class='ocrx_word' id='word_1_820' title='bbox 2368 4929 2724 5003; x_wconf 80' lang='grc' dir='ltr'>σκληρότητος</span> <span class='ocrx_word' id='word_1_821' title='bbox 2755 4936 2847 4988; x_wconf 72' lang='grc' dir='ltr'>καὶ</span> <span class='ocrx_word' id='word_1_822' title='bbox 2899 4937 3250 5008; x_wconf 81' lang='grc' dir='ltr'>ἁπαλότητος,</span> <span class='ocrx_word' id='word_1_823' title='bbox 3286 4941 3378 4992; x_wconf 72' lang='grc' dir='ltr'><strong>καὶ</strong></span> <span class='ocrx_word' id='word_1_824' title='bbox 3438 4941 3639 5010; x_wconf 84' lang='grc' dir='ltr'>Θερμοῦ</span> <span class='ocrx_word' id='word_1_825' title='bbox 3669 4943 3756 4994; x_wconf 73' lang='grc' dir='ltr'>καὶ</span> 
     </span>
    </p>
   </div>
   <div class='ocr_carea' id='block_1_113' title="bbox 2203 5019 3756 5103">
    <p class='ocr_par' dir='ltr' id='par_1_113' title="bbox 2203 5019 3756 5103">
     <span class='ocr_line' id='line_1_113' title="bbox 2203 5019 3756 5103; baseline 0.01 -33"><span class='ocrx_word' id='word_1_826' title='bbox 2203 5019 2426 5089; x_wconf 71' lang='grc' dir='ltr'>ψυχροῦ,</span> <span class='ocrx_word' id='word_1_827' title='bbox 2467 5025 2557 5075; x_wconf 73' lang='grc' dir='ltr'>καὶ</span> <span class='ocrx_word' id='word_1_828' title='bbox 2590 5025 2694 5076; x_wconf 85' lang='grc' dir='ltr'>τῶν</span> <span class='ocrx_word' id='word_1_829' title='bbox 2733 5027 2983 5080; x_wconf 78' lang='grc' dir='ltr'>τοιούτων</span> <span class='ocrx_word' id='word_1_830' title='bbox 3013 5029 3126 5082; x_wconf 80' lang='grc' dir='ltr'>ἐστὶ</span> <span class='ocrx_word' id='word_1_831' title='bbox 3153 5020 3476 5103; x_wconf 74' lang='grc' dir='ltr'>διακριτικὴ,</span> <span class='ocrx_word' id='word_1_832' title='bbox 3506 5027 3582 5084; x_wconf 83' lang='grc' dir='ltr'>ὧν</span> <span class='ocrx_word' id='word_1_833' title='bbox 3611 5034 3756 5086; x_wconf 77' lang='grc' dir='ltr'>οὐδὲν</span> 
     </span>
    </p>
   </div>
   <div class='ocr_carea' id='block_1_114' title="bbox 2203 5111 3756 5194">
    <p class='ocr_par' dir='ltr' id='par_1_114' title="bbox 2203 5111 3756 5194">
     <span class='ocr_line' id='line_1_114' title="bbox 2203 5111 3756 5194; baseline 0.008 -31"><span class='ocrx_word' id='word_1_834' title='bbox 2203 5111 2266 5163; x_wconf 84' lang='grc' dir='ltr'>ἄν</span> <span class='ocrx_word' id='word_1_835' title='bbox 2295 5130 2374 5176; x_wconf 88' lang='grc' dir='ltr'><strong>τις</strong></span> <span class='ocrx_word' id='word_1_836' title='bbox 2411 5115 2593 5167; x_wconf 78' lang='grc' dir='ltr'>οὐσίαν</span> <span class='ocrx_word' id='word_1_837' title='bbox 2634 5115 2796 5180; x_wconf 76' lang='grc' dir='ltr'>εἴποι,</span> <span class='ocrx_word' id='word_1_838' title='bbox 2847 5120 2918 5191; x_wconf 80' lang='grc' dir='ltr'>μὴ</span> <span class='ocrx_word' id='word_1_839' title='bbox 2963 5123 3041 5184; x_wconf 85' lang='grc' dir='ltr'><strong>είς</strong></span> <span class='ocrx_word' id='word_1_840' title='bbox 3072 5121 3294 5191; x_wconf 77' lang='grc' dir='ltr'>ἔσχατον</span> <span class='ocrx_word' id='word_1_841' title='bbox 3338 5125 3631 5194; x_wconf 83' lang='grc' dir='ltr'>παρανοίας</span> <span class='ocrx_word' id='word_1_842' title='bbox 3659 5127 3756 5176; x_wconf 76' lang='grc' dir='ltr'><strong>ὑπ-</strong></span> 
     </span>
    </p>
   </div>
   <div class='ocr_carea' id='block_1_115' title="bbox 2202 5204 3753 5287">
    <p class='ocr_par' dir='ltr' id='par_1_115' title="bbox 2202 5204 3753 5287">
     <span class='ocr_line' id='line_1_115' title="bbox 2202 5204 3753 5287; baseline 0.009 -34"><span class='ocrx_word' id='word_1_843' title='bbox 2202 5204 2454 5272; x_wconf 70' lang='grc' dir='ltr'>ενεχθείς.</span> <span class='ocrx_word' id='word_1_844' title='bbox 2495 5207 2626 5276; x_wconf 71' lang='grc' dir='ltr'>Περὶ</span> <span class='ocrx_word' id='word_1_845' title='bbox 2653 5211 2890 5276; x_wconf 82' lang='grc' dir='ltr'>γεύσεως</span> <span class='ocrx_word' id='word_1_846' title='bbox 2913 5212 2968 5264; x_wconf 77' lang='grc' dir='ltr'>δὲ</span> <span class='ocrx_word' id='word_1_847' title='bbox 2992 5214 3082 5264; x_wconf 73' lang='grc' dir='ltr'>καὶ</span> <span class='ocrx_word' id='word_1_848' title='bbox 3101 5214 3416 5285; x_wconf 81' lang='grc' dir='ltr'>ὀσφρήσεως</span> <span class='ocrx_word' id='word_1_849' title='bbox 3446 5216 3498 5268; x_wconf 85' lang='grc' dir='ltr'><strong>τί</strong></span> <span class='ocrx_word' id='word_1_850' title='bbox 3528 5218 3632 5287; x_wconf 79' lang='grc' dir='ltr'><strong>χρὴ</strong></span> <span class='ocrx_word' id='word_1_851' title='bbox 3665 5216 3753 5270; x_wconf 72' lang='grc' dir='ltr'>καὶ</span> 
     </span>
    </p>
   </div>
   <div class='ocr_carea' id='block_1_116' title="bbox 2298 5395 2731 5465">
    <p class='ocr_par' dir='ltr' id='par_1_116' title="bbox 2298 5395 2731 5465">
     <span class='ocr_line' id='line_1_116' title="bbox 2298 5395 2731 5465; baseline 0.016 -17"><span class='ocrx_word' id='word_1_852' title='bbox 2298 5395 2342 5426; x_wconf 83' lang='grc'>⁷³</span> <span class='ocrx_word' id='word_1_853' title='bbox 2366 5396 2519 5450; x_wconf 83' lang='lat' dir='ltr'><strong>Rom.</strong></span> <span class='ocrx_word' id='word_1_854' title='bbox 2553 5415 2629 5465; x_wconf 74' lang='lat' dir='ltr'><strong>XI,</strong></span> <span class='ocrx_word' id='word_1_855' title='bbox 2662 5399 2731 5455; x_wconf 77' lang='grc'><strong>55</strong></span> 
     </span>
    </p>
   </div>
   <div class='ocr_carea' id='block_1_117' title="bbox 2207 5550 3750 5628">
    <p class='ocr_par' dir='ltr' id='par_1_117' title="bbox 2207 5550 3750 5628">
     <span class='ocr_line' id='line_1_117' title="bbox 2207 5550 3750 5628; baseline 0.008 -25"><span class='ocrx_word' id='word_1_856' title='bbox 2207 5550 2560 5628; x_wconf 84' lang='lat' dir='ltr'><strong>desideratur.</strong></span> <span class='ocrx_word' id='word_1_857' title='bbox 2595 5553 2785 5611; x_wconf 88' lang='lat' dir='ltr'><strong>Statim</strong></span> <span class='ocrx_word' id='word_1_858' title='bbox 2808 5559 2858 5614; x_wconf 92' lang='lat' dir='ltr'><strong>in</strong></span> <span class='ocrx_word' id='word_1_859' title='bbox 2883 5570 3110 5628; x_wconf 89' lang='lat' dir='ltr'><strong>quatuor</strong></span> <span class='ocrx_word' id='word_1_860' title='bbox 3136 5577 3266 5617; x_wconf 79' lang='lat' dir='ltr'><strong>mss.</strong></span> <span class='ocrx_word' id='word_1_861' title='bbox 3302 5564 3560 5627; x_wconf 81' lang='lat' dir='ltr'><strong>reperitur</strong></span> <span class='ocrx_word' id='word_1_862' title='bbox 3592 5564 3750 5616; x_wconf 68' lang='lat' dir='ltr'><strong>intrr-</strong></span> 
     </span>
    </p>
   </div>
   <div class='ocr_carea' id='block_1_118' title="bbox 2199 5626 3749 5743">
    <p class='ocr_par' dir='ltr' id='par_1_118' title="bbox 2199 5626 3749 5743">
     <span class='ocr_line' id='line_1_118' title="bbox 2202 5626 3749 5730; baseline 0.008 -59"><span class='ocrx_word' id='word_1_863' title='bbox 2202 5626 2498 5730; x_wconf 42' lang='lat' dir='ltr'><strong>rogationis</strong></span> <span class='ocrx_word' id='word_1_864' title='bbox 2529 5638 2651 5680; x_wconf 86' lang='lat' dir='ltr'><strong>nota</strong></span> <span class='ocrx_word' id='word_1_865' title='bbox 2689 5638 2807 5697; x_wconf 85' lang='lat' dir='ltr'><strong>post</strong></span> <span class='ocrx_word' id='word_1_866' title='bbox 2859 5626 3040 5687; x_wconf 83' lang='lat' dir='ltr'><strong>vocem</strong></span> <span class='ocrx_word' id='word_1_867' title='bbox 3066 5633 3264 5703; x_wconf 80' lang='grc' dir='ltr'>αὑτήν;</span> <span class='ocrx_word' id='word_1_868' title='bbox 3309 5626 3449 5686; x_wconf 69' lang='lat' dir='ltr'><strong>Num</strong></span> <span class='ocrx_word' id='word_1_869' title='bbox 3473 5637 3663 5702; x_wconf 57' lang='lat' dir='ltr'><strong>{potero</strong></span> <span class='ocrx_word' id='word_1_870' title='bbox 3684 5635 3749 5685; x_wconf 71' lang='lat' dir='ltr'><strong>ad</strong></span> 
     </span>
     <span class='ocr_line' id='line_1_119' title="bbox 2199 5708 2348 5743; baseline 0 0"><span class='ocrx_word' id='word_1_871' title='bbox 2199 5708 2310 5743; x_wconf 83' lang='lat' dir='ltr'><strong>eam</strong></span> <span class='ocrx_word' id='word_1_872' title='bbox 2337 5735 2348 5743; x_wconf 89' lang='lat'><strong>.</strong></span> 
     </span>
    </p>
   </div>
   <div class='ocr_carea' id='block_1_119' title="bbox 2269 5735 3750 5845">
    <p class='ocr_par' dir='ltr' id='par_1_119' title="bbox 2269 5735 3750 5845">
     <span class='ocr_line' id='line_1_120' title="bbox 2269 5735 3750 5845; baseline 0.009 -30"><span class='ocrx_word' id='word_1_873' title='bbox 2269 5735 2553 5845; x_wconf 56' lang='lat' dir='ltr'><strong>{elisam</strong></span> <span class='ocrx_word' id='word_1_874' title='bbox 2596 5765 2752 5845; x_wconf 51' lang='grc' dir='ltr'>’ᾼλλι</span> <span class='ocrx_word' id='word_1_875' title='bbox 2801 5769 2952 5841; x_wconf 76' lang='grc' dir='ltr'>ἀφῇς</span> <span class='ocrx_word' id='word_1_876' title='bbox 3015 5774 3122 5826; x_wconf 78' lang='grc' dir='ltr'>Καὶ</span> <span class='ocrx_word' id='word_1_877' title='bbox 3166 5774 3322 5845; x_wconf 81' lang='grc' dir='ltr'>αὐτή.</span> <span class='ocrx_word' id='word_1_878' title='bbox 3363 5775 3430 5829; x_wconf 87' lang='lat' dir='ltr'><strong>At</strong></span> <span class='ocrx_word' id='word_1_879' title='bbox 3477 5789 3607 5830; x_wconf 85' lang='lat' dir='ltr'><strong>mss.</strong></span> <span class='ocrx_word' id='word_1_880' title='bbox 3649 5774 3750 5831; x_wconf 83' lang='lat' dir='ltr'><strong>duo</strong></span> 
     </span>
    </p>
   </div>
   <div class='ocr_carea' id='block_1_120' title="bbox 2181 5832 2820 5914">
    <p class='ocr_par' dir='ltr' id='par_1_120' title="bbox 2181 5832 2820 5914">
     <span class='ocr_line' id='line_1_121' title="bbox 2181 5832 2820 5914; baseline 0.013 -31"><span class='ocrx_word' id='word_1_881' title='bbox 2181 5832 2343 5914; x_wconf 22' lang='grc' dir='ltr'><strong>⁵..Ἀλλ’</strong></span> <span class='ocrx_word' id='word_1_882' title='bbox 2378 5835 2520 5904; x_wconf 77' lang='grc' dir='ltr'><strong>ἀφῇ;</strong></span> <span class='ocrx_word' id='word_1_883' title='bbox 2549 5837 2640 5890; x_wconf 80' lang='grc' dir='ltr'>καὶ</span> <span class='ocrx_word' id='word_1_884' title='bbox 2666 5837 2820 5909; x_wconf 68' lang='grc' dir='ltr'>αὕτη.</span> 
     </span>
    </p>
   </div>
  </div>
