3978 6410
272 400 367 456 Sil

1357 408 1722 466 ADVERSUS
1758 408 2120 466 EUNOMIUM
2162 408 2288 466 LIB.
2331 408 2372 467 1.

3397 416 3500 471 542

266 515 441 583 λέγειν
467 532 482 581 ;
521 510 646 588 ὧνὴ
681 517 777 590 μὲν
799 520 1006 590 χυμῶν,
1042 523 1073 591 ἡ
1099 523 1154 576 δὲ
1186 523 1346 594 ὲτέρα
1379 526 1487 578 τῶν
1519 528 1706 598 ἀτμῶν
1727 529 1810 598 rip

1927 527 2162 581 Auditus
2213 528 2444 596 denique
2501 541 2664 581 sonos
2718 527 2948 598 percipit
2981 538 3036 582 et
3088 545 3271 598 voces,
3303 532 3501 601 quibus

262 608 545 678 ἀντίληψιν
579 609 708 680 ἔχει.
747 613 906 684 ’Λκοὴ
933 613 989 667 δὲ
1030 614 1216 684 ψόφων
1249 618 1362 669 ἐστὶ
1396 619 1489 670 καὶ
1521 620 1713 686 φωνῶν
1745 621 1828 672 αι-

264 698 517 772 σοητικὴ,
553 700 658 753 τῶν
690 703 943 772 οὐδεμίαν
969 705 1195 774 ἐχόντων
1224 708 1357 779 πρὸς
1386 709 1482 780 τὴν
1508 711 1610 780 γῆν
1643 713 1829 765 οίκειό⁴

261 807 417 860 τητα.
445 792 701 845 Λείπεται
735 789 826 846 οὖν
873 794 948 865 τῷ
976 795 1116 867 λόγῳ
1144 799 1368 867 φάσκειν
1395 802 1590 865 αὐτοὺς
1612 803 1708 874 τὴν
1738 804 1826 856 οὺ-

262 882 381 935 σίαν
421 884 590 952 αὐτῆς
619 885 926 956 εὑρηκέναι.
963 889 1106 960 Ποίῳ
1162 892 1368 964 τούτῳ;
1411 895 1511 946 ποῦ
1561 897 1658 966 τῆς
1689 896 1825 966 Γρα-

261 975 366 1044 φῆς
394 976 664 1046 κειμένῳ;
695 978 798 1031 ὑπὸ
825 980 965 1045 τίνος
998 983 1106 1036 τῶν
1134 984 1299 1052 ἁγίων
1325 987 1677 1056 παραδοθέντι
1705 1005 1718 1052 ;

333 1067 419 1120 15.
460 1069 516 1121 '0
548 1069 644 1139 μέν
675 1087 738 1138 γε
775 1073 1024 1144 περὶτῆς
1062 1077 1288 1141 κτίσεως
1335 1081 1466 1150 ἡμῖν
1504 1079 1823 1150 διαλεχθεὶς,

257 1160 508 1215 τοσοῦτον
550 1165 693 1234 ἡμᾶς
723 1164 976 1233 ἐδίδαξεν,
1011 1169 1089 1221 ὅτι
1133 1168 1234 1223 Ἐν
1264 1171 1418 1240 ἀρχῆ
1467 1173 1755 1239 ἐποίησεν
1789 1177 1821 1227 ὀ

257 1256 403 1322 Θεὸς
419 1257 524 1309 τὸν
555 1259 814 1327 οὐρανὸν
843 1261 938 1314 καὶ
957 1260 1071 1328 τὴν
1092 1262 1225 1331 γῆν·
1250 1265 1284 1330 ι)
1307 1263 1373 1315 δὲ
1393 1265 1465 1332 γῆ
1487 1265 1566 1333 ἦν
1581 1267 1827 1333 ἀόρατος

256 1351 356 1402 καὶ
381 1352 913 1420 ἀκατησκεύαστος
939 1372 951 1384 ·
973 1355 1222 1425 ἐξαρκεῖν
1246 1355 1550 1426 ἡγούμενος
1566 1358 1654 1410 τὸν
1680 1360 1828 1430 ποιή-

257 1459 427 1496 σαντα
457 1444 622 1514 αὐτὴν
644 1445 734 1496 καὶ
765 1446 1203 1518 διακοσμήσαντα
1234 1449 1567 1518 διαγγεῖλαι·
1598 1451 1680 1513 τίς
1713 1452 1766 1504 δὲ

251 1535 411 1587 οὐσία
435 1535 634 1605 ταύτης
656 1540 1125 1607 περιεργάζεσθαι,
1153 1541 1227 1603 ὡς
1257 1543 1476 1612 μάταιον
1500 1543 1590 1595 καὶ
1618 1544 1826 1612 ἀνωφε-

253 1625 346 1691 λὲς
379 1631 488 1691 τοῖς
518 1630 770 1683 ἀκούουσι
799 1633 1171 1702 παρῃτήσατο.
1200 1636 1261 1686 Εἰ
1292 1635 1467 1688 τοίνυν
1496 1638 1630 1706 μήτε
1671 1641 1734 1707 τῇ
1763 1639 1825 1690 ἐκ

250 1719 352 1788 τῆς
381 1720 683 1790 αἰσθήσεως
725 1723 1017 1793 μαρτυρία,
1062 1725 1196 1794 μήτε
1241 1728 1304 1796 τῇ
1343 1728 1404 1779 ἐκ
1437 1727 1526 1779 τοῦ
1559 1727 1715 1796 λόγου
1749 1730 1824 1781 δι-

248 1809 591 1882 δασκαλία,ἠ
627 1813 825 1880 γνῶσις
860 1815 1028 1884 αὐτῆς
1055 1815 1380 1883 βεϐαιοῦται,
1414 1817 1573 1870 πόθεν
1609 1819 1686 1872 ἔτι
1718 1822 1820 1890 φή-

252 1920 407 1954 σουσι
436 1905 532 1974 τὴν
564 1905 867 1976 κατάληψιν
906 1907 1074 1977 αὐτῆς
1115 1909 1432 1980 ἐσχηκέναι;
1473 1911 1545 1962 Τὸ
1581 1912 1680 1981 μὲν
1712 1913 1818 1982 γὰρ

245 1994 370 2048 ὅσον
407 1998 574 2064 αὐτῆς
595 1998 868 2069 αἰσθητὸν,
902 2001 932 2068 ἢ
981 2000 1178 2072 χρῶμά
1205 2003 1370 2064 ἐστιν,
1405 2003 1436 2072 ἦ
1463 2003 1641 2071 ὄγκος,
1666 2005 1696 2076 ἢ
1724 2005 1818 2074 βά-

248 2104 360 2157 ρος,
394 2087 425 2158 ἢ
463 2089 750 2158 κουφότης,
801 2091 831 2162 ἢ
864 2093 1155 2163 πυκνότης,
1208 2093 1238 2163 ἢ
1275 2096 1559 2166 χαυνότης,
1595 2097 1626 2169 ἢ
1670 2098 1818 2150 ἀντι-

244 2181 433 2243 τυπία,
483 2181 514 2251 ἢ
547 2182 839 2252 ἁπαλότης,
870 2183 900 2254 ἢ
933 2185 1224 2256 ψυχρότης,
1273 2187 1304 2256 ἢ
1343 2187 1628 2259 θερμότης,
1686 2190 1716 2260 ἢ
1760 2193 1815 2244 αί

244 2271 389 2324 κατὰ
421 2271 544 2334 τοὺς
571 2274 776 2342 χυμοὺς
804 2275 1108 2344 ποιότητες,
1149 2277 1181 2348 ἢ
1215 2279 1266 2330 αἱ
1299 2279 1440 2330 κατὰ
1471 2280 1653 2350 σχῆμα
1698 2282 1815 2334 δια-

244 2363 410 2434 φοραί
444 2362 552 2434 (82)
576 2384 587 2395 ·
631 2360 705 2418 ὧν
741 2365 890 2420 οὐδὲν
922 2367 986 2420 ἂν
1012 2369 1196 2421 οὐσίαν
1243 2371 1443 2423 εἴποιεν
1489 2367 1652 2436 οὗτοι,
1696 2373 1814 2425 οὐδὲ

242 2457 293 2506 εἰ
325 2455 498 2509 πάντα
538 2457 732 2528 ῥαδίως
759 2458 985 2527 λέγοιεν.
1023 2462 1177 2530 Λόγῳ
1211 2461 1267 2514 δὲ
1313 2463 1473 2515 πάλιν
1518 2464 1690 2517 οὐδενὶ
1723 2465 1814 2533 γέ-

241 2564 366 2614 γονε
421 2547 664 2621 θεωρητὴ
711 2550 816 2602 τῶν
872 2552 1048 2620 σοφῶν
1103 2554 1195 2606 καὶ
1239 2556 1522 2626 μακαρίων
1567 2557 1812 2628 ἀνδρῶν’

241 2641 395 2703 ποῖος
417 2635 508 2692 οῦν
538 2641 616 2692 ἔτι
653 2641 849 2712 τρόπος
889 2643 987 2713 τῆς
1022 2643 1271 2712 γνώσεως
1300 2647 1644 2700 ὑπολείπεται
1670 2650 1810 2719 (85);

253 2733 766 2804 Ἀποκρινάσθωσαν
801 2737 926 2806 ἡμῖν
957 2740 1004 2790 οἱ
1027 2739 1473 2808 περιφρονοῦντες
1510 2743 1608 2811 μὲν
1641 2741 1814 2795 πάντα

238 2826 311 2878 τὰ
339 2827 397 2878 ἐν
445 2827 589 2890 ποσὶ,
631 2827 999 2891 διαϐαίνοντες
1042 2831 1098 2882 δὲ
1123 2831 1212 2882 τὸν
1239 2832 1485 2902 οὐρανὸν,
1519 2834 1610 2885 καὶ
1636 2834 1814 2896 πάσας

237 2917 340 2980 τὰς
367 2919 766 2988 ὑπερκοσμίους
795 2921 1072 2991 δυνάμεις,
1100 2923 1232 2992 αὐτῇ
1262 2923 1318 2975 δὲ
1350 2927 1414 2994 τῇ
1449 2924 1638 2996 πρώτῃ
1659 2925 1814 2996 οὐσία

237 3011 328 3064 διὰ
360 3012 453 3064 τοῦ
479 3012 569 3064 νοῦ
609 3015 1021 3084 συναπτόμενοι.
1059 3016 1196 3067 Ἀλλ’
1217 3016 1388 3068 ἔοικεν
1417 3020 1444 3070 ὁ
1473 3018 1637 3085 τῦφος
1675 3019 1811 3070 πάν-

235 3120 346 3156 των
382 3100 518 3158 εἶναι
565 3106 671 3158 τῶν
702 3108 756 3159 ἐν
801 3107 1105 3177 ἀνθρώποις
1145 3108 1330 3162 παθῶν
1361 3109 1470 3180 (84)
1501 3110 1813 3179 χαλεπώτα-

233 3214 350 3261 τον,
390 3200 482 3251 καὶ
516 3200 682 3262 ὅντως
725 3199 803 3270 τῷ
841 3202 932 3254 τοῦ
982 3201 1224 3255 διαϐόλου
1272 3202 1498 3274 κρίματι
1551 3203 1811 3275 περιϐἀλ·

235 3288 370 3348 λειν,
411 3285 491 3354 οἷς
530 3290 595 3342 ἂν
625 3291 991 3362 προσγένηται
1022 3292 1151 3362 (85).
1188 3292 1348 3344 Ὅθεν
1396 3293 1489 3345 καὶ
1521 3287 1663 3345 οῦτοι
1693 3290 1812 3344 οὐδὲ

234 3381 337 3450 τῆς
371 3382 493 3452 γῆς,
551 3384 616 3454 ῆν
671 3384 1064 3446 καταπατοῦσι,
1099 3385 1195 3450 τὴν
1248 3385 1428 3452 φύσιν,
1481 3386 1598 3455 ἥτις
1645 3386 1810 3450 ἐστὶν,

233 3473 610 3541 ἐπιστάμενοι,
646 3473 815 3543 αὐτὴν
846 3473 1167 3543 ἐμϐατεύειν
1205 3476 1301 3545 τὴν
1329 3476 1514 3529 οὐσίαν
1550 3474 1642 3528 τοῦ
1676 3475 1810 3527 Θεοῦ

232 3566 342 3618 τῶν
391 3565 526 3618 ὅλων
565 3564 973 3629 ἀλαζονεύονται
1003 3567 1136 3636 (86).
1172 3568 1281 3620 Καὶ
1330 3571 1442 3629 τοῖς
1495 3568 1590 3638 μὲν
1640 3569 1812 3636 ἁγίοις

231 3657 400 3710 αὑτοῦ
431 3661 457 3711 ὁ
491 3659 642 3721 Θεὸς,
694 3658 770 3728 τῷ
814 3658 1062 3730 ’Λϐραὰμ
1112 3659 1206 3712 κα).
1260 3658 1334 3729 τῷ
1375 3659 1556 3712 Ἰσαὰκ
1589 3661 1680 3712 καὶ
1736 3659 1812 3729 τῷ

243 3748 462 3814 Ἰακὼϐ,
497 3744 592 3815 ὧν,
618 3750 705 3803 διὰ
734 3750 794 3803 τὸ
823 3753 903 3813 εὶς
940 3753 1118 3804 πᾶσαν
1168 3751 1366 3822 ἀρετὴν
1393 3751 1584 3815 τελεῖν,
1634 3750 1727 3805 καὶ
1751 3751 1812 3804 τὸ

230 3841 367 3904 Θεὸς
422 3841 798 3912 ὀνομάζεσθαι,
835 3842 910 3906 ὣς
961 3861 1012 3895 τι
1073 3843 1351 3914 ἐξαίρετον
1384 3846 1478 3896 καὶ
1509 3844 1714 3915 πρέπον
1744 3847 1808 3914 τῇ

230 3932 426 3984 ἑαυτοῦ
454 3934 852 4004 μεγαλειότητι,
886 3936 1242 4007 προετίμησε,
1267 3935 1437 4002 λέγων
1466 3937 1654 3989 ἑαυτὸν
1679 3937 1810 3989 Θεὸν

243 4021 518 4092 Ἅϐραὰμ,
557 4025 647 4076 καὶ
677 4025 806 4076 Θεὸν
852 4026 1056 4090 Ἰσαὰκ,
1083 4028 1176 4078 καὶ
1197 4027 1328 4079 Θεὸν
1370 4026 1592 4079 Ἰακώϐ·
1631 4027 1809 4080 Τοῦτο

229 4113 344 4183 γάρ
360 4117 479 4189 μού
506 4116 677 4169 ἐστιν
706 4116 816 4186 (8ἷ)
849 4117 1033 4186 ὄνομα
1065 4119 1322 4184 αἰώνιον,
1350 4121 1502 4191 φησι,
1533 4119 1629 4172 καὶ
1658 4136 1810 4187 μνη-

221 4207 506 4274 μόσυνον
551 4207 769 4277 γενεῶν
819 4210 1069 4278 γενεαῖς.
1108 4211 1326 4275 Τούτοις
1372 4213 1547 4264 τοίνυν
1600 4211 1808 4264 οὐδὲτὸ

229 4301 401 4370 ὄνομα
427 4301 620 4352 ἑαυτοῦ
649 4301 916 4372 ἐδήλωσεν
955 4305 982 4355 ὀ
1016 4304 1168 4368 Θεὸς,
1197 4305 1335 4374 ἦπου
1379 4321 1440 4372 γε
1475 4303 1572 4374 τὴν
1621 4303 1806 4356 οὐσίαν

227 4393 352 4461 ἥτις
402 4391 551 4456 ἐστὶν
585 4391 955 4461 ἀπεκάλυψεν.
1003 4394 1150 4460 Ἐγὼ
1198 4394 1329 4460 γὰρ,
1367 4393 1520 4462 φησι,
1555 4393 1767 4458 Κιῖριος
1790 4406 1803 4420 '

227 4483 328 4534 καὶ
374 4482 580 4550 ὤφθην
622 4484 771 4550 πρὸς
818 4485 1066 4550 Ἀϐραὰμ
1114 4484 1246 4552 (88),
1292 4483 1387 4535 καὶ
1452 4483 1668 4543 Ἰσαὰκ,
1710 4479 1804 4532 καὶ

1930 619 2064 673 nihil
2100 628 2183 674 est
2219 618 2497 673 afﬁnitatis
2523 635 2644 674 cum
2676 630 2839 674 terra.
2880 621 3161 691 Reliquum
3201 625 3366 695 igitur
3395 635 3498 690 est,

1931 721 1986 764 ιιι
2019 727 2271 766 sermone
2321 711 2597 766 invenisse
2646 729 2703 767 se
2730 714 2846 782 ejus
2877 713 3233 769 subStantiam
3289 717 3496 770 dicant.

1928 802 2046 868 Quo
2085 803 2350 857 tandem?
2380 814 2434 859 et
2465 820 2572 874 quo
2611 804 2727 859 loco
2770 803 3066 873 Scriptura:
3103 807 3278 863 editus
3321 809 3496 863 est?a

1929 911 2034 964 quo
2064 906 2372 951 sanctorum
2399 898 2668 953 traditus?

1999 1077 2086 1131 15.
2126 1076 2288 1132 Certe
2314 1078 2380 1132 de
2411 1079 2683 1132 creatione
2723 1079 2810 1146 qui
2846 1079 3114 1145 disseruit,
3167 1090 3371 1134 tantum
3399 1083 3494 1137 do-

1927 1170 2037 1223 cuit
2085 1184 2204 1233 nos,
2243 1170 2406 1223 Deum
2463 1171 2512 1222 in
2546 1171 2808 1238 principio
2845 1171 3035 1225 fecisse
3083 1171 3275 1226 caelum
3314 1183 3361 1226 et
3388 1185 3495 1228 ter-

1929 1276 2066 1323 ram,
2112 1271 2274 1330 atque
2326 1271 2524 1314 terram
2592 1263 2759 1316 fuisse
2803 1263 3122 1317 invisibilem
3174 1275 3226 1318 et
3277 1264 3492 1318 inorna-

1929 1360 2035 1403 tam
2059 1349 2138 1414 ης
2191 1351 2323 1405 satis
2371 1351 2472 1405 sibi
2507 1366 2627 1404 esse
2677 1362 2848 1415 ratus,
2889 1367 3010 1405 eum
3042 1354 3128 1422 qui
3179 1355 3314 1407 hanc
3367 1354 3494 1408 fecit

1927 1453 2088 1510 atque
2135 1443 2436 1505 exornavit,
2490 1444 2787 1511 praedicare
2845 1463 2858 1498 :
2910 1460 3029 1514 qua:
3058 1461 3182 1500 vero
3225 1447 3340 1515 ejus
3367 1448 3493 1500 Sub-

1927 1537 2125 1590 stautia
2185 1537 2340 1600 foret,
2399 1538 2725 1605 tanquamsi
2763 1536 2944 1590 fuisset
3001 1538 3252 1606 quiddam
3297 1553 3490 1591 vanum

1925 1638 1978 1683 et
2008 1629 2354 1682 audientibus
2397 1630 2604 1691 inutile,
2634 1631 2803 1682 noluit
2832 1630 3102 1684 curiosius
3142 1630 3488 1699 investigare.

1926 1725 2109 1793 Itaque
2153 1725 2195 1778 si
2237 1740 2408 1793 neque
2440 1740 2502 1778 ex
2551 1741 2805 1779 sensumn
2861 1727 3187 1793 testimonio,
3224 1742 3397 1796 neque
3425 1741 3491 1781 ex

1924 1817 2187 1870 sermonis
2217 1816 2486 1879 doctrina,
2519 1817 2753 1886 cognitio
2787 1816 2904 1883 ejus
2944 1826 3172 1883 constat,
3215 1819 3356 1871 unde
3382 1819 3490 1887 jam

1854 1886 1893 1939 Β
1919 1908 2101 1962 dicent
2133 1909 2670 1977 comprehensionem
2711 1908 2878 1976 ipsius
2925 1910 3149 1978 adeptos
3178 1911 3332 1963 esse?
3359 1910 3490 1964 Nam

1917 2002 2056 2069 quod
2091 2002 2142 2054 in
2177 2017 2238 2055 ea
2285 2000 2540 2056 sensibile
2579 2009 2682 2063 est,
2719 2010 2810 2053 aut
2843 2000 2990 2054 color
3020 2011 3120 2067 est,
3170 2010 3262 2054 aut
3302 2002 3490 2067 moles,

1916 2101 2007 2144 aut
2039 2093 2300 2160 gravitas,
2336 2102 2427 2144 aut
2455 2091 2668 2154 levitas,
2721 2099 2812 2144 aut
2853 2092 3117 2153 densitas,
3149 2102 3242 2145 aut
3276 2093 3488 2156 raritas,

1915 2195 2006 2237 aut
2039 2185 2283 2248 durities,
2333 2195 2425 2238 aut
2476 2185 2759 2250 mollities,
2797 2194 2888 2237 aut
2928 2185 3215 2254 frigiditas,
3248 2186 3491 2239 autcali-

1915 2278 2075 2341 ditas,
2102 2289 2193 2330 aut
2236 2278 2522 2331 humerum
2561 2277 2873 2344 qualitates,
2906 2287 2998 2329 aut
3051 2279 3231 2345 figura:
3258 2279 3488 2333 diversi-

1917 2380 2038 2424 tas:
2068 2387 2294 2439 quorum
2331 2371 2381 2424 hi
2419 2371 2548 2424 nihil
2574 2370 2806 2423 dixerint
2842 2369 3226 2435 substantiam,
3275 2371 3488 2422 etiamsi

1913 2461 2092 2512 omnia
2143 2459 2302 2514 facile
2349 2459 2562 2513 soleant
2612 2459 2897 2512 aliirmare.
2942 2459 3150 2511 Rursus
3191 2459 3337 2511 nullo
3374 2475 3487 2513 ser-

1914 2569 2071 2608 mone
2099 2553 2422 2622 sapientium
2461 2551 2696 2605 virorum
2727 2561 2885 2620 atque
2922 2551 3202 2604 beatorum
3238 2562 3487 2620 percepta

1913 2655 2014 2700 est.
2051 2643 2182 2709 Quis
2214 2645 2375 2714 igitur
2401 2643 2512 2711 jam
2545 2653 2788 2712 superest
2838 2642 3025 2696 modus
3057 2641 3488 2710 comprehensio-

1915 2737 2040 2791 nis?
2083 2737 2457 2804 Respondeant
2492 2735 2645 2788 nobis
2678 2735 2768 2802 qui
2811 2743 3000 2788 cuncta
3035 2752 3154 2805 qua:
3194 2736 3291 2789 sub
3336 2735 3487 2804 pedi-

1913 2829 2013 2883 bus
2043 2837 2188 2891 sunt,
2219 2826 2522 2896 despiciunt
2563 2843 2574 2878 :
2606 2825 2800 2879 coelum
2833 2841 2958 2880 vero
2991 2836 3045 2879 et
3077 2827 3341 2896 quaslibet
3374 2842 3488 2882 cu“:—

1913 2921 2075 2976 lesti-s
2126 2929 2421 2989 potestates
2468 2919 2871 2982 transcendunt,
2923 2934 2984 2970 ac
3021 2919 3116 2985 ipsi
3153 2919 3334 2985 prima:
3358 2920 3485 2970 suh-

1913 3015 2126 3069 stantia:
2154 3023 2330 3068 mente
2357 3011 2781 3080 coniunguntur.
2814 3008 2917 3062 Sed
2950 3011 3157 3062 videtur
3183 3011 3487 3079 arrogantia

1912 3109 2151 3160 Omnium
2219 3106 2576 3158 humanorum
2625 3104 2876 3155 vitiorum
2908 3102 3284 3171 gravissimum
3347 3117 3483 3165 esse,

1915 3199 2186 3266 etquibus
2227 3199 2386 3260 inest,
2430 3213 2523 3250 eos
2563 3211 2687 3250 vere
2713 3195 2908 3248 diaboli
2937 3196 3162 3249 crimine
3201 3195 3486 3262 implicari.

1921 3293 2068 3348 Unde
2089 3295 2250 3346 etiam
2283 3291 2358 3354 hi,
2397 3305 2462 3344 ne
2493 3299 2774 3344 noscentes
2801 3289 3012 3358 quidem
3044 3289 3216 3356 qualis
3232 3289 3296 3342 si:
3333 3298 3488 3343 tetra:

1915 3401 2075 3455 quam
2111 3385 2322 3439 calcant
2353 3396 2567 3448 natura,
2613 3384 2780 3451 ipsam
2817 3382 2907 3435 Dei
2953 3383 3328 3436 universorum
3361 3384 3486 3435 subv

1914 3479 2170 3534 stantiam
2230 3479 2381 3531 adire
2443 3491 2500 3529 se
2534 3483 2848 3544 arroganter
2897 3485 3166 3530 asserunt.
3225 3475 3290 3527 Et
3349 3474 3486 3528 Deus

1914 3572 2116 3625 sanctis
2155 3571 2370 3639 quidem
2421 3569 2552 3633 suis,
2601 3568 2875 3620 Abraham
2925 3575 2980 3618 et
3015 3565 3162 3619 Isaac
3202 3575 3255 3620 et
3296 3563 3486 3628 Jacob,

1913 3677 2163 3729 quorum,
2200 3661 2267 3715 ob
2309 3661 2474 3714 totius
2497 3659 2714 3712 virtutis
2742 3657 3156 3727 perfectionem,
3189 3659 3343 3727 quasi
3384 3658 3486 3710 hoc

1915 3752 2106 3806 fuisset
2143 3753 2471 3822 praacipuum
2517 3751 2769 3819 quiddam
2808 3766 2870 3804 ac
2898 3749 3158 3816 majestati
3210 3765 3320 3803 sua:
3355 3765 3485 3803 Con-

1914 3846 2160 3908 veniens,
2197 3847 2336 3900 Deus
2380 3846 2540 3900 etiam
2579 3843 2845 3896 nominari
2895 3843 3083 3908 voluit,
3119 3842 3282 3896 Deum
3312 3843 3484 3896 Abra-

1912 3937 2033 3990 ham
2058 3939 2292 4007 seipsum
2327 3936 2622 4006 appellans,
2649 3947 2702 3988 et
2735 3936 2898 3988 Deum
2931 3934 3102 3999 Isaac,
3134 3944 3186 3988 et
3209 3935 3371 3988 Deum
3394 3932 3481 3986 Ja-

1912 4031 2011 4084 cob
2042 4050 2054 4082 :
2093 4029 2212 4082 Hoc
2245 4030 2380 4082 enim
2412 4047 2593 4083 nomen
2629 4046 2796 4083 meum
2836 4038 2910 4082 est
2957 4038 3226 4089 wternum,
3281 4025 3480 4094 inquit,

1909 4131 1958 4174 et
2020 4122 2322 4176 nteittoriale
2373 4124 2765 4192 generationum
2812 4120 3230 4190 generationibus
3260 4118 3328 4172 ⁸⁷⁸.
3389 4118 3483 4180 llis

1911 4213 2073 4279 igitur
2105 4230 2171 4267 ne
2196 4231 2349 4268 suum
2388 4216 2604 4283 quidem
2642 4229 2836 4267 nomen
2878 4211 3168 4264 declaravit
3208 4209 3363 4271 Deus,
3397 4226 3484 4262 nc-

1909 4308 2032 4357 dum
2067 4320 2185 4372 quac
2240 4305 2312 4358 sit
2368 4320 2462 4358 sua
2509 4305 2677 4371 ipsius
2711 4302 2970 4364 essentia,
3037 4301 3312 4354 revelarit.
3369 4300 3482 4368 Ego

1907 4397 2064 4460 enim,
2141 4396 2312 4464 inquit
2363 4396 2616 4450 Dominus
2647 4411 2664 4448 .'
2694 4407 2740 4448 et
2802 4396 2940 4448 visus
2972 4408 3086 4444 sum
3119 4391 3390 4442 Abraham
3430 4401 3477 4442 et

1910 4484 2064 4538 Isaac
2108 4487 2271 4557 226
2310 4497 2355 4539 et
2385 4490 2580 4550 Jacob,
2640 4488 2773 4539 Deus
2817 4485 3068 4537 cxsistens
3117 4483 3383 4549 ipsorum;
3433 4491 3480 4532 ea

241 4573 467 4636 Ἰακὼϐ,
512 4573 653 4639 Θεὸς
688 4573 772 4626 ὧν
811 4573 1042 4626 αὐτῶν·
1093 4575 1187 4625 καὶ
1230 4575 1293 4626 τὸ
1333 4571 1518 4641 ὄνομά
1539 4591 1657 4641 μου
1693 4574 1802 4625 οὐκ

1919 4593 2090 4630 rtamen
2131 4596 2298 4631 meum
2333 4595 2434 4631 non
2467 4580 2693 4631 indicari
2729 4579 2854 4645 ipsis
2883 4578 2962 4640 7“;
3017 4585 3269 4643 tanquam
3306 4577 3478 4642 majus

224 4665 507 4734 ἐδήλωσα
541 4665 780 4731 αὐτοῖς’
831 4666 903 4729 ὡς
965 4665 1145 4735 μεῖζον
1186 4665 1487 4735 δηλονότιῆ
1535 4665 1674 4716 ὥστε
1718 4664 1809 4715 ἁν-

226 4757 473 4829 θρωπίνῃ
509 4761 642 4830 ἀκοῇ
678 4759 1010 4830 χωρηθῆναι.
1056 4758 1302 4827 Εὐνομίῳ
1333 4758 1440 4827 (89)
1483 4757 1558 4820 δὲ,
1593 4759 1666 4819 ὡς
1701 4755 1806 4807 ἔοι-

300 4849 346 4880 ⁷⁸
372 4849 507 4903 Gen.
530 4867 568 4912 ι,
602 4851 651 4914 1,
673 4851 724 4902 2.
801 4849 848 4880 ⁷⁵
881 4850 1049 4903 Exod.
1082 4865 1167 4912 ιιι,
1193 4848 1278 4902 l5.

301 4945 410 5012 (82)
441 4945 574 4999 Editi
619 4946 893 5016 διαφοραὶ,
936 4946 967 5015 ἦ
1007 4945 1253 5016 μέγεθος.
1302 4943 1404 4996 Sed
1443 4945 1588 5006 illttd,
1625 4943 1655 5013 ἢ
1699 4944 1796 5014 μέ-

224 5017 405 5084 γεθος,
434 5017 716 5070 delendum
749 5017 1080 5080 censuimus,
1116 5017 1268 5066 fidem
1294 5025 1534 5068 veterum
1568 5026 1798 5080 quatuor

228 5088 488 5139 librorum
524 5088 712 5141 secuti.
751 5086 854 5140 Nec
896 5086 1050 5138 valde
1086 5085 1370 5139 admodum
1414 5085 1617 5147 dnhilo,
1666 5088 1795 5152 quin

226 5157 418 5210 melius
456 5157 615 5218 absit,
651 5173 772 5210 cum
798 5157 1070 5224 aliquanto
1129 5168 1252 5208 ante
1285 5171 1382 5206 vox
1413 5154 1575 5222 ὄγκος
1623 5157 1791 5221 posita

225 5228 316 5291 sit,
354 5241 472 5294 quae
508 5241 608 5279 non
651 5242 793 5289 raro,
831 5237 886 5278 ut
927 5238 1107 5279 notmn
1153 5234 1254 5288 est,
1292 5225 1430 5277 idem
1470 5225 1609 5276 valet
1653 5227 1793 5291 quod

223 5311 329 5350 vox
381 5296 627 5365 μεγέθος.
671 5298 894 5350 Accedit
938 5299 1121 5361 etiam,
1166 5301 1305 5364 quod
1345 5295 1439 5348 has
1468 5295 1599 5346 duas
1638 5310 1794 5347 voces

226 5367 497 5430 interpres
541 5377 695 5419 vetus
745 5382 848 5418 non
893 5369 1192 5435 agnoverit.
1235 5365 1438 5420 Ibidem
1477 5380 1604 5418 mss.
1637 5365 1787 5417 οὐδὲν

223 5436 308 5489 ἄν.
343 5435 541 5489 Vocula
563 5437 628 5489 ἄν
657 5440 707 5489 in
735 5437 893 5490 editis
927 5440 1130 5490 deerat.

295 5504 410 5576 (85)
440 5505 568 5571 Reg.
599 5519 822 5574 quartus
850 5505 1100 5573 γνώσεως
1148 5506 1552 5561 ὑπολέλειπται.
1588 5504 1786 5576 Ibidem

222 5575 888 5648 etlitiidrroxpwéoliwoatvi
915 5579 1044 5646 ἡμῖν
1082 5580 1131 5630 ol
1161 5576 1613 5648 περιφρονοῦντες
1654 5575 1791 5627 πάν-

220 5662 310 5701 τα.
347 5647 723 5702 (Ιοάεκιὶοιι).
765 5659 815 5700 ει
861 5647 1009 5715 Regii
1045 5660 1153 5701 Iros
1184 5647 1275 5707 ita.
1303 5659 1358 5700 ut
1392 5648 1682 5701 edidimus.

293 5717 406 5783 (84)
437 5717 574 5790 Reg.
601 5729 823 5790 quartus
858 5718 966 5770 τῶν
994 5719 1346 5790 ἀνθρωπίνων
1370 5716 1575 5770 παθῶν.

293 5790 405 5858 (85)
434 5788 615 5842 Potest
647 5789 734 5842 hic
769 5789 935 5850 locus,
963 5790 1005 5841 si
1033 5788 1181 5853 lib'ct,
1217 5791 1349 5842 verti
1377 5799 1427 5840 et
1459 5790 1556 5840 hoc
1583 5789 1738 5841 modo
1773 5803 1788 5840 :

221 5869 270 5915 ct
297 5863 350 5912 in
383 5860 569 5914 auibus
593 5864 742 5923 ineat,
775 5876 859 5912 eos
889 5876 1000 5914 rere
1023 5859 1218 5912 diaboli
1254 5859 1680 5913 condemnationi
1709 5859 1791 5912 ob-

1353 4849 1398 4878 "
1425 4848 1595 4900 Exod.
1634 4848 1764 4910 “,2,
1795 4847 1846 4899 5.

1915 4668 2179 4730 videlicet,
2209 4685 2368 4738 quam
2403 4680 2458 4722 ut
2489 4671 2734 4722 humanae
2760 4684 2918 4722 aures
2941 4669 3175 4736 capiant.
3203 4666 3270 4717 At
3299 4663 3482 4718 Euno-

1917 4759 2046 4824 mio,
2082 4770 2138 4813 ut
2169 4762 2403 4825 videtur,
2444 4777 2547 4814 non
2574 4776 2767 4814 nomen
2807 4761 2984 4824 modo,
3013 4757 3106 4811 sed
3133 4757 3294 4811 etiam
3327 4772 3480 4811 suam

1902 4943 2088 4995 noxios
2118 4943 2350 4995 reddere.
2401 4941 2521 4996 Mox
2569 4941 2696 4996 editi
2720 4935 2787 5012 ἧς
2818 4936 3212 4992 καταπατοῦσι.
3245 4937 3311 4990 At
3345 4952 3476 4990 mss.

1901 5029 2004 5066 non
2043 5015 2192 5066 nauci
2219 5013 2307 5066 ἦν.

1975 5030 2004 5064 ιι
2061 5029 2307 5065 κιιιειτν.

1973 5029 2082 5152 (Sili)
2115 5047 2254 5135 Editi
2312 5078 2758 5152 ἀλαζονεύοντας,
2809 5077 3144 5152 negligentia
3168 5092 3471 5152 cperarmu.

1901 5145 2189 5221 Aliquanto
2240 5160 2362 5222 post
2407 5150 2810 5219 ch.,quartus
2861 5152 2927 5220 τῇ
2959 5145 3145 5200 αὑτοῦ
3197 5145 3477 5216 μεγαλειό-

1897 5241 2038 5276 τπτι.
2363 5252 2368 5257 '

1952 5267 2081 5360 (ti-7)
2113 5291 2242 5355 Reg.
2277 5299 2500 5360 quartus
2525 5289 2634 5360 γάρ
2665 5289 2754 5360 μοι
2779 5291 2945 5343 ἐστιν.
2993 5289 3134 5342 Infra
3168 5302 3295 5342 mss.
3322 5286 3474 5339 multi

1895 5364 2034 5434 ἦπου
2065 5361 2161 5434 τῂν
2183 5363 2390 5415 οὐσίαν.

1966 5435 2075 5499 (88)
2110 5425 2245 5484 Editi
2273 5443 2321 5486 ct
2355 5446 2490 5485 unus
2523 5433 2688 5483 codex
2726 5431 2818 5484 καὶ
2848 5430 3036 5500 ὤφθην
3075 5428 3153 5498 τῷ
3190 5425 3470 5500 μἈϐρααμ.

1894 5497 1995 5556 Alii
2027 5497 2264 5573 quinque
2309 5518 2436 5556 mss.
2470 5502 2564 5554 καὶ
2606 5500 2794 5573 ι’ὒφθην
2826 5503 2960 5571 πρὸς
2993 5497 3272 5569 Ἅϐραάμ,
3304 5507 3358 5550 et
3397 5498 3473 5549 ita

1896 5570 2097 5628 editum
2134 5570 2402 5626 invenitur
2430 5574 2567 5639 apud
2603 5570 2766 5627 LXX.

1969 5645 2080 5712 (8‘))
2112 5645 2249 5697 Editi
2280 5655 2332 5697 ct
2363 5636 2492 5710 Reg.
2523 5651 2794 5696 secundus
2812 5639 3126 5712 χωρηθῆναι
3149 5636 3468 5712 δυνάμενον.

1896 5709 1999 5769 Alii
2037 5709 2145 5768 tres
2199 5730 2326 5767 mss.
2360 5709 2677 5783 χωρηϐἧναι
2715 5714 2790 5782 μὴ
2815 5709 3149 5783 δυνάμενον.
3190 5709 3470 5783 Regiiduo

1896 5795 1950 5838 et
1975 5785 2126 5837 Colh.
2172 5779 2512 5854 χωρηθῆναιξ
2548 5779 2818 5854 Εὐνομίιρ,
2843 5794 2896 5834 ει
2930 5779 2998 5854 ita
3022 5780 3302 5854 edendum
3329 5779 3474 5845 judi-

1898 5849 2413 5911 cavimusﬁlﬁt'v'ero
2463 5853 2611 5919 illud,
2643 5849 2804 5917 ὥστε,
2840 5853 2976 5922 regit
3019 5849 3337 5906 infinitivum
3372 5863 3473 5916 χω-
