3978 6410
290 392 400 444 διεδ

1405 381 1786 439 ADVERSUS
1826 378 2192 438 EUNOMIUM
2235 377 2363 432 LIB.
2407 371 2446 428 l.

3449 379 3549 438 596

283 513 568 584 λυῶνυμός
594 529 675 574 τις
699 511 796 564 ὢν·
831 511 891 563 ού
924 510 1030 582 γὰρ
1065 509 1242 562 πάντα
1280 507 1345 560 τά
1371 508 1609 578 ὀνόματα
1633 509 1711 571 εἰς
1735 523 1866 559 ταυ-

1987 520 2068 559 )ιιε
2099 502 2352 570 praeditus
2381 514 2486 554 non
2515 507 2595 552 est
2617 515 2630 562 ;
2654 513 2752 552 nec
2781 498 2923 551 enim
2947 499 3162 554 nomina
3198 503 3374 556 omnia
3413 505 3552 558 inter

284 609 377 661 τὸν
406 605 656 674 ἀλλήλοις
696 604 872 675 φέρει.
900 602 1061 655 Ἀλλο
1093 601 1201 672 γάρ
1223 601 1284 653 τὸ
1317 600 1714 670 σημαινόμενον
1753 615 1865 667 φω-

292 702 393 765 τὸς,
425 700 518 752 καὶ
557 697 682 751 ἄλλο
711 697 980 768 ἀμπέλου,
1008 696 1101 749 καὶ
1129 694 1257 749 ἄλλο
1287 692 1432 757 ὁδοῦ,
1461 693 1556 746 καὶ
1594 691 1722 745 ἄλλο
1749 708 1868 743 ποι-

288 794 470 865 μένος.
518 791 656 844 Ἀλλ’
694 791 752 844 ἐν
784 791 858 844 ὢν
902 789 1044 843 κατὰ
1085 789 1144 842 τὸ
1191 787 1571 858 ὑποκείμενον,
1623 785 1718 838 καὶ
1769 785 1866 854 μία

285 885 442 938 ούσία
456 884 547 937 καὶ
561 882 703 952 ἁπλῆ
718 885 812 936 καὶ
825 881 1133 943 ἀσύνθετος,
1150 880 1336 932 ἄλλοτε
1351 878 1524 941 ἄλλως
1544 878 1731 931 ἐαυτὸν
1756 877 1870 932 ὀνο-

290 981 472 1052 μάζει,
491 982 610 1041 ταῖς
629 978 894 1039 ἐπινοίαις
915 975 1274 1046 διαφερούσας
1299 974 1542 1044 ἀλλήλων
1564 971 1662 1035 τὰς
1698 987 1866 1042 προσ-

292 1073 517 1146 ηγορίας
537 1071 1028 1142 μεθαρμοξόμενος.
1044 1069 1198 1123 Κατὰ
1215 1069 1286 1136 γά
1298 1086 1328 1139 ρ
1345 1067 1440 1137 τὴν
1454 1066 1562 1119 τῶν
1579 1063 1870 1137 ἐνεργειῶν

285 1162 576 1234 διαφορὰν,
623 1162 718 1214 καὶ
761 1160 860 1231 τὴν
897 1160 1033 1231 πρὸς
1075 1158 1142 1211 τά
1181 1158 1617 1229 εύεργετούμενα
1665 1156 1868 1224 σχέσιν,

286 1255 520 1324 διάφορα
550 1249 725 1321 ἐαυτῷ
769 1251 862 1304 καὶ
895 1249 962 1301 τὰ
988 1249 1228 1318 ὀνόματα
1249 1248 1475 1301 τίθεται.
1499 1246 1618 1311 Φῶς
1645 1247 1743 1317 μὲν
1763 1245 1871 1316 γάρ

289 1348 481 1401 ἑαυτὸν
514 1345 608 1399 τοῦ
656 1347 860 1416 κόσμου
895 1343 1064 1412 λέγει,
1095 1343 1156 1395 τό
1177 1358 1235 1394 τε
1271 1341 1563 1412 ἀπρόσιτον
1594 1339 1694 1409 τῆς
1720 1341 1776 1391 ἐν
1804 1341 1870 1410 τῇ

289 1437 680 1508 θεότητιδόξης
708 1437 784 1507 τῷ
811 1437 1033 1507 ὀνόματι
1061 1434 1235 1504 τούτῳ
1265 1432 1654 1503 διασημαίνων,
1675 1431 1768 1484 καὶ¹
1799 1431 1875 1493 ὡς

289 1536 359 1603 τῇ
389 1532 736 1602 λαμπρότητι
767 1531 867 1600 τῆς
896 1528 1150 1597 γνώσεως
1187 1528 1312 1590 τοὺς
1345 1524 1789 1596 κεκαθαρμένους
1815 1523 1874 1576 τὸ

287 1626 450 1695 ὄμμα
475 1624 575 1693 τῆς
595 1623 770 1693 ψυχῆς
798 1620 1156 1688 καταυγάζων
1175 1633 1192 1650 ο
1221 1617 1464 1689 ἄμπελον
1519 1615 1597 1680 δὲ,
1629 1615 1704 1679 ὼς
1747 1616 1874 1677 τοὺς

292 1719 350 1769 ἐν
395 1717 543 1787 αὑτῷ
577 1715 720 1770 κατὰ
760 1717 858 1786 τὴν
889 1714 1072 1766 πίστιν
1123 1711 1525 1783 ἐρριζωμένους
1572 1711 1658 1762 ἐπ’
1699 1708 1876 1779 ἔργων

291 1810 514 1878 ἀγαθῶν
536 1809 932 1881 καρποφορίαις
961 1806 1256 1877 ἐκτρέφων’
1283 1805 1444 1874 ἄρτον
1473 1803 1550 1868 δὲ,
1577 1802 1652 1864 ὡς
1684 1803 1878 1854 οἰκειο-

1967 613 2026 651 se
2041 590 2663 666 signiﬁcatumeumdem
2685 606 2792 660 prae
2817 605 2873 644 se
2894 592 3089 646 ferunt.
3105 592 3390 648 Enimvero
3408 596 3550 647 aliud

1968 687 2080 752 lux,
2124 688 2267 740 aliud
2304 685 2451 746 vitis,
2504 683 2650 735 aliud
2702 684 2807 745 via,
2843 683 2983 735 aliud
3030 696 3213 750 pastor
3257 686 3550 755 signiﬁcat.

1973 779 2079 833 Sed
2105 794 2226 832 cum
2255 792 2414 831 unum
2442 775 2511 830 sit
2552 775 2846 830 secundum
2887 775 3209 843 subjectum,
3245 778 3423 845 sitque
3449 795 3548 830 una

1971 872 2268 926 substantia
2307 869 2567 938 simplex,
2599 877 2652 922 et
2693 884 2798 922 non
2849 868 3178 935 composita,
3206 869 3340 921 alias
3395 871 3554 924 aliter

1972 979 2029 1018 se
2071 966 2186 1032 ipse
2245 962 2519 1026 nominat,
2553 963 2794 1014 diversas
2852 961 3243 1029 appellationes
3303 961 3442 1015 inter
3494 977 3553 1016 se

1972 1056 2179 1110 ratione
2246 1054 2567 1108 dissidentes
2621 1054 2723 1108 sibi
2783 1055 2884 1122 ipsi
2944 1054 3376 1108 accommodans.
3420 1052 3552 1106 Nam

1972 1164 2070 1218 pro
2099 1149 2472 1218 operationum
2531 1147 2871 1209 diversitate,
2899 1156 2951 1202 et
2999 1162 3095 1216 pro
3135 1161 3195 1199 ea
3241 1143 3554 1199 habitudine

1971 1256 2132 1310 quam
2166 1242 2232 1294 ad
2266 1256 2327 1295 ea
2368 1241 2550 1304 habet,
2579 1255 2697 1306 qtiae
2747 1240 3022 1294 beneﬁciis
3066 1240 3181 1308 ejus
3227 1238 3552 1302 abiciuntur,

1975 1337 2188 1391 diversa
2216 1350 2432 1403 quoque
2463 1334 2567 1389 sibi
2595 1333 2814 1388 nomina
2867 1335 3114 1403 imponit.
3145 1333 3276 1386 Nam
3309 1333 3428 1387 ideo
3467 1348 3555 1387 se-

1973 1427 2150 1494 ipsum
2183 1425 2354 1480 lucem
2389 1425 2574 1479 mundi
2625 1425 2772 1492 dicit,
2805 1424 2945 1492 quod
2989 1425 3184 1492 partim
3218 1425 3552 1479 inaccessam

1976 1519 2190 1573 deitatis
2231 1517 2562 1586 majestatem
2618 1517 2721 1572 hoc
2762 1518 2977 1572 nomine
3014 1517 3319 1586 signiﬁcet,
3358 1519 3552 1587 partim

1975 1614 2118 1680 quod
2173 1612 2460 1678 splendore
2501 1611 2740 1666 scientiae
2790 1626 2885 1665 eos
2939 1611 3028 1678 qui
3085 1619 3338 1680 purgatos
3389 1610 3553 1663 animi

1977 1705 2164 1759 oculos
2191 1704 2408 1766 habent,
2441 1703 2727 1757 illuminet.
2761 1701 2939 1757 Vitem
2971 1718 3132 1767 vero,
3163 1705 3304 1771 quod
3331 1719 3426 1758 eos
3462 1706 3554 1773 qui

1979 1795 2032 1848 in
2058 1809 2122 1848 eo
2168 1808 2264 1862 per
2293 1794 2448 1848 ﬁdem
2511 1794 2722 1847 radices
2760 1806 3006 1863 egerunt,
3033 1793 3293 1848 bonorum
3331 1811 3553 1864 operum

292 1902 430 1972 τάτη
465 1903 636 1972 τροφὴ
669 1900 886 1968 λογικοῦ
937 1900 1238 1967 τυγχάνων,
1293 1897 1368 1966 τῷ
1415 1896 1726 1966 διακρατεῖν
1775 1894 1874 1964 τὴν

1987 1886 2254 1942 fertilitate
2300 1887 2561 1942 enutriat.
2617 1886 2818 1940 Panem
2876 1900 3076 1954 autem,
3116 1889 3257 1957 quod
3300 1889 3369 1942 sit
3406 1889 3558 1942 cibus

295 1995 555 2047 σύστασιν
575 1994 676 2062 τῆς
708 1993 905 2063 ψυχῆς,
934 1993 1026 2045 καὶ
1049 1992 1112 2044 τὸ
1143 1991 1338 2061 ἰδίωμα
1368 1989 1536 2058 αὐτῆς
1567 1986 1872 2050 διασώζειν,

295 2085 630 2156 ἀναπληρῶν
660 2085 772 2154 (58)
807 2085 893 2138 ἀεὶ
918 2085 1045 2156 παρ’
1071 2083 1263 2136 ἑαυτοῦ
1292 2081 1351 2133 τὸ
1379 2079 1576 2144 ἐνδέον,
1613 2078 1706 2131 καὶ
1741 2077 1876 2148 πρὸς

293 2179 396 2249 τὴν
447 2179 505 2245 ἐξ
552 2179 774 2247 ἀλογίας
826 2177 1178 2247 ἐγγινομένην
1234 2173 1546 2246 ἀρρωστίαν
1602 2173 1703 2224 οὐκ
1771 2170 1875 2222 ἐῶν

297 2271 664 2342 ὑποφέρεσθαι
706 2271 838 2341 (59).
871 2271 980 2324 Καὶ
1027 2269 1197 2331 οὕτως
1232 2268 1296 2320 ἄν
1336 2285 1420 2330 τις
1452 2267 1562 2320 τῶν
1595 2266 1875 2334 ὀνομάτων

295 2363 526 2415 ἕκαστον
557 2361 827 2431 ἐφοδεύων
869 2359 1118 2443 ποικίλας
1159 2359 1309 2428 εὖροι
1350 2358 1448 2421 τὰς
1489 2358 1731 2419 ἐπινοίας
1759 2357 1876 2418 ἐνὸς

297 2454 531 2506 ἑκάστου
571 2452 663 2504 τοῦ
704 2451 844 2504 κατὰ
876 2451 973 2523 τὴν
1001 2451 1188 2504 ούσίαν
1228 2452 1340 2512 τοῖς
1376 2451 1540 2502 πᾶσιν
1584 2449 1878 2517 ὑποκειμέ-

298 2563 411 2598 νου.
466 2545 560 2607 Τίς
599 2541 690 2597 οὖν
734 2544 877 2597 οὕτω
921 2543 1017 2614 τὴν
1061 2543 1310 2611 γλῶσσαν
1362 2541 1499 2612 πρὸς
1532 2538 1877 2610 βλασφημίαν

299 2638 585 2708 ἠκόνηται,
632 2636 772 2689 ὥστε
807 2636 1071 2705 τολμῆσαι
1123 2636 1296 2687 εἰπεῖν
1345 2637 1462 2697 ταῖς
1524 2636 1728 2701 φωναῖς
1782 2631 1878 2695 τάς

301 2731 545 2793 ἐπινοίας
577 2729 777 2791 ταύτας
812 2726 1249 2791 συνδιαλύεσθαι;
1291 2727 1356 2779 Τί
1396 2721 1487 2778 οὖν
1516 2727 1713 2779 ἄτοπον
1739 2724 1879 2777 οὕτω

302 2824 398 2878 καὶ
427 2823 518 2876 ἐπὶ
550 2822 642 2875 τοῦ
677 2820 812 2874 Θεοῦ
853 2821 962 2874 τῶν
994 2820 1130 2873 ὅλων
1179 2818 1555 2889 λαμϐάνεσθαί
1587 2835 1709 2871 τινα
1758 2817 1877 2869 κατ’

304 2918 570 2982 ἐπίνοιαν,
613 2915 706 2968 καὶ
752 2915 882 2967 αὐτὸ
923 2913 1081 2966 τοῦτο
1131 2913 1348 2984 πρῶτον
1390 2912 1539 2983 (40),
1587 2911 1715 2982 περὶ
1751 2904 1810 2962 οῦ
1852 2911 1880 2962 ὁ

305 3010 525 3079 σύμπας
555 3010 686 3078 ἡμῖν
717 3006 996 3074 κεκίνηται
1021 3006 1211 3073 λόγος;
1245 3005 1564 3077 Εὑρήσομεν
1590 3000 1698 3072 γάρ
1727 3001 1882 3054 ούδα-

308 3103 424 3172 μῶς
443 3101 644 3172 ἑτέρως
664 3100 955 3168 λεγόμενον
984 3098 1044 3150 τὸ
1063 3097 1413 3166 ἀγέννητον.
1449 3095 1757 3166 Ἀφθαρτον
1775 3093 1882 3165 γὰρ

307 3194 421 3264 (41)
449 3193 542 3246 καὶ
578 3192 871 3261 ἀγέννητον
895 3187 1032 3242 εἶναι
1059 3189 1148 3242 τὸν
1181 3189 1311 3242 Θεὸν
1346 3189 1450 3241 τῶν
1475 3189 1607 3240 ὅλων
1631 3187 1879 3258 λέγομεν,

308 3285 450 3340 κατὰ
492 3283 778 3355 διαφόρους
819 3281 1072 3345 ἐπιϐολὰς
1104 3287 1214 3345 τοῖς
1244 3281 1468 3352 ὀνόμασι
1485 3280 1692 3345 τούτοις
1725 3297 1884 3350 προσ-

307 3374 680 3446 αγορεύοντες.
701 3374 867 3426 Ὅταν
915 3375 1014 3443 μὲν
1043 3373 1150 3442 γάρ
1180 3377 1258 3435 εἰς
1287 3374 1411 3434 τοὺς
1432 3371 1657 3424 κατόπιν
1685 3372 1884 3434 αἰῶνας

309 3461 727 3531 ἀποδλέψωμιν,
765 3461 1280 3531 ύπερεκπίπτουσαν
1316 3463 1499 3529 πάσης
1531 3462 1706 3532 ἀρχῆς
1735 3462 1885 3532 εύρί-

312 3571 533 3616 σκοντες
569 3553 665 3622 τὴν
693 3551 834 3623 ζωὴν
863 3552 957 3604 τοῦ
999 3552 1153 3616 Θεοῦ,
1200 3553 1492 3622 ἀγέννητον
1540 3553 1700 3606 αὑτὸν
1733 3553 1886 3619 λέγο-

315 3663 414 3716 μεν
435 3663 447 3676 ·
480 3646 606 3698 ὅταν
634 3645 690 3698 δὲ
719 3647 829 3708 τοῖς
858 3645 1244 3716 ἐπερχομένοις
1277 3645 1437 3698 αἰῶσι
1461 3646 1551 3698 τὸν
1573 3645 1696 3698 νοῦν
1725 3647 1888 3699 ἐπεκ-

310 3739 594 3808 τείνωμεν,
630 3738 720 3790 τὸν
758 3737 1008 3809 ἀόριστον
1033 3738 1144 3806 (42)
1175 3737 1270 3791 καὶ
1307 3739 1552 3808 ἄπειρον,
1590 3739 1680 3791 καὶ
1713 3739 1888 3791 οὐδενὶ

310 3831 457 3884 τέλει
505 3830 850 3901 καταληπτὸν
900 3830 1377 3901 προσαγορεύομεν
1445 3831 1744 3902 ἄφθαρτον.
1803 3831 1889 3894 Ὡς

313 3919 408 3976 οῦν
451 3923 511 3975 τὸ
544 3921 894 3992 ἀτελεύτητον
935 3922 1033 3992 τῆς
1067 3923 1210 3993 ζωῆς
1245 3923 1357 3993 (45)
1415 3922 1712 3994 ἄφθαρτον,
1749 3924 1890 3976 οὕτω

313 4014 376 4067 τὸ
413 4013 644 4082 ἄναρχον
695 4013 865 4083 αύτῆς
897 4013 1188 4084 ἀγέννητον
1217 4013 1530 4084 ὠνομάσῦη,
1583 4019 1648 4085 τῇ
1681 4015 1891 4086 ἐπινοίᾳ.

316 4101 665 4177 θεωρούντων
686 4108 717 4176 ἡ
726 4105 842 4175 μῶν
864 4107 1118 4177 ἑκάτερα.
1155 4106 1248 4170 Τίς
1271 4103 1362 4160 οῦν
1387 4108 1600 4179 ἀντερεῖ
1629 4108 1782 4176 λόγος
1799 4110 1892 4160 καὶ

315 4201 648 4255 ἐπινοεῖσθαι
676 4199 782 4252 τῶν
819 4200 1097 4270 ὀνομάτων
1126 4199 1328 4254 τούτων
1353 4202 1628 4273 ἑκάτερον,
1647 4203 1739 4255 καὶ
1767 4204 1893 4272 ὁμο-

316 4292 506 4360 λογίαν
550 4289 687 4345 εἷναι
721 4291 812 4344 τοῦ
849 4292 967 4345 κατ’
1006 4291 1264 4362 ἀλήθειαν
1294 4291 1370 4361 τῷ
1403 4292 1521 4362 Θεῷ
1560 4294 1890 4363 προσόντος;

329 4386 389 4438 Ὀ
405 4384 460 4437 δέ
472 4383 546 4448 ὡς
569 4384 848 4455 μαχόμενα
870 4382 1042 4436 ταῦτα
1059 4385 1152 4436 καὶ
1167 4384 1455 4454 άσύμϐατα
1488 4384 1762 4448 παντελῶς
1781 4385 1891 4456 (44)

318 4478 414 4531 ἀπ’
437 4477 676 4548 ἀλλήλων
713 4477 948 4548 διίστησι
969 4493 981 4505 ·
1012 4477 1094 4536 τὸ,
1125 4479 1178 4530 τί
1211 4477 1328 4530 κατ’
1364 4479 1606 4532 ἐπίνοιαν
1639 4480 1695 4531 τὶ
1738 4479 1892 4547 λέγε-

1977 1981 2170 2035 mentis
2216 1982 2447 2034 maxime
2490 1980 2774 2050 proprius,
2813 1985 3010 2048 quippe
3050 1981 3140 2048 qui
3197 1981 3391 2034 animae
3443 1987 3591 2034 sta-‘

1978 2085 2088 2128 tum
2123 2075 2393 2130 sustineat
2419 2085 2581 2144 atque
2614 2076 3002 2143 proprietatem
3037 2073 3152 2140 ejus
3185 2083 3486 2136 conservet,
3507 2074 3557 2127 id

1975 2171 2118 2239 quod
2145 2170 2301 2223 deest
2346 2167 2569 2237 explens
2615 2183 2829 2237 semper
2873 2167 2938 2221 de
2982 2169 3178 2236 seipse,
3221 2183 3322 2222 nec
3357 2167 3558 2222 sensim

1977 2261 2156 2316 delabi
2186 2264 2370 2316 sinens
2402 2262 2466 2314 ad
2503 2276 2623 2314 eam
2664 2277 2785 2331 qua:
2812 2277 2873 2314 ex
2919 2260 3143 2314 rationis
3175 2259 3352 2329 inopia
3378 2275 3562 2314 emer-

1977 2355 2055 2426 git
2089 2353 2476 2408 inﬁrmitatem.
2507 2353 2657 2420 Quod
2691 2354 2733 2406 si
2763 2353 3026 2422 quispiam
3076 2354 3146 2406 ita
3191 2353 3408 2406 nomina
3449 2353 3562 2407 siu-

1976 2447 2101 2517 gula
2126 2455 2426 2515 percurrat,
2449 2447 2685 2500 rationes
2712 2447 2889 2500 varias
2916 2445 3160 2499 invenire
3182 2445 3401 2513 poterit,
3422 2453 3559 2498 tarn-

1977 2541 2078 2595 etsi
2101 2539 2394 2594 secundum
2421 2539 2776 2593 substantiam
2813 2555 2973 2591 untnn
3005 2545 3059 2592 et
3085 2537 3222 2591 idem
3261 2536 3558 2605 subjectum

1978 2642 2063 2687 est
2095 2631 2368 2686 omnibus.
2410 2631 2543 2696 Quis
2580 2632 2744 2701 igitur
2785 2629 2864 2685 sic
2893 2640 3132 2699 paratam
3194 2628 3260 2683 ad
3312 2629 3562 2697 blasphe-

1981 2725 2235 2778 tnandum
2293 2725 2457 2779 habet
2505 2725 2763 2794 linguam,
2805 2733 2865 2778 ut
2901 2725 3080 2776 dicere
3132 2723 3349 2786 audeat,
3399 2722 3562 2776 simul

1981 2830 2100 2868 cum
2133 2817 2355 2870 vocibus
2381 2817 2476 2870 has
2526 2814 2898 2884 perceptiones
2940 2814 3159 2867 interire
3182 2815 3205 2867 ἰ)
3227 2814 3364 2881 Quid
3398 2813 3562 2883 igitur

1980 2907 2197 2960 absurdi
2222 2916 2323 2971 est,
2350 2907 2414 2960 ad
2441 2907 2583 2960 hunc
2614 2907 2773 2960 etiam
2810 2907 3024 2958 modum
3049 2906 3116 2960 de
3148 2906 3256 2960 Deo
3280 2907 3562 2958 universo-

1983 3015 2098 3052 rum
2119 2999 2540 3069 219quaedam
2564 2998 2857 3052 secundum
2878 2997 3272 3066 perceptionem
3293 2997 3486 3064 accipi,
3507 3005 3562 3050 et

1983 3092 2085 3144 hoc
2121 3091 2291 3157 ipsum
2323 3089 2576 3158 primum,
2611 3089 2678 3143 de
2710 3104 2814 3158 quo
2851 3090 3005 3144 nobis
3050 3099 3158 3144 tota
3203 3091 3447 3144 instituta
3480 3103 3563 3146 est

1985 3183 2312 3252 disputatio?
2339 3182 2614 3252 Nusquam
2639 3185 2779 3238 enim
2819 3186 3151 3253 reperiemus
3180 3201 3363 3241 vocem
3398 3188 3560 3252 hanc,

1987 3274 2478 3342 ingeneralionem,
2531 3275 2689 3328 aliter
2766 3275 3036 3344 usurpari.
3099 3275 3560 3343 lncorruptibilem

1986 3381 2220 3434 namque
2253 3380 2316 3418 ac
2362 3366 2658 3435 ingenitum
2703 3366 2868 3420 Deum
2908 3367 3282 3422 universorum
3310 3369 3561 3431 dicimus,

1985 3473 2106 3512 eum
2135 3475 2230 3527 pro
2257 3459 2470 3512 diversa
2507 3461 2724 3513 notione
2751 3460 2835 3513 his
2879 3459 3185 3514 nominibus
3209 3459 3561 3530 appellantes.

1987 3551 2117 3605 Cum
2148 3551 2290 3606 enim
2317 3553 2369 3605 in
2404 3561 2676 3606 transacta
2699 3553 2811 3619 jam
2841 3553 3037 3607 saecula
3073 3553 3412 3620 respicimus.
3445 3553 3566 3607 Dei-

1987 3660 2092 3714 que
2126 3647 2232 3699 vita
2263 3645 2583 3714 principium
2613 3660 2770 3699 omne
2804 3661 3062 3715 superare
3093 3662 3121 3698 a
3157 3646 3312 3700 nobis
3351 3646 3564 3699 inveni-

1991 3748 2110 3805 tur,
2137 3748 2262 3792 tunc
2294 3739 2588 3807 ingenitum
2636 3739 2807 3805 ipsum
2861 3739 3131 3792 dicimus:
3173 3754 3294 3793 cum
3340 3753 3468 3793 vero
3509 3741 3563 3794 in

1992 3831 2169 3886 futura
2217 3832 2411 3887 saecula
2466 3832 2848 3900 cogitationem
2885 3834 3245 3897 extendimus,
3283 3847 3430 3898 eum,
3465 3848 3563 3886 ceu

1992 3925 2256 3980 inﬁnitum
2306 3940 2368 3980 ac
2404 3926 2746 3992 immensum,
2773 3941 2871 3980 nec
2913 3925 3019 3979 ullo
3061 3926 3164 3979 ﬁne
3211 3927 3566 3996 comprehen-

1991 4033 2130 4083 sum,
2164 4019 2925 4086 vocamusincorruptibilem.
2960 4019 3418 4084 Quemadmodum
3468 4020 3566 4087 igi-

1994 4119 2081 4162 tur
2110 4111 2214 4162 vita
2247 4110 2349 4164 ﬁne
2377 4126 2569 4164 carens
2585 4112 2781 4166 dicitur
2810 4111 3291 4180 incorruptibilitas
3325 4131 3339 4165 :
3371 4113 3442 4165 ita
3469 4128 3562 4166 ea-

1993 4203 2110 4256 dem
2153 4204 2398 4273 principii
2429 4219 2622 4273 expers
2663 4215 2889 4258 vocatur
2922 4205 3276 4271 ingeneratio,
3299 4212 3408 4256 tum
3440 4220 3562 4258 cum

1993 4306 2222 4366 utraque
2248 4313 2345 4367 per
2373 4309 2604 4352 mentem
2633 4299 2995 4367 speculamur.
3027 4297 3142 4363 Qua
3169 4297 3328 4366 igitur
3358 4297 3566 4349 ratione

1995 4392 2298 4460 negabitur,
2333 4400 2386 4446 et
2440 4392 2553 4445 haec
2609 4402 2837 4459 utraque
2891 4391 3108 4445 nomina
3159 4390 3480 4458 excogitari,
3512 4399 3566 4442 et

1994 4482 2111 4551 ejus
2139 4483 2280 4552 quod
2314 4499 2500 4538 revera
2536 4484 2641 4537 Deo
2683 4485 2822 4537 inest
2861 4483 3254 4537 confessionem
3285 4482 3451 4536 esse?
3476 4481 3566 4535 Ille

323 4571 470 4637 σθαι,
497 4570 590 4624 καὶ
618 4571 679 4623 τὸ
707 4570 1056 4640 ἀποπληροῦν
1076 4570 1151 4640 τῷ
1172 4570 1289 4641 Θεῷ
1315 4569 1425 4642 (45)
1456 4572 1554 4642 τὴν
1582 4571 1674 4625 τοῦ
1706 4569 1844 4626 εἶναι
1869 4574 1881 4626 ί

1999 4592 2125 4631 vero
2158 4586 2411 4647 tanquam
2455 4579 2498 4632 si
2529 4578 2641 4632 hac
2674 4578 2815 4631 inter
2843 4593 2902 4631 se
2930 4585 3250 4644 pugnarent,
3286 4591 3387 4630 nec
3427 4576 3568 4629 inter

322 4665 470 4717 ἐστιν
496 4662 804 4734 ὁμολογίαν.

2001 4683 2060 4723 se
2086 4668 2361 4723 conciliari
2402 4667 2509 4722 ullo
2541 4668 2698 4721 modo
2737 4675 2978 4736 possent,
3007 4665 3235 4720 alterum
3280 4667 3348 4720 ab
3395 4666 3566 4720 altero

324 4757 854 4814 dirimitzinﬁciatur
872 4755 1206 4820 videlicet,et
1231 4755 1429 4826 aliquid
1450 4755 1550 4814 dici
1574 4759 1726 4827 juxta
1755 4759 1919 4812 animi
1961 4761 2380 4830 perceptionem,
2443 4769 2497 4813 et
2548 4774 2643 4826 per
2671 4760 2775 4813 hoc
2807 4758 2980 4827 ipsum
3033 4758 3140 4812 Deo
3186 4757 3419 4826 persolvi
3454 4757 3569 4826 ejus

323 4849 466 4918 quod
498 4857 582 4902 est
615 4847 1027 4902 confessionem.

398 5029 510 5098 (58)
542 5026 762 5082 Veteres
791 5026 1136 5098 aliquotlibri
1170 5028 1260 5080 καὶ
1283 5025 1631 5098 ἀναπληρων.

400 5096 515 5170 (59)
541 5098 682 5170 Editi
732 5113 854 5170 cum
909 5096 1059 5151 Colb.
1104 5107 1156 5150 et
1185 5099 1343 5170 rl-ieg.
1377 5096 1562 5170 quinto
1597 5098 1894 5170 ﬁmcpépa-

328 5167 474 5224 σθαι.
532 5169 637 5240 Alii
694 5168 933 5240 quinque
974 5183 1114 5240 _mss.
1173 5167 1562 5240 ὑποφέρεσθαι.
1596 5169 1713 5224 Mox
1769 5167 1893 5222 editi

327 5242 447 5304 ἑνὸς
473 5237 727 5293 ἑκάστου.
761 5237 872 5291 Vox
892 5237 1119 5291 ἑκάστου
1154 5240 1315 5292 deest
1334 5237 1385 5292 in
1413 5238 1590 5291 multis
1619 5255 1751 5293 mss.

400 5310 512 5380 (40)
569 5309 710 5363 Editi
745 5320 800 5380 et
846 5307 980 5380 Reg.
1039 5308 1308 5380 secundus
1353 5308 1448 5361 ml.
1489 5308 1622 5363 αὐτὸ
1655 5309 1810 5362 τοῦτο
1834 5310 1894 5362 τὸ

326 5381 621 5451 ἀγέννητον
655 5379 892 5451 πρῶτον.
927 5379 1080 5444 lllud,
1106 5379 1166 5431 τὺ
1213 5379 1528 5451 ἀγέννητον,
1579 5381 1890 5442 delevimus,

329 5448 560 5508 aliorum
595 5463 689 5505 sex
705 5448 960 5504 codicum
987 5460 1040 5504 et
1070 5451 1321 5506 editionis
1365 5448 1496 5504 Ven.
1519 5453 1891 5504 auctoritatem

327 5522 521 5578 secuti.

401 5591 512 5660 (41)
539 5590 654 5656 Illa,
691 5589 1000 5662 'Azptiapcov
1027 5590 1155 5662 γάρ.
1195 5601 1334 5662 etc.,
1383 5590 1547 5646 refert
1603 5589 1897 5660 Gregorius

330 5659 622 5732 Nysseuus,
652 5659 1046 5732 tomoill,pag.
1107 5659 1233 5723 824,
1289 5677 1458 5729 eaque
1498 5659 1758 5716 adversus
1807 5676 1897 5715 ca-

328 5731 562 5787 lumnias
587 5731 836 5785 Eunomii
876 5731 1030 5784 docte
1051 5742 1106 5784 et
1139 5732 1354 5799 cepiose
1389 5732 1646 5788 defendit.

401 5800 511 5869 (42)
558 5801 696 5858 Editi
753 5809 808 5855 et
865 5801 998 5871 Reg.
1065 5803 1285 5871 quintus
1330 5801 1421 5860 τὸν
1480 5803 1753 5875 ἀόριστον.
1791 5801 1895 5858 Alii

2002 5027 2242 5096 quinque
2298 5042 2430 5082 mss.
2467 5025 2528 5079 τὸ
2571 5025 2842 5097 ἀόριστον.
2871 5023 3073 5078 Ibidem
3115 5023 3372 5097 scriptum
3417 5023 3571 5097 inve:

2004 5092 2233 5152 nitur-in
2274 5099 2441 5151 tribus
2471 5092 2745 5151 codicibus
2775 5095 3012 5166 ἄληπτον
3043 5111 3138 5163 pro
3167 5095 3391 5166 ἄπειρον
3428 5109 3441 5122 ο
3474 5092 3567 5166 sed

2002 5184 2102 5239 vox
2137 5169 2362 5239 ἄπειρον
2396 5169 2592 5237 legitur
2615 5167 2814 5239 inpaliis
2842 5163 2969 5220 mss.
2997 5176 3053 5218 et
3081 5166 3146 5239 ing
3171 5166 3283 5239 ipso
3305 5163 3566 5239 Gregorio

2002 5232 2282 5308 Nyssenof
2319 5232 2682 5304 licet'alioqui
2715 5252 2820 5290 non
2851 5251 3066 5306 semper
3112 5235 3304 5289 iisdem
3345 5232 3566 5287 vocibus

2001 5320 2204 5373 utatur,
2239 5310 2434 5378 quibus
2474 5308 2725 5362 Basilius.

2072 5369 2444 5451 (ASlAhtiqui
2473 5390 2583 5432 tres
2611 5377 2739 5451 libri
2759 5376 3130 5451 1b_&=é)ts_cro_v
3152 5375 3248 5444 τῆς
3271 5371 3443 5451 ζωῆς.
3464 5369 3567 5451 ΙιιΔὶέ

1998 5441 2119 5508 dein
2159 5441 2286 5503 editi
2317 5441 2382 5502 τὸ
2416 5450 2648 5520 ἄναρχον
2683 5447 2940 5501 αύτοῦ....
2993 5441 3452 5514 ἐπιθεωρούντων.
3499 5441 3568 5497 At

1999 5537 2130 5577 mss.
2157 5522 2252 5582 ita,
2293 5531 2349 5573 ut
2375 5521 2662 5574 edidimus.

2071 5591 2180 5663 (44)
2215 5592 2818 5663 Editiotttraquehcum
2881 5588 3008 5654 Reg.
3051 5586 3356 5663 quintoqu
3383 5582 3566 5663 gedu-

1999 5654 2172 5717 ϐάντα
2226 5654 2684 5723 παντελῶς.ἈΙὶἰ
2736 5675 2831 5713 sex
2892 5673 3019 5710 mss.
3070 5656 3165 5708 καὶ
3226 5654 3515 5728 ἁσύμὸατα
3547 5689 3568 5719 ,

2003 5741 2168 5788 recte.

2071 5803 2183 5873 (45)
2213 5801 2353 5858 Editi
2381 5800 2470 5854 τοῦ
2505 5798 2662 5854 Θεοῦ.
2701 5799 2844 5854 Libri
2882 5807 3089 5854 veteres
3117 5797 3192 5868 τῷ
3214 5797 3388 5867 Θεῷ.-
