3978 6410
435 389 540 446 £97

1741 394 1796 450 S.
1844 394 2084 450 BASILII
2129 394 2342 449 MAGNI

3586 392 3690 447 5'38

505 483 557 537 8.
594 483 663 534 At
695 481 838 538 enim
874 498 941 540 ne
988 484 1088 540 hoc
1138 486 1358 556 quidem
1408 495 1812 556 prmlercamus.
1838 488 2014 558 qualis

2188 488 2240 541 8.
2283 487 2391 539 Καὶ
2421 487 2530 557 γὰρ
2562 481 2627 540 αὖ
2659 485 2792 557 μηδὲ
2825 486 2983 540 τοῦτο
3012 485 3387 558 παρέλθωμεν,
3410 479 3522 538 οἷον
3543 487 3691 556 αὐτῷ

434 574 483 627 ei
532 572 804 628 simulatio
857 576 1073 643 pietatis
1111 579 1414 650 excogitata
1457 580 1528 634 sit
1582 580 1649 634 ad
1702 579 2006 635 auditorum

435 665 793 730 eversionem,
825 683 947 722 cum
983 668 1135 735 dicit,

508 759 642 816 Eua.
679 760 750 816 Se
775 761 992 830 ingeniti
1018 764 1374 832 appellatione
1410 763 1575 819 Deum
1607 778 1714 818 non
1752 765 2011 820 decorare

430 849 586 920 juxta
628 853 922 907 lutmanum
951 853 1276 920 intelligendi
1310 855 1547 919 modum,
1591 855 1684 909 sed
1715 855 1762 908 ei
1809 853 2012 921 persol-

437 955 567 995 vere
585 941 822 997 debitum
844 943 1075 1000 maxime
1097 944 1338 998 omnium
1365 946 1750 1010 necessarium;
1770 944 2013 1018 quando~

438 1035 654 1110 quidem
687 1051 806 1092 eum
841 1037 890 1089 id
919 1037 1058 1105 quod
1090 1045 1173 1092 est
1203 1039 1492 1093 conﬁtetur
1520 1053 1662 1093 esse.

513 1126 636 1183 Bas.
678 1126 1005 1196 Quibusnam
1039 1127 1216 1182 verbis
1258 1128 1426 1196 possit
1458 1143 1554 1198 pro
1607 1127 1799 1183 merito
1837 1127 2010 1198 expli-

439 1221 548 1274 cari
581 1219 769 1275 harum
815 1220 1172 1273 versutiarum
1222 1221 1513 1290 obliquitas
1536 1221 1559 1275 ‘l
1582 1220 1780 1274 Nititur
1811 1230 2013 1276 terrere

440 1313 840 1384 simpliciores;
879 1315 1032 1383 quasi
1062 1316 1205 1384 quod
1249 1315 1447 1370 debent
1488 1331 1592 1370 non
1627 1317 1848 1372 reddant
1883 1319 2010 1379 Deo,

439 1406 544 1461 nisi
578 1407 1030 1478 ingenerationem
1069 1407 1424 1463 substantiam
1463 1423 1584 1464 esse
1633 1410 2011 1465 conﬁteantur.

437 1499 615 1568 Atque
639 1514 788 1556 suam
818 1499 984 1567 ipsius
1006 1499 1331 1566 impietatem
1358 1500 1523 1554 debiti
1562 1500 1883 1556 solutionem
1920 1518 2015 1572 ap-

439 1589 626 1659 pellat,
652 1600 711 1645 ut
757 1605 824 1644 ne
868 1591 996 1662 quid
1026 1591 1272 1644 videatur
1297 1606 1326 1644 a
1353 1592 1534 1658 seipso
1585 1590 1788 1656 dicere,
1825 1593 1916 1647 sed
1960 1593 2012 1646 id

439 1682 581 1750 quod
617 1681 924 1738 necessario
968 1683 1077 1736 Deo
1122 1683 1370 1747 debetur,
1405 1683 1732 1751 persolvere.
1769 1683 1908 1751 Quin
1960 1695 2016 1740 et

439 1776 668 1846 reliquis
693 1777 952 1843 declarat,
985 1777 1097 1831 fure
1126 1785 1206 1842 ut,
1242 1777 1286 1830 si
1317 1776 1775 1847 ingeneratiouem
1804 1780 1857 1832 in
1884 1778 2014 1834 sub-

2110 578 2210 647 τῆς
2235 576 2518 638 εὐλαϐείας
2545 576 2602 628 τὸ
2631 577 2815 647 σχῆμα
2832 577 2923 629 ἐπὶ
2947 579 3300 648 καταστροφῇ
3325 575 3435 628 τῶν
3464 577 3690 628 ἀκουόν-

2109 687 2216 722 των
2241 668 2579 740 ἐπινενόηται
2608 669 2666 721 ὲν
2693 669 2770 740 τῷ
2797 669 2996 738 λέγειν,
3219 693 3222 696 ~

2185 763 2344 819 ΕΥΝ.
2375 764 2466 832 Μὴ
2495 763 2614 815 κατ’
2652 762 2894 817 ἐπίνοιαν
2927 760 3578 833 ἀνθρωπίνηνσεμνὺνειν
3606 761 3695 813 τδν

2111 854 2243 908 Θεὸν
2291 857 2358 925 τῇ
2388 853 2482 906 τοῦ
2517 854 2811 924 ἁγεννήτου
2864 853 3224 924 προσηγορίᾳ,
3276 852 3592 906 ὲκτιννὺναι
3638 852 3696 904 δὲ

2112 947 2261 1017 αὐτῷ
2315 946 2374 1002 τὸ
2418 947 2637 1003 πάντων
2671 946 3094 1015 ἀναγκαιότατον
3126 945 3363 1017 όφλημα,
3399 947 3457 997 ὲν
3498 946 3568 1014 τῇ
3601 942 3694 996 τοῦ

2113 1035 2252 1092 εἶναι
2274 1039 2302 1090 ὅ
2324 1041 2470 1094 ἐστιν
2492 1037 2768 1108 ὁμολογίᾳ.

2186 1125 2332 1177 ΒΑΣ.
2370 1124 2463 1188 Τίς
2496 1125 2560 1178 ἂν
2582 1125 2739 1193 λόγος
2777 1124 2942 1192 ἀξίως
2972 1125 3073 1194 τῆς
3115 1124 3462 1196 σκολιότητος
3490 1123 3695 1193 ταύτης

2112 1215 2223 1273 τῶν
2263 1217 2654 1288 τεχνασμάτων
2688 1217 2963 1286 ὲφίκοιτο;
3009 1218 3288 1286 Ἐκφοΰεῖν
3319 1218 3447 1280 τοὺς
3490 1216 3695 1270 ἀπλουο

2117 1307 2339 1380 στέρους
2369 1311 2653 1382 ἐπιχειρεῖ,
2681 1310 2759 1374 ὼς
2791 1311 2866 1382 μὴ
2893 1310 3244 1373 ἀποδιδόντας
3266 1311 3335 1363 τὰ
3362 1309 3696 1380 ὀφειλόμενα

2120 1400 2197 1472 τῷ
2223 1400 2360 1468 Θεῷ,
2396 1403 2443 1455 εί
2475 1403 2548 1474 μὴ
2574 1402 2762 1456 οὐσίαν
2797 1399 2935 1456 εἶναι
2954 1404 3345 1474 ὁμολογήσειαν
3370 1403 3432 1456 τὸ
3462 1403 3696 1473 ἀγέννη-

2113 1511 2224 1556 τον,
2269 1495 2364 1549 καὶ
2394 1495 2705 1566 ὀφλήματος
2738 1493 2948 1548 ἔκτισιν
2987 1494 3085 1565 τὴν
3122 1494 3256 1547 ἰδίαν
3293 1494 3556 1550 ἀσέϐειαν
3581 1496 3699 1547 ὀνο-

2119 1587 2298 1658 μάζει,
2339 1587 2427 1639 ἵνα
2466 1587 2539 1658 μὴ
2584 1587 2712 1661 δόξῃ
2741 1589 2871 1660 παρ’
2903 1587 3096 1640 ἑαυτοῦ
3135 1605 3188 1640 τι
3235 1588 3435 1656 λέγειν.
3471 1586 3610 1639 ἀλλὰ
3639 1588 3697 1640 τὸ

2116 1679 2426 1748 ἀναγκαίως
2455 1680 2531 1751 τῷ
2556 1679 2672 1751 Θεῴ
2707 1682 3053 1754 ὀφειλόμενον
3081 1682 3411 1752 ἐκπληροῦν.
3437 1683 3552 1734 Καὶ
3585 1685 3697 1744 τοῖς

2116 1771 2319 1836 λοιποῖς
2337 1773 2692 1836 ἐνδείκνυται,
2711 1774 2792 1827 ὅτι
2809 1775 2865 1828 ὲν
2897 1775 2994 1845 μὲν
3016 1777 3081 1846 τῇ
3112 1774 3267 1845 οὐσία
3295 1773 3573 1844 τιθέμενοι
3588 1775 3693 1844 (46)

439 1869 640 1925 stantia
672 1877 894 1938 ponant,
928 1869 1132 1924 innoxii
1181 1869 1299 1923 sine
1343 1884 1499 1938 poma
1547 1870 1889 1924 dimittantur
1921 1890 1934 1925 :
1968 1872 2012 1925 si

2128 1864 2176 1917 τὸ
2199 1864 2514 1934 ἀγέννητον,
2564 1865 2847 1918 ἀνεύθυνοι
2892 1866 3248 1938 ἁφεθήσονται
3276 1885 3290 1898 ·
3327 1869 3375 1919 εί
3404 1866 3460 1918 δὲ
3495 1868 3695 1937 ἑτέρως

441 1975 600 2014 secus
627 1959 777 2028 juxta
809 1962 952 2030 pium
985 1961 1200 2014 modum
1232 1963 1572 2030 acceperint,
1602 1962 1844 2016 futurum
1871 1977 2014 2028 esse,

442 2051 619 2121 ntipsi
639 2060 894 2121 tanquam
922 2053 1010 2121 qui
1041 2053 1278 2108 debitum
1307 2055 1548 2108 omnium
1575 2055 2016 2126 antiquissimum

443 2145 780 2213 maximeque
810 2146 1168 2204 necessarium
1191 2148 1471 2201 omiserint
1491 2148 1718 2214 solvere,
1739 2150 1872 2202 iram
1901 2162 2019 2203 sus-

445 2234 652 2288 tineant
702 2233 1110 2304 implacabilem.
1156 2235 1386 2290 Proinde
1417 2235 1589 2290 libens
1615 2251 1737 2291 eum
1789 2237 2018 2290 interro-

445 2326 704 2398 gaverim,
737 2335 916 2382 utrum
965 2329 1104 2384 lnmc
1155 2327 1322 2382 animi
1372 2329 1662 2382 candorem
1719 2311 1921 2398 pariter
1962 2327 2016 2382 in

445 2419 696 2475 Omnibus
718 2434 838 2490 qua:
863 2419 932 2474 de
971 2420 1080 2474 Deo
1110 2422 1474 2489 praedicantur
1500 2430 1701 2487 servet,
1738 2437 1804 2474 an
1837 2421 1886 2474 iu
1920 2421 2020 2475 hoc

447 2511 712 2569 duntaxat
745 2512 959 2570 verbo?
999 2513 1126 2567 Nam
1171 2514 1216 2569 si
1257 2514 1387 2568 nihil
1422 2513 1643 2573 omnino
1673 2515 1825 2582 juxta
1863 2513 2022 2567 intel-

447 2600 647 2672 ligendi
684 2605 899 2658 modum
950 2603 1272 2673 speculatur,
1305 2613 1362 2660 ut
1403 2619 1469 2660 ne
1506 2605 1754 2658 humanis
1788 2603 2021 2673 appella-

449 2696 685 2750 tionibus
720 2696 882 2750 Deum
937 2711 1204 2752 exornare
1252 2697 1529 2763 videatur;
1583 2698 1762 2750 omnia
1796 2711 1916 2766 qua:
1954 2697 2021 2750 de

451 2787 563 2846 Deo
589 2789 971 2859 praedicantur,
1006 2789 1260 2848 similiter
1299 2789 1655 2844 substantiam
1699 2805 1820 2844 esse
1852 2789 2023 2844 conli-

453 2881 671 2935 tcbitnr.
707 2879 983 2947 Quomodo
1013 2882 1174 2951 igitur
1213 2881 1496 2936 ridiculum
1533 2897 1635 2935 non
1665 2890 1768 2944 est,
1800 2881 2018 2937 creandi

453 2973 765 3035 Iacultatem
799 2975 1154 3028 substantiam
1176 2990 1295 3030 esse
1333 2976 1557 3030 dicere?
1585 2977 1864 3030 autetiam
1900 2991 2022 3046 pro-

452 3066 772 3129 videntiam,
810 3079 903 3122 aut
934 3067 1183 3122 similiter
1231 3069 1626 3136 praescientiam
1682 3084 1869 3123 rursus
1899 3069 2026 3122 sub-

454 3158 708 3214 stantiam
729 3159 886 3213 esse?
915 3170 968 3213 et
998 3174 1104 3212 uno
1137 3162 1322 3220 verbo,
1352 3176 1566 3215 onmem
1596 3161 1862 3214 actionem
1893 3161 2020 3215 sub-

455 3252 710 3309 stantiam
760 3252 998 3322 putare?
1027 3253 1177 3319 Quod
1207 3253 1251 3307 si
1274 3254 1454 3307 omnia
1493 3255 1605 3307 ltmc
1650 3253 1716 3307 ad
1757 3268 1920 3307 unum
1954 3255 2026 3307 si-

456 3345 768 3414 gniﬁcatum
818 3348 1072 3411 tendunt,
1103 3361 1324 3401 necesse
1347 3346 1568 3400 omnino
1597 3358 1701 3414 est,
1726 3354 1782 3399 ut
1809 3346 2025 3401 nomina

459 3436 600 3490 idem
632 3437 772 3492 inter
812 3452 871 3493 se
918 3439 1082 3511 220
1133 3438 1370 3504 valeant,
1405 3441 1847 3509 quemadmodum
1890 3440 1946 3493 lit
1975 3439 2025 3493 in

460 3529 528 3585 iis
562 3530 654 3600 qui
703 3533 884 3586 multis
943 3533 1252 3588 nominibus
1297 3533 1632 3602 appellantur
1663 3549 1679 3588 :
1712 3533 1868 3588 sicuti
1905 3549 2026 3586 cum

459 3624 708 3678 eumdem
741 3624 969 3679 dicimus
1009 3625 1284 3680 Simonem
1329 3633 1384 3678 et
1424 3625 1637 3679 Petrum
1672 3634 1728 3680 et
1768 3624 2025 3694 Cepliam.

460 3717 639 3782 Quare
675 3719 762 3786 qui
815 3719 1046 3774 audierit
1090 3719 1585 3773 inmutabilitatem
1637 3719 1750 3783 Dei,
1782 3719 2031 3773 deveniet

461 3809 528 3862 ad
558 3810 1011 3876 ingenerationem
1041 3829 1055 3868 :
1082 3811 1229 3874 item,
1258 3810 1346 3879 qui
1380 3809 1611 3863 audierit
1653 3809 2028 3862 indivisibilem

461 3917 606 3964 esse.
634 3904 699 3956 ad
735 3903 951 3957 creandi
985 3903 1310 3971 lacullatem
1350 3902 1641 3958 deleretur.
1684 3901 1888 3970 Ecquid
1930 3902 2031 3956 Itac

463 3993 780 4051 confusione
827 3996 940 4050 ﬁeri
973 3996 1140 4065 possit
1172 3996 1480 4062 absurdius,
1528 3996 1571 4048 si
1623 3995 1744 4064 quis
1782 3995 2034 4050 videlicet

463 4090 715 4158 adempto
759 4090 975 4157 proprio
1006 4089 1430 4158 uniuscujusque
1477 4087 1712 4141 nominis
1762 4087 2033 4151 signiﬁca-

468 4187 521 4237 ιιι
543 4218 559 4244 ,
588 4189 697 4234 tum
741 4181 1010 4234 communi
1039 4179 1156 4233 usui
1181 4221 1196 4245 ,
1231 4189 1340 4234 tum
1385 4178 1616 4247 Spiritus
1655 4177 1912 4233 doctrinas
1945 4195 2031 4232 re-

466 4273 802 4344 pugnetiEt
849 4274 1064 4348 quidem
1121 4289 1241 4327 cum
1295 4274 1541 4326 audimus
1597 4272 1664 4326 de
1713 4271 1842 4335 Deo,
1891 4272 2030 4340 quod

467 4369 643 4422 omnia
687 4367 738 4422 in
777 4367 1039 4436 sapientia
1062 4367 1187 4422 fecit
1210 4368 1276 4431 ³⁸,
1313 4365 1629 4421 creatricem
1661 4365 1830 4434 ipsius
1860 4375 2030 4419 artem

465 4461 722 4515 docemur
758 4477 771 4512 :
801 4475 920 4514 cum
960 4475 1090 4514 vero
1138 4460 1408 4520 audimus,
1441 4458 1580 4526 quod
1613 4459 1788 4528 aperit
1819 4473 2030 4512 manum

465 4565 640 4614 suam,
670 4559 722 4605 et
753 4550 936 4620 implet
971 4564 1130 4605 omne
1167 4549 1364 4605 animal
1393 4549 1728 4618 beneplacito
1743 4549 1810 4613 ⁸³,
1845 4548 2030 4603 Provi-

465 4638 701 4694 dentiam
721 4640 898 4694 omnia
927 4639 1268 4696 invadentem
1293 4639 1583 4694 discimus:
1610 4639 1824 4709 quando
1852 4650 2030 4697 autem

539 4840 582 4870 ⁶¹
613 4838 756 4895 Psal.
779 4857 893 4903 cm.
929 4840 1017 4895 2i.
1097 4841 1140 4872 ⁸³
1166 4840 1307 4896 Psal.
1337 4856 1493 4896 cxuv
1513 4883 1528 4907 ,
1559 4839 1644 4894 16.

542 5009 654 5080 (46)
691 5007 821 5074 Reg.
849 5017 1071 5082 quartus
1099 5013 1164 5081 τῇ
1190 5011 1347 5082 οὐσίᾳ
1377 5012 1468 5065 τοῦ
1492 5011 1626 5064 Θεοῦ
1655 5009 1946 5082 τιθέμενοι,
1991 5011 2037 5064 si

468 5079 899 5149 iugeni’turamjn
928 5079 1275 5134 essentidDei
1311 5079 1654 5135 constituant.
1695 5079 1804 5135 Hoc
1850 5092 1956 5138 est.
1987 5082 2032 5134 si

469 5147 796 5208 contendant
833 5147 924 5220 Ilei
960 5159 1203 5220 naturain
1238 5153 1290 5204 in
1314 5168 1377 5204 eo
1404 5154 1564 5204 sitam
1623 5167 1764 5210 esse.
1792 5159 1849 5204 ut
1876 5165 2036 5220 gene-

470 5224 578 5277 rari
607 5236 709 5276 non
739 5219 924 5289 possit.
962 5217 1109 5291 lllud,
1134 5222 1391 5277 κατὰ,τὺν
1412 5222 1610 5291 εὐσεϐῆ
1646 5217 2034 5291 emittam—quod

471 5309 594 5347 mox
625 5291 890 5361 sequitur,
924 5290 1134 5344 videtur
1166 5295 1243 5345 sic
1266 5295 1434 5359 act-ipi
1469 5290 1712 5346 debere:
1733 5293 1893 5360 juxta
1921 5309 2035 5344 mo-

468 5368 594 5415 dum
635 5363 722 5430 qui
771 5360 1034 5414 Eunomia
1068 5363 1274 5429 quidem
1310 5364 1516 5415 videtur
1562 5364 1680 5429 pius
1721 5378 1830 5416 esse
1864 5405 1877 5426 ,
1945 5361 2035 5415 sed

469 5450 572 5486 mm
603 5443 697 5485 est.

542 5503 651 5568 (ιτ)
679 5502 838 5557 Κατὰ
866 5503 973 5557 τὸν
1004 5501 1226 5569 εὐσεϐῆ
1258 5503 1499 5568 τρόπον.
1535 5500 1630 5553 llis
1669 5501 1847 5555 verbis
1883 5501 2038 5556 inten-

468 5573 582 5642 ligit
636 5573 864 5626 Basilius
897 5574 1224 5627 catholicum
1262 5587 1478 5624 sensum
1531 5571 1820 5625 Marcionis
1854 5572 2035 5627 sensui

464 5645 788 5711 oppositum.
827 5642 1040 5697 Mnus.

539 5708 650 5786 (48)
681 5715 906 5786 (lodices
958 5715 1162 5782 aliquot
1195 5708 1287 5775 οὖν
1316 5711 1381 5764 ἂν
1405 5711 1588 5765 αὐτόν.
1627 5709 1824 5764 Vocula
1877 5711 1941 5766 ἄν
1965 5713 2033 5768 ab

467 5785 627 5838 editis
658 5785 864 5837 aberat.

541 5854 648 5923 (49)
707 5854 926 5921 Antiqui
981 5853 1084 5908 duo
1149 5853 1266 5907 libri
1325 5853 1522 5920 λέγειν,
1564 5853 1622 5906 τὸ
1685 5852 2038 5923 προνοητικὸν

2118 1956 2257 2010 κατὰ
2287 1956 2378 2008 τὸν
2398 1956 2598 2026 εὐσεϐῆ
2621 1957 2820 2028 τρόπον
2848 1957 2956 2028 (47)
2985 1957 3435 2029 ὑπολαμϐάνοιεν,
3462 1959 3539 2021 ὡς
3559 1959 3699 2012 ἐλλε-

2117 2047 2362 2111 λοιπότες
2384 2048 2444 2101 τὸ
2462 2049 2675 2102 πάντων
2702 2049 2877 2120 χρεῶν
2895 2067 2996 2120 πρε
3005 2050 3264 2103 σϐύτατον
3294 2052 3388 2104 καὶ
3404 2052 3700 2119 ἀναγκαιό-

2116 2155 2278 2192 τατον
2311 2138 2562 2209 ἕκτισμα,
2599 2140 2970 2211 ἀπαραίτητον
3013 2141 3110 2210 τὴν
3155 2143 3322 2211 ὀργὴν
3363 2141 3697 2207 ἐκδέξονται.

2131 2233 2326 2296 Ἡδέως
2363 2228 2456 2285 οὖν
2487 2231 2552 2285 ἀν
2580 2233 2741 2286 αὑτὸν
2769 2233 2878 2304 (48)
2911 2233 3248 2305 ἐξετάσαιμι,
3278 2234 3376 2305 τὴν
3412 2235 3702 2304 εὐγνωμος

2122 2329 2286 2400 σύνην
2309 2329 2514 2402 ταύτην
2542 2330 2741 2400 ὁμοίως
2771 2329 2864 2384 ἐπὶ
2893 2330 3108 2384 πάντων
3142 2330 3249 2383 τῶν
3281 2331 3410 2401 περὶ
3433 2329 3575 2382 Θεοῦ
3621 2331 3705 2382 15-

2120 2422 2367 2492 γομένων
2403 2422 2686 2491 φυλάσσει,
2715 2422 2746 2493 ἢ
2780 2422 2919 2476 κατά
2945 2421 3105 2476 τοῦτο
3139 2423 3299 2492 μόνον
3327 2422 3387 2474 τὸ
3418 2422 3610 2492 ρἦα;
3644 2423 3705 2474 Εἰ

2123 2517 2220 2588 μὲν
2255 2515 2364 2587 γὰρ
2396 2515 2549 2570 οὐδὲν
2590 2515 2726 2577 ὅλως
2777 2516 2896 2568 κατ’
2931 2515 3171 2569 ἐπίνοιαν
3215 2513 3431 2585 θεωρεῖ,
3487 2514 3576 2566 ἵνα
3633 2513 3704 2584 μὴ

2119 2608 2245 2681 δόξῃ
2272 2607 2639 2679 ἀνθρωπίναις
2673 2607 2764 2662 τὸν
2789 2607 2920 2659 θεὸν
2952 2607 3236 2677 σεμνύνειν
3266 2609 3668 2679 προσηγορίαις
3688 2650 3702 2672 ,

2134 2699 2309 2752 πάντα
2343 2699 2543 2769 ὁμοίως
2577 2699 2761 2752 οὐσίαν
2785 2699 3105 2769 ὁμολογήσει
3132 2699 3201 2751 τὰ
3230 2699 3598 2769 ἐπιλεγόμενα
3629 2699 3704 2769 τῷ

2123 2789 2264 2862 Θεῷ.
2303 2789 2426 2853 Πῶς
2473 2786 2566 2843 οὖν
2616 2791 2677 2842 οὐ
2718 2791 3146 2858 καταγέλαστον,
3205 2790 3264 2843 τὸ
3311 2790 3704 2862 δημιουργικὸν

2123 2885 2310 2939 οὐσίαν
2338 2879 2475 2939 εἶναι
2505 2884 2718 2952 λέγειν;
2751 2884 2784 2954 ἢ
2819 2884 2877 2937 τὸ
2905 2885 3256 2956 προνοητικὸν
3283 2884 3440 2938 πάλιν
3465 2885 3698 2948 οὕσίαν;

2123 2977 2156 3040 ἢ
2189 2976 2249 3029 τὸ
2279 2976 2678 3048 προγνωστικὸν
2719 2977 2878 3030 πάλιν
2929 2976 3187 3040 ὡσαύτως
3217 2977 3356 3047 (49);
3398 2977 3495 3029 καὶ
3524 2979 3699 3043 ἀπαξ-

2128 3069 2336 3133 απλῶς,
2367 3072 2544 3123 πᾶσαν
2596 3071 2899 3141 ἐνέργειαν,
2933 3070 3121 3122 οὐσίαν
3154 3069 3426 3134 τίθεσθαι;
3489 3071 3602 3123 Καὶ
3657 3072 3702 3122 εί

2127 3161 2304 3221 πάντα
2344 3161 2514 3215 ταῦτα
2549 3162 2682 3232 πρὸς
2729 3161 2786 3214 ἓν
2821 3161 3216 3231 σημαινόμενον
3262 3161 3450 3224 τείνει,
3480 3161 3696 3230 ἀνάγκη

2129 3255 2277 3306 πᾶσα
2300 3254 2495 3307 ταυτὸν
2529 3252 2781 3324 ἀλλήλοις
2807 3251 3067 3306 δύνασθαι
3099 3253 3166 3306 τὰ
3199 3252 3438 3323 ὀνόματα
3457 3271 3473 3283 ⁸
3513 3254 3587 3316 ὡς
3615 3255 3702 3305 ἐπὶ

2127 3346 2234 3402 τῶν
2260 3345 2502 3400 πολυωνύ
2512 3363 2644 3416 μων⁹
2668 3346 2795 3398 ὅταν
2815 3345 3030 3416 Σίμωνα
3052 3345 3146 3398 καὶ
3168 3343 3370 3415 Πέτρον
3388 3345 3483 3397 καὶ
3507 3346 3703 3414 Κηφᾶν

2127 3439 2216 3492 τὸν
2241 3438 2402 3492 αὐτὸν
2434 3438 2698 3509 λέγωμεν.
2722 3436 2930 3490 Οὐκοῦν
2956 3437 2984 3489 ό
3005 3436 3245 3500 ἀκούσας
3264 3438 3324 3489 τὸ
3341 3437 3702 3490 ἀναλλοίωτον

2129 3530 2221 3584 τοῦ
2273 3513 2430 3595 Θεοῦ,
2471 3532 2607 3602 πρὸς
2658 3531 2718 3584 τὺ
2751 3530 3042 3601 ἀγέννητον
3090 3531 3498 3602 ὑπαχθήσεταιο
3536 3532 3632 3582 καὶ
3676 3533 3703 3583 ό

2131 3624 2369 3688 ἀκούσας
2387 3624 2447 3677 τὸ
2477 3624 2702 3696 ἀμερὲς,
2735 3624 2870 3694 πρὸς
2911 3624 2969 3676 τὸ
3000 3623 3386 3695 δημιουργικὸν
3421 3624 3534 3694 (50)
3564 3626 3703 3677 ἀποο

2131 3717 2372 3788 φέρεται.
2410 3717 2518 3770 Καὶ
2550 3716 2753 3786 ταύτης
2794 3716 2847 3770 τί
2885 3715 2952 3770 ἂν
2985 3716 3194 3784 γένοιτο
3241 3717 3338 3788 τῆς
3387 3718 3704 3788 συγχύσεως

2131 3812 2491 3884 ἀτοπώτερον,
2527 3810 2856 3880 ἀφελόμενον
2887 3811 2984 3878 τὴν
3010 3811 3146 3863 ἰδίαν
3175 3809 3449 3879 σημασίαν
3471 3811 3702 3862 ἑκάστου

2131 3904 2238 3958 τῶν
2259 3904 2556 3974 ὀνομάτων,
2584 3902 3014 3974 ἀντινομοθετεῐν
3040 3904 3105 3972 τῇ
3129 3919 3186 3955 τε
3222 3904 3371 3970 κοινῇ
3401 3903 3594 3972 χρήσει
3613 3902 3705 3953 καὶ

2131 3997 2196 4066 τῇ
2220 3994 2535 4064 διδασκαλίᾳ
2562 3993 2656 4047 τοῦ
2688 3993 3031 4065 Πνεύματος;
3061 3994 3251 4046 Καίτοι
3273 3993 3401 4046 ὅταν
3435 3993 3532 4062 μὲν
3551 3991 3704 4044 ἀκού-

2135 4106 2311 4159 σωμεν
2344 4089 2472 4158 περὶ
2505 4088 2596 4141 τοῦ
2641 4088 2797 4148 Θεοῦ,
2828 4089 2910 4142 ὅτι
2950 4087 3128 4139 πάντα
3168 4088 3225 4138 ὲν
3266 4085 3427 4157 σοφία
3457 4086 3702 4154 εποίησε,

2131 4181 2229 4252 τὴν
2280 4181 2672 4252 δημιουργικὴν
2704 4181 2900 4251 τέχνην
2930 4178 3096 4233 αὑτοῦ
3141 4178 3508 4249 διδασκόμεθα
3530 4197 3543 4209 ·
3579 4180 3705 4230 ὅταν

2132 4272 2208 4335 δὲ,
2243 4276 2324 4327 ὅτι
2367 4272 2569 4339 ἀνοίγει
2611 4272 2710 4342 τὴν
2750 4273 2907 4342 χεῖρα
2947 4268 3135 4331 αὐτοῦ,
3168 4269 3262 4321 καὶ
3306 4268 3554 4338 ἐμπιπλεῖ
3598 4271 3704 4321 πᾶν

2135 4363 2271 4428 ζῶον
2327 4363 2573 4427 εὐδοκίας
2608 4363 2741 4432 (5i),
2786 4364 2885 4434 τὴν
2924 4362 3011 4415 διὰ
3057 4361 3273 4414 πάντων
3320 4364 3705 4431 κεχωρηκυῖαν

2135 4455 2386 4528 πρόνοιαν
2406 4470 2418 4483 ·
2452 4455 2576 4508 ὅταν
2609 4454 2684 4514 δὲ,
2717 4453 2796 4506 ὄτι
2847 4455 3054 4506 "Edam
3096 4453 3315 4518 σκότος
3345 4453 3704 4520 ἀποκριεςεὴν

2065 4563 2106 4617 ι)
2134 4549 2340 4611 αὑτοῦ,
2382 4548 2442 4601 τὸ
2477 4548 2706 4619 ἀόρατον
2745 4547 2843 4618 τῆς
2871 4546 3036 4600 αὐτοῦ
3076 4545 3288 4614 φύσεως
3317 4544 3699 4616 παιδευόμεθα.

2140 4642 2308 4696 Πάλιν
2341 4641 2397 4694 δὲ
2424 4639 2484 4694 τὸ
2532 4641 2596 4692 ὲκ
2636 4638 2928 4709 προσώπου
2954 4638 3047 4697 τοῦ
3081 4637 3215 4691 Θεοῦ
3249 4637 3539 4708 λεγόμενον
3571 4637 3700 4706 (ὅῖ),

2143 5008 2304 5062 πάλιν
2337 5005 2521 5060 οὐσίαν
2543 5022 2555 5036 ο
2592 5004 2654 5057 τὸ
2682 5000 3087 5072 προγνωστικὸν
3115 5001 3394 5072 ὡσαύτως.
3419 4999 3702 5072 Aliquanto

2143 5021 2304 5062 πάλιν
2337 5021 2521 5060 ουσίαν
2543 5022 2555 5036 ο
2592 5021 2654 5057 το
2682 5023 2722 5056 π
2759 5021 3087 5072 ογνωστικον
3115 5021 3394 5064 ωσαυτως.
3419 5021 3701 5065 anquanuo

2143 5090 2262 5146 post
2312 5079 2440 5134 editi
2491 5075 2582 5129 τὸν
2625 5021 2785 5128 abegi:
2819 5074 3070 5144 λέγομεν.
3101 5071 3326 5127 Codices
3350 5071 3500 5125 multi
3535 5072 3701 5124 λὲνω-

2187 5166 2264 5202 εν.

2145 5167 2327 5288 MEO)
2377 5217 2514 5272 Editi
2564 5231 2690 5288 cum
2729 5213 3063 5288 Colb._upbg
3121 5211 3184 5266 τὺ
3217 5210 3563 5283 δημιουργόν.
3601 5209 3699 5262 Alii

2141 5285 2530 5361 quatuorumss.
2556 5285 2969 5361 δημιουργικόν.

2214 5360 2336 5430 (51)
2369 5357 2520 5430 Vulg.
2578 5351 2642 5409 Et
2674 5351 2850 5424 implet
2892 5369 3041 5430 omne
3086 5351 3284 5430 animal
3328 5351 3695 5430 benedictione.

2147 5421 2421 5498 Su‘spicari
2475 5421 2704 5498 fortasse
2748 5421 2960 5498 poterit
3013 5423 3304 5493 quispiam,
3356 5421 3696 5492 interpretem

2145 5519 2244 5572 pro
2263 5494 2522 5572 ἐὐδοκίας
2563 5494 3044 5572 Ιςεὶεβεήεύλογίας.

2214 5571 2326 5634 (52)
2357 5559 2534 5621 Editio
2589 5559 2758 5620 P'aris.
2790 5559 2954 5620 πάλιν
2983 5565 3040 5616 δὲ
3081 5562 3170 5617 διὰ
3213 5562 3276 5618 τὸ
3318 5565 3381 5616 ὲκ
3413 5559 3696 5634 προσώπου

2144 5643 2236 5696 τοῦ
2267 5631 2400 5693 Θεοῦ
2451 5637 2764 5707 λεγόμενον.
2824 5638 2929 5690 Sed
2967 5635 3276 5707 praepositio
3338 5634 3428 5707 διά
3486 5648 3585 5707 nec
3647 5631 3693 5681 in

2145 5714 2380 5767 editione
2415 5703 2548 5762 Veni.
2585 5703 2696 5759 'nec
2756 5707 2806 5760 in
2850 5707 3052 5760 nostris
3084 5703 3360 5757 codicibus
3413 5703 3695 5756 invenitur.

2145 5783 2341 5848 Quare-
2369 5781 2525 5852 facile
2552 5777 2883 5852 crediderim
2916 5776 3152 5831 additam
3189 5790 3305 5852 eam
3352 5773 3694 5852 fuisses}!-

2148 5842 2438 5918 Hogranbis
2498 5857 2555 5905 ut
2621 5863 2814 5904 sensus
2872 5847 3078 5914 integer
3128 5845 3463 5900 redderetur.
3528 5842 3694 5897 Editio
