3978 6410
219 423 325 478 535

1301 425 1666 482 ADVERSUS
1704 427 2064 484 EUNOMIUM
2106 428 2233 484 LIB.
2283 428 2320 482 1.

3339 432 3445 486 554

217 540 399 594 πᾶσαν
418 555 514 610 την
531 538 618 591 διὰ
646 538 752 591 τῶν
774 538 1063 609 ὀφθαλμῶν
1083 539 1380 609 κατάληψιν
1396 559 1408 571 ο
1440 542 1610 594 καὶτὸ
1638 540 1776 593 ἀσώ-

1906 560 1934 595 n
1971 545 2076 596 Deo
2101 562 2114 596 :
2139 554 2190 596 et
2227 541 2510 607 invisibile,
2549 543 2810 596 excedere
2846 558 2966 596 eum
3009 559 3221 600 onmem
3265 549 3443 600 oculo-

221 648 390 702 ματον
421 631 480 684 τὸ
517 631 590 701 μὴ
625 631 886 701 ὑπάρχειν
932 632 1094 684 αὑτοῦ
1134 634 1296 702 τριχῆ
1348 632 1635 701 διαστατὴν
1684 633 1782 702 τὴν

216 723 407 774 οὐσίαν
431 738 444 751 °
489 721 582 775 καὶ
630 722 691 774 τὸ
721 722 985 776 ἀθάνατον
1015 724 1074 776 τὸ
1117 725 1382 795 μηδέποτε
1417 725 1656 777 διάλυσιν
1687 724 1782 776 αὑ-

215 814 295 884 τῷ
326 815 785 884 προσγενήσεσθαι
804 834 818 847 ο
851 815 991 868 οὑτω
1011 817 1188 885 φαμὲν
1209 817 1302 870 καὶ
1326 817 1404 880 τὸ,
1433 816 1782 885 ἀγέννητον,

215 903 412 966 δηλοῦν
456 905 518 958 τὸ
548 905 800 976 γέννησιν
832 906 980 976 αὑτῷ
1014 906 1122 976 (62)
1168 907 1240 977 μὴ
1269 910 1567 978 προσεῖναι.
1598 907 1657 958 El
1689 906 1785 976 μὲν

216 994 316 1049 οὖν
358 996 526 1073 μηδὲν
558 997 762 1051 τούτων
814 999 1126 1070 στερητικὸν
1171 1000 1277 1052 τῶν
1321 999 1624 1069 ὀνομάτων,
1668 998 1783 1052 οὑδὲ

217 1089 415 1140 ἐκεῖνο.
470 1089 531 1140 El
570 1088 626 1140 δὲ
667 1089 753 1141 ἐπ’
785 1090 1006 1142 ἐκείνων
1053 1089 1206 1152 δίδως
1252 1091 1312 1143 τὸ
1344 1091 1481 1144 κατά
1531 1094 1786 1160 στέρησιν

216 1175 508 1244 λέγεσθαι,
559 1178 650 1229 ἐπὶ
692 1179 790 1248 τῆς
840 1178 931 1230 τοῦ
990 1180 1282 1250 ἀγεννήτου
1331 1181 1695 1251 προσηγορίας
1724 1181 1786 1233 οὑ

219 1271 546 1337 συγχωρεῖς,
581 1269 725 1330 εἰπὲ,
756 1269 900 1332 τίνος
933 1271 1027 1334 μὲν
1067 1271 1234 1336 ἕξεως
1267 1271 1640 1343 προλαϐοὑσης
1671 1273 1789 1324 στέ-

223 1375 382 1430 ρησιν
429 1360 678 1430 ἐμφαίνει
717 1360 776 1412 τὸ
823 1361 1125 1432 ἄφθαρτον;
1173 1363 1288 1426 πῶς
1329 1363 1386 1416 δὲ
1429 1365 1549 1433 οὐχὶ
1577 1365 1637 1416 τὸ
1679 1365 1789 1416 ἴσον

220 1450 373 1521 αὑτῷ
412 1451 629 1504 δύναται
657 1452 718 1504 τὸ
751 1452 858 1522 (65)
909 1454 1228 1524 ἀγέννητον;
1267 1455 1424 1506 Ἀλλά
1465 1457 1592 1526 περὶ
1625 1456 1792 1526 μόνην

220 1542 426 1612 ταύτην
455 1543 549 1614 τὴν
570 1543 711 1608 λέξιν
749 1548 1083 1614 κακοτεχνεῖ,
1117 1545 1249 1598 διότι
1277 1545 1522 1598 ἐντεῦθεν
1554 1547 1700 1616 αὑτῷ
1734 1549 1791 1602 ai

220 1635 470 1706 ἀφορμαὶ
500 1635 598 1704 τῆς
640 1635 894 1698 ἀσεϐείας
927 1638 1209 1708 ἤρτηνται.
1245 1638 1358 1690 Ἵνα
1401 1637 1456 1690 δὲ
1491 1638 1660 1706 σαφὲς
1699 1639 1794 1692 αὑ-

220 1727 318 1780 τοῦ
361 1728 423 1781 τὸ
454 1727 737 1798 τέχνασμα
769 1727 1014 1797 γένηται,
1059 1728 1199 1782 οῦτω
1237 1731 1494 1799 ποιήσατε
1518 1746 1530 1758 ·
1568 1731 1659 1794 οῦς
1701 1731 1793 1784 ἐπὶ

219 1819 318 1874 τοῦ
347 1821 642 1891 άγεννήτου
691 1820 959 1890 γυμνάσει
1001 1820 1226 1888 λόγους,
1261 1821 1342 1874 ὅτι
1375 1821 1496 1874 οὔτε
1529 1823 1647 1874 κατ’
1672 1823 1790 1874 ἐπί-

223 2001 354 2070 περὶ
391 1999 525 2054 Θεοῦ
555 2000 838 2068 λέγεσθαι,
869 2000 1087 2064 τούτους
1128 2002 1542 2073 μετενεγκόντες
1580 2005 1666 2056 ἐπ’
1699 2005 1792 2058 άλ-

223 2091 316 2147 λου
362 2093 506 2156 τινὸς
537 2091 644 2145 τῶν
675 2093 802 2163 περὶ
845 2091 978 2146 Θεοῦ
1009 2093 1345 2164 λεγομένων,
1384 2096 1654 2148 σκοπεῖτε.
1691 2096 1794 2147 Εὑ-

225 2189 419 2256 ρήσετε
445 2187 552 2257 γὰρ
590 2186 802 2255 ἑκάστῳ
836 2186 1078 2257 ἀκριϐῶς
1121 2185 1545 2256 ὲφαρμόζοντας.
1586 2189 1713 2251 Καὶ,
1744 2189 1793 2241 εί

225 2277 480 2346 βούλεσθε
505 2316 519 2340 ,
549 2278 639 2330 ἐπὶ
673 2277 768 2330 τοῦ
807 2277 1083 2347 ἀφθάρτου
1112 2277 1278 2330 ταῦτα
1310 2277 1554 2348 λέγωμεν
1576 2319 1589 2341 ,
1627 2280 1792 2351 αὑτὴν

221 2368 390 2424 αὑτοῦ
434 2369 531 2439 τὴν
561 2369 704 2434 λέξιν
737 2371 1219 2440 μετακομίσαντες.
1263 2369 1572 2440 Ἀφθαρτον
1602 2371 1659 2424 δὲ
1709 2372 1794 2425 λέ-

219 2477 432 2528 γοντες,
463 2461 523 2512 οὑ
561 2462 679 2513 κατ’
714 2461 952 2512 ἐπίνοιαν
994 2459 1336 2530 ἀνθρωπίνην
1377 2459 1658 2530 σεμνύνειν
1691 2462 1795 2514 οίό-

224 2552 369 2620 μεθα
408 2552 551 2604 δεῖν’
589 2550 935 2607 ἀποτιννὺναι
986 2552 1042 2622 δὲ
1086 2551 1232 2621 αὑτῷ
1280 2552 1338 2606 τὸ
1381 2553 1596 2606 πάντων
1631 2555 1796 2623 ἀναγ-

222 2639 511 2694 καιότατον
535 2640 775 2711 ὄφλημα,
810 2641 911 2712 τὴν
942 2641 1036 2693 τοῦ
1079 2639 1215 2694 εἶναι
1241 2643 1268 2694 ὃ
1298 2644 1443 2696 ἐστιν
1472 2643 1758 2714 ὁμολογίαν
1781 2664 1794 2676 ·

221 2731 364 2784 ἀλλὰ
396 2731 503 2803 μὴν
532 2731 650 2785 οὑδὲ
676 2733 820 2786 κατά
855 2732 1110 2804 στέρησιν
1148 2734 1262 2804 (64)
1287 2753 1301 2766 ο
1337 2721 1394 2787 ἐἴ
1431 2753 1494 2804 γε
1523 2736 1632 2788 τῶν
1659 2739 1798 2790 κατὰ

225 2823 391 2892 φύσιν
420 2826 476 2877 al
525 2826 808 2894 στερήσεις
846 2827 951 2879 εἰσὶ
999 2827 1278 2896 στερήσεις
1304 2867 1317 2890 ,
1359 2829 1453 2881 καὶ
1496 2829 1601 2880 τῶν
1634 2829 1798 2893 ἕξεων

222 2915 496 2990 δεύτεραι.
529 2917 592 2968 Τί
626 2917 823 2986 μᾶλλον
850 2919 940 2970 ἐπὶ
970 2916 1062 2971 τοῦ
1091 2919 1382 2990 ἀγεννήτου
1410 2921 1605 2990 πρέπει
1627 2923 1798 2974 ταῦτα

223 3005 539 3074 φιλοσοφεῖν
581 3006 613 3077 ἢ
658 3007 751 3060 καὶ
789 3007 880 3060 ἐπὶ
922 3007 1014 3060 τοῦ
1061 3009 1373 3082 ἀφθάρτου,
1425 3013 1518 3064 καὶ
1549 3012 1682 3076 ὅλως
1715 3015 1796 3082 ἐφ’

224 3099 466 3168 ἑκάστης
515 3099 696 3170 φωνῆς
742 3100 840 3169 τῆς
890 3101 1030 3153 κατὰ
1060 3101 1149 3155 τὸν
1175 3102 1334 3154 αὑτὸν
1375 3103 1542 3156 τύπον
1577 3105 1799 3173 ἐκφερο-

228 3193 429 3264 μένης;
483 3191 618 3244 Ἀλλ’
663 3192 812 3252 οὑᾶὲν
859 3191 966 3245 τῶν
1005 3192 1175 3246 ἄλλων
1209 3193 1355 3264 αὑτῷ
1387 3195 1520 3266 πρὸς
1549 3195 1648 3264 τὴν
1675 3195 1798 3247 άσέ-

1889 652 2002 689 rum
2040 636 2571 703 comprclicnsimieln
2619 643 2710 687 :et
2759 636 3155 702 incorporeum,
3192 637 3449 690 substan-

1889 729 2017 780 tiam
2055 728 2168 793 ejus
2221 728 2355 780 trina
2412 727 2744 780 dimensione
2781 742 2884 780 non
2939 737 3228 781 constare:
3258 739 3310 781 et
3353 729 3451 779 im-

1889 820 2135 881 mortale,
2157 835 2276 871 eum
2300 818 2632 872 dissolutioni
2670 834 2942 885 nunquam
2975 819 3264 870 obnoxium
3302 819 3446 872 fore:

1885 910 2127 963 eunnlem
2159 909 2224 961 ad
2264 911 2476 961 modum
2513 909 2742 962 dicimus
2772 911 3059 976 ingenitum
3082 911 3243 962 etiam
3277 910 3452 977 signi-

1888 1001 2070 1063 ﬁcare,
2103 1002 2506 1067 generationem
2558 1001 2609 1052 in
2658 1001 2772 1068 ipso
2816 1017 2918 1053 non
2977 1002 3173 1054 inesse.
3222 1001 3455 1053 Proinde

1888 1093 1931 1144 si
1962 1091 2162 1144 nullum
2197 1107 2260 1144 ex
2299 1091 2405 1146 illis
2437 1091 2744 1145 nominibus
2785 1091 3105 1158 privativum
3149 1101 3251 1153 est,
3283 1106 3456 1160 neque

1889 1183 1991 1237 boe
2022 1185 2143 1236 erit.
2181 1183 2330 1249 Quod
2374 1185 2417 1237 si
2456 1184 2709 1237 concedis
2743 1183 2826 1235 illa
2871 1185 3164 1237 secundum
3200 1185 3458 1251 privatio-

1891 1289 2009 1327 nem
2039 1273 2166 1336 dici,
2200 1275 2291 1327 sed
2316 1275 2366 1326 id
2395 1273 2446 1325 in
2476 1272 2830 1340 appellatione
2865 1273 3084 1340 ingeniti
3131 1290 3232 1326 non
3261 1274 3456 1326 admit-

1893 1372 2006 1415 tas:
2038 1363 2142 1419 dic.
2171 1377 2276 1429 quo
2316 1361 2495 1415 babitu
2534 1362 2694 1430 222
2732 1363 3088 1430 przecedente,
3127 1363 3459 1431 incorruptio

1893 1456 1996 1510 bile
2029 1455 2384 1524 privationem
2420 1454 2660 1507 indicet?
2697 1465 2788 1506 aut
2833 1457 3102 1522 quomodo
3153 1457 3452 1522 ingenitum

1895 1563 1999 1600 non
2032 1547 2169 1601 idem
2205 1549 2346 1616 quod
2403 1547 2502 1600 hoc
2545 1546 2754 1598 valeat?
2783 1547 2849 1598 At
2906 1547 3049 1600 circa
3108 1547 3208 1601 hoc
3241 1545 3460 1600 verbum

1895 1638 2068 1691 solum
2116 1637 2370 1705 malignis
2405 1635 2616 1690 artibus
2647 1637 2836 1700 utitur,
2872 1637 3012 1704 quod
3043 1638 3090 1688 ei
3125 1637 3248 1690 binc
3277 1637 3460 1705 impie-

1896 1730 2021 1783 tatis
2051 1729 2350 1797 dependent
2375 1727 2706 1781 occasiones.
2734 1728 2838 1781 Sed.
2878 1729 3165 1781 artificium
3209 1728 3326 1797 ejus
3358 1743 3466 1780 ma-

1849 1859 1858 1868 .
1898 1822 2148 1876 bifestum
2184 1830 2240 1874 ut
2297 1821 2406 1884 tiat,
2462 1820 2532 1872 ita
2570 1819 2768 1873 facile:
2809 1835 2942 1888 quos
2994 1820 3058 1872 de
3105 1820 3344 1888 ingenito
3381 1824 3465 1873 in-

221 1926 372 1962 νοιαν
406 1909 749 1979 ἀνθρωπίνην
769 1952 782 1974 ,
813 1908 934 1962 οὔτε
959 1910 1101 1963 κατά
1134 1910 1390 1982 στέρησιν
1424 1909 1642 1980 εὔλογόν
1675 1914 1790 1965 εστι
1825 1893 1865 1947 Β

1896 1913 2055 1966 struit
2103 1926 2402 1974 sermones,
2438 1912 2579 1976 quod
2643 1923 2812 1978 neque
2870 1924 2936 1962 ex
2989 1911 3226 1963 humano
3278 1911 3462 1963 conci-

1898 2004 2076 2073 piemli
2119 2004 2294 2064 modo,
2331 2016 2503 2070 neque
2535 2016 2598 2054 ex
2633 2001 2939 2068 privatione
2973 2005 3036 2053 de
3085 2000 3193 2053 Deo
3227 2000 3332 2053 diei
3365 2015 3463 2068 par

1897 2108 2012 2161 est;
2045 2097 2142 2149 hos
2170 2095 2460 2148 translatos
2496 2093 2548 2145 in
2577 2093 2719 2146 aliud
2755 2094 3021 2162 quoddam
3053 2108 3243 2145 nomen
3283 2107 3348 2144 ex
3384 2092 3466 2146 his

1897 2203 2017 2256 quze
2066 2189 2132 2241 de
2167 2189 2276 2240 Deo
2307 2187 2579 2248 dicuntur,
2618 2185 2979 2239 consideretis
3017 2185 3197 2236 velim.
3242 2183 3467 2238 Unicui—

1903 2293 2008 2347 que
2057 2278 2200 2331 enim
2241 2277 2450 2329 illorum
2495 2291 2720 2345 prorsus
2763 2276 3059 2328 convenire
3097 2273 3465 2342 comperietis.

1902 2371 1987 2432 Et,
2021 2370 2064 2423 si
2100 2368 2280 2431 vultis,
2315 2367 2381 2421 de
2411 2366 2803 2434 iurorruptibili
2853 2366 3038 2420 eadem
3080 2366 3344 2427 dicamus,
3383 2365 3468 2418 bis

1903 2461 2033 2529 ipsis
2070 2460 2263 2529 quibus
2294 2459 2457 2510 utitur
2488 2458 2666 2510 verbis
2699 2457 2800 2510 huc
2844 2457 3176 2508 transmotis.
3224 2456 3471 2507 Incorru-

1903 2551 2143 2618 ptibilcm
2175 2561 2352 2604 autem
2379 2565 2501 2605 cum
2529 2550 2779 2611 dicimus,
2814 2563 2918 2602 non
2955 2550 3248 2602 secundum
3280 2548 3472 2600 burna-

1903 2660 2027 2696 nuln
2085 2642 2413 2709 intelligendi
2469 2641 2682 2694 modum
2729 2641 3094 2693 decorandum
3137 2653 3256 2690 esse
3304 2637 3468 2689 Deum

1903 2736 2233 2789 arbitramur
2267 2735 2395 2788 :sed
2438 2733 2848 2802 persolvendum
2877 2732 2925 2785 ei
2971 2731 3204 2784 debitum
3242 2729 3472 2782 maxime

1903 2829 2142 2883 omnium
2186 2828 2572 2889 necessarium,
2617 2827 3010 2878 confessionem
3059 2824 3327 2886 videlicet,
3361 2839 3468 2891 qua

1904 2935 2026 2974 eum
2073 2920 2125 2971 id
2162 2935 2283 2973 esse
2327 2920 2468 2986 quod
2505 2929 2585 2971 est
2620 2920 2974 2972 confiteantur
3012 2918 3142 2970 :sed
3181 2933 3352 2986 neque
3383 2932 3470 2968 se-

1905 3015 2134 3066 cundum
2195 3013 2550 3081 privationem
2594 3025 2608 3064 :
2654 3011 2919 3079 siquidem
2969 3011 3299 3078 privationes
3350 3014 3476 3061 sunt

1907 3105 2238 3173 privationes
2265 3119 2451 3157 eorum
2483 3119 2602 3173 qua:
2634 3112 2759 3157 sunt
2807 3113 3027 3166 natura,
3065 3113 3296 3170 suntque
3323 3101 3478 3154 babi-

1909 3198 2050 3250 tibus
2082 3197 2431 3265 posteriores.
2463 3196 2570 3250 Cur
2604 3197 2770 3264 magis
2813 3197 2876 3250 de
2926 3195 3162 3262 ingenito
3202 3195 3313 3245 haec
3339 3191 3478 3244 aliir—

225 3284 383 3336 6ειαν
420 3285 688 3353 συνεργεῖ.
714 3281 804 3334 Διὸ
837 3282 942 3335 τῶν
972 3282 1171 3336 λοιπῶν
1207 3284 1324 3336 οὑδὲ
1362 3285 1648 3355 μέμνηται,
1681 3285 1801 3338 καί-

1909 3302 2056 3340 mare
2097 3288 2270 3350 decet,
2309 3302 2468 3356 quain
2528 3287 2591 3339 de
2641 3285 3129 3353 incorruptibili,et
3165 3284 3382 3336 omnino
3413 3283 3476 3336 de

225 3393 310 3432 τοι
343 3376 550 3447 μυρίων
581 3376 747 3428 ὄντων
773 3375 878 3428 τῶν
906 3376 1034 3446 περὶ
1063 3374 1196 3428 Θεοῦ
1231 3375 1554 3444 λεγομένων.

1909 3380 2148 3448 qualibet
2188 3396 2340 3441 voce,
2384 3395 2502 3448 qua:
2541 3381 2732 3431 eodem
2781 3381 2938 3432 modo
2986 3377 3340 3446 proferatur?
3370 3378 3476 3429 Sed

225 3472 376 3527 aliud
434 3471 566 3526 nihil
617 3472 664 3524 ei
715 3472 782 3524 ad
837 3472 1165 3538 impietatem
1237 3473 1510 3526 conducit.
1576 3472 1756 3538 Quare
1805 3489 1874 3526 ne
1916 3476 2158 3528 meminit
2208 3476 2422 3543 quidem
2486 3474 2858 3542 reliquorum,
2928 3473 3137 3526 etiamsi
3197 3471 3478 3524 innumera

225 3568 339 3622 sint
372 3581 490 3635 quae
522 3566 585 3620 de
626 3564 732 3619 Deo
753 3565 1024 3617 dicuntur.

304 3657 390 3710 10.
438 3658 589 3727 Ἔχει
625 3657 679 3710 δὲ
712 3655 902 3718 οὑτως.
945 3657 1038 3706 Ἓν
1075 3655 1173 3726 μὲν
1215 3654 1364 3707 οὐδέν
1400 3655 1546 3707 ἐστιν
1579 3654 1748 3724 ὄνομα
1781 3655 1808 3706 ὃ

229 3752 414 3802 πᾶσαν
447 3747 666 3819 ἐξαρκεῖ
690 3747 788 3818 τὴν
831 3745 923 3798 τοῦ
955 3745 1089 3798 Θεοῦ
1128 3745 1288 3814 φύσιν
1331 3745 1618 3816 περιλαϐὸν
1639 3785 1652 3807 ,
1691 3747 1808 3797 ἱκα-

229 3843 340 3906 νῶς
381 3841 724 3909 ὲξαγγεῖλαι-
767 3838 936 3891 πλείω
978 3839 1034 3890 δὲ
1095 3839 1184 3891 καὶ
1243 3838 1458 3892 ποικίλα
1503 3841 1624 3891 κατ’
1675 3838 1808 3890 ίδίαν

228 3935 463 3988 ἕκαστον
514 3931 817 4002 σημασίαν,
851 3930 1094 4001 ἀμυδρὰν
1141 3931 1238 4000 μὲν
1271 3931 1548 3994 παντελῶς
1588 3933 1679 3984 καὶ
1719 3949 1810 4000 μισ

229 4025 528 4098 κροτάτην,
551 4025 624 4086 ῶς
654 4023 789 4092 πρὸς
817 4024 875 4075 τὸ
897 4024 1036 4088 ὅλον,
1070 4026 1202 4094 ἡμῖν
1232 4040 1294 4091 γε
1331 4025 1436 4095 μὴν
1472 4023 1808 4095 ἐξαρκοῦσαν

230 4120 334 4190 τὴν
376 4119 580 4170 ἔννοιαν
626 4115 984 4187 συναθροίζει.
1031 4117 1117 4170 Ἐν
1165 4119 1342 4170 τοίνυν
1372 4121 1482 4180 τοῖς
1519 4119 1646 4188 περὶ
1677 4115 1808 4168 Θεοῦ

231 4211 550 4282 λεγομένοις
582 4212 830 4280 ὀνόμασι,
867 4211 934 4262 τὰ
976 4211 1072 4280 μὲν
1104 4210 1210 4263 τῶν
1242 4211 1550 4280 προσόντων
1593 4211 1669 4280 τῷ
1694 4210 1811 4280 Θεῴ

231 4302 511 4374 δηλωτικὰ
544 4304 677 4365 ἐστι,
707 4301 774 4353 τά
799 4300 854 4353 δὲ
879 4301 939 4352 τὸ
960 4300 1217 4362 ἐναντίον,
1244 4301 1352 4353 τῶν
1383 4300 1455 4371 μὴ
1478 4301 1806 4370 προσόντων.

249 4397 347 4449 Ἐκ
370 4395 464 4448 δύο
496 4395 605 4466 γάρ
637 4394 840 4448 τούτων
865 4394 1027 4447 οἱονεὶ
1059 4395 1344 4464 χαρακτήρ
1381 4411 1462 4456 τις
1498 4395 1626 4463 ἡμῖν
1663 4393 1812 4459 ἐγγί-

233 4507 386 4543 νεται
413 4488 505 4540 τοῦ
528 4488 682 4552 Θεοῦ,
717 4487 777 4540 ἔκ
807 4504 866 4539 τε
898 4488 995 4558 τῆς
1033 4487 1140 4538 τῶν
1173 4487 1622 4557 ἁπεμφαινόντων
1658 4488 1815 4558 ἀρνή-

236 4603 378 4648 σεως
404 4587 497 4637 καὶ
544 4587 609 4636 ἐκ
644 4584 742 4652 τῆς
771 4583 876 4636 τῶν
921 4584 1268 4652 ὑπαρχόντων
1317 4579 1623 4651 ὁμολογίας.
1667 4576 1811 4641 υἷον,

234 4679 368 4732 ὅταν
415 4675 686 4748 ἄφθαρτον
742 4675 1113 4744 ὀνομάζωμεν,
1163 4674 1387 4743 δυνάμει
1435 4672 1544 4743 (65)
1587 4671 1815 4740 λέγομεν

239 4774 456 4834 ἑαυτοῖς
502 4771 533 4841 ἢ
578 4773 688 4831 τοῖς
738 4769 1043 4831 ἀκούουσιν,
1079 4768 1160 4818 ὅτι
1217 4767 1308 4835 Μὴ
1353 4766 1463 4818 οἵου
1509 4763 1682 4833 φθορᾷ
1728 4763 1816 4814 τὸν

239 4865 378 4917 Θεὸν
407 4863 760 4916 ὑποκεῖσθαι·
800 4862 892 4913 καὶ
921 4861 1047 4912 ὅταν
1080 4859 1326 4928 ἀόρατον,
1371 4858 1452 4909 ὅτι
1489 4857 1577 4925 Μὴ
1617 4855 1816 4907 ὑπολά-

1978 3654 2066 3709 10.
2110 3653 2277 3706 Habet
2308 3661 2483 3705 autem
2534 3667 2592 3705 se
2640 3666 2724 3702 res
2759 3651 2862 3702 hoc
2914 3647 3089 3699 modo.
3123 3645 3333 3697 Nullum
3361 3644 3480 3713 qui‘

1908 3749 2028 3804 dem
2063 3763 2255 3801 nomen
2292 3755 2375 3799 est
2415 3745 2554 3814 quod
2600 3753 2763 3796 totam
2813 3741 2906 3794 Dei
2942 3748 3186 3792 naturam
3239 3737 3480 3806 comple-

1911 3856 2056 3903 xum,
2097 3851 2178 3892 sat
2208 3853 2325 3892 eam
2367 3836 2535 3905 possit
2580 3835 2869 3889 enuntiare
2911 3848 2922 3882 :
2960 3831 3112 3898 plura
3137 3844 3264 3882 vero
3305 3838 3359 3880 et
3387 3843 3481 3878 va-

1912 3929 2010 3993 ria,
2045 3927 2254 3997 singula
2308 3928 2358 3980 in
2417 3926 2627 3994 propria
2689 3922 3122 3990 signiﬁcatione,
3184 3917 3479 3969 obscuram

1911 4024 2126 4092 quidem
2177 4020 2396 4073 omnino
2427 4027 2480 4070 et
2523 4032 2782 4085 perquam
2837 4013 3109 4081 exiguam,
3139 4011 3182 4064 si
3217 4026 3335 4062 cum
3374 4019 3484 4061 toto

1912 4121 2271 4182 comparetur,
2299 4111 2449 4164 nobis
2469 4120 2646 4162 tamen
2675 4107 3046 4168 suilicieutem,
3078 4101 3481 4171 intelligentiam

1913 4213 2230 4275 congerunt.
2269 4203 2452 4271 Itaque
2481 4203 2620 4253 inter
2667 4199 2880 4251 nomina
2917 4211 2975 4249 ea
3012 4210 3131 4263 qua:
3170 4196 3235 4246 de
3270 4195 3374 4246 Deo
3403 4193 3486 4244 di~

1913 4311 2126 4364 cuntur,
2171 4298 2345 4365 aliqua
2398 4295 2700 4363 signiﬁcant
2739 4306 2857 4358 qiue
2894 4289 3001 4341 Deo
3036 4290 3216 4340 insunt
3253 4301 3265 4336 :
3305 4283 3482 4349 aliqua

1913 4407 2041 4445 vero
2106 4390 2411 4443 econtrario
2457 4387 2697 4439 indicant
2745 4397 2863 4450 qua:
2913 4385 2959 4434 ei
3001 4397 3107 4432 non
3164 4378 3369 4430 insunt.
3400 4374 3478 4425 Ex

1915 4485 1999 4538 bis
2031 4483 2172 4536 enim
2225 4481 2452 4543 duolms,
2494 4487 2547 4531 et
2599 4493 2662 4528 ex
2714 4488 2898 4526 eormn
2951 4486 3068 4550 qua:
3141 4469 3484 4520 dissentanea

1915 4588 2038 4631 sunt
2071 4576 2375 4644 negatione,
2407 4583 2460 4624 et
2490 4588 2553 4623 ex
2585 4584 2772 4622 eorum
2807 4579 2927 4634 qua:
2973 4565 3167 4616 adsunt
3199 4558 3487 4613 confessio—

1917 4686 2005 4733 ne,
2045 4668 2189 4722 velut
2230 4665 2445 4734 quidam
2501 4663 2593 4715 Dei
2629 4663 2912 4714 character
2944 4654 3097 4708 nobis
3138 4649 3484 4720 imprimitur.

1918 4761 2160 4829 Exempli
2207 4773 2391 4821 causa,
2426 4771 2547 4807 cum
2604 4748 3070 4818 incurruptibilem
3126 4743 3485 4804 nominamus,

1919 4855 2060 4907 idem
2099 4851 2328 4903 facimus
2363 4862 2426 4899 ac
2459 4847 2500 4899 si
2533 4843 2776 4898 dicamus
2810 4851 2900 4891 aut
2940 4836 3093 4889 nobis
3124 4834 3254 4904 ipsis
3280 4840 3372 4884 aut
3397 4846 3485 4882 au-

241 4957 346 5031 6ης
393 4955 554 5010 αὑτὸν
607 4957 672 5025 τῇ
707 4953 794 5007 διὰ
827 4953 932 5004 τῶν
988 4950 1160 5020 ὄψεων
1195 4949 1442 5020 αἰσθήσει
1473 4947 1802 5016 καταλαμϐά-

1920 4943 2194 5000 dientibus
2224 4959 2238 4996 :
2271 4939 2416 4994 Cave
2447 4947 2600 5006 putes
2621 4935 2785 4988 Deum
2811 4929 3087 4998 subiacere
3116 4923 3485 4994 corruptioni:

320 5135 433 5208 (ὅθ)
467 5135 600 5208 Reg.
633 5133 832 5208 tertius
854 5131 1067 5200 γένεσιν
1100 5127 1267 5198 αὐτῷ.
1298 5125 1439 5180 Editi
1479 5134 1530 5178 et
1563 5125 1652 5177 alii
1689 5139 1817 5177 mss.

241 5204 499 5280 iit-5M“:
521 5204 686 5280 αὺτῷς
813 5272 886 5280 --
1004 5270 1101 5280 ..
1454 5275 1464 5280 _
1603 5265 1654 5280 ..

319 5266 432 5349 (65)
461 5277 598 5330 Editi
625 5266 826 5327 δύναιτ’
862 5272 926 5326 ἂν
959 5271 1038 5324 τό.
1076 5270 1144 5323 At
1175 5283 1305 5322 mss.
1342 5275 1572 5336 quatuor
1598 5266 1821 5317 δύναται

278 5369 326 5404 0.

278 5369 294 5392 1

241 5369 437 5487 Ἠίϐιι)
467 5416 605 5470 Editi
659 5413 802 5487 κατά
840 5414 938 5484 τὴν
990 5411 1266 5487 στέρησιν.
1296 5407 1573 5487 Articulus
1606 5405 1655 5457 in
1687 5418 1819 5487 mss.

247 5474 358 5545 non
394 5478 688 5542 invenitur.
739 5474 917 5552 Neque
962 5474 1247 5535 secundum
1276 5479 1670 5552 privationem.
1715 5474 1824 5552 lloc

246 5573 352 5622 est,
382 5547 958 5626 quemmlmoduuinon
977 5562 1238 5626 putamus
1272 5551 1431 5603 Deum
1457 5547 1820 5626 decorandum

247 5617 372 5685 esse
403 5617 498 5698 per
526 5627 884 5698 privationem
921 5638 934 5674 :
975 5625 1042 5674 ita
1078 5637 1180 5698 non
1219 5631 1480 5698 putandis
1507 5632 1628 5698 eu-m
1663 5617 1820 5698 deco-

248 5685 478 5752 randdm
504 5685 625 5751 esse
655 5696 1070 5766 perlmn‘iauntn
1086 5685 1698 5766 intelligendimodum;
1749 5685 1818 5734 Ea

253 5773 422 5841 igitur
451 5757 667 5822 videtur
697 5764 864 5841 fuisse
910 5778 1060 5841 ureris
1086 5757 1354 5841 Ειιιιοηξὶίε
1389 5758 1544 5810 aliter
1571 5757 1820 5840 iudican-

252 5826 378 5895 dinn
421 5853 540 5893 esse
571 5841 639 5891 de
683 5836 902 5891 vocibus
939 5831 1233 5902 ἄφθαρτος,
1261 5830 1542 5895 ἀθάνατος,
1567 5826 1818 5896 ἀόρατος,

1923 5122 2084 5176 aliter
2120 5120 2186 5173 de
2215 5132 2350 5172 voce
2371 5116 2713 5186 ἀγέννητοςη
2739 5111 2826 5164 Illa
2862 5109 3005 5164 enim
3035 5105 3297 5186 privativa
3345 5105 3488 5186 sunt,

1924 5209 2044 5244 cum
2075 5206 2183 5259 prie
2209 5205 2266 5242 se
2301 5178 2658 5259 privationem
2693 5185 2886 5243 ferant,
2929 5178 3490 5259 corruptionis-umor:

1928 5265 2017 5326 tis,
2050 5252 2196 5313 visus
2243 5275 2256 5311 :
2301 5252 2393 5311 sed
2431 5258 2531 5311 boc
2571 5256 2674 5307 tale
2699 5270 2802 5307 non
2841 5262 3094 5326 est,_cum
3137 5252 3486 5326 privationem

1927 5318 2031 5386 non
2064 5331 2285 5391 indicet,
2313 5329 2406 5381 sed
2439 5330 2604 5396 ipsam
2638 5335 2885 5396 naturam
2917 5319 3154 5396 divinam
3174 5318 3485 5396 ροιιδιίιιιιιιΣ

1927 5383 2316 5469 Argumentum
2359 5383 2544 5469 autem
2574 5396 2701 5469 illud
2736 5390 2984 5469 Eunomii
3014 5402 3177 5469 quam
3209 5383 3323 5436 leve
3345 5383 3414 5434 sit
3437 5388 3490 5431 et

1926 5463 2102 5530 futile,
2129 5487 2193 5523 ex
2225 5469 2407 5523 Basilii
2440 5467 2616 5520 verbis
2641 5463 2871 5531 perspici
2904 5467 3094 5526 potest.
3449 5516 3462 5527 .

2003 5543 2115 5613 (65)
2144 5542 2295 5603 Illud,
2325 5538 2573 5607 δυνάμει,
2605 5537 2694 5604 qui
2729 5537 2798 5586 ita
2832 5532 3302 5613 interpretaretur,-
3326 5533 3491 5613 (rgias-I-

1929 5587 2208 5682 poileulter,
2242 5587 2380 5682 bene
2410 5587 2761 5682 qtiidetnl‘rem
2795 5603 3364 5682 expressurutpfpntp‘,
3397 5587 3488 5682 sed

2631 5675 2772 5729 infra
2805 5657 2936 5726 mss.
2964 5663 3200 5721 nonnulli
3219 5657 3367 5733 μηδὲ
3394 5657 3491 5726 ἀρ-

1927 5755 2045 5825 xii;-
