3978 6410
502 373 608 428 5355

1911 369 2157 426 BASILII
2201 367 2415 424 MAGNI

3648 361 3764 417 556

503 492 697 536 etcum
744 481 1064 534 invisibilem
1097 499 1108 534 :
1143 480 1220 535 Ne
1259 481 1656 535 existimaveris
1686 480 1856 549 ipsum
1887 481 2072 536 oeulo-

2189 480 2368 533 νεσθαι
2389 495 2404 512 ο
2442 478 2532 532 καὶ
2554 479 2680 530 ὅταν
2708 478 2993 539 ἀθάνατον,
3020 477 3101 529 ὅτι
3129 475 3351 546 Μήποτε
3379 475 3576 543 οἰηθῇς
3603 476 3766 530 θάνω

507 592 622 630 rum
663 589 822 630 sensu
873 575 1251 644 cotnprehendi
1287 583 1381 627 :et
1404 590 1526 629 cum
1562 575 1939 635 iuunortalem,
1964 574 2074 629 Ab-

505 670 574 722 sit
605 679 660 719 ut
693 681 928 733 unquam
987 669 1177 721 credas
1229 677 1457 721 mortem
1517 668 1624 720 Deo
1661 669 1906 721 accidere
1937 685 1950 718 :
1984 668 2074 721 Sic

506 759 669 827 igitur
695 768 743 811 et
775 773 893 812 cum
923 759 1235 826 ingenitum,
1276 757 1351 810 Ne
1387 759 1667 813 arbitreris
1686 774 1753 811 ex
1779 759 1881 812 ulla
1915 774 2074 812 causa

506 860 598 904 aut
650 851 914 920 principio
959 850 1330 905 exsisteutiam
1390 851 1478 906 Dei
1518 851 1838 920 dependere.
1903 852 1968 906 Et
2017 861 2076 905 ιιι

504 944 668 996 verbo
693 943 890 1006 dicam,
919 959 983 996 ex
1018 959 1343 1012 unoquoque
1371 944 1564 997 horum
1601 946 1879 1009 docemur,
1921 953 1978 998 ut
2011 958 2076 998 ne

507 1033 560 1087 in
604 1035 879 1088 indecoras
907 1036 1199 1089 sententias
1224 1036 1526 1090 incidamus
1558 1046 1690 1103 tum,
1725 1054 1846 1092 cum
1872 1039 1935 1091 de
1968 1038 2076 1092 Deo

505 1125 780 1194 quidpiam
815 1127 1131 1194 cogitamus.
1164 1125 1348 1195 Itaque
1379 1136 1435 1179 ut
1462 1128 1791 1197 praecipuam
1827 1129 1916 1182 Dei
1953 1145 2075 1198 pro-

505 1217 786 1286 prietatem
837 1233 1247 1287 cOgnoscamus,
1276 1217 1413 1272 alter
1443 1219 1621 1282 alteri,
1671 1234 1792 1274 cum
1847 1220 1913 1274 de
1967 1221 2076 1274 Deo

504 1323 684 1363 sermo
729 1309 974 1370 habetur.
1011 1309 1387 1364 interdicimus
1428 1325 1492 1364 ne
1537 1311 1864 1381 cOgitatione
1905 1314 1970 1366 ad
2011 1328 2073 1367 ea

503 1415 622 1468 quae
672 1418 772 1452 non
816 1396 1031 1470 opm-tet
1071 1402 1398 1470 deferamur,
1449 1419 1514 1458 ne
1554 1420 1788 1473 unquam
1831 1406 2076 1460 homines

502 1501 694 1560 putent
735 1493 900 1546 Deum
935 1508 1056 1547 esse
1086 1494 1379 1562 quidquam
1411 1496 1782 1564 corruptibile,
1808 1511 1901 1552 aut
1941 1501 2074 1552 visi-

502 1583 630 1645 bile.
663 1593 754 1637 aut
790 1594 1124 1654 generatum.
1154 1585 1332 1651 Quare
1366 1602 1462 1654 per
1492 1588 1673 1641 omnia
1731 1590 1845 1643 haec
1892 1593 2074 1658 prohi-

503 1675 697 1729 bitoria
729 1677 964 1740 nomina,
998 1677 1113 1742 ejus
1151 1679 1292 1746 quod
1325 1679 1560 1734 alienum
1591 1691 1674 1735 est
1709 1683 1767 1736 ﬁt
1796 1683 1950 1752 quasi
1981 1700 2076 1737 ne-

503 1769 648 1838 gatio
674 1769 939 1836 qumdam,
975 1769 1101 1822 dum
1138 1771 1344 1839 singula
1403 1773 1740 1841 distinguens
1788 1791 1939 1829 mens
1984 1791 2078 1828 no-
2115 1814 2131 1841 _.

504 1869 636 1925 stra,
677 1875 864 1913 eorum
890 1875 1009 1929 quae
1043 1861 1092 1912 in
1129 1861 1236 1916 Deo
1267 1878 1369 1916 non
1396 1865 1578 1918 insunt
1606 1865 1889 1934 opiniones
1918 1867 2077 1936 223
2115 1835 2152 1888 Β

504 1952 673 2006 exuit.
706 1952 869 2004 Deum
907 1969 1099 2008 rursus
1143 1956 1338 2008 bonum
1387 1956 1644 2018 dicimus.
1682 1967 1735 2011 et
1781 1959 2082 2024 justum,et

505 2053 834 2107 creatorem,
883 2053 938 2097 et
978 2045 1236 2112 judicem,
1281 2047 1495 2115 aliaque
1521 2049 1846 2117 huiusmodi.
1880 2049 2080 2115 Quem-

510 2133 800 2187 admodum
851 2134 1013 2204 igitur
1054 2136 1106 2189 iu
1154 2137 1260 2191 illis
1303 2139 1386 2192 ba:
1430 2154 1589 2193 voces
1647 2141 2080 2208 reprobationem

507 2226 816 2291 quamdam,
849 2241 913 2279 ac
939 2227 1370 2283 interdictionem
1398 2230 1773 2298 signiﬁcabant
1799 2234 2079 2288 notionum

507 2330 536 2366 a
583 2314 689 2369 Deo
736 2316 1076 2371 alienarum:
1115 2319 1185 2371 ita
1235 2320 1322 2374 hic
1373 2321 1697 2388 positionem
1734 2333 1788 2376 et
1837 2333 2081 2377 naturam

507 2421 690 2460 eorum
737 2423 855 2476 quae
901 2412 1113 2481 propria
1156 2412 1246 2466 Dei
1286 2422 1431 2475 sunt,
1482 2417 1976 2486 convenienterque
2031 2419 2082 2472 in

508 2512 571 2553 eo
631 2501 1060 2566 considerantur,
1112 2502 1436 2572 signiﬁcant.
1500 2504 1686 2574 itaque
1743 2523 1809 2562 ex
1857 2516 2086 2577 utroque

508 2588 920 2657 appellationum
977 2606 1172 2660 genere
1241 2593 1513 2656 docemur,
1567 2607 1659 2649 aut
1731 2596 1799 2651 de
1834 2598 1916 2652 his
1966 2615 2086 2667 qua:

509 2681 724 2743 adsunt,
761 2681 902 2748 quod
931 2681 1109 2735 adsint
1139 2698 1153 2736 :
1187 2692 1277 2736 aut
1312 2683 1378 2737 de
1425 2685 1511 2738 his
1553 2702 1672 2756 qua:
1703 2688 1915 2750 absunt,
1944 2693 2086 2757 quod

511 2768 705 2822 absint.
740 2768 849 2823 Vox
897 2781 1073 2823 autem
1117 2772 1404 2839 ingenitum
1451 2787 1512 2826 ea
1572 2791 1691 2844 quae
1742 2792 1846 2832 non
1892 2777 2085 2832 adsunt

510 2860 821 2928 signiﬁcat:
869 2863 1068 2916 indicat
1122 2865 1265 2916 enim
1337 2865 1444 2918 Deo
1512 2869 1914 2932 generationem
1980 2887 2084 2925 non

511 2951 716 3003 adesse.
755 2949 867 3005 lloc
893 2963 1070 3005 autem
1123 2955 1238 3008 sive
1287 2955 1408 3022 quis
1457 2958 1831 3025 privationem,
1862 2962 1974 3015 sive
2007 2963 2086 3015 iu-

512 3042 907 3104 terdictionem.
935 3045 1048 3097 sive
1075 3046 1440 3114 negatiooem,
1473 3048 1586 3101 sive
1617 3049 1743 3117 quid
1778 3050 2083 3119 hujusmodi

2175 590 2264 625 τον
2298 571 2681 643 προσγίνεσθαι
2705 571 2782 641 τῷ
2809 570 2947 640 Θεῷ.
2977 569 3132 622 Οὕτω
3147 568 3210 638 δὴ
3238 569 3329 620 καὶ
3358 569 3488 620 ὅταν
3524 567 3762 636 ἀγέννη-

2173 682 2286 730 τον,
2341 666 2422 717 ὃτι
2472 663 2759 733 Μηδεμιᾶς
2809 662 2988 725 αίτίας
3037 664 3170 732 μήτε
3220 660 3394 731 ἀρχῆς
3426 659 3669 727 ὲξῆφθαι
3702 661 3762 712 τὸ

2176 753 2315 810 εἶναι
2341 755 2434 809 τοῦ
2455 755 2590 809 Θεοῦ
2612 755 2858 827 νομίσῃς.
2890 756 2998 808 Καὶ
3020 754 3176 818 ὅλως,
3205 753 3260 818 ἐξ
3283 754 3521 805 ἑκάστου
3551 750 3763 804 τούτων

2175 847 2535 919 διδασκόμεθα
2590 847 2660 919 μὴ
2699 849 2776 909 είς
2831 847 3096 917 ἀπρεπεῖς
3147 844 3354 906 ἐννοίας
3380 844 3441 895 ὲν
3466 845 3591 905 ταῖς
3626 844 3763 911 περὶ

2174 939 2308 994 Θεοῦ
2353 939 2650 1010 ὑπολήψεσι
2689 937 3068 992 καταπίπτειν.
3107 935 3314 988 Οὐκοῦν
3341 936 3429 987 ἵνα
3454 934 3518 986 τὸ
3542 934 3762 1004 ἐξαίρε-

2173 1047 2264 1083 τον
2299 1030 2487 1100 ἰδίωμα
2521 1029 2615 1084 τοῦ
2660 1029 2794 1082 Θεοῦ
2829 1029 3158 1098 ὲπιγνῶμεν,
3200 1025 3626 1098 ἀπαγορεύομεν
3663 1026 3763 1078 ἀλ-

2175 1121 2354 1192 λήλοις
2403 1123 2460 1174 ὲν
2489 1124 2599 1184 τοῖς
2624 1121 2752 1191 περ).
2780 1119 2914 1173 Θεοῦ
2953 1119 3149 1186 λόγοις,
3184 1119 3257 1189 μὴ
3291 1119 3633 1186 καταφέρειν
3660 1118 3763 1179 τὰς

2174 1213 2409 1277 διανοίας
2449 1214 2558 1282 (66)
2588 1216 2667 1276 είς
2703 1213 2738 1267 ἃ
2782 1213 2855 1284 μὴ
2890 1212 2988 1274 δεῖ,
3026 1212 3113 1266 ἴνα
3166 1213 3371 1282 μήποτε
3407 1210 3672 1279 οἰηθῶσιν
3704 1207 3763 1260 ἓν

2174 1309 2281 1362 τῶν
2313 1307 2588 1379 φθαρτῶν.
2619 1307 2650 1377 ἢ
2691 1307 2747 1359 ἓν
2783 1305 2889 1358 τῶν
2922 1303 3150 1373 ὁρατῶν,
3184 1303 3216 1373 ἢ
3250 1303 3307 1355 ἓν
3335 1303 3442 1355 τῶν
3473 1301 3763 1371 γεννητῶν

2175 1404 2262 1456 τὸν
2293 1403 2422 1456 Θεὸν
2470 1400 2730 1471 ὑπάρχειν
2778 1400 2826 1452 οἱ
2858 1397 3150 1468 ἄνθρωποι.
3195 1397 3356 1448 Ὥστε
3409 1397 3497 1448 διὰ
3549 1394 3763 1447 τούτων

2175 1511 2238 1562 γε
2281 1493 2394 1562 (67)
2452 1491 2702 1545 ἁπάντων
2751 1488 2858 1542 τῶν
2917 1486 3379 1559 ἀπηγορευμένων
3445 1488 3758 1557 ὀνομάτων,

2174 1587 2334 1639 οἱονεὶ
2364 1583 2670 1656 ἀπάρνησίς
2714 1583 2797 1646 τίς
2839 1582 2953 1633 ἐστι
3001 1578 3095 1632 τοῦ
3125 1579 3428 1650 ἀλλοτρίου,
3465 1579 3762 1648 διαρθρου-

2179 1679 2344 1749 μένης
2367 1677 2524 1747 ἡμῶν
2547 1677 2644 1745 τῆς
2676 1673 2927 1735 διανοίας,
2960 1672 3055 1725 καὶ
3083 1670 3180 1734 τὰς
3217 1673 3347 1742 περὶ
3390 1670 3504 1740 (68)
3538 1671 3648 1723 τῶν
3686 1673 3762 1742 μὴ

2179 1768 2486 1840 προσόντων
2529 1765 2676 1835 αὐτῷ
2723 1763 3017 1834 ὑπολήψεις
3081 1761 3496 1833 ἀποτιθεμένης.
3559 1763 3760 1824 Πάλιν,

2179 1859 2378 1926 ἀγαθὸν
2418 1857 2646 1928 λέγομεν
2689 1855 2778 1908 τὸν
2809 1855 2959 1918 Θεὸν,
2995 1853 3088 1906 καὶ
3109 1852 3334 1914 δίκαιον,
3365 1855 3458 1906 καὶ
3495 1855 3756 1924 δημιουρ-

2180 1950 2274 2018 γὸν
2296 1991 2309 2012 ,
2340 1951 2432 2003 καὶ
2468 1948 2681 2021 κριτὴν,
2712 1949 2804 2000 καὶ
2830 1947 2964 2001 ἄλλα
2983 1947 3082 1999 ὃσα
3112 1945 3356 2000 τοιαῦτα.
3393 1947 3485 2008 Ὠς
3517 1943 3620 1999 οὖν
3649 1947 3763 2015 (69)

2181 2043 2268 2094 ἐπ’
2302 2042 2523 2095 ἐκείνων
2549 2040 2800 2110 ἀθέτησιν
2831 2055 2951 2092 τινα
2991 2038 3084 2092 καὶ
3113 2039 3484 2108 ἀπαγόρευσιν
3525 2038 3641 2090 τῶν
3673 2039 3764 2090 ἀ).-

2181 2133 2407 2204 λοτρίων
2465 2132 2560 2186 τοῦ
2609 2130 2741 2185 Θεοῦ
2805 2132 3098 2200 ἐσήμαινον
3133 2132 3189 2183 al
3246 2132 3442 2199 φωναὶ,
3478 2131 3660 2193 οὕτως
3690 2134 3764 2182 ἐν-

2182 2228 2355 2281 ταῦθα
2411 2227 2558 2280 θέσιν
2603 2227 2695 2280 καὶ
2746 2225 2978 2293 ὕπαρξιν
3024 2225 3130 2277 τῶν
3161 2225 3373 2279 οἰκείων
3404 2225 3485 2295 τῷ
3513 2225 3641 2296 Θεῷ
3673 2229 3761 2279 καὶ

2185 2320 2501 2392 πρεπόντως
2526 2319 2653 2389 περὶ
2676 2317 2833 2370 αὑτὸν
2855 2317 3238 2388 θεωρουμένων
3263 2319 3757 2387 ἀποσημαίνουσιν.

2196 2413 2291 2466 Ἐκ
2337 2413 2514 2465 τοίνυν
2574 2410 2830 2479 ἑκατέρου
2877 2408 2971 2461 τοῦ
3025 2407 3194 2470 εἴδους
3239 2407 3346 2460 τῶν
3373 2409 3762 2480 προσηγοριῶν

2184 2504 2565 2575 διδασκόμεθα,
2595 2503 2628 2574 ἢ
2663 2501 2915 2573 περὶτῶν
2950 2501 3274 2572 προσόντων,
3316 2502 3397 2554 ὅτι
3444 2502 3759 2572 πρόσεστιν,

2185 2597 2373 2668 ἢπερ).
2422 2597 2530 2648 τῶν
2567 2596 2639 2666 μὴ
2669 2595 3007 2665 προσόντων,
3039 2593 3118 2646 ὃτι
3156 2593 3229 2664 μὴ
3273 2594 3557 2664 πρόσεστι.
3607 2595 3679 2646 Τό
3704 2611 3758 2660 γε

2189 2691 2294 2763 μὴν
2315 2689 2648 2758 ἀγέννητον
2674 2687 2778 2739 τῶν
2805 2687 2876 2756 μὴ
2907 2685 3215 2756 προσόντων
3248 2685 3364 2737 ἐστὶ
3393 2685 3756 2754 σημαντικόν·

2185 2782 2334 2854 δηλοῖ
2371 2780 2475 2852 γὰρ
2499 2779 2559 2831 τὸ
2607 2778 2679 2848 μὴ
2707 2779 2984 2848 προσεῖναι
3025 2775 3276 2844 γέννησιν
3319 2774 3396 2845 τῷ
3428 2775 3572 2845 Θεῷ.
3601 2775 3761 2828 Τοῦτο

2185 2874 2242 2926 δὲ
2273 2873 2380 2925 εἴτε
2409 2869 2780 2941 ἀφαιρετικὸν,
2820 2868 2926 2920 εἴτε
2949 2867 3431 2939 ἁπαγορευτικὺνῆ
3468 2868 3762 2937 ἀρνητικόν

2185 2982 2238 3018 τι
2285 2961 2523 3016 τοιοῦτον
2558 2958 2794 3029 βούλοιτό
2848 2975 2932 3021 τις
2974 2956 3398 3027 προσαγορεύειν
3421 2997 3435 3018 ,
3468 2959 3531 3008 οὐ
3570 2957 3760 3010 διοισό-

2191 3055 2351 3126 μεθα.
2381 3055 2502 3106 Ὅτι
2548 3051 2606 3103 δὲ
2631 3051 2692 3103 οὐ
2719 3048 2824 3102 τῶν
2851 3048 3204 3119 ὑπαρχόντων
3231 3045 3308 3099 τῶ
3340 3047 3460 3117 Θεῷ
3497 3064 3760 3117 σημαντι-

514 3133 787 3203 appellare
827 3135 1075 3198 voluerit,
1111 3137 1249 3189 haud
1281 3140 1688 3193 coutendemus.
1727 3139 1878 3206 Quod
1906 3154 2083 3197 autem

2189 3146 2282 3198 κόν
2341 3147 2456 3198 ἐστι
2502 3141 2562 3195 τὸ
2597 3141 2918 3211 ἀγέννητον,
2956 3139 3264 3209 ἀρκούντως
3295 3135 3447 3208 οἶμαι.
3473 3138 3762 3210 δηλοῦσθαι

515 3225 644 3278 nihil
677 3242 862 3280 eorum
901 3242 1019 3295 quae
1052 3227 1104 3281 in
1157 3227 1264 3282 Deo
1297 3230 1480 3284 insunt
1528 3233 1798 3302 signiﬁcet
1859 3234 2083 3303 ingeniti

514 3333 638 3378 vox,
675 3333 737 3371 ex
768 3318 878 3386 jam
918 3319 1077 3374 dictis
1118 3322 1252 3374 satis
1292 3321 1622 3376 declaratum
1672 3339 1790 3378 esse
1830 3335 1976 3393 puto.
2012 3327 2083 3381 At

515 3409 811 3461 substantia
851 3425 954 3464 non
1001 3420 1080 3464 est
1129 3412 1418 3482 quidquam
1465 3430 1654 3468 eorum
1701 3432 1820 3484 quae
1853 3433 1957 3470 non
1990 3418 2085 3471 ad-

515 3508 683 3553 sunt:
711 3499 808 3553 sed
845 3509 929 3554 est
977 3501 1149 3568 ipsum
1203 3518 1314 3555 esse
1350 3503 1467 3568 Dei,
1517 3504 1659 3570 quod
1697 3505 1838 3556 inter
1875 3519 1936 3559 ea
1964 3521 2084 3573 quae

519 3604 623 3643 non
643 3599 786 3654 sunt,
813 3605 1188 3657 annumerare,
1219 3609 1441 3647 summae
1470 3593 1716 3647 amentiae
1739 3603 1840 3647 est.
1874 3593 2082 3648 Etenim

522 3683 566 3737 si
603 3685 899 3738 substantia
947 3687 999 3738 iu
1047 3701 1273 3739 numero
1303 3703 1490 3740 eorum
1530 3701 1649 3755 quae
1688 3703 1791 3741 non
1829 3697 1973 3748 sunt.
2009 3689 2079 3740 lo.

517 3785 690 3841 catur,
717 3775 880 3828 multo
900 3777 1230 3830 minusaliud
1261 3777 1531 3847 quidpiam
1557 3794 1741 3832 eorum
1763 3796 1880 3848 qute
1900 3781 1964 3834 de
1984 3779 2090 3832 Deo

518 3867 788 3933 dicuntur,
823 3867 1002 3922 fuerit.
1044 3860 1473 3924 Demonstratum
1511 3879 1594 3925 est
1647 3880 1850 3933 autem,
1881 3871 2090 3941 ingeni-

517 3960 554 4012 ti
581 3975 764 4013 vocem
788 3961 926 4013 inter
942 3978 1002 4014 ca
1025 3978 1264 4030 quaenou
1296 3963 1508 4027 adsunt,
1536 3964 1839 4026 numerari;
1867 3964 2089 4017 mendax

517 4059 599 4104 est
634 4050 796 4117 igitur
825 4052 914 4119 qui
949 4053 1046 4105 hac
1071 4069 1196 4107 voce
1221 4055 1575 4108 substantiam
1607 4053 1894 4120 signiﬁcari
1919 4065 2088 4123 putat.

593 4143 680 4195 ll.
721 4142 792 4196 At
823 4159 951 4196 vero
986 4145 1282 4199 Eunomius
1316 4147 1519 4215 aliquid
1555 4148 1620 4198 de
1649 4147 1754 4198 Deo
1796 4150 2088 4200 secundum

521 4237 876 4306 privationem
919 4237 1022 4290 dici
1053 4255 1194 4307 aegre
1231 4239 1432 4301 ferens,
1467 4251 1720 4307 tauquam
1750 4239 1793 4294 si
1830 4256 1915 4292 res
1944 4249 2090 4294 esset

523 4325 774 4391 absurda,
821 4327 886 4382 ad
927 4327 1317 4398 religiosiorem
1352 4327 1559 4382 scilicet
1600 4327 1927 4381 sententiam
1959 4343 2090 4380 con-

597 4506 706 4575 (66)
745 4508 1017 4574 Scriptum
1065 4508 1117 4560 in
1174 4509 1416 4573 margine.
1453 4509 1584 4574 Reg.
1635 4511 1808 4576 quarti
1859 4509 2088 4572 ἐννοίας.

527 4576 721 4649 Statim
759 4578 897 4649 idem
926 4580 1093 4632 codex
1134 4582 1342 4648 μήποτε
1369 4580 1638 4649 οἰηθῶμεν
1671 4583 1761 4632 sed
1795 4581 1922 4632 illud
1953 4581 2094 4646 quod

527 4647 686 4720 paulo
712 4660 832 4716 post
854 4648 1069 4717 legitur,
1098 4647 1145 4701 oi
1172 4647 1469 4720 ἅνθρωποι,
1503 4647 1568 4703 eo
1614 4652 1668 4702 in
1716 4653 1903 4704 codice
1938 4653 2096 4703 omit-

529 4717 676 4770 titur.

601 4787 710 4855 (67)
744 4787 944 4858 Yocula
976 4806 1038 4856 γε
1071 4789 1122 4840 in
1155 4791 1344 4854 majori
1379 4803 1530 4858 parte
1563 4806 1692 4844 mss.
1725 4791 1898 4844 deest.

602 4860 711 4926 (68)
747 4857 903 4922 lllud,
931 4859 1151 4923 καὶτὰς
1185 4861 1332 4929 περί,
1370 4857 1499 4922 ete.,
1538 4863 1603 4914 ad
1650 4863 1869 4915 verbum
1901 4863 1979 4914 sic
2015 4862 2097 4912 in-

534 4931 945 4991 tcrpretabere:
995 4941 1040 4983 et
1075 4934 1282 4994 deponit
1339 4934 1604 5000 opiniones
1639 4949 1810 4985 rerum
1840 4949 1956 5001 qua,
1991 4931 2097 4984 Deo

533 5017 634 5053 non
658 5000 870 5052 adsunt.

605 5069 716 5137 (69)
745 5070 1068 5130 lltecverba,
1100 5071 1185 5134 Ὠς
1204 5070 1318 5136 οῦν,
1351 5083 1479 5132 etc..
1509 5074 1586 5127 sic
1610 5073 1807 5126 debent
1835 5072 2053 5136 intelligi
2081 5088 2093 5121 :

537 5141 990 5212 quemadmodum
1033 5147 1245 5197 nomina
1280 5146 1565 5212 privativa,
1593 5144 1767 5212 qualia
1802 5156 1926 5195 sunt
1958 5143 2098 5194 indi-

531 5210 752 5271 visibile,
776 5210 1185 5280 incorruptilvile.
1215 5210 1342 5272 etc..
1381 5210 1660 5267 removent
1685 5229 1711 5265 a
1754 5215 1860 5264 Deo
1891 5214 2097 5281 cogita-

535 5283 710 5334 tiones
733 5281 992 5346 quasdam
1037 5301 1051 5337 :
1093 5286 1163 5336 ita
1212 5302 1274 5338 ea
1311 5287 1524 5337 nomina
1577 5301 1695 5351 qua!
1742 5286 2098 5349 privationem

535 5367 639 5404 non
671 5351 981 5416 praeferunt,
1012 5357 1335 5423 quodgenus
1359 5364 1482 5407 sunt
1518 5356 1703 5418 bonus,
1727 5355 1932 5421 justus,
1960 5369 2103 5407 crea-

537 5430 640 5477 tor.
669 5433 798 5478 etc..
828 5424 1113 5489 positivum
1142 5427 1393 5490 (ιιιῐιιιίυιυ
1429 5427 1478 5476 in
1508 5426 1614 5475 Deo
1648 5425 1956 5478 ostendunt.

609 5490 719 5564 (70)
754 5491 890 5564 [ltiti
924 5494 1086 5564 σχολή
1124 5499 1172 5562 γ’
1198 5497 1284 5548 ἄν.
1329 5497 1458 5562 Ileg.
1491 5495 1681 5547 tertius
1719 5493 1880 5562 σχολή
1917 5513 1979 5562 γε
2013 5493 2097 5547 ἄν.

539 5559 903 5634 Codexncolb.
935 5559 1314 5618 cum-duobus
1347 5559 1525 5629 lie—aiis
1574 5559 1946 5634 σχολῇξιιρυοξ
1992 5566 2102 5618 Hoc

541 5629 672 5703 dicit
707 5630 939 5686 Basilius
972 5652 983 5686 :
1021 5635 1076 5686 Si
1113 5636 1412 5689 substantia
1451 5629 1663 5686 locatur
1709 5629 1856 5688 inter
1890 5651 1949 5686 (*3
1983 5652 2101 5703 (1³³³⁸⁵

545 5697 607 5771 ἰιι
634 5697 738 5771 Deo
767 5703 994 5766 positiva
1040 5720 1142 5758 non
1199 5716 1324 5758 sunt
1382 5719 1397 5756 :
1463 5705 1620 5771 longe
1686 5697 2101 5770 inittusquiilvis

543 5767 685 5820 aliud
711 5784 916 5832 eorum,
952 5789 1069 5840 quae
1116 5777 1180 5830 de
1237 5776 1342 5827 Deo
1404 5767 1786 5839 tit-;t-iliCatitttt',
1838 5767 2100 5830 locabilur

2187 3239 2300 3299 τοῖς
2324 3235 2650 3306 εἰρημένοις.
2688 3233 2752 3285 Ἦ
2773 3231 2829 3284 δὲ
2872 3231 3028 3284 οὐσία
3055 3231 3149 3299 οὐχ
3182 3230 3240 3282 ἓν
3267 3248 3318 3282 τι
3339 3229 3448 3282 τῶν
3483 3231 3560 3301 μὴ
3600 3249 3759 3302 προσ-

2187 3329 2354 3381 όντων
2393 3327 2558 3388 έστὶν,
2591 3325 2704 3378 ἀλλ’
2735 3325 2862 3378 αὐτὸ
2911 3324 2972 3376 τὸ
3015 3319 3163 3376 εἶναι
3189 3321 3280 3374 τοῦ
3323 3321 3491 3384 Θεοῦ,
3525 3324 3666 3394 ὅπερ
3710 3326 3763 3375 έν

2188 3425 2302 3484 τοῖς
2333 3421 2406 3491 μὴ
2442 3415 2558 3474 οὖσι
2601 3417 2955 3488 καταριθμεῖν
3008 3416 3302 3487 παρανοίας
3333 3415 3452 3468 ἐστὶ
3497 3415 3598 3483 τῆς
3628 3417 3761 3468 iam.

2189 3512 2355 3564 τάτω.
2409 3511 2470 3562 Εἰ
2501 3509 2607 3581 γὰρ
2645 3511 2675 3578 ἡ
2721 3507 2879 3561 οὐσία
2920 3510 2976 3560 ὲν
3027 3510 3138 3569 τοῖς
3182 3506 3254 3578 μὴ
3300 3502 3438 3567 οὖσι,
3498 3507 3664 3577 σχολῇ
3703 3523 3762 3574 γε

2190 3601 2255 3656 ἂν
2288 3602 2396 3670 (70)
2431 3601 2557 3655 ἄλλο
2583 3601 2776 3654 τιιτῶν
2797 3599 3101 3669 λεγομένω)
3130 3599 3210 3670 εἴη
3261 3599 3541 3651 Δέδεικται
3571 3599 3632 3650 δὲ
3661 3599 3758 3668 ἄρα

2193 3693 2254 3746 τό
2287 3695 2575 3762 ἀγέννητον
2610 3695 2720 3754 τοῖς
2749 3691 2822 3761 μὴ
2859 3689 3118 3762 προσοῦσι
3156 3691 3588 3758 συντεταγμένον
3619 3693 3725 3758 (Ἠ)
3745 3707 3760 3720 ·

2196 3785 2334 3838 ὥστε
2361 3787 2563 3856 ψευδὴς
2599 3788 2626 3838 ὁ
2657 3785 2934 3855 τιθέμενος
2956 3785 3052 3854 τῆς
3082 3783 3265 3846 οὐσίας
3297 3783 3469 3853 αὐτῆς
3499 3779 3640 3836 εἶναι
3671 3785 3761 3853 τὴν

2200 3879 2379 3949 φωνὴν
2407 3878 2610 3946 ταύτην
2630 3878 2948 3948 δηλωτικήν.

2267 4137 2353 4192 ll.
2393 4139 2452 4191 Ὀ
2480 4138 2556 4203 δὲ,
2593 4138 2666 4202 ὡς
2694 4138 2778 4190 ἐπ’
2819 4137 3002 4208 ἀτόπῳ
3025 4137 3102 4208 τῷ
3139 4137 3277 4191 κατά
3316 4138 3570 4210 στέρησίν
3606 4156 3657 4191 τι
3682 4139 3759 4191 λέ-

2195 4232 2386 4302 γεσθαι
2414 4233 2539 4302 περὶ
2585 4230 2720 4285 Θεοῦ
2763 4231 3157 4302 δυσχεραίνων,
3205 4232 3296 4284 ἐπὶ
3340 4231 3400 4283 τὸ
3450 4232 3758 4284 εὐσεϐέστε-

2196 4342 2288 4396 ρον
2315 4325 2426 4396 (72)
2459 4324 2620 4395 δῆθεν
2661 4325 3027 4394 καταφεύγει,
3053 4324 3112 4378 τὸ
3138 4327 3216 4388 εἰς
3248 4324 3416 4395 αὐτὴν
3450 4324 3552 4396 τὴν
3580 4325 3756 4378 οὐσία-δ

2200 4517 2342 4563 .nter
2366 4525 2428 4562 ea
2463 4523 2580 4576 quze
2636 4510 2860 4578 positiva
2895 4519 3018 4562 sunt
3070 4509 3122 4561 in
3181 4508 3308 4562 Deo.
3363 4508 3578 4561 Etenim
3633 4508 3753 4560 nihil

2198 4596 2350 4647 a'que
2383 4581 2624 4647 designat
2683 4581 2731 4632 in
2785 4579 2890 4632 Deo
2941 4579 3223 4647 positivum
3274 4579 3555 4646 quiddam,
3607 4591 3757 4642 atque

2198 4651 2498 4703 substantia
2536 4651 2674 4715 ipsa,
2709 4665 2868 4716 quam
2907 4652 3142 4701 omnium
3171 4649 3340 4701 basim
3370 4665 3492 4701 esse.
3529 4658 3752 4700 constat.

2198 4720 2274 4773 Ex
2305 4720 2498 4785 quibus
2519 4719 2694 4786 colligi
2727 4721 2901 4777 debet,
2940 4719 3211 4778 Basilium,
3249 4729 3304 4770 ut
3334 4718 3466 4771 alias
3496 4734 3660 4786 smpe,
3693 4721 3755 4768 ita

2201 4791 2286 4842 hic
2311 4789 2664 4852 ἑλλειπτικῶς
2697 4791 2927 4842 locutum
2983 4789 3171 4852 fuisse,
3210 4789 3288 4840 sic
3331 4801 3386 4840 ut
3417 4799 3539 4854 post
3577 4803 3755 4842 vorem

2198 4861 2283 4928 εἴη
2318 4861 2664 4928 subandiatur
2693 4862 2749 4912 ὲν
2776 4855 2913 4921 οὖσι,
2945 4862 2999 4912 in
3050 4858 3406 4911 exstantibus:
3439 4874 3577 4923 quas
3631 4861 3755 4910 duas

2202 4927 2360 4982 voces
2396 4927 2614 4984 Latinas
2673 4930 2722 4982 in
2787 4931 3228 4999 interpretatione
3284 4945 3501 4997 quoque
3560 4928 3753 4981 subau-

2198 5001 2420 5053 diendas
2447 5015 2565 5052 esse
2589 5015 2800 5052 moneo.

2271 5071 2381 5136 (7i)
2411 5070 2547 5122 Editi
2572 5073 2630 5124 ὲν
2653 5073 2764 5132 τοῖς
2792 5070 2864 5140 μὴ
2895 5069 3154 5141 προσοῦσι
3186 5067 3616 5137 τεταγμένον.Αι
3635 5083 3751 5120 mss.

2201 5139 2439 5209 plerique
2475 5156 2662 5194 omnes
2697 5154 2752 5192 ut
2779 5145 2827 5193 in
2856 5139 3128 5193 eontextu.

2273 5210 2384 5279 (72)
2419 5210 2708 5279 lnterpres,
2733 5214 2844 5279 qui,
2871 5221 2926 5263 ut
2959 5221 3108 5274 puto,
3145 5209 3245 5262 sibi
3292 5209 3624 5279 persuadere
3656 5222 3748 5259 non

2202 5278 2432 5349 poterat,
2468 5278 2763 5350 quidquam
2795 5284 2879 5349 pie.
2907 5283 2978 5333 'ab
3011 5281 3270 5350 Eunomio
3311 5278 3525 5350 ιΙίιοιιιιιι
3574 5279 3748 5350 fuisse,

2202 5348 2301 5404 Sibi
2338 5353 2484 5405 visus
2510 5364 2590 5405 est
2618 5348 2813 5422 legere.
2855 5351 2948 5403 ἐπὶ
2991 5352 3051 5402 τὸ
3096 5348 3747 5422 ἀσεϐέστερον.ΑΙιολριιιιη

2200 5423 2364 5495 vertit
2406 5438 2420 5475 :
2456 5423 2523 5474 ad
2555 5416 2899 5495 aliudmagis
2924 5422 3079 5495 impie
3106 5423 3298 5495 dictum
3329 5416 3543 5495 réfuqit_.
3583 5416 3682 5495 Sed
3704 5425 3750 5495 et

2201 5493 2327 5544 editi
2353 5502 2406 5545 et
2441 5510 2567 5546 mss.
2599 5494 2792 5545 habent
2823 5493 2914 5545 ἐπὶ
2941 5492 3000 5542 τὸ
3033 5489 3431 5559 εὐσεϐέστερον,
3463 5489 3533 5541 ad
3563 5488 3749 5555 aliquid

2201 5564 2367 5629 magis
2419 5563 2562 5626 pium
2617 5563 2897 5631 confugit:
2949 5565 3088 5629 quod
3123 5562 3325 5631 ironii-e
3370 5560 3572 5631 dictum
3620 5572 3748 5612 esse.

2203 5647 2362 5684 nemo
2392 5650 2494 5685 non
2521 5634 2682 5684 videt.
2726 5628 2833 5684 Hoc
2866 5628 2979 5698 ipso
3015 5633 3065 5684 in
3116 5633 3230 5682 loco
3259 5629 3422 5681 editio
3456 5628 3626 5680 Paris.
3665 5641 3750 5679 κα-

2201 5703 2480 5769 ταφεύγει,
2505 5704 2596 5754 καὶ
2617 5701 2783 5773 αὐτὴν
2806 5702 2898 5775 τὴν
2918 5699 3331 5775 οὐσίαν-τίθεται
3358 5699 3417 5751 τὸ
3450 5700 3746 5775 ἀγέννητον.

2205 5768 2380 5827 Editio
2421 5774 2550 5826 Ven.
2579 5768 2934 5842 καταψεύγα,
2961 5773 3036 5842 τῷ
3063 5773 3252 5840 αὐτὴν,
3283 5782 3412 5832 eun,
3452 5782 3510 5822 ut
3565 5772 3613 5821 iu
3653 5768 3750 5822 edi-
