3978 6410
229 421 328 478 537

1306 408 1671 469 ADVERSUS
1713 408 2075 466 EUNOMIUM
2117 409 2242 463 LIB.
2288 408 2326 461 l.

3344 409 3441 463 552

222 540 464 595 τίθεσθαι
492 537 552 589 τὸ
583 537 892 607 ἀγέννητον,
922 535 1013 588 καὶ
1036 535 1277 601 συνάγων
1310 530 1483 601 ἑαυτῷ
1509 531 1600 583 τὸν
1623 530 1777 599 λόγον

1899 529 2050 597 'ngit;
2079 544 2142 581 eo
2169 526 2449 587 nimirum,
2481 533 2535 577 ut
2577 525 2628 576 in
2667 526 2779 592 ipsa
2818 526 3115 578 substantia
3146 525 3442 593 ingenitum

224 630 363 701 πρὸς
388 629 449 681 τὸ
470 626 779 695 κεφάλαιον,
811 624 952 677 οὕτω
973 624 1191 696 γράφει’

298 802 456 858 ΕΥΝ.
490 800 696 854 υύκοῦν
718 842 732 867 ,
766 802 812 853 εἰ
846 800 979 870 μήτε
1016 800 1135 850 κατ’
1169 798 1441 861 ἐπίνοιαν,
1475 800 1608 869 μήτε
1645 799 1783 851 κατά

226 896 514 967 στέρησιν,
549 894 684 963 μήτε
724 895 779 945 ὲν
822 892 971 962 μέρει
999 889 1229 961 (ἀμερὴς
1256 889 1405 960 γὰρ),
1442 892 1577 960 μήτε
1610 892 1665 943 ὲν
1690 891 1786 944 αύ-

224 989 304 1059 τῷ
330 986 606 1057 ὡς’ἒτερον
639 984 860 1057 (ἁπλοῦς
884 984 1033 1055 γὰρ),
1067 986 1204 1055 μήτε
1246 986 1374 1056 παρ’
1406 984 1564 1039 αὐτὸν
1601 983 1785 1055 ἓτερον

227 1075 329 1149 (εἷς
354 1080 458 1148 γὰρ
500 1080 593 1131 καὶ
642 1077 797 1148 μόνος
836 1076 1181 1147 ἀγέννητος),
1227 1078 1359 1130 αὐτὸ
1392 1076 1457 1130 ἂν
1499 1077 1583 1147 εἴη
1632 1076 1787 1129 ούσία

223 1174 542 1241 ἀγέννητος.

300 1353 448 1404 ΒΑΣ.
482 1352 691 1419 Ἤγαγε
719 1350 807 1402 τὸν
834 1348 991 1417 λόγον
1033 1348 1116 1419 ἐφ’
1146 1348 1180 1402 ἃ
1213 1347 1487 1414 ἐϐούλετο,
1528 1349 1618 1402 καὶ
1649 1366 1785 1401 παν-

225 1444 454 1513 ταχόθεν
493 1442 555 1495 τὸ
608 1443 899 1512 ἀγέννητον
939 1442 1289 1504 ἀποσπάσας,
1335 1444 1414 1504 είς
1463 1443 1629 1511 αὐτὴν
1675 1441 1784 1510 (73)

235 1538 547 1607 συνήλασεν,
596 1535 670 1597 ὼς
726 1534 881 1603 ᾤετο,
916 1535 1009 1606 τὴν
1037 1536 1254 1589 οὐσίανο
1315 1536 1479 1588 εἰπὼν
1526 1536 1652 1607 περὶ
1692 1536 1785 1589 τοῦ

228 1627 365 1681 Θεοῦ
406 1627 510 1679 τῶν
552 1625 707 1687 ὅλων,
745 1626 825 1677 ὅτι
871 1627 999 1678 αὐτὸ
1043 1627 1107 1679 ἂν
1156 1628 1239 1698 εἴη
1285 1628 1437 1680 οὐσία
1476 1628 1783 1697 ἀγέννητος.

241 1719 383 1787 Ἐγὼ
407 1719 461 1772 δὲ
506 1719 603 1789 τὴν
645 1717 741 1787 μὲν
794 1717 977 1771 οὐσίαν
1008 1718 1098 1771 τοῦ
1149 1718 1280 1771 Θεοῦ
1331 1720 1618 1787 ἀγέννητον
1652 1715 1787 1771 εἶναι

228 1814 322 1866 κα).
339 1812 499 1874 αὐτὸς
530 1811 594 1864 ἂν
625 1810 809 1881 φαίην,
837 1808 897 1862 ού
931 1809 1033 1880 μὴν
1061 1810 1119 1862 τὸ
1142 1809 1430 1880 ἀγέννητον
1454 1809 1551 1879 τὴν
1580 1809 1785 1861 οὐσίαν.

232 1908 464 1959 Ἔπειτα
497 1904 677 1974 μέντοι
698 1903 931 1973 κάκείνῳ
956 1904 1238 1974 προσέχειν
1263 1903 1429 1967 ἀξιον,
1462 1904 1542 1955 ὅτι
1572 1904 1632 1956 τὸ
1658 1905 1792 1974 ἀμε-
1824 1891 1864 1944 Β

229 1998 322 2068 ρὲς
350 1994 441 2049 καὶ
468 1994 526 2047 τὸ
554 1990 775 2056 ἀπλοῦν,
800 1995 991 2047 ταυτὸν
1032 1996 1270 2065 ὑπάρχον
1293 1994 1432 2047 κατά
1463 1995 1558 2065 τὴν
1588 1995 1791 2047 ἔννοιαν

230 2085 457 2158 (ἀμερές
484 2103 541 2138 τε
571 2086 679 2155 (74)
709 2086 816 2157 γάρ
854 2087 967 2138 ἐστι
993 2085 1052 2137 τὸ
1084 2085 1157 2156 μὴ
1188 2088 1251 2139 ἐκ
1294 2086 1473 2156 μερῶν
1504 2086 1793 2153 συγκείμε-

227 2195 336 2241 νον,
368 2178 460 2231 καὶ
493 2176 695 2229 ἁπλοῦν
725 2174 981 2238 ὡσαύτως
1006 2176 1065 2228 τὸ
1092 2177 1164 2247 μὴ
1213 2177 1275 2228 ὲκ
1304 2176 1563 2229 πλειόνων
1584 2175 1679 2246 τὴν
1708 2175 1794 2227 σύ-

229 2284 419 2321 στασιν
467 2266 629 2337 ἕχον),
670 2260 822 2328 οὗτος
868 2265 944 2327 ὼς
964 2263 1286 2335 διαφέροντα
1330 2263 1407 2333 τῷ
1453 2260 1793 2331 ὑποκειμένῳ

226 2357 493 2426 διίστησιν
521 2358 613 2409 ἀπ’
637 2355 899 2424 ἀλλήλων.
934 2350 1065 2406 Εἶτα
1088 2353 1418 2425 ἀπαγορεύει
1451 2354 1525 2423 μὴ
1554 2353 1661 2405 δεῖν
1692 2370 1792 2405 κα-

226 2450 547 2520 ταμερίζειν
576 2449 664 2501 τὸν
698 2448 849 2510 Θεὸν,
884 2447 1016 2517 μηδὲ
1055 2447 1114 2499 τὸ
1150 2445 1248 2516 μέν
1289 2463 1339 2498 τι
1372 2444 1533 2497 αὑτοῦ
1568 2445 1796 2514 ἀγέννη-

225 2559 341 2603 τον,
368 2542 428 2593 τὸ
460 2541 515 2595 δὲ
540 2538 792 2611 γεννητὸν
836 2538 1190 2591 ὑποπτεύειν·
1242 2538 1364 2608 μηδ’
1407 2534 1471 2591 αὖ
1518 2537 1793 2605 ἐγκεῖσθαι

226 2635 305 2697 ὡς
332 2633 518 2703 ἕτερον
538 2634 593 2685 ἐν
623 2631 793 2701 ἑτέρῳ
822 2631 1057 2701 νομίζειν
1080 2629 1226 2699 αύτῷ
1252 2630 1309 2681 τὸ
1337 2630 1642 2700 ἀγέννητον.
1663 2628 1796 2681 Τού-

227 2742 339 2776 των
379 2723 435 2775 δὲ
470 2722 529 2773 τὸ
574 2722 796 2791 μάταιον
845 2721 1064 2774 ἀποκνῶ
1096 2721 1407 2791 διελέγχειν.
1458 2722 1639 2774 Ἐοικε
1687 2722 1795 2791 γάρ

229 2830 348 2876 πως
373 2810 839 2882 συνεξομοιοῦσθαι
863 2811 937 2881 τῷ
964 2811 1398 2881 ματαιολογοῦντι
1424 2814 1451 2864 ὁ
1477 2812 1791 2879 ἀντιλέγων.

228 2904 455 2973 Διόπερ,
480 2899 653 2973 οἶμαι,
680 2905 708 2955 ό
745 2902 907 2971 σοφὸς
940 2904 1223 2974 παρεγγυᾷ
1260 2902 1507 2973 Σολομὼν
1556 2903 1630 2975 μὴ
1666 2905 1797 2956 ἀπο-

230 2994 522 3065 κρίνασθαι
555 2995 663 3064 (73)
688 2994 764 3063 τῷ
799 2996 990 3067 ἄφρονι
1016 2995 1155 3048 κατά
1186 2995 1279 3066 τὴν
1317 2996 1528 3048 ὲκείιου
1561 2996 1798 3065 ἀφροσύ-

229 3102 350 3154 νην.
391 3084 528 3147 Τοὺς
554 3086 659 3156 γὰρ
690 3084 799 3154 (76)
835 3086 970 3156 μήτε
1003 3086 1319 3156 εἰρημένους
1351 3086 1485 3156 μήτε
1513 3085 1797 3155 λεχθέντας

231 3179 365 3231 ποτὲ
393 3177 580 3245 λόγους
604 3175 707 3229 ὑπὸ
731 3175 991 3246 διαίρεσιν
1024 3177 1248 3246 ἤγαγεν,
1288 3176 1375 3229 ἵνα
1414 3175 1541 3249 δόξῃ
1567 3178 1624 3228 έν
1667 3175 1796 3227 πολ-

230 3268 345 3331 λοῖς
389 3270 500 3329 τοῖς
544 3266 1049 3337 ἀπηριθμημένοις,
1087 3265 1208 3319 καθ’
1250 3266 1343 3318 ἕνα
1385 3266 1542 3336 μόνον
1576 3266 1795 3336 τρόπον,

229 3361 449 3423 οἰκείως
482 3358 813 3429 ἐξευρίσκειν
839 3358 1128 3427 λεγόμενον
1170 3358 1230 3411 τὸ
1283 3358 1588 3429 ἀγέννητον.
1641 3360 1798 3428 Ἡμῖν

230 3453 291 3505 δὲ
342 3452 469 3514 ἴσως
514 3450 755 3513 πλείονος
804 3450 906 3501 ἔδει
945 3449 1101 3517 λόγου
1148 3448 1281 3519 πρὸς
1312 3450 1409 3521 τὴν
1450 3449 1541 3501 τοῦ
1576 3449 1799 3518 ψεύδους

234 3542 601 3614 παράστασιν,
638 3542 732 3594 καὶ
769 3542 904 3612 πρὸς
936 3540 995 3592 τὸ
1019 3540 1217 3604 δεῖξαι,
1247 3540 1327 3593 ὅτι
1369 3558 1471 3612 περ
1516 3542 1613 3593 οὐκ
1643 3543 1800 3595 ούσία

232 3635 372 3688 θεοῦ
395 3636 453 3688 τὸ
478 3635 787 3704 ἀγέννητον,
816 3634 972 3705 εἴπερ
998 3633 1065 3686 τά
1090 3637 1146 3686 ὲν
1174 3636 1238 3703 τῇ
1266 3634 1522 3704 διαιρέσει
1551 3634 1677 3703 παρ’
1712 3636 1797 3686 αύ-

232 3727 332 3780 τοῦ
364 3726 792 3797 ἀπηριθμημένα
845 3725 917 3795 μὴ
963 3725 1147 3794 σαφῶς
1192 3725 1559 3796 ἐξελήλεγκτο.
1588 3726 1648 3777 Ei
1694 3727 1800 3797 γάρ

239 3818 477 3889 ἰσχυρῶς
522 3812 665 3887 εἶχεν
699 3820 726 3870 ό
765 3818 917 3885 λόγος
960 3816 1128 3887 αύτῷ,
1158 3818 1237 3870 ὅτι
1269 3816 1390 3870 οὗτε
1422 3820 1539 3870 κατ’
1563 3818 1799 3873 ἐπίνοιαν

234 3910 361 3963 οὔτε
414 3910 551 3962 κατά
604 3910 857 3980 στέρησιν
882 3908 1211 3979 λαμϐάνεται
1253 3911 1312 3963 τὸ
1340 3912 1630 3982 ἀγέννητον
1650 3954 1663 3977 ,
1692 3913 1796 3966 οὐδ’

234 4002 382 4054 οὕτω
414 4001 510 4070 μὲν
533 4001 597 4054 ἂν
621 4002 833 4063 πάντως
856 4001 1171 4055 ἀκολουθίαν
1202 3999 1313 4073 εἶχε
1331 4005 1390 4057 τὸ
1418 4006 1795 4076 συναγόμενον.

236 4092 337 4155 Τίς
360 4092 466 4162 γὰρ
494 4093 528 4161 ἡ
570 4092 803 4163 ἀνάγκη,
836 4092 939 4143 ὑπὸ
968 4092 1024 4145 ἓν
1064 4094 1168 4147 τῶν
1202 4095 1669 4166 ἀπηριθμημένων
1704 4098 1801 4167 τὴν

237 4183 566 4253 ἀγεννησίαν
619 4185 832 4249 πεσεῖν;
874 4183 945 4235 Οὐ
1008 4183 1112 4254 μὴν
1169 4185 1282 4238 ἀλλ’
1316 4187 1497 4258 ἐπειδὴ
1542 4188 1700 4250 αὐτὸς
1730 4188 1803 4251 ὡς

238 4271 550 4339 ἀναγκαίως
574 4270 911 4340 συνημμένον
936 4274 1046 4333 τοῖς
1080 4273 1403 4341 προάγουσιν
1438 4275 1683 4343 ἐπιφέρει
1720 4272 1801 4336 τὸ,

238 4364 450 4418 Οὐκοῦν
477 4366 525 4416 εἰ
556 4365 663 4431 (77)
698 4366 831 4434 μήτε
872 4365 990 4417 κατ’
1032 4366 1291 4427 ἐπίνοιαν,
1325 4367 1459 4435 μήτε
1499 4367 1639 4419 κατά
1685 4365 1802 4418 στέ-

244 4474 423 4528 ρησιν,
460 4458 594 4526 μήτε
650 4456 789 4508 κατά
827 4456 981 4509 ἄλλον
1020 4456 1139 4509 τινὰ
1189 4457 1295 4509 τῶν
1340 4457 1805 4528 ἀπηριθμημέκων

1882 621 2203 681 constituat;
2231 632 2648 685 sermonemque
2691 619 2740 670 in
2778 633 3042 671 summam
3095 618 3445 685 corttrabens,

1884 712 1955 765 ita
1982 712 2166 765 scribit
2195 727 2207 761 :

1954 802 2086 856 Eua.
2129 799 2295 871 Igitur
2329 802 2371 855 si
2407 814 2585 868 neque
2622 802 2915 855 secundum
2960 802 3299 869 concipiendi
3337 818 3449 856 mo-

1884 892 2032 957 dum,
2066 908 2239 959 neque
2268 892 2558 944 secundmn
2602 891 2981 959 privationem,
3009 907 3182 959 neque
3212 894 3264 945 in
3298 905 3450 960 parte

1887 987 2101 1053 (quippe
2133 992 2215 1036 est
2262 982 2647 1051 indivisibilis),
2680 1000 2851 1053 neque
2880 987 2931 1037 in
2964 986 3079 1052 ipso
3111 984 3257 1037 velut
3306 984 3448 1037 aliud

1888 1078 2135 1147 (simplex
2191 1091 2421 1144 namque
2474 1076 2603 1143 est),
2660 1092 2831 1146 neque
2886 1087 3078 1145 praeter
3133 1091 3253 1130 eum
3308 1076 3450 1129 aliud

1888 1172 2048 1241 (unus
2084 1169 2224 1223 enim
2258 1179 2342 1221 est
2374 1180 2426 1222 et
2468 1170 2613 1222 solus
2638 1169 2927 1237 ingenitus)
2962 1187 2974 1221 :
3009 1170 3107 1223 lioc
3135 1172 3303 1238 ipsum
3333 1169 3451 1223 fite-

1886 1263 1958 1315 rit
1983 1261 2165 1328 utique
2197 1260 2498 1314 substantia
2528 1261 2785 1327 ingenita.

1958 1353 2080 1407 Bas.
2138 1353 2393 1407 Perduxit
2444 1354 2739 1406 orationem
2796 1367 2899 1420 quo
2929 1353 3122 1417 voluit;
3157 1361 3209 1404 et
3239 1360 3449 1419 postea-

1886 1465 2047 1518 quam
2095 1448 2364 1501 undelibet
2412 1449 2705 1516 ingenitum
2758 1448 3010 1508 extrusit,
3059 1447 3109 1499 in
3159 1447 3346 1513 ipsam,
3398 1455 3454 1497 ut

1887 1541 2109 1610 putavit,
2160 1541 2510 1593 substantiam
2571 1540 2816 1600 intrusit,
2878 1539 3073 1607 quippe
3115 1539 3204 1604 qui
3247 1539 3311 1590 de
3346 1538 3453 1589 Deo

1886 1629 2258 1683 universorum
2316 1630 2552 1690 dixerit,
2600 1631 2740 1695 quod
2797 1628 3088 1695 ingenitum
3148 1628 3261 1696 ipsa
3308 1628 3455 1695 ingl-

1888 1723 1997 1774 nita
2028 1721 2324 1773 substantia
2368 1721 2456 1773 sit.
2509 1719 2619 1787 Ego
2668 1734 2794 1772 vero
2836 1719 3186 1772 substantiam
3235 1718 3325 1771 Dei
3376 1718 3455 1771 in-

1890 1812 2121 1879 genitam
2153 1826 2293 1869 esse,
2330 1811 2491 1863 etiam
2521 1810 2634 1877 ipse
2674 1810 2924 1872 dixerim,
2958 1825 3059 1863 non
3093 1819 3268 1863 autem
3308 1810 3454 1879 inge-

1895 1904 2069 1957 nitum
2101 1917 2218 1957 esse
2247 1901 2632 1957 substantiam.
2660 1900 2859 1955 Deinde
2888 1902 3013 1953 illud
3050 1916 3262 1969 quoque
3283 1911 3455 1954 atten-

1894 1996 2019 2047 dere
2049 2008 2224 2062 operze
2278 1992 2507 2060 pretium
2558 2003 2660 2054 est,
2693 1993 2834 2061 quod
2887 1991 3217 2045 indivisibile
3247 2000 3300 2045 et
3327 1993 3455 2044 sim-

1894 2086 2037 2155 plex,
2075 2102 2194 2153 qua:
2221 2084 2407 2138 eadem
2443 2092 2568 2136 sunt
2601 2082 2736 2136 inter
2779 2097 2836 2136 se
2865 2082 3264 2151 signiﬁcatione
3295 2083 3455 2152 (indi~

1892 2176 2100 2229 visibile
2130 2176 2272 2228 enim
2305 2185 2385 2228 est
2411 2173 2551 2241 quod
2582 2188 2647 2226 ex
2679 2172 2922 2241 partibus
2954 2188 3058 2225 non
3090 2173 3453 2239 componitur,

1893 2279 1947 2322 et
1970 2267 2195 2333 simplex
2244 2266 2493 2319 similiter
2518 2265 2659 2334 quod
2692 2280 2721 2319 e
2755 2265 2997 2333 pluribus
3045 2281 3146 2318 non
3183 2264 3451 2334 constat);

1894 2358 1981 2414 bie
2008 2359 2157 2427 quasi
2194 2358 2406 2411 diversa
2445 2358 2552 2409 sint
2588 2356 2852 2424 subjecto,
2902 2354 3130 2409 alterum
3182 2356 3249 2408 ab
3288 2356 3455 2408 altero

1893 2463 2125 2523 separat.
2163 2453 2354 2507 Postea
2394 2462 2560 2517 vetat,
2621 2451 2785 2505 Deum
2832 2451 2997 2505 dividi
3044 2462 3319 2519 oportere,
3367 2462 3457 2504 aut

1894 2547 2053 2600 aliam
2092 2546 2257 2615 ipsius
2285 2557 2490 2613 partem
2525 2546 2841 2611 ingenitam,
2894 2544 3052 2597 aliam
3103 2544 3337 2612 genitam
3374 2561 3458 2597 su-

1894 2638 2108 2707 Spicari,
2135 2648 2228 2689 aut
2258 2652 2448 2689 rursus
2478 2636 2757 2697 arbitrari,
2790 2636 3085 2703 ingenitum
3120 2636 3171 2687 in
3203 2636 3317 2703 ipso
3344 2635 3457 2688 vel-

1895 2738 1953 2782 ut
1983 2728 2126 2782 aliud
2166 2728 2215 2781 in
2276 2727 2380 2780 alio
2442 2727 2603 2781 situm
2636 2741 2775 2783 esse.
2816 2724 3015 2779 Horum
3059 2735 3235 2779 autem
3276 2728 3457 2779 verbo-

1897 2835 2012 2872 rmn
2050 2818 2343 2871 vanitatem
2376 2817 2514 2885 piget
2573 2831 2658 2870 me
2705 2814 3011 2870 confutare.
3056 2813 3280 2868 Videtur
3312 2816 3455 2867 enim

1894 2910 2289 2979 quodammodo
2340 2909 2533 2961 similis
2566 2909 2679 2961 fieri
2717 2908 2765 2961 ei
2811 2907 2901 2976 qui
2942 2923 3074 2959 vana
3110 2908 3258 2969 dicit,
3289 2906 3335 2960 is
3365 2906 3455 2973 qui

1896 3002 2231 3057 contradicit.
2265 3001 2429 3072 224
2468 3001 2824 3070 Quapmpter,
2850 3001 3057 3068 opinor,
3087 3000 3304 3067 sapiens
3367 2998 3463 3052 Sa-

1898 3093 2077 3147 lomon
2125 3094 2472 3159 admonet“,
2526 3102 2580 3146 ut
2624 3108 2689 3146 ne
2723 3092 3140 3161 respondeamus
3186 3091 3458 3159 insipienti

1894 3182 2047 3251 juxta
2099 3182 2457 3250 insipientiam
2516 3181 2678 3237 illius.
2721 3184 2848 3247 Qua:
2880 3181 3022 3234 enim
3074 3196 3248 3250 neque
3294 3181 3459 3244 dicta,

1898 3287 2071 3341 neque
2100 3271 2306 3339 prolata
2356 3280 2481 3324 sunt
2516 3285 2775 3340 unquam,
2807 3286 2869 3325 ea
2909 3270 2996 3324 bic
3044 3285 3155 3325 suae
3207 3271 3459 3325 divisioni

1898 3363 2146 3431 subjecit,
2180 3375 2258 3427 ut,
2291 3364 2474 3416 multis
2513 3364 2871 3427 enumeratis,
2926 3363 3167 3417 invenire
3218 3363 3464 3417 videatur

1901 3455 2194 3524 ingenitum
2249 3453 2408 3506 unico
2447 3454 2605 3507 modo
2644 3454 2857 3521 proprie
2901 3455 3027 3507 dici.
3067 3452 3231 3508 Nobis
3280 3465 3460 3507 autem

1902 3546 2126 3599 fortasse
2152 3544 2375 3613 longiori
2403 3558 2535 3612 opus
2561 3554 2705 3598 esset
2735 3544 3001 3607 oratione,
3030 3552 3086 3596 ut
3125 3543 3461 3597 mendacium

1901 3639 2293 3706 detegeremus,
2342 3635 2748 3703 ingenitumque
2800 3635 3158 3690 substantiam
3220 3635 3313 3688 Dei
3355 3648 3455 3688 noc

1899 3743 2018 3781 esse
2041 3730 2535 3781 demonstraremus
2571 3744 2582 3779 :
2618 3726 2720 3779 nisi
2755 3742 2871 3795 qua:
2916 3728 2983 3779 ab
3013 3741 3211 3793 eoeper
3239 3726 3461 3779 divisio-

1900 3832 2020 3871 nem
2056 3824 2367 3870 enumerata
2398 3826 2545 3879 sunt,
2571 3817 2681 3882 jam
2732 3816 2935 3884 liquido
2982 3814 3212 3869 refutata
3260 3826 3459 3869 essent.

1899 3908 2031 3963 Nam
2062 3908 2273 3963 etiamsi
2305 3908 2407 3961 vim
2444 3908 2667 3962 haberet
2703 3909 2862 3961 allata
2897 3908 2964 3960 ab
3000 3908 3091 3961 illo
3126 3909 3285 3970 ratio,
3321 3908 3462 3975 quod

1902 4015 2074 4069 neque
2120 4015 2185 4054 ex
2243 4000 2573 4071 intelligendi
2607 4003 2784 4064 modo,
2834 4015 3009 4068 neque
3048 4014 3111 4052 ex
3170 4000 3464 4068 privatione

1903 4092 2197 4161 ingenitam
2228 4094 2489 4163 accipitur
2520 4106 2535 4146 :
2574 4093 2759 4162 utique
2785 4108 2850 4145 ne
2884 4094 2963 4147 sic
2991 4093 3202 4161 quidem
3239 4093 3288 4146 id
3322 4095 3463 4161 quod

1901 4186 2119 4256 colligit,
2147 4197 2586 4255 consequeretur.
2619 4187 2756 4252 Quid
2797 4188 2939 4242 enim
2989 4202 3207 4241 necesse
3240 4195 3323 4240 est
3362 4187 3463 4240 sub

1901 4292 2007 4331 uno
2040 4289 2475 4332 enumeratorum
2508 4279 2777 4333 contineri
2812 4278 3149 4346 ingenitum?
3182 4277 3286 4332 Sed
3330 4294 3466 4345 quo-

1903 4370 2044 4423 niam
2078 4371 2190 4437 ipse
2216 4381 2469 4438 tanquam
2512 4371 2714 4440 aliquid
2768 4370 3188 4440 prmcedentibus
3217 4384 3465 4423 necessa-

1904 4460 1985 4513 rio
2014 4461 2356 4535 eonjungtum
2391 4460 2556 4515 infert
2593 4461 2720 4513 illud
2748 4477 2762 4513 :
2787 4461 2954 4529 Igitur
2982 4459 3025 4513 si
3060 4473 3239 4526 neque
3272 4470 3466 4510 secun-

237 4549 462 4619 τρόπον,
498 4546 629 4599 αὐτὸ
669 4545 731 4599 ἂν
773 4546 857 4617 εἴη
891 4547 1045 4599 οὐσία
1070 4548 1359 4617 ἀγέννητος
1383 4565 1396 4578 ⁸
1429 4548 1598 4611 οὕτως
1641 4551 1795 4618 ἡμεῖς

1904 4551 2026 4603 dum
2069 4551 2497 4621 intelligentiam,
2531 4568 2704 4621 neque
2756 4551 3049 4605 secundum
3082 4550 3463 4618 privationem,

241 4637 693 4707 ἀντιστρέψαντες
753 4638 1021 4706 εἴπωμεν,
1076 4638 1156 4689 ὅτι
1204 4637 1410 4689 Οὐκοῦν
1454 4638 1635 4708 ἐπειδὴ
1680 4641 1804 4691 κατ’

242 4731 483 4782 ἐπίνοιαν
523 4728 821 4799 θεωρεῖται,
870 4729 962 4780 καὶ
1014 4728 1326 4799 στερητικόν
1369 4732 1485 4781 ἐστι
1516 4730 1576 4781 τὸ
1608 4730 1800 4799 ὄνομα,

241 4822 365 4890 ούχὶ
418 4821 573 4874 οὐσία
620 4818 712 4872 τοῦ
738 4818 870 4872 Θεοῦ
913 4820 971 4872 τὸ
1016 4821 1326 4891 ἀγέννητον.
1366 4821 1508 4882 Ἕως
1552 4820 1659 4891 γάο
1704 4822 1803 4875 οὐκ

322 4978 365 5007 ⁶⁹
388 4974 546 5030 Prov.
585 4992 728 5041 xxvi,
756 4976 816 5029 4.

247 5158 396 5209 tione
428 5154 598 5209 Paris.
638 5155 815 5210 Codex
861 5154 1013 5209 Coib.
1044 5162 1096 5209 et
1126 5156 1211 5207 alii
1236 5156 1469 5223 quinque
1500 5156 1647 5225 Regii
1686 5174 1787 5210 κα-

242 5227 531 5295 ταφεύγει,
565 5227 623 5278 τὸ
652 5229 730 5288 είς
760 5226 925 5295 αὐτὴν
949 5226 1045 5297 τὴν
1072 5226 1258 5278 ουσίαν
1274 5225 1510 5279 τίθεσθαι
1535 5228 1593 5279 τὸ
1627 5228 1786 5294 ἀγέν-

245 5315 426 5367 νητον.
458 5297 801 5368 Suppleﬂﬁto:
836 5297 942 5356 έπί,
978 5312 1031 5349 ιιι
1069 5298 1208 5363 legas
1240 5297 1355 5368 ἦτοι
1384 5298 1474 5349 ἐπὶ
1498 5298 1558 5349 τὸ
1589 5301 1665 5360 είς
1693 5300 1788 5350 αύ-

246 5366 347 5437 τῆν
369 5370 484 5438 τήν,
510 5379 615 5420 etc.
644 5366 900 5421 Videlicet
934 5383 997 5420 eo
1022 5366 1423 5438 cont'ngirtaut
1447 5369 1592 5433 illud,
1626 5369 1685 5419 τὸ
1709 5370 1787 5430 είς

247 5435 440 5508 αὐτὴν,
478 5439 699 5508 inverte,
734 5450 790 5489 ut
819 5439 977 5505 legas,
1010 5438 1087 5499 ei;
1116 5436 1175 5488 τὸ
1203 5435 1368 5507 αὐτὴν
1399 5438 1519 5507 τήν,
1551 5449 1677 5498 etc.,
1714 5441 1788 5491 ita

246 5519 304 5561 ut
326 5506 607 5559 arbitretur
633 5506 784 5567 illud,
819 5509 1120 5575 ingenitum,
1170 5506 1334 5573 ipsam
1366 5506 1481 5560 esse
1534 5511 1786 5560 substan-

250 5580 405 5630 tiam.
443 5579 648 5631 Etenim
690 5578 964 5645 principiis
1013 5580 1121 5629 suis
1176 5578 1425 5630 insistens
1475 5576 1789 5643 Eunomius,

249 5662 376 5701 mox
408 5650 482 5701 ait
522 5647 668 5709 illud,
702 5648 977 5715 ingenitus,
1012 5650 1177 5712 ipsam
1202 5662 1320 5699 esse
1346 5650 1723 5702 substantiam.

320 5718 431 5855 (75)
463 5718 591 5783 Reg.
620 5728 837 5787 quartus
866 5717 1184 5780 ἀποσπάσας
1216 5720 1300 5769 ἐπ’
1332 5718 1516 5788 αὐτήν.

352 5787 436 5853 74)
462 5789 549 5841 Sic
579 5804 705 5840 mss.
739 5799 865 5839 tres.
898 5788 1064 5840 Abest
1082 5803 1140 5837 τε
1164 5807 1189 5838 a
1225 5788 1469 5854 vulgatis.

352 5787 436 5853 74)
462 5789 549 5841 Sic
579 5804 705 5840 mss.
739 5799 865 5839 tres.
898 5788 1064 5840 Abest
1082 5803 1140 5837 τε
1164 5807 1189 5838 a
1225 5787 1469 5854 vulgatis.

320 5858 435 5929 (75)
462 5860 679 5929 Antiqui
706 5858 810 5913 duo
835 5858 954 5912 libri
991 5857 1064 5927 μὴ
1087 5858 1490 5926 ἀποκρίνεσθαι.

1907 4656 2080 4709 neque
2101 4645 2393 4696 secundum
2419 4644 2579 4697 alium
2609 4644 2771 4696 ullum
2793 4658 2858 4695 ex
2879 4642 3203 4696 enumeratis
3228 4641 3462 4701 modum,

1911 4733 2204 4801 ingenitum
2250 4736 2434 4802 utique
2498 4735 2723 4803 ipsamet
2773 4732 2934 4786 fuerit
2972 4731 3275 4787 substantia
3320 4732 3469 4799 inge-

1876 4818 1881 4822 ’
1914 4824 2024 4878 uita
2054 4846 2065 4879 :
2093 4840 2189 4879 nos
2222 4836 2598 4895 retorquentes
2621 4827 2698 4880 sic
2724 4825 2995 4879 dicamus:
3017 4824 3180 4893 Igitur
3211 4824 3464 4893 quoniam

1963 5156 2076 5229 (76)
2109 5156 2308 5229 liorum
2346 5156 2830 5229 verborum,_ATo"a;
2860 5155 2992 5227 γάρ,
3042 5164 3175 5229 etc.,
3208 5155 3339 5229 inec
3386 5165 3466 5207 est

1893 5226 2159 5281 sententia
2201 5246 2213 5280 :
2262 5228 2575 5279 divisionem
2638 5226 2801 5290 illam,
2842 5228 2978 5297 μήτε
3041 5226 3157 5297 κατ’
3204 5226 3463 5287 ἐπίνοιαν,

1896 5300 2028 5369 μήτε
2053 5299 2192 5352 κατά
2241 5297 2514 5368 στέρησιν,
2563 5297 2697 5366 μήτε
2733 5298 2789 5348 ἐν
2823 5297 3003 5367 μέρει,
3036 5296 3330 5349 Eunomius
3370 5298 3467 5346 tin-

1894 5373 1993 5434 xit,
2029 5384 2253 5437 eamque
2288 5373 2492 5432 primus
2528 5371 2819 5434 evulgavit.

1964 5442 2072 5512 (.77)
2102 5435 2210 5503 Illa,
2230 5437 2434 5491 Οὐκοῦν
2463 5438 2529 5512 εί,
2552 5438 2620 5489 ita
2643 5438 2892 5512 intellige
2922 5454 2934 5488 ε
2975 5435 3029 5488 Si
3068 5448 3241 5500 neque
3266 5447 3461 5485 secun-

1893 5508 2016 5565 dum
2065 5522 2302 5562 nostram
2351 5508 2673 5577 intelligendi
2721 5510 3005 5569 rationem,
3038 5516 3229 5577 neque
3277 5518 3467 5556 secun—

1903 5584 2026 5636 dum
2060 5580 2435 5648 privationem,
2472 5576 2644 5644 neque
2676 5580 2967 5631 secundum
2998 5576 3131 5627 alios
3167 5588 3301 5648 quos
3334 5588 3468 5648 eim-

1904 5644 2226 5704 meravimus
2285 5650 2612 5717 intelligendi
2671 5648 2854 5699 modos
2916 5648 3201 5717 ingenitum
3230 5644 3303 5717 de
3363 5644 3467 5717 Deo

1904 5722 2132 5784 dicitur;
2157 5730 2400 5787 gnecesse
2444 5714 2526 5771 est
2553 5727 2609 5769 ut
2640 5719 2930 5785 ingenitum
2963 5717 3076 5785 ipsa
3124 5714 3193 5768 sit
3228 5714 3467 5781 ingenita

1903 5792 2138 5846 essentia
2168 5790 2597 5857 substantiaque.
