3978 6410
535 426 638 472 ὃέιυ

1846 401 1903 452 ὃ.
1944 397 2186 451 BASILII
2226 393 2435 449 MAGNI

3669 380 3767 433 540

537 533 746 585 ratione
781 530 1179 592 consideratur,
1215 534 1268 582 et
1291 524 1613 597 privativum
1645 537 1834 576 nomen
1857 531 1958 586 est,
1995 535 2098 574 non

2222 518 2414 587 ιλέγχει
2464 515 2530 568 τὰ
2583 512 2861 585 εἰρημένα,
2911 509 3030 563 οὐδὲ
3066 509 3182 571 ταῖς
3211 505 3541 577 προτάσεσιν
3579 499 3769 553 ἐαυτοῦ

535 634 617 678 est
668 622 972 676 substantia
1021 621 1113 675 Dei
1174 619 1496 687 ingenitum.
1533 613 1778 680 Quandiu
1809 613 1950 667 enim
1987 627 2106 679 qua:

538 715 844 769 nehisdicta
875 723 997 767 sunt
1020 728 1123 766 non
1154 711 1370 773 refutat,
1396 724 1493 762 nec
1517 707 1629 760 suis
1657 705 2106 775 propositionibus

536 799 703 865 robur
723 807 892 871 addit,
925 806 975 860 id
1014 806 1153 876 quod
1180 804 1401 870 colligit,
1443 801 1640 856 nullum
1666 801 1836 853 locum
1873 800 2103 854 habebit.

613 899 695 952 12.
757 898 812 952 In
859 914 1066 952 summa
1094 935 1110 962 ,
1167 896 1304 964 quod
1369 902 1519 963 putat
1558 907 1615 946 se
1651 892 1764 955 Dei,
1815 890 1903 960 qui
1945 904 2108 958 super

540 1011 720 1065 Omnia
764 1019 867 1076 est,
913 1009 1270 1063 substantiam
1323 1007 1492 1076 ipsam
1553 1004 1915 1068 adinvenisse,
1945 1017 2108 1071 quan-

544 1113 609 1155 tae
641 1101 902 1169 superbiae
927 1109 1186 1169 cstalque
1209 1097 1492 1151 elationis!
1525 1095 1659 1148 Fere
1690 1095 1828 1149 enim
1850 1093 2106 1162 jactantia

542 1200 801 1260 superant
830 1190 911 1242 vel
951 1191 1099 1243 illum
1160 1191 1358 1258 ipsum,
1412 1189 1502 1255 qui
1552 1187 1728 1241 dixit:
1766 1185 1936 1254 Super
1964 1197 2107 1238 astra

541 1298 727 1348 ponam
751 1281 920 1332 sedem
952 1297 1112 1331 meum
1137 1281 1182 1310 ⁷ο
1210 1297 1222 1331 :
1253 1279 1341 1346 qui
1377 1278 1582 1330 scilicet
1611 1291 1715 1329 non
1751 1285 1934 1329 contra
1968 1274 2099 1328 stel-

543 1370 622 1424 las
643 1382 731 1424 aut
751 1371 944 1424 caelum
966 1372 1267 1439 insurgunt,
1296 1371 1388 1422 sed
1415 1371 1582 1438 ipsam
1617 1367 1704 1422 Dei
1734 1369 2105 1420 universorum

545 1462 900 1515 substantiam
955 1463 1246 1530 pervadere
1281 1477 1336 1516 se
1370 1462 1688 1530 glorientur.
1726 1459 2111 1514 Percontemur

545 1564 722 1606 autem
756 1569 900 1616 eum,
923 1554 1188 1606 undenam
1223 1553 1697 1621 comprehendisse
1723 1565 1780 1604 se
1807 1565 1920 1604 eam
1948 1550 2108 1603 dicat.

546 1646 625 1697 lix
650 1645 994 1698 communine
1021 1644 1271 1698 notione?
1294 1644 1358 1696 At
1375 1644 1484 1696 haec
1511 1641 1674 1698 Deum
1693 1655 1834 1704 esse,
1859 1656 1962 1693 non
1985 1639 2110 1706 quid

547 1736 638 1797 sit,
663 1750 758 1787 nos
789 1735 1059 1787 admouet.
1104 1734 1184 1787 An
1243 1749 1305 1787 ex
1350 1732 1594 1794 doctrina
1636 1730 1900 1799 Spiritus?
1933 1729 2107 1796 Quali,

545 1832 638 1877 aut
675 1824 762 1877 ubi
812 1823 1044 1876 tradita?
1082 1823 1266 1876 Nonne
1293 1838 1514 1890 magnus
1556 1821 1642 1876 ille
1696 1823 1861 1876 David
1901 1823 1984 1876 cui
2021 1837 2111 1874 oc-
2144 1863 2186 1918 Β

549 1916 696 1969 Culta
722 1915 1142 1982 absconditaque
1179 1929 1286 1968 sua:
1317 1915 1590 1982 sapientize
1625 1914 1764 1967 Deus
1790 1913 2108 1967 manifesta--

547 2009 644 2070 vit,
679 2006 852 2074 palam
903 2007 1193 2059 conﬁtetur
1224 2006 1550 2059 inaccessam
1586 2020 1702 2059 esse
1734 2005 1824 2058 Dei
1850 2004 2111 2071 cognitio-

548 2111 695 2158 nem,
735 2111 853 2146 cum
887 2094 1016 2147 dicit
1052 2112 1066 2148 :
1102 2094 1356 2148 Mirabilis
1397 2096 1539 2163 facta
1578 2106 1652 2149 est
1679 2095 1892 2148 sc'enlin
1916 2105 2004 2147 tua
2051 2111 2112 2147 ea:

549 2203 650 2248 me,
688 2185 981 2253 confortata
1032 2189 1146 2254 est};
1204 2203 1325 2238 num
1358 2196 1539 2253 potero
1571 2187 1638 2238 ad
1683 2185 1902 2239 eam"?
1946 2184 2114 2240 Isaias

548 2286 729 2327 autem
767 2276 889 2326 dum
925 2275 1258 2342 majestatem
1299 2275 1388 2327 Dei
1434 2274 1825 2343 Specularctnr,
1854 2274 1979 2342 quid
2017 2289 2112 2328 no-

549 2367 632 2420 bis
661 2367 725 2420 de
756 2368 933 2420 divina
989 2367 1284 2420 substantia
1313 2366 1603 2420 declaravit
1638 2366 1660 2418 ?
1712 2366 1798 2434 qui
1836 2365 2113 2436 proferens

551 2460 616 2512 de
649 2459 866 2512 Christo
903 2459 1236 2522 vaticinium,
1267 2467 1496 2512 testatur
1525 2460 1605 2512 his
1630 2460 1810 2512 verbis
1844 2475 1858 2512 :
1885 2456 2113 2512 Genera-

552 2551 748 2603 tionem
787 2550 898 2617 ejus
932 2550 1046 2618 quis
1074 2550 1336 2602 enarrabit
1355 2549 1436 2600 τί
1465 2548 1600 2613 Quid
1626 2563 1753 2602 vero
1781 2563 1873 2601 vas
1895 2548 2114 2604 electio-

556 2645 640 2695 nis
673 2643 890 2703 Paulus,
925 2642 1014 2710 qui
1055 2642 1356 2710 loquentem
1393 2639 1446 2693 in
1485 2655 1542 2694 se
1570 2641 1798 2693 habebat
1820 2637 2112 2702 Christum,

553 2737 644 2804 qui
679 2735 744 2786 ad
779 2733 994 2786 tertiqu
1025 2747 1194 2802 usque
1239 2732 1432 2786 ctelum
1470 2742 1650 2798 raptus
1679 2742 1778 2794 est,
1805 2733 1892 2800 qui
1925 2747 2114 2786 arcana

553 2825 756 2877 audivit
807 2823 985 2885 verba,
1014 2838 1130 2892 qua:
1190 2837 1293 2876 non
1351 2823 1473 2876 licet
1503 2823 1703 2876 homini
1732 2823 1870 2890 loqui
1903 2841 1916 2889 ;
1951 2837 2114 2891 quam

553 2915 710 2967 nobis
735 2915 798 2967 de
833 2914 1128 2968 substantia
1161 2913 1254 2968 Dei
1305 2912 1605 2967 doctrinam
1647 2912 1898 2980 reliquit?
1935 2913 2029 2966 Hic
2050 2913 2115 2966 ad

554 3005 912 3076 particulares
965 3005 1313 3074 providentia:
1352 3005 1586 3058 rationes
1615 3019 1736 3057 eum
1775 3005 2115 3074 respexisset,

557 3099 702 3152 velut
735 3098 997 3166 vertigine
1031 3097 1285 3150 laborans
1304 3106 1524 3166 propter
1558 3095 1968 3165 insuperabilem
1999 3110 2119 3148 con-

564 3191 854 3259 templandi
893 3189 1285 3251 diliicnltatem,
1313 3189 1464 3256 quasi
1493 3188 1730 3242 clamans
1769 3203 1951 3242 vocem
1975 3186 2115 3240 illam

560 3282 740 3335 emisit
770 3299 782 3334 :
827 3280 870 3335 Ο
903 3280 1132 3333 altitudo
1171 3280 1470 3332 divitiarum
1509 3291 1553 3334 et
1584 3281 1851 3347 sapientiw
1874 3290 1919 3332 et
1943 3279 2119 3348 cogni-

560 3371 717 3424 tionis
753 3369 888 3423 Dei:
921 3385 1077 3438 quam
1115 3370 1478 3422 inscrutabilia
1519 3382 1636 3422 sunt
1661 3369 1872 3438 judicia
1912 3369 2044 3436 ejus,
2073 3379 2119 3422 et

558 3461 1054 3530 imperrestignbiles
1082 3461 1177 3514 via:
1215 3460 1327 3529 ejus
1353 3460 1433 3514 "l
1482 3460 1632 3526 Quod
1680 3461 1722 3514 si
1760 3460 1872 3514 hinc
1907 3460 1980 3513 illi
2025 3462 2121 3530 ipsi

559 3554 652 3623 qui
704 3554 769 3606 ad
817 3567 1120 3607 mensuram
1175 3551 1496 3624 cognitionis
1542 3551 1689 3605 Pauli
1743 3561 2123 3620 pervenerunt,

561 3645 779 3713 assequi
814 3659 920 3697 non
971 3652 1228 3712 possunt;
1280 3652 1478 3710 quanta
1522 3651 1603 3696 est
1640 3641 1886 3710 superbia
1915 3656 2124 3706 eorum,

563 3735 654 3804 qui
687 3752 744 3788 se
778 3735 1132 3789 substantiam
1159 3733 1318 3802 225
1357 3734 1446 3787 Dei
1477 3733 1792 3803 profitentur
1834 3747 2125 3802 cognosce-

562 3826 662 3880 re?
699 3825 842 3891 Quos
874 3826 1114 3892 proiecto
1162 3826 1332 3879 libens
1374 3825 1840 3895 interrogaverim,
1875 3825 2123 3894 quidnam

563 3915 629 3970 de
664 3925 804 3970 terra
848 3917 900 3968 in
934 3930 1038 3984 qua
1071 3924 1496 3980 commorantur,
1528 3926 1581 3968 et
1605 3932 1665 3970 ex
1697 3931 1800 3983 qua
1843 3915 1951 3968 nati
1981 3925 2126 3978 sunt,

563 4009 766 4069 dicant,
799 4022 959 4074 quam
997 4005 1111 4072 ejus
1151 4007 1304 4060 nobis
1333 4017 1602 4074 exponant
1636 4006 1987 4060 substantiam
2025 4025 2038 4059 :
2068 4015 2128 4060 ut

565 4104 609 4158 si
635 4103 700 4157 de
728 4104 790 4156 iis
819 4119 937 4172 quae
963 4103 1107 4157 humi
1144 4113 1269 4157 sunt
1295 4119 1359 4157 ac
1392 4105 1614 4173 pedibus
1656 4105 1955 4173 subiacent,
1981 4117 2128 4162 certo

565 4195 1036 4262 indubitanterque
1069 4194 1355 4261 disserant,
1388 4203 1512 4249 tunc
1541 4196 1620 4250 eis
1658 4213 1889 4266 quoque,
1921 4213 2037 4252 cum
2065 4201 2129 4253 de

568 4285 728 4337 rebus
763 4284 1088 4338 intellectum
1123 4300 1334 4338 omnem
1374 4288 1752 4354 superantibus
1801 4291 2122 4344 sententiam

565 4374 867 4444 proferunt,
917 4377 1072 4428 tidem
1107 4377 1423 4430 habeamus.
1456 4376 1584 4443 Qua:
1623 4379 1782 4447 igitur
1829 4381 2140 4436 substantia.

566 4476 649 4518 est
682 4466 873 4518 terrar?
915 4467 1050 4533 quis.
1087 4466 1584 4534 comprehensionis
1625 4470 1845 4524 modus?
1887 4472 2126 4540 Respono

2203 610 2302 681 τὴν
2331 609 2478 679 ἰσχὺν
2511 607 2848 670 ἀποδίδωσιν,
2885 601 3136 674 οὐδεμίαν
3157 599 3304 670 αὐτῷ
3349 596 3538 667 χώραν
3560 592 3674 658 ἔξει
3712 592 3768 646 τὸ

2206 704 2587 774 συναγόμενον.

2277 883 2362 935 ιε.
2389 881 2560 943 Ὅλως
2584 879 2638 932 δὲ
2659 919 2672 942 ,
2696 877 2754 931 τὸ
2792 875 2996 929 οἴεσθαι
3020 873 3111 927 τοῦ
3147 873 3237 926 ἐπὶ
3264 871 3482 924 πάντων
3508 867 3650 921 Θεοῦ
3681 869 3770 920 aio-

2205 975 2302 1046 τὴν
2353 974 2450 1045 τὴν
2496 973 2682 1025 οὐσίαν
2732 969 3112 1040 ἐξευρηκέναι,
3173 967 3343 1036 πόσης
3386 964 3769 1034 ὐπερηφανᾞ

2206 1068 2319 1118 ἐστί
2357 1067 2450 1119 καὶ
2479 1067 2791 1133 φυσιώσεως
2815 1065 2827 1115 i
2870 1062 3058 1131 Σχεδὸν
3083 1061 3187 1132 γὰρ
3216 1061 3308 1112 καὶ
3334 1058 3496 1112 αὐτὸν
3525 1055 3770 1125 ἀποκρύ-

2207 1177 2397 1212 πτουσι
2441 1163 2504 1229 τῇ
2547 1157 2916 1228 μεγαληγορίᾳ
2947 1156 3036 1210 τὸν
3075 1157 3326 1208 εἰπόντα·
3380 1151 3624 1206 Ἐπάνω
3662 1148 3774 1202 τῶν

2207 1253 2441 1319 ἄστρων
2479 1251 2728 1320 θήσομαι
2753 1249 2857 1301 τὸν
2882 1249 3094 1316 θρόνον
3106 1266 3222 1315 μου
3243 1265 3256 1278 ο
3285 1247 3340 1298 οἵ
3375 1262 3438 1312 γε
3470 1244 3596 1313 οὐχὶ
3623 1243 3772 1294 ἀστέ-

2210 1363 2337 1416 ρων,
2387 1346 2419 1414 ἢ
2467 1343 2695 1414 οὐρανοῦ
2752 1341 3180 1410 κατατολμῶσιν,
3234 1338 3344 1391 ἀλλ’
3387 1338 3564 1407 αὐτὴν
3601 1336 3771 1404 ἐμεσ-

2207 1436 2380 1488 τεύειν
2421 1436 2514 1488 τοῦ
2564 1434 2696 1487 Θεοῦ
2751 1435 2856 1487 τῶν
2908 1433 3041 1486 ὅλων
3066 1432 3162 1502 τὴν
3193 1432 3375 1483 οὐσίαν
3429 1428 3772 1492 ἀλαζονεύον-

2209 1545 2315 1582 ται.
2377 1527 2744 1596 Ἐξετόισωμεν
2797 1527 2902 1596 γὰρ
2957 1525 3134 1586 αὐτὸν,

2211 1637 2293 1673 σιν
2345 1622 2402 1672 ἐν
2465 1619 2710 1689 περινοίᾳ
2765 1616 3110 1688 γεγενῆσθαι.
3159 1612 3281 1686 Ἆρ’
3323 1616 3385 1667 ἐκ
3434 1614 3537 1684 τῆς
3592 1615 3776 1682 κοινῆς

2211 1711 2416 1774 ἐννοίας
2443 1709 2587 1778 (78);
2637 1709 2772 1761 ’Λλλ’
2802 1708 2938 1779 αῦτη
2978 1708 3039 1760 τὸ
3066 1704 3203 1760 εἶναι
3237 1707 3324 1759 τὸν
3363 1705 3515 1768 Θεὸν,
3550 1706 3613 1756 οὐ
3640 1706 3701 1756 τὸ
3726 1703 3774 1756 τί

2214 1799 2347 1856 εἶναι
2399 1805 2527 1872 ἡμῖν
2572 1801 2877 1854 ὑποϐάλλει.
2944 1801 3079 1852 Ἀλλ’
3144 1802 3207 1852 ἐκ
3267 1798 3368 1867 τῆς
3428 1798 3776 1859 διδασκαλίας

2213 1895 2305 1947 τοῦ
2348 1894 2688 1964 Πνεῦματοςς
2723 1895 2917 1957 Ποίας;
2946 1893 2977 1962 ἢ
3007 1893 3105 1962 τῆς
3137 1891 3238 1944 ποῦ
3269 1891 3526 1960 κειμένης
3557 1907 3571 1955 ζ
3610 1892 3719 1958 Οὐκ
3749 1891 3775 1942 δ

2220 1985 2316 2055 μὲν
2369 1986 2537 2055 μέγας
2566 1985 2746 2045 Δαὸὶδ,
2889 1984 2956 2036 τὰ
2996 1983 3159 2052 ἄδηλα
3202 1983 3390 2036 καὶτὰ
3429 1981 3642 2051 κρύφια
3686 1981 3775 2048 τῆς

2217 2075 2408 2128 ἐαυτοῦ
2456 2075 2643 2143 σοφίας
2683 2075 2946 2144 ἐδήλωσεν
2978 2075 3006 2127 ό
3041 2072 3191 2136 Θεὸς,
3243 2073 3493 2143 φανερῶς
3529 2071 3776 2141 ὁμολογεί

2219 2166 2331 2237 (79)
2373 2167 2471 2236 τῆς
2513 2169 2762 2235 γνώσεως
2798 2167 2858 2219 τὸ
2887 2167 3196 2238 ἀπρόσιτον,
3231 2165 3431 2232 λέγων·
3491 2167 3773 2234 Ἐθαι.·μα-

2217 2258 2410 2324 στώθη
2458 2259 2493 2324 ὴ
2523 2257 2742 2326 γνῶσίς
2775 2257 2882 2328 (80)
2925 2274 3038 2310 σου
3079 2257 3145 2321 ἐξ
3173 2256 3334 2325 ἐμοῦ,
3370 2257 3772 2324 exputare-5611'

2218 2350 2288 2401 οὐ
2307 2347 2392 2416 μὴ
2427 2348 2686 2416 δύνωμαι
2708 2348 2853 2416 πρὸς
2879 2346 3106 2413 αὑτήν;
3149 2347 3368 2409 Ἡσαΐας
3395 2347 3472 2408 δὲ,
3497 2349 3525 2398 ό
3559 2349 3620 2398 ἐν
3651 2346 3774 2399 θεω-

2221 2443 2311 2512 ρίᾳ
2333 2441 2430 2510 τῆς
2455 2441 2608 2510 δόξης
2641 2440 2732 2492 τοῦ
2755 2440 2887 2493 Θεοῦ
2918 2441 3222 2511 γενόμενος,
3264 2440 3314 2491 τί
3351 2441 3478 2510 περὶ
3511 2439 3617 2508 τῆς
3642 2439 3776 2501 θείας

2218 2533 2398 2598 οὐσίας
2431 2534 2694 2603 ἐδήλωσεν
2747 2536 2912 2604 ἡμῖν;
2965 2535 3022 2597 ὃς
3071 2550 3131 2599 γε
3189 2534 3243 2585 ἐν
3271 2536 3334 2604 τῇ
3365 2535 3493 2603 περὶ
3542 2533 3774 2602 Χριστοῦ

2221 2625 2520 2695 προφητείᾳ
2561 2624 2981 2695 διαμαρτύρεται
3030 2624 3230 2691 λέγων·
3276 2623 3391 2690 Τὴν
3427 2624 3656 2692 γενεὰν
3680 2627 3775 2676 αἰ·-

2219 2716 2324 2769 τοῦ
2372 2717 2460 2782 τίς
2486 2715 2867 2784 ὃιηγήσετακ
2901 2716 2964 2768 Τί
3004 2716 3146 2768 δὲτὸ
3185 2715 3371 2778 σκεῦος
3401 2717 3504 2784 τῆς
3557 2716 3776 2784 ἐκλογῆς

2223 2809 2447 2873 Παῦλος,
2483 2811 2510 2862 ό
2539 2809 2797 2862 λαλοῦντα
2830 2810 2964 2880 ἔχων
3009 2812 3065 2862 ἐν
3105 2809 3281 2878 ἐαυτῷ
3322 2809 3412 2862 τὸν
3465 2812 3724 2881 Χριστὸν,
3752 2814 3776 2862 ὁ

2222 2901 2322 2963 ἓως
2355 2902 2536 2972 τρίτου
2567 2901 2834 2972 ἁρπαγεὶς
2859 2900 3106 2972 οὐρανοῦ,
3136 2905 3164 2955 ὁ
3199 2901 3267 2954 τὰ
3298 2902 3516 2972 ἄρρητα
3544 2902 3778 2964 ἀκοῦσας

2224 2995 2459 3066 ῥήματα,
2506 2993 2540 3046 ἃ
2571 2996 2669 3047 οὐκ
2725 2994 2841 3060 ἐξὸν
2887 2994 3154 3065 ἀνθρώπῳ
3206 2994 3452 3064 λαλῆσαι,
3501 2997 3628 3048 τίνα
3658 2999 3779 3067 ἡμῖν

2223 3087 2349 3157 περ).
2382 3087 2565 3150 οὐσίας
2597 3087 2728 3140 Θεοῦ
2753 3087 3092 3140 διδασκαλίαν
3126 3088 3362 3158 ἀφῆκεν;
3397 3090 3456 3152 ὃς
3494 3107 3558 3157 γε
3594 3092 3684 3142 ὅτε
3707 3093 3779 3154 εἰς

2222 3179 2347 3241 τοὺς
2399 3180 2650 3248 μερικοὺς
2683 3179 2782 3248 τῆς
2810 3179 3115 3248 οἰκονομίας
3156 3179 3374 3248 διέκυψε
3405 3180 3624 3250 λόγους,
3678 3177 3780 3234 οἷον

2226 3276 2524 3344 ἰλιγγιάσας
2564 3275 2696 3347 πρὸς
2725 3275 2784 3328 τὸ
2815 3276 2911 3346 τῆς
2937 3275 3164 3344 Θεωρίας
3208 3275 3596 3340 ἁδιεξόδευτον,
3648 3277 3780 3326 sxa!-

2223 3382 2318 3436 νην
2363 3367 2612 3436 ἐξεϐόησε
2663 3368 2760 3439 τὴν
2814 3369 3024 3439 φωνήν·
3061 3363 3127 3419 Ὦ
3168 3367 3344 3439 βάθος
3379 3369 3654 3420 πλούτου
3688 3367 3778 3419 καί

2223 3460 2440 3527 σοφίας
2477 3459 2573 3512 καὶ
2611 3459 2880 3527 γνώσεως
2909 3461 3052 3514 Θεοῦ
3078 3475 3090 3490 ·
3126 3461 3204 3524 ὡς
3238 3460 3681 3526 ἀνεξερεύνητα
3716 3459 3780 3511 τὰ

2224 3551 2473 3618 κρίματα
2501 3551 2704 3614 αὐτοῦ,
2729 3551 2826 3604 καὶ
2849 3551 3288 3620 ἀνεξιχνίαστοι
3314 3558 3370 3604 αἱ
3401 3553 3527 3605 ὁδοὶ
3558 3553 3780 3606 αὑτοῦ]

2225 3641 2286 3692 ΕΞ
2311 3640 2367 3692 δὲ
2393 3641 2559 3694 ταῦτα
2593 3645 2700 3704 τοῖς
2731 3644 2808 3705 εἰς
2838 3642 2898 3694 τὸ
2935 3643 3032 3713 τῆς
3063 3642 3270 3696 Παύλου
3304 3642 3557 3710 γνώσεως
3592 3644 3780 3713 μέτρον

2227 3732 2513 3802 ἐφθακόσιν
2543 3733 2822 3802 ἀνέφικτα,
2869 3735 3031 3798 πόσος
3061 3737 3088 3787 ό
3117 3734 3281 3804 τῦφος
3313 3735 3420 3788 τῶν
3455 3737 3782 3804 ἐπαγγελλο-

2230 3826 2402 3896 μένων
2434 3825 2627 3879 είδέναι
2663 3825 2756 3878 τοῦ
2785 3825 2918 3878 Θεοῦ
2964 3827 3060 3897 τὴν
3091 3827 3308 3890 οὐσίαν;
3358 3827 3466 3890 Οὓς
3496 3829 3670 3895 ἡδέως
3723 3830 3782 3882 ἂν

2228 3917 2562 3987 ἐρωτήσαιμι
2604 3917 2734 3987 περὶ
2765 3916 2862 3986 τῆς
2893 3916 2995 3986 γῆς
3020 3917 3103 3983 ἐφ’
3128 3913 3194 3988 ἧς
3227 3920 3431 3981 ἑστᾶσι,
3471 3922 3566 3971 καὶ
3603 3922 3698 3987 ἀφ’
3723 3916 3782 3990 ἧς

2226 4009 2498 4075 γεγόνασι,
2533 4009 2585 4061 τί
2639 4027 2765 4062 ποτε
2807 4011 3053 4079 λέγουσι;
3105 4013 3222 4064 τίνα
3262 4011 3428 4080 αὐτῆς
3457 4011 3558 4082 τὴν
3603 4014 3782 4065 οὐσίαν

2228 4100 2649 4168 ἀπαγγέλλουσιν
2691 4105 2859 4174 ήμῖν;
2901 4105 3006 4168 ἵνα,
3046 4104 3137 4157 ἐὰν
3176 4105 3281 4173 ἄρα
3312 4103 3437 4172 περὶ
3475 4104 3587 4155 τῶν
3617 4108 3783 4173 χαμαὶ

2230 4195 2318 4246 καὶ
2345 4194 2447 4246 ὑπὸ
2473 4197 2581 4257 τοῖς
2621 4195 2744 4247 ποσὶ
2779 4196 3038 4264 κειμένων
3067 4197 3467 4266 ἀναντιρῤήτως
3504 4199 3642 4266 ἡμῖν
3663 4198 3784 4248 δια-

2227 4283 2476 4352 λεχθῶσι.
2521 4286 2638 4337 τότε
2679 4287 2858 4349 αὐτοῖς
2890 4286 2977 4338 καὶ
3026 4287 3149 4355 περὶ
3183 4285 3286 4337 τῶν
3321 4285 3578 4337 ἐπέκεινα
3613 4287 3784 4353 πάσης

2231 4376 2435 4439 ἐννοίας
2467 4376 2880 4447 διατεινομένοις
2907 4377 3295 4445 πιστεύσωμεν.
3323 4378 3416 4438 Τίς
3435 4373 3530 4429 οὖν
3561 4377 3665 4445 τῆς
3691 4381 3784 4446 γῆς

3222 1523 3381 1576 πόθεν
3453 1522 3626 1591 αὐτῆς
3678 1539 3776 1590 φηδ

2230 4468 2262 4538 ἡ
2297 4468 2485 4532 οὐσίας
2515 4471 2663 4532 ποῖος
2695 4469 2892 4540 τρόπος
2925 4469 3020 4539 τῆς
3047 4467 3419 4537 καταλήψεως
3468 4469 3785 4538 Ἀποκρινά·

567 4559 730 4609 deant
759 4557 913 4609 nobis
937 4569 1112 4610 utrum
1143 4573 1259 4610 eam
1289 4558 1423 4611 ratio
1448 4571 1784 4628 assequatur,
1808 4579 1873 4616 an
1904 4565 2118 4633 sensus?

2233 4559 2442 4612 σθωσαν
2478 4563 2627 4631 ἡμῖν,
2675 4562 2900 4631 πότερον
2938 4561 3093 4628 λόγος
3137 4561 3349 4629 ἐφίκετο
3384 4561 3611 4632 ταύτης,
3647 4565 3678 4631 ἢ
3714 4563 3786 4614 αε-

568 4648 662 4699 sed
688 4650 730 4700 si
764 4662 980 4700 sensum
1027 4648 1227 4714 dicent,
1256 4664 1362 4716 quo
1384 4665 1541 4704 sensu
1579 4663 1750 4720 potest
1778 4656 2130 4724 comprehen-

569 4738 660 4790 di?
712 4735 940 4790 \‘isune?
994 4739 1061 4791 At
1095 4739 1182 4791 hic
1215 4739 1420 4795 colores
1457 4743 1700 4813 percipit.
1737 4745 1818 4797 An
1857 4747 2131 4800 tactu?At

570 4826 658 4879 hic
685 4827 936 4879 duritiem
968 4837 1022 4880 et
1067 4829 1362 4893 mollitiem,
1404 4832 1632 4886 calidum
1665 4845 1717 4887 et
1776 4833 2047 4902 frigidum,
2078 4846 2129 4890 et

570 4919 672 4972 alia
718 4919 1022 4985 huiusmodi
1072 4921 1327 4974 discernit
1358 4942 1369 4976 :
1397 4940 1621 4991 quorum
1653 4927 1783 4978 nihil
1816 4927 1974 4991 ullus,
2025 4928 2126 4981 nisi

570 5011 910 5064 iusummani
956 5011 1276 5064 dementiam
1329 5013 1526 5081 lapsus,
1577 5016 1931 5069 substantiam
1980 5019 2128 5070 dixe-

569 5102 659 5156 rit.
713 5099 784 5153 De
816 5113 970 5168 gustu
1021 5116 1168 5165 vero,
1203 5102 1374 5172 deque
1413 5105 1610 5159 olfactu
1657 5107 1787 5174 quid
1821 5109 2010 5160 attinet
2042 5108 2126 5160 di-

569 5191 729 5247 cere?
761 5206 989 5260 quorum
1032 5193 1167 5248 alter
1197 5209 1434 5264 sapores,
1465 5195 1600 5248 alter
1634 5209 1854 5264 vapores
1894 5198 2125 5264 attingit.

648 5382 694 5413 '°
729 5379 830 5436 lsa.
860 5401 967 5449 xiv,
1005 5387 1091 5440 13.
1165 5387 1208 5418 ⁷¹
1243 5386 1384 5442 Psal.
1415 5404 1679 5454 cxxxvnt,
1710 5388 1764 5443 6.

643 5536 756 5612 (78)
793 5538 942 5591 Colb.
970 5535 1115 5612 *Λρα
1147 5542 1209 5594 ἐκ
1227 5544 1324 5610 τῆς
1347 5543 1528 5612 κοινῆς
1551 5543 1768 5607 οὐσίαςς
1812 5544 1889 5598 An
1911 5561 1974 5598 ex
1997 5562 2130 5600 com-

571 5611 715 5658 muni
753 5612 1014 5661 essentia?
1050 5611 1205 5663 Male.

638 5675 748 5756 (79)
780 5676 906 5756 Ιὶσςμ.
941 5682 1128 5733 tertius
1157 5680 1383 5752 ἐδήλωσε
1411 5682 1654 5752 φανερῶς
1683 5686 1709 5736 ό
1739 5683 1890 5748 Θεὸς,
1937 5686 2128 5756 ὁμολο-

571 5747 676 5812 γεῖ,
708 5762 808 5798 non
842 5750 910 5798 ita
939 5759 1102 5802 recte.

643 5815 755 5885 (80)
799 5817 944 5872 Libri
980 5829 1187 5873 veteres
1218 5821 1249 5888 ἡ
1278 5819 1495 5887 γνῶσις.
1526 5821 1798 5878 Al‘ticulus
1823 5823 1872 5878 in
1907 5824 2120 5882 excusis

1841 5391 1884 5422 τί
1913 5391 2013 5446 lsa.
2052 5407 2170 5456 Litt,
2201 5392 2254 5446 8.

2228 4651 2448 4722 σοησις;
2479 4653 2571 4704 καὶ
2613 4656 2658 4704 εί
2693 4653 2786 4720 μὲν
2820 4651 2915 4722 τὴν
2942 4651 3188 4720 αἴσθησιν
3232 4653 3483 4722 φήσουσι,
3519 4653 3650 4723 ποίᾳ
3687 4653 3783 4704 τῶν

2225 4740 2525 4811 αἰσθήσεών
2547 4743 2660 4794 ἐστι
2691 4742 3007 4811 καταληπτή
3033 4758 3045 4804 ;
3083 4741 3332 4812 Ὀράσει;
3373 4741 3533 4792 Ἀλλὰ
3563 4742 3783 4810 χρωμα-

2225 4848 2329 4884 των
2377 4833 2520 4884 ἐστὶν
2555 4833 2904 4903 ἀντιληπτικὴ
2936 4833 3090 4902 αῦτη.
3137 4833 3273 4884 Ἀλλ’
3319 4833 3470 4901 ἁφῇ;
3510 4833 3622 4884 Καὶ
3656 4834 3785 4900 αὕτη

2235 4923 2344 4993 (Si)
2395 4924 2751 4994 σκληρότητος
2782 4925 2874 4976 καὶ
2926 4925 3276 4994 ἁπαλότητος,
3311 4925 3404 4977 καὶ
3463 4923 3675 4993 θερμοῦ
3704 4925 3786 4976 καὶ

2231 5015 2453 5084 ψυχροῦ,
2494 5017 2584 5068 καὶ
2617 5016 2722 5068 τῶν
2761 5016 3010 5068 τοιούτων
3040 5017 3154 5068 ἐστὶ
3181 5004 3506 5086 διακριτικὴ,
3538 5010 3616 5068 ὧν
3646 5016 3787 5068 οὐδὲν

2231 5108 2294 5160 ἄν
2323 5125 2402 5170 τις
2439 5108 2621 5160 οὐσίαν
2663 5107 2824 5169 εἴποι,
2875 5109 2947 5178 μὴ
2992 5110 3069 5170 είς
3100 5107 3322 5176 ἔσχατον
3367 5109 3669 5178 παρανοίας
3697 5111 3789 5159 ὑπ-

2232 5199 2483 5268 ενεχθείς.
2524 5200 2655 5269 Περὶ
2682 5201 2918 5268 γεύσεως
2943 5200 2997 5252 δὲ
3021 5200 3112 5252 καὶ
3131 5200 3447 5271 ὀσφρήσεως
3477 5201 3531 5252 τί
3563 5202 3672 5271 χρὴ
3704 5199 3788 5252 καὶ

2693 5391 2758 5408 ρ-

2328 5391 2372 5422 ⁷³
2396 5391 2550 5445 Rom.
2585 5409 2660 5458 χι,
2692 5391 2762 5446 55

2239 5547 2592 5602 desideratur.
2626 5547 2817 5602 Statim
2839 5549 2891 5603 in
2915 5558 3142 5617 quatuor
3169 5563 3299 5602 mss.
3335 5548 3598 5612 reperitur
3633 5547 3788 5600 intrh

2237 5620 2530 5722 rogatvionis
2561 5631 2684 5672 nota
2721 5629 2850 5688 post»
2892 5635 3073 5674 vocem
3099 5620 3298 5689 αὐτήν;
3344 5617 3486 5670 Num
3512 5622 3706 5686 :potcro
3727 5618 3787 5669 ad

2233 5703 2344 5738 eam
2371 5703 2382 5739 Ξ

2304 5754 2586 5830 (ευ-Ελιίιί
2629 5756 2787 5830 Ἀλλὰ
2835 5759 2986 5830 dum;
3049 5761 3157 5814 Καὶ
3201 5760 3358 5830 αὐτή.
3399 5759 3468 5813 At
3517 5772 3649 5814 mss.
3693 5757 3790 5814 duo

2243 5826 2378 5879 Ἀλλ’
2414 5827 2556 5896 disi};
2584 5828 2675 5880 καὶ
2701 5827 2855 5899 αὕτη.
