3978 6410
261 398 357 454 541

1346 407 1710 464 ADVERSUS
1747 407 2109 464 EUNOMIUM
2151 407 2277 466 LIB.
2321 407 2362 466 I.

3386 416 3490 472 542

256 513 431 581 λέγειν
457 530 472 580 ;
511 508 636 586 ὧνή
671 516 767 588 μὲν
788 519 995 589 χυμῶν,
1032 522 1062 590 ή
1089 522 1144 574 δὲ
1175 521 1336 593 ἑτέρα
1369 524 1476 576 τῶν
1508 527 1694 597 ἀτμῶν
1716 527 1798 598 rip

1917 527 2151 580 Auditus
2202 527 2432 595 denique
2490 540 2652 581 sonos
2707 527 2936 598 percipit
2971 539 3025 582 et
3077 545 3260 600 voces,
3292 533 3490 601 quibus

253 606 536 676 ἀντίληψιν
569 608 698 678 ἔχει.
737 611 896 682 Ἀκοὴ
923 612 979 666 δὲ
1019 609 1204 682 ψόφων
1237 617 1352 668 ἐστὶ
1385 619 1478 670 καὶ
1511 618 1702 684 φωνῶν
1735 620 1818 671 αί-

254 696 506 770 σθητικὴ,
542 699 648 751 τῶν
681 701 933 771 οὐδεμίαν
959 704 1185 772 ἐχόντων
1213 707 1346 778 πρὸς
1375 708 1470 778 τὴν
1497 711 1599 779 γῆν
1632 711 1818 764 οίκειό-

250 805 408 859 τητα.
436 791 691 843 Λείπεται
724 788 816 845 οὖν
863 793 938 864 τῷ
966 793 1106 866 λόγῳ
1133 798 1357 866 φάσκειν
1384 801 1579 864 αὐτοὺς
1600 802 1697 873 τὴν
1727 803 1814 854 οὐ·

251 880 371 933 σίαν
411 882 580 951 αὐτῆς
609 884 916 955 εὑρηκέναι.
953 888 1096 959 Ποίῳ
1150 891 1358 961 τούτῳ;
1400 893 1500 945 ποῦ
1550 895 1646 964 τῆς
1678 895 1814 965 Γρα-

250 973 356 1042 φῆς
383 974 654 1044 κειμὲνῳ;
685 977 787 1030 ὑπὸ
814 978 954 1043 τίνος
987 982 1095 1034 τῶν
1122 983 1288 1050 ἁγίων
1313 985 1666 1055 παραδοθέντι
1693 1004 1707 1050 ;

322 1066 409 1118 15.
451 1067 505 1119 Ὀ
537 1067 634 1138 μέν
667 1085 728 1136 γε
765 1072 890 1142 περὶ
915 1072 1013 1143 τῆς
1051 1075 1277 1140 κτίσεως
1324 1079 1455 1148 ἡμῖν
1493 1078 1812 1149 διαλεχθεὶς,

245 1158 497 1213 τοσοῦτον
539 1163 682 1232 ἡμᾶς
713 1162 966 1231 ἐδίδαξεν,
999 1167 1078 1219 ὅτι
1122 1167 1223 1221 Ἐν
1252 1170 1407 1238 ἀρχῆ
1457 1171 1745 1237 ἐποίησεν
1778 1175 1810 1225 ό

247 1255 393 1320 Θεὸς
408 1255 514 1308 τὸν
544 1257 803 1326 οὐρανὸν
832 1259 927 1311 καί
947 1258 1060 1326 τὴν
1081 1260 1214 1329 γῆν·
1239 1263 1273 1328 ὴ
1296 1261 1361 1314 δὲ
1382 1263 1454 1330 γῆ
1477 1263 1554 1332 ἦν
1570 1265 1816 1332 ἀόρατος

245 1349 345 1401 καί
371 1350 902 1418 ἀκατίισκεύιιστος
928 1354 1211 1424 ’ἐξαρκεῖν
1235 1354 1539 1424 ἡγούμενος
1555 1357 1642 1409 τὸν
1668 1359 1816 1428 ποιή-

248 1457 416 1494 σαντα
446 1442 611 1512 αὐτὴν
634 1443 724 1494 καὶ
753 1444 1192 1516 διακοσμήσαντα
1223 1447 1556 1516 διαγγεῖλαι·
1587 1451 1668 1512 τίς
1701 1451 1755 1502 δὲ

241 1533 401 1585 οὐσία
425 1534 624 1604 ταύτης
645 1537 1114 1605 περιεργάζεσθαι,
1142 1539 1215 1602 ὡς
1245 1542 1465 1610 μάταιον
1489 1542 1579 1594 καὶ
1607 1543 1815 1611 ἀνωτε-

243 1622 335 1688 λὲς
369 1629 478 1689 τοῖς
507 1627 759 1681 ἀκούουσι
788 1631 1160 1701 παρῃτήσατο.
1189 1634 1250 1684 Εἰ
1281 1634 1456 1686 τοίνυν
1485 1636 1618 1705 μήτε
1660 1639 1722 1706 τῇ
1751 1638 1814 1688 ἐκ

240 1717 342 1786 τῆς
371 1718 672 1788 αἰσθήσεως
714 1721 1006 1791 μαρτυρίᾳ,
1051 1724 1186 1792 μήτε
1230 1727 1293 1794 τῇ
1331 1726 1393 1778 ἐκ
1425 1725 1515 1778 τοῦ
1548 1726 1704 1795 λόγου
1737 1729 1813 1780 δι-

238 1807 580 1881 δασκαλίᾳ,ή
616 1811 814 1878 γνῶσις
849 1813 1016 1882 αὐτῆς
1044 1813 1369 1882 βεϐαιοῦται,
1403 1816 1562 1869 πόθεν
1598 1817 1674 1871 ἔτι
1707 1822 1809 1889 φή-

241 1918 396 1952 σουσι
425 1902 522 1972 τὴν
554 1903 855 1975 κατάληψιν
894 1905 1062 1975 αὐτῆς
1104 1908 1421 1978 ὲσχηκέναι;
1462 1909 1534 1961 Τὸ
1571 1911 1669 1980 μὲν
1700 1911 1806 1981 γὰρ

234 1991 360 2045 ὅσον
397 1996 563 2061 αὐτῆς
584 1995 857 2066 αἰσθητὸν,
890 1998 921 2066 ἢ
969 1998 1166 2069 χρῶμά
1193 2002 1358 2064 ἐστιν,
1393 2002 1424 2071 ἢ
1451 2001 1630 2070 ὄγκοςν
1655 2004 1684 2074 ἢ
1712 2004 1806 2072 βά-

237 2101 350 2154 ρος,
383 2085 414 2156 ἢ
452 2086 738 2156 κουφότης,
789 2088 819 2160 ἦ
853 2090 1144 2161 πυκνότης,
1264 2095 1548 2165 χαυνότης,
1582 2096 1614 2167 ἢ
1659 2097 1806 2149 ἀντι-

233 2179 422 2241 τυπία,
472 2179 503 2249 ἢ
536 2180 828 2250 ἁπαλότης,
859 2181 888 2252 ἢ
922 2182 1212 2254 ψυχρότης,
1261 2186 1292 2254 ἦ
1331 2185 1616 2257 θερμότης,
1674 2188 1704 2258 ἦ
1749 2191 1804 2242 αί

233 2269 378 2321 κατὰ
410 2269 534 2332 τοὺς
559 2272 764 2340 χυμοὺς
793 2273 1096 2343 ποιότητες,
1138 2275 1169 2346 ἢ
1203 2278 1254 2328 αἱ
1288 2277 1428 2328 κατὰ
1460 2278 1640 2348 σχῆμα
1687 2281 1804 2332 δια-

233 2361 400 2432 φοραί
433 2359 540 2432 (82)
565 2382 576 2393 ·
619 2358 693 2416 ὧν
729 2363 878 2417 οὐδὲν
911 2365 974 2418 ἂν
1000 2367 1186 2419 οὐσίαν
1231 2369 1431 2422 εἴποιεν
1477 2366 1640 2434 οὗτοι,
1684 2371 1802 2423 οὐδὲ

231 2456 282 2505 εἰ
314 2453 486 2507 πάντα
526 2455 720 2526 ῥᾳδίως
747 2457 973 2525 λέγοιεν.
1011 2460 1166 2529 Λόγῳ
1200 2459 1256 2512 δὲ
1302 2461 1461 2514 πάλιν
1507 2462 1677 2516 οὐδενὶ
1711 2463 1802 2531 γέ-

230 2562 355 2613 γονε
410 2544 653 2619 Θεωρητὴ
698 2548 804 2602 τῶν
860 2549 1036 2618 σοφῶν
1092 2553 1183 2604 καὶ
1227 2554 1510 2624 μακαρίων
1555 2555 1800 2626 ἀνδρῶν’

230 2639 384 2701 ποῖος
405 2633 496 2690 οὖν
526 2639 604 2690 ἔτι
641 2640 837 2710 τρόπος
877 2641 975 2711 τῆς
1009 2641 1259 2710 γνώσεως
1288 2645 1632 2698 ὑπολείπεται
1658 2649 1798 2717 (85);

242 2731 753 2802 Ἀποκρινὰσθωσαν
789 2735 914 2804 ἡμῖν
945 2738 991 2788 οἱ
1015 2737 1462 2807 περιφρονοῦντες
1498 2740 1596 2809 μὲν
1629 2740 1802 2793 πάντα

227 2824 300 2875 τὰ
328 2825 386 2875 ἐν
434 2825 577 2887 ποσὶ,
619 2825 988 2890 διαϐαίνοντες
1030 2828 1086 2880 δὲ
1111 2829 1200 2880 τὸν
1227 2830 1472 2899 οὐρανὸν,
1507 2832 1598 2884 καὶ
1624 2833 1802 2895 πασας

225 2915 328 2978 τὰς
356 2916 754 2987 ὑπερκοσμίους
783 2919 1060 2990 δυνάμεις,
1088 2921 1220 2991 αὐτῇ
1250 2921 1306 2974 δὲ
1339 2925 1402 2992 τῇ
1437 2921 1626 2995 πρώτῃ
1647 2923 1802 2994 οὐσίᾳ

225 3009 316 3062 διὰ
349 3010 442 3062 τοῦ
467 3010 558 3062 νοῦ
597 3013 1008 3082 συναπτόμενοι.
1047 3015 1184 3066 Ἀλλ’
1206 3015 1376 3068 ἔοικεν
1405 3019 1431 3069 ὁ
1460 3016 1624 3084 τῦφος
1664 3017 1799 3070 πάν-

223 3117 335 3154 των
371 3097 507 3156 εἶναι
553 3103 659 3155 τῶν
690 3106 744 3156 ἐν
789 3105 1093 3176 ἀνθρώποις
1133 3107 1318 3161 παθῶν
1349 3108 1458 3179 (84)
1488 3108 1802 3178 χαλεπώτα-

223 3212 338 3260 τον,
379 3198 471 3249 καὶ
504 3198 670 3260 ὅντως
713 3197 790 3268 τῷ
829 3200 920 3252 τοῦ
971 3200 1213 3253 διαϐόλου
1260 3201 1486 3273 κρίματι
1539 3201 1799 3274 περιϐἀλεο

223 3286 359 3347 λειν,
399 3282 479 3352 οἷς
518 3287 583 3340 ἂν
613 3289 979 3360 προσγένηται
1010 3290 1140 3360 (85).
1177 3291 1337 3342 Ὅθεν
1384 3292 1477 3343 καὶ
1509 3286 1650 3344 οὗτοι
1681 3289 1800 3343 οὐδὲ

222 3379 326 3448 τῆς
360 3380 481 3450 γῆς,
539 3381 604 3452 ἣν
659 3383 1052 3444 καταπατοῦσι,
1088 3383 1184 3449 τὴν
1237 3383 1416 3451 φύσιν,
1468 3384 1586 3453 ἥτις
1633 3385 1798 3449 ἐστὶν,

221 3470 598 3539 ἐπιστάμενοι,
634 3471 803 3541 αὐτὴν
833 3472 1155 3542 ἐμϐατεύειν
1193 3474 1289 3543 τὴν
1318 3474 1502 3527 οὐσίαν
1538 3473 1630 3526 τοῦ
1664 3473 1798 3526 Θεοῦ

221 3564 330 3615 τῶν
380 3563 514 3616 ὅλων
552 3562 962 3627 ἀλαζονεύονται
991 3565 1123 3635 (86).
1159 3566 1269 3618 Καὶ
1318 3569 1430 3628 τοῖς
1483 3567 1578 3636 μὲν
1628 3567 1800 3635 ἁγίοις

220 3656 389 3709 αὑτοῦ
419 3659 446 3709 ὁ
479 3657 630 3719 Θεὸς,
681 3656 757 3726 τῷ
802 3656 1050 3728 Ἀϐραὰμ
1100 3657 1194 3710 καὶ
1248 3657 1322 3727 τῷ
1363 3657 1543 3710 Ἰσαὰκ
1577 3659 1668 3710 καὶ
1724 3657 1800 3728 τῷ

231 3746 450 3812 Ἰακὼϐ,
485 3742 579 3814 ὧν,
606 3748 692 3801 διὰ
722 3748 781 3801 τὸ
810 3751 890 3812 είς
928 3751 1106 3802 πᾶσαν
1156 3749 1354 3820 ἀρετὴν
1380 3750 1571 3814 τελεῖν,
1622 3749 1715 3804 καὶ
1739 3749 1799 3802 τὸ

218 3839 355 3903 Θεὸς
410 3840 786 3910 ὀνομάζεσθαι,
822 3840 896 3905 ὣς
948 3859 999 3894 τι
1060 3841 1339 3913 ἐξαίρετον
1372 3844 1465 3895 καὶ
1497 3842 1702 3914 πρέπον
1732 3845 1795 3913 τῇ

218 3930 414 3982 ἑαυτοῦ
441 3932 840 4003 μεγαλειότητι,
873 3934 1230 4005 προετίμησε,
1254 3934 1424 4000 λέγων
1453 3935 1641 3987 ἑαυτὸν
1667 3935 1798 3987 Θεὸν

231 4020 504 4091 Ἀϐραὰμ,
543 4023 634 4074 καὶ
664 4023 794 4075 Θεὸν
840 4024 1044 4088 Ἰσαὰκ,
1071 4026 1163 4077 καὶ
1184 4025 1315 4077 Θεὸν
1357 4025 1579 4078 Ἰακώϐ·
1618 4025 1796 4078 Τοῦτο

217 4112 332 4181 γάρ
349 4116 466 4188 μού
493 4115 664 4167 ἐστιν
693 4115 804 4186 (8ἷ)
837 4116 1020 4185 ὄνομα
1053 4117 1309 4184 αἰώνιον,
1337 4119 1489 4189 φησι,
1520 4118 1617 4171 καὶ
1646 4135 1797 4186 μνη-

210 4206 493 4272 μόσυνον
538 4206 756 4276 γενεῶν
806 4209 1056 4278 γενεαῖς.
1094 4209 1312 4273 Τούτοις
1359 4211 1534 4262 τοίνυν
1587 4210 1704 4262 οὐδὲ
1736 4209 1795 4261 τὸ

217 4299 388 4368 ὄνομα
415 4299 607 4351 ἑαυτοῦ
637 4300 903 4371 ἐδήλωσεν
942 4304 969 4354 ὁ
1003 4302 1154 4365 Θεὸς,
1183 4304 1323 4372 ἦπου
1365 4320 1427 4370 γε
1461 4302 1558 4373 τὴν
1607 4301 1793 4354 οὐσίαν

216 4391 340 4458 ἥτις
389 4389 538 4455 ἐστὶν
572 4391 942 4460 ἀπεκάλυψεν.
991 4391 1136 4459 Ἐγὼ
1185 4392 1316 4459 γὰρ,
1354 4391 1507 4460 φησι,
1541 4391 1754 4456 Κίψιος
1777 4405 1790 4418 '

216 4480 316 4532 καὶ
361 4480 567 4548 ὤφθην
609 4482 758 4547 πρὸς
805 4483 1052 4550 Ἀϐραὰμ
1101 4482 1232 4551 (88),
1279 4481 1375 4534 καὶ
1440 4481 1654 4540 Ἰσαὰκ,
1697 4478 1792 4530 καὶ

1919 619 2053 672 nihil
2089 627 2172 672 est
2209 617 2486 672 afﬁnitatis
2512 635 2635 673 cum
2665 629 2828 674 terra.
2869 621 3150 692 Reliquum
3191 625 3354 696 igitur
3384 635 3487 690 est,

1919 721 1975 763 ut
2007 725 2260 766 sermone
2311 710 2587 766 invenisse
2635 728 2692 767 se
2719 714 2835 782 ejus
2865 714 3222 769 substantiam
3278 718 3486 770 dicant.

1917 801 2035 866 Quo
2073 803 2339 856 tandem?
2369 813 2423 858 et
2454 819 2560 872 quo
2600 803 2716 858 loco
2759 803 3055 873 Scripturae
3091 807 3267 864 editus
3311 810 3485 864 est?a

1918 911 2023 964 quo
2053 905 2360 950 sanctorum
2388 897 2657 953 traditus?

1988 1077 2076 1130 l5.
2115 1075 2277 1132 Certe
2303 1077 2368 1131 de
2400 1079 2672 1131 creatione
2712 1079 2798 1145 qui
2835 1079 3102 1144 disseruit,
3156 1089 3360 1135 tantum
3389 1083 3482 1136 do-

1916 1169 2026 1222 cuit
2073 1183 2192 1232 nos,
2231 1169 2396 1222 Deum
2452 1170 2500 1222 in
2534 1171 2796 1238 principio
2834 1171 3024 1224 fecisse
3072 1171 3264 1225 cmlum
3303 1183 3350 1226 et
3377 1185 3483 1228 ter~

1918 1275 2055 1323 ram,
2101 1269 2262 1328 atque
2314 1270 2512 1314 terram
2580 1262 2748 1316 fuisse
2791 1263 3110 1317 invisibilem
3163 1275 3215 1318 et
3267 1264 3482 1317 inorna-

1917 1359 2024 1402 tam
2047 1348 2126 1413 7‘;
2179 1351 2311 1403 satis
2360 1350 2462 1404 sibi
2496 1365 2616 1404 esse
2667 1361 2836 1415 ratus,
2878 1367 2998 1405 eum
3031 1354 3117 1422 qui
3167 1354 3303 1407 hanc
3356 1354 3483 1408 fecit

1916 1452 2076 1509 atque
2123 1443 2425 1504 exornavit,
2479 1443 2776 1510 praedicare
2834 1463 2846 1497 :
2899 1460 3018 1513 qua:
3046 1461 3171 1500 vero
3213 1447 3328 1515 ejus
3356 1448 3482 1500 sub-

1915 1535 2114 1588 stantia
2173 1536 2329 1598 foret,
2387 1545 2640 1604 tanquam
2670 1537 2714 1588 si
2750 1535 2933 1590 fuisset
2990 1538 3241 1606 quiddam
3286 1553 3478 1592 vanum

1913 1637 1967 1681 et
1997 1628 2342 1681 audientibus
2385 1629 2593 1690 inutile,
2623 1630 2791 1682 noluit
2820 1630 3092 1683 curiosius
3131 1630 3477 1699 investigare.

1914 1724 2098 1792 Itaque
2141 1725 2184 1777 si
2225 1739 2398 1792 neque
2429 1739 2492 1778 ex
2540 1740 2794 1778 sensuum
2849 1728 3176 1793 testimonio,
3213 1743 3385 1796 neque
3414 1742 3480 1781 ex

1913 1815 2176 1868 sermonis
2205 1815 2475 1878 doctrina,
2508 1816 2742 1885 cognitio
2775 1815 2892 1882 ejus
2933 1827 3161 1883 constat,
3203 1819 3344 1871 umle
3370 1819 3478 1886 jam

1843 1885 1882 1938 Β
1908 1906 2089 1961 dicent
2121 1907 2658 1976 comprehensionem
2700 1907 2866 1976 ipsius
2914 1909 3138 1978 adeptos
3167 1911 3321 1963 esse?
3348 1910 3478 1964 Nam

1905 2001 2044 2067 quod
2079 2001 2130 2053 in
2165 2017 2226 2054 ea
2273 1999 2528 2055 sensibile
2567 2008 2671 2062 est,
2707 2009 2799 2052 aut
2831 1999 2979 2053 color
3009 2010 3109 2067 est,
3158 2011 3250 2054 aut
3290 2001 3479 2066 moles,

1905 2101 1995 2143 aut
2027 2091 2288 2158 gravitas,
2324 2101 2415 2144 aut
2442 2091 2657 2152 levitas,
2709 2098 2801 2143 aut
2842 2091 3105 2154 densitas,
3137 2102 3230 2144 aut
3263 2093 3476 2155 raritas,

1904 2193 1995 2236 aut
2028 2185 2272 2247 durities,
2321 2195 2413 2237 aut
2463 2184 2748 2249 mollities,
2785 2193 2876 2236 aut
2916 2185 3203 2253 ft'igiditas,
3235 2195 3326 2238 aut
3351 2185 3479 2239 cali-

1903 2277 2064 2340 ditas,
2090 2287 2181 2329 aut
2225 2277 2510 2330 humerum
2550 2277 2861 2343 qualitates,
2895 2287 2987 2329 aut
3040 2278 3219 2344 figttrze
3247 2279 3477 2333 diversi-

1906 2378 1985 2422 tas
2014 2387 2026 2423 :
2056 2385 2282 2438 quorum
2319 2369 2369 2423 Ιιί
2407 2369 2536 2422 nihil
2562 2369 2794 2423 dixerint
2831 2369 3214 2434 substantiam,
3263 2371 3475 2422 etiamsi

1901 2459 2081 2511 omnia
2131 2459 2290 2512 facile
2337 2458 2551 2512 soleant
2601 2458 2884 2511 afﬁrmare.
2930 2457 3138 2510 Rursus
3179 2458 3324 2510 nullo
3362 2475 3475 2513 ser-

1903 2567 2059 2606 mone
2087 2551 2410 2621 sapientinm
2450 2551 2684 2604 virorum
2715 2560 2874 2619 atque
2910 2551 3190 2604 beatorum
3226 2561 3474 2620 percepta

1901 2653 2002 2698 est.
2039 2642 2170 2708 Quis
2202 2643 2363 2712 igitur
2390 2641 2500 2710 jam
2533 2652 2776 2710 superest
2827 2641 3013 2695 modus
3045 2644 3476 2709 comprehensio-

1903 2736 2027 2790 nis?
2071 2736 2445 2803 llespondeant
2481 2734 2633 2786 nobis
2666 2734 2756 2800 qui
2798 2743 2988 2788 cuncta
3023 2751 3142 2804 qua:
3182 2736 3280 2789 sub
3323 2734 3475 2804 pedi-

1901 2828 2000 2881 bus
2031 2835 2176 2890 sunt,
2207 2825 2511 2895 despiciunt
2551 2842 2562 2877 :
2594 2825 2788 2878 callum
2821 2840 2946 2878 vero
2979 2836 3032 2879 et
3065 2826 3328 2895 quaslibet
3362 2842 3476 2881 cm—

1901 2921 2063 2974 lestt-s
2115 2929 2409 2988 potestates
2457 2918 2859 2980 transcendunt,
2911 2933 2972 2970 ae
3009 2918 3104 2985 ipSI
3140 2919 3322 2985 prima:
3346 2919 3473 2970 sult~

1900 3014 2114 3068 stantia:
2141 3022 2318 3067 mente
2344 3010 2769 3079 conjunguntur.
2802 3008 2905 3062 Sed
2939 3010 3144 3062 videtur
3170 3010 3474 3078 arrogantia

1900 3107 2139 3159 omnium
2207 3105 2564 3158 humanorum
2613 3103 2863 3154 vitiorum
2895 3101 3271 3170 gravissimum
3335 3116 3470 3164 esse.

1903 3208 1956 3253 et
1979 3199 2174 3266 quibus
2215 3199 2373 3260 inest,
2418 3212 2510 3250 eos
2550 3210 2676 3250 vere
2701 3194 2895 3248 diaboli
2925 3195 3150 3248 crimine
3188 3195 3472 3262 implicari.

1909 3293 2056 3346 Unde
2077 3294 2237 3345 etiam
2270 3291 2346 3355 hi,
2384 3304 2450 3344 ne
2481 3298 2762 3343 noscentes
2789 3288 3000 3358 quidem
3031 3288 3203 3356 qualis
3220 3289 3285 3342 si:
3320 3298 3474 3343 terra:

1902 3400 2062 3454 quam
2099 3385 2308 3438 calcant
2341 3395 2555 3447 natura,
2601 3383 2768 3451 ipsam
2805 3382 2894 3434 Dei
2941 3382 3316 3435 universorum
3348 3384 3474 3436 sub-

1901 3479 2157 3533 stantiam
2217 3478 2369 3530 adire
2431 3490 2488 3529 se
2522 3483 2836 3544 arroganter
2884 3484 3154 3530 asserunt.
3213 3475 3277 3527 Et
3336 3474 3473 3528 Deus

1901 3571 2104 3624 sanctis
2143 3569 2358 3638 quidem
2408 3569 2540 3632 suis,
2589 3568 2862 3620 Abraham
2912 3575 2968 3618 et
3003 3564 3149 3618 Isaac
3189 3575 3242 3619 et
3284 3563 3473 3627 Jacob,

1901 3675 2151 3728 quorum,
2187 3661 2254 3714 ob
2296 3660 2461 3713 totius
2483 3659 2701 3712 virtutis
2729 3656 3144 3727 perfectionem,
3177 3659 3332 3726 quasi
3370 3658 3473 3710 hoc

1903 3751 2094 3805 fuisset
2130 3752 2458 3821 praacipuum
2505 3751 2757 3818 quiddam
2795 3765 2857 3804 ac
2885 3749 3146 3815 majestati
3198 3765 3307 3803 sua:
3342 3765 3472 3802 con-

1901 3844 2147 3906 veniens,
2185 3845 2324 3900 Deus
2368 3845 2528 3898 etiam
2566 3843 2832 3896 nominari
2883 3843 3070 3907 voluit,
3106 3841 3269 3896 Deum
3299 3842 3472 3896 Abra-

1900 3935 2021 3990 ham
2045 3937 2278 4006 seipsum
2315 3935 2610 4004 appellans,
2637 3947 2690 3988 et
2722 3935 2885 3988 Deum
2918 3933 3089 3999 Isaac,
3121 3945 3174 3987 et
3196 3935 3358 3987 Deum
3381 3931 3468 3986 Ja-

1899 4029 1998 4082 coh
2029 4048 2042 4080 :
2081 4027 2199 4080 Hoc
2232 4029 2368 4080 enim
2399 4047 2580 4082 nomen
2616 4046 2783 4082 meum
2823 4038 2897 4082 est
2944 4037 3214 4089 wternum,
3268 4025 3466 4094 inquit,

1897 4129 1945 4172 et
2007 4120 2309 4175 ntemoriale
2361 4123 2752 4191 generationem
2799 4118 3316 4190 generationibus".
3376 4117 3470 4171 llis

1898 4211 2061 4277 igitur
2092 4229 2159 4264 ne
2183 4229 2336 4266 suum
2375 4214 2592 4282 quidem
2629 4229 2824 4266 nomen
2865 4210 3156 4264 declaravit
3195 4209 3350 4271 Deus,
3384 4226 3470 4262 ne-

1897 4307 2019 4356 dum
2054 4319 2172 4371 qua:
2227 4303 2298 4356 sit
2355 4319 2449 4357 sua
2497 4304 2664 4370 ipsius
2699 4301 2958 4365 essentia,
3024 4301 3300 4354 revelarit.
3357 4299 3468 4369 Ego

1894 4395 2052 4461 enim,
2128 4395 2298 4463 inquit
2350 4395 2604 4448 Dominus
2635 4409 2652 4446 :
2681 4406 2727 4447 et
2790 4395 2926 4446 visus
2959 4407 3073 4443 sum
3106 4391 3377 4442 Abraham
3417 4401 3465 4442 et

1897 4483 2051 4538 Isaac
2095 4486 2258 4556 226
2296 4495 2341 4538 et
2372 4489 2567 4549 Jacob,
2626 4487 2760 4538 Dens
2804 4485 3054 4536 exsistens
3104 4482 3370 4548 ipsorum;
3421 4489 3466 4532 τε

229 4570 454 4634 Ἰακὼϐ,
499 4571 641 4637 Θεὸς
675 4571 758 4626 ὢν
799 4571 1029 4626 αὐτῶν·
1078 4573 1172 4624 καὶ
1217 4574 1280 4624 τὸ
1320 4570 1504 4639 ὄνομά
1525 4589 1644 4639 μου
1680 4572 1789 4623 οὐκ

1906 4591 2077 4629 conten
2117 4595 2284 4630 meum
2319 4595 2420 4630 non
2454 4579 2680 4630 iudicavi
2715 4579 2840 4644 ipsis
2869 4578 2948 4639 7°;
3003 4584 3256 4642 tanquam
3293 4577 3464 4642 Inajus

211 4663 495 4731 ἐδήλωσα
528 4664 768 4730 αὐτοῖς’
818 4665 889 4728 ὡς
951 4663 1132 4733 μεῖζον
1173 4663 1474 4734 δηλονότιῆ
1523 4663 1661 4715 ὥστε
1705 4663 1796 4714 ἁν-

214 4754 460 4827 θρωπίνῃ
495 4757 630 4827 ἀκοῇ
665 4757 996 4828 χωρηθῆναι.
1043 4757 1288 4826 Εὑνομίῳ
1319 4756 1426 4825 (89)
1469 4756 1544 4819 δὲ,
1579 4757 1654 4818 ὡς
1688 4753 1794 4806 ἕοιο

288 4847 334 4878 "
359 4847 494 4900 Gen.
517 4864 556 4910 ι,
589 4848 638 4912 l,
660 4848 711 4899 ‘2.
787 4847 834 4877 "
869 4848 1035 4901 Exod.
1069 4863 1153 4910 ιιι,
1180 4846 1265 4900 l5.

289 4942 397 5009 (82)
429 4943 562 4997 Editi
606 4944 880 5014 διαφοραὶ,
923 4943 954 5013 ἢ
995 4943 1240 5014 μέγεθος.
1289 4941 1391 4995 Sed
1429 4943 1574 5004 illud,
1612 4942 1642 5012 ἢ
1687 4943 1784 5012 μέ-

211 5014 391 5081 γεθος,
421 5015 704 5067 delendum
736 5015 1066 5078 censuimus,
1103 5015 1254 5065 tidem
1281 5023 1521 5066 veterum
1555 5024 1786 5080 quatuor

215 5086 475 5136 librorum
511 5087 699 5138 secuti.
737 5084 841 5138 Nec
883 5085 1036 5136 Valde
1073 5084 1356 5137 admodum
1401 5084 1604 5145 dubito,
1653 5086 1782 5151 quin

213 5154 406 5207 melius
443 5154 602 5215 absit,
638 5170 760 5208 cum
785 5155 1057 5222 aliquanto
1115 5165 1239 5206 ante
1273 5169 1369 5206 vox
1399 5152 1562 5221 ὄγκος
1610 5157 1779 5220 posita

212 5225 304 5287 sit,
341 5237 458 5291 qure
495 5239 595 5276 non
639 5240 780 5288 raro,
817 5235 872 5276 ut
913 5237 1094 5278 notum
1140 5233 1242 5286 est,
1279 5224 1416 5276 idem
1456 5224 1595 5274 valet
1640 5225 1780 5289 quod

210 5309 317 5347 vox
367 5293 614 5362 μεγέθος.
659 5296 881 5349 Accedit
925 5297 1108 5360 etiam,
1152 5299 1292 5363 quod
1330 5294 1426 5346 has
1454 5294 1585 5345 duas
1625 5308 1781 5346 voces

213 5364 484 5428 interpres
527 5374 682 5416 vetus
732 5381 834 5417 non
879 5367 1178 5433 agnoverit.
1222 5363 1424 5418 Ibidem
1463 5378 1590 5417 mss.
1624 5363 1774 5416 οὐδὲν

210 5433 296 5486 ἄν.
330 5433 528 5486 Vocula
550 5434 615 5487 ἄν
644 5438 694 5486 in
722 5435 880 5488 editis
913 5439 1117 5489 deerat.

281 5502 397 5573 (85)
427 5503 555 5569 Reg.
586 5516 808 5571 quartus
837 5504 1087 5572 γνώσεως
1134 5505 1538 5559 ὑπολέλειπται.
1574 5503 1772 5557 Ibidem

209 5574 876 5647 etlitiAdrroxptjaésOwcae
902 5577 1032 5645 ἡμῖν
1069 5579 1118 5628 οί
1147 5575 1600 5647 περιφρονοῦντες
1641 5574 1777 5626 παν-

207 5660 298 5698 τα.
334 5644 710 5699 (ἴοιίεκῸοΙὶ).
752 5657 802 5698 et
847 5644 996 5713 Regii
1032 5659 1139 5700 ll‘t‘S
1171 5644 1262 5705 ita,
1289 5644 1344 5698 ut
1379 5646 1669 5700 edidimus.

281 5715 393 5780 (84)
424 5715 561 5788 lieg.
589 5728 810 5788 quartus
845 5716 953 5768 τῶν
981 5717 1332 5788 ἀνθρωπίνων
1355 5715 1562 5769 παθῶν.

281 5788 392 5855 (85)
422 5785 602 5838 Potest
634 5786 722 5840 hic
755 5787 922 5848 locus,
950 5789 992 5839 si
1019 5785 1168 5851 libet,
1204 5789 1336 5840 verti
1363 5797 1414 5840 et
1445 5789 1543 5839 hoc
1569 5789 1724 5840 modo
1759 5803 1774 5840 :

207 5866 257 5913 ει
285 5860 338 5910 in
369 5857 556 5912 quibus
580 5861 729 5921 ineat,
761 5873 846 5911 eos
877 5874 987 5912 vere
1010 5858 1205 5911 diaboli
1241 5859 1666 5911 caudenmationi
1696 5857 1778 5911 ob-

1340 4848 1386 4876 ”
1411 4847 1582 4899 Exod.
1621 4846 1751 4908 n.2,
1782 4845 1834 4898 5.

1903 4667 2166 4728 videlicet,
2196 4685 2354 4736 quam
2389 4679 2444 4721 ut
2476 4670 2721 4722 humana:
2747 4684 2905 4721 aures
2927 4669 3162 4736 capiant.
3191 4665 3257 4716 At
3287 4663 3468 4717 Euno-

1904 4758 2033 4823 mio,
2069 4769 2125 4812 ut
2157 4761 2389 4824 videtur,
2431 4777 2534 4814 non
2561 4776 2754 4814 nomen
2794 4761 2971 4823 modo,
2999 4757 3092 4811 sed
3120 4756 3282 4810 etiam
3313 4771 3466 4810 suam

1889 4941 2074 4994 noxios
2104 4941 2336 4994 reddere.
2387 4940 2507 4995 Mox
2555 4941 2683 4994 editi
2707 4935 2774 5011 ἧς
2805 4936 3198 4992 καταπατοῦσι.
3233 4937 3298 4990 At
3331 4951 3462 4990 mss.

1888 5028 1991 5064 IlUll
2029 5028 2088 5064 l):l
2100 5028 2178 5063 IICI
2206 5028 2293 5064 ην.

1959 5011 2746 5150 (ὦ),ἓῗίίῖίνόλαζονεύοντας,
2795 5077 3129 5150 negligentia
3154 5091 3457 5150 operamini.

1888 5145 2175 5220 Aliquanto
2226 5158 2349 5221 post.
2395 5149 2796 5219 Regaquartus
2848 5151 2914 5219 τῇ
2946 5145 3132 5200 αὑτοῦ
3183 5145 3464 5216 μεγαλειό-

1883 5239 2024 5275 τητι.
2350 5251 2354 5256 ν

1939 5253 2067 5360 (ἐξ)
2100 5289 2229 5353 Reg.
2263 5253 2486 5358 quartus
2511 5288 2621 5360 γάρ
2651 5289 2740 5359 μοί
2766 5291 2931 5342 ἐστιν.
2979 5288 3121 5342 Infra
3154 5301 3282 5341 mss.
3308 5285 3461 5338 multi

1882 5363 2020 5432 ἦπου
2051 5360 2148 5432 τὴν
2169 5361 2377 5414 οὐσίαν.

1953 5433 2062 5499 (88)
2097 5425 2231 5484 Editi
2258 5442 2308 5484 et
2341 5445 2477 5483 unus
2511 5431 2674 5482 codex
2712 5430 2804 5483 καὶ
2835 5430 3022 5499 ὤφθην
3061 5427 3139 5499 τῷ
3176 5425 3456 5499 μἈϐραόιμ.

1881 5497 1981 5555 Alii
2013 5497 2250 5572 quinque
2295 5517 2422 5555 mss.
2457 5501 2550 5552 καὶ
2591 5499 2781 5572 εἶιφθην
2812 5502 2947 5570 πρὸς
2979 5497 3259 5568 Ἃϐραάμ,
3291 5507 3345 5549 ct
3383 5498 3459 5549 ita

1882 5569 2084 5628 editum
2120 5569 2388 5625 invenitur
2416 5573 2554 5638 apud
2589 5569 2752 5626 LXX.

1955 5644 2066 5711 (89)
2099 5643 2235 5696 Editi
2266 5653 2318 5696 et
2349 5636 2478 5709 Reg.
2509 5650 2780 5694 secundus
2799 5639 3112 5709 χωρηθῆναι
3135 5636 3454 5711 δυνάμενον.

1882 5708 1985 5767 Alii
2023 5708 2131 5766 tres
2185 5729 2311 5766 mss.
2346 5708 2664 5782 χωρηθῆναι
2701 5713 2776 5781 μὴ
2801 5708 3136 5782 δυνάμενον.
3176 5708 3457 5782 liegiittuo

1882 5794 1936 5836 et
1961 5783 2112 5836 Colh.
2158 5778 2499 5854 xwpqﬂﬁvdt.
2535 5778 2803 5854 Εὐνομίῳ,
2829 5793 2881 5834 et
2915 5783 2984 5854 ita
3007 5780 3288 5854 edendum
3316 5778 3460 5845 judi-

1884 5849 2399 5910 cavimusiEt'v'ero
2449 5853 2597 5918 illttd,
2629 5849 2790 5916 ὥστε,
2826 5852 2960 5922 regit
3005 5849 3324 5905 infinitivum
3359 5863 3459 5917 χω-
