3978 6410
318 379 420 432 ῦίῦ

1392 378 1758 437 ADVERSUS
1796 382 2161 441 EUNOMIUM
2203 384 2330 438 LIB.
2377 385 2414 439 l.

3437 383 3538 439 546

304 491 437 545 Θεοῦ
468 489 560 560 τὴν
593 488 776 541 οὐσίαν
811 489 958 558 παρά
999 489 1090 541 τοῦ
1132 490 1385 560 Ἰεζεκιὴλ
1429 490 1712 561 διδαχθεὶς,
1770 494 1856 545 πά-

1969 505 2054 548 tur
2077 497 2150 561 ⁸³;
2179 506 2342 565 atque
2374 498 2475 550 boc
2508 505 2663 564 pacto
2696 514 2799 550 non
2849 497 3011 551 falsas
3037 498 3231 561 solum,
3269 499 3363 553 sed
3401 501 3536 554 inter

303 582 386 633 λιν
411 580 521 650 πῦρ
547 574 680 630 εἶναι
700 578 789 631 τὸν
819 579 949 631 Θεὸν
980 579 1125 649 παρὰ
1160 579 1250 632 τοῦ
1283 582 1522 644 Μωσέως
1555 584 1864 645 ἀκούσεται,

303 673 398 726 καὶ
443 670 588 742 παρὰ
614 669 705 722 τοῦ
741 669 902 739 σοφοῦ
949 672 1146 742 Δανιὴλ
1194 672 1329 742 πρὸς
1366 672 1530 736 ἄλλας
1571 675 1866 745 ὑπολήψεις

303 761 758 831 ἀπενεχθήσεται·
819 763 911 813 καὶ
939 760 1109 824 οὕτως
1152 763 1212 814 οὐ
1262 761 1474 832 ψευδεῖς
1509 763 1686 833 μόνον,
1736 765 1871 817 ἀλλά

306 855 399 906 καὶ
430 852 734 924 μαχομένας
765 852 1015 923 ἀλλήλαις
1050 854 1114 906 ἐκ
1144 853 1251 906 τῶν
1270 855 1618 926 Γραμμάτων
1647 857 1871 929 εὑρεθή-

310 960 461 996 σεται
505 943 602 1005 τὰς
635 943 931 1012 φαντασίας
965 943 1372 1015 ἀναλεγόμενος.
1424 947 1736 1017 Ἀφεμένοις
1763 948 1871 1018 (95)

303 1032 397 1089 οῦν
420 1037 518 1106 τῆς
543 1035 682 1116 κατά
708 1035 803 1107 τὴν
827 1037 1012 1090 οὐσίαν
1046 1037 1571 1109 πολυπραγμοσύνης
1603 1040 1676 1102 ὡς
1707 1041 1872 1108 ἀνεφ-

308 1131 480 1194 ίκτου,
514 1132 578 1198 τῇ
617 1129 759 1199 ἁπλῇ
781 1130 1092 1200 παραινέσει
1123 1131 1215 1183 τοῦ
1247 1132 1567 1186 Ἀποστόλου
1600 1133 1866 1193 πειστέον,

301 1219 586 1287 λέγοντος·
624 1219 950 1272 Πιστεῦσαι
1001 1219 1111 1287 γὰρ
1158 1219 1252 1272 δεῖ
1297 1219 1552 1287 πρῶτον,
1610 1220 1696 1273 ὅτι
1741 1222 1871 1274 ἔστι

304 1311 468 1376 Θεὸς,
498 1309 593 1363 καὶ
642 1309 766 1375 τοῖς
805 1308 1154 1376 ἐκζητοῦσιν
1195 1311 1381 1364 αὐτὸν
1422 1315 1870 1381 μισθαποδότης

299 1403 544 1471 γίνεται.
581 1401 652 1452 Οὐ
687 1399 850 1470 γάρὴ
889 1401 981 1453 τοῦ
1011 1401 1064 1453 τί
1097 1403 1244 1454 ἐστιν
1284 1402 1648 1474 ἐξερεύνησις,
1689 1405 1803 1458 ἀλλ’
1834 1409 1866 1476 ή

298 1493 394 1546 τοῦ
423 1495 504 1546 ὅτι
537 1491 681 1544 ἐστιν
713 1491 966 1560 ὁμολογία
1005 1491 1101 1563 τὴν
1143 1494 1412 1564 σωτηρίαν
1447 1496 1578 1565 ἡμῖν
1613 1495 1724 1566 (96)
1761 1513 1867 1548 πα-

303 1582 647 1656 ρασκευάζει.
684 1583 834 1638 Ἐπεὶ
873 1579 964 1636 οῦν
997 1585 1350 1656 ἀπερινόητος
1382 1585 1667 1657 ἀνθρώπου
1709 1588 1866 1656 φύσει

299 1678 393 1729 καὶ
423 1677 654 1746 apem;
683 1675 956 1739 παντελῶς
977 1679 1008 1746 ὴ
1029 1676 1182 1729 οὐσία
1204 1677 1293 1729 τοῦ
1319 1678 1451 1730 Θεοῦ
1473 1680 1864 1742 ἀποδέδεικται,

1974 600 2031 637 se
2062 586 2221 639 etiam
2256 597 2554 656 pugnantes
2580 587 2990 655 imaginationes
3012 603 3075 640 ex
3105 587 3400 656 Scripturis
3433 591 3536 641 colo

1975 678 2138 744 ligere
2179 677 2499 746 reperietur.
2530 677 2761 730 Proinde
2787 678 3000 731 curiosa
3041 676 3287 730 essentite
3314 675 3534 746 indaga-

1979 771 2140 829 tione,
2169 777 2422 837 tanquam
2451 784 2569 838 quae
2597 779 2809 838 captum
2835 779 3077 821 nostrum
3103 777 3346 835 superet,
3373 768 3535 838 227

1979 859 2182 922 relicta,
2215 860 2540 913 credendum
2582 861 2732 915 nobis
2763 869 2844 914 est
2877 859 3103 928 simplici
3138 860 3367 913 consilio
3396 863 3531 927 Apo-

1972 951 2113 1012 stoli,
2164 952 2252 1019 qui
2290 953 2416 1004 dicit
2455 968 2468 1004 :
2509 950 2646 1005 Nam
2691 954 2913 1021 primum
2945 953 3151 1005 credere
3185 961 3404 1021 oportet,
3429 968 3537 1005 esse

1975 1041 2158 1104 Deum,
2186 1052 2232 1095 et
2255 1059 2364 1096 esse
2393 1057 2832 1097 remuneratorem
2867 1045 3218 1113 quwrentibus
3252 1061 3307 1098 se
3327 1044 3392 1096 ⁸⁸.
3418 1043 3533 1098 Non

1972 1134 2112 1186 enim
2159 1133 2500 1201 investigatio
2556 1150 2658 1203 qua
2694 1145 3096 1204 perscrutamur
3140 1137 3266 1203 quid
3310 1137 3399 1199 sit,
3442 1137 3534 1189 sed

1973 1223 2241 1278 confessio
2276 1240 2382 1293 qua
2415 1226 2587 1294 ipsum
2613 1239 2732 1280 esse
2757 1227 3098 1291 confitemur,
3129 1227 3352 1280 salutem
3383 1228 3537 1280 nobis

1973 1317 2244 1371 conciliat.
2280 1316 2459 1384 Quare
2481 1333 2601 1372 cum
2649 1319 3074 1373 demonstratum
3109 1320 3199 1383 sit,
3245 1319 3532 1373 essentiam

1976 1407 2067 1460 Dei
2111 1407 2178 1460 ab
2218 1407 2446 1460 humana
2472 1417 2662 1460 natura
2708 1407 2926 1478 intelligi
2978 1423 3040 1464 ac
3077 1408 3331 1477 explicari
3391 1407 3535 1460 nullo

1974 1497 2132 1550 modo
2161 1510 2354 1563 posse,
2397 1497 2660 1564 reliquum
2688 1507 2764 1551 est
2795 1507 2852 1550 ut
2889 1498 2954 1550 de
2994 1499 3104 1565 ipsa
3133 1498 3536 1567 ingeneratione

1974 1586 2309 1656 inquiramus
2349 1588 2476 1656 quid
2507 1588 2597 1651 sit,
2647 1597 2702 1642 et
2732 1592 2995 1657 quomodo
3046 1602 3162 1643 eam
3198 1590 3251 1643 in
3281 1589 3390 1644 Deo
3415 1589 3535 1643 uui-

1974 1691 2252 1730 versorum
2292 1677 2646 1744 speculemur.

298 1767 612 1839 λειπόμενόν
663 1771 777 1820 ἐστι
821 1769 948 1836 περὶ
1012 1769 1109 1838 τῆς
1153 1769 1475 1842 ἀγεννησίας
1531 1773 1699 1844 αὐτῆς
1746 1773 1800 1825 τί
1838 1773 1897 1825 τέ
1934 1773 2069 1835 ἐστι,
2100 1770 2194 1823 καὶ
2232 1769 2350 1834 πῶς
2400 1771 2776 1842 ἐπιθεωρείται
2825 1770 2901 1842 τῷ
2927 1771 3044 1844 Θεῷ
3084 1772 3193 1826 τῶν
3233 1772 3369 1826 ὅλων
3395 1770 3534 1837 διεξ,

299 1859 490 1913 ελθείν.

370 1950 456 2004 15.
491 1951 822 2022 Εὑρίσκομεν
867 1947 958 2004 οῦν
1011 1951 1368 2024 λογιζόμενοι,
1431 1956 1512 2007 ὅτι
1559 1956 1658 2009 οὐκ
1705 1959 1762 2009 ἐν
1794 1959 1861 2028 τῇ
1896 1964 1936 2019 Β

293 2042 387 2094 τοῦ
429 2043 479 2094 τί
512 2045 656 2095 ἐστιν
690 2045 1034 2114 ἀνερευνήσει
1065 2045 1097 2115 ή
1143 2044 1236 2096 τοῦ
1279 2047 1573 2116 ἀγεννήτου
1613 2049 1744 2118 ἡμῖν
1779 2047 1862 2100 έν-

293 2151 411 2187 νοια
433 2135 744 2199 ὑποπίπτει,
771 2135 904 2187 άλλά
930 2135 1147 2206 μᾶλλον,
1177 2138 1262 2189 ἵνα
1292 2139 1620 2208 βιασάμενος
1649 2139 1757 2211 (97)
1792 2141 1860 2192 εἴ·

295 2245 382 2279 πω
408 2227 498 2280 τὸν
524 2228 699 2296 λόγον,
732 2231 787 2280 ἐν
812 2231 876 2299 τῇ
907 2229 1000 2281 τοῦ
1035 2231 1194 2298 ὅπως,
1218 2231 1383 2284 ἐστίν.
1432 2231 1727 2298 Ἐξετάζων
1753 2231 1860 2302 γὰρ

298 2318 450 2388 ἡμῶν
469 2319 496 2370 6
523 2318 666 2382 νοῦς,
689 2320 736 2370 εἰ
768 2321 795 2372 ὁ
817 2320 908 2372 ἐπὶ
935 2320 1149 2375 πάντων
1172 2321 1303 2384 Θεὸς
1326 2323 1515 2376 ἑαυτοῦ
1535 2340 1653 2376 τινα
1683 2325 1860 2378 αίτίαν

294 2409 688 2480 ὑπερκειμένην
739 2409 868 2479 ἔχει,
906 2407 1022 2464 εἶτα
1061 2412 1120 2464 οὐ
1164 2413 1456 2483 δυνάμενος
1503 2415 1738 2468 ἐπινοεῖν
1767 2417 1859 2469 οὐ·

291 2501 504 2571 δεμίαν,
536 2501 595 2554 τὸ
622 2501 853 2572 ἄναρχον
879 2503 1042 2555 αὐτοῦ
1074 2504 1172 2573 τῆς
1204 2503 1348 2575 ζωῆς
1374 2506 1664 2576 ἀγέννητον
1696 2525 1860 2578 προσ-

291 2595 610 2665 ηγόρευσεν.
659 2595 746 2656 Ὠς
777 2594 884 2666 γάρ
914 2596 970 2648 ἐν
1009 2597 1117 2658 τοῖς
1155 2597 1278 2667 περὶ
1306 2597 1415 2651 τῶν
1447 2598 1746 2670 ἀνθρώπων
1769 2599 1858 2651 λό-

292 2702 428 2754 γοις,
455 2688 582 2739 ὅταν
611 2687 860 2756 λέγωμεν
889 2689 991 2750 ὅτι,
1021 2688 1078 2741 Ὀ
1098 2687 1240 2741 δεῖνα
1270 2691 1332 2741 ἐκ
1360 2690 1512 2743 τοῦδε
1539 2691 1854 2759 γέγονεν,οὺ

291 2777 352 2831 τὸ
372 2778 423 2830 τί
451 2781 593 2832 ἐστιν
627 2779 876 2841 ἑκάστου,
907 2779 1040 2833 ἀλλά
1062 2780 1122 2833 τὸ
1145 2779 1265 2833 ὅθεν
1289 2781 1474 2849 γέγονε
1503 2782 1853 2853 διηγούμεθα·

295 2871 436 2925 οὓτω
465 2873 558 2927 καὶ
592 2876 649 2925 ἐν
681 2876 790 2938 τοῖς
813 2876 937 2945 περὶ
961 2873 1095 2926 Θεοῦ
1125 2876 1158 2945 ἡ
1187 2875 1510 2942 ὰγέννητος
1539 2876 1687 2947 φωνὴ
1709 2877 1766 2929 οὐ
1798 2877 1857 2930 τὸ

291 2963 366 3026 τί,
393 2962 528 3015 ἀλλά
554 2963 614 3016 τὸ
641 2962 750 3033 (98)
783 2963 1092 3034 μηδαμόθεν
1123 2964 1286 3018 αὑτοῦ
1321 2964 1592 3034 σημαίνει.
1630 2965 1782 3019 Οῦτω
1810 2968 1854 3021 δ’

291 3055 356 3108 ἂν
386 3055 711 3127 σαφέστερον
737 3056 764 3108 ὃ
793 3056 933 3124 λέγω
963 3057 1188 3124 γένοιτο.
1233 3057 1288 3108 '0
1312 3056 1695 3129 εὐαγγελιστὴς
1722 3061 1857 3112 Λου-

291 3146 413 3208 κᾶς,
445 3147 543 3215 τὴν
573 3146 711 3200 κατὰ
744 3147 920 3217 σάρκα
950 3147 1297 3214 γενεαλογίαν
1329 3146 1422 3198 τοῦ
1449 3147 1582 3201 Θεοῦ
1621 3150 1711 3202 καὶ
1744 3151 1854 3203 Σω-

296 3238 453 3308 τῆρος
496 3239 650 3308 ἡμῶν
702 3239 874 3310 Ἰησοῦ
925 3242 1153 3312 Χριστοῦ
1205 3243 1566 3314 ἐκτιθέμενος,
1605 3243 1696 3296 καὶ
1747 3243 1854 3297 ἀπὸ

298 3333 393 3387 τῶν
426 3333 746 3386 τελευταίων
775 3335 868 3387 ἐπὶ
907 3337 1034 3400 τοὺς
1074 3335 1322 3407 πρώτους
1369 3337 1720 3400 ἀναποδίζων,
1751 3339 1852 3409 ἧρ-
1881 3309 1923 3366 C

291 3425 415 3490 ξατο
451 3425 548 3496 μὲν
587 3425 692 3478 ἀπὸ
723 3425 814 3478 τοῦ
857 3427 1084 3497 Ἰωσήφ·
1133 3426 1299 3480 εἰπὼν
1333 3428 1388 3480 δέ
1417 3427 1604 3480 τοῦτον
1634 3429 1729 3498 μὲν
1761 3427 1854 3481 τοῦ

298 3516 467 3583 Ἠλεὶ,
507 3517 596 3570 τὸν
638 3518 694 3571 δὲ
724 3516 817 3570 τοῦ
847 3519 1104 3580 Ματθάν,
1137 3519 1230 3570 καὶ
1273 3518 1414 3571 οὕτω
1462 3520 1602 3572 κατά
1655 3519 1853 3572 ἀνάλυ-

290 3628 371 3664 σιν
419 3610 528 3681 (99)
578 3611 710 3681 πρὸς
748 3611 838 3664 τὸν
893 3610 1061 3680 Ἀδὰμ
1096 3610 1193 3681 τὴν
1239 3611 1496 3681 ἐξήγησιν
1543 3612 1850 3679 ἐπανάγων,

289 3696 404 3753 εἶτα
439 3699 605 3754 ἐλθὼν
650 3700 743 3753 ἐπὶ
781 3700 904 3762 τοὺς
947 3701 1077 3763 ἀνω,
1117 3701 1211 3752 καὶ
1269 3699 1435 3752 εἰπὼν
1469 3701 1550 3752 ὅτι
1583 3701 1610 3752 ὁ
1645 3700 1748 3771 Σὴθ
1790 3702 1853 3754 ἐκ

294 3792 377 3846 τοῦ
425 3792 617 3863 Ἀδὰμ,
652 3794 680 3845 ὁ
727 3792 784 3845 δὲ
829 3791 996 3861 Ἀδάμ
1043 3792 1105 3843 ἐκ
1151 3789 1243 3844 τοῦ
1280 3789 1435 3854 Θεοῦ,
1478 3789 1708 3843 ἐνταῦθα
1754 3794 1854 3862 τῆς

289 3885 602 3946 ἀναϐάσεως
635 3884 849 3952 ἔληξεν·
886 3884 1004 3952 οὐχὶ
1031 3882 1132 3947 τὰς
1180 3882 1364 3946 οὐσίας
1398 3882 1474 3949 (1)
1509 3882 1613 3934 τῶν
1650 3883 1851 3953 ἀπηρι-

287 3977 577 4048 θμημένων
617 3975 792 4046 δηλῶν
825 3977 880 4027 ἐν
913 3978 977 4046 τῇ
1023 3975 1268 4046 διηγήσει
1301 3975 1397 4046 τῆς
1432 3974 1661 4028 ἐκάστου
1699 3976 1851 4043 γενέ-

287 4088 442 4134 σεως,
475 4069 608 4123 ἀλλά
636 4069 734 4131 τὰς
770 4071 1052 4140 προσεχεῖς
1083 4067 1254 4139 ἀρχὰς
1287 4068 1378 4136 ἀφ’
1411 4063 1479 4139 ἦς
1503 4068 1731 4130 ἕκαστος
1761 4068 1852 4135 γέ-

283 4178 440 4230 γονεν
478 4160 841 4230 ἐκτιθέμενος.
880 4160 1088 4229 Ὠσπερ
1121 4156 1212 4212 οῦν
1248 4159 1452 4221 ἐκεῖνος
1493 4154 1664 4221 εἶπεν,
1695 4159 1775 4210 ὅτι
1820 4158 1849 4208 ὁ

349 4343 395 4377 ⁸³
424 4343 555 4396 Dan.
593 4357 686 4405 vn,
718 4342 771 4395 9.
844 4340 892 4373 ⁸⁸
923 4339 1084 4394 llebr.
1115 4354 1191 4402 tu,
1220 4337 1272 4391 6.
1347 4338 1392 4367 ⁸⁸
1419 4335 1577 4389 Rom.
1612 4351 1686 4399 n',
1719 4334 1770 4387 5.

357 4505 466 4576 (95)
500 4504 674 4576 Codex
703 4517 863 4576 unus
902 4501 1227 4570 ἀφεμένους.
1262 4500 1362 4576 Alii
1414 4503 1679 4576 quinque
1702 4513 1832 4551 mss.
1870 4505 1916 4562 ο

283 4568 404 4630 cum
441 4568 668 4642 vulgatis
691 4568 979 4642 ἀφεμένοις
1012 4568 1026 4624 Ξ
1057 4587 1214 4642 quam
1245 4571 1565 4642 scripturam
1587 4568 1834 4621 vitiosam

283 4662 402 4701 esse
427 4639 778 4697 Conibelisinis
803 4639 1028 4693 credidit
1056 4655 1071 4705 ;
1107 4652 1160 4694 et
1194 4641 1265 4692 ita
1293 4641 1434 4693 hunc
1458 4639 1630 4691 locum
1659 4652 1843 4691 emen-

281 4717 448 4777 davit,
484 4723 540 4767 ut
571 4728 664 4783 pro
688 4710 976 4781 ἀφεμένοις
1005 4710 1143 4778 legat
1165 4709 1471 4783 ἀφεμένης.
1503 4707 1697 4761 Fateor
1727 4709 1844 4774 qui-

285 4788 404 4840 dem
451 4781 588 4837 banc
618 4783 1046 4836 emendationem
1097 4781 1270 4847 primo
1315 4787 1532 4848 aspectu
1596 4792 1845 4848 necessa-

287 4859 422 4909 riam
447 4853 614 4906 videri
669 4869 684 4905 :
723 4853 814 4905 sed
856 4851 899 4905 si
951 4849 1212 4916 quispiam
1250 4847 1563 4915 retn’paulo
1588 4847 1841 4900 attentius

283 4925 607 4981 consideret.
658 4921 940 4976 lectionem
969 4915 1126 4972 aliam
1159 4919 1370 4972 defendi
1410 4933 1564 4985 posse
1617 4915 1841 4970 fortasse

285 5010 389 5048 non
431 4993 663 5060 negabit,
699 5002 807 5043 tmn
843 4991 912 5045 ob
934 5001 1255 5060 consensum
1288 4997 1526 5060 veterum
1561 4985 1838 5060 librorum,

284 5073 394 5118 tum
419 5056 558 5130 quod
583 5077 683 5114 vox
711 5063 841 5131 ἡμῖν
877 5060 1041 5131 possit
1077 5056 1333 5131 suppleri,
1369 5057 1476 5131 hoc
1496 5058 1653 5109 modo
1678 5073 1692 5109 ε
1722 5072 1840 5131 πεις

283 5125 594 5202 στέονλὴμῖν
622 5125 910 5202 ἀφεμένοις
935 5129 1032 5202 τῆς
1070 5127 1208 5180 κατά
1232 5125 1546 5202 τὴνούσίαν
1588 5165 1601 5178 .
1629 5163 1644 5178 .
1668 5165 1683 5202 .
1707 5162 1719 5176 .
1771 5127 1836 5196 τῇ

280 5204 448 5274 ἁπλῇ,
481 5197 586 5274 etc.
628 5197 816 5274 Νοῦἱε,
857 5197 1122 5274 curiosum
1160 5198 1396 5274 essentne
1444 5197 1834 5274 indagationem

280 5265 651 5333 eminentibus,
699 5269 1010 5324 credendum
1043 5277 1116 5322 est
1148 5266 1389 5333 simplici,
1430 5275 1536 5319 etc.
1569 5265 1636 5318 Et
1688 5274 1836 5317 certe

279 5359 402 5395 cum
440 5341 630 5396 Latine
669 5341 783 5414 Adici
819 5341 1007 5414 possit,
1035 5335 1548 5414 nobis__c_redendum
1583 5345 1656 5414 est
1703 5334 1837 5414 ᾼρο-

278 5414 438 5476 ιιυΙο,
481 5428 584 5465 non
631 5411 784 5463 video
817 5405 912 5463 cur
949 5409 1132 5463 Graece
1177 5407 1281 5461 dici
1331 5421 1447 5476 non
1483 5405 1669 5472 possit,
1701 5405 1834 5474 ἡμῖν

279 5474 526 5535 πειστέον
556 5479 634 5552 τῷ
667 5478 970 5552 Ἀποστόλῳ
1028 5497 1041 5532 :
1075 5493 1181 5552 qu_0
1211 5474 1388 5552 semel
1421 5475 1564 5552 dato,
1609 5490 1707 5526 vox
1733 5476 1834 5552 ἀερ-

277 5553 492 5621 εμένοις
520 5554 584 5606 ad
606 5544 952 5621 vocemﬁp‘t’v'
969 5558 1059 5600 aut
1083 5544 1150 5621 ad
1180 5546 1405 5621 similem
1427 5544 1706 5597 referetur.
1731 5545 1832 5598 Le-

277 5614 422 5690 gitur
450 5614 500 5674 in
553 5637 656 5675 uno
683 5614 862 5690 codice
887 5627 940 5671 et
969 5621 1020 5670 in
1068 5618 1312 5690 vulgatis
1330 5614 1581 5681 λέγοντος
1610 5630 1833 5666 πιστευ-

275 5686 416 5746 τέον.
447 5693 549 5746 Alii
573 5707 702 5746 mss.
731 5689 930 5743 habent
963 5688 1230 5749 πειστέον,
1257 5686 1524 5752 λέγοντος.

347 5763 458 5832 (96)
498 5763 634 5816 Editi
677 5769 730 5832 et
767 5774 905 5812 unus
958 5760 1123 5811 codex
1168 5755 1440 5828 σωτηρίαν
1505 5752 1679 5826 ἡμῶν.
1725 5753 1831 5812 Alii

277 5831 510 5904 quinque
539 5847 667 5886 mss.
705 5831 854 5899 ἡμῖν.

549 5927 818 5987 ΡΑτιιοι..
865 5923 982 5983 ὕει.
1029 5921 1260 5982 XXIX-

2039 1950 2126 2004 l5.
2190 1949 2508 2020 Reperimus
2571 1951 2754 2021 itaque
2816 1967 2929 2006 rem
2996 1961 3327 2021 reputantes,
3387 1954 3530 2022 quod

1964 2060 2068 2100 non
2115 2043 2166 2097 in
2225 2043 2578 2108 scrutatione,
2635 2059 2738 2114 qua
2786 2045 2912 2113 quid
2953 2043 3025 2099 sit
3063 2055 3387 2108 scrutamur,
3447 2047 3531 2100 in-

1961 2135 2125 2206 geniti
2190 2135 2344 2190 nobis
2409 2135 2555 2189 notio
2614 2136 2820 2190 accedit
2869 2155 2883 2192 :
2929 2137 3023 2192 sed
3069 2137 3266 2207 potius,
3323 2146 3383 2192 ut
3434 2152 3528 2192 co-

1961 2236 2111 2282 actus
2149 2226 2468 2280 sententiam
2497 2227 2691 2293 dicam,
2744 2227 2794 2281 in
2823 2227 3172 2293 scrutatione,
3221 2243 3326 2299 qua
3374 2242 3529 2283 scru-

1962 2328 2140 2373 tamur
2195 2319 2466 2388 quomodo
2520 2319 2609 2373 sit.
2669 2318 2803 2374 Nam
2861 2335 2980 2374 cum
3016 2335 3168 2375 meus
3206 2330 3390 2376 nostra
3434 2337 3531 2390 ex-

1958 2415 2142 2485 pendit
2190 2430 2258 2470 an
2313 2415 2455 2470 Deus
2499 2415 2589 2485 qui
2643 2424 2726 2470 est
2776 2429 2939 2484 super
2989 2417 3170 2471 Omnia
3189 2417 3258 2482 3',
3310 2433 3525 2473 causam

1960 2507 2194 2576 aliquam
2248 2520 2306 2562 se
2355 2506 2690 2577 superiorem
2733 2505 2953 2575 habeat,
2986 2522 3086 2562 nec
3135 2520 3311 2564 tamen
3365 2508 3526 2564 ullam

1959 2600 2273 2668 excogitare
2304 2608 2508 2668 potest,
2551 2599 2668 2668 ejus
2708 2599 2871 2652 vitam
2907 2599 3172 2669 principio
3213 2607 3526 2666 carentem,

1960 2692 2255 2761 ingenitum
2282 2691 2600 2761 fappellavit.
2638 2690 3104 2758 Quemadmodum
3139 2693 3284 2746 enim
3316 2691 3372 2746 in
3416 2707 3529 2748 ser-

1959 2783 2206 2838 monibus
2241 2784 2330 2852 qui
2365 2783 2433 2837 de
2463 2783 2772 2838 hominibus
2813 2782 3187 2846 instituuntur,
3229 2798 3352 2837 cum
3387 2783 3525 2838 dici-

1960 2890 2115 2930 mus:
2150 2875 2249 2930 Hic
2278 2891 2346 2930 ex
2374 2874 2464 2930 illo
2500 2885 2661 2930 natus
2691 2885 2810 2942 est;
2843 2889 2947 2928 non
2979 2875 3104 2944 quid
3132 2877 3224 2938 sit,
3260 2876 3355 2931 sed
3387 2877 3526 2930 unde

1957 2976 2114 3022 natus
2140 2967 2232 3032 sit,
2263 2981 2547 3022 narramus
2572 2985 2585 3020 :
2613 2967 2693 3020 sic
2714 2975 2768 3020 et
2796 2967 2848 3040 in
2875 2967 2940 3022 iis
2960 2968 3048 3036 qui
3088 2967 3153 3022 de
3179 2968 3287 3023 Deo
3319 2967 3525 3022 baben-

1957 3069 2044 3113 tur
2072 3059 2429 3122 sermonibus,
2458 3072 2560 3110 vox
2581 3057 2840 3125 ingenitus
2865 3071 2968 3112 non
2996 3058 3124 3130 quid
3153 3059 3245 3124 sit,
3275 3059 3370 3112 sed
3397 3074 3522 3114 eum

1956 3153 2022 3206 ab
2054 3152 2161 3208 alio
2205 3166 2313 3206 non
2358 3165 2480 3207 esse
2528 3151 2817 3219 significat.
2863 3152 3014 3218 Quod
3050 3159 3228 3206 autem
3264 3152 3422 3218 dico,
3474 3151 3528 3207 id

1955 3243 2058 3300 hoc
2089 3247 2250 3301 modo
2279 3244 2370 3302 fiet
2396 3245 2570 3316 magis
2597 3247 2966 3314 perspicuum.
2990 3247 3166 3303 Lucas
3193 3246 3522 3316 evangelista

1957 3337 2322 3408 genealogiam
2374 3339 2464 3393 Dei
2507 3349 2561 3394 et
2608 3339 2904 3395 Salvatoris
2951 3341 3120 3395 nostri
3159 3339 3282 3396 Jesu
3319 3340 3521 3395 Christi

1957 3430 2248 3484 secundum
2280 3445 2498 3484 carnem
2529 3446 2826 3500 exponens,
2857 3440 2912 3485 et
2955 3431 3024 3486 ab
3069 3431 3277 3487 ultimis
3310 3433 3374 3486 ad
3411 3433 3522 3500 pri-

1957 3534 2072 3574 mos
2097 3519 2324 3579 rediens.
2362 3521 2564 3590 incepit
2590 3522 2809 3592 quidem
2838 3538 2865 3576 a
2890 3523 3089 3593 Joseph
3113 3538 3130 3577 :
3158 3523 3252 3579 sed
3276 3523 3364 3578 ubi
3390 3524 3525 3577 dixit

1959 3611 2102 3664 hunc
2149 3608 2264 3663 Heli
2314 3626 2456 3676 esse,
2501 3613 2644 3666 hunc
2675 3627 2804 3668 vero
2837 3613 3075 3680 Mathan,
3112 3614 3299 3684 sicque
3333 3615 3525 3670 ordine

1958 3703 2173 3757 inverso
2207 3705 2270 3755 ad
2300 3704 2472 3757 Adam
2500 3720 2674 3774 usque
2698 3707 3071 3761 narrationem
3105 3706 3375 3776 perduxit,
3410 3717 3519 3761 tum

1961 3794 2028 3847 ad
2065 3795 2377 3863 superiores
2420 3810 2760 3867 progressus,
2794 3811 2914 3850 cum
2965 3798 3192 3852 dixisset
3234 3795 3364 3852 Seth
3402 3813 3521 3852 esse

1957 3901 2023 3939 ex
2055 3887 2247 3952 Adam,
2280 3889 2450 3942 Adam
2477 3903 2606 3943 vero
2632 3904 2698 3944 ex
2733 3889 2862 3953 Deo,
2893 3889 2983 3944 hic
3023 3904 3306 3944 ascensum
3340 3890 3522 3944 termi-

1959 3977 2108 4030 navit
2136 3977 2200 4030 ".
2235 3978 2339 4032 Nec
2371 3987 2571 4044 tamen,
2613 3995 2735 4034 cum
2764 3979 3194 4052 uniuscujusque
3219 3982 3521 4052 generatio-

1956 4084 2079 4122 nem
2115 4082 2381 4138 narraret,
2424 4087 2610 4128 eorum
2647 4074 2738 4143 qui
2781 4075 3084 4130 enumerati
3125 4075 3343 4130 fuerant
3376 4075 3520 4130 indi-

1955 4161 2098 4214 cavit
2131 4163 2432 4217 essentias:
2468 4162 2562 4219 sed
2591 4165 2830 4234 origines
2860 4165 3134 4235 proximas
3159 4166 3304 4222 unde
3339 4181 3516 4220 unus-

1851 4335 1896 4367 ⁸⁸
1934 4335 2063 4392 an.
2096 4352 2177 4401 ιη,
2205 4339 2396 4394 25-58.

2014 4495 2124 4568 (97)
2158 4496 2310 4556 Illud.
2340 4500 2424 4552 ἴνα
2457 4500 2803 4571 βιασάμενος,
2829 4511 2957 4567 ctc.,
3002 4503 3073 4556 ita
3098 4512 3335 4558 verterat
3360 4503 3517 4558 inter-

1948 4583 2114 4644 pres;
2147 4577 2202 4619 ut
2237 4573 2388 4644 (ιιιαεὶ
2414 4582 2625 4644 coactus
2659 4575 2756 4624 hoc
2790 4573 2963 4644 dicam
2988 4573 3216 4628 verbum.
3251 4576 3320 4627 At
3350 4574 3511 4629 Com-

1946 4637 2187 4699 befisius,
2214 4638 2409 4704 rejecta
2435 4640 2536 4694 hac
2566 4642 3027 4708 interpretatione,
3061 4643 3199 4696 hunc
3226 4644 3398 4698 locum
3432 4646 3511 4700 sic

1946 4709 2212 4780 espressit
2237 4726 2250 4761 :
2282 4723 2340 4762 ut
2369 4710 2664 4764 doctrinam
2692 4711 2927 4780 proferre
2971 4713 3131 4764 nitar.
3171 4713 3389 4769 Videtur
3416 4715 3512 4768 Ba-

1945 4777 2098 4830 silius
2151 4777 2253 4847 ltoe
2287 4782 2402 4832 loco
2426 4777 2701 4834 excusare
2732 4777 2798 4834 se
2819 4782 2886 4836 de
2920 4783 3138 4837 minutis
3187 4783 3291 4839 illis
3321 4786 3506 4847 rebus,

1943 4861 2061 4914 quae
2096 4846 2162 4899 ad
2189 4849 2406 4920 scholas
2433 4854 2724 4918 pertinent,
2747 4860 2799 4905 et
2824 4853 2890 4904 ad
2915 4853 3322 4920 grammaticam
3348 4873 3361 4918 ;
3399 4846 3506 4908 mo;

1945 4927 2142 4992 lietque
2187 4918 2410 4992 invitum
2448 4936 2506 4974 se
2556 4920 2638 4975 his
2669 4922 2722 4974 in
2748 4922 2900 4992 tricis
2920 4918 3148 4975 morari.
3176 4924 3252 4978 Ex
3278 4940 3384 4992 quo
3415 4927 3495 4984 inv

1942 4985 2202 5060 telligitur
2223 4989 2720 5060 interpretationem
2751 4991 3090 5060 Trapezuntii
3137 5009 3164 5046 a
3198 4985 3376 5049 mente
3403 4993 3503 5049 Ba-

1940 5055 2044 5126 silii
2081 5069 2182 5106 non
2222 5057 2293 5110 ita
2336 5055 2562 5112 alienam
2591 5061 2780 5126 videri,
2822 5055 3052 5117 nectam
3087 5062 3244 5118 facile
3275 5080 3302 5117 a
3339 5063 3502 5120 Com-

1939 5124 2126 5194 befisio
2158 5127 2426 5194 repudiari
2455 5131 2719 5184 debuisse.

2009 5193 2120 5267 (9_8)
2161 5193 2342 5250 codex
2383 5213 2518 5251 unus
2550 5199 2609 5250 οὐ
2643 5199 2704 5252 τὸ
2739 5201 2791 5254 τί
2841 5201 3008 5267 ἐστιν,
3059 5201 3194 5256 ἀλλά
3245 5203 3324 5256 τό.
3382 5204 3501 5260 Mox

1935 5265 2066 5388 ἕειίἓί
2114 5274 2167 5318 et
2222 5281 2362 5323 unus
2405 5283 2506 5322 tus.
2550 5269 2748 5323 οὑτωσὶ
2800 5270 2844 5324 δ’
2884 5271 2968 5325 ἄν.
2997 5265 3121 5328 ΑΙῙῙ
3183 5289 3310 5328 mss.
3363 5275 3503 5330 οὕτω

2042 5353 2090 5387 ν.

2009 5371 2119 5487 (iis)
2159 5404 2322 5487 illud,
2375 5408 2514 5462 κατά
2565 5409 2665 5479 τὴν
2718 5411 2996 5487 ἀνάλυσιν,
3048 5413 3118 5467 ita
3158 5415 3233 5487 ad
3279 5415 3498 5470 verbum

1941 5483 2435 5547 vertitpinterpres
2479 5497 2491 5531 :
2546 5497 2640 5547 per
2713 5484 3100 5536 resolutionem.
3155 5483 3250 5536 Est
3321 5496 3500 5540 autem

1934 5559 2100 5617 genus
2132 5545 2421 5613 loquendi,
2467 5545 2575 5616 quo
2615 5549 2789 5605 Grazci
2828 5553 2901 5605 uti
2943 5553 3210 5617 solebant,
3258 5567 3379 5608 cum
3417 5572 3504 5611 res

1935 5615 2114 5684 aliqua
2171 5617 2384 5673 inverso
2437 5615 2627 5674 ordine
2680 5634 2840 5689 atque
2897 5615 3229 5692 praepostero
3284 5625 3500 5681 dicere-

1931 5693 2080 5827 fuzl)
2117 5756 2335 5827 Antiqui
2386 5769 2494 5813 tres
2536 5759 2659 5813 libri
2709 5761 2768 5812 οὐ
2815 5761 2917 5825 τάς
2963 5761 3170 5827 οὐσίας.
3219 5764 3337 5822 Mox
3373 5767 3500 5825 editi

1934 5823 2244 5896 ἐκθέμενος.
2263 5823 2343 5884 Ἀι
2383 5844 2514 5885 mss.
2543 5829 2693 5884 multi
2722 5823 3091 5904 ἐκτιθέμενος.

3117 5929 3188 5990 18
