3978 6410
485 358 591 415 547

1794 354 1849 408 8.
1896 354 2139 410 BASILII
2181 355 2398 413 ΜΔΕ-Νι

3621 354 3728 409 5L8

482 480 711 549 quisque
739 484 893 528 natus
915 479 1080 535 esset,
1099 472 1366 540 exposuit.
1394 470 1858 537 Quemadmodum
1885 473 2046 539 igitur

2163 473 2331 541 ’Λδᾶμ
2371 476 2434 525 ὲκ
2462 472 2554 524 τοῦ
2585 472 2719 524 Θεοῦ
2740 489 2751 501 ·
2778 472 2948 533 οὕτως
2986 471 3145 541 ἡμεῖς
3172 470 3395 533 ἑαυτοὺς
3426 469 3696 539 ἐρωτήσω
3716 499 3728 508 -

485 571 571 624 ille
602 568 740 621 dixit
770 566 937 617 Adam
974 578 1040 616 ex
1076 564 1185 616 Deo
1215 579 1377 617 esse:
1424 563 1503 615 sic
1543 578 1641 615 nos
1684 564 2047 631 nosmetipsos

484 669 881 731 percontamur,
916 657 1054 711 Deus
1082 665 1258 709 autem
1289 670 1351 708 ex
1387 655 1534 723 quo?
1564 654 1753 707 Nonne
1777 655 1827 706 in
1858 656 2046 706 unius-

483 753 743 822 rujnsque
797 761 976 804 mente
1026 757 1330 818 promptum
1376 749 1538 800 fuerit
1587 748 1934 814 respondere.
1981 761 2045 800 ex

485 846 668 900 nullo?
698 843 849 910 Quod
876 852 1053 896 autem
1077 857 1139 895 ex
1172 841 1315 894 nullo
1343 850 1451 901 est,
1484 840 1668 909 utique
1698 840 1815 893 sine
1848 839 2049 907 princi-

483 938 570 1004 pio
599 946 682 988 est
711 954 724 989 :
753 943 807 988 et
853 936 994 1002 quod
1038 933 1157 986 sine
1200 932 1466 1001 principio
1503 943 1628 995 est,
1665 931 1716 984 id
1750 931 2046 999 ingenitum

485 1038 587 1081 cst.
628 1026 778 1081 Sicut
816 1041 943 1095 ergo
983 1026 1036 1078 in
1073 1023 1382 1078 hominibus
1415 1022 1566 1092 origo
1604 1036 1671 1075 ex
1700 1021 1907 1089 aliquo,
1941 1036 2043 1073 non

485 1130 567 1172 est
588 1134 773 1172 eorum
806 1116 1040 1171 essentia
1073 1132 1086 1167 :
1117 1116 1197 1170 sic
1228 1128 1404 1183 neque
1438 1114 1492 1168 in
1523 1114 1629 1167 Deo
1667 1114 2040 1166 universorum

487 1209 657 1275 ipsum
690 1206 983 1276 ingenitum
1013 1204 1152 1271 quod
1182 1204 1321 1259 idem
1347 1214 1430 1257 est
1454 1213 1616 1273 atque
1639 1220 1705 1257 ex
1737 1203 1882 1257 nullo
1904 1219 2043 1267 esse,

484 1298 600 1365 ejus
630 1300 921 1353 essentiam
950 1297 1115 1367 228
1164 1296 1345 1351 dicere
1375 1311 1677 1364 possumus.
1724 1294 1892 1351 Porro
1927 1310 2050 1350 esse

483 1391 602 1444 sine
634 1390 901 1458 principio
923 1426 939 1451 ,
968 1388 1257 1443 essentiam
1296 1402 1417 1441 esse
1442 1389 1532 1456 qui
1565 1388 1714 1449 dicit.
1754 1405 1858 1443 non
1893 1389 2049 1442 aliter

487 1484 616 1537 facit
656 1495 720 1534 ac
759 1480 804 1535 si
849 1481 972 1549 quis
1022 1480 1382 1549 interrOgatus
1440 1494 1559 1548 quae
1615 1478 1783 1532 fuerit
1816 1479 2047 1533 essentia

484 1575 632 1639 Adae,
655 1582 709 1628 et
734 1587 852 1642 quae
874 1572 1040 1642 ipsius
1067 1581 1281 1635 natura,
1309 1570 1654 1640 respondeat,
1682 1586 1785 1625 non
1811 1586 1876 1624 ex
1900 1571 2045 1624 coitu

485 1669 584 1722 viri
626 1676 680 1721 et
716 1666 994 1729 mulieris,
1043 1664 1137 1719 sed
1197 1664 1381 1717 divina
1429 1678 1591 1716 manu
1642 1660 2045 1716 conformatum

468 1776 605 1815 'eum
640 1758 825 1813 fuisse.
861 1758 949 1822 At,
980 1757 1187 1824 inquiet
1215 1757 1357 1825 quis,
1388 1770 1493 1810 non
1528 1754 1745 1808 modum
1778 1768 1886 1823 quo
1918 1752 2043 1807 suh-

2155 579 2271 630 μεν.
2306 562 2333 611 ό
2368 561 2423 612 δὲ
2456 561 2584 622 Θεὸς
2616 562 2677 611 ἐκ
2709 560 2885 623 τίνος;
2925 554 3066 629 Ἀρα
3102 560 3223 628 οὐχὶ
3257 559 3545 629 πρόχειρόν
3582 559 3729 611 ἐστιν

2152 654 2208 705 ὲν
2237 656 2301 722 τῇ
2334 652 2545 721 ἑκάστῳ
2569 652 2795 721 διανοίᾳ,
2829 652 2907 703 ὅτι
2934 651 2990 716 ἐξ
3020 651 3262 714 οὺδενόςς
3294 651 3366 702 Τὸ
3408 649 3468 702 δὲ
3510 650 3575 715 s5
3607 650 3728 700 οὑδ-

2150 744 2268 806 ενὺς
2296 744 2355 795 τὸ
2378 744 2609 813 ἄναρχόν
2643 746 2756 795 ἐστι
2781 744 3040 812 δηλονότι·
3066 743 3127 795 τὸ
3152 744 3207 796 δὲ
3229 744 3461 814 ἄναρχον
3484 742 3548 795 τὸ
3574 743 3730 809 ἀγέν-

2150 851 2328 905 νητον.
2372 832 2579 897 Ὠς.οὖν
2610 836 2700 889 ἐπὶ
2727 835 3025 906 ἀνθρώπων
3056 836 3155 888 οὐκ
3179 831 3245 905 ἦν
3276 835 3429 887 οὐσία
3462 835 3523 887 τὸ
3560 834 3624 885 ἐκ
3651 852 3731 885 τι-

2150 944 2257 988 νος,
2284 926 2454 990 οὕτως
2471 928 2587 980 οὐδὲ
2612 928 2702 980 ἐπὶ
2725 928 2816 980 τοῦ
2843 926 2975 981 Θεοῦ
2997 928 3104 980 τῶν
3125 929 3259 980 ὅλων
3278 928 3464 981 οὐσίαν
3484 928 3634 979 ἐστὶν
3656 929 3733 978 si-

2150 1024 2273 1072 πεῖν
2313 1020 2374 1072 τὸ
2412 1020 2705 1090 ἀγέννητον
2740 1020 2849 1091 (9.)-
2885 1023 3020 1091 ὅπερ
3058 1020 3171 1073 ἴσον
3207 1022 3325 1073 ἐστὶ
3366 1020 3443 1091 τῷ
3492 1020 3551 1083 ἐξ
3604 1020 3727 1072 οὑδ-

2150 1111 2286 1175 ενός.
2336 1112 2393 1164 Ὀ
2415 1111 2471 1164 δὲ
2503 1112 2561 1164 τὸ
2591 1112 3030 1183 ἄναρχονοὺσίαν
3063 1108 3201 1165 εἶναι
3232 1113 3401 1180 λέγων
3432 1113 3729 1181 παραπλή-

2150 1219 2262 1255 σιον
2299 1206 2476 1267 ποιεῖ,
2517 1203 2705 1275 ὥσπερ
2735 1205 2799 1257 ἂν
2829 1205 2881 1257 εἴ
2909 1222 3011 1268 τις,
3045 1205 3415 1276 ἐρωτώμενος,
3450 1204 3533 1267 τίς
3568 1206 3603 1274 ἡ
3635 1204 3729 1257 τοῦ

2160 1293 2330 1364 Ἀδὰμ
2364 1294 2541 1357 οὐσία,
2584 1296 2678 1348 καὶ
2707 1295 2789 1359 τίς
2838 1298 2869 1366 ή
2919 1296 3077 1364 φύσις
3126 1294 3353 1364 αὺτῷςό
3397 1295 3454 1347 δὲ
3494 1296 3729 1364 ἀποκρί-

2147 1401 2308 1449 νοιτο,
2365 1386 2438 1457 μὴ
2475 1386 2548 1455 (5)
2594 1388 2656 1439 ὲκ
2704 1386 3042 1457 συνδυασμοῦ
3087 1388 3276 1457 ἀνδρὸς
3315 1388 3408 1440 κα)⁵
3444 1388 3725 1455 γυναικδς,

2148 1477 2261 1529 ἀλλ’
2314 1479 2378 1531 ὲκ
2418 1480 2516 1549 τῆς
2554 1479 2700 1543 θείας
2746 1480 2925 1551 χειρὸς
2958 1480 3371 1549 διαπλασθῆναι.
3428 1480 3570 1532 Ἀλλ’
3607 1480 3729 1548 οὐχὶ

2146 1569 2236 1623 τὸν
2261 1572 2463 1643 τρόπον
2485 1572 2582 1641 τῆς
2612 1573 2960 1636 ὑποστάσεως
2990 1572 3249 1643 ἐπιζητῶ,
3274 1574 3497 1642 φήσειεν
3523 1573 3590 1625 ἀν
3617 1588 3723 1634 τις,

2146 1663 2261 1716 ἀλλ’
2298 1663 2429 1716 αὐτὸ
2470 1663 2563 1716 τοῦ
2616 1664 2903 1736 ἀνθρώπου
2950 1665 3009 1718 τὸ
3046 1664 3227 1717 ὑλικὸν
3271 1664 3659 1733 ὑποκείμενον
3696 1664 3727 1715 ὃ

2148 1755 2342 1808 πολλοῦ
2376 1756 2479 1809 δέω
2512 1756 2801 1826 μανθάνειν
2834 1756 2921 1811 διὰ
2952 1758 3048 1827 τῆς
3080 1758 3435 1828 ἀποκρίσεως.
3467 1756 3639 1809 Τοῦτο
3664 1757 3723 1809 δὲ

489 1854 668 1917 sistat,
704 1851 934 1919 inquiro,
976 1850 1069 1903 sed
1107 1851 1281 1917 ipsum
1318 1847 1598 1902 materiale
1647 1847 1882 1901 hominis
1915 1846 2047 1901 sub—

2155 1849 2242 1902 καὶ
2279 1851 2408 1919 ἡμῖν
2443 1850 2723 1920 συμϐαίνει
2759 1852 2823 1903 ὲκ
2853 1851 2951 1921 τῆς
2976 1848 3068 1903 τοῦ
3098 1849 3428 1918 ἁγεννήτου
3448 1849 3633 1919 φωνῆς
3662 1850 3724 1901 τὸ

480 1946 683 2015 jectum
715 1961 730 1999 :
772 1942 916 2013 quod
951 1941 1110 2012 longe
1144 1941 1330 1995 ahsum
1379 1948 1437 1993 ut
1470 1940 1672 1994 discam
1723 1953 1790 1992 ex
1820 1952 2046 2007 respon-

484 2039 654 2093 sione.
693 2036 805 2090 Hoc
848 2045 1027 2089 autem
1084 2034 1238 2087 nobis
1285 2033 1449 2087 etiam
1498 2032 1783 2101 contingit,
1826 2046 1948 2084 cum
1980 2045 2047 2085 ex

487 2130 708 2202 inqenitt‘
743 2143 869 2182 voce
916 2126 1086 2195 magis
1115 2126 1388 2194 quomodo
1424 2124 1566 2180 Deus
1596 2125 1665 2179 sit
1688 2164 1703 2190 ,
1736 2138 1901 2193 quam
1930 2137 2050 2193 qua!

485 2226 555 2279 sit
584 2224 702 2293 ejus
730 2232 919 2276 natura
952 2222 1301 2275 edoceamur.

550 2314 641 2381 16.
686 2311 740 2365 lu
766 2326 1000 2373 summa,
1032 2311 1075 2364 si
1110 2310 1234 2377 quis
1262 2308 1391 2363 velit
1411 2307 1690 2363 veritatem
1712 2322 1897 2363 eorum
1929 2323 2050 2378 qua:

485 2424 513 2463 ιι
557 2406 711 2461 nobis
742 2405 999 2459 dicuntur
1029 2402 1361 2470 perdiscere,
1397 2416 1454 2456 se
1485 2401 1601 2470 ipse
1631 2410 2004 2469 perscrutetnr
2032 2420 2045 2455 :

484 2515 611 2555 num
638 2499 702 2550 ad
738 2495 958 2564 ingeniti
1000 2494 1271 2549 notionem
1305 2492 1585 2563 perveniat
1618 2500 1753 2557 tum,
1788 2508 1908 2544 cum
1938 2492 2051 2547 vult

482 2590 685 2662 aliquid
712 2591 775 2643 de
802 2589 907 2641 Deo
932 2585 1251 2655 intelligere.
1278 2584 1389 2653 Ego
1416 2583 1666 2653 equidem
1700 2582 1881 2646 video,
1906 2585 2048 2652 quod

484 2680 811 2753 cogitatione
867 2677 1011 2731 velut
1059 2675 1345 2729 inventura
1402 2671 1595 2726 saecula
1646 2681 1889 2737 extenta,
1946 2671 2051 2725 fine

487 2782 759 2829 carentem
800 2770 1029 2825 dicimus
1050 2782 1197 2832 eum,
1224 2764 1382 2834 cujus
1409 2764 1515 2817 vita
1548 2762 1697 2817 nullo
1728 2762 1835 2817 fine
1863 2763 2050 2816 termi-

482 2877 695 2922 natur:
739 2866 810 2917 ita
857 2863 1014 2917 etiam
1070 2861 1198 2914 dum
1247 2858 1312 2911 ad
1352 2857 1631 2925 superiora
1674 2855 1872 2909 saecula
1919 2870 2049 2909 con-

485 2960 804 3015 scendentes
832 2951 1175 3025 cogitatione,
1203 2960 1366 3020 atque
1395 2951 1448 3004 in
1481 2948 1902 3004 immensitalem
1927 2949 2051 3003 vitae

490 3052 580 3105 Dei
621 3050 766 3105 velut
800 3048 850 3101 in
905 3055 1116 3100 vastum
1159 3043 1430 3112 quoddam
1485 3040 1706 3111 pelagus
1756 3041 2047 3107 intuentes,

485 3159 610 3199 cum
637 3140 956 3212 principium
992 3135 1194 3190 nullum
1222 3134 1362 3188 unde
1389 3134 1461 3188 sit
1490 3132 1893 3202 apprehendere
1928 3146 2047 3199 pus-
2079 3164 2120 3221 ο

487 3236 689 3295 δίιιιυε;
737 3233 845 3284 imo
874 3244 994 3283 cum
1036 3228 1314 3281 videamus
1345 3224 1439 3280 Dei
1490 3226 1657 3279 vitam
1709 3224 1847 3279 ultra
1892 3240 2051 3279 omne

487 3325 631 3395 quod
654 3321 1032 3381 intelleximus,
1059 3330 1274 3387 semper
1296 3316 1514 3371 extendi
1539 3330 1604 3371 ac
1629 3317 1897 3387 protrahi,
1927 3318 2048 3382 hoc,

490 3418 631 3485 quod
661 3417 713 3469 in
736 3414 885 3469 illius
923 3412 1029 3466 vita
1062 3410 1332 3481 principio
1362 3417 1516 3465 caret
1550 3418 1605 3463 et
1629 3409 1865 3479 origine,
1902 3409 2051 3477 inge-

492 3512 661 3563 nitum
696 3506 1029 3560 vocavimus.
1071 3500 1195 3556 ιιιεο
1220 3507 1304 3556 εει
1340 3500 1486 3554 enim
1516 3500 1665 3556 vocis
1694 3501 1914 3569 ἱεισεηίιὶ
1949 3515 2049 3554 ηο-

490 3604 583 3664 tio,
618 3615 721 3653 non
754 3597 964 3652 habere
994 3593 1208 3648 aliunde
1247 3594 1549 3647 exsistendi
1599 3592 1951 3662 principium.
1982 3593 2051 3645 At

488 3692 820 3757 Eunomius,
854 3688 1108 3758 quoniam
1141 3687 1193 3741 in
1237 3685 1354 3741 solo
1400 3686 1778 3742 universorum
1815 3686 1925 3740 Deo
1966 3686 2052 3740 in-

484 3784 721 3855 genitum
757 3780 1059 3849 inspicitur,
1090 3776 1551 3831 facinorosissime
1578 3777 1820 3831 omnium
1851 3778 1953 3831 hoc
1982 3776 2048 3828 ad

488 3875 756 3945 Unigeniti
792 3869 1183 3940 blasphemiam
1228 3868 1427 3938 rapuit.
1461 3866 1601 3934 Quid
1643 3867 1787 3923 enim
1822 3883 2047 3938 progre-

484 3973 638 4029 diens
666 3970 773 4025 ait?

559 4066 692 4122 Eun.
734 4062 1008 4133 lngenitus
1038 4068 1219 4115 autem
1268 4073 1392 4113 cum
1433 4057 1540 4120 sit,
1573 4064 1630 4110 ut
1671 4054 1917 4126 superius
1957 4055 2050 4109 de-

488 4158 936 4219 monstravimus,
974 4170 1247 4224 nunquam
1298 4160 1476 4222 potest
1512 4150 1912 4219 generationem
1957 4149 2048 4201 ad—

487 4256 720 4318 mittere,
754 4251 889 4304 adeo
921 4258 983 4301 ut
1023 4262 1175 4303 suam
1203 4245 1372 4315 ipsius
1406 4252 1655 4297 naturam
1683 4241 2049 4296 communicet

483 4360 606 4399 cum
637 4343 817 4413 genito
845 4358 858 4394 :
892 4339 1239 4398 sed'omnem
1289 4332 1749 4403 comparationem
1784 4346 1848 4386 ac
1881 4333 2049 4401 parti—

484 4434 805 4513 cipationem
833 4449 953 4489 cum
980 4431 1163 4501 genito
1202 4428 1390 4499 fugiet.

2147 1943 2293 2006 ὅπως
2314 1942 2407 1996 τοῦ
2435 1943 2568 1997 Θεοῦ
2606 1944 2803 1998 μᾶλλον
2832 1944 2864 2015 ἢ
2892 1944 3063 2015 αὐτὴν
3093 1944 3192 2015 τὴν
3220 1942 3380 2012 φύσιν
3408 1941 3724 2011 διδασκομέ-

2148 2053 2278 2099 νοις.

2220 2315 2309 2369 16.
2355 2313 2530 2377 Ὂλως
2575 2313 2631 2366 δὲ
2676 2314 2727 2365 εῐ
2767 2329 2852 2375 τις
2893 2310 3131 2382 βούλοιτο
3174 2311 3272 2381 τὴν
3314 2307 3575 2379 ἀλήθειαν
3621 2307 3728 2360 τῶν

2151 2410 2279 2479 παρ’
2322 2407 2476 2478 ἡμῶν
2521 2406 2826 2476 λεγομένων
2868 2404 3222 2475 καταμαθεῖν,
3266 2401 3454 2454 ἑαυτὸν
3498 2402 3727 2470 ἀνερευο

2151 2500 2294 2552 νάτω
2313 2514 2325 2527 '
2359 2499 2486 2551 ὅταν
2518 2514 2570 2550 τι
2601 2498 2788 2567 νοῆσαι
2827 2496 2933 2549 τῶν
2961 2495 3087 2566 περὶ
3112 2494 3244 2547 Θεοῦ
3276 2493 3526 2564 βουληθῇ,
3571 2496 3622 2544 εἰ
3650 2494 3729 2555 είς

2149 2590 2209 2643 τὸ
2244 2590 2639 2661 σημαινόμενον
2669 2589 2743 2657 (4)
2772 2588 2863 2641 τοῦ
2894 2589 3185 2658 ἀγεννήτου
3217 2588 3401 2657 χωρεῖ.
3449 2584 3596 2653 Ἐγὼ
3631 2585 3728 2654 μὲν

2150 2678 2257 2750 γάρ
2294 2677 2425 2749 δρῶ,
2465 2678 2568 2739 ὅτι,
2606 2674 2793 2747 ὥσπερ
2830 2678 2939 2739 τοῖς
2993 2674 3373 2744 ἐπερχομένοις
3414 2671 3583 2723 αίώσι
3630 2672 3726 2741 τὴν

2148 2773 2383 2825 διάνοιαν
2413 2769 2838 2831 ἐπεκτείνοντες,
2870 2766 3221 2835 ἀτελεύτητον
3240 2764 3471 2834 λέγομεν
3498 2763 3595 2817 τὸν
3617 2763 3727 2815 οὑδ-

2150 2865 2231 2918 ενὶ
2276 2864 2470 2935 πέρατι
2502 2862 2602 2934 τὴν
2666 2862 2810 2931 ζωὴν
2850 2859 3193 2931 ὁριζόμενον·
3230 2856 3369 2909 οὕτω
3416 2858 3511 2910 καὶ
3544 2857 3629 2918 εἰς
3667 2862 3724 2907 τό

2152 2955 2262 3007 ἄνω
2306 2955 2413 3007 τῶν
2462 2953 2670 3007 αἰώνων
2719 2956 2827 3014 τοῖς
2867 2952 3143 3021 λογισμοῖς
3182 2949 3561 3011 ἀναϐαίνοντες
3584 2989 3599 3013 ,
3634 2966 3725 3001 καί

2152 3042 2261 3101 οἷον
2292 3047 2373 3111 εἷς
2418 3065 2470 3100 τι
2503 3047 2737 3115 πέλαγος
2768 3046 2965 3116 ἀχανὲς
2996 3046 3088 3097 ἐπὶ
3128 3043 3188 3096 τὸ
3231 3044 3451 3113 ἄπειρον
3485 3044 3589 3113 τῆς
3631 3040 3722 3095 τοῦ

2153 3138 2286 3192 Θεοῦ
2336 3138 2480 3210 ζωῆς
2530 3139 2954 3202 διακόπτοντες,
2996 3137 3251 3207 οὐδεμιᾶς
3297 3136 3471 3206 ἀρχῆς
3515 3138 3613 3204 ἀφ’
3657 3131 3723 3207 ἧς

2152 3233 2340 3301 γέγονε
2364 3231 2622 3284 λαϐέσθαι
2656 3230 2960 3301 δυνάμενοι,
2992 3229 3125 3283 ἀλλά
3156 3229 3246 3283 τοῦ
3274 3229 3563 3299 νοουμένου
3593 3228 3724 3294 ἐξω-

2151 3322 2314 3394 τέραν
2342 3322 2429 3375 ἀεὶ
2468 3322 2560 3374 καὶ
2596 3321 3105 3392 ὑπερεκπίπτουσαν
3134 3318 3227 3371 τοῦ
3276 3317 3409 3371 Θεοῦ
3448 3319 3547 3389 τὴν
3579 3317 3722 3386 ζωὴν

2152 3413 2482 3479 ἐννοοῦντες,
2526 3412 2681 3466 τοῦτο
2718 3412 2776 3465 τὸ
2823 3412 3054 3483 ἄναρχον
3094 3411 3192 3480 τῆς
3239 3410 3381 3481 ζωῆς
3429 3409 3723 3478 ἀγέννητον

2153 3509 2612 3579 προσειρήκαμεν.
2642 3505 2788 3577 Αὕτη
2818 3504 2926 3576 γὰρ
2955 3504 3047 3557 τοῦ
3081 3503 3407 3574 ἀγεννήτου
3444 3504 3477 3573 ἠ
3512 3502 3719 3564 ἔννοια,

2152 3600 2210 3651 τὸ
2241 3601 2314 3669 μὴ
2358 3601 2499 3668 ἔχειν
2532 3600 2796 3671 ἑτέρωθεν
2840 3598 2937 3669 τὴν
2970 3597 3143 3669 ἀρχὴν
3193 3595 3284 3649 τοῦ
3322 3592 3484 3648 εἶναι.
3539 3596 3599 3647 '0
3631 3594 3721 3658 δὲ,

2152 3690 2340 3761 ἐπειδὴ
2371 3691 2497 3760 περὶ
2525 3690 2681 3761 μόνον
2710 3690 2799 3741 τὸν
2840 3689 2971 3741 Θεὸν
3010 3688 3116 3740 τῶν
3161 3686 3294 3739 ὅλων
3325 3686 3386 3737 τὸ
3426 3685 3720 3755 ἀγέννητον

2152 3782 2433 3848 θεωρεῖται
2483 3783 2594 3852 (5),
2648 3782 3059 3853 κακουργότατα
3109 3779 3322 3832 πάντων
3370 3778 3449 3847 (6)
3491 3779 3572 3841 εἰς
3622 3777 3720 3847 τὴν

2152 3875 2291 3928 κατά
2322 3875 2415 3927 τοῦ
2446 3874 2779 3942 Μονογενοῦς
2811 3874 3057 3943 ἥρπασεν
3085 3870 3214 3926 αὑτό
3247 3869 3614 3941 βλασφημίαν.
3654 3869 3719 3921 Τί

2150 3967 2255 4038 γάρ
2291 3983 2422 4037 φησι
2456 3968 2658 4036 προῖὼν
2678 3982 2691 4029 ;

2222 4057 2380 4113 ΕΥΝ.
2430 4055 2743 4125 Ἀγέννητος
2786 4054 2843 4107 δὲ
2889 4052 2963 4105 ὢν
3001 4051 3142 4106 κατά
3191 4053 3287 4122 τὴν
3338 4048 3719 4122 προλαϐοῦσαν

2151 4147 2443 4212 ἀπόδειξιν,
2477 4148 2576 4199 οὐκ
2610 4147 2672 4201 ἄν
2707 4162 2834 4198 ποτε
2862 4144 3114 4216 πρόσοιτο
3142 4144 3412 4213 γέννησιν,
3440 4142 3582 4195 ὣστε
3620 4142 3720 4212 τῆς

2155 4240 2289 4304 ἰδίας
2325 4238 2643 4311 μεταδοῦναι
2669 4238 2746 4307 τῷ
2774 4238 3096 4308 γεννωμένῳ
3135 4236 3365 4305 φύσεως,
3399 4235 3629 4303 ἐκφύγοι
3662 4253 3718 4287 τε

2152 4333 2216 4386 ἀν
2245 4334 2420 4385 πᾶσαν
2458 4332 2744 4403 σύγκρισιν
2776 4330 2870 4383 καὶ
2902 4329 3181 4381 κοινωνίαν
3208 4327 3304 4399 τὴν
3336 4326 3473 4398 πρὸς
3505 4326 3567 4378 τὸ
3597 4343 3720 4393 γενο

2151 4428 2328 4499 νητόν.

555 4535 680 4588 Bas.
727 4529 771 4585 Ο
807 4528 1169 4596 impudentem
1193 4534 1247 4577 et
1286 4520 1585 4591 improbam
1619 4516 2043 4587 blasphemiam!

2221 4520 2364 4572 ΒΑΣ.
2403 4520 2464 4570 Ὢ
2492 4519 2587 4587 τῆς
2612 4515 2965 4586 ἀναισχύντου
2988 4514 3062 4582 (7)
3087 4514 3181 4567 καὶ
3211 4514 3451 4583 πονηρᾶς
3477 4513 3717 4584 βλασφη-

482 4626 527 4681 0
552 4623 819 4679 occultum
847 4615 1026 4671 dolum
1066 4623 1121 4668 et
1151 4614 1501 4685 multiplicem
1526 4611 1850 4667 versutiam!
1882 4625 2043 4678 quam

484 4716 768 4787 diligenter
810 4727 876 4765 ex
921 4710 1038 4778 ipso
1085 4706 1283 4761 diaboli
1320 4707 1552 4761 artilicio
1598 4703 1855 4773 loquitur.
1911 4702 2043 4754 Nam

482 4808 606 4878 quia
636 4801 950 4859 dissimilem
976 4798 1084 4855 Deo
1106 4814 1170 4855 ac
1200 4797 1347 4853 Patri
1374 4797 1709 4868 unigenitum
1745 4792 1941 4848 Filium
1976 4808 2038 4847 ac

553 5034 630 5104 (2)
672 5033 804 5102 Reg.
836 5032 1026 5104 tertius
1056 5039 1111 5104 et
1143 5028 1293 5104 Cglb.
1343 5028 1491 5104 εστὶν
1542 5029 1734 5104 εἰπεῖν.
1763 5026 1826 5104 eo
1856 5025 1917 5104 ἐξ
1961 5026 2052 5077 οὐ-

477 5097 626 5170 δενὸς
667 5097 803 5174 ὅπερ
848 5101 959 5154 ἴσον
990 5102 1106 5154 ἐστὶ
1144 5100 1222 5169 τῷ
1269 5100 1596 5174 ἀγέννητος·
1633 5097 1748 5174 est
1779 5097 1859 5174 fta
1888 5098 2051 5167 ἀναρ·

480 5168 747 5249 χονξιια
775 5168 936 5249 neque
986 5174 1040 5225 in
1087 5168 1470 5249 universal-unt
1505 5169 1611 5249 Deo
1654 5168 1889 5249 illu‘dffe
1926 5177 2051 5220 suv-

480 5238 675 5303 ἶιηηιὶίι
710 5247 829 5298 licet
851 5238 1055 5306 'dicere,
1083 5242 1221 5311 quod
1246 5256 1309 5292 ex
1331 5241 1471 5292 nullo
1511 5241 1597 5301 sit,
1626 5238 1774 5311 quod
1804 5238 1938 5289 idem
1972 5247 2047 5288 est

480 5332 633 5386 atque
665 5314 989 5387 generationi
1010 5309 1302 5387 _obnoxium
1349 5326 1453 5361 non
1489 5324 1619 5387 esse.
1647 5309 1776 5387 ﬁed
1826 5317 2047 5387 praestat

483 5378 609 5457 legi,
638 5378 695 5440 υἰ
733 5386 860 5439 mihi
896 5384 1111 5457 quidem
1160 5381 1389 5457 videtur,
1423 5390 1474 5457 ut
1515 5381 1564 5430 in
1604 5378 1731 5457 abis
1762 5378 2044 5431 codicibus

480 5449 615 5511 et'in
648 5449 925 5522 impressis
956 5454 1106 5506 libris
1144 5450 1399 5522 scriptum
1440 5449 1729 5522 invenitur.

550 5530 627 5596 (5)
670 5517 801 5596 Reg.
825 5533 1051 5596 quartus
1082 5519 1426 5596 ἀποκρίνοιτο
1454 5519 1640 5596 τὸ-μή.
1673 5517 1805 5596 illata
1822 5532 1948 5570 mss.
1979 5518 2043 5568 ἐκ

478 5585 575 5667 τῆς
609 5585 985 5665 θείαςνχέιρός.
1018 5585 1292 5667 Articulus
1320 5595 1502 5667 deerat
1529 5585 1578 5641 in
1598 5585 1858 5667 :vulgatis.

549 5656 622 5735 (4)
666 5656 818 5719 [id—ili
848 5656 1028 5735 e'tisex
1075 5678 1202 5715 mss.
1247 5656 1516 5729 βουληθῇ,
1565 5660 1643 5720 εἰς
1682 5658 1742 5709 τὸ
1787 5659 2044 5727 σημαινό-

481 5755 658 5806 μενον.
688 5736 866 5788 leex
900 5734 1049 5806 Qolh.
1078 5735 1307 5806 secunda
1329 5734 1566 5806 quidem
1606 5745 1786 5806 manu,
1819 5739 1909 5781 sm
1946 5747 2043 5779 an-

476 5798 625 5875 itqua
664 5820 872 5864 tatuen,
921 5801 1155 5873 βουληθῇ
1198 5804 1243 5853 εί
1294 5802 1372 5863 εἰς
1418 5800 1474 5851 τὸ
1524 5798 1941 5870 σημαινόμενον,
1992 5815 2043 5851 se

2156 4612 2316 4684 μίαςί
2352 4612 2415 4663 Ὢ
2438 4610 2530 4662 τοῦ
2574 4610 2955 4681 κεκρυμμένου
3002 4607 3152 4659 δόλου
3198 4607 3289 4659 καὶ
3330 4606 3429 4676 τῆς
3471 4607 3716 4673 ποικίλης

2156 4702 2529 4774 ρᾳδιουργίαςί
2560 4702 2633 4765 ὡς
2663 4699 2906 4770 ἀκριϐῶς
2938 4698 2995 4765 ἐξ
3029 4698 3195 4768 αὐτῆς
3225 4696 3315 4749 τοῦ
3341 4696 3587 4749 διαϐόλου
3624 4699 3716 4767 τῆς

2148 4795 2425 4867 μεθοδείας
2457 4792 2785 4864 φθέγγεταιί
2838 4792 3112 4861 Ἀνόμοιον
3153 4788 3261 4860 γὰρ
3291 4787 3612 4858 βουλόμενος

2147 5030 2255 5093 ipse
2284 5033 2640 5094 perscrutatur
2677 5040 2744 5076 an
2777 5022 3022 5091 procedat
3057 5021 3124 5072 ad
3166 5018 3426 5094 notionem
3462 5015 3712 5083 ingeniti;

2147 5088 2201 5151 et
2237 5088 2306 5149 ita
2353 5096 2450 5165 legi
2481 5106 2731 5161 Oportere
2768 5088 3016 5165 arbitror,
3042 5105 3157 5165 nec
3185 5089 3252 5141 oh
3284 5088 3442 5139 aliam
3490 5102 3707 5165 causam

2145 5158 2462 5234 particula'm
2494 5158 2541 5217 εί
2587 5163 2999 5234 praetermissam
3035 5161 3218 5234 fuisse.
3267 5173 3423 5226 quam
3458 5158 3615 5234 quod
3646 5158 3713 5209 li-

2144 5228 2309 5291 brarii
2340 5240 2387 5289 εἰ
2419 5252 2539 5290 cum
2574 5228 2654 5298 εἰς
2688 5232 3048 5291 confuderiut,
3080 5230 3430 5295 ultimamque
3458 5228 3705 5281 voculam

2146 5308 2385 5363 Serihere
2421 5308 2554 5359 satis
2594 5306 2900 5359 habuerint.

2216 5378 2290 5448 (5)
2324 5378 2393 5432 Τὸ
2421 5376 2757 5448 ἀγέννητον
2783 5372 3097 5442 θεωρεῖται,
3122 5368 3712 5448 consideratur-ingni-

2141 5438 2283 5510 lun‘t.’
2306 5452 2405 5503 hoc
2435 5438 2538 5509 est,
2567 5438 2700 5498 ratio
2743 5438 2981 5514 ίηρεηῖῖὶ,
3014 5444 3305 5511 praprielas
3337 5438 3572 5507 ingeniti,
3613 5453 3706 5490 no-

2143 5524 2214 5575 tio
2246 5520 2483 5588 ingeniti,
2515 5529 2559 5569 et
2591 5517 2705 5584 ejus
2737 5525 2948 5588 natura.

2204 5577 2479 5660 (6)vEditi’
2516 5577 2758 5660 πάντως,
2798 5586 2975 5637 Codex
3027 5582 3184 5660 C_olb._
3223 5588 3275 5633 et
3328 5578 3417 5658 alii
3486 5577 3704 5649 quidam

2143 5648 2276 5714 mss.
2303 5660 2536 5711 πάντων.
2576 5656 2692 5708 Mox
2730 5658 2836 5707 duo
2870 5672 2999 5705 mss.
3028 5654 3107 5715 είς
3135 5649 3231 5721 τὴν
3263 5648 3378 5702 τοῦ.

2214 5730 2289 5800 (7\
2331 5729 2468 5783 Editi
2506 5727 2569 5778 Ὢ
2597 5724 2687 5777 τοῦ
2725 5723 3100 5779 ἀναισηύντου,
3131 5718 3200 5775 At
3237 5736 3367 5775 mss.
3394 5718 3459 5771 Ὢ
3482 5718 3603 5790 τῆς.
