3978 6410
353 357 454 411 549

1432 354 1791 408 ADVEilSUS
1831 352 2191 407 EUNOMIUM
2232 354 2362 411 LIB.
2404 353 2445 408 Ι.

3467 362 3572 419 550

349 470 466 539 Θεῷ
488 469 581 522 καλ⁵
608 468 781 538 Πατρὶ
805 469 894 520 τὸν
914 469 1190 535 Μονογενῆ
1218 467 1340 519 Υίὸν
1368 468 1457 519 καὶ
1483 467 1612 518 Θεὸν
1634 466 1888 531 ἐπιδεῖξαι

2021 467 2182 520 Deum
2229 467 2337 519 vult
2360 468 2661 530 ostendere,
2692 466 2867 521 Patris
2893 478 2947 522 et
2973 469 3090 524 Filii
3124 486 3318 528 nomen
3348 472 3570 529 silentio

347 562 409 613 τὸ
441 559 537 628 μὲν
557 558 650 610 τοῦ
673 560 882 628 Πατρός
911 561 1002 611 καὶ
1028 557 1120 610 τοῦ
1157 557 1282 609 Υἱοῦ
1307 557 1472 627 ὄνομα
1502 560 1697 627 σιωπᾷ,
1726 557 1909 619 ἁπλῶς

346 652 402 704 δὲ
429 652 555 708 περὶ
598 652 890 719 ἀγεννήτου
927 652 1020 703 καὶ
1051 650 1307 718 γεννητοῦ
1342 649 1678 716 διαλέγεται·
1715 651 1805 700 καὶ
1841 649 1908 702 τὰ

346 745 443 813 τῆς
477 742 741 811 σωτηρίου
776 743 1006 804 πίστεως
1040 743 1276 811 ὀνόματα
1327 741 1601 809 κρύπτων,
1637 740 1768 808 ψιλά
1802 758 1906 793 πα-

351 834 601 905 ραδίδωσι
631 834 727 904 τῆς
758 833 1100 904 βλασφημίας
1127 834 1193 886 τὰ
1222 834 1465 903 δόγματα
1485 851 1496 862 ·
1526 834 1633 895 ἵνα,
1662 833 1758 903 τῆς
1786 834 1909 885 ἀσε-

346 925 499 987 ϐείας
538 927 593 977 ἐν
625 928 734 988 τοῖς
772 925 1053 996 πράγμασι
1103 926 1502 996 γυμνωθείσης,
1536 921 1653 979 εἶτα
1681 926 1778 995 τῆς
1812 942 1908 995 με·-

347 1016 626 1077 ταϐἁσεως
649 1016 738 1067 ἐπὶ
766 1015 833 1067 τὰ
860 1016 1123 1085 πρόσωπα
1156 1016 1450 1086 γενομένης
1486 1016 1584 1085 (8),
1614 1016 1773 1079 αὐτὸς
1809 1016 1907 1086 μὲν

352 1107 515 1176 μηδὲν
536 1105 659 1179 δόξῃ
688 1107 964 1177 δύσφημον
991 1107 1285 1177 εἰρηκέναι,
1312 1111 1380 1177 τῇ
1409 1108 1463 1159 δε
1486 1107 1578 1159 τοῦ
1601 1108 1756 1175 λόγου
1782 1108 1911 1160 ἀκο-

346 1198 532 1268 λουθίᾳ
558 1198 1061 1267 κατεσκευασμένην
1086 1198 1181 1269 ἔχῃ
1207 1197 1305 1268 τὴν
1329 1196 1690 1266 βλασφημίαν.
1728 1197 1909 1265 Ἀγέν-

347 1304 503 1357 νητος
532 1286 588 1339 δέ
612 1285 706 1347 ὢν,
736 1288 915 1357 φησὶν,
949 1287 1172 1355 ἐκφύγοι
1196 1286 1261 1341 ἂν
1295 1289 1473 1340 πᾶσαν
1506 1287 1786 1358 σύγκρισιν
1815 1288 1908 1340 καὶ

347 1380 625 1431 κοινωνίαν
659 1378 755 1449 τὴν
786 1380 919 1449 πρὸς
949 1379 1007 1432 τὸ
1038 1380 1310 1448 γεννητόν.
1344 1382 1456 1433 Ούκ
1484 1377 1652 1440 εἶπεν,
1683 1381 1762 1432 ὅτι
1796 1382 1907 1433 Πα-

344 1469 448 1539 τὴρ
476 1472 566 1522 καὶ
596 1471 720 1533 Υἱός
740 1487 753 1501 θ
782 1471 916 1531 ἀλλ’,
935 1472 1249 1541 Ἀγέννητος
1279 1473 1371 1524 καὶ
1401 1473 1659 1543 γεννητός
1691 1472 1784 1543 (9).
1809 1473 1904 1525 ’Ἑν

350 1562 448 1631 μὲν
475 1563 539 1631 δὴ
569 1563 732 1616 αὑτοῦ
762 1563 915 1616 τοῦτο
941 1564 1177 1616 τοιοῦτον
1211 1564 1573 1635 κακούργημα
1597 1581 1604 1587 ·
1637 1563 1822 1634 ἕτερον
1851 1564 1907 1617 δὲ

347 1656 527 1720 ποῖον,
578 1659 847 1709 σκοπεῖτε.
908 1656 1223 1725 Ἀγέννητος
1252 1656 1307 1707 δέ
1350 1656 1444 1718 ὢν,
1479 1673 1661 1725 (mea,
1715 1656 1809 1711 ὀὒκ
1842 1656 1907 1708 ἄν

346 1763 477 1798 ποτε
509 1748 758 1818 πρόσοιτο
791 1748 1035 1817 γέννησιν
1056 1761 1069 1777 ⁸
1103 1748 1195 1799 καὶ
1220 1748 1431 1815 ἐπάγει,
1468 1747 1607 1800 ὥστε
1642 1748 1737 1817 τῆς
1772 1747 1905 1810 ἰδίας

2014 558 2407 624 prmtermitlit,
2444 573 2509 611 ac
2554 558 2871 627 simpliciter
2906 566 2974 613 de
3020 562 3257 630 ingenito
3296 571 3353 618 et
3387 569 3569 632 genitu

2012 648 2247 701 disserit.
2279 648 2416 714 Quin
2445 658 2498 702 et
2527 650 2809 703 occultatis
2842 651 3135 707 salutiferae
3181 653 3305 708 ﬁdei
3338 656 3568 710 nomini-

2013 740 2130 802 bus,
2159 740 2504 809 blasphemiae
2533 742 2780 808 dogmata
2810 744 2947 797 nuda
2980 744 3164 811 tradit,
3195 755 3270 809 ut,
3302 747 3564 801 denudata

2011 830 2062 882 in
2097 831 2224 899 ipsis
2253 833 2412 885 rebus
2447 831 2742 899 impietate,
2774 849 2836 888 ac
2867 835 3059 888 deinde
3098 834 3241 891 facto
3276 837 3341 890 ad
3381 851 3569 907 perso-

2011 935 2107 974 nas
2137 922 2388 986 transitu,
2425 922 2670 977 videatur
2696 923 2809 991 ipse
2839 924 2969 977 nihil
3012 925 3214 981 dixisse
3242 926 3564 997 blasphemi,

2011 1012 2101 1065 sed
2128 1013 2388 1068 orationis
2427 1014 2567 1069 serie
2608 1014 3000 1084 blasphemiam
3042 1017 3421 1072 concinnatam
3464 1019 3567 1072 ha-

2010 1102 2150 1156 beat.
2180 1104 2453 1172 lngenitus
2484 1114 2662 1160 autem
2688 1121 2809 1161 cum
2832 1108 2920 1171 sit,
2948 1108 3141 1177 inquit,
3166 1108 3355 1181 effugit
3382 1111 3565 1182 utique

2007 1208 2219 1247 omnem
2261 1196 2713 1262 comparationem
2756 1211 2819 1251 ac
2850 1200 3281 1254 communionem
3311 1215 3433 1256 cum
3472 1217 3567 1272 ge-

2010 1283 2138 1336 nito.
2180 1282 2295 1337 Non
2335 1284 2505 1338 dixit:
2542 1284 2701 1341 Pater
2740 1298 2794 1341 et
2824 1288 3026 1353 Filius,
3056 1289 3171 1355 sed,
3205 1289 3483 1362 lngenitus
3510 1303 3566 1347 et

2009 1374 2241 1447 genitus.
2275 1375 2405 1429 Tale
2434 1386 2517 1430 est
2546 1377 2712 1447 igitur
2745 1394 2911 1432 unum
2934 1418 2950 1443 ,
2978 1380 3120 1446 quod
3149 1382 3215 1436 ab
3254 1397 3319 1437 eo
3347 1386 3565 1455 excogi-

2009 1472 2174 1518 tatum
2200 1474 2283 1520 est
2313 1485 2325 1519 :
2360 1466 2585 1521 alterum
2618 1482 2746 1522 vero
2768 1470 2927 1538 quale
2968 1471 3040 1524 sit
3084 1472 3445 1529 considerate.
3476 1475 3563 1529 ln-

2007 1562 2219 1629 genitus
2244 1575 2373 1614 vero
2401 1577 2522 1616 cum
2558 1562 2651 1630 sit,
2685 1565 2889 1634 inquit,
2924 1581 3198 1635 nunquam
3230 1583 3359 1623 sane
3392 1570 3565 1624 admi-

2007 1652 2141 1706 serit
2181 1653 2578 1721 generationem
2620 1671 2633 1707 :
2677 1664 2730 1707 et
2778 1656 3084 1725 subjungit,
3131 1657 3267 1713 adeo
3307 1668 3365 1712 ut
3409 1675 3560 1715 suam

2010 1743 2176 1809 ipsius
2204 1753 2451 1797 naturam
2477 1746 2837 1799 communicet
2868 1762 2990 1801 cum
3018 1750 3217 1817 genito.
3244 1749 3397 1816 Illud,
3428 1768 3564 1806 nun-

351 1836 665 1906 μεταδοῦναι
698 1837 772 1907 τῷ
798 1837 1115 1908 γεννωμένῳ
1142 1837 1375 1906 φύσεως.
1408 1838 1501 1901 Τὸ,
1527 1840 1637 1891 οὐκ
1668 1838 1743 1891 ἄν
1765 1852 1897 1891 ποτε

2009 1852 2164 1903 quam
2195 1852 2320 1889 sane
2350 1836 2621 1888 admiserit
2659 1840 3065 1905 generationem,
3106 1840 3214 1895 duo
3238 1841 3510 1911 signiﬁcat
3542 1860 3557 1896 :

347 1929 627 1997 πρόσοιτο
666 1929 971 1998 γέννησιν,
1001 1930 1091 1982 δύο
1132 1929 1413 1999 σημαῖνει·
1457 1928 1513 1982 ἓν
1555 1930 1684 1999 μὲν,
1716 1931 1796 1982 ὅτι
1838 1932 1903 2001 τῇ

350 2021 456 2092 ἰδίᾳ
484 2021 646 2073 αὑτοῦ
680 2022 835 2089 φύσει
868 2023 967 2074 οὐκ
997 2022 1293 2092 ἐφαρμόζει
1320 2022 1429 2091 (l0)
1460 2022 1711 2092 γέννησις
1740 2021 1906 2093 (ἁδύ-

347 2130 501 2166 νατον
534 2112 639 2182 γὰρ
687 2113 790 2165 ὑπὸ
823 2113 1073 2183 γέννησιν
1113 2112 1285 2165 ἐλθεῖν
1328 2113 1424 2183 τὴν
1471 2114 1761 2182 ἀγέννητον
1805 2113 1905 2181 φύ-

348 2205 471 2272 σιν)
497 2220 509 2231 ⁸
550 2204 732 2275 ἓτερον
763 2203 840 2266 δὲ,
875 2204 955 2256 ὅτι
994 2204 1249 2274 γεννῆσαι
1282 2205 1341 2256 ού
1379 2204 1727 2273 καταδέχεται
1769 2204 1900 2275 (li).

344 2289 512 2357 Οὗτος
545 2295 642 2365 μέν
671 2291 762 2347 οὖν
791 2296 929 2348 κατὰ
955 2296 1013 2348 τὸ
1042 2295 1288 2367 δεύτερον
1323 2298 1713 2366 σημαινόμενον
1744 2298 1906 2368 ἐχρή-

344 2404 474 2441 σατο
513 2391 577 2458 τῇ
612 2390 796 2457 φωνῇ·
835 2388 1165 2460 συναρπάζει
1199 2388 1254 2441 δὲ
1287 2389 1412 2452 τοὺς
1443 2389 1667 2453 πολλοὺς
1701 2392 1764 2442 ἐκ
1807 2392 1904 2461 τῆς

339 2480 612 2549 προτέρας
653 2479 878 2543 ἐννοίας.
924 2480 1072 2532 Ἐπεὶ
1105 2481 1184 2533 ὅτι
1222 2497 1283 2548 γε
1311 2480 1469 2535 τοῦτό
1506 2484 1619 2536 ἐστι
1647 2484 1707 2535 τὸ
1739 2501 1905 2537 κατα-

344 2572 753 2641 σκευαζόμενον,
817 2572 1001 2641 σαφῶς
1055 2571 1113 2625 τὸ
1165 2575 1554 2646 ἐπιφερόμενον
1614 2576 1898 2629 δείκνυσιν.

343 2662 525 2715 Εἰπὼν
559 2663 665 2734 γὰρ
708 2664 809 2727 ὅτι,
840 2667 959 2717 Οὐκ
988 2663 1064 2717 ἄν
1092 2680 1233 2719 ποτε
1262 2669 1545 2735 πρόσοιτο
1584 2668 1894 2738 γέννησιν,

341 2755 643 2824 ἐπήγαγενο
692 2752 846 2808 ὥστε
874 2753 983 2823 τῆς
1018 2755 1169 2822 ιδίας
1191 2757 1551 2825 μεταδοῦναι
1586 2759 1663 2825 τῷ
1692 2778 1903 2828 γεννω-

336 2845 497 2914 μένῳ
537 2848 790 2915 φύσεως.
829 2848 907 2919 Τῇ
947 2846 1055 2917 γὰρ
1094 2849 1319 2921 δευτέρᾳ
1369 2850 1478 2921 (12)
1530 2853 1707 2922 ἐννοίᾳ
1748 2852 1903 2906 τοῦτό

338 2936 489 2988 ἐστιν
528 2937 846 2991 ἀκόλουθον·
893 2939 972 2990 ὅτι
1013 2940 1072 2991 ού
1110 2940 1460 3010 καταδέχεται
1501 2942 1751 3009 γενέσθαι
1789 2944 1901 2997 Πα-

338 3027 465 3097 τὴρ,
508 3028 593 3080 ἵνα
634 3028 706 3099 μὴ
755 3029 963 3099 μεταδῴ
997 3031 1096 3099 τῆς
1148 3031 1281 3093 ἰδίας
1331 3032 1541 3101 φύσεως
1584 3033 1661 3104 τῷ
1704 3051 1902 3102 γεννω-

2007 1942 2168 1980 unum
2196 1967 2211 1990 ,
2255 1928 2397 1997 quod
2442 1928 2670 1997 propriae
2701 1928 2867 1997 ipsius
2901 1941 3106 1986 natura:
3150 1948 3254 1988 non
3302 1936 3551 1998 congruit

2006 2020 2286 2089 generatio
2326 2019 2562 2090 (quippe
2603 2021 2716 2074 ﬁeri
2744 2037 2848 2076 non
2883 2032 3060 2091 potest
3089 2033 3147 2079 ut
3181 2037 3373 2080 natura
3405 2028 3555 2096 inge-

2008 2112 2114 2165 nita
2146 2112 2472 2182 generetur)
2503 2130 2516 2165 :
2555 2112 2807 2180 alterum,
2834 2116 2973 2183 quod
3002 2132 3264 2184 generare
3298 2135 3400 2173 non
3434 2134 3558 2175 sus-

2008 2204 2159 2259 tinet.
2194 2204 2291 2260 ilic
2317 2206 2532 2275 quidem
2579 2205 2680 2260 hac
2710 2221 2839 2261 voce
2882 2212 3173 2265 secundum
3203 2212 3558 2281 posteriorem

2004 2310 2217 2350 sensum
2260 2312 2387 2351 usus
2427 2309 2548 2353 est:
2593 2298 2685 2352 sed
2718 2314 2782 2353 ex
2816 2300 2993 2368 priore
3031 2317 3191 2357 sensu
3231 2304 3417 2374 vulgus
3459 2306 3559 2359 ho-

2004 2387 2207 2441 minum
2233 2388 2283 2441 in
2311 2402 2464 2442 suam
2490 2389 2811 2443 sententiam
2839 2390 3019 2446 trahit.
3045 2392 3254 2448 Etenim
3276 2398 3418 2464 quod
3452 2396 3554 2451 hoc

2003 2477 2072 2531 sit
2100 2481 2240 2547 quod
2284 2479 2567 2543 astruitur,
2613 2479 2892 2535 manifeste
2925 2492 3069 2550 patet
3108 2499 3176 2539 ex
3211 2500 3276 2539 eo
3304 2486 3444 2553 quod
3476 2487 3558 2540 in-

2004 2570 2196 2624 fertur.
2252 2571 2416 2641 229
2464 2570 2597 2624 Nam
2648 2582 2992 2642 posteaquam
3038 2575 3227 2631 dixit:
3277 2574 3556 2646 Nunquam

2002 2680 2127 2717 sane
2170 2666 2436 2719 admiserit
2478 2668 2897 2735 generationem,
2944 2669 3240 2738 subjunxit,
3304 2673 3436 2724 adeo
3496 2682 3551 2725 ut

2001 2773 2148 2809 suam
2177 2757 2342 2824 ipsius
2387 2767 2632 2812 naturam
2667 2760 3009 2812 communicet
3048 2776 3166 2813 cum
3210 2764 3403 2829 genito.
3442 2762 3553 2817 lloc

2002 2865 2232 2918 namque
2274 2850 2453 2904 sensui
2486 2852 2768 2919 posteriori
2800 2852 3085 2916 convenit,
3128 2853 3397 2923 siquidem
3449 2871 3554 2910 non

2001 2940 2227 2994 sustinet
2260 2938 2421 2994 Pater
2446 2940 2583 3004 fieri,
2615 2951 2672 2993 ut
2703 2956 2769 2995 ne
2797 2957 2919 2995 cum
2944 2943 3129 3012 genito
3158 2953 3406 2998 naturam
3436 2961 3559 3014 pro-

2001 3032 2173 3100 priam
2206 3033 2597 3087 communicet.
2633 3032 2911 3103 lmpietate
2940 3035 3040 3089 hac
3082 3050 3200 3104 quae
3238 3037 3403 3105 possit
3439 3052 3557 3093 esse

344 3118 509 3189 μένῳ.
554 3120 648 3182 Τίς
677 3120 740 3172 ἂν
772 3120 975 3188 γένοιτο
1009 3122 1105 3190 τῆς
1137 3121 1388 3185 ἀσεϐείας
1423 3124 1622 3195 ταύτης
1655 3128 1897 3195 χαλεπω-

2002 3124 2395 3192 perniciosior?
2429 3126 2548 3194 quis
2594 3141 2828 3194 unquam
2871 3135 3069 3181 tantam
3115 3128 3450 3199 iniquitatem
3480 3130 3556 3186 lo-

338 3208 507 3279 τέρα;
560 3208 644 3272 τίς
685 3209 909 3279 ἐλάλησε
960 3210 1223 3282 τοσαύτην
1270 3213 1480 3268 ἀδικίαν
1529 3216 1609 3278 είς
1658 3216 1718 3269 τὸ
1768 3216 1899 3286 ὕψος

340 3300 471 3352 ποτέ
491 3317 505 3365 ;

412 3391 499 3445 17.
555 3390 693 3458 Ἐγὼ
736 3393 835 3461 μὲν
874 3392 980 3463 γὰρ
1025 3392 1312 3464 φοϐοῦμαι,
1361 3396 1433 3466 μὴ
1469 3399 1562 3450 κα)⁸
1602 3401 1794 3469 ἡμεῖς,
1838 3401 1897 3452 ἐν

338 3485 415 3556 τῷ
445 3485 542 3548 τὰς
574 3485 857 3556 ἀλλοτρίας
889 3486 1281 3556 ἀναλαμϐάνειν
1313 3487 1655 3561 βλασφημίας
1687 3493 1773 3545 διὰ
1803 3494 1895 3546 τοῦ

339 3578 623 3647 στόματος,
672 3576 981 3647 μολύνωμεν
1020 3578 1224 3631 ἐαυτῶν
1260 3580 1354 3650 τὴν
1383 3581 1639 3645 διάνοιαν,
1674 3585 1766 3636 καὶ
1800 3586 1897 3654 τῆς

337 3668 710 3740 κατακρίσεως
753 3670 933 3733 αὐτοῖς
986 3672 1397 3742 κοινωνήσωμεν
1453 3675 1585 3742 (15).
1634 3676 1895 3746 Παραμυ-

337 3761 505 3814 θεῖται
540 3762 595 3814 δέ
646 3779 711 3831 με
760 3762 820 3813 τὸ
862 3763 919 3815 ἐν
968 3764 1079 3825 τοῖς
1130 3764 1498 3831 Εὑαγγελίοις,
1550 3767 1629 3818 ὅτι
1690 3768 1781 3821 καὶ
1835 3769 1897 3821 τὸ

336 3852 556 3922 Πνεῦμα
589 3854 648 3905 τὸ
680 3853 829 3920 ἅγιον
862 3853 958 3925 τὴν
988 3853 1093 3906 τῶν
1150 3856 1416 3909 Ἰουδαίων
1450 3859 1524 3921 εἰς
1566 3859 1656 3910 τὸν
1696 3859 1895 3930 Κύριον

335 3944 680 4015 βλασφημίαν
722 3944 989 4016 ἔγγραφον
1032 3948 1142 4010 τοῖς
1182 3948 1318 4017 μετά
1357 3948 1530 4002 ταῦτα
1563 3949 1895 4020 παραδοῦναι

332 4034 394 4084 ού
424 4036 792 4104 παρῃτήσατο,
833 4036 1055 4089 ἐκείνων
1081 4036 1387 4106 στηλιτεῦον
1420 4041 1497 4102 είς
1532 4039 1743 4093 ἅπαντα
1771 4042 1896 4111 χρό-

331 4142 422 4178 νον
453 4125 548 4196 τὴν
577 4125 940 4197 βλασφημίαν,
969 4128 1088 4198 οὐχὶ
1118 4131 1183 4199 τῇ
1226 4130 1477 4200 ἀχράντῳ
1501 4130 1625 4201 δόξῃ
1662 4131 1755 4184 τοῦ
1785 4134 1895 4185 Μο-

331 4216 580 4284 νογενοῦς
621 4216 1076 4289 προστριϐόμενόν
1113 4235 1233 4272 τινα
1279 4219 1623 4290 βλασφημίαν
1655 4222 1784 4291 (14).
1826 4224 1890 4276 Ei

327 4307 508 4362 τοίνυν
531 4310 628 4363 οὐκ
650 4310 714 4363 ἄν
738 4327 863 4363 ποτε
892 4310 1141 4381 πρόσοιτο
1168 4311 1436 4382 γέννησιν,
1465 4312 1603 4365 ὥστε
1630 4314 1726 4385 τῆς
1757 4315 1893 4379 ίδίας

330 4400 649 4469 μεταδοῦναι
698 4401 774 4471 τῷ
825 4401 1143 4470 γεννωμένῳ
1200 4402 1435 4470 φύσεως,
1475 4404 1573 4456 οὐκ
1628 4404 1742 4459 ἐστι
1790 4408 1887 4477 μὲν

2000 3227 2157 3272 cutus
2183 3226 2267 3273 est
2294 3218 2345 3272 in
2382 3216 2792 3272 celsitudinem?

2069 3394 2152 3445 i7.
2211 3394 2318 3463 Ego
2362 3394 2607 3463 equidem
2664 3408 2872 3459 vereor,
2924 3409 2990 3449 ne
3038 3410 3137 3450 nos
3178 3410 3391 3466 quoque
3430 3397 3553 3452 dum

1998 3489 2199 3543 alienas
2223 3488 2583 3558 blasphemias
2603 3503 2697 3543 ore
2721 3491 3036 3559 repetimus,
3058 3498 3290 3545 mentem
3313 3503 3552 3545 nostram

1995 3579 2328 3649 polluamus,
2382 3588 2543 3647 atque
2595 3578 3067 3634 condemnationis
3110 3595 3294 3635 eorum
3354 3583 3550 3637 fiamus

1996 3671 2304 3741 participes.
2351 3672 2453 3725 Sed
2509 3670 2829 3725 consolatur
2859 3686 2945 3726 me
2994 3672 3122 3725 illud
3167 3672 3220 3726 in
3254 3673 3554 3742 Evangeliis

1994 3763 2307 3833 proditum,
2359 3762 2501 3829 quod
2554 3761 2789 3831 Spiritus
2833 3774 3052 3816 sanetus
3090 3777 3299 3832 quoque
3342 3763 3553 3818 Judmo-

1997 3869 2114 3907 rum
2163 3854 2214 3905 in
2254 3851 2537 3906 Dominum
2581 3851 2969 3922 blaSphemiam
3018 3853 3273 3922 scriptam
3326 3857 3555 3923 posteris

1996 3945 2209 3999 tradere
2248 3958 2354 3998 non
2403 3944 2758 4010 abstinuerit,
2810 3943 3023 3999 illorum
3058 3943 3446 4015 blasphemiam
3496 3948 3549 4001 in

1994 4050 2157 4091 omne
2184 4045 2393 4103 tempus
2418 4035 2489 4089 ita
2524 4044 2739 4100 notans,
2776 4044 2834 4089 ut
2867 4034 3066 4089 nullam
3096 4044 3271 4089 tamen
3301 4036 3552 4092 ineunt:-

1995 4128 2208 4181 minatae
2258 4125 2530 4195 Unigeniti
2570 4123 2833 4191 maiestati
2887 4124 3276 4194 blasphemiam
3322 4124 3552 4180 εισι-ἱροί.

1995 4219 2177 4289 Itaque
2212 4219 2257 4273 si
2307 4231 2577 4285 nunquam
2631 4216 3033 4285 generationem
3080 4216 3382 4285 admiserit,
3416 4219 3552 4273 adeo

1995 4324 2047 4366 ut
2084 4312 2310 4381 propria:
2341 4318 2544 4363 natura:
2577 4307 2892 4376 participem
2921 4306 3085 4363 faciat
3125 4308 3364 4376 genitum
3390 4346 3408 4374 ,
3443 4325 3549 4365 non

1993 4412 2075 4458 cst
2096 4402 2309 4469 quidem
2343 4398 2502 4451 Pater
2535 4396 2692 4459 Deus,
2723 4412 2829 4449 non
2870 4405 2952 4451 est
2978 4396 3176 4462 etiam;
3204 4396 3299 4451 sed
3325 4404 3549 4466 praestat

326 4491 515 4563 Πατὴρ
557 4494 585 4543 ὁ
617 4492 781 4559 Θεὸς,
816 4495 916 4547 οὐκ
946 4493 1060 4547 ἐστι
1090 4494 1146 4547 δέ
1173 4495 1282 4564 (l5)
1304 4513 1316 4525 ·
1348 4494 1459 4547 ἀλλ’
1494 4494 1714 4563 ἄμεινον
1752 4500 1884 4569 ἡμῖν

1996 4512 2049 4550 ιιι
2092 4490 2482 4561 blasphemiam
2534 4488 2903 4558 imperfectam
2953 4487 3344 4558 relinquamus.
3394 4489 3546 4549 Alter

398 4721 472 4791 (8)
516 4723 654 4794 Editi
684 4723 991 4794 γινομένης.
1018 4723 1161 4794 Libri
1190 4725 1391 4794 antiqui
1416 4724 1735 4794 γενομένης.
1762 4722 1877 4776 Mox

324 4790 461 4861 Reg.
486 4793 673 4845 tertius
698 4790 862 4854 αὐτὸς
897 4790 994 4862 μὲν
1016 4792 1102 4913 ζμὴ
1129 4792 1272 4864 δόξῃ.

393 4863 469 4913 (9}
514 4861 642 4913 Rea.
671 4873 893 4913 ouartus
919 4862 1014 4913 ἀλλ
1083 4864 1272 4913 ἁγένντπ

393 4863 469 4929 (9)
514 4861 642 4930 Reg.
671 4861 1050 4931 (ιιιιιι-ιυεάλλά
1083 4861 1370 4930 ἀγέννητον
1400 4863 1494 4917 καὶ
1528 4863 1808 4932 γεννητόν.

392 4932 500 4998 (10)
542 4934 763 4987 Codices
800 4932 904 4983 duo
936 4933 1255 5002 ἐφαρμόσει.

391 5002 500 5075 (il)
542 5002 843 5075 Γεννῆσαι
867 5004 937 5054 οὐ
972 5000 1370 5070 καταδέχεται,
1402 5002 1455 5054 id
1490 5018 1590 5056 non
1622 5000 1871 5075 admittit,

318 5085 377 5125 ut
401 5071 628 5140 ’geueret
658 5086 676 5123 :
706 5074 805 5125 hoc
844 5080 943 5134 est,
984 5089 1228 5140 generare
1260 5089 1360 5124 non
1406 5082 1569 5139 potest
1596 5086 1614 5122 :
1649 5071 1872 5123 liberum

314 5144 363 5195 ei
402 5158 504 5195 non
549 5150 622 5193 est
671 5157 916 5210 generare
951 5157 969 5193 :
998 5143 1239 5209 gignendi
1291 5157 1391 5194 non
1440 5140 1593 5195 habet
1646 5140 1873 5208 faculta-

316 5222 440 5264 tem.

388 5280 498 5350 (1‘2)
544 5278 623 5346 Τῇ
670 5279 776 5347 γὰρ
827 5279 1091 5350 δευτέρᾳ.
1136 5278 1245 5331 Hoc
1277 5288 1409 5350 εει]
1434 5278 1570 5343 quod
1605 5277 1868 5350 sequitur,

322 5346 402 5403 ἵνα
437 5348 509 5419 μὴ
556 5346 764 5418 μεταδῷ
790 5351 885 5420 τῆς
924 5346 1056 5411 ίδίας
1084 5349 1293 5418 φύσεως
1327 5347 1403 5417 τῷ
1435 5346 1773 5420 γεννωμένῳ,
1820 5348 1869 5400 id

313 5417 507 5486 aperte
542 5417 771 5471 Ostendit
809 5417 966 5471 verba
1016 5417 1104 5472 illa
1154 5420 1429 5477 Eiutomii.
1479 5418 1576 5469 οὐκ
1622 5417 1685 5469 ἄν
1731 5432 1861 5468 ποτε

224 5486 247 5497 ’
311 5491 565 5557 πρόσοιτο
591 5488 860 5557 γέννησιν,
895 5490 958 5541 de
992 5489 1159 5542 activa
1187 5487 1529 5556 generatione
1563 5487 1735 5554 accipi
1769 5488 1859 5539 de-

310 5545 459 5614 bere.
492 5560 567 5612 sic
603 5545 661 5609 ut
700 5545 857 5625 pater,
881 5559 1095 5625 gignere
1124 5545 1225 5612 ηοῖι
1260 5557 1445 5622 possit.

380 5627 489 5693 (13)
531 5626 619 5697 Sic
649 5627 766 5679 libri
810 5638 1029 5697 veteres.
1065 5627 1201 5682 Editi
1232 5625 1862 5697 αύτῆςκοινωνήσωμεν.

379 5698 489 5765 (14)
530 5696 678 5750 Culb.
719 5710 839 5749 cum
886 5695 1018 5765 Reg.
1045 5698 1203 5751 tertio
1240 5695 1364 5750 τινα
1399 5695 1730 5766 δυσφημίαν,
1779 5695 1861 5748 in-

312 5767 523 5819 famiam
555 5765 806 5823 aliquam.

2053 4722 2162 4792 (Ιὸ)
2204 4722 2324 4783 Illa,
2352 4723 2451 4775 οὐκ
2495 4722 2608 4774 ἔστι
2658 4720 2736 4785 δέ,
2778 4720 2855 4775 sic
2906 4720 3067 4792 vertit
3111 4720 3418 4792 interpres:
3453 4720 3545 4792 sed

1981 4789 2083 4846 non
2123 4789 2196 4844 ita
2240 4801 2337 4847 est.
2382 4795 2517 4856 Quid
2555 4801 2733 4845 autem
2780 4792 2893 4845 haec
2936 4789 3033 4844 sibi
3071 4789 3256 4852 velint,
3300 4789 3437 4843 alius
3470 4791 3545 4843 vi-

1981 4864 2136 4916 derit.
2182 4863 2289 4930 Ego
2334 4863 2566 4915 arbitror
2634 4876 2817 4914 vocem
2861 4858 2976 4923 υίός
3025 4858 3300 4930 subaudiri
3346 4858 3545 4913 debere

1980 4942 2102 5001 post
2136 4928 2265 4984 illud
2288 4932 2385 4983 οὐκ
2424 4930 2537 4984 ἔστι
2571 4930 2649 4991 δέ,
2679 4931 2786 5001 hac,
2800 4929 3067 5001 sententia
3095 4946 3109 4983 :
3147 4937 3206 4984 ut
3245 4928 3538 5001 Deus_non

1980 4998 2062 5054 est
2090 5000 2289 5063 Pater,
2347 5004 2419 5053 ita
2452 5016 2554 5053 non
2601 5010 2684 5053 est
2712 4998 2897 5052 Filius.
2931 4998 3041 5051 Hoc
3085 5009 3198 5061 est,
3247 5012 3347 5053 nec
3397 4999 3537 5053 Deus

1970 5070 2133 5124 Pater
2173 5071 2349 5123 vocari
2421 5069 2578 5123 debet
2628 5068 2807 5130 Pater,
2859 5082 2957 5121 nec
3014 5067 3185 5121 Filius
3245 5068 3404 5121 debet
3440 5082 3537 5118 vo—

1982 5141 2090 5192 cari
2172 5139 2355 5192 Filius.
2404 5138 2471 5193 Et
2544 5140 2746 5192 idcirco
2814 5137 3041 5191 Basilius
3098 5138 3173 5191 ait
3235 5137 3537 5257 relinquere

1982 5224 2027 5257 ie
2072 5210 2456 5257 blasnhemiam
2509 5207 2780 5257 Eunomii-
2823 5208 3209 5257 imperfectam.
3258 5220 3364 5257 (tuo
3440 5219 3535 5255 n0-

1967 5224 2027 5262 se
2072 5210 2456 5275 blasphemiam
2509 5207 2780 5272 Eunomii,
2823 5208 3209 5275 imperfectam,
3258 5207 3399 5273 quod
3434 5219 3535 5275 no-

1969 5294 2089 5331 men
2148 5273 2260 5341 υἱός
2316 5278 2734 5345 prmtermiserit.
2784 5273 2912 5331 Nec
2938 5277 3011 5329 ita
3050 5277 3216 5330 multo
3265 5284 3383 5345 post
3428 5273 3533 5326 Ba-

1968 5348 2122 5420 silius
2166 5343 2443 5420 hocri'dem
2490 5346 2645 5420 fecit,
2687 5348 2925 5420 eumuita
2953 5346 3197 5420 scripsit,
3228 5343 3461 5420 αὐτή-τε
3497 5345 3529 5411 ἠ

1968 5417 2225 5488 ἀλήθεια,
2272 5419 2299 5469 ὁ
2345 5417 2554 5488 -Κύριος
2601 5415 3011 5488 ἡμῷνᾲξῐησούς
3064 5412 3533 5488 Χριστόςηῌθηιο

1967 5482 2106 5539 enim
2138 5503 2239 5540 non
2273 5486 2415 5539 videt
2447 5482 2881 5555 νοοθιῆψευδής
2917 5486 3001 5537 hic
3036 5482 3273 5555 suppleri
3306 5483 3525 5555 debere.

1970 5558 2069 5631 hoc
2109 5559 2262 5631 modo
2292 5575 2304 5610 :
2348 5556 2548 5631 ψευδὴς
2586 5552 2720 5625 αὐτή
2755 5552 2895 5631 τεη
2924 5552 3177 5631 ἀλῄθεια,
3212 5553 3447 5631 mendax.
3479 5562 3529 5604 et

1967 5626 2079 5690 ipsa
2115 5627 2325 5689 veritas,
2363 5618 2472 5680 'etc.
2503 5618 2661 5680 'Sane
2699 5618 2802 5679 non
2849 5618 2917 5678 ob
2958 5618 3116 5677 aliam
3165 5637 3381 5679 causam
3432 5618 3532 5674 bus

1970 5695 2100 5747 duas
2140 5711 2299 5750 voces
2334 5696 2678 5763 praetermisit
2710 5694 2959 5763 Basilius,
2999 5706 3160 5761 quam
3193 5692 3332 5763 quod
3363 5691 3531 5762 impia
3600 5694 3603 5703 '

1970 5763 2211 5820 Eunomii
2244 5762 2401 5822 verba
2430 5766 2609 5823 omnia
2650 5762 2892 5836 proferre
2923 5764 3215 5820 horruerit.
