3978 6410
423 350 518 407 5‘3!

1714 343 1772 396 S.
1813 339 2058 396 BASlLll
2099 337 2312 392 MAGNI

3545 337 3651 391 552

422 468 638 537 quidem
670 482 773 520 non
803 464 1022 518 admisit
1051 462 1451 533 generationem
1479 476 1493 513 :
1522 460 1657 515 alter
1682 476 1811 514 vero
1839 460 1979 526 geni-

2105 459 2290 524 ιφεῖναι
2330 453 2513 516 ἀτελὲς
2541 453 2600 505 τὸ
2633 452 2966 523 βλάσρημον.
3013 451 3069 503 ’0
3118 452 3211 520 μὲν
3245 449 3355 521 γὰρ
3388 451 3451 503 ού
3477 466 3652 523 προσ-

425 558 559 611 toris
593 566 841 611 naturam
872 572 976 609 non
1009 553 1374 623 participavit.
1417 550 1616 603 Deinde
1646 550 1762 618 ipse
1792 562 1976 603 secum

426 661 615 715 certat,
640 664 830 703 novam
861 648 1204 716 blasphemia:
1234 644 1621 713 mitigationem
1645 642 1977 710 excogitans,

424 756 530 793 non
579 741 721 810 quod
764 740 1057 809 quidquam
1115 739 1260 791 dicat
1302 736 1444 805 quod
1490 736 1556 788 ad
1609 733 1979 803 pmnitentiam

427 831 713 898 pertineat,
763 833 857 887 sed
893 833 1032 900 quod
1081 830 1470 900 posterioribus
1502 827 1679 895 priora
1724 840 1983 896 superare

427 934 671 978 conetur.
704 925 844 992 Quid
873 926 1015 980 enim
1047 925 1289 993 proferre
1321 938 1483 976 ausus
1514 922 1636 977 est?

500 1113 631 1167 Eun.
672 1108 1038 1177 ElTugeritque
1070 1106 1254 1175 utique
1280 1120 1494 1160 omnem
1527 1106 1983 1173 comparationem

434 1220 493 1259 ac
518 1201 1054 1258 communicationem
1088 1212 1208 1251 cum
1241 1198 1441 1265 genito.

505 1296 627 1350 Bas.
669 1298 736 1348 At
776 1293 878 1346 nisi
912 1290 1244 1359 comparatio
1272 1290 1341 1343 sit
1371 1288 1495 1343 Filii
1532 1306 1651 1344 cum
1677 1289 1854 1353 Patre,
1888 1288 1987 1341 nisi

435 1387 505 1441 sit
554 1383 971 1440 communicatio
1027 1397 1150 1435 cum
1206 1382 1484 1449 genitore,
1532 1382 1817 1435 mendaces
1867 1390 1991 1434 sunt

435 1477 680 1547 apostoli,
716 1475 992 1529 tuendacia
1046 1472 1375 1540 Evangelia,
1412 1473 1526 1539 ipsa
1565 1472 1727 1525 etiam
1770 1472 1988 1532 veritas,

438 1570 695 1623 Dominus
747 1576 931 1621 noster
977 1565 1135 1620 Jesus
1176 1565 1443 1619 Christus.
1500 1564 1606 1618 Sed
1650 1579 1749 1633 ego
1796 1564 1991 1617 iterum

436 1662 632 1715 horreo
682 1659 1104 1726 blasphemiam,
1136 1672 1296 1727 quam
1338 1657 1536 1724 cuique
1579 1655 1735 1709 facile
1788 1663 1870 1707 est
1910 1654 1993 1707 in-

436 1754 695 1821 telligere.
733 1750 866 1804 Nam
894 1752 936 1804 si
975 1750 1168 1803 nullam
1202 1750 1362 1802 habet
1393 1748 1845 1817 comparationem
1871 1762 1989 1799 cum

2081 549 2251 618 ήκατο
2271 546 2549 614 γέννησιν·
2580 547 2608 596 6
2637 544 2693 595 δὲ
2724 545 2783 595 ού
2814 542 3073 613 μετέλαὸε
3104 542 3203 611 τῆς
3233 542 3327 594 τοῦ
3351 546 3654 611 γεννήσανο

2081 656 2169 701 τος
2209 640 2438 707 φύσεως.
2485 634 2616 689 Εἶτα
2659 636 3053 702 ἐπαγωνίζεται
3094 634 3255 696 αὐτὸς
3304 633 3483 703 ἐαυτῷ
3533 650 3657 685 x11.-

2082 731 2175 801 νὴν
2215 730 2322 799 (16)
2355 729 2454 798 τῆς
2495 728 2838 799 βλασφημίας
2868 727 2967 796 τὴν
3017 726 3365 797 παραμυθίαν
3399 726 3657 779 ἐπινοῶν.

2082 824 2142 875 ού
2176 822 2254 891 τῷ
2293 824 2464 873 εἰπεῖν
2504 838 2555 873 τι
2598 819 2883 889 μετανοίας
2924 818 3201 889 ἐχόμενον,
3229 817 3365 870 ἀλλά
3398 820 3511 879 τοῖς
3542 817 3661 868 δευ-

2083 911 2258 980 τέροις
2296 909 2608 979 φιλονεικῶν
2653 907 2965 979 ἀποκρῧψαι
3013 907 3080 960 τὰ
3119 906 3417 976 φθάσαντα.
3453 906 3519 958 Τί
3553 906 3661 975 γὰρ

2086 1002 2347 1071 ὑπέμεινε
2380 1000 2710 1069 φθέγξασθαι
2736 1018 2749 1065 ;

2155 1093 2312 1145 ΕΥΝ.
2366 1091 2620 1159 Ἐκφύγοι
2651 1109 2710 1144 τε
2759 1092 2824 1145 ἂν
2865 1094 3043 1146 πᾶσαν
3091 1092 3373 1166 σύγκρισιν
3415 1092 3510 1144 καὶ
3544 1109 3658 1145 κοι-

2087 1184 2280 1236 νωνίαν
2308 1184 2404 1253 τὴν
2444 1183 2579 1253 πρὸς
2615 1183 2676 1237 τὸ
2707 1184 2986 1252 γεννητόν.

2160 1277 2305 1329 ΒΔΣ,
2348 1277 2409 1327 El
2455 1276 2511 1327 δὲ
2550 1276 2623 1345 μὴ
2661 1275 2946 1347 σύγκρισις
2978 1277 3093 1327 ἐστι
3138 1276 3212 1345 τῷ
3251 1276 3362 1345 Υίῷ
3402 1277 3539 1348 7:96;
3570 1275 3661 1329 τὸν

2092 1368 2329 1438 Πατέρα,
2369 1366 2501 1437 μηδὲ
2554 1368 2803 1420 κοινωνία
2842 1368 2975 1438 πρὸς
3008 1367 3097 1419 τὸν
3130 1369 3498 1438 γεννήσαντα,
3531 1369 3660 1437 Graue

2090 1461 2199 1523 δεῖς
2228 1461 2324 1530 μὲν
2354 1462 2402 1512 οἱ
2435 1458 2737 1522 ἀπόστολοι,
2768 1460 2937 1528 ψευδῆ
2971 1460 3027 1512 δὲ
3061 1460 3127 1513 τὰ
3154 1460 3455 1528 Εὐαγγέλια
3476 1479 3489 1490 ·
3525 1465 3659 1533 αὐτή

2091 1571 2149 1606 τε
2179 1556 2211 1622 ἡ
2244 1553 2355 1621 (t7)
2388 1552 2641 1622 ἀλήθεια,
2670 1554 2698 1603 6
2728 1551 2928 1621 Κύριος
2965 1552 3119 1621 ἡμῶν
3159 1552 3365 1621 Ἰησοῦς
3405 1554 3660 1623 Χριστός.

2105 1646 2243 1697 Ἀλλ’
2268 1644 2376 1713 ἐγὼ
2408 1644 2504 1715 μὲν
2530 1644 2689 1697 πάλιν
2728 1644 2939 1713 φρίσσω
2966 1645 3063 1714 τὴν
3092 1644 3437 1715 βλασφημίαν
3459 1663 3471 1675 ·
3500 1648 3662 1699 παντὶ

2095 1736 2149 1788 δὲ
2181 1734 2404 1787 συνιδεῖν
2439 1734 2634 1805 ῥᾴδιον.
2672 1735 2733 1787 Εἰ
2772 1735 2878 1803 γὰρ
2914 1734 3177 1805 μηδεμίαν
3220 1736 3505 1805 σύγκρισιν
3552 1737 3662 1805 ἔχει

440 1807 618 1908 Patre,
659 1844 930 1913 quomodo
971 1842 1182 1895 diccbat
1225 1840 1469 1907 Philippo
1503 1854 1518 1893 :
1553 1838 1721 1892 Tanto
1767 1849 1993 1900 tempore

2105 1828 2227 1897 πρὸς
2265 1824 2353 1878 τὸν
2384 1826 2622 1896 Πατέρα,
2658 1826 2774 1888 πῶς
2812 1826 2964 1893 ἔλεγε
3014 1826 3090 1897 τῷ
3116 1826 3365 1897 Φιλίππῳ
3389 1845 3401 1856 ·
3448 1830 3663 1884 Τοσοῦ-

440 1928 696 1982 robiscum
746 1943 884 1987 sum,
943 1936 989 1979 et
1040 1942 1143 1977 non
1180 1926 1355 1978 vidisti
1395 1941 1513 1987 me,
1562 1922 1795 1993 Philippe
1835 1924 1992 1976 ""3?

440 2028 526 2083 et,
556 2019 657 2084 Qui
703 2018 835 2071 videt
876 2034 990 2079 me,
1025 2019 1157 2071 videt
1198 2032 1313 2071 eum
1339 2017 1429 2086 qui
1476 2018 1616 2069 misit
1642 2032 1721 2070 me
1751 2016 1833 2069 ⁸⁸⁸2
1861 2016 1991 2069 Nam

440 2128 561 2164 eum
588 2113 679 2181 qui
708 2126 803 2165 uec
825 2110 1275 2181 comparationem
1299 2108 1524 2178 suscipit
1553 2125 1649 2163 nec
1674 2108 1836 2163 ullam
1871 2126 1991 2162 cum

442 2202 579 2257 Filio
607 2204 1031 2257 communionem
1072 2203 1266 2267 habet,
1297 2202 1567 2270 quomodo
1598 2203 1653 2255 in
1690 2202 1865 2271 seipso
1901 2200 1992 2254 Fi-

445 2296 546 2348 lius
587 2294 870 2349 ostendere
916 2292 1209 2361 potuisset?
1251 2290 1360 2345 Nec
1407 2291 1551 2344 enim
1602 2305 1697 2359 per
1738 2291 1996 2345 dissimile

445 2398 536 2440 aut
568 2386 800 2438 alienum
844 2383 1219 2451 comprehendi
1261 2391 1436 2453 potest
1482 2384 1626 2453 quod
1673 2384 1991 2452 ignoratur:

445 2478 536 2531 sed
565 2492 629 2531 ex
655 2476 793 2529 aﬂini
822 2474 977 2529 aliine
1003 2475 1137 2529 solet
1164 2476 1436 2544 cognosci.
1484 2474 1574 2529 Sic
1620 2475 1672 2528 in
1704 2476 1878 2541 sigillo
1914 2476 1995 2529 in-

445 2569 671 2638 spicitur
708 2566 821 2635 ejus
844 2567 934 2636 qui
972 2583 1030 2620 se
1056 2566 1326 2634 impressit
1349 2565 1568 2637 elligies,
1598 2576 1654 2621 et
1685 2583 1778 2635 per
1805 2568 1995 2635 imagi-

448 2678 566 2716 nem
614 2662 889 2730 exemplar
927 2663 1292 2729 cognoscitur,
1335 2661 1378 2714 si
1420 2660 1668 2714 videlicet
1715 2675 1996 2730 compare-

447 2770 567 2809 mus
598 2769 692 2809 nos
717 2769 835 2809 eam
858 2769 977 2808 ante
1009 2754 1059 2807 in
1094 2762 1320 2807 utroaue
1351 2762 1435 2807 est
1463 2752 1821 2808 identitatem.

516 2929 602 2983 18.
645 2928 821 2994 Quare
850 2927 951 2980 hac
985 2940 1088 2979 una
1124 2926 1449 2996 blasphemia
1484 2940 1641 2982 voces
1673 2941 1860 2981 omnes
1881 2942 1999 2996 quie

448 3036 475 3073 a
517 3021 719 3089 Spiritu
753 3030 942 3075 sancto
968 3019 1033 3072 ad
1073 3019 1520 3090 gloriﬁcationem
1570 3018 1841 3088 Unigenili
1885 3028 1998 3071 tra-

2093 1937 2199 1972 τοι·
2228 1920 2447 1987 χρόνον
2474 1918 2601 1986 μεθ’
2635 1916 2799 1985 ὑμῶν
2835 1920 2971 1985 εἰμι,
3008 1918 3103 1971 καὶ
3140 1921 3251 1987 οὐχ
3278 1919 3545 1987 ἑώρακάς
3568 1938 3661 1989 με.

2093 2012 2389 2071 Φί’.ὶιππε;
2430 2010 2555 2069 καὶ,
2611 2008 2672 2060 '0
2721 2005 2951 2075 θεωρῶν
2995 2008 3100 2077 ἐμὲ
3142 2010 3345 2077 θεωρεῖ
3377 2010 3484 2063 τὸν·
3522 2012 3666 2080 πέμ-

2093 2098 2292 2170 ψαντά
2316 2114 2431 2169 pe;
2460 2100 2563 2152 Τὸν
2586 2100 2692 2171 γὰρ
2732 2101 2866 2170 μήτε
2898 2100 2914 2169 (
2927 2099 3007 2167 l8)
3040 2100 3323 2169 σύγκρισιν
3354 2103 3668 2172 ἐπιδεχόμε-

2094 2210 2203 2254 νον,
2254 2192 2386 2263 μήτε
2432 2192 2713 2244 κοινωνίαν
2759 2191 2876 2244 τινὰ
2922 2193 3056 2263 πρὸς
3105 2194 3266 2246 αὐτὸν
3303 2194 3664 2264 κεκτημένον,

2095 2286 2211 2348 πῶς
2244 2284 2308 2338 ἂν
2353 2282 2548 2347 ἔδειξεν
2588 2287 2643 2336 ἐν
2687 2283 2862 2352 ἑαυτῷ
2908 2286 2935 2336 6
2968 2284 3130 2347 Υίόςς
3177 2286 3250 2337 Οὐ
3292 2285 3401 2355 γὰρ
3438 2286 3527 2338 διὰ
3573 2287 3666 2339 τοῦ

2095 2376 2346 2447 ἀνομοίου
2383 2376 2475 2428 καὶ
2507 2376 2785 2445 ἀλλοτρίου
2821 2376 3162 2447 καταληπτόν
3197 2378 3312 2429 ἐστι
3342 2378 3401 2429 τὸ
3434 2380 3668 2446 ἀγνοού-

2100 2486 2283 2540 μενον·
2320 2468 2455 2521 aut
2492 2467 2569 2538 τῷ
2607 2468 2791 2537 οἰκείῳ
2832 2470 3042 2537 πέφυκε
3082 2470 3141 2522 τὸ
3176 2471 3372 2522 οίκειον
3412 2472 3671 2539 ἐπιγινώ-

2098 2561 2341 2614 σκεσΘαι.
2396 2559 2580 2623 Οὕτως
2626 2560 2685 2611 ὲν
2733 2560 2830 2631 μὲν
2863 2559 2939 2630 τῷ
2973 2559 3081 2628 (19)
3121 2560 3612 2630 ἀποσφραγίσματι
3642 2564 3671 2615 6

2096 2651 2188 2703 τοῦ
2218 2649 2562 2712 τυπώσαντος
2598 2648 2884 2720 χαρακτὴρ
2922 2649 3251 2721 καθορᾶται·
3280 2650 3347 2703 δι’
3376 2651 3589 2714 εἰκόνος
3615 2651 3671 2703 δὲ

2098 2745 2129 2812 ὴ
2158 2742 2356 2811 γνῶσις
2379 2740 2471 2794 τοῦ
2497 2740 2803 2812 ἀρχετύπου
2826 2742 3063 2809 γίνεται,
3094 2743 3491 2811 συγκρινόντων
3513 2743 3670 2813 ἡμῶν

2096 2834 2333 2906 δηλονότι
2365 2833 2461 2905 τὴν
2489 2836 2545 2886 ὲν
2572 2833 2818 2904 ἐκατέρῳ
2846 2832 3148 2903 ταύτότητα
3175 2834 3305 2903 (‘20).

2172 2929 2255 2983 18.
2300 2929 2459 2980 Ὥστε
2486 2926 2573 2979 διὰ
2599 2929 2727 2997 μιᾶς
2750 2927 2953 2998 ταύτης
2980 2925 3323 2996 βλασφημίας
3344 2927 3523 2989 πάσας
3553 2922 3669 2977 ἀθε-

2097 3022 2304 3075 τεῖσθαι
2336 3022 2433 3083 τὰς
2475 3019 2659 3087 φωνὰς
2690 3018 2787 3081 τὰς
2828 3018 2976 3087 παρά
3012 3016 3103 3070 τοῦ
3152 3018 3306 3085 ἁγίου
3352 3018 3669 3089 Πνεύματος

447 3112 571 3166 dita:
586 3122 732 3172 sunt.
754 3110 1129 3181 reprobantur.
1149 3110 1214 3164 Et
1229 3110 1802 3178 quidemEvangelium
1821 3111 1997 3173 docet,

2105 3114 2179 3175 είς
2223 3112 2321 3183 τὴν
2369 3109 2462 3164 τοῦ
2507 3109 2840 3178 Μονογενοῦς
2891 3108 3192 3176 δοξολογίαν
3232 3110 3667 3180 τιαραδσθείσας-

449 3204 588 3270 quod
616 3201 768 3255 Hunc
803 3202 963 3256 Pater
992 3203 1217 3272 signavit
1238 3202 1399 3272 23o
1422 3200 1559 3256 Deus
1591 3202 1636 3233 ⁹⁰
1666 3218 1680 3254 :
1717 3201 2002 3270 Apostolus

449 3306 576 3346 vero
619 3292 694 3346 ait
730 3309 743 3346 ε
778 3291 883 3357 Qui
905 3303 979 3346 est
1019 3294 1189 3361 imago
1233 3293 1328 3345 Dei
1371 3292 1641 3346 invisibilis
1669 3292 1737 3347 ⁹¹.
1784 3291 2002 3362 Imago,

449 3398 553 3437 nou
584 3382 897 3448 inanimata,
939 3399 1116 3452 neque
1149 3398 1305 3437 manu
1336 3376 1633 3447 elaborata,
1668 3399 1841 3455 neque
1869 3386 2004 3440 artis

448 3487 541 3531 aut
566 3477 837 3531 industriae
862 3492 1033 3545 opus:
1064 3478 1155 3530 sed
1199 3477 1373 3544 imago
1406 3477 1546 3542 viva,
1578 3479 1684 3532 imo
1712 3493 1859 3539 vero,
1889 3480 2002 3549 ipsa

450 3581 616 3634 perse
633 3567 761 3630 vita,
780 3582 882 3621 non
909 3567 958 3620 in
980 3567 1160 3634 ﬁgura:
1176 3567 1544 3629 similitudine,
1570 3568 1663 3621 sed
1684 3583 1803 3636 qua:
1818 3570 1867 3621 in
1889 3570 2003 3639 ipsa

449 3658 749 3713 substantia
764 3658 1164 3712 similitudinem
1184 3657 1630 3711 dissimilitudinis
1641 3658 2006 3727 cujuscunque

447 3756 720 3814 expertem
765 3762 976 3817 semper
1020 3748 1232 3801 retinet.
1260 3747 1371 3816 Ego
1399 3748 1541 3801 enim
1567 3748 1717 3813 illud,
1745 3753 1801 3803 in
1831 3754 2005 3818 [arma

452 3839 544 3893 Dei
567 3857 673 3894 esse
698 3840 764 3903 ",
795 3841 930 3894 idem
962 3839 1139 3893 valere
1172 3839 1315 3904 dico,
1350 3841 1492 3909 quod
1531 3842 1652 3906 hoc,
1676 3842 1730 3894 in
1760 3844 2005 3896 substan-

449 3935 525 3986 tia
566 3934 659 3986 Dei
687 3950 817 3987 esse.
843 3933 996 3986 Sicut
1029 3934 1171 3987 enim
1203 3932 1360 3996 illud,
1395 3931 1620 4001 formam
1662 3936 2004 4001 assumpsisse

448 4026 577 4077 serri
615 4025 679 4087 ’³,
711 4026 985 4092 signiﬁcat
1010 4023 1292 4077 Dominum
1340 4034 1584 4077 nostrum
1615 4024 1669 4079 in
1702 4026 2002 4081 substantia

449 4116 694 4169 humana:
749 4125 951 4169 natura
1011 4127 1194 4169 natum
1237 4130 1399 4169 esse:
1447 4116 1522 4170 ita
1576 4116 1737 4169 etiam
1792 4118 1914 4182 hoc,
1951 4119 2003 4171 in

516 4250 632 4283 '7'”
668 4251 823 4306 Joan.
873 4268 982 4319 xw,
1009 4252 1061 4308 9.
1136 4253 1179 4284 ”
1218 4251 1475 4315 Joan.xn,
1512 4253 1600 4307 45.
1675 4255 1720 4286 ⁹⁰
1756 4254 1910 4313 Joan.
1942 4276 2013 4324 γι,
2044 4261 2128 4319 27.

2104 3204 2197 3258 τοῦ
2231 3204 2328 3274 μὲν
2363 3201 2692 3269 Εὑαγγελίου
2721 3198 3059 3263 διδάσκοντος
3094 3201 3194 3262 ὅτι,
3238 3200 3456 3255 Τοῦτον
3482 3204 3517 3254 ὁ
3555 3205 3672 3255 Πα-

2104 3296 2212 3365 τὴρ
2242 3294 2607 3363 ἐσφράγισεν
2637 3295 2667 3346 ὀ
2696 3292 2873 3358 Θεός·
2924 3290 3017 3343 τοῦ
3059 3291 3116 3345 δὲ
3174 3292 3527 3346 ’Δποστόλοιν
3566 3296 3671 3360 ’ος

2102 3390 2271 3443 ἐστιν
2316 3386 2493 3441 εἰκὼν
2540 3384 2645 3439 τοῦ
2687 3383 2836 3438 Θεοῦ
2888 3383 2992 3437 τοῦ
3026 3383 3299 3451 ἀοράτου.
3349 3384 3529 3438 Είκὼν
3572 3389 3673 3440 οὐκ

2104 3480 2327 3551 ἄψυχος,
2351 3479 2471 3531 οὐδὲ
2494 3476 2855 3547 χειρόκμητος
2880 3474 3012 3543 (9.1),
3040 3475 3158 3527 οὐδὲ
3178 3475 3372 3545 τέχνης
3393 3476 3554 3546 ἔργον
3580 3482 3672 3530 καὶ

2104 3573 2359 3635 ἐπινοίας·
2392 3570 2525 3623 ἀλλά
2556 3568 2715 3621 εἰκὼν
2745 3566 2911 3631 ζῶσα,
2940 3566 3140 3636 μᾶλλον
3164 3566 3219 3618 δὲ
3244 3568 3510 3621 αὐτωῦσα
3537 3570 3669 3639 ζωὴ,

2102 3662 2202 3716 οὐκ
2231 3664 2287 3715 ὲν
2324 3664 2595 3732 σχήματος
2617 3657 2912 3729 ὁμοιότητι,
2943 3657 3054 3710 ἀλλ’
3097 3660 3155 3710 ὲν
3181 3658 3315 3727 αὐτῇ
3342 3662 3405 3728 τῇ
3432 3660 3591 3729 οὐσία⁵
3613 3660 3673 3711 τὸ

2104 3752 2516 3824 ἀπαράλλακτον
2542 3750 2654 3817 (22)
2685 3749 2771 3803 ἀεὶ
2794 3747 3143 3812 διασώζουσα.
3186 3748 3322 3817 Ἐγὼ
3343 3752 3451 3820 γάρ
3474 3752 3568 3803 καὶ
3591 3751 3669 3809 τὸ,

2100 3846 2171 3899 ἐν
2208 3842 2407 3914 μορφῇ
2457 3842 2602 3895 Θεοῦ
2648 3840 2971 3909 ὑπάρχειν,
3019 3840 3129 3894 ἴσον
3172 3842 3427 3896 δύνασθαι
3462 3842 3561 3912 τῷ,
3605 3844 3675 3895 ἐν

2103 3940 2281 4004 οὐσίῃ
2314 3936 2457 3991 Θεοῦ
2484 3933 2791 4001 ὑπάρχειν,
2841 3933 3004 4003 φημί.
3050 3933 3135 3995 Ὠς
3164 3932 3271 4001 γὰρ
3313 3933 3391 3995 τὸ,
3428 3934 3675 4001 μορφὴν

2103 4029 2486 4097 ἀνειληφέναι
2514 4025 2759 4085 δούλου,
2809 4024 2866 4074 ὲν
2899 4026 2964 4093 τῇ
3000 4023 3155 4093 οὐσία
3194 4023 3291 4093 τῆς
3317 4023 3672 4094 ἁνθρωπότη-

2104 4140 2195 4187 τος
2238 4122 2327 4174 τὸν
2364 4119 2563 4189 Κύριον
2598 4116 2754 4186 ἡμῶν
2800 4115 3155 4185 γεγεννῆσθαι
3196 4116 3480 4184 σημαίνει·
3529 4115 3677 4167 οὕτω

2210 4260 2482 4315 “Coloss.
2510 4274 2546 4319 ι,
2576 4256 2663 4311 15.
2740 4257 2785 4287 ⁹²
2824 4255 3051 4324 Philipp.
3082 4271 3142 4316 tt,
3171 4255 3221 4310 6.
3328 4254 3373 4287 ⁹³
3401 4256 3527 4310 ibid.
3560 4257 3613 4309 Ἰ.

518 4391 630 4463 (16)
672 4391 836 4468 Recte
868 4399 921 4444 et
947 4405 1071 4445 vere
1094 4388 1355 4468 judicavit
1392 4392 1472 4468 vir
1510 4392 1852 4468 doctissimus
1899 4398 2001 4450 Du-
2034 4406 2077 4459 D
2105 4400 2195 4453 τόν
2240 4397 2586 4468 supplendam
2636 4411 2792 4468 esse,
2842 4395 3025 4468 sicque
3072 4394 3183 4447 ham
3227 4395 3386 4468 verba
3431 4399 3671 4468 construi

445 4461 611 4526 θεοὺς,
648 4463 839 4534 καινήν
894 4476 998 4514 nou
1045 4462 1205 4531 κενήν
1253 4461 1354 4514 hoc
1382 4461 1523 4534 loco
1568 4464 1674 4534 legi
1732 4477 2001 4534 Oportere.

448 4534 599 4596 Nam,
627 4536 669 4584 si
710 4532 928 4598 [legium
958 4533 1246 4583 secundum
1278 4532 1533 4597 excipias,
1567 4532 1635 4584 ita
1669 4532 1869 4589 habent
1907 4553 2003 4589 an-

448 4603 577 4675 tiqui
609 4617 793 4675 omnes
828 4610 935 4675 tum
969 4602 1173 4675 calamo
1214 4601 1402 4675 notati,
1439 4610 1547 4653 tum
1581 4603 1718 4671 typis
1752 4606 2007 4675 descripti

446 4670 584 4727 libri.
620 4672 882 4724 Praeterea
911 4671 981 4740 ita
1014 4670 1109 4740 legi
1145 4670 1357 4732 debere,
1386 4671 1499 4737 ipsa
1532 4670 1792 4726 orationis
1839 4670 2009 4731 series

446 4744 577 4814 satis
610 4741 860 4793 ostendit.
908 4739 1104 4792 Ibidem
1138 4754 1275 4793 unus
1316 4742 1485 4794 codex
1532 4744 1885 4814 παραμυθίαν
1921 4750 2007 4801 ὲν·

444 4812 595 4866 νοῶν.

520 4880 632 4950 (l7)
673 4879 892 4933 Codices
939 4894 1040 4952 non
1073 4878 1225 4952 pauci
1259 4878 1411 4952 αὑτὴ
1443 4880 1499 4932 δὲ
1538 4881 1589 4949 ἡ.
1639 4880 1749 4937 lloc
1798 4886 1913 4952 ipso
1954 4886 2004 4940 in

444 4947 559 5003 loco
597 4947 723 5001 mss.
756 4949 991 5001 nonnulli
1021 4951 1048 5001 6
1072 4947 1322 5017 Χριστός.

512 5019 623 5090 (l8)
665 5017 757 5071 Sic
802 5033 929 5071 mss.
958 5016 1164 5073 omnes.
1199 5016 1305 5071 Vox
1354 5020 1490 5089 μήτε
1527 5023 1874 5091 typographis
1909 5038 2000 5077 ex-

440 5097 669 5146 etderat.

512 5158 802 5233 (l9)_l£diti
832 5171 898 5233 _et
932 5158 1061 5233 Reg.
1110 5158 1333 5233 quintus
1376 5158 1548 5233 οὓτως
1591 5162 1647 5212 ὲν
1701 5160 1851 5232 μέσῳ
1901 5164 1997 5233 τῷ.

446 5230 579 5301 lliuc
606 5228 951 5301 Carnarius:
984 5228 1070 5283 Sic
1102 5228 1169 5301 in
1201 5231 1369 5281 medio
1408 5231 1603 5298 sigillo,
1646 5228 1758 5299 ejus
1793 5228 1882 5301 q'ui
1924 5228 1999 5288 si-

442 5300 701 5372 gniﬁcavit
734 5300 903 5372 ﬁgura
933 5299 1392 5372 conspicitur._Alii
1425 5316 1656 5367 quinque
1689 5299 1817 5355 mss.
1849 5301 1998 5372 Regii

441 5366 563 5423 eum
594 5366 741 5424 Coll).
785 5369 954 5431 οὕτως
994 5372 1050 5421 ἐν
1087 5366 1186 5437 μὲν
1230 5367 1325 5437 τῷ.
1363 5372 1450 5421 Ait
1494 5366 2000 5427 vir’ermlitissim'us

446 5441 689 5506 Dur-mus,
734 5439 835 5507 legi
886 5441 1077 5510 alicubi
1121 5439 1149 5489 6
1180 5437 1437 5499 τυπώσεις
1480 5440 1783 5510 χαρακτήρ,
1820 5452 1873 5494 et
1926 5445 1996 5496 ita

443 5511 637 5580 legisse
671 5512 878 5562 videtur
912 5509 1324 5575 'l'rapezuntius,
1362 5510 1451 5575 qui
1499 5519 1671 5580 vertat
1713 5509 1910 5566 {Sicut
1944 5515 1997 5566 in

442 5579 690 5643 impressa
733 5580 901 5648 figura
935 5581 1229 5642 imprimens
1263 5582 1533 5629 character
1564 5579 1856 5645 inspicitur.
1891 5581 1996 5636 Sed

443 5650 603 5703 editio
642 5651 767 5702 Ven.
798 5662 851 5703 et
896 5648 1066 5701 Paris.
1115 5648 1349 5718 perinde
1382 5657 1542 5718 atque
1574 5651 1737 5702 nostri
1786 5662 1991 5718 septem

444 5733 572 5771 mss.
614 5730 923 5773 constanter
957 5715 1152 5771 habent
1196 5720 1223 5769 6
1258 5715 1352 5768 τοῦ
1404 5716 1752 5783 τυπώσαντος
1798 5739 1810 5774 :
1851 5715 1991 5782 uuod

444 5797 501 5842 ut
536 5789 727 5843 melius
776 5790 1119 5851 intelligatur,
1163 5803 1380 5843 monere
1418 5789 1605 5855 juvat,
1638 5806 1818 5846 vocem
1867 5792 1988 5845 ἑαυ-

2110 4464 2538 4528 debere-toﬁna;
2568 4468 2623 4519 ὲν
2669 4466 2767 4537 μὲν
2810 4464 2891 4537 τῷ
2925 4465 3406 4537 ἀποσφραγίσματι
3439 4465 3673 4537 καθορᾶ-

2110 4558 2197 4594 ται
2226 4542 2253 4592 6
2286 4537 2569 4609 χαρακτὴρ
2610 4533 2703 4609 τού
2754 4533 3121 4609 τυπῴσαντος
3144 4536 3353 4609 ἑαυτόν,
3386 4539 3461 4609 sic
3489 4536 3543 4589 in
3581 4533 3668 4590 σε-

2112 4610 2238 4679 gillo
2276 4606 2597 4679 conspicitur
2626 4606 2810 4679 efﬁgies
2838 4607 2952 4671 ejus
2974 4607 3070 4679 _qui
3099 4622 3151 4679 se
3183 4606 3441 4679 impressit

2181 4680 2290 4747 (ὶο)
2331 4674 2457 4731 lure
2504 4692 2561 4727 ac
2596 4678 2784 4747 merito
2818 4674 3159 4747 reprehendit
3204 4676 3425 4747 [luemus
3464 4674 3643 4745 Trape

2109 4743 2370 4809 zuntium,
2398 4750 2536 4815 quod
2570 4747 2682 4802 illa.
2710 4745 2807 4815 τὴν
2839 4746 2896 4797 ὲν
2942 4743 3188 4815 ἑκατέρῳ
3229 4744 3555 4814 ταύτότητα,
3581 4743 3673 4799 ita

2110 4819 2355 4871 vertisset
2396 4814 2423 4870 :7
2455 4818 2505 4869 iu
2550 4814 2771 4883 utroque
2813 4814 3249 4883 similitudinem;
3289 4828 3677 4883 cunirvcrtere

2107 4888 2413 4943 debuisset.
2460 4889 2513 4937 in
2557 4882 2773 4950 utroQue
2810 4884 3153 4936 identilatem.
3208 4882 3315 4937 Nec
3360 4882 3503 4936 enim
3553 4884 3680 4938 licet

2108 4958 2353 5026 scriptori
2382 4956 2696 5026 Christiano
2748 4956 2836 5026 ita
2856 4952 3163 5026 Latinitatis
3192 4953 3494 5026 studiosum
3529 4970 3675 5011 esse.

2106 5038 2160 5079 ut
2194 5023 2350 5080 voces
2394 5040 2607 5095 quoque
2641 5023 2959 5095 Christiana:
2994 5023 3261 5095 religionis
3294 5024 3535 5095 proprias
3595 5039 3680 5077 re-

2104 5096 2291 5165 fugiat,
2334 5107 2387 5149 et
2415 5093 2486 5150 ‘in
2530 5108 2726 5165 earum
2775 5093 2947 5147 locum
3004 5093 3139 5146 alias
3184 5094 3506 5155 subStituat,
3555 5110 3675 5163 qua:

2104 5163 2421 5219 sententiam
2452 5174 2543 5219 aut
2586 5163 2805 5218 omnino
2837 5171 3078 5227 mutent,
3118 5174 3209 5216 aut
3241 5173 3387 5216 certe
3420 5177 3527 5217 non
3581 5181 3677 5232 pa-

2106 5251 2219 5287 rum
2252 5244 2616 5303 corrumpant.

2174 5305 2285 5370 ('2!)
2326 5302 2677 5374 ch.itertius
2717 5304 2911 5366 codex,
2950 5302 3167 5371 optimae
3204 5310 3365 5364 notas,
3396 5302 3521 5354 οὐδὲ
3564 5320 3678 5373 xst-

2104 5376 2388 5446 ρότμητος,
2417 5391 2575 5444 neque
2602 5385 2746 5446 secta
2781 5390 2960 5446 manu.

2170 5440 2282 5513 (ἐπὶ)
2331 5446 2466 5497 Editi
2492 5440 2567 5498 'et
2606 5444 2736 5511 lieg.
2784 5444 3002 5511 quintus
3044 5440 3485 5513 ἀπαράλλακτον
3512 5442 3672 5512 αὑτὴ.

2102 5513 2213 5567 Vox
2251 5515 2402 5586 αὑτήί
2436 5518 2487 5567 in
2537 5515 2751 5581 reliquis
2794 5528 2885 5566 sex
2933 5527 3062 5566 mss.
3105 5512 3286 5586 deest;
3331 5526 3427 5563 nec
3459 5512 3677 5586 dubium

2098 5586 2269 5639 habeo
2320 5582 2445 5650 quin
2484 5586 2669 5638 melius
2710 5586 2884 5645 absit,
2939 5598 3061 5634 cum
3116 5582 3321 5636 inutilis
3371 5585 3592 5636 omnino
3624 5597 3675 5635 et

2097 5654 2363 5723 superﬂua
2392 5668 2511 5710 esse
2544 5655 2805 5709 videatur.
2838 5650 3091 5708 Voculam
3120 5652 3209 5707 ἀεί
3239 5667 3304 5708 ex
3330 5652 3509 5708 tribus
3540 5667 3670 5708 mss.

2096 5726 2423 5780 addidimus.
