3978 6410
288 435 395 491 555

1381 432 1746 490 ADV'EBSUS
1784 435 2152 494 EUNOMIUM
2192 438 2321 492 LIB.
2365 438 2405 494 1.

3412 442 3515 500 558

281 552 339 605 δὲ
375 550 468 603 καὶ⁸
503 550 584 612 τὸ,
608 550 677 602 ἐν
714 550 823 619 (25)
852 549 1054 619 μορφῇ
1085 551 1231 605 Θεοῦ
1254 550 1563 619 ὑπάρχειν,
1590 553 1689 622 τῆς
1713 552 1862 615 Θείας

1967 556 2134 621 {arma
2160 553 2257 605 Dei
2281 571 2411 617 esse,
2449 568 2668 621 prorsus
2696 554 2890 609 divina:
2930 556 3244 611 substantiae
3274 561 3515 626 pr0prle»

281 642 471 703 οὐσίας
504 643 798 715 παρίστησι
828 642 1043 705 πάντως
1068 644 1165 715 τὴν
1203 643 1457 714 ἰδιότητα.
1496 646 1549 695 Ὀ
1589 643 1859 712 ἑωρακὼς

281 733 407 800 ἐμὲ,
439 733 621 802 φησὶν,
653 730 871 798 ἑώρακε
893 734 996 785 τὸν
1024 731 1271 799 Πατέρα.
1296 728 1459 794 Οὗτος
1481 732 1538 785 δὲ
1563 730 1858 801 ἀλλοτριῶν

283 824 377 876 τοῦ
412 823 623 892 Πατρὸς
652 824 741 875 τὸν
768 823 1063 892 Μονογενῆ,
1096 823 1189 875 καὶ
1230 822 1507 884 παντελῶς
1551 823 1857 892 ἀποσχίζων

285 916 384 986 τῆς
429 914 567 987 πρὸς
605 915 765 968 αὐτὸν
805 914 1102 978 κοινωνίας,
1143 915 1238 985 τὴν
1276 915 1341 967 δι’
1364 915 1525 968 αὐτοῦ
1564 919 1857 985 γενομένην

286 1011 387 1078 τῆς
413 1005 663 1076 γνώσεως
695 992 899 1070 ἄνοδον,
931 1006 991 1059 τὸ
1019 1008 1139 1059 ὅσον
1185 1009 1270 1059 ἐπ’
1313 1006 1459 1076 αὐτῷ
1506 1007 1637 1076 (24),
1673 1007 1857 1059 διακό-

289 1115 432 1151 πτει.
465 1096 666 1150 Πάντα
698 1096 813 1149 ὅσα
844 1098 966 1165 ἕχει
1001 1100 1032 1150 ό
1060 1096 1279 1165 Πατὴρ,
1316 1096 1428 1166 ἐμά
1463 1097 1650 1160 ἐστιν,
1686 1097 1713 1148 ὁ
1745 1096 1857 1148 Κύ-

291 1189 402 1260 ριός
427 1206 607 1260 φησιν.
638 1190 984 1259 Εὐνόμιοςρεὲ
1020 1190 1273 1261 οὐδεμίαν
1309 1190 1455 1257 λέγει
1480 1188 1758 1242 κοινωνίαν
1784 1185 1858 1239 εἶ-

288 1301 375 1335 ναι
402 1282 477 1351 τῷ
504 1282 677 1351 Πατρὶ
711 1282 845 1352 πρὸς
877 1284 965 1335 τὸν
994 1283 1051 1347 ἐξ
1078 1281 1261 1336 αὐτοῦ.
1284 1283 1414 1344 Καὶ,
1438 1283 1661 1349 ’Ὠσπερ
1691 1284 1722 1335 ό
1750 1286 1860 1335 [1η-

288 1373 399 1441 τὴρ
428 1372 581 1441 ζωὴν
612 1374 733 1442 ἔχει
763 1374 831 1426 ἐν
864 1372 1073 1438 ἑαυτῷ,
1105 1375 1293 1439 οὕτως
1312 1373 1493 1427 ἔδωκε
1523 1374 1616 1426 καὶ
1644 1372 1721 1438 τῷ
1751 1372 1858 1437 Υἱῴ

287 1465 442 1535 ᾅυὴν
470 1467 633 1535 ἔχειν
662 1468 730 1520 ἐν
752 1466 960 1531 ἐαυτῷ.
995 1466 1163 1519 Τοῦτο
1195 1466 1319 1537 παρ’
1352 1465 1515 1519 αὐτοῦ
1545 1465 1857 1533 δεδιδάγμε-

288 1558 356 1611 θα
382 1558 473 1611 τοῦ
514 1559 714 1629 Κυρίου
735 1575 747 1588 ·
784 1558 931 1628 παρά
954 1558 1008 1610 δὲ
1037 1558 1296 1625 Εὐνομίου
1322 1558 1371 1609 τί
1398 1574 1411 1620 ;
1468 1556 1747 1626 Μηδεμίαν
1777 1551 1855 1607 εἷ-

287 1668 376 1704 ναι
414 1650 699 1719 σύγκρισιν
739 1649 815 1719 τῷ
855 1650 1165 1720 γεννηθέντι
1202 1651 1335 1721 πρὸς
1375 1650 1462 1702 τὸν
1500 1651 1854 1718 γεννήσαντα.

289 1744 398 1797 Καὶ
424 1742 777 1807 ἁπαξαπλῶς,
803 1743 889 1795 διὰ
930 1744 1056 1812 μιᾶς
1082 1742 1286 1811 ταύτης
1313 1741 1495 1811 φωνῆς
1520 1743 1731 1811 ἀναιρεῖ
1762 1740 1858 1809 μὲν

287 1837 377 1888 τὸν
408 1837 505 1905 τῆς
542 1836 746 1899 εἰκόνος
780 1834 957 1903 λόγον,
989 1834 1171 1887 ἀθετεῖ
1190 1834 1245 1886 δὲ
1278 1834 1339 1886 τὸ
1359 1832 1695 1903 ἀπαύγασμα
1721 1827 1857 1883 εἶναι

287 1928 382 1981 καὶ
410 1926 728 1998 χαρακτῆρα
747 1926 846 1995 τῆς
876 1925 1242 1987 ὑποστάσεως.
1273 1922 1409 1977 Οὐτε
1438 1924 1545 1994 γὰρ
1570 1922 1751 1975 εἰκόνα
1772 1922 1859 1974 δυ-
1889 1910 1930 1964 Β

288 2020 445 2073 νατὸν
476 2019 569 2072 τοῦ
608 2020 939 2089 ἀσυγκρίτου
967 2017 1221 2080 νοεῖσθαι,
1262 2016 1385 2069 οὐτε
1416 2010 1750 2085 ἀπαύγασμα
1782 2010 1857 2066 εἷ-

287 2133 375 2169 ναι
420 2114 513 2167 τοῦ
553 2114 915 2183 ἀκοινωνήτου
967 2109 1107 2164 κατά
1152 2110 1249 2180 τὴν
1284 2108 1459 2177 φύσιν.
1508 2106 1596 2176 Τῷ
1628 2106 1682 2159 δὲ
1712 2104 1858 2175 αὐτῷ

288 2208 417 2261 εἴδει
456 2207 616 2261 πάλιν
652 2204 745 2258 τοῦ
778 2204 1149 2274 τεχνάσματος
1183 2201 1451 2271 ἐπιμένει,
1474 2200 1551 2270 τῷ
1581 2199 1859 2268 ἀγεννήτῳ

286 2296 461 2365 λέγων
501 2298 574 2367 μὴ
611 2294 749 2348 εἶναι
795 2294 929 2365 πρὸς
976 2294 1036 2345 τὸ
1077 2292 1331 2361 γεννητὸν
1374 2290 1689 2361 σύγκρισιν·
1740 2290 1860 2359 οὐχὶ

287 2390 366 2460 τῷ
392 2390 566 2460 Πατρὶ
603 2389 738 2459 πρὸς
770 2387 861 2440 τὸν
887 2385 945 2450 ἐξ
978 2384 1162 2447 αὐτοῦ,
1197 2385 1282 2437 ἵνα
1309 2385 1484 2454 ἤνπερ
1509 2383 1574 2436 ἂν
1599 2385 1718 2446 ταῖς
1744 2400 1856 2451 φω-

287 2485 407 2545 ναῖς
440 2481 663 2543 ταύταις
686 2479 1033 2550 ὑπάρχουσαν
1062 2475 1334 2530 ἀντίθεσιν
1358 2475 1624 2546 ἐπιδείξῃ,
1656 2474 1858 2545 ταύτην

288 2575 374 2625 ἐπ’
399 2571 570 2642 αὐτῆς
609 2572 706 2634 τῆς
736 2571 922 2633 οὐσίας
951 2568 1044 2621 τοῦ
1084 2566 1293 2638 Πατρδς
1327 2567 1417 2619 καὶ
1452 2566 1544 2619 τοῦ
1574 2565 1702 2619 Υἱοῦ
1734 2583 1860 2635 μετ-

288 2665 484 2735 ενέγκῃ
495 2704 507 2716 .
1644 2652 1649 2653 ί

360 2758 444 2811 l9.
481 2757 666 2817 Ὅπως
691 2752 747 2805 δὲ
785 2750 879 2823 μὴ,
910 2767 1109 2813 πάσαις
1138 2749 1298 2803 αὑτοῦ
1342 2749 1860 2813 κατακολουθοῦντες

288 2850 406 2911 ταῖς
442 2844 834 2915 βλασφημίαις,
870 2842 962 2893 καὶ
995 2841 1222 2894 ’ἑκαστον
1248 2839 1488 2893 εὐθύνειν
1516 2840 1619 2893 τῶν
1648 2841 1862 2911 εἰρημέ-

288 2956 394 2990 νων
423 2935 843 3007 ἐπιχειροῦντες,
870 2936 949 2996 είς
986 2932 1118 2985 πολύ
1168 2933 1339 3003 μῆκος
1375 2935 1463 2985 τὸν
1493 2934 1647 2997 λόγον
1684 2933 1861 2986 ἐκτεί-

288 3047 468 3099 νωμεν
499 3027 607 3097 (251)
631 3045 642 3057 ·
666 3029 765 3081 ὅσα
786 3027 883 3097 μὲν
905 3025 998 3079 καὶ
1021 3024 1307 3096 πρόχειρον
1331 3024 1441 3095 ἔχει
1466 3026 1561 3095 τὴν
1586 3025 1858 3088 ἀσέϐειαν,

288 3121 382 3173 καὶ
423 3118 651 3172 αὐτόθεν
696 3116 901 3187 φανερά
950 3119 1060 3179 τοῖς
1103 3116 1517 3186 ὲντυγχάνουσίν
1552 3119 1688 3180 ἐστι,
1725 3136 1863 3191 παρ-

288 3216 523 3284 ήσομεν·
579 3212 614 3266 ἀ
645 3212 701 3266 δὲ
740 3212 895 3279 λόγου
942 3210 1083 3274 τινὸς
1122 3210 1255 3281 πρὸς
1286 3210 1374 3263 τὸν
1415 3210 1632 3279 ἔλεγχον
1665 3211 1855 3276 δεῖται,

288 3307 462 3359 ταῦτα
512 3304 959 3377 παραθησόμεθα.
1016 3302 1281 3365 Ποικίλως
1323 3302 1431 3373 γὰρ
1482 3302 1542 3354 τὸ
1594 3302 1726 3372 πρὸς
1769 3303 1859 3355 τὸν

291 3400 418 3451 Υἱὸν
451 3396 806 3465 ἀκοινώνητον
841 3396 936 3464 τῆς
962 3394 1055 3447 τοῦ
1080 3393 1290 3463 Πατρὸς
1314 3393 1499 3457 οὐσίας
1519 3393 1857 3446 κατασκευά-

293 3509 411 3552 σας,
441 3490 533 3543 καὶ
555 3487 905 3558 πανταχόθεν,
937 3486 1011 3549 ῶς
1030 3485 1219 3548 οἴεται,
1253 3484 1313 3537 τὸ
1342 3486 1539 3539 ἄτοπον
1565 3486 1857 3548 ἐπιδείξας,

290 3585 486 3651 ἐπάγει
508 3599 521 3613 '

362 3676 521 3728 ΕΥΝ.
554 3676 629 3727 Οὐ
668 3672 774 3743 γὰρ
837 3672 901 3742 δὴ
954 3670 1110 3723 τοῦτο
1152 3670 1215 3723 ἂν
1260 3671 1525 3741 εἴποιμεν,
1562 3670 1635 3733 ὡς
1696 3668 1849 3742 κοινῂ

296 3769 394 3837 μὲν
442 3768 641 3836 ἀμφοῖν
698 3766 730 3836 ἡ
780 3764 971 3816 οὐσία·
1014 3761 1164 3827 τάξει
1206 3762 1263 3814 δὲ
1297 3762 1389 3814 καὶ
1423 3765 1532 3823 τοῖς
1566 3762 1629 3813 ὲκ
1671 3761 1859 3831 χρόνου

292 3857 603 3927 πρεσϐεἰοις
654 3859 683 3909 ὁ
723 3858 823 3927 μὲν
868 3856 979 3908 ἔστι
1022 3854 1256 3927 πρῶτος,
1306 3856 1333 3907 ὁ
1365 3854 1419 3906 δὲ
1447 3853 1695 3925 δεύτερος
1728 3853 1857 3922 (26).

306 3951 522 4021 Ἐπειδὴ
565 3966 627 4018 γε
668 3950 748 4002 δεῖ
781 3950 1059 4022 προσεῖναι
1090 3950 1145 4000 ὲν
1183 3950 1292 4011 τοῖς
1332 3948 1652 4017 ὑπερέχουσι
1683 3946 1741 3998 τὸ
1766 3945 1859 4014 τῆς

296 4043 569 4112 ὑπεροχῆς
619 4042 787 4095 αἴτιον
813 4061 825 4073 ·
882 4042 941 4095 οὐ
986 4040 1332 4103 συνέζευκται
1379 4040 1434 4092 δὲ
1477 4042 1542 4110 τῇ
1580 4038 1739 4109 οὐσίᾳ.
1770 4037 1860 4090 τοῦ

293 4136 429 4189 Θεοῦ
460 4136 519 4187 οὐ
560 4134 768 4204 χρόνος,
810 4134 908 4186 οὐκ
951 4132 1104 4196 αἰὼν,
1146 4133 1205 4185 οὐ
1238 4130 1409 4197 τάξις.
1448 4133 1518 4183 Ἥ
1544 4148 1601 4183 τε
1634 4130 1742 4201 γὰρ
1764 4130 1861 4182 τά-

297 4229 379 4293 ξις
413 4228 642 4298 δευτέρα
676 4226 768 4279 τοῦ
795 4227 1108 4288 τάττοντος’
1150 4224 1299 4277 οὐδὲν
1351 4224 1406 4277 δὲ
1448 4224 1556 4277 τῶν
1598 4222 1691 4276 τοῦ
1728 4222 1862 4275 Θεοῦ

298 4322 389 4389 ὑφ’
423 4319 610 4389 ἑτέρου
638 4318 909 4370 τέτακται.
944 4318 1011 4369 Ὅ
1048 4332 1107 4369 τε
1135 4315 1322 4386 χρόνος
1351 4314 1592 4386 ἀστέρων
1628 4314 1754 4366 ποιά
1781 4313 1862 4376 τίς

296 4415 413 4465 ἐστι
457 4412 669 4481 κίνησις
700 4410 811 4479 ('27)
834 4426 849 4440 ·
880 4407 1191 4479 ἀστέρεςβὲ
1222 4408 1283 4460 οὐ
1309 4407 1408 4476 τῆς
1440 4407 1730 4476 ἀγεννήτου
1768 4405 1861 4474 μό,

296 4521 386 4556 νον
415 4502 599 4564 οὐσίας
639 4501 729 4554 καί¹
755 4500 959 4571 νοητῶν
989 4500 1261 4563 ἁπάντων,
1298 4499 1432 4552 ἀλλά
1462 4500 1553 4551 καὶ
1577 4498 1683 4550 τῶν
1715 4496 1834 4568 πρῶ

1964 656 2126 697 tatem
2151 645 2391 698 exhibet.
2425 644 2528 709 Qui
2554 645 2679 697 vidit
2717 662 2816 710 me,
2843 647 3035 714 inquit,
3075 647 3203 700 vidit
3233 647 3516 705 Patrem”.

1962 735 2058 789 llic
2080 744 2260 790 autem
2284 736 2513 790 alienum
2540 752 2567 788 a
2611 737 2769 791 Patre
2801 736 3154 805 Uuigenitum
3191 740 3412 804 faciens,
3455 756 3517 795 ac

1960 843 2184 896 prorsus
2231 828 2544 883 rescindens
2576 828 2644 881 ab
2695 829 2810 895 ejus
2856 830 3139 895 societate,
3193 832 3519 900 cognitionis

1960 934 2241 973 ascensum
2271 919 2362 989 qui
2411 935 2507 990 per
2540 920 2711 990 ipsum
2762 921 2839 987 tit,
2887 931 3145 989 quantum
3178 922 3229 975 in
3268 923 3383 992 ipso
3413 934 3515 989 est,

1959 1014 2247 1070 abscindit.
2287 1013 2620 1081 Quwcunque
2666 1013 2819 1066 habet
2864 1014 3043 1081 Pater,
3097 1032 3208 1069 mea
3241 1027 3385 1081 sunt,
3437 1017 3519 1071 in-

1959 1106 2075 1173 quit
2100 1104 2357 1157 Dominus
2378 1106 2444 1157 ”.
2476 1106 2543 1157 At
2577 1103 2872 1159 Eunomius
2923 1107 3354 1161 communionem
3394 1109 3516 1161 nul—

1958 1197 2061 1250 lam
2091 1212 2207 1251 esse
2240 1200 2315 1250 ait
2351 1198 2493 1250 Patri
2522 1213 2641 1251 cum
2674 1212 2739 1250 eo
2771 1198 2859 1266 qui
2892 1214 2955 1251 ex
2992 1200 3107 1266 ipso
3137 1209 3240 1255 est.
3262 1200 3346 1264 Et,
3373 1197 3515 1255 Sicut

1964 1287 2125 1343 Pater
2154 1290 2208 1341 in
2246 1290 2413 1356 seipse
2446 1290 2601 1343 vitam
2623 1290 2801 1353 habet,
2825 1290 2900 1343 sic
2931 1290 3071 1343 dedit
3100 1301 3148 1344 et
3191 1290 3334 1345 Filio
3356 1294 3514 1345 vitam

1958 1379 2147 1433 habere
2171 1378 2228 1433 in
2256 1380 2530 1447 semetipso
2564 1379 2631 1437 ’⁵.
2667 1379 2780 1434 11οε
2810 1396 2997 1434 sumus
3021 1381 3088 1435 ab
3124 1382 3238 1451 ipso
3291 1382 3515 1436 Domino

1956 1471 2178 1525 edocti:
2226 1470 2295 1525 ab
2340 1470 2602 1526 Eunomia
2656 1486 2786 1525 vero
2834 1472 2998 1541 quid?
3032 1470 3275 1542 Nempe,
3315 1473 3513 1527 nullam

1957 1578 2075 1617 esse
2118 1562 2580 1632 comparationem
2634 1562 2798 1631 geniti
2842 1578 2965 1617 cum
3011 1563 3273 1634 genitore.
3308 1564 3376 1618 Et
3408 1579 3515 1620 uno

1956 1656 2143 1719 verbo,
2179 1664 2237 1708 ut
2267 1654 2521 1725 imaginis
2553 1655 2814 1710 rationem
2850 1656 2951 1710 bac
2977 1656 3136 1711 unica
3188 1671 3322 1712 voce
3356 1657 3511 1719 tollit,

1957 1746 2029 1800 ita
2066 1744 2408 1815 splendorem
2452 1760 2515 1797 ac
2564 1744 2932 1799 characterem
2961 1759 3081 1801 esse
3128 1747 3443 1801 substantiae
3468 1745 3513 1777 ’⁷

1959 1846 2137 1908 negat.
2188 1835 2373 1907 Neque
2417 1836 2560 1890 enim
2609 1836 2720 1890 ﬁeri
2769 1844 2962 1903 potest,
3000 1847 3059 1892 ut
3104 1838 3389 1908 imaginem
3436 1840 3516 1893 iu-

1962 1930 2168 2000 telligas
2190 1928 2307 1997 ejus
2330 1928 2418 1997 qui
2452 1927 2652 1981 nullam
2688 1926 2850 1981 habet
2887 1930 3374 1997 comparationem,
3422 1947 3511 1985 ne-

1959 2036 2082 2090 que,
2109 2032 2166 2078 ut
2200 2020 2454 2090 splendor
2483 2019 2553 2075 sit
2576 2018 2691 2087 ejus
2722 2019 2813 2088 qui
2847 2020 3047 2074 nullam
3085 2024 3515 2077 communionem

1957 2113 2248 2167 secundum
2268 2123 2519 2168 naturam
2551 2111 2732 2165 habet.
2780 2112 3047 2166 Caeterum
3076 2112 3129 2167 in
3167 2114 3356 2168 eodem
3382 2116 3516 2167 arti-

1960 2206 2067 2261 ﬁcii
2108 2219 2309 2274 genere
2337 2222 2523 2262 rursus
2545 2209 2807 2278 persistit,
2835 2209 2958 2261 dum
2986 2206 3063 2260 ait
3095 2221 3198 2260 non
3228 2220 3349 2261 esse
3371 2221 3519 2262 com-

1957 2297 2290 2366 parationem
2323 2296 2546 2367 ingeniti
2576 2314 2697 2353 cum
2732 2298 2951 2367 genito:
3005 2312 3111 2351 non
3159 2295 3360 2360 Patris.
3393 2312 3515 2351 cum

1958 2405 2025 2445 eo
2052 2390 2142 2459 qui
2184 2404 2250 2445 ex
2293 2390 2411 2461 ipso
2443 2399 2545 2455 est,
2578 2402 2636 2446 ut
2668 2406 2828 2460 quam
2861 2391 2946 2445 bis
2974 2390 3196 2445 vocibus
3226 2390 3400 2443 inesse
3423 2406 3518 2457 op-

1958 2482 2280 2552 positionem
2316 2482 2634 2548 ostenderit,
2661 2497 2778 2537 eam
2815 2481 2866 2537 in
2898 2470 3069 2552 ipsam
3094 2480 3273 2535 Patris
3310 2491 3365 2534 et
3397 2479 3516 2535 Filii

1957 2574 2317 2629 substantiam
2343 2572 2655 2628 transferat.

2032 2754 2115 2809 19.
2149 2754 2253 2810 Sed
2285 2770 2369 2820 ne,
2401 2755 2446 2809 si
2488 2768 2676 2809 omnes
2708 2753 2876 2823 ipsius
2921 2751 3284 2821 blaSphemias
3339 2765 3518 2820 perse-

1960 2863 2208 2917 quamur,
2242 2858 2297 2901 et
2328 2847 2537 2918 singula
2567 2862 2685 2917 qua:
2714 2846 2848 2900 dixit
2887 2844 3169 2900 confutare
3219 2859 3477 2898 conemur
3501 2884 3517 2909 ,

1962 2941 2171 3011 longius
2222 2941 2520 2995 orationem
2552 2939 2928 3010 protrabamus
2958 2955 2973 2992 :
3007 2952 3125 3006 qua:
3156 2938 3372 3007 quidem
3409 2951 3519 2989 ma-

1964 3033 2211 3087 nifestam
2240 3034 2439 3088 habent
2471 3032 2829 3101 impietatem,
2859 3040 2917 3086 et
2960 3044 3055 3098 per
3097 3044 3155 3084 se
3215 3029 3519 3098 legentibus

1964 3135 2165 3195 patent,
2204 3125 2632 3192 przeteribimus;
2659 3137 2776 3192 qute
2798 3137 2926 3178 vero
2949 3122 3128 3191 aliqua
3159 3121 3366 3175 ratione
3388 3135 3522 3189 opus

1960 3230 2044 3274 est
2092 3221 2429 3289 redarguere,
2488 3219 2601 3272 bzec
2636 3216 2970 3286 proferemus
3006 3214 3057 3269 in
3100 3215 3356 3269 medium.
3388 3212 3520 3268 Nam

1963 3313 2050 3365 ubi
2076 3312 2241 3365 variis
2281 3310 2454 3365 modis
2480 3309 2838 3364 substantiam
2869 3307 3041 3363 Patris
3062 3306 3197 3361 Filio
3224 3306 3523 3360 incommu-

1964 3403 2249 3457 nicabilem
2301 3416 2423 3456 esse
2453 3401 2762 3464 altirmavit,
2801 3410 2855 3454 et
2900 3398 3283 3467 undecunque,
3326 3406 3386 3450 ut
3420 3395 3522 3451 sib:

1968 3496 2202 3561 videtur,
2239 3495 2493 3564 ineptiam
2522 3494 2777 3561 ostendit,
2806 3492 2917 3547 hac
2939 3491 3179 3561 adjuugit
3210 3509 3225 3546 :

2034 3677 2166 3731 Eun.
2197 3674 2310 3728 Non
2334 3676 2475 3730 enim
2497 3676 2677 3729 dicere
2698 3687 3004 3743 possumus,
3036 3684 3373 3725 communem
3400 3684 3523 3738 qui-

1966 3770 2083 3822 dem
2114 3768 2354 3837 utrisque
2378 3766 2735 3821 substantiam
2767 3776 2907 3826 esse,
2936 3761 3126 3818 ordine
3144 3775 3273 3814 vero
3300 3768 3355 3813 et
3389 3771 3527 3813 tem-

1963 3860 2111 3928 poris
2159 3857 2514 3929 praerogativa
2552 3856 2698 3910 illum
2746 3855 2973 3922 primum
3026 3864 3181 3915 esse,
3219 3849 3359 3904 hunc
3398 3862 3528 3903 vero

1965 3952 2280 4007 secundum.
2301 3950 2575 4018 Siquidem
2604 3954 2753 4001 certe
2780 3947 2831 4001 in
2854 3944 2917 3998 iis
2941 3959 3060 4014 qua:
3082 3950 3363 4012 praestant,
3391 3956 3529 4012 pra:-

1966 4045 2178 4098 Stantia:
2226 4058 2444 4099 causam
2493 4042 2671 4096 inesse
2700 4048 2958 4109 oportet;
3003 4035 3321 4092 substantia:
3347 4043 3526 4088 autem

1970 4139 2059 4191 Dei
2095 4152 2198 4191 nou
2243 4146 2479 4204 tempus,
2536 4149 2642 4188 non
2685 4148 2881 4195 aevum,
2905 4146 3011 4183 non
3045 4128 3180 4183 ordo
3213 4124 3531 4193 coniunctus

1967 4239 2068 4280 est.
2106 4226 2238 4280 Nam
2271 4236 2325 4280 et
2361 4226 2495 4279 ordo
2521 4223 2807 4277 ordinante
2824 4220 3089 4290 posterior
3114 4226 3233 4284 est,
3263 4231 3362 4269 nec
3383 4213 3535 4283 quid-

1966 4335 2127 4388 quam
2153 4333 2337 4373 eorum
2363 4331 2481 4385 quae
2511 4315 2601 4369 Dei
2636 4323 2779 4379 sunt,
2805 4316 2872 4366 ab
2895 4313 3064 4365 altero
3096 4309 3401 4364 ordinatum
3427 4314 3528 4359 est.

1969 4410 2033 4463 Et
2066 4419 2275 4477 tempus
2294 4407 2513 4474 quidam
2540 4404 2696 4474 231
2717 4412 2797 4456 est
2820 4401 3093 4456 stellarum
3118 4407 3293 4451 motus
3316 4395 3380 4449 ad
3397 4410 3533 4464 qua-

1968 4500 2172 4553 litatem
2204 4499 2480 4567 pertinens
2511 4515 2524 4550 :
2555 4494 2724 4549 stellae
2762 4504 2939 4548 autem
2968 4508 3072 4546 non
3092 4501 3214 4559 post
3242 4488 3530 4558 ingenitam

294 4614 404 4649 των
475 4596 740 4665 σωμάτων
813 4596 1094 4663 γεγόνασιν
1157 4593 1371 4664 ὕστεροι
1424 4592 1555 4661 (28).
1619 4594 1752 4663 Περὶ
1810 4590 1862 4643 δὲ

1970 4591 2138 4644 solum
2173 4590 2533 4643 substantiam
2565 4602 2627 4642 ac
2659 4596 2883 4641 cunctas
2918 4596 3197 4639 creaturas
3228 4580 3532 4647 intelligen-

297 4685 507 4739 αἰώνων
564 4686 617 4737 τί
682 4685 760 4737 δεῖ
813 4686 902 4738 καὶ
966 4685 1177 4753 λέγειν,
1231 4685 1331 4755 τῆς
1388 4684 1609 4755 Γραφῆς
1679 4681 1859 4750 σαφῶς

296 4776 750 4847 διαγορευούσης,
824 4776 928 4846 πρὸ
991 4776 1096 4827 τῶν
1160 4773 1368 4828 αἰώνων
1440 4773 1700 4845 ὑπάρχειν
1767 4771 1862 4823 τὸν

296 4871 431 4925 Θεόν
454 4888 467 4935 ;

374 5008 420 5039 ⁸⁸
445 5004 601 5061 Joan.
650 5020 759 5069 xw,
795 5004 846 5059 9.
923 5005 970 5035 ³⁵
994 5003 1147 5058 Joan.
1175 5021 1307 5070 xv”,
1356 5006 1442 5061 10.
1518 5007 1563 5037 ³⁸
1594 5006 1745 5059 .loan.
1778 5021 1828 5067 ν,
1861 5004 1955 5058 26.

371 5131 485 5202 (25)
519 5129 696 5202 Codex
742 5145 879 5202 unus
928 5143 1048 5202 cum
1077 5127 1247 5202 editis
1288 5127 1429 5202 οὕτω
1469 5129 1641 5195 λέγων
1659 5128 1737 5202 ῌτὸ
1784 5130 1859 5202 ὲν.

296 5197 400 5256 Alii
436 5197 544 5254 tres
571 5198 713 5253 οὕτω
753 5200 925 5267 λέγων
957 5199 1031 5251 ὲν.
1076 5198 1311 5264 Denique
1342 5199 1429 5251 alii
1478 5211 1586 5252 tres
1626 5197 1767 5252 οὐτω
1808 5198 1864 5250 δὲ

297 5274 393 5325 καὶ
441 5270 502 5325 τὸ
530 5272 607 5323 ὲν.
641 5270 881 5338 Respicit
913 5268 1142 5322 Basilius
1168 5268 1234 5322 ad
1283 5268 1407 5320 illud
1442 5268 1711 5333 Apostoli:
1756 5268 1861 5332 Qui

298 5358 419 5396 cum
446 5343 499 5395 in
529 5340 700 5410 forma
734 5340 825 5393 Dei
862 5348 1061 5410 esset.3
1090 5378 1105 5393 .
1222 5339 1548 5410 semetipsum
1580 5339 1864 5392 exinanivit

296 5408 537 5481 formant
559 5412 689 5464 servi
720 5412 997 5481 accipiens,
1029 5408 1258 5479 Philipp.
1286 5424 1348 5481 lt,
1370 5408 1431 5481 A6,
1459 5409 1511 5481 7._

372 5481 485 5551 (‘24)
530 5481 670 5534 Editi
718 5477 1319 5551 γενομένην....“.⁷ὲφ’
1362 5477 1563 5548 ἐαυτῷ.
1610 5480 1677 5551 At
1734 5493 1862 5551 mss.

372 5497 485 5551 tu)
530 5497 670 5534 bdllt
718 5497 915 5549 γενομε
1235 5497 1301 5548 εφ
1362 5497 1563 5548 εαυτῳ.
1612 5497 1677 5531 Al
1734 5497 1862 5531 mss.

302 5566 413 5605 tres
449 5560 515 5603 ut
553 5552 602 5603 in
637 5497 1076 5603 contexttt.vnltitl
1124 5551 1263 5621 quod
1306 5552 1567 5618 sequitur,
1597 5549 1779 5601 ἀθετεῖ
1809 5550 1865 5601 δὲ

304 5622 383 5684 τό,
410 5623 474 5673 ad
504 5621 726 5675 verbum
758 5620 1250 5687 interpretabimur,
1276 5621 1509 5689 reprobat
1540 5621 1863 5688 splendorem

307 5706 455 5745 esse:
492 5692 592 5744 lmc
622 5702 728 5752 est,
766 5698 945 5759 negat.

376 5760 487 5829 (25)
533 5762 678 5832 unus
709 5761 876 5832 codex
899 5761 1046 5832 lleg.
1089 5763 1167 5823 εἰς
1196 5762 1329 5815 πολὺ
1375 5762 1631 5832 μήκιστον
1657 5760 1748 5832 τὸν
1777 5760 1864 5813 λό-

318 5849 401 5903 (ον
446 5831 782 5903 ἐκϐάλωμεν.
814 5831 965 5903 Colb.
1005 5832 1269 5903 είςπολὺ
1326 5830 1495 5903 μῆκος
1533 5832 1641 5884 τῶν
1692 5830 1865 5899 λόγων

307 5901 644 5970 ἐκϐάλωμεν.
686 5902 787 5956 Alii
823 5902 924 5955 duo
952 5910 1008 5955 ct
1048 5902 1173 5956 editi
1225 5904 1299 5957 uti
1330 5901 1398 5957 in
1440 5914 1715 5968 coalextn,
1760 5904 1860 5957 nisi

1971 4692 2070 4745 tes,
2108 4683 2198 4736 sed
2228 4693 2346 4752 post
2376 4681 2551 4751 prima
2582 4680 2744 4733 etiam
2778 4692 3005 4745 corpora
3052 4674 3209 4728 factze
3239 4682 3384 4726 sunt.
3412 4669 3530 4724 .Iam

1968 4791 2097 4829 vero
2120 4775 2183 4826 de
2209 4775 2422 4828 swculis
2451 4772 2577 4842 quid
2625 4770 2818 4825 attinet
2867 4770 3068 4831 dicere,
3096 4782 3216 4823 cum
3251 4764 3532 4833 Scriptura

1972 4876 2159 4935 aperte
2183 4865 2494 4934 pronuntiet
2520 4864 2686 4918 Deum
2719 4870 2845 4916 ante
2870 4860 3063 4916 saecula
3086 4858 3243 4915 esse?

2099 5004 2262 5057 Hebr.
2294 5020 2333 5063 ι.
2355 5002 2408 5057 5.

1970 5127 2109 5196 quod
2142 5141 2281 5180 unus
2316 5142 2411 5196 pro
2435 5124 2764 5196 ἐκτείνωμεν
2791 5122 2954 5196 liabet
2986 5120 3357 5196 ξκῇάλλωμεν.
3401 5183 3438 5196 _

2042 5196 2153 5267 (26)
2193 5183 2411 5264 Antiqui
2444 5212 2535 5249 sex
2568 5183 2686 5267 libri
2717 5191 2951 5267 πρῶτος,
3038 5190 3093 5243 δὲ
3124 5183 3367 5258 ὕστερος.
3401 5183 3535 5267 ῌιίῖιί

1970 5275 2024 5321 et
2048 5255 2185 5335 ‘Re'g.
2206 5255 2435 5334 .quin'tus
2486 5264 2721 5335 πρῶτος,
2764 5255 3196 5335 δδὲᾼδεύτερος,
3383 5255 3540 5335 aliter

1970 5326 2166 5403 legitur
2195 5326 2248 5390 in
2279 5326 2739 5403 Eunomii'opere,
2767 5332 2907 5403 quod
2940 5334 2990 5403 in
3022 5326 3203 5403 codice
3228 5326 3539 5403 (Iolbertino

1970 5396 2240 5477 integrum
2274 5406 2567 5477 invenitur.
2592 5396 2939 5477 'Moxivllcula
2972 5402 3035 5477 ὲν
3075 5400 3130 5454 in
3173 5396 3379 5452 duobus
3406 5410 3538 5447 mss.

1969 5470 2138 5539 deest,
2165 5488 2218 5531 et
2250 5480 2301 5531 in
2335 5477 2427 5530 illo
2457 5476 2577 5541 ipso
2602 5490 2766 5545 opere
2793 5470 3062 5545 Eunomii.

2041 5531 2150 5617 (ΞΤ)
2192 5548 2323 5615 Reg.
2374 5531 2563 5601 tertius
2607 5531 2652 5617 δ’
2680 5562 2738 5597 τε
2781 5543 2983 5617 χρόνος.
3012 5538 3141 5617 ποιά
3194 5536 3348 5617 τάσις
3393 5531 3542 5617 ἐστξν

1970 5604 2214 5689 ἀστέρων
2261 5604 2495 5687 κίνησις,
2527 5626 2581 5670 ει
2628 5616 2696 5669 ita
2729 5604 2940 5689 quoilue
2973 5612 3160 5663 habuit
3195 5610 3367 5689 podex
3417 5604 3542 5689 0ξί-

1968 5674 2209 5743 bertinus
2258 5674 2415 5743 tuatui
2455 5674 2668 5757 'prima.
2718 5674 2822 5737 Alii
2857 5674 2977 5737 Iduo
3021 5698 3149 5734 mss.
3195 5680 3261 5732 Ὀ
3314 5693 3371 5730 τε
3431 5674 3541 5747 γὰρ

1968 5760 2177 5831 χρόνος,
2196 5768 2300 5812 etc.

2042 5817 2333 5896 (28)7Editi
2378 5844 2499 5882 cum
2544 5827 2677 5895 Reg.
2718 5821 2937 5896 quinto
2984 5822 3236 5891 γεγόνασι
3275 5817 3537 5889 δεύτεροι.

1970 5901 2070 5954 Alii
2106 5894 2199 5955 sex
2228 5915 2359 5956 mss.
2389 5894 2673 5967 γεγόνασιν
2703 5894 2940 5964 ὕστεροι.
