3978 6410
488 373 594 431 555

1781 373 1837 428 S.
1881 371 2127 426 BASlLlI
2164 372 2377 427 MAGNI

3602 384 3698 439 556

558 498 684 554 Bas.
725 496 1017 567 Postquam
1053 497 1286 566 sumpsit
1317 497 1418 552 sibi
1451 498 1504 551 in
1532 496 1775 551 oratione
1813 508 1931 564 qua:
1955 509 2032 547 vo-

2218 495 2363 549 ΒΑΣ.
2426 496 2783 567 ’Υποθέμενος
2835 498 2943 567 (29)
2995 498 3169 569 ἐαυτῷ
3221 500 3362 553 κατὰ
3404 500 3498 554 τὸν
3553 502 3702 570 λόγον

487 589 605 651 luit,
625 598 678 642 et
695 602 756 643 ea
785 603 903 656 qua:
924 603 1035 643 suae
1056 603 1233 643 causa;
1256 588 1655 643 accommodata
1695 595 1820 642 sunt
1845 587 2041 655 posuit,

490 689 600 734 tum
652 682 704 734 in
748 680 1011 734 absurdos
1041 694 1231 735 sensus
1265 681 1441 749 seipse
1470 678 1779 742 detrudens,
1808 678 1933 732 hinc
1955 678 2045 730 de-

488 782 820 826 monstrasse
867 785 925 826 se
973 779 1144 840 putat,
1201 770 1507 825 necessario
1561 769 1865 839 recipienda
1922 784 2043 822 esse

487 864 735 929 dogmata
768 878 887 917 sua.
914 863 1006 916 Ait
1032 864 1174 916 enim
1203 879 1218 916 :
1244 860 1355 916 Hoc
1383 862 1567 916 dicere
1600 875 1704 914 non
1733 874 2040 929 possumus,

487 955 630 1020 quod
661 953 966 1007 Communis
997 953 1212 1021 quidem
1237 953 1307 1007 sit
1334 951 1551 1021 utrique
1574 950 1872 1006 substantia
1900 966 1914 1014 ;
1953 963 2043 1002 or-

487 1043 612 1098 dine
634 1057 781 1108 vero,
817 1051 871 1098 et
914 1044 1171 1112 temporis
1203 1044 1559 1112 praerogativa
1593 1043 1680 1096 hic
1710 1040 1781 1094 sit
1817 1040 2040 1109 primus,

487 1134 575 1189 ille
597 1150 726 1190 vero
755 1138 1045 1191 secundus.
1072 1137 1224 1202 Quod
1251 1134 1296 1189 si
1319 1150 1655 1190 communem
1686 1133 2040 1188 substantiam

485 1225 563 1280 sic
589 1241 617 1278 a
650 1241 708 1281 se
731 1236 1011 1295 acceptam
1063 1228 1284 1291 dixerit,
1317 1236 1373 1280 ut
1395 1228 1680 1296 quamdam
1719 1240 1782 1280 ex
1816 1224 2040 1278 materia

484 1316 633 1385 prius
654 1319 947 1373 eXsistente
967 1318 1399 1375 distributionem
1441 1335 1504 1374 ac
1535 1319 1871 1383 divisionem,
1895 1319 1947 1371 in
1979 1333 2039 1371 ea

485 1426 601 1479 qua:
625 1412 692 1465 ab
720 1412 833 1481 ipsa
863 1422 1013 1476 sunt,
1044 1413 1348 1485 intelligat;
1389 1428 1487 1467 nos
1528 1413 1667 1468 hanc
1719 1413 2038 1466 sententiam

487 1516 589 1553 non
618 1515 904 1570 possumus
933 1502 1238 1571 suscipere;
1275 1503 1416 1557 absit
1447 1504 1460 1556 ί
1490 1512 1545 1557 et
1572 1503 1661 1572 qui
1704 1502 1805 1557 hoc
1831 1504 2039 1566 dicunt,

485 1591 529 1645 si
562 1592 653 1659 qui
681 1599 832 1658 sunt,
851 1604 947 1646 eos
972 1592 1035 1647 iis
1063 1593 1154 1661 qui
1182 1594 1672 1649 dissimilitudinem
1700 1593 2037 1663 proﬁtentur,

487 1680 761 1751 impietate
811 1682 1099 1737 inferiores
1148 1698 1253 1738 non
1296 1698 1416 1737 esse
1441 1682 1793 1738 anirmamus.
1827 1684 1880 1737 Si
1912 1699 2039 1738 vero

485 1773 605 1841 quis
642 1773 960 1829 substantiae
989 1775 1425 1829 communionem
1458 1775 1529 1829 ita
1555 1776 1771 1844 accipit,
1798 1784 1854 1829 ut
1879 1792 2036 1829 unam

484 1871 537 1915 et
562 1864 805 1917 eamdem
830 1865 1035 1918 επινιάὶ
1059 1866 1317 1919 rationem
1352 1865 1402 1919 in
1439 1866 1683 1936 utrisque
1708 1868 2029 1932 consideret,

485 1956 614 2009 utsi
652 1969 719 2008 ex
754 1956 1039 2026 hypothesi
1090 1957 1249 2011 Pater
1281 1956 1369 2010 lux
1400 1957 1640 2025 subjecto
1682 1959 1992 2029 intelligitur
2015 1998 2033 2026 ,

489 2049 759 2119 Unigeniti
784 2065 998 2120 quoque
1049 2051 1341 2106 essentiam
1391 2051 1564 2106 lucem
1600 2052 1947 2119 conﬁteatur;
1982 2064 2036 2106 et

483 2157 855 2212 quamcunque
871 2144 989 2211 quis
1000 2141 1202 2197 essendi
1216 2143 1469 2198 rationem
1490 2144 1775 2199 reddiderit
1791 2146 1840 2197 in
1856 2146 2033 2214 Patre,

484 2235 725 2289 eamdem
761 2243 814 2287 et
838 2234 977 2287 Filio
1000 2235 1370 2288 accommodet
1397 2250 1411 2299 ;
1437 2235 1481 2288 si
1514 2234 1586 2287 ita
1614 2237 1863 2291 essentia:
1890 2252 2036 2291 com-

483 2326 666 2378 munio
715 2325 994 2393 accipitur,
1047 2325 1400 2391 admittimus,
1441 2336 1603 2397 atque
1641 2327 1742 2383 hoc
1796 2338 2032 2383 nostrum

483 2419 673 2489 dogma
705 2431 823 2471 esse
852 2417 1242 2486 protitebimur.
1280 2415 1411 2470 Nam
1451 2419 1551 2472 hoc
1574 2429 1732 2488 pacto
1764 2430 1817 2475 et
1863 2422 2036 2476 deitas

482 2523 585 2562 una
611 2509 735 2572 erit,
766 2508 972 2562 unitate
1002 2508 1254 2563 videlicet
1303 2511 1594 2565 secundum
1647 2512 1892 2566 essentia:
1949 2528 2035 2566 ra-

484 2600 683 2655 tionem
704 2599 993 2663 intellecta,
1014 2599 1145 2653 adeo
1164 2609 1218 2652 ut
1237 2598 1531 2656 innumero
1547 2602 1760 2670 quidem
1778 2612 1831 2657 et
1845 2605 1894 2657 in
1922 2619 2036 2672 pro-

480 2691 799 2760 prietatibus
829 2701 1117 2759 utrumque
1145 2691 1551 2759 designantibus
1574 2692 1876 2749 differentia
1912 2696 1983 2750 sit
2015 2711 2032 2749 :

481 2786 532 2839 in
560 2783 776 2838 deitatis
796 2798 922 2838 vero
951 2784 1160 2837 ratione
1181 2783 1357 2837 unitas
1385 2784 1776 2840 consideretur.

545 2959 635 3013 20.
665 2958 797 3014 Cum
831 2958 994 3030 igitur
1027 2960 1374 3019 constitutum
1409 2962 1766 3031 sitquomodo
1791 2978 2038 3035 oporteat

480 3051 920 3105 communitatem
976 3051 1296 3107 substantiae
1348 3056 1540 3123 accipi,
1594 3072 1710 3126 quae
1739 3072 2035 3127 sequuntur

2144 584 2285 656 άπερ
2315 586 2578 650 ἐϐούλετο,
2619 589 2709 640 καὶ
2740 589 2808 641 τά
2842 590 3107 643 ἀκόλουθα
3138 592 3314 644 λαϐὼν
3352 596 3470 655 ταῖς
3510 594 3702 647 ὑποθέ-

2146 692 2311 740 σεσιν,
2364 674 2478 731 εἶτα
2534 681 2613 743 είς
2665 682 2897 746 ἀτόπους
2952 684 3159 746 ἐννοίας
3218 685 3407 737 ἑαυτὸν
3467 686 3701 753 ὲξωθῶν,

2142 770 2440 837 ἀναγκαίαν
2480 771 2723 825 ἐντεῦθεν
2762 773 2929 826 οἴεται
2958 774 3054 845 τὴν
3081 776 3388 846 παραδοχὴν
3426 778 3532 831 τῶν
3566 778 3705 829 ίδὶων

2140 859 2422 929 δογμάτων
2455 860 2567 929 (50)
2597 860 2981 915 ἐπιδεικνύναι.
3017 863 3153 932 Φησὶ
3193 863 3301 934 γὰρ
3343 866 3448 928 ὅτι,
3503 865 3618 917 υύκ
3644 865 3704 917 ἂν

2140 950 2295 1003 τοῦτο
2318 952 2580 1021 εἴποιμεν,
2615 952 2690 1014 ὡς
2723 952 2875 1024 κοινὴ
2911 954 3007 1022 μὲν
3040 955 3239 1025 ἀμφοῖν
3268 956 3301 1025 ὴ
3328 956 3484 1007 οὐσία
3504 973 3516 984 -
3554 956 3703 1021 τάξει

2141 1043 2197 1095 δὲ
2227 1044 2320 1097 καὶ
2350 1046 2461 1107 τοῖς
2496 1046 2558 1096 ἐκ
2584 1045 2772 1115 χρόνον
2806 1044 3110 1115 πρεσϐείοις
3132 1048 3160 1098 ὁ
3195 1046 3293 1115 μὲν
3322 1046 3439 1099 ἔστι
3467 1047 3699 1117 πρῶτος,

2140 1136 2168 1187 ό
2206 1135 2261 1188 δὲ
2288 1135 2554 1205 δεύτερος.
2600 1138 2661 1189 El
2694 1137 2790 1207 μὲν
2818 1132 2910 1189 οὗν
2931 1137 2992 1189 τὸ
3017 1138 3189 1190 κοινὸν
3219 1138 3319 1208 τῆς
3344 1138 3533 1201 οὐσίας
3566 1139 3703 1192 οὕτω

2141 1227 2341 1298 νοήσας
2376 1222 2548 1291 εἶπεν,
2594 1228 2669 1290 ὡς
2698 1228 2754 1293 ἐξ
2784 1228 2915 1299 ὕλης
2944 1229 3399 1300 προϋπαρχούσης
3440 1232 3704 1302 διανομήν

2138 1336 2258 1373 τινα
2302 1320 2394 1372 καὶ
2423 1319 2822 1391 καταδιαίρεσιν
2860 1320 2969 1391 (51)
3012 1323 3093 1384 εὶς
3112 1322 3180 1375 τὰ
3204 1324 3296 1375 ἀπ’
3333 1323 3502 1392 αὐτῆς
3537 1328 3698 1385 νοεῖν,

2138 1409 2247 1463 οὐτ’
2273 1410 2338 1462 ἂν
2380 1411 2532 1464 αὐτοὶ
2579 1411 3008 1482 καταδεξαίμεθα
3055 1412 3153 1483 τὴν
3192 1412 3428 1466 διάνοιαν
3470 1414 3699 1482 ταύτην·

2142 1503 2214 1573 μὴ
2248 1503 2481 1571 γένοιτοί
2512 1502 2605 1555 καὶ
2643 1505 2768 1565 τοὺς
2813 1503 3090 1571 λέγοντας,
3140 1504 3195 1555 εί
3226 1521 3369 1567 τινες
3417 1505 3510 1556 καί
3545 1508 3697 1567 εἰσιν,

2136 1593 2285 1646 οὐδὲν
2309 1594 2524 1647 ἔλαττον
2559 1594 2772 1647 ἀσεϐεῖν
2803 1594 2910 1648 τῶν
2928 1595 2987 1647 τὸ
3008 1596 3255 1666 ἀνόμοιον
3284 1598 3555 1664 λεγόντων
3580 1600 3703 1651 ἀπο-

2138 1685 2435 1756 φαινόμεθα
2454 1704 2467 1716 ο
2500 1689 2547 1739 εί
2582 1686 2637 1739 δὲ
2673 1685 2813 1739 οὕτω
2836 1703 2920 1750 τις
2950 1686 3279 1758 ἐκλαμϐάνοι
3307 1689 3366 1741 τὸ
3393 1690 3492 1758 τῆς
3518 1691 3701 1752 οὐσίας

2140 1777 2334 1840 κοινὸν,
2365 1775 2440 1839 ὡς
2472 1777 2561 1829 τὸν
2596 1776 2686 1829 τοῦ
2720 1771 2859 1829 εἶναι
2884 1777 3038 1845 λόγον
3066 1777 3161 1831 ἕνα
3189 1779 3393 1831 καὶτὸν
3426 1780 3593 1832 αὐτὸν
3620 1782 3700 1832 ἐπ’

2136 1872 2339 1939 ἀμφοῖν
2364 1869 2704 1940 θεωρεῖσθαι,
2727 1867 2865 1922 ὥστε
2898 1869 2992 1921 καὶ
3015 1870 3062 1920 εί
3094 1868 3212 1922 καθ’
3247 1869 3504 1923 ὑπόθεσιν
3534 1872 3648 1939 φῶς
3676 1876 3701 1925 ὁ

2135 1961 2321 2031 Πατὴρ
2337 1960 2413 2031 τῷ
2427 1960 2763 2030 ὑποκειμένῳ
2775 1959 2886 2029 (52)
2906 1963 3094 2022 νοοῖτο,
3110 1960 3223 2028 φῶς
3243 1962 3334 2014 καὶ
3348 1963 3445 2032 τὴν
3471 1962 3569 2013 τοῦ
3598 1963 3703 2015 Μο-

2133 2049 2379 2121 νογενοῦς
2409 2052 2593 2103 οὐσίαν
2618 2048 3008 2120 ὁμολογεῖσθαι,
3042 2051 3131 2103 καὶ
3163 2051 3329 2122 ὅνπερ
3357 2052 3423 2105 ἀν
3446 2070 3528 2114 τις
3568 2056 3701 2105 am-

2134 2144 2209 2214 δῷ
2253 2145 2343 2197 ἐπὶ
2398 2142 2491 2196 τοῦ
2529 2141 2736 2213 Πατρὸς
2772 2140 2863 2193 τὸν
2905 2140 2997 2193 τοῦ
3034 2137 3176 2195 εἶναι
3210 2142 3384 2213 λόγον,
3417 2144 3509 2195 τὸν
3544 2146 3702 2197 αὐτὸν

2133 2236 2319 2289 τοῦτον
2342 2236 2433 2288 κα).
2458 2234 2536 2305 τῷ
2559 2232 2671 2303 Υίῷ
2698 2233 3024 2303 ἐφαρμόζειν
3043 2250 3055 2262 ·
3079 2234 3126 2284 εί
3154 2230 3295 2285 οετω
3320 2235 3379 2286 τὸ
3408 2235 3588 2287 κοινὸν
3609 2238 3701 2305 τῆς

2134 2330 2320 2392 οὐσίας
2344 2326 2692 2398 λαμϐάνοιτο,
2719 2323 3011 2394 δεχόμεθα⁹
3050 2324 3145 2377 καὶ
3173 2324 3439 2395 ἡμέτερον
3473 2322 3615 2378 εἶναι
3645 2330 3702 2380 τὸ

2134 2421 2308 2489 δόγμα
2331 2422 2590 2489 φήσομεν.
2647 2414 2802 2467 Κατὰ
2854 2413 3010 2466 τοῦτο
3062 2413 3170 2486 γὰρ
3211 2417 3304 2467 κα).
3346 2416 3539 2486 θεότης
3570 2418 3697 2485 μία·

2133 2511 2370 2579 δηλονότι
2409 2508 2546 2563 κατὰ
2577 2506 2666 2560 τὸν
2695 2506 2790 2575 τῆς
2818 2506 3002 2569 οὐσίας
3031 2505 3183 2572 λόγον
3202 2506 3299 2576 τῆς
3328 2507 3583 2577 ἑνότητός
3619 2526 3699 2559 νο-

2133 2604 2389 2673 ουμένης,
2424 2601 2563 2653 ὥστε
2598 2596 2811 2669 ἀριθμῷ
2848 2597 2944 2666 μὲν
2967 2597 3064 2667 τὴν
3088 2597 3345 2668 διαφορὰν
3374 2599 3486 2666 ('55)
3523 2600 3697 2669 ὑπάρ-

2133 2713 2268 2767 χειν,
2304 2693 2396 2747 καὶ
2424 2695 2541 2754 ταῖς
2576 2690 2795 2759 ἰδιότησι
2820 2692 2939 2751 ταῖς
2965 2689 3491 2760 χαρακτηριζούσαις
3517 2691 3701 2742 ἑκάτε-

2137 2805 2230 2860 ρον
2249 2803 2261 2817 ·
2296 2789 2350 2838 ὲν
2373 2786 2429 2837 δὲ
2453 2783 2529 2854 τῷ
2549 2783 2689 2852 λόγῳ
2716 2781 2810 2852 τῆς
2832 2779 3078 2849 θεότητος
3104 2780 3198 2842 τὴν
3225 2782 3452 2851 ἑνότητα
3481 2782 3699 2854 θεωρεῖ.

2137 2880 2278 2934 σθαι.

2202 2971 2291 3027 ΞΟ.
2319 2967 2679 3039 Διωρισμένου
2713 2964 2887 3017 τοίνυν
2920 2962 3035 3025 πῶς
3059 2964 3163 3034 χρὴ
3188 2963 3248 3016 τὸ
3268 2965 3444 3017 κοινὸν
3479 2968 3583 3035 τῆς
3607 2968 3693 3018 σ)-

2137 3064 2256 3125 σίας
2298 3055 2632 3127 ἐκδέχεσθαι,
2678 3053 2745 3105 τά
2785 3049 2977 3121 ἐφεξῆς
3013 3050 3369 3120 ἐξετάσωμεν,
3410 3052 3531 3103 τίνα
3576 3069 3696 3104 συν-

479 3143 865 3210 expendamus,
898 3155 1058 3210 quam
1094 3142 1301 3197 scilicet
1332 3146 1560 3200 habeant
1580 3163 1700 3201 cum
1730 3153 2032 3218 praeceden-

2136 3163 2324 3226 ἀφειαν
2350 3152 2461 3222 ἔχει
2496 3147 2631 3218 πρὸς
2659 3147 2725 3198 τὰ
2756 3145 3079 3216 προάγοντα.
3104 3142 3262 3207 Τάξει
3296 3145 3370 3205 δὲ,
3415 3148 3570 3214 φησί,
3606 3164 3696 3198 και

483 3234 623 3288 tibus
652 3233 1064 3289 connexionem.
1086 3234 1286 3290 Ordine
1323 3252 1472 3305 vero,
1500 3238 1695 3307 inquit,
1728 3252 1783 3295 et
1828 3253 2032 3313 tempo-

483 3325 556 3379 ris
590 3326 966 3394 praerogativa,
1000 3326 1088 3379 ille
1121 3327 1322 3394 primus
1344 3339 1445 3395 εει,
1474 3331 1560 3385 hic
1584 3336 1869 3390 secundus.
1895 3338 2031 3402 Quid

481 3433 704 3473 necesse
731 3428 812 3471 est
841 3432 901 3472 ea
938 3433 1167 3486 quorum
1213 3425 1516 3476 communis
1557 3432 1641 3478 est
1679 3428 1931 3490 essentia,
1982 3438 2035 3482 et

479 3510 655 3561 nl'tlllli
710 3508 919 3577 subjici,
973 3516 1028 3561 et
1088 3523 1209 3563 esse
1264 3517 1504 3580 tempore
1535 3514 1874 3581 posteriora?
1918 3515 2030 3569 Non

478 3599 620 3652 enim
658 3600 772 3654 ﬁeri
802 3608 997 3667 potest,
1056 3609 1113 3653 ut
1168 3600 1536 3657 universorum
1576 3605 1713 3659 Deus
1763 3620 1883 3660 cum
1935 3624 2030 3662 sua

481 3692 652 3760 ipsius
684 3692 917 3761 imagine
945 3707 1065 3762 quae
1091 3693 1225 3747 citra
1278 3695 1537 3762 temporis
1580 3698 1945 3752 accessionem
1979 3701 2035 3753 il-

481 3783 707 3836 lustrata
756 3792 859 3848 est,
910 3784 977 3837 ab
1022 3793 1223 3838 aeterno
1254 3799 1362 3839 non
1390 3786 1481 3849 sit,
1509 3796 1563 3841 et
1601 3790 2031 3859 conjunctionem

480 3888 585 3925 non
620 3873 819 3927 habeat
868 3889 973 3927 non
1036 3875 1208 3929 solum
1245 3877 1383 3931 ultra
1435 3888 1697 3949 tempora,
1742 3886 1835 3938 sed
1872 3888 2031 3941 etiam

479 3964 616 4017 ultra
659 3965 837 4017 omnia
864 3964 1081 4021 saecula.
1112 3964 1245 4020 Nam
1296 3968 1497 4024 idcirco
1536 3970 1789 4037 splendor
1827 3976 1871 4006 ⁸⁸
1900 3976 2033 4031 dici-

480 4069 583 4118 tur,
618 4066 675 4109 ut
722 4057 1152 4125 conjunctionem
1187 4059 1545 4130 intelligamus
1576 4082 1588 4116 :
1621 4072 1675 4119 et
1708 4067 1874 4135 ligura
1904 4070 2030 4124 sub-

476 4148 689 4201 stantia:
709 4146 775 4211 ",
804 4156 859 4201 ut
882 4148 1489 4209 consubstantialitatem
1505 4154 1891 4219 perdiscamus.
1919 4158 2023 4215 Sed

551 4266 596 4297 ”’
627 4264 790 4319 llebr.
834 4281 872 4323 t.
913 4266 964 4320 5.
1041 4264 1085 4298 θ’
1124 4265 1252 4320 ibid.

547 4376 655 4447 (29)
698 4374 871 4447 Illud,
908 4372 1270 4447 ὑποθέμενος.
1316 4372 1399 4447 _sic
1415 4375 1677 4447 _reddidit
1713 4378 1978 4447 interpres
2009 4400 2022 4435 :

477 4443 757 4511 supposuit
793 4445 960 4506 primo
1004 4446 1140 4511 quod
1190 4444 1368 4496 uoluit.
1415 4443 1606 4496 Fateor
1642 4443 1867 4510 Qtlldenl‘
1905 4465 2024 4503 ver-

478 4518 599 4567 bttnt
629 4513 978 4566 ὐποτίθεσθαι
1024 4516 1217 4565 usitate
1249 4514 1350 4565 dici
1388 4529 1483 4581 pro
1513 4528 1577 4566 eo
1618 4518 1759 4581 quod
1795 4528 1876 4569 cst
1908 4537 2031 4583 sup-

474 4601 660 4651 ponere
686 4601 703 4636 :
735 4587 826 4636 sed
861 4583 1095 4635 arbitror
1142 4584 1228 4637 hic
1267 4585 1404 4651 idem
1446 4584 1625 4635 valere
1658 4587 1797 4651 quod
1828 4604 2032 4644 sumere

473 4654 713 4706 alicunde
742 4654 1011 4705 materiam
1046 4650 1327 4705 scribendi.

546 4723 654 4789 (50)
696 4722 911 4789 Antiqui
956 4737 1046 4792 sex
1098 4722 1214 4774 libri
1258 4720 1510 4775 τοιούτων
1556 4720 1857 4792 δογμάτων.
1892 4727 2025 4783 Editi

474 4804 526 4847 et
562 4792 687 4857 Reg.
713 4792 928 4859 quintus
955 4791 1060 4843 τῶν
1098 4792 1261 4845 ἰδίων.

546 4861 653 4932 (51)
696 4861 835 4914 Editi
878 4870 931 4913 et
961 4860 1114 4932 (Reg.
1161 4864 1377 4928 quintus
1412 4861 1670 4932 διανομήν
1721 4881 1841 4917 τινα
1889 4868 2027 4919 κατὰ

476 4931 756 5002 διαίρεσιν,
792 4945 890 5002 nec
923 4931 1080 5002 aliter
1125 4933 1325 4997 legerat
1360 4931 1667 4994 Cornarins,
1702 4936 1789 5000 qui
1833 4936 1903 4988 ita
1948 4939 2028 4989 itt-

482 5000 805 5068 terpretattts
831 5000 938 5054 sit:
970 5000 1396 5054 Distributionrm
1428 5006 1709 5068 quamdam
1745 5008 2026 5058 secundum

476 5072 783 5126 divisionem
810 5070 869 5143 in
897 5087 955 5124 ea
983 5088 1098 5136 qua:
1129 5072 1191 5143 alt
1220 5072 1330 5143 ἱίξδα
1358 5084 1473 5123 sunt
1500 5087 1518 5123 :
1542 5074 1680 5140 quod
1712 5075 1839 5140 quid
1871 5077 2026 5143 signi-

477 5147 640 5197 licare
678 5141 868 5209 possit,
905 5156 969 5193 ex
1009 5156 1095 5199 eo,
1136 5140 1180 5193 si
1219 5142 1449 5203 viveret,
1491 5143 1663 5195 libens
1706 5140 2020 5209 quaererem.

471 5214 572 5266 Alii
609 5214 846 5279 quinque
872 5226 1020 5283 .ntss.
1050 5210 1438 5283 διανομὴνικαὶ
1466 5211 1889 5283 καταδιαίρεσιν,
1921 5230 2024 5267 uno

471 5284 656 5347 verbo,
688 5278 843 5335 bene.
872 5278 1005 5351 Reg.
1035 5278 1243 5351 primus
1269 5278 1528 5351 διανομήν
1570 5298 1687 5333 τινα
1721 5278 1828 5334 ⁷καὶ
1861 5300 2026 5335 κατα-

469 5354 763 5424 διαίρεσιν,
819 5353 978 5424 paulo
1032 5350 1239 5405 melius.
1297 5350 1404 5404 lloc
1456 5350 1571 5420 ipso
1618 5354 1671 5403 in
1724 5353 1841 5406 loco
1893 5354 2020 5423 Reg.

470 5422 694 5492 quartus
722 5422 939 5475 ἐννοεῖν.
1420 5490 1432 5492 _
1637 5462 1641 5469 .

541 5493 652 5560 (5:2)
692 5494 823 5545 Cum
866 5507 967 5544 vox
1015 5492 1370 5561 ὑποκείμενον
1419 5490 1524 5544 late
1560 5498 1755 5557 pateat,
1798 5489 2023 5545 fortasse

473 5565 627 5616 debet
671 5564 769 5614 ltoc
818 5563 934 5614 loco
977 5566 1115 5615 sumi
1163 5578 1257 5629 pro
1304 5563 1417 5625 ipsa
1469 5561 1777 5622 substantia,
1817 5570 1871 5611 ut
1923 5561 2022 5616 hoc

476 5635 613 5686 dicat
642 5631 872 5685 Basilius
900 5646 913 5683 :
941 5631 1002 5684 Si
1036 5632 1195 5685 Pater
1221 5648 1284 5684 ex
1308 5632 1572 5695 hypotltesi
1603 5630 1905 5699 intelligitur
1932 5632 2023 5683 lux

474 5719 582 5753 esse
625 5704 677 5754 in
715 5719 768 5755 se
800 5711 847 5754 et
888 5704 941 5753 in
978 5719 1072 5752 sua
1106 5702 1418 5764 subslan'ia,
1446 5709 1551 5753 etc.
1588 5700 1736 5765 Quod
1773 5716 1890 5753 mox
1938 5717 2021 5753 se~

476 5775 673 5837 quitur,
726 5772 816 5823 καὶ
864 5772 1049 5839 ὅνπερ,
1090 5782 1215 5833 ctc.,
1264 5773 1330 5823 ita
1379 5782 1708 5825 converterat
1760 5771 2020 5840 interpres

2124 3254 2239 3314 τοῖς
2282 3250 2345 3299 ὲκ
2375 3244 2570 3316 χρόνου
2605 3234 2907 3308 πρεσϐείοις
2942 3235 2971 3286 ὁ
3018 3233 3115 3303 μὲν
3158 3234 3270 3285 ἔστι
3304 3235 3540 3304 πρῶτος.
3581 3236 3609 3285 ὁ
3641 3236 3695 3287 δὲ

2124 3343 2394 3411 δεύτερος.
2427 3336 2521 3397 Τίς
2551 3335 2583 3403 ἡ
2618 3330 2827 3398 ἀνάγκη
2869 3326 2952 3394 ἐφ’
2979 3318 3051 3377 ὧν
3084 3327 3116 3395 ἡ
3154 3326 3306 3377 οὐσία
3336 3327 3511 3395 κοινὴ,
3546 3327 3694 3390 τάξει

2125 3453 2185 3488 τε
2250 3424 2649 3495 ὐποὸεὸλῆσθαι
2695 3419 2887 3484 ταῦτα,
2947 3417 3038 3469 καὶ
3092 3418 3282 3486 χρόνου
3326 3413 3462 3469 εἶναι
3509 3417 3694 3469 δεύτε-

2132 3545 2197 3601 ρα
2229 3524 2373 3596 (54>;
2409 3520 2481 3573 Οὐ
2505 3517 2613 3586 γὰρ
2642 3511 2863 3601 δυνατὸν
2893 3512 2957 3601 τῇ
2981 3508 3172 3601 ἑαυτού
3204 3508 3366 3601 εἰκόνι
3395 3509 3508 3601 (δξ)
3536 3510 3697 3577 aly}.

2126 3599 2232 3680 νως
2259 3608 2672 3679 ἀπαυγασθείσῃ
2712 3603 2802 3655 τὸν
2838 3600 2969 3653 Θεὸν
2999 3599 3105 3652 τῶν
3132 3599 3266 3652 ὅλων
3303 3600 3374 3668 μὴ
3419 3599 3479 3662 ἐξ
3523 3601 3694 3651 ἀϊδίου

2128 3707 2387 3768 συνεῖναι,
2439 3701 2531 3755 καὶ
2582 3697 2655 3767 μὴ
2694 3694 2879 3764 χρόνον
2912 3691 3089 3761 μόνον.
3139 3690 3231 3744 καὶ
3256 3688 3465 3743 αἰώνων
3494 3691 3553 3742 δὲ
3584 3690 3695 3756 (ὄις)

2127 3796 2343 3851 πάντων
2367 3792 2617 3846 ἐπέκεινα
2642 3786 2738 3856 τὴν
2768 3783 3056 3851 συνάφειαν
3088 3780 3251 3850 ἔχειν.
3288 3780 3383 3831 Διὰ
3408 3779 3567 3831 τοῦτο
3588 3780 3695 3849 γὰρ

2127 3887 2466 3955 ἀπαύγασμα
2518 3882 2751 3951 εἴρηται,
2792 3876 2877 3927 ἵνα
2919 3875 2977 3926 τὸ
3019 3873 3356 3942 συνημμένον
3389 3874 3694 3940 νοήσωμεν,

2127 3981 2222 4033 καὶ
2252 3974 2534 4048 χαρακτὴρ
2562 3972 2661 4040 τῆς
2693 3966 3056 4028 ὑποστάσεως,
3094 3966 3178 4016 ἵνα
3206 3964 3262 4015 τὸ
3294 3964 3575 4031 όμοούσιον
3599 3965 3695 4015 ἐκ-

2132 4070 2508 4143 μανθάνωμεν.
2542 4061 2698 4117 Ἀλλὰ
2721 4063 2814 4113 καὶ
2838 4058 2984 4122 τάξις
3010 4060 3041 4127 ἡ
3072 4057 3167 4126 μὲν
3195 4055 3393 4125 φυσικὴ
3418 4055 3498 4114 τίς
3527 4057 3695 4110 ἐςτιν,

2129 4164 2162 4234 ἡ
2195 4163 2251 4215 δὲ
2286 4162 2404 4213 κατ’
2440 4156 2797 4227 ἐπιτήδευσιν.
2836 4150 3040 4217 Φυσικὴ
3090 4148 3207 4217 μὲν,
3253 4147 3326 4207 ὡς
3370 4148 3404 4215 ἡ
3436 4145 3544 4196 τῶν
3579 4162 3696 4197 κτι-

2133 4393 2323 4435 velus:
2362 4379 2425 4433 Et
2462 4388 2912 4445 quantumcunque
2947 4378 3135 4442 aliquis
3178 4371 3326 4425 Patri
3378 4380 3693 4430 altribulio-

2134 4469 2268 4513 nent,
2298 4450 2431 4502 hunc
2463 4451 2627 4514 ipsum
2654 4458 2699 4499 et
2732 4446 2870 4498 Filio
2897 4446 3239 4498 accommodet
3261 4461 3279 4497 :
3308 4448 3397 4495 sed
3431 4460 3691 4510 quantum

2135 4537 2162 4573 a
2192 4531 2365 4572 tuente
2390 4518 2568 4571 Basilii
2599 4517 2885 4573 altct'rarit.
2912 4533 2974 4568 ex
3001 4515 3198 4569 Graecis
3226 4524 3389 4580 patet.
3423 4517 3575 4581 illud,
3600 4519 3696 4569 τὸν

2129 4589 2220 4641 τοῦ
2270 4585 2407 4641 εἶναι
2454 4588 2637 4655 λόγον,
2682 4588 2745 4637 ad
2794 4588 3011 4638 verbum
3083 4584 3438 4655 reddidimus,
3484 4589 3697 4639 essendi

2130 4661 2417 4721 rationem,
2474 4653 2576 4711 nun
2634 4654 2823 4709 Latine
2873 4656 3119 4723 quidem,
3168 4656 3259 4707 sed
3312 4653 3695 4719 signiﬁcantis—
3759 4685 3775 4699 -

2129 4744 2281 4782 Stltte.

2200 4797 2309 4865 (55)
2344 4795 2454 4851 Vox
2492 4794 2724 4865 διαφορά
2750 4794 3100 4865 differentiam
3122 4791 3345 4865 (quidem
3379 4794 3688 4861 signiﬁcat:

2127 4867 2217 4920 sed
2251 4862 2370 4918 cum
2404 4862 2939 4919 tmttten—tl‘ill‘erentizn
2965 4862 3222 4915 latissime
3257 4872 3457 4927 pateat,
3490 4866 3561 4916 ita
3600 4867 3689 4919 hic

2127 4947 2180 4987 et
2221 4938 2270 4988 itt
2307 4936 2570 4988 similibus
2600 4934 2729 4988 locis
2782 4934 3204 4999 restringettdtnn
3246 4940 3349 4988 est.
3384 4943 3442 4984 ttt
3476 4940 3694 5003 proprie

2127 5020 2222 5075 pro
2248 5005 2590 5075 distinctione
2619 5006 2932 5073 accipiatur.
2960 5004 3151 5056 Statim
3185 5015 3312 5053 mss.
3342 5006 3584 5056 n0nnullt
3614 5006 3693 5075 τῷ

2125 5074 2263 5144 λόγῳ
2290 5073 2365 5143 τῷ
2388 5075 2508 5143 τῆς.

2196 5140 2588 5268 (ΞΗ-Δηλιηηί
2644 5159 2736 5196 sex
2790 5142 2907 5194 libri
2964 5156 3081 5193 cum
3132 5140 3363 5192 editione
3417 5141 3550 5192 Ven.
3596 5146 3691 5196 καί

2225 5233 2313 5266 νου
2362 5211 2496 5267 εἶναι
2544 5213 2788 5268 δεύτερα.
2827 5215 2953 5268 Ιὶοει.
2985 5216 3247 5265 secundus
3281 5224 3402 5260 cunt
3452 5212 3691 5267 editione

2126 5211 2313 5285 χρόνου
2362 5211 2496 5267 εἶναι
2521 5211 2788 5285 δεύτερα.
2827 5215 2953 5285 lleg.
2985 5216 3247 5285 secundus
3281 5224 3402 5285 cum
3452 5212 3692 5285 editione

2125 5277 2293 5339 paris.
2322 5286 2415 5337 καὶ
2445 5284 2635 5355 χρόνου
2685 5277 2989 5352 πρεσϐείοις
3040 5278 3174 5332 εἶναι
3212 5277 3460 5355 δεύτερα.
3496 5280 3686 5342 Nemo,

2124 5370 2333 5420 Opinor,
2379 5348 2535 5407 boiiio
2583 5370 2685 5406 non
2719 5348 2862 5406 videt
2898 5368 3078 5404 vocent
3126 5348 3438 5420 πρεσϐείοις
3478 5365 3545 5402 ex
3594 5370 3689 5404 sn-

2123 5427 2425 5493 perioribus
2481 5425 2690 5477 incaute
2734 5424 3049 5476 accersitam
3099 5420 3284 5480 fuisse,
3334 5429 3385 5470 et
3430 5419 3534 5473 hoc
3570 5423 3688 5475 loco

2125 5497 2305 5555 inepte
2339 5496 2641 5561 repetitam.

2192 5565 2303 5633 (55)
2345 5558 2518 5617 Codex
2555 5576 2691 5616 unus
2714 5564 2778 5632 τῇ
2809 5562 2901 5614 ἀπ’
2927 5560 3090 5633 αὐτοῦ
3118 5558 3302 5633 εἰκόνι.

2195 5628 2308 5704 (56)
2351 5635 2575 5704 Codices
2624 5628 2849 5704 aliquotA
2884 5632 3085 5704 p.6v0v,_
3124 5628 3334 5704 αἰώνων
3373 5632 3453 5685 δέ,
3498 5631 3687 5704 Itidem

2122 5699 2250 5757 mss.
2290 5699 2537 5758 nonnulli
2604 5699 2943 5772 συνημμένον
2998 5701 3221 5769 νοῶμεν.
3262 5699 3501 5755 Subinde
3555 5699 3689 5769 Reg.

2122 5784 2342 5843 quartus
2376 5777 2467 5826 καὶ
2496 5773 2694 5841 φυσικὴ
2728 5773 2823 5838 μὲν
2854 5771 2947 5833 ὡς.
