3978 6410
289 383 393 440 557

1367 374 1735 432 Αυγειιδυε
1774 374 2141 430 EUNOMIUM
2182 374 2308 429 LIB.
2352 374 2391 434 1.

3407 371 3510 424 558

291 499 511 568 σμάτων
546 510 684 550 κατα
719 498 843 559 τοὺς
883 496 1302 566 δημιουργικοὺς
1329 495 1519 563 λόγους
1557 495 1853 566 διαταχθεῖ-

1958 507 2010 550 et
2047 497 2180 552 ordo
2209 496 2347 550 alius
2371 496 2634 549 naturalis
2667 501 2771 561 est,
2803 493 2939 547 alius
2978 490 3295 546 artificialis.
3343 489 3507 545 Natu-

293 606 360 641 σα
395 588 522 654 ξῦτ),
564 587 655 638 καὶ
681 585 810 655 ὼςή
842 585 948 638 τῶν
976 585 1289 656 ἀριθμητῶν
1313 586 1423 658 (58)
1461 586 1628 650 θέσις,
1661 587 1750 639 καὶ
1775 585 1850 648 ὡς

286 682 322 751 ή
368 679 476 734 τῶν
508 679 696 752 αἰτίῳν
731 679 865 749 πρὸς
894 677 962 731 τὰ
992 678 1204 731 αίτιατὰ
1239 679 1441 749 σχέσις,
1478 680 1684 732 ἐκείνου
1721 696 1860 750 προσ

286 755 756 840 διωμολογημένου
787 768 878 821 τοῦ
906 769 1000 821 καὶ
1035 769 1132 838 τῆς
1173 771 1385 837 φύσεως
1421 770 1589 838 αὐτῆς
1622 771 1852 841 ποιητήν

287 860 427 917 εἶναι
459 861 550 914 καὶ
582 860 907 931 δημιουργὸν
945 859 1036 912 τὸν
1066 859 1196 912 Θεόν
1218 877 1230 890 ·
1296 861 1752 931 ἐπιτετηδευμένη
1797 861 1854 914 δὲ

289 954 383 1008 καὶ
410 953 650 1024 τεχνικὴ,
679 954 753 1016 ὡς
794 954 826 1023 ή
857 955 914 1005 ἐν
940 955 1052 1016 τοῖς
1080 953 1581 1023 κατασκευάσμασι,
1617 954 1710 1005 καὶ
1752 969 1856 1022 μα-

289 1043 515 1114 θήμασι,
555 1043 648 1095 καὶ
685 1041 974 1113 ἀξιώμασι,
1023 1043 1114 1094 καὶ
1143 1042 1379 1114 ἀριθμῷ,
1424 1043 1518 1095 καὶ
1546 1046 1656 1105 τοῖς
1683 1031 1868 1094 τοιού-ά

287 1151 421 1197 τοις.
452 1134 667 1186 Τούτων
701 1135 880 1186 τοίνυν
906 1134 966 1186 τὸ
1005 1134 1265 1204 πρότερον
1288 1135 1739 1205 ἀποκρυψάμενος
1770 1129 1857 1188 οῦ-

288 1242 402 1288 τος,
426 1224 518 1278 τοῦ
554 1225 804 1295 δευτέρου
828 1225 998 1289 εἴδους
1027 1226 1125 1294 τῆς
1152 1224 1353 1290 τάξεως
1385 1225 1721 1297 ἐπεμνήσθη,
1761 1226 1855 1279 καί

291 1336 442 1389 φησι,
475 1318 548 1388 μὴ
588 1321 782 1389 χρῆναι
821 1318 998 1384 λέγειν
1038 1318 1129 1369 ἐπὶ
1165 1316 1298 1370 Θεοῦ
1343 1316 1510 1382 τάξιν,
1558 1319 1787 1389 ἐπείπερ
1825 1320 1856 1387 ή

288 1412 443 1477 τάξις
480 1411 706 1479 δευτέρα
742 1410 857 1462 ἐστὶ
895 1409 987 1462 τοῦ
1030 1410 1331 1474 τάττοντος.
1387 1410 1591 1462 Ἐκεῖνο
1631 1409 1688 1462 δὲ
1730 1409 1762 1480 ἢ
1796 1409 1857 1460 οὐ

293 1503 547 1565 συνεῖδεν,
603 1503 635 1572 ἢ
694 1501 832 1553 ἑκὼν
866 1501 1239 1572 ἀπεκρύψατο,
1294 1502 1374 1554 ὅτι
1409 1501 1522 1553 ἔστι
1563 1517 1616 1552 τι
1655 1499 1859 1564 τάξεως

290 1591 450 1656 εἶδος,
496 1593 594 1646 οὐκ
643 1596 706 1646 ὲκ
748 1593 843 1663 τῆς
884 1591 1190 1663 παρ’ήμῶν
1215 1593 1414 1656 θέσεως
1455 1592 1856 1660 συνιστάμενον,

291 1685 404 1737 ἀλλ’
433 1687 568 1756 αὐτῇ
592 1688 656 1754 τῇ
693 1684 830 1738 κατὰ
856 1685 1014 1753 φύσιν
1039 1684 1324 1756 ἀκολουθίᾳ
1347 1684 1657 1754 συμϐαῖνον,
1681 1683 1755 1746 ὡς
1782 1683 1860 1753 τῷ

293 1778 427 1848 πυρὶ
455 1777 587 1850 πρὸς
617 1778 676 1829 τὸ
702 1795 816 1845 φῶς
851 1779 964 1829 ἐστι
997 1777 1056 1829 τὸ
1081 1775 1140 1840 ἐξ
1167 1775 1352 1830 αὑτοῦ.
1387 1778 1475 1830 Ἐν
1509 1776 1716 1838 τούτοις
1747 1776 1854 1846 γὰρ

293 1867 554 1936 πρότερον
593 1867 653 1919 τὸ
691 1866 858 1918 αἴτιον
898 1867 1145 1935 λέγομεν,
1193 1866 1440 1938 δεύτερον
1479 1866 1538 1918 δὲ
1578 1866 1639 1919 τὸ
1669 1865 1726 1930 ἐξ
1759 1866 1856 1918 αὺ-

291 1953 386 2006 τοῦ
435 1955 579 2022 (59)·
633 1954 693 2006 οὗ
747 1954 1071 2026 διαστήματι
1128 1956 1447 2026 χωρίζοντες
1484 1958 1577 2010 ἀπ’
1614 1956 1855 2026 ἀλλήλων

291 2044 486 2105 ταῦτα,
517 2044 652 2098 ἀλλά
693 2045 770 2115 τῷ
800 2047 1042 2118 λογισμῷ
1073 2047 1164 2101 τοῦ
1192 2048 1434 2102 αἰτιατοῦ
1477 2048 1858 2119 προεπινοοῦν-

291 2154 384 2200 τες
412 2137 473 2190 τὸ
501 2138 689 2190 αἴτιον.
725 2139 846 2200 Πῶς
885 2135 976 2191 οὖν
1009 2138 1224 2206 εὔλογον
1254 2137 1531 2210 ἀρνεῖσθαι
1556 2140 1654 2210 τὴν
1681 2139 1853 2206 τάξιν,

291 2230 377 2299 ἐφ’
403 2223 476 2282 ὧν
501 2229 617 2281 ὲστι
650 2230 910 2300 πρότερον
941 2231 1031 2283 καὶ
1052 2230 1321 2301 δεύτερον,
1354 2232 1414 2283 οὐ
1431 2231 1570 2284 κατὰ
1594 2229 1692 2302 τὴν
1716 2232 1856 2300 ήμε-

292 2319 456 2392 τέραν
487 2319 652 2382 θέσιν,
688 2319 801 2372 ἀλλ’
826 2322 889 2373 ἐκ
919 2321 1015 2390 τῆς
1043 2321 1183 2374 κατά
1219 2321 1380 2390 φύσιν
1409 2322 1590 2385 αὐτοῖς
1624 2323 1858 2393 ἐνυπαρ-

292 2414 492 2482 χούσης
521 2411 868 2478 άκολουθίαςς
900 2414 1053 2476 Τίνος
1090 2411 1182 2467 οῦν
1215 2413 1399 2466 ἕνεκεν
1427 2413 1610 2466 ἀθετεῖ
1637 2413 1736 2484 τὴν
1764 2415 1858 2468 τά·

294 2504 374 2569 ξίν
401 2505 491 2555 ἐπὶ
510 2504 642 2556 Θεοῦ
667 2505 1064 2575 λαμϐάνεσθαι;
1094 2507 1355 2574 Ἦγεῖται,
1375 2507 1421 2558 εί
1444 2510 1461 2574 (
1473 2505 1554 2575 l0)
1575 2506 1856 2571 ἐπιδείξειε

298 2593 562 2664 μηδαμῶς
610 2594 782 2658 ἄλλως
831 2595 892 2648 τὸ
944 2597 1204 2668 πρότερον
1257 2597 1347 2649 ἐπὶ
1407 2595 1541 2649 Θεοῦ
1598 2597 1855 2661 νοεῖσθαι,

293 2687 611 2756 λειπόμενον
651 2686 812 2754 ἕξειν,
850 2691 970 2741 κατ’
1003 2690 1172 2759 αὐτὴν
1201 2689 1516 2764 τὴνούσίαν
1562 2690 1660 2760 τήν
1693 2691 1859 2761 ὑπερ-

291 2781 422 2851 οχὴν
475 2779 871 2834 ἐπιδείκνυσθαι
907 2781 1039 2843 (41).
1081 2781 1272 2851 Ἡμεῖς
1298 2781 1374 2846 δὲ,
1431 2781 1568 2834 κατὰ
1622 2782 1719 2852 μὲν
1759 2782 1858 2853 τὴν

292 2872 399 2925 τῶν
464 2874 651 2927 αἰτίων
713 2875 849 2946 πρὸς
879 2872 972 2926 διὰ
1037 2873 1096 2938 ἐξ
1154 2874 1333 2926 αὐτῶν
1398 2874 1600 2944 σχέσιν,
1664 2892 1858 2947 προτε-

292 2964 484 3033 τάχθαι
509 2963 602 3016 τοῦ
634 2964 763 3017 Υίοῦ
781 2963 872 3018 τὸν
901 2964 1121 3035 Πατέρα
1150 2963 1327 3035 φαμέν
1349 2981 1362 2994 ⁶
1399 2965 1538 3018 κατὰ
1559 2965 1613 3017 δὲ
1635 2965 1733 3036 τὴν
1761 2965 1858 3035 τῆς

293 3054 506 3122 φύσεως
539 3054 817 3125 διαφορὰν,
867 3055 1068 3121 οὐκέτι,
1120 3055 1238 3108 οὐδὲ
1283 3054 1422 3108 κατὰ
1466 3054 1563 3126 τήν
1601 3056 1694 3108 τοῦ
1729 3056 1856 3127 χρό-

293 3163 384 3198 νου
431 3145 736 3218 ὑπεροχήν⁹
789 3146 822 3217 ἢ
881 3146 1020 3200 οὕτω
1060 3163 1124 3216 γε
1179 3149 1271 3202 καὶ
1316 3148 1446 3203 αὐτὸ
1479 3148 1610 3218 (42),
1645 3148 1704 3201 τὸ
1746 3151 1858 3201 Πα-

293 3239 425 3309 τέρα
480 3234 617 3292 εἶναι
671 3238 760 3291 τὸν
801 3238 952 3305 Θεὸν,
1011 3239 1361 3311 ἀθετήσομεν,
1414 3241 1511 3311 τῆς
1567 3240 1704 3294 κατὰ
1755 3241 1856 3313 τὴν

289 3331 478 3385 οὐσίαν
531 3330 936 3402 ἀλλοτριότητος
975 3331 1072 3404 τήν
1119 3333 1350 3405 φυσικήν
1399 3334 1689 3404 συνάφειαν
1732 3333 1858 3387 ἀθε-

291 3423 510 3493 τοὺσης.

361 3512 450 3566 21.
490 3513 642 3566 Ἐπεὶ
673 3514 853 3584 μέντοι
888 3515 1246 3586 ἀφορίσασθαι
1271 3517 1401 3588 ἡμῖν
1426 3516 1516 3570 τοῦ
1539 3516 1728 3588 χρόνου
1757 3517 1859 3585 τὴν

293 3606 454 3674 φύσιν
497 3607 525 3658 δ
563 3606 722 3674 σοφὸς
757 3606 823 3660 τὰ
855 3607 1029 3660 πάντα
1059 3610 1326 3680 προήχθη,
1358 3610 1450 3664 καὶ
1476 3609 1707 3663 ἐνταῦθα
1745 3610 1856 3681 (45)

292 3698 458 3751 αὑτοῦ
503 3697 562 3750 τὸ
612 3698 825 3767 βέϐαιον
863 3700 953 3752 καὶ
980 3701 1446 3772 περιεσκεμμένον
1482 3701 1579 3769 τῆς
1623 3701 1859 3766 διανοίας

292 3790 512 3859 ἴδωμεν.
559 3791 763 3860 Χρόνον
788 3791 964 3844 τοίνυν
1009 3787 1145 3844 εἷναί
1172 3809 1304 3863 φησι
1334 3794 1491 3846 ποιάν
1506 3809 1626 3846 τινα
1647 3792 1858 3865 κίνησιν

292 3881 571 3952 ἀστέρωνο
605 3882 752 3954 ήλίου
792 3883 1030 3954 δηλονότι
1075 3885 1168 3938 καὶ
1212 3885 1440 3956 σελήνης
1489 3886 1583 3938 καὶ
1620 3887 1727 3938 τῶν
1755 3886 1862 3941 λοι-

292 3974 431 4038 πῶν,
471 3975 612 4040 ὅσοις
658 3977 777 4058 καθ’
807 3976 974 4030 ἑαυτά
1005 3977 1115 4046 (44)
1164 3975 1424 4030 κινεῖσθαι
1457 3977 1684 4048 δύναμίς
1718 3981 1851 4035 ἐστι.

292 4065 366 4118 Τὸ
403 4065 578 4120 τοίνυν
612 4067 718 4120 ἀπὸ
753 4067 1015 4135 γενέσεως
1051 4066 1279 4138 οὐρανοῦ
1309 4067 1401 4120 καὶ
1432 4067 1535 4138 γῆς
1571 4069 1732 4138 μέχρι
1759 4069 1857 4140 τῆς

368 4270 477 4341 ('57)
497 4269 655 4341 AEdiIi
686 4268 873 4337 λόγους
901 4269 1178 4340 ταχθεῖσα.
1217 4269 1437 4327 Veteres
1461 4270 1697 4340 quinque
1741 4270 1862 4324 lihri

292 4339 661 4403 διαταχθεῖσα.

362 4407 738 4492 (ξ8χιλιιιὶειιιίΔ
778 4407 884 4462 duo
935 4409 1199 4492 librinroﬁ
1241 4410 1501 4492 ἀριθμοῦ.
1551 4409 1702 4491 Alius
1755 4409 1860 4462 τῶν

294 4479 566 4603 αριθξῶν.
593 4479 696 4532 Alii
727 4488 837 4534 tres
865 4496 986 4533 cum
1015 4481 1172 4535 editis
1204 4479 1310 4534 τῶν
1345 4479 1679 4552 ἀριθμητῶν.

367 4552 421 4622 (5
465 4553 480 4617 )
530 4549 661 4616 Reg.
707 4550 898 4622 tertius
940 4549 1000 4601 τὸ
1038 4551 1131 4622 ἅττ’
1174 4551 1360 4606 αὑτοῦ.
1405 4553 1679 4622 Aliqttantt

1955 591 2082 644 ralis
2101 590 2338 659 quidem,
2361 601 2418 642 ut
2439 597 2831 651 creaturarum,
2849 585 2937 655 qui
2965 599 3029 640 ex
3055 584 3274 640 creandi
3307 584 3514 637 ratione

1953 681 2239 750 dispositus
2267 689 2368 746 est,
2401 688 2455 734 et
2483 677 3048 732 sicutnumerabilium
3074 676 3289 746 positio,
3309 686 3362 729 et
3380 689 3511 730 cau-

1953 787 2134 826 sarum
2171 771 2236 825 ad
2269 770 2530 840 producta
2555 770 2809 836 habitus;
2838 783 2959 824 cum
3012 782 3100 824 res
3147 768 3390 822 confessa
3421 767 3514 828 sit,

1956 863 2121 916 Deum
2150 861 2310 916 etiam
2351 861 2519 930 ipsius
2547 869 2755 914 naturae
2781 861 3112 915 conditorem
3147 874 3269 914 esse
3302 869 3355 913 et
3398 859 3510 926 opi-

1959 953 2133 1006 licem.
2167 952 2516 1020 Excogitatus
2550 951 2709 1021 232
2750 967 2876 1004 vero
2899 960 2953 1005 et
2978 950 3297 1013 artiﬁcialis,
3327 959 3380 1002 ut
3407 949 3513 1012 ille,

1956 1044 2044 1112 qui
2081 1043 2503 1112 deprehenditur
2553 1045 2603 1095 in
2653 1043 3077 1110 probationibus.
3111 1041 3161 1094 in
3195 1042 3514 1111 disciplinis.

1959 1136 2010 1187 in
2045 1135 2428 1204 dignitatibus,
2462 1134 2516 1188 in
2553 1149 2778 1187 numero
2825 1144 2877 1185 et
2923 1134 3142 1201 reliquis
3187 1133 3513 1202 huiusmodi.

1963 1227 2258 1280 Ennomius
2294 1227 2479 1296 itaque
2510 1229 2700 1282 horum
2753 1228 2933 1297 priore
2962 1228 3258 1292 occultato,
3308 1225 3376 1280 de
3427 1240 3516 1278 se-

1958 1319 2136 1371 cundo
2166 1318 2372 1372 ordinis
2404 1333 2599 1388 genere
2628 1318 2752 1372 fecit
2783 1319 3106 1379 mentionem
3134 1335 3149 1382 ;
3197 1318 3379 1383 aitque
3411 1331 3516 1368 non

1959 1419 2206 1475 oportere
2237 1409 2416 1462 dicere
2449 1409 2501 1461 in
2530 1407 2638 1462 Deo
2666 1408 2910 1461 ordinem
2941 1421 3082 1472 esse,
3115 1405 3368 1474 quoniam
3386 1411 3520 1459 ordo

1961 1500 2246 1554 ordinante
2277 1500 2541 1565 posterior
2586 1508 2688 1555 est.
2735 1499 2863 1552 lllud
2897 1513 3024 1554 vero
3045 1508 3137 1552 aut
3167 1513 3268 1551 non
3306 1497 3516 1551 intelle-

1959 1591 2059 1654 xit,
2098 1597 2188 1642 aut
2223 1589 2364 1643 ultro
2393 1589 2650 1646 occuluit.
2673 1590 2937 1658 quoddam
2965 1589 3170 1642 ordinis
3195 1602 3315 1642 esse
3331 1603 3517 1658 genus,

1962 1697 2066 1734 non
2103 1690 2286 1733 nostra
2322 1681 2675 1735 constitutum
2725 1681 3084 1742 ordinatione,
3121 1682 3214 1733 sed
3272 1681 3387 1749 ipsa
3422 1695 3516 1732 ne-

1964 1771 2297 1825 cessitudine
2356 1771 2584 1824 naturali
2638 1772 2979 1837 contingens,
3021 1785 3126 1838 quo
3155 1784 3215 1824 se
3245 1771 3404 1824 modo
3433 1770 3524 1824 ha-

1963 1863 2091 1917 bent
2122 1863 2261 1932 ignis
2288 1870 2341 1915 et
2376 1863 2488 1926 lux,
2513 1877 2633 1930 quae
2667 1876 2733 1915 ex
2760 1862 2873 1930 ipso
2897 1871 2998 1915 est.
3037 1861 3170 1914 Nam
3215 1861 3266 1914 in
3306 1861 3372 1916 iis
3401 1874 3523 1913 can-

1962 1971 2074 2008 sam
2113 1956 2346 2024 priorem
2374 1969 2492 2009 esse
2535 1954 2764 2008 dicimus
2793 1973 2806 2008 :
2845 1954 3114 2022 posterius
3144 1967 3271 2008 vero
3304 1954 3353 2009 id
3379 1953 3522 2024 quod

1961 2048 2030 2101 ab
2053 2047 2163 2115 ipsa
2199 2055 2301 2111 est,
2342 2061 2446 2098 non
2501 2045 2784 2100 intervallo
2813 2046 2924 2098 haec
2973 2060 3001 2098 a
3037 2059 3094 2099 se
3125 2045 3351 2098 invicem
3392 2045 3512 2098 diri.

1963 2145 2190 2201 mentes,
2227 2135 2320 2190 sed
2344 2135 2668 2204 cogitatione
2716 2148 2935 2188 causam
2991 2145 3118 2188 ante
3163 2132 3410 2188 ell'ectum
3443 2135 3524 2187 iu-

1963 2226 2282 2298 telligentes.
2313 2227 2559 2292 Quonam
2603 2225 2769 2294 igitur
2821 2234 2979 2294 pacto
3012 2225 3204 2279 rationi
3236 2235 3523 2280 consenta—

1963 2336 2120 2376 neum
2161 2319 2348 2384 fuerit,
2371 2318 2614 2373 ordinem
2643 2318 2696 2372 in
2738 2318 2806 2372 iis
2845 2332 3062 2387 negare,
3101 2317 3154 2371 in
3199 2317 3394 2383 quibus
3441 2326 3524 2368 est

1963 2417 2112 2483 prius
2137 2423 2192 2467 et
2233 2413 2519 2481 posterius,
2553 2426 2656 2466 non
2693 2425 2759 2466 ex
2787 2421 2974 2464 nostra
3011 2408 3384 2478 dispositione,
3427 2410 3520 2462 sed

1963 2519 2030 2558 ex
2065 2503 2298 2556 naturali
2334 2502 2564 2571 quadam
2595 2517 2773 2556 rerum
2808 2499 3238 2555 consecutione?
3278 2499 3388 2554 Cur
3425 2500 3524 2570 igi-

1966 2605 2052 2650 tur
2084 2596 2291 2649 fastidit
2317 2595 2562 2649 ordinem
2610 2593 2662 2647 in
2692 2594 2801 2648 Deo
2823 2592 3149 2646 admittere?
3187 2591 3518 2653 Arhitratur,

1962 2689 2007 2744 si
2036 2687 2335 2742 ostenderit
2362 2702 2466 2742 non
2501 2687 2661 2741 aliter
2685 2687 2834 2755 prius
2875 2685 2928 2739 in
2970 2686 3078 2740 Deo
3113 2686 3359 2755 intelligi,
3396 2686 3520 2739 reli-

1961 2795 2126 2849 quum
2161 2794 2220 2834 se
2254 2779 2585 2842 habiturum,
2620 2778 2672 2831 in
2708 2779 2820 2848 ipsa
2840 2778 3048 2832 scilicet
3064 2777 3358 2832 substantia
3386 2792 3523 2846 prte-

1962 2873 2216 2928 stantiam
2247 2871 2632 2930 demonstrari.
2655 2869 2765 2926 Nos
2793 2879 2996 2934 autem,
3029 2867 3144 2939 pro
3167 2870 3352 2932 habitu
3387 2884 3520 2923 cau-

1963 2981 2144 3020 sarum
2177 2965 2242 3019 ad
2269 2980 2332 3019 ea
2360 2979 2480 3034 qua:
2515 2979 2583 3018 ex
2624 2963 2757 3032 ipsis
2787 2964 2933 3027 sunt,
2975 2960 3184 3016 Patrem
3218 2960 3352 3015 Filio
3385 2975 3522 3030 pra:-

1971 3059 2094 3128 poni
2131 3059 2362 3111 dicimus
2393 3075 2406 3110 :
2435 3067 2488 3110 at
2517 3071 2647 3110 vero
2673 3055 2966 3110 secundum
3003 3063 3206 3109 naturae
3236 3055 3520 3108 diversita-

1882 3189 1926 3249 α
1964 3160 2092 3216 tem,
2118 3165 2220 3202 non
2258 3150 2405 3214 item,
2431 3163 2604 3218 neque
2620 3149 2912 3230 secundum
2936 3147 3188 3215 temporis
3208 3160 3518 3201 excessum:

1961 3241 2194 3312 alioquin
2229 3241 2331 3296 hoc
2363 3251 2523 3311 pacto
2570 3242 2733 3296 etiam
2764 3238 2928 3293 Deum
2973 3237 3184 3291 Patrem
3216 3251 3336 3291 esse
3361 3250 3522 3305 nega-

1959 3334 2176 3400 bimus;
2239 3349 2362 3389 cum
2418 3333 2675 3388 alienatio
2704 3347 2822 3401 qua!
2851 3334 2904 3385 in
2936 3329 3172 3385 essentia
3207 3331 3473 3398 reperitur
3503 3367 3518 3392 ,

1961 3427 2395 3498 coniunctionem
2429 3427 2729 3481 naturalem
2763 3424 2994 3479 aboleat.

2030 3518 2121 3572 21.
2149 3518 2253 3572 Sed
2281 3517 2533 3587 quoniam
2558 3517 2663 3571 huc
2691 3515 2780 3569 ille
2809 3515 2862 3569 in
2885 3514 3134 3569 omnibus
3157 3512 3371 3582 sapiens
3403 3527 3521 3582 pro-

1967 3625 2188 3682 gressus
2216 3618 2321 3673 est,
2359 3608 2516 3663 nobis
2548 3615 2605 3660 ut
2624 3607 2874 3662 deﬁniret
2896 3606 3151 3676 temporis
3169 3613 3438 3666 naturam,
3465 3613 3519 3656 et

1957 3705 2043 3758 hic
2079 3717 2238 3772 quam
2277 3701 2456 3767 ﬁrma,
2489 3716 2649 3771 quam
2690 3701 3077 3768 circumspecta
3105 3698 3173 3751 sit
3207 3710 3362 3750 meus
3381 3696 3516 3766 ejus,

1955 3796 2252 3849 videamus.
2283 3793 2518 3863 Tempus
2534 3807 2662 3862 ergo
2688 3803 2894 3846 certum
2928 3791 3213 3860 quemdam
3243 3788 3515 3846 skliarum

1957 3900 2160 3943 motum
2195 3902 2315 3943 esse
2335 3887 2486 3952 dicit,
2528 3885 2657 3940 solis
2680 3884 2928 3939 videlicet
2957 3895 3009 3940 et
3034 3885 3172 3936 lunae
3195 3898 3258 3936 ac
3289 3882 3520 3951 reliqua.

1962 3995 2103 4042 rum,
2142 3979 2338 4049 quibus
2378 3978 2519 4032 inest
2575 3991 2685 4047 qtta
2730 3991 2829 4047 per
2881 3991 2939 4030 se
2973 3984 3309 4030 moveantur.
3350 3971 3524 4026 Inter-

1963 4071 2161 4127 vallum
2203 4073 2366 4142 igitur
2395 4070 2537 4140 quod
2570 4071 2637 4126 ab
2663 4070 2870 4138 origine
2897 4067 3088 4123 cmliet
3107 4075 3264 4122 terra:
3297 4065 3363 4119 ad
3387 4063 3517 4118 steli-

2040 4270 2150 4340 (44)
2190 4270 2473 4340 Editicum
2508 4270 2636 4336 Reg.
2663 4269 2895 4322 secundo
2924 4269 3067 4340 ὅσοις
3091 4266 3146 4318 ὲν
3173 4263 3349 4340 ἄλλοις
3382 4265 3522 4340 κατὰ

1969 4335 2173 4395 τοότῶν
2207 4339 2330 4394 καθ’
2376 4339 2545 4393 ἑαυτά
2570 4335 2598 4392 εί
2621 4341 2758 4409 quod
2789 4339 2916 4407 quin
2964 4339 3212 4390 vitiosum
3241 4338 3332 4409 sit,
3363 4335 3518 4409 dubi-

1969 4415 2070 4464 tari
2105 4429 2208 4465 non
2256 4420 2448 4478 potest.
2497 4413 2559 4464 Et
2603 4403 2755 4464 certe
2800 4403 3128 4469 hominibus,
3166 4407 3255 4474 qui
3304 4403 3519 4478 paulutn

1969 4485 2126 4534 modo
2155 4484 2206 4534 in
2239 4475 2338 4534 lioc
2367 4481 2661 4535 studiorum
2696 4493 2890 4546 genere
2917 4478 3113 4532 versati
3143 4486 3292 4539 sunt,
3321 4475 3522 4546 erroris

465 4527 510 4617 ')w
527 4527 1696 4636 ιὶἑέῗιξνῐῖιιῖξδξᾶᾖί⁷αζιῖόῠξ⁷ᾹῙῖῖίςιξιῖιιὸ
1742 4562 1858 4620 post
1895 4527 1934 4579 θ
1964 4527 2849 4636 5.3;;591.1532};meum};
2864 4527 3238 4602 'e-gti'cs'caat
3258 4527 3517 4636 éniilalqui

295 4618 465 4693 code;
497 4636 632 4693 unus
658 4618 918 4693 πρότερον
950 4622 1043 4693 καὶ
1073 4621 1294 4693 ὕστερον
1324 4623 1384 4675 οὐ
1416 4621 1574 4693 κατά.

363 4690 474 4760 (40)
515 4689 636 4760 Illa,
658 4689 890 4759 ἡγεῖται,
921 4691 990 4754 st,
1025 4689 1404 4758 etc.,.possunt
1456 4690 1702 4746 fortassis
1754 4692 1857 4746 hoc

291 4763 452 4815 modo
495 4759 756 4830 intelligi:
790 4760 1082 4830 Eunomins
1121 4763 1220 4814 sibi
1271 4764 1480 4816 videtur
1522 4763 1855 4830 propositum

289 4839 580 4901 assecutus
615 4828 811 4901 fuisse,
838 4829 884 4901 _si
922 4831 1265 4896 probaverit,
1313 4828 1568 4901 quidquid
1605 4832 1753 4898 prius
1803 4832 1854 4884 in

292 4901 403 4954 Deo
432 4899 752 4964 concipitur,
799 4898 851 4953 id
887 4901 1193 4954 necessario
1223 4902 1369 4969 prius
1403 4898 1524 4956 esse
1557 4911 1611 4954 et
1639 4916 1772 4960 aavo,
1802 4911 1858 4954 et

292 4979 564 5038 tempore,
606 4977 660 5023 et
705 4970 912 5026 ordine.
969 4970 1073 5023 Sed
1123 4969 1231 5024 falli
1285 4987 1406 5024 eum
1453 4980 1685 5026 constat.
1740 4971 1851 5026 Etsi

289 5042 435 5092 enim
468 5039 635 5093 Filius
664 5040 872 5093 dicatur
907 5040 1174 5108 posterior
1207 5056 1328 5095 esse
1353 5043 1564 5104 ordine,
1597 5041 1720 5095 inde
1747 5058 1852 5095 non

288 5110 521 5164 ellicitur
556 5124 675 5162 eum
712 5119 804 5162 aut
837 5109 985 5163 Patri
1017 5125 1135 5165 esse
1164 5111 1502 5177 dissimilem,
1532 5121 1623 5164 attt
1656 5125 1720 5164 eo
1761 5128 1855 5179 po-

286 5184 573 5250 steriorem
602 5194 719 5233 esse
745 5190 900 5235 aetate
925 5189 979 5235 et
1005 5190 1261 5250 tempore.
1291 5181 1422 5250 Reg.
1449 5183 1636 5237 tertius
1657 5180 1851 5248 οἴεται,

286 5252 337 5304 εί
366 5248 672 5314 ἐπιδείξειε.

511 5320 860 5403 ρριιρχ“ιιη”υε
882 5319 1155 5393 ὑπεροχήν
1181 5319 1518 5403 θεωρεῖσθαι.

380 5390 470 5460 42)
510 5389 662 5460 Illud,
691 5389 723 5459 ἢ
753 5389 892 5443 οὕτω
918 5389 1005 5459 γε,
1031 5389 1165 5451 οἷο..
1188 5393 1265 5445 sic
1293 5389 1676 5458 interpretatur
1701 5391 1853 5446 Com-

290 5457 537 5522 Lelisius,
567 5457 868 5527 Hoc,‘quod
902 5457 975 5514 est
1010 5462 1170 5516 Deum
1206 5459 1416 5514 Patrem
1437 5457 1577 5524 esse,
1620 5462 1852 5515 destrue-

285 5548 426 5584 mus.
456 5531 514 5584 In
549 5543 655 5598 quo
683 5532 897 5597 quidem
933 5533 1404 5599 reprehendendus
1439 5548 1542 5586 non
1573 5541 1674 5596 est,
1708 5535 1848 5600 quod

285 5617 399 5671 rem
432 5617 537 5654 non
561 5601 896 5671 expresserit
927 5619 940 5655 :
973 5602 1088 5664 sed,
1130 5603 1271 5671 quod
1301 5601 1511 5657 locutus
1555 5602 1626 5657 sit
1674 5605 1852 5657 minus

283 5670 493 5736 Latine,
525 5669 575 5724 id
608 5669 709 5734 est,
735 5684 834 5724 suo
865 5685 1032 5725 more.

357 5741 468 5811 (43)
503 5741 722 5812 Editiet
750 5739 884 5812 Reg.
907 5741 1124 5809 quintus
1149 5743 1244 5798 mi.
1272 5741 1540 5798 ἐντεῦθεν.
1569 5743 1670 5800 Alii
1701 5743 1852 5812 quin-

451 5796 463 5811 Ι

285 5827 392 5877 que
425 5809 548 5869 mss.
577 5810 670 5864 καὶ
698 5809 952 5869 ἐνταῦθα.

1961 4637 2066 4675 nou
2100 4622 2245 4673 videt
2291 4613 2530 4673 errorem
2565 4622 2690 4673 hinc
2722 4629 2968 4671 exortum
3008 4631 3148 4678 esse,
3181 4615 3320 4683 quod
3361 4613 3521 4666 libra-

1958 4692 2072 4745 rius
2112 4691 2303 4758 aliquis
2334 4691 2440 4751 illa,
2471 4691 2529 4742 ὲν
2563 4689 2742 4752 ἄλλοις
2785 4689 2928 4741 κατὰ
2966 4687 3189 4750 τούτων,
3223 4687 3272 4737 in
3302 4700 3394 4737 ora
3438 4685 3518 4758 sui

1960 4761 2081 4814 libri
2105 4753 2427 4829 scripsisset,
2445 4771 2502 4812 ut
2527 4760 2872 4813 inonerentur
2889 4759 2976 4824 qui
3005 4759 3261 4829 legerent,
3279 4769 3374 4823 pro
3394 4753 3519 4807 καθ’

1959 4831 2126 4884 ἑαυτά
2173 4827 2429 4897 scriptum
2476 4830 2702 4883 inveniri
2749 4829 2800 4881 in
2836 4828 2955 4882 aliis
2995 4827 3312 4896 quihusdam
3341 4839 3520 4877 excin-

1959 4901 2197 4968 plaribus
2232 4898 2373 4952 κατὰ
2419 4898 2667 4952 τούτωνι
2701 4914 2763 4951 ex
2803 4913 2908 4964 quo
2947 4897 3198 4968 contigit,
3245 4905 3305 4968 ut
3351 4904 3518 4947 totum

1960 4965 2111 5034 illud,
2143 4973 2200 5023 ὲν
2233 4969 2412 5031 ἄλλοις
2445 4968 2586 5021 κατὰ
2625 4968 2848 5032 τούτων,
2889 4982 2953 5021 ex
3002 4965 3120 5020 libri
3168 4980 3262 5019 ora
3294 4965 3346 5018 in
3393 4981 3520 5016 cnn-

1959 5050 2160 5095 textutn
2210 5039 2510 5109 irrepserit.
2543 5039 2899 5093 C0tnbelisius
2931 5038 3040 5090 vitii
3078 5037 3276 5109 aliquid
3322 5035 3372 5086 iu
3418 5038 3518 5109 im-_

1957 5111 2160 5181 pressis
2193 5105 2344 5181 libris
2380 5112 2605 5165 subesse
2653 5111 3103 5181 animadverterat
3136 5105 3519 5181 quidentnased

1956 5171 2081 5233 dum
2137 5182 2278 5234 hunc
2329 5179 2504 5233 locum
2551 5181 2623 5231 ita
2672 5178 3006 5240 emendavit,
3054 5171 3198 5238 ὅσοίς
3241 5173 3306 5226 ἂν
3342 5171 3521 5234 ἄλλοις

1955 5250 2118 5323 κατὰᾼ
2139 5250 2360 5314 τούτους
2399 5248 2520 5302 καθ’
2547 5247 2738 5313 ἑαυτά,
2771 5249 2940 5316 magis
2985 5247 3145 5300 etiam
3171 5261 3295 5323 _ennt
3330 5259 3519 5323 corru-

1954 5327 2053 5390 pit.
2083 5321 2204 5374 Haac
2232 5334 2407 5374 autem
2439 5331 2605 5384 recte,
2637 5331 2694 5372 ιιι
2727 5321 2964 5390 putabat,
2994 5317 3272 5390 eiiieudata
3305 5317 3520 5390 sicver-

1956 5383 2139 5445 ierat:
2173 5391 2230 5445 Si
2262 5407 2378 5460 quae
2408 5390 2528 5443 alim
2562 5383 2940 5458 sunt,'quibus
2976 5397 3031 5460 ιιι
3077 5386 3182 5447 Itis,
3223 5399 3346 5460 ause
3391 5383 3518 5460 ipsis

1954 5477 2123 5516 motus
2156 5463 2231 5515 vis
2275 5451 2536 5532 competit.
2575 5451 2799 5532 Codices
2836 5470 2946 5532 tres
2980 5457 3124 5532 ὅσοις
3173 5451 3295 5506 καθ’
3326 5452 3513 5532 ἑαυτά.

1951 5533 2056 5587 Alii
2098 5534 2315 5586 totidem
2368 5525 2514 5594 ὅσοις
2564 5530 2684 5584 καθ’
2727 5525 2972 5590 ἑαυτούς.
3024 5527 3183 5579 Certe
3237 5535 3355 5594 utro
3398 5525 3520 5589 quis

1954 5604 2111 5657 modo
2142 5601 2354 5669 legerit,
2402 5590 2749 5668 peccaturum
2784 5615 2904 5651 runt
2957 5611 3061 5669 non
3089 5603 3281 5669 _pnto._
3313 5590 3418 5646 Sed
3440 5661 3450 5669 ι
3473 5609 3516 5645 SI

1952 5671 2098 5741 legas
2138 5661 2258 5725 καθ’
2289 5661 2455 5724 ἑαυτὰ
2475 5711 2490 5735 ,
2534 5673 2723 5741 supple
2764 5668 2938 5738 ἄστρα
2965 5685 2978 5720 :
3010 5665 3054 5722 si
3089 5661 3234 5733 legas
3264 5661 3516 5728 ἑαυτούς,

1952 5745 2137 5813 supple
2163 5741 2415 5813 ἀστέρας,
