3978 6410
479 365 510 420 5
517 365 587 422 59

1787 367 1843 422 S.
1889 367 1971 421 BA
1983 367 2133 422 SlLll
2172 365 2388 420 MAGNI

3597 361 3702 415 560

477 477 648 530 larum
673 490 842 546 usque
877 479 1205 532 creationem
1254 479 1579 542 intercessit.
1623 481 1876 548 qmdnam
1917 498 2033 536 esse

2153 483 2404 552 ποιήσεως
2431 495 2539 532 των
2565 481 2808 548 ἀστέρων
2837 477 3105 547 διάστημα
3132 492 3183 528 τι
3211 493 3336 528 ποτε
3369 475 3476 549 ἄρα
3504 469 3644 527 εἶναι
3674 476 3703 526 ό

478 570 729 621 decernet
757 568 986 622 eximius
1018 569 1103 623 ille
1131 585 1308 623 rerum
1355 570 1659 624 sublimium
1691 574 2034 641 speculator?

479 658 609 710 Nam
644 657 730 726 qui
763 661 942 713 mundi
963 661 1288 715 creationem
1313 662 1509 716 virtute
1543 663 1773 731 Spiritus
1799 665 2036 718 conscri-

479 749 609 817 psit,
639 763 831 818 magna
881 750 967 803 illa
1015 751 1301 805 luminaria
1352 763 1407 806 et
1458 753 1694 821 reliquas
1735 756 1918 808 stellas
1950 757 2036 809 die

478 849 676 908 quarta
719 842 1012 908 productas
1045 857 1162 897 esse
1193 845 1472 911 perspicue
1507 857 1692 900 narrat
1721 849 1760 902 ¹.
1805 846 2036 916 Tempus

480 931 662 1001 igitur,
705 940 763 985 ut
810 933 996 1001 liquet,
1047 933 1099 987 in
1159 935 1425 1000 prioribus
1477 937 1665 990 diebus
1696 951 2032 1006 nequaquam

480 1034 640 1076 erat:
683 1023 942 1091 siquidem
991 1028 1222 1078 nondmu
1259 1028 1616 1082 movebantur
1666 1028 1856 1083 stellze.
1891 1028 2034 1094 Quo-

483 1115 642 1169 modo
669 1116 812 1169 euim
852 1115 900 1168 id
935 1115 1051 1169 ﬁeri
1079 1118 1362 1185 potuisset,
1400 1135 1520 1172 cum
1559 1135 1624 1172 ne
1660 1120 1889 1174 conditae
1918 1122 2037 1189 qui-

479 1206 601 1260 dem
639 1206 866 1259 fuissent
890 1207 1083 1260 initio?
1116 1207 1179 1262 Et
1201 1209 1419 1273 iterum,
1450 1226 1573 1262 cum
1593 1207 1750 1266 Jesus
1780 1209 1922 1265 Nave
1944 1212 2039 1264 ad-

479 1313 666 1351 versus
693 1296 1024 1351 Gabaonitas
1063 1309 1341 1368 pugnaret,
1372 1302 1622 1370 quoniam
1658 1303 1741 1356 sol
1772 1311 2037 1370 prmeepto

480 1387 676 1457 ligatus
707 1391 956 1443 manebat
988 1391 1292 1454 immobilis,
1322 1406 1385 1445 ae
1411 1391 1533 1446 luna
1563 1392 1616 1445 in
1644 1392 1760 1447 loco
1785 1393 1959 1446 stabat
1993 1395 2034 1456 ³,

483 1489 692 1548 tempus
721 1489 848 1532 tunc
876 1494 978 1533 non
1013 1482 1169 1534 erat?
1200 1481 1477 1546 Quodnam
1513 1483 1677 1550 igitur
1725 1498 1916 1537 nomen
1962 1482 2036 1535 illi

481 1568 585 1623 diei
614 1569 788 1639 spatio
813 1570 1200 1639 imponemus?
1258 1588 1418 1641 quam
1471 1574 1806 1644 excogitabis
1857 1573 2040 1643 appel-

479 1659 732 1715 lationem
776 1661 1044 1716 iEtenim
1097 1664 1141 1717 si
1189 1666 1446 1733 temporis
1501 1662 1768 1720 deiecerat
1816 1675 2037 1731 natura,

481 1767 651 1806 aevum
700 1754 882 1822 utique
927 1757 974 1809 ei
1019 1756 1299 1810 successit.
1334 1757 1402 1808 At
1442 1772 1610 1810 aevum
1651 1757 1898 1826 exiguam
1934 1759 2038 1812 dici

2134 573 2304 634 δεινὸς
2331 571 2398 624 τὰ
2430 569 2678 640 μετέωρα
2706 565 2855 631 οὗτος
2881 569 3266 636 ἀποφανεῖται;
3304 566 3499 633 Σαφῶς
3535 566 3646 637 γὰρ
3677 569 3704 618 ὁ

2135 664 2228 733 τὴν
2258 660 2611 732 κοσμογονίαν
2640 659 2750 730 (45)
2779 663 2844 730 τῇ
2865 659 3089 730 δυνάμει
3117 660 3210 712 τοῦ
3243 659 3560 728 Πνεύματος
3583 659 3706 710 ἀνα-

2135 756 2350 825 γράψας
2393 756 2456 823 τῇ
2491 753 2725 823 τετάρτῃ
2751 752 2930 823 ἡμέρα
2957 753 3080 814 τοὺς
3108 751 3374 822 μεγάλους
3404 749 3703 818 φωστῆρας

2135 847 2227 898 καὶ
2288 846 2412 906 τοὺς
2463 843 2681 906 λοιποὺς
2726 844 2956 913 ἀστέρας
3001 843 3324 912 γεγενῆσθαί
3361 858 3516 911 φησι.
3566 842 3705 911 Χρό-

2135 953 2222 998 νος
2275 932 2368 988 οὖν
2414 935 2512 987 οὐκ
2545 930 2633 1004 ἦν,
2681 935 2756 996 ὡς
2797 933 2991 996 ἔοικεν,
3035 936 3091 986 ἐν
3133 937 3251 996 ταῖς
3289 933 3520 985 κατόπιν
3570 932 3704 1000 ἠμέ-

2140 1044 2256 1098 ραις
2275 1043 2288 1056 ο
2322 1026 2382 1078 οὐ
2411 1029 2518 1096 γὰρ
2545 1024 2814 1078 ὲκινοῦντό
2843 1043 2927 1077 πω
2948 1027 2994 1076 οἱ
3020 1025 3240 1096 ἀστέρες
3263 1026 3392 1093 (ιδ).
3425 1024 3550 1085 Πῶς
3573 1025 3704 1092 γάρ,

2136 1120 2189 1171 οἵ
2230 1135 2290 1186 γε
2325 1119 2444 1187 μηδ’
2475 1116 2816 1184 ἐγεγόνεισαν
2847 1118 2943 1187 τὴν
2972 1117 3143 1186 ἀρχὴν
3164 1119 3308 1185 (4⁸ης
3361 1118 3470 1169 Καὶ
3518 1118 3700 1172 πάλιν.

2136 1211 2221 1262 ὅτε
2276 1207 2544 1277 ἐπολέμει.
2572 1211 2684 1270 τοῖς
2746 1207 3109 1269 Γαϐαωνίταις
3161 1210 3188 1259 ὁ
3236 1205 3330 1258 τοῦ
3379 1207 3540 1275 Ναυῆ
3602 1209 3705 1275 ’1η-

2139 1302 2280 1364 σοῦς.
2316 1300 2501 1371 ἐπειδὴ
2541 1300 2790 1368 ἀκίνητος
2833 1302 2860 1351 ό
2900 1300 3049 1368 ἥλιος
3079 1299 3254 1369 ἔμεινε
3290 1300 3398 1369 (48ὶ
3431 1300 3508 1368 τῷ
3541 1317 3704 1370 προσ-

2138 1392 2371 1462 τάγματι
2403 1390 2671 1460 πεδηθεὶς,
2713 1392 2806 1443 καὶ
2842 1392 2875 1460 ἡ
2918 1390 3109 1460 σελήνη
3141 1391 3275 1442 κατά
3305 1390 3485 1460 χώραν
3531 1393 3706 1460 eia-tr}

2138 1502 2245 1544 κει,
2300 1483 2485 1553 χρόνος
2530 1483 2627 1535 οὐκ
2677 1478 2742 1553 ἦν
2794 1483 3127 1552 τηνικαῦτα;
3186 1482 3250 1533 Τί
3308 1483 3480 1535 ἐκεῖνο
3513 1479 3605 1536 οὖν
3649 1484 3705 1535 τὸ

2138 1578 2408 1647 διάστημα
2451 1577 2550 1646 τῆς
2581 1576 2788 1647 ἡμέρας
2843 1575 3115 1644 εἴπωμεν;
3164 1575 3282 1627 τίνα
3334 1575 3704 1646 προσηγορίαν

2141 1671 2480 1738 ἐπινοήσεις;
2526 1670 2587 1720 Ei
2625 1669 2733 1737 γὰρ
2772 1669 2804 1737 ἠ
2841 1667 2933 1720 τοῦ
2967 1667 3072 1734 (49)
3101 1667 3288 1736 χρόνου
3330 1666 3489 1734 φύσις
3523 1667 3706 1719 ἐπιλε-

2140 1760 2334 1821 λοίπει,
2366 1756 2498 1809 αίὼν
2530 1756 2843 1825 ἀντεισῆλθε
2877 1755 3146 1825 δηλονότι.
3191 1753 3368 1806 Αίῶνα
3412 1755 3469 1806 δὲ
3513 1756 3706 1824 μικρὸν

480 1843 638 1914 233
689 1853 896 1912 partem
943 1845 1231 1914 appellare.
1284 1861 1442 1914 quem
1505 1848 1786 1902 dementia:
1832 1852 2044 1901 modum

2153 1849 2356 1919 ἡμέρας
2397 1850 2559 1918 μέρος
2588 1846 3012 1918 προσαγορεύειν
3043 1846 3160 1899 τίνα
3187 1846 3282 1915 τῆς
3317 1846 3502 1907 ἀνοίας
3545 1847 3707 1915 ὑπερ-

482 1951 586 1986 non
611 1936 873 2002 superat?
909 1935 1036 2002 Sed,
1073 1953 1191 2006 qua:
1221 1938 1386 1992 multa
1423 1949 1506 1992 est
1541 1937 1655 2007 ejus
1684 1939 1924 2004 solertia,
1951 1956 2043 2008 pu-

483 2035 600 2078 tare
644 2024 877 2091 videtur,
905 2025 1044 2080 diem
1090 2042 1155 2079 ae
1203 2038 1413 2082 noctem
1445 2030 1558 2082 lieri
1587 2030 1831 2098 quapiam
1866 2029 2046 2082 stella-

481 2134 597 2170 rmn
649 2119 886 2173 motione
932 2119 998 2172 ad
1042 2120 1356 2189 qualitatem
1392 2123 1713 2188 pertinente,
1741 2130 1902 2190 atque
1949 2123 2046 2174 has

480 2223 601 2263 esse
627 2211 880 2278 temporis
905 2221 1115 2279 partes:
1139 2212 1277 2264 unde
1303 2221 1510 2281 tempus
1541 2213 1730 2266 statuit
1757 2214 2044 2280 quemdam

481 2315 603 2355 esse
661 2301 934 2356 stellarum
995 2311 1196 2355 motum
1229 2303 1486 2370 qualitate
1531 2306 1846 2373 praeditum,
1880 2319 1949 2358 ne
1991 2306 2045 2358 id

481 2392 699 2460 quidem
745 2396 889 2461 quod
937 2394 1064 2447 dicit
1103 2393 1424 2464 intelligens.
1479 2394 1594 2450 Non
1649 2396 1791 2450 enim
1843 2405 2045 2450 motum

483 2485 738 2553 qualitate
767 2485 1047 2553 praeditum
1068 2522 1086 2548 ,
1120 2486 1211 2540 sed
1243 2484 1538 2556 quantitat'e
1571 2488 1844 2548 donatum,
1881 2490 1925 2541 si
1964 2496 2046 2540 ta-

486 2593 604 2633 men
633 2578 702 2631 ita
734 2577 876 2646 loqui
907 2577 988 2632 fas
1011 2580 1309 2644 eSt,dicere
1335 2581 1503 2649 magis
1522 2579 1892 2634 conveniebat.
1918 2580 2049 2646 Quis

486 2672 625 2725 enim
673 2671 752 2726 sic
794 2672 1014 2725 omnino
1046 2687 1178 2740 puer
1218 2680 1303 2726 est
1353 2683 1551 2739 mente,
1588 2681 1647 2725 ut
1675 2673 1880 2742 ignoret
1909 2673 2046 2738 dies,

485 2762 671 2824 horas,
700 2775 932 2826 menses,
963 2776 1152 2825 annos,
1176 2761 1432 2830 temporis
1463 2777 1762 2824 mensuras,
1797 2777 1900 2814 non
1930 2776 2049 2830 par-

487 2865 568 2908 tes
607 2852 1027 2921 essei'l'empus
1073 2863 1249 2907 autem
1301 2854 1534 2921 spatium
1569 2861 1674 2915 est,
1707 2852 1848 2920 quod
1899 2868 2050 2921 teque

485 2945 789 2999 extenditur
817 2955 978 3012 atque
1005 2944 1116 3012 ipsa
1139 2943 1319 2998 mundi
1340 2944 1658 2997 constitutio
1681 2962 1696 2998 :
1721 2959 1826 3012 quo
1850 2954 2050 2996 motum

487 3049 699 3088 omnem
731 3034 844 3090 sive
884 3033 1180 3096 stellarum,
1214 3035 1326 3088 sive
1360 3033 1695 3095 animalium,
1729 3035 1841 3087 sive
1873 3034 2052 3101 cujus-

488 3139 698 3193 cunque
727 3124 803 3178 rei
828 3139 947 3192 qua:
969 3134 1233 3185 movetur,
1263 3123 1616 3188 admetimur,
1643 3131 1801 3192 prout
1823 3123 2051 3176 dicimus

489 3217 632 3270 aliud
672 3216 778 3272 alio
820 3216 1054 3270 velocius
1092 3225 1185 3269 aut
1227 3216 1430 3270 tardius
1468 3230 1629 3270 esse:
1664 3214 1898 3270 velocius
1933 3215 2053 3283 qni-

490 3312 630 3370 dem,
661 3309 711 3362 id
736 3310 877 3378 quod
901 3309 1108 3362 minore
1137 3317 1374 3376 tempore
1401 3307 1517 3377 plus
1545 3307 1806 3376 percurrit
1847 3307 2002 3375 spatii
2034 3323 2048 3372 ;

494 3401 696 3454 tardius
718 3415 866 3463 vero,
883 3401 1023 3469 quod
1055 3400 1230 3454 minus
1257 3399 1499 3468 longiore
1525 3410 1764 3468 tempore
1787 3409 2048 3452 movetur.

495 3491 786 3546 Eunomius
815 3506 942 3547 vero
969 3492 1219 3562 quoniam
1253 3493 1305 3547 in
1361 3503 1598 3561 tempore
1623 3492 1788 3546 stellae
1832 3503 2051 3542 moven-

495 3596 600 3648 tur,
631 3585 882 3653 temporis
911 3585 1052 3652 ipsas
1073 3599 1192 3640 esse
1215 3585 1434 3652 opiﬁces
1469 3582 1797 3652 pronuntiat.
1825 3580 2054 3633 Proinde

491 3692 553 3728 ex
588 3676 968 3743 sapientissimi
1007 3677 1148 3731 illius
1186 3677 1474 3740 sententia,
1515 3677 1766 3745 quoniam
1814 3672 2057 3728 scarabei

492 3783 704 3838 quoque
739 3769 791 3822 in
825 3778 1063 3840 tempore
1094 3781 1398 3835 moventur,
1439 3768 1826 3824 constituamus
1852 3776 2056 3832 tempus

496 3860 653 3914 talem
695 3863 979 3930 quamdam
1022 3863 1312 3917 motionem
1347 3876 1468 3916 esse
1514 3862 1933 3914 scarabeorum:
1970 3865 2054 3910 et-

493 3953 634 4006 enim
668 3955 810 4020 quod
837 3955 996 4017 dixit,
1033 3955 1084 4007 id
1137 3955 1204 4009 ab
1240 3955 1339 4007 hoc
1374 3952 1500 4006 nihil
1548 3948 1745 4012 dilI‘ert,
1780 3948 2052 4001 nominum

496 4045 750 4112 dignitate
776 4055 1015 4114 excepta.
1042 4046 1106 4100 Et
1141 4046 1252 4099 haec
1273 4045 1486 4112 quidem
1507 4042 1581 4096 ita
1611 4056 1670 4094 se
1696 4039 1911 4093 habent.
1927 4037 2054 4102 Quae

494 4145 668 4188 autem
708 4147 1002 4203 sequuntur
1021 4179 1036 4200 ,
1061 4137 1412 4191 considerate.

565 4227 654 4280 Ἡ.
688 4228 816 4282 Eun.
843 4230 1022 4295 Atqui,
1053 4228 1242 4297 inquit,
1279 4242 1345 4280 ne
1378 4227 1490 4280 ﬁeri
1523 4226 1736 4294 quidem
1775 4233 1966 4292 potest,
1997 4233 2054 4277 ut

550 4341 565 4373 ³
598 4341 729 4396 Gen.
760 4357 796 4407 ι,
831 4343 1015 4398 H-i9.
1090 4346 1112 4376 ⁸
1145 4341 1256 4398 Jos.
1294 4357 1358 4404 χ,
1410 4342 1492 4404 12,
1517 4341 1601 4396 15.

567 4433 676 4498 (45)
719 4432 809 4487 Sic
844 4434 963 4487 libri
999 4443 1239 4494 veteres;
1273 4430 1399 4485 editi
1430 4429 1838 4500 κοσμογένειαν.
1874 4441 1881 4458 ’

566 4503 673 4572 (i6)
716 4503 852 4557 Editi
885 4517 1166 4572 operarum
1187 4501 1404 4572 incuria
1428 4499 1501 4553 Οὐ
1537 4499 1645 4572 γάρ
1671 4500 1880 4554 ἐκινοῦν
1911 4502 2058 4571 τόπῳ

495 4570 580 4624 οἱ.
609 4570 834 4627 (lodices
881 4570 985 4626 duo
1032 4570 1306 4625 ἐκινοῦντό
1357 4588 1460 4623 πω.
1511 4571 1613 4622 Alii
1661 4573 1877 4639 quidam
1927 4570 2056 4626 mss.

497 4641 769 4695 ἐκινοῦντό
800 4661 934 4705 πως.
968 4641 1168 4696 Ibidem
1197 4642 1412 4694 codices
1446 4640 1548 4692 duo
1574 4641 1621 4690 οἱ
1659 4641 1812 4709 μηδέ.

567 4712 676 4778 (i7)
718 4712 848 4778 Πῶς
888 4711 1018 4781 γὰρ,
1050 4713 1106 4764 οἵ
1144 4728 1209 4778 γε
1237 4709 1378 4780 μηδ’
1405 4711 1789 4778 ἐγεγόνεισαν
1817 4711 1929 4777 τὴν
1962 4712 2063 4778 ἀρ-

499 4781 650 4850 χήν;
685 4782 955 4848 Quomodo
984 4784 1117 4834 enim
1150 4782 1206 4834 id
1234 4781 1348 4847 fieri
1379 4781 1651 4848 potuisset,
1681 4798 1796 4833 cum
1830 4799 1890 4834 ne
1934 4799 2060 4834 cou-

497 4854 620 4903 ttitte
652 4853 858 4920 quidem
889 4855 1095 4904 omnino
1127 4851 1338 4920 (stellae)
1370 4850 1636 4920 fuissent?

591 4918 680 4992 «5.8)
720 4921 858 4992 Editi
884 4920 1064 4992 ἔμενε.
1097 4918 1315 4992 Antiqui
1354 4930 1463 4992 tres
1503 4919 1620 4971 libri
1651 4918 1852 4992 £711.5sz.

591 4933 680 4992 4.8)
720 4933 858 4975 [sum
884 4933 1064 5043 ειὲενε.
1097 4933 1315 4985 Antiqui
1354 4933 1463 4972 tres
1503 4933 1620 4971 llDl'l
1651 4933 1852 4985 εμεινε.

568 4933 680 5060 (49)
721 4991 884 5053 Etliti,
953 4994 968 5043 i
998 4991 1105 5062 γὰρ
1121 4990 1236 5062 τοῦ.
1257 4987 1911 5062 (ξοιιίοεεμιι-θειΕἰ-γάρλὴ
1942 4989 2056 5062 τοῦς

497 5059 585 5132 alii
619 5063 743 5122 duo,
786 5062 856 5113 Ἦ
908 5062 1015 5132 γὰρ
1060 5059 1390 5132 τοῦίχρόνου
1438 5059 1597 5132 φύσις
1640 5059 1986 5119 ἐπιλελοίπει,
2031 5060 2060 5128 ἢ

499 5129 650 5192 αἰών,
677 5141 765 5184 aut
795 5134 926 5183 enim
959 5129 1200 5196 temporis
1231 5129 1422 5182 natura
1461 5130 1740 5196 defecerat,
1773 5142 1861 5182 aut
1898 5146 2061 5182 rerum

500 5202 551 5252 in
588 5200 757 5254 locum
797 5201 938 5253 illius
979 5201 1247 5254 successit.

571 5271 680 5340 (50)
719 5272 855 5324 Etliti
894 5269 1094 5339 μᾶλλον
1121 5268 1398 5340 ἄνηιλίιπί
1437 5278 1644 5322 veteres
1675 5269 1872 5340 μᾶλλον
1904 5265 1988 5340 ἦν.

571 5339 680 5407 (51)
725 5341 861 5394 Editi
889 5342 1080 5412 χρόνου
1118 5339 1397 5412 ἐστίν.ῥι
1421 5355 1551 5412 mss.
1593 5339 1747 5412 εἰσίν.

572 5411 681 5482 (52)
722 5412 813 5466 Sic
861 5407 979 5482 litiri
1023 5420 1252 5482 vetcre_s.
1304 5409 1442 5482 ΕιΙίιί
1489 5410 1526 5482 κῆ
1577 5407 2058 5482 ο-ὐτινοσοΰν.-Μοι

503 5477 630 5533 mss.
664 5477 782 5536 'tres
810 5481 868 5535 ὲν
895 5481 1157 5536 ἐλάττονι.
1186 5478 1453 5532 Particula
1484 5477 1541 5531 ἐν
1565 5479 1632 5530 ab
1651 5481 1866 5532 excusis
1889 5477 2062 5532 abest.

503 5550 739 5605 Subinde
775 5567 903 5605 mss.
941 5551 1180 5606 nonnulli
1215 5550 1490 5617 διάστημα
1525 5548 1816 5601 διαϐαῖνον.

571 5621 681 5688 (53)
723 5621 852 5688 Reg.
889 5633 1111 5689 quartus
1159 5615 1521 5690 δημιουργοὺς
1569 5620 1903 5690 ἀπεφήνατο.
1942 5615 2059 5690 Mox

499 5692 624 5742 editi
658 5693 703 5742 oi
749 5688 1094 5762 κάνθαροι....
1150 5688 1463 5761 ὁρισόμεθα.
1495 5689 1718 5743 (lodices
1765 5704 1867 5741 non
1907 5689 2058 5756 pauci

501 5772 552 5811 ut
590 5762 640 5814 in
675 5771 943 5818 contextu.

2146 1940 2307 2010 ϐολήν
2339 1939 2657 2003 ἀπολείπεις
2702 1938 2840 1990 Ἀλλ’
2872 1937 3046 1991 ἐοικεν
3088 1939 3152 1990 ἐκ
3198 1937 3398 2006 πολλῆς
3429 1938 3708 2006 ἀγχινοίας

2145 2033 2356 2102 ἡμέραν
2388 2031 2486 2100 μὲν
2510 2029 2796 2096 καὶ-νύκτα
2822 2031 2877 2082 ἐν
2898 2033 2962 2099 τῇ
2996 2033 3124 2101 ποιᾷ
3154 2029 3259 2082 τῶν
3285 2030 3528 2100 ἀστέρων
3560 2033 3708 2100 mw"-

2149 2141 2230 2176 σει
2282 2123 2523 2194 νομίζειν
2555 2122 2823 2192 γίνεσθαι,
2868 2121 3040 2176 ταῦτα
3081 2123 3136 2174 δὲ
3184 2117 3322 2175 εἶναι
3368 2121 3461 2174 τοῦ
3513 2125 3707 2193 χρόνον

2151 2217 2288 2286 μέρη
2312 2232 2324 2244 ’
2353 2214 2474 2268 ὅθεν
2509 2215 2597 2267 τὸν
2638 2215 2826 2286 χρόνον
2860 2214 3016 2267 ποιάν
3052 2231 3172 2266 τινα
3206 2213 3419 2281 κίνησιν
3463 2213 3709 2284 ἀστέρων

2149 2308 2492 2378 ἀπεφήνατο,
2541 2307 2660 2360 οὺδέ
2705 2307 2834 2360 αὐτὸ
2871 2305 3029 2359 τοῦτο
3063 2307 3238 2369 συνεὶς
3279 2306 3307 2358 ὃ
3346 2323 3398 2357 τι
3430 2306 3600 2373 λέγει.
3636 2307 3709 2357 Οὐ

2155 2402 2262 2472 γάρ
2300 2400 2480 2464 ποιὰν,
2515 2400 2627 2454 ἀλλ’
2658 2401 2815 2472 εἴπερ
2850 2400 2981 2470 ἄρα,
3027 2400 3218 2470 ποσὴν,
3263 2399 3463 2470 μᾶλλον
3492 2395 3566 2468 ἦν
3600 2401 3709 2464 (Ξθ)

2149 2494 2326 2546 εἰπεῖν
2354 2493 2698 2561 οἰκειότερον.
2743 2491 2900 2543 Ἀλλά
2942 2491 3025 2554 τίς
3073 2489 3213 2542 οὕτω
3259 2493 3385 2553 παῖς
3434 2490 3713 2550 παντελῶς

2147 2586 2245 2655 τὴν
2260 2585 2517 2649 διάνοιαν,
2537 2585 2675 2637 ὥστε
2701 2585 2933 2652 ἀγνοεῖν,
2963 2584 3042 2635 ὅτι
3071 2583 3271 2653 ἡμέραι
3297 2583 3414 2652 μέν,
3434 2583 3531 2635 καὶ
3551 2576 3709 2653 ὧραι,

2149 2678 2239 2730 καὶ
2265 2677 2452 2746 μῆνες,
2481 2677 2574 2729 καὶ
2599 2677 2852 2737 ἐνιαυτοὶ,
2883 2677 3051 2748 μέτρα
3079 2675 3170 2728 τοῦ
3188 2675 3376 2744 χρόνου
3409 2675 3550 2727 εἰσὶν
3578 2676 3708 2743 (51),

2149 2767 2267 2836 οὐχ)⁹
2299 2766 2439 2838 μέρη
2461 2783 2475 2830 ;
2511 2766 2712 2837 Χρόνος
2735 2766 2791 2818 δέ
2808 2767 2920 2816 ἐστι
2944 2765 3001 2817 τὸ
3028 2765 3624 2834 συμπαρεκτεινόμενον
3648 2768 3709 2834 τῇ

2155 2859 2412 2911 συστάσει
2464 2858 2556 2911 τοῦ
2613 2859 2820 2927 κόσμου
2849 2857 3152 2927 διάστημα·
3289 2859 3436 2910 πᾶσα
3463 2875 3710 2928 παραμε·

2150 2955 2359 3021 τρεῖται
2393 2951 2620 3020 κίνησις⁹
2656 2951 2764 3002 εἴτε
2791 2949 3050 3019 ἀστέρων,
3082 2951 3187 3002 εἴτε
3215 2949 3384 3012 ζώων,
3422 2951 3533 3002 εἴτε
3569 2953 3709 3003 οὑτι-

2152 3041 2338 3095 νοσοῦν
2374 3041 2485 3112 (52)
2519 3042 2627 3095 τῶν
2672 3044 3025 3112 κινουμένων,
3055 3041 3188 3094 καθὸ
3213 3041 3440 3112 λέγομεν
3479 3042 3709 3112 ταχύτε-

2157 3150 2247 3204 ρον
2280 3134 2312 3203 ἢ
2354 3132 2676 3204 βραδύτερον
2703 3133 2887 3204 ἕτερον
2919 3132 3100 3203 ἐτέρου
3121 3150 3132 3161 °
3180 3132 3473 3202 ταχύτερον
3518 3133 3618 3201 μὲν
3653 3133 3711 3183 τὸ

2155 3225 2214 3277 ἐν
2248 3224 2486 3276 ἐλάττονι
2507 3224 2680 3295 χρόνῳ
2714 3223 2893 3278 πλεῖον
2925 3224 3192 3294 διάστημα
3215 3223 3557 3292 μεταϐαῖνον,
3590 3223 3712 3292 ﬁga-

2154 3314 2374 3385 δύτερον
2406 3315 2462 3367 δὲ
2496 3315 2556 3367 τὸ
2591 3315 2810 3368 ἔλαττον
2851 3317 2908 3368 ἐν
2945 3315 3141 3368 πλείονι
3170 3314 3342 3385 χρόνῳ
3375 3315 3705 3384 κινούμενον.

2167 3405 2225 3457 Ὀ
2253 3405 2327 3467 δὲ,
2369 3406 2552 3476 ἐπειδὴ
2588 3407 2644 3456 ἐν
2663 3407 2838 3476 χρόνῳ
2864 3408 2913 3458 oi
2950 3406 3173 3473 ἀστέρες
3205 3404 3496 3466 κινοῦνται,
3523 3407 3710 3475 χρόνου

2157 3497 2352 3558 αὐτοὺς
2388 3494 2522 3548 εἶναι
2556 3497 2915 3567 δημιουργοὺς
2949 3496 3297 3565 ἀποφαίνεται
3339 3495 3470 3564 (53).
3507 3497 3712 3548 Οὑκῡῦν

2157 3587 2298 3640 κατά
2318 3591 2407 3642 τὸν
2430 3588 2523 3641 τοῦ
2560 3589 2872 3658 σοφωτάτου
2897 3590 3069 3656 λόγον,
3111 3589 3295 3658 ἐπειδὴ
3327 3591 3419 3641 καὶ
3453 3590 3712 3660 κάνθαροι

2161 3681 2218 3731 ἐν
2243 3681 2413 3751 χρόνῳ
2439 3681 2726 3742 κινοῦνται,
2748 3680 3055 3751 ὁρισώμεθα
3081 3681 3167 3732 τὸν
3190 3680 3372 3750 χρόνον
3396 3676 3534 3732 εἶναι
3559 3683 3713 3733 ποιάν

2159 3789 2278 3825 τινα
2316 3773 2601 3842 κανθάρων
2646 3773 2886 3841 κίνησιν’
2923 3771 3072 3823 οὐδὲν
3105 3771 3210 3840 γάρ
3242 3771 3428 3824 τούτου
3475 3773 3537 3824 τὸ
3586 3777 3714 3843 παρ’

2160 3863 2323 3916 αὑτοῦ
2381 3863 2571 3932 λεχθὲν
2619 3863 2884 3934 διαφέρει,
2935 3861 3070 3932 πλὴν
3103 3863 3198 3931 τῆς
3248 3864 3574 3933 σεμνότητος
3608 3864 3716 3915 τῶν

2158 3955 2456 4024 ὀνομάτων.
2491 3955 2598 4007 Καὶ
2627 3953 2798 4006 ταῦτα
2847 3954 2943 4024 μὲν
2971 3952 3210 4019 τοιαῦτα,
3250 3955 3518 4022 σκέψασθε
3554 3957 3610 4008 δέ
3649 3958 3716 4008 τὰ

2158 4046 2376 4115 ἐφεξῆς.

2227 4226 2315 4280 22.
2351 4224 2509 4278 ΕΥΝ.
2545 4224 2702 4277 Ἀλλά
2735 4226 2840 4294 μὴν
3033 4228 3213 4297 φησιν,
3247 4225 3362 4278 οὐδὲ
3391 4223 3716 4293 ἐνυπάρχειν

2233 4429 2344 4496 (54)
2384 4428 2498 4502 Illa,
2544 4429 2703 4502 Ἀλλά
2754 4433 2860 4502 μήν
2889 4441 3016 4488 etc...
3055 4430 3347 4502 itaiLatine
3377 4429 3607 4502 reddens
3638 4432 3718 4480 in-

2165 4510 2392 4566 terpres,
2422 4499 2598 4566 Atqui,
2647 4499 2840 4568 inquit,
2889 4518 2949 4554 ne
2980 4503 3032 4552 id
3061 4501 3262 4570 quidem
3292 4500 3405 4565 ﬁeri
3442 4510 3626 4560 potest,
3659 4511 3714 4548 nt

2164 4570 2333 4634 forma
2362 4570 2640 4634 qua'pt'mn,
2693 4571 2768 4621 vel
2814 4572 3092 4629 crassitics.
3138 4570 3212 4622 vel
3250 4570 3514 4631 quantitas
3563 4570 3629 4620 sit
3663 4571 3716 4619 in

2163 4639 2452 4692 substantia
2504 4638 2619 4702 Dei,
2665 4640 2770 4691 vim
2819 4642 2964 4694 vocis
3014 4635 3122 4692 οἷον
3164 4653 3264 4690 non
3306 4638 3436 4688 satis
3465 4640 3711 4689 attendit.

2164 4707 2437 4774 Suspicari
2483 4707 2709 4762 fortasse
2737 4711 2901 4776 possit
2939 4711 3199 4777 quiSpiam
3228 4723 3348 4760 cum
3375 4709 3492 4777 viro
3516 4709 3716 4760 (ἰοί-ιίς-

2165 4780 2300 4832 simu
2357 4775 2879 4838 (Zombcﬁsio,lta:c
2933 4775 3075 4831 dicta
3127 4778 3289 4830 fuisse
3340 4775 3714 4838 ἐλλειπτικὼς,

2164 4861 2453 4910 vocemque
2512 4848 2638 4901 Υἱόν
2693 4849 3108 4901 subaudieudam
3169 4862 3302 4901 esse.
3361 4847 3460 4898 hoc
3514 4853 3712 4896 modo:

2163 4918 2280 4970 οὐδὲ
2310 4915 2529 4989 δυνατὸν
2552 4917 2642 4969 τὸν
2659 4916 2804 4989 ᾼΥἱὸν
2849 4918 3168 4989 ἐνυπάρχειν
3194 4919 3258 4985 τῇ
3284 4915 3459 4989 οὐσία,
3485 4925 3590 4989 etc.
3621 4917 3716 4989 ,μέ

2164 4990 2269 5056 qui,
2311 4987 2502 5053 inquit;
2545 5004 2605 5040 ue
2635 4987 2751 5053 ﬁeri
2802 4972 3303 5054 quidcm'p’otest,‘itt
3336 4972 3505 5036 Filias
3531 4986 3586 5036 in
3621 4984 3715 5037 Dei

2165 5057 2457 5108 substantia
2489 5059 2706 5109 exsistat
2745 5066 2991 5124 tanquam
3039 5058 3228 5122 forma,
3273 5067 3359 5106 aut
3392 5057 3574 5117 moles,
3609 5067 3714 5105 etc.

2165 5128 2361 5181 Fateor
2387 5127 2603 5192 quidem
2653 5127 2792 5179 hanc
2824 5127 3183 5191 conjecturam
3224 5125 3478 5190 optimam
3520 5125 3713 5180 videri.

2164 5209 2324 5263 atque
2378 5197 2444 5246 ad
2492 5198 2632 5249 hunc
2681 5195 2852 5248 locum
2905 5196 3057 5248 facile
3093 5193 3483 5247 acrtmimodari
3517 5208 3713 5256 posse:

2165 5265 2415 5332 quoniam
2468 5274 2645 5318 tamen
2699 5267 2834 5332 apud
2864 5267 3036 5317 virum
3082 5263 3498 5316 eruditissimum
3529 5263 3717 5316 Fabri-

2165 5339 2326 5393 cium.
2365 5338 2455 5402 qui
2493 5334 2684 5386 librum
2715 5335 2959 5385 Eunovnii
2991 5348 3156 5400 nuper
3184 5333 3368 5388 edidit,
3407 5332 3477 5382 ita
3511 5334 3715 5402 editum

2165 5400 2484 5464 invenimus,
2526 5404 2683 5474 Ἀλλά
2721 5405 2826 5474 μὴν
2859 5405 2978 5457 οὑδέ
3008 5403 3325 5473 ἐνυπάρχειν
3347 5419 3397 5452 τι
3425 5400 3598 5473 ταύτῃ
3625 5401 3713 5474 οὔτ

2166 5476 2254 5544 σίᾳ
2294 5475 2514 5526 δυνατὸν
2553 5469 2662 5544 οἷον
2702 5469 2836 5537 εἶδος
2867 5486 2996 5536 etc,
3034 5469 3521 5544 lianc‘st‘ripturam
3568 5469 3715 5528 14mm

2163 5539 2333 5597 satius
2383 5545 2537 5597 duco.
2588 5543 2651 5596 Et
2697 5556 2841 5598 et'rte
2886 5546 2985 5598 hoc
3033 5555 3270 5596 nostrum
3315 5539 3575 5606 judicium
3616 5556 3716 5589 non

2165 5631 2349 5681 parum
2384 5612 2615 5680 adjuvat.
2664 5614 2804 5682 quod
2857 5613 2906 5664 in
2943 5613 3247 5666 Colbertiuo
3274 5609 3500 5682 codice,
3534 5611 3628 5682 qui
3665 5618 3722 5658 et

2167 5687 2277 5749 ipse
2303 5684 2442 5734 inter
2467 5692 2658 5736 (uetera
2684 5681 2816 5750 opus
2839 5683 3080 5736 Eunomii
3114 5681 3508 5747 complectitur,
3533 5681 3720 5750 eodem

2172 5745 2322 5819 plane
2356 5754 2509 5807 modo
2546 5745 2805 5824 scriptum
2838 5756 2926 5817 sit,
2953 5754 3050 5807 nisi
3079 5753 3215 5821 quod
3239 5745 3302 5803 in
3336 5751 3448 5817 ipso
3479 5764 3576 5817 pro
3603 5745 3721 5798 οὖδέ
