3978 6410
236 407 333 465 561

1329 423 1696 480 ADVERSUS
1735 427 2094 486 EUNOMIUM
2134 420 2260 488 me.
2301 432 2342 488 ι.

3361 445 3466 500 562

233 539 290 577 τι
321 527 386 594 τῇ
417 525 575 597 οὐσίᾳ
604 527 696 580 τοῦ
729 528 862 582 Θεοῦ
889 531 1130 599 δυνατὸν,
1165 531 1274 590 οἷον
1300 533 1458 602 εἶδος,
1492 541 1524 610 ἢ
1559 541 1742 610 ὄγκον,
1768 543 1789 594 i

1905 549 2194 617 quidquam
2225 550 2276 603 in
2318 549 2412 605 Dei
2458 550 2750 607 substantia
2800 552 3215 619 exsistat,velut
3266 557 3464 628 forma,

236 617 593 688 πηλικότητα,
633 619 720 673 διὰ
751 623 811 674 τὸ
842 625 1014 697 πάντη
1043 629 1316 700 συνθήκης
1353 630 1634 704 ἐλεύθερον
1661 631 1797 687 εἶναι

232 707 324 758 τὸν
351 707 502 762 Θεόν.
535 710 594 762 Εἰ
619 711 675 764 δὲ
701 712 901 768 τούτων
925 718 1015 770 καὶ
1039 719 1145 771 τῶν
1173 723 1426 776 τοιούτων
1451 742 1500 776 τι
1528 725 1636 795 (55)
1660 728 1797 797 μήτε

231 797 352 850 ἐστὶ
382 799 518 870 μήτε
560 803 688 854 ποτὲ
720 804 915 871 γένοιτ’
947 807 1010 860 ἀν
1041 809 1234 878 εὐαγὲς
1281 813 1560 882 ἐπινοῆσαι
1588 831 1797 884 συμπε-

233 890 538 960 πλεγμένον
564 897 629 964 τῇ
657 896 812 967 οὐσίᾳ
834 899 926 951 τοῦ
960 899 1093 953 Θεοῦ
1127 901 1260 971 (56),
1296 906 1446 968 ποῖος
1475 904 1555 957 ἔτι
1578 923 1793 976 συγχω-

235 983 393 1051 ρήσει
425 983 580 1052 λόγος
619 988 756 1056 πρὸς
782 991 880 1059 τὴν
907 992 1198 1061 ἀγέννητον
1227 996 1444 1066 ὁμοιοῦν
1481 998 1578 1068 τὴν
1607 1015 1796 1070 γεννη-

229 1075 366 1143 τήν;
392 1076 489 1146 τῆς
523 1080 641 1131 κατ’
669 1082 854 1135 οὐσίαν
887 1084 994 1154 (57)
1024 1088 1407 1160 ὁμοιότητος,ῆ
1440 1091 1792 1162 συγκρίσεως,

228 1164 263 1234 ἢ
309 1169 612 1233 κοινωνίας,
664 1174 930 1244 μηδεμίαν
969 1177 1241 1250 ὑπεροχὴν
1276 1181 1306 1250 ἣ
1340 1180 1595 1254 διαφορὰν
1627 1201 1794 1237 κατα-

226 1258 514 1330 λιπούσης,
563 1265 781 1335 ίσότητα
810 1267 863 1319 δὲ
907 1269 1088 1336 σαφῶς
1123 1272 1515 1343 ἐργαζομένης,
1568 1275 1702 1344 μετὰ
1738 1277 1794 1329 δὲ

225 1351 329 1420 τῆς
362 1351 602 1422 ἰσότητος
637 1356 930 1427 ἀγέννητον
960 1360 1363 1434 ἀποφαινούσης
1388 1365 1478 1416 τὸν
1505 1365 1795 1436 ὁμοιούμε-

225 1457 341 1502 νον,
373 1443 403 1513 ἢ
436 1448 877 1517 συγκρινόμενον.
920 1451 1104 1514 Οὐδεὶς
1137 1453 1192 1505 δὲ
1232 1453 1402 1518 οὕτως
1431 1454 1542 1526 (58)
1571 1459 1794 1530 ἀνόητος

225 1535 323 1584 καὶ
373 1535 505 1603 πρὸς
555 1538 806 1592 ἀσέϐειαν
834 1541 1122 1616 τολμηρὸς,
1167 1543 1304 1597 ὥστε
1360 1545 1470 1598 ἴσον
1504 1550 1676 1600 εἰπεῖν
1716 1550 1791 1620 τῷ

227 1625 404 1694 lla-:91
431 1627 521 1679 τὸν
553 1629 696 1691 Υἱὸν,
727 1632 890 1685 αὐτοῦ
915 1635 1006 1685 τοῦ
1038 1636 1240 1706 Κυρίου
1285 1637 1581 1710 διαρρήδην
1616 1641 1789 1694 εἰπόν-

224 1734 336 1778 τος·
385 1719 436 1770 '0
476 1723 675 1790 Πατὴρ
713 1727 744 1777 ὁ
791 1725 1032 1794 πέμψας
1090 1746 1165 1797 με
1199 1731 1409 1797 μείζων
1442 1751 1559 1800 μου
1620 1733 1786 1785 ἐστί’

226 1808 323 1858 καὶ
358 1808 515 1861 πάλιν
566 1813 682 1880 μετ’
713 1813 887 1882 ὀλίγα.
935 1814 1069 1868 Ἀλλ’
1095 1818 1176 1870 ὅτι
1223 1820 1320 1889 μὲν
1352 1815 1432 1884 οἷς
1462 1823 1489 1872 ὁ
1519 1822 1627 1875 τῶν
1655 1825 1790 1878 πάν-

1904 653 1994 695 aut
2030 642 2222 707 moles,
2262 652 2353 696 aut
2378 644 2668 711 quantitas,
2705 645 2844 713 quod
2895 647 3282 716 compositione
3318 650 3463 704 omni

1900 749 2119 803 prorsus
2160 735 2415 788 immunis
2453 743 2536 788 est
2577 735 2732 789 Deus.
2773 736 2923 802 Quod
2953 738 2996 790 si
3028 734 3260 806 cogitare
3294 752 3466 807 neque

1898 824 1982 878 las
2010 833 2111 890 est,
2147 840 2318 892 neque
2349 840 2583 894 unquam
2614 825 2793 889 fuerit,
2817 828 3002 880 horum
3032 837 3086 880 et
3106 825 3286 881 talium
3309 828 3465 897 quid-

1900 933 2058 986 quam
2092 933 2212 971 cnm
2248 920 2339 971 Dei
2376 918 2674 972 substantia
2708 919 3078 988 complicatum
3113 933 3232 974 esse
3267 937 3282 982 ;
3313 934 3462 989 qua:-

1902 1024 2024 1062 nam
2063 1010 2237 1064 adhuc
2272 1011 2407 1064 ratio
2443 1012 2602 1074 sinet,
2646 1019 2702 1064 ut
2743 1027 2861 1065 cum
2900 1011 3193 1066 substantia
3229 1012 3463 1077 ingenita

1899 1101 2132 1168 genitam
2196 1100 2590 1159 conferamus?
2625 1103 2820 1172 quippe
2877 1119 2938 1157 ea
2996 1119 3114 1172 qua:
3169 1105 3460 1159 secundum

1900 1193 2256 1248 substantiam
2305 1205 2386 1248 est
2433 1195 2884 1258 similitudo,sive
2942 1196 3304 1263 comparatio,
3349 1195 3462 1249 sive

1896 1285 2225 1350 communio,
2259 1285 2457 1338 nullam
2496 1287 2860 1354 przestantiani
2889 1295 2978 1340 aut
3002 1286 3352 1341 dilTereutiam
3385 1303 3463 1342 re-

1893 1375 2121 1444 linquit,
2149 1377 2254 1430 ituo
2298 1378 2656 1445 aequalitatem
2700 1390 2882 1448 aperte
2926 1378 3118 1444 edicit;
3150 1387 3308 1447 atque
3336 1395 3458 1434 cum

1893 1469 2200 1534 :cqualitate
2252 1469 2544 1539 ingenitum
2593 1472 2921 1524 demonstrat
2953 1487 3096 1535 eum,
3126 1472 3214 1539 qui
3241 1473 3456 1527 assimi-

1894 1559 2052 1621 Ι.ιιιιι·,
2077 1560 2155 1614 vel
2188 1572 2555 1628 comparatur.
2593 1561 2760 1616 Nemo
2800 1573 2974 1616 autem
3013 1564 3082 1616 ita
3125 1573 3205 1617 est
3234 1567 3459 1622 stolidus

1892 1661 1944 1703 ct
1969 1650 2034 1703 ad
2065 1651 2398 1719 impietatem
2441 1653 2640 1709 audax.
2673 1653 2761 1720 qui
2791 1653 3048 1722 a-qualcm
3087 1653 3229 1708 Patri
3263 1656 3456 1710 Filium

1891 1742 2056 1802 dicat,
2091 1758 2213 1795 cum
2246 1741 2503 1797 Dominus
2535 1743 2651 1811 ipse
2683 1744 2854 1812 palam
2893 1746 3088 1799 dixerit
3118 1763 3130 1799 :
3162 1744 3323 1799 Pater
3367 1751 3458 1816 qui

1890 1849 1968 1884 me
2007 1833 2167 1894 misit,
2197 1835 2366 1904 major
2400 1851 2478 1887 me
2507 1845 2577 1888 est
2600 1835 2638 1888 ³.
2659 1835 2723 1888 Ει
2760 1851 2945 1889 rursus
2975 1837 3132 1904 paulo
3161 1848 3297 1906 post.
3329 1837 3454 1902 Sed,

222 1915 334 1951 των
356 1899 485 1963 Θεὸς
513 1903 805 1974 ἀγέννητος
835 1908 926 1958 καὶ
950 1908 1298 1980 ἀσύγκριτος,
1337 1912 1592 1966 πλειόνων
1623 1915 1789 1967 ὄντων

1894 1922 2072 1976 missis
2125 1923 2384 1991 pluribus,
2420 1939 2480 1978 ea
2523 1940 2641 1994 qua:
2685 1927 2918 1982 diximus
2955 1929 3108 1994 satis,
3165 1939 3328 1997 puto,
3361 1932 3454 1984 de-

222 1991 337 2042 τῶν
390 1995 936 2067 παραλελειμμένων,
989 2001 1236 2072 ἀποχρῆν
1286 1993 1524 2077 ἡγοῦμαι
1580 2008 1672 2059 καὶ
1725 2008 1792 2061 τὰ

226 2084 460 2153 ῥηθέντα
494 2089 624 2157 πρὸς
647 2091 932 2155 ἀπόδειξιν.
1411 2115 1416 2118 ’

297 2176 444 2230 ΒΛΣ.
485 2180 651 2233 Ὅταν
683 2184 824 2247 τινὸς
849 2185 1113 2240 ἅπτεσθαι
1153 2187 1316 2259 μέλλῃ
1351 2191 1584 2261 πονηροῦ
1611 2191 1788 2258 λόγου,

222 2269 600 2338 προλαμϐάνει
635 2273 744 2344 (59)
800 2279 921 2331 τινὰ
973 2281 1395 2351 συγχωρούμενα
1455 2283 1604 2354 παρά
1653 2284 1788 2336 πάν-

220 2379 354 2424 των,
380 2364 467 2418 ἵνα
497 2365 584 2417 διὰ
607 2367 704 2438 τῆς
735 2369 792 2422 ὲν
816 2371 1022 2435 τούτοις
1049 2374 1463 2446 εὐγνωμοσύνης
1499 2378 1631 2447 μηδὲ
1666 2379 1791 2448 περὶ

221 2457 332 2507 τῶν
368 2456 568 2514 λοιπῶν
598 2463 913 2534 ἀπιστῆται.
949 2467 1113 2520 Οὐδὲν
1174 2469 1307 2538 (60),
1344 2470 1525 2540 φησὶν,
1572 2466 1680 2524 οἷόν
1732 2489 1790 2525 τε

221 2549 551 2621 ἐνυπάρχειν
574 2554 665 2606 τοῦ
683 2556 816 2609 Θεοῦ
846 2561 911 2629 τῇ
939 2561 1114 2630 οὐσίᾳ,
1133 2561 1255 2614 οὐτε
1278 2558 1431 2627 εἶδος,
1457 2563 1576 2616 οὔτε
1605 2564 1785 2632 ὄγκον,

220 2642 347 2694 οὒτε
377 2644 735 2717 πηλικότητα,
782 2649 869 2704 διὰ
901 2651 960 2703 τὸ
1002 2652 1176 2724 πάντη
1210 2655 1480 2725 συνθήκης
1511 2655 1786 2727 ἐλεύθερον

221 2729 362 2785 εἶναι
395 2734 484 2787 τὸν
524 2736 673 2791 Θεόν.
711 2740 884 2810 Μέχρι
915 2743 1114 2795 τούτων
1139 2747 1284 2797 ἐστὶν
1313 2744 1623 2815 εὐγνώμων·
1655 2747 1711 2798 ὲν
1735 2748 1790 2800 δὲ

220 2826 336 2886 τοῖς
363 2824 488 2895 ἑξῆς
522 2829 600 2889 εἰς
628 2830 812 2882 ἑαυτὸν
838 2832 1156 2903 ἐπανῆλθεν,
1206 2836 1300 2908 Ὠς
1332 2837 1439 2907 γὰρ
1481 2838 1788 2904 ἀναγκαίως

220 2916 336 2976 τοῖς
349 2918 751 2985 προεκτεοεῖσιν
773 2923 1041 2994 ἑπομένην
1073 2927 1168 2997 τὴν
1204 2927 1547 3000 βλασφημίαν
1577 2932 1792 2982 ἐπισυν-

222 3002 407 3068 άπτει,
471 3004 664 3074 λέγων·
696 3011 757 3062 Εί
809 3012 864 3064 δὲ
903 3013 1103 3066 τούτων
1140 3015 1233 3068 καὶ
1284 3014 1391 3066 τῶν
1441 3015 1692 3068 τοιούτων
1738 3033 1787 3067 τι

227 3097 367 3166 μήτε
419 3098 556 3163 ἐστὶ,
603 3102 857 3171 μηδέποτ’
890 3104 954 3157 ἂν
1009 3106 1216 3173 γένοιτο
1267 3106 1462 3171 εὐαγὲς
1506 3107 1814 3176 ἐπινοῆσαι

224 3190 712 3260 συμπεπλεγμένον
740 3196 802 3265 τῇ
822 3195 994 3265 οὐσίᾳ,
1024 3195 1106 3260 τίς
1130 3197 1640 3268 συγχωρήσειλόγος
1674 3199 1782 3270 (61)

223 3280 363 3352 πρὸς
394 3281 490 3353 τὴν
537 3284 826 3355 ἀγέννητον
874 3288 1090 3358 ὁμοιοῦν
1139 3291 1235 3362 τὴν
1288 3292 1584 3362 γεννητήν;
1621 3291 1782 3343 Ποίαν

221 3374 543 3429 ἀκολουθίαν
567 3377 677 3447 ἔχει
692 3378 860 3432 ταῦτα
878 3382 1010 3452 πρὸς
1027 3383 1248 3454 ἄλληλα,
1267 3387 1315 3436 εί
1339 3383 1627 3447 ἀσύνθετός
1645 3386 1788 3436 ἐστιν

218 3468 250 3518 ὁ
296 3467 448 3530 Θεὸς,
484 3469 828 3522 ἀνεπίδεκτον
863 3467 998 3525 εἶναι
1035 3474 1124 3526 τὸν
1153 3475 1278 3527 Υἰὸν
1311 3474 1411 3544 τῆς
1439 3474 1576 3546 πρὸς
1625 3474 1788 3526 αὐτὸν

222 3559 580 3630 ὁμοιότητος;
613 3562 746 3614 Εἰπὲ
775 3563 880 3632 γάρ
901 3580 912 3593 ⁸
947 3566 1065 3634 οὐχί
1106 3566 1161 3618 δὲ
1191 3566 1284 3619 καὶ
1319 3567 1381 3618 σὺ
1411 3567 1497 3620 τὸν
1529 3567 1653 3620 Υίὸν
1684 3585 1789 3621 πα-

230 3651 548 3720 ραπλησίως
581 3655 724 3723 ἐρεῖς
755 3657 889 3725 μήτε
919 3652 1076 3719 εἶδος,
1116 3658 1251 3728 μήτε
1285 3657 1447 3726 ὄγκον
1487 3659 1620 3729 (62),
1654 3661 1788 3730 μήτε

223 3747 564 3818 πηλικότητά
615 3751 756 3820 ἔχειν
793 3755 848 3806 έν
896 3754 1106 3824 ἐαυτῷ,
1145 3756 1236 3806 καὶ
1292 3756 1463 3825 πάντη
1522 3753 1789 3826 συνθήκης

222 3840 510 3910 ἐλεύθερον
545 3837 715 3910 εἶναι,

296 4021 385 4075 25.
430 4019 571 4091 Ἐγὼ
609 4024 706 4094 μὲν
739 4025 844 4098 γὰρ
877 4029 995 4080 οὐδὲ
1028 4047 1261 4098 μανεντα
1302 4048 1359 4084 σε
1390 4032 1630 4104 ἡγοῦμαί
1661 4050 1788 4087 ποτε

221 4116 518 4184 τολμήσειν
545 4117 671 4170 ἄλλο
699 4137 748 4171 τι
782 4123 954 4174 εἰπεῖν
996 4123 1087 4176 τὸν
1117 4124 1242 4176 Υίὸν
1274 4125 1306 4195 ἢ
1355 4125 1642 4196 ἀσώματον
1697 4130 1789 4181 καὶ

228 4203 470 4257 ἀνείδεον
499 4206 594 4258 καὶ
645 4209 1067 4280 ἀσχημάτιστον,
1102 4215 1196 4266 καὶ
1241 4216 1416 4268 πάντα
1466 4218 1671 4289 ὅσαπερ
1723 4219 1788 4272 ἂν

227 4296 321 4348 ἐπὶ
346 4297 437 4348 τοῦ
485 4299 693 4368 Πατρὺς
721 4300 912 4365 εἴποις.
949 4303 1072 4366 Πῶς
1097 4300 1189 4358 οὖν
1219 4306 1317 4358 οὐκ
1343 4307 1560 4370 εὐσεϐὲς
1594 4309 1682 4361 τὸν
1714 4309 1787 4380 μὴ

227 4390 425 4458 ἔχοντα
457 4385 594 4454 εἶδος
628 4392 704 4463 τῷ
736 4391 873 4458 εἶδος
911 4397 984 4466 μὴ
1026 4396 1200 4467 ἔχοντι
1235 4399 1599 4470 παραϐάλλειν
1631 4399 1735 4471 (65)
1771 4417 1784 4463 ;

224 4481 322 4532 καὶ
363 4482 453 4534 τὸν
488 4483 561 4554 μὴ
597 4484 788 4554 ἔχοντα
837 4486 1174 4559 πηλικότητά
1217 4489 1294 4559 τῷ
1335 4491 1408 4560 μὴ
1457 4490 1628 4560 ἔχοντι
1662 4491 1788 4544 ταύ-

224 4591 324 4644 την
351 4593 364 4639 ;

299 4732 319 4761 ³
349 4731 504 4786 Joan.
549 4749 662 4798 xiv,
692 4735 782 4789 28.

225 4869 434 4936 legatur
458 4870 963 4924 οὐδέν.Α(1‹1ἰιίῑιιιιις
993 4872 1154 4939 igitur
1176 4889 1239 4926 ex
1266 4874 1347 4928 his
1370 4875 1520 4929 libris
1545 4877 1786 4930 voculam

222 4940 312 5013 τί,
333 4939 519 5013 sicque
548 4943 883 5008 interpretati
909 4959 1094 4995 sumus
1121 4961 1133 4995 :
1159 4943 1341 5012 Atqui.
1371 4945 1562 5013 inquit,
1585 4963 1644 4998 ne
1671 4949 1785 5012 ﬁeri

221 5011 430 5077 quidem
458 5021 642 5077 potest,
669 5022 722 5065 ut
751 5013 1030 5081 quidquam
1055 5014 1108 5066 in
1141 5011 1544 5068 Deisubstantia
1570 5011 1784 5070 exsistat

225 5095 474 5145 tauquam
509 5081 698 5149 forma.
729 5094 834 5136 etc.

299 5149 412 5219 (55)
449 5149 647 5205 Vocula
677 5152 730 5204 τί
767 5153 916 5205 deest
953 5153 1004 5204 iu
1062 5154 1260 5208 nostris
1303 5164 1504 5221 septem
1551 5171 1680 5210 mss.
1731 5165 1786 5212 et

224 5221 278 5272 iu
333 5221 567 5292 e_di_tione
606 5221 732 5276 Ven.
768 5224 860 5276 sed
898 5222 1090 5292 legitur
1131 5225 1182 5277 in
1226 5224 1463 5280 editione
1515 5225 1687 5281 Paris.
1734 5238 1790 5281 et

223 5289 366 5358 apud
402 5289 726 5346 Fabricium.
951 5289 971 5292 “
1638 5342 1643 5351 .

442 5361 545 5435 _Pro
576 5363 689 5435 illo,
721 5367 784 5432 τῇ
812 5365 966 5435 οὐσίᾳ
989 5363 1082 5417 τοῦ
1105 5364 1261 5429 Θεοῦ,
1280 5365 1329 5418 ἰιι
1359 5379 1518 5434 opere
1539 5365 1787 5421 Eunomii

222 5431 544 5506 simpliciter
576 5431 782 5506 legitur
805 5431 974 5506 ταύτῇ
1001 5455 1014 5490 :
1042 5436 1134 5490 sed
1175 5437 1246 5490 ita
1286 5431 1548 5490 mutatum
1580 5452 1607 5489 a
1637 5437 1788 5492 Basi-

223 5500 493 5575 liO‘PlllOL
513 5510 570 5554 ut
599 5500 843 5575 Ennomii
876 5500 1138 5560 sententia
1169 5507 1337 5575 magis
1363 5515 1590 5572 pateret.

299 5569 410 5642 (57)
453 5571 564 5625 Vox
609 5573 793 5647 οὐσίαν
830 5576 1017 5647 addita
1070 5587 1152 5628 est
1196 5569 1426 5647 in'Reg.
1480 5578 1636 5630 tertio
1667 5587 1786 5645 post

223 5655 413 5694 vocem
463 5645 746 5714 γεννητὴν,
797 5645 842 5698 si
878 5661 979 5698 non
1030 5649 1212 5700 eadem
1267 5645 1447 5708 manu,
1482 5658 1535 5700 at
1565 5650 1781 5711 antiqua

227 5720 448 5764 tamen:
477 5713 567 5767 sed
612 5713 732 5767 cum
779 5728 948 5782 neque
987 5715 1039 5767 in
1075 5716 1321 5784 vulgatis,
1367 5733 1537 5784 neque
1575 5719 1625 5770 in
1663 5720 1782 5772 aliis

229 5796 360 5835 mss.
402 5783 718 5848 reperiatur,
779 5784 1074 5838 addendam
1135 5783 1251 5840 eam
1291 5804 1394 5841 non
1441 5783 1778 5849 Censuimus;

228 5867 294 5904 eo
345 5855 531 5912 tnagis.
565 5855 705 5911 uuod
741 5855 897 5910 facile
932 5871 997 5909 ex
1047 5857 1304 5912 orationis
1355 5860 1494 5913 serie
1545 5859 1782 5926 suppleri

1895 2023 2196 2068 monstrant
2231 2015 2601 2070 universorum
2653 2018 2816 2072 Deum
2851 2019 3143 2089 ingenitum
3175 2033 3332 2090 atque
3379 2024 3459 2076 in-

1892 2107 2328 2176 comparabilem,
2361 2124 2523 2162 unum
2553 2123 2694 2164 esse.

1964 2197 2082 2252 Bas.
2115 2198 2247 2252 Cum
2291 2201 2589 2268 improbum
2628 2202 2857 2272 aliquem
2905 2217 3206 2259 sermonem
3234 2205 3345 2259 vult
3371 2217 3453 2259 at-

1894 2290 2132 2359 tingere,
2191 2293 2444 2345 nonnulla
2503 2309 2622 2362 qua:
2670 2298 2736 2349 ab
2801 2297 3049 2350 omnibus
3090 2298 3455 2352 conceduntur

1892 2384 2186 2451 praemittit,
2243 2396 2300 2438 ut
2353 2395 2669 2456 propterea,
2702 2389 2840 2456 quod
2898 2390 2962 2440 de
3010 2390 3074 2442 iis
3121 2389 3280 2460 234
3312 2401 3456 2445 recte

1891 2476 2074 2539 sentit,
2119 2477 2170 2528 in
2205 2476 2427 2546 reliquis
2468 2494 2679 2547 quoque
2709 2479 2806 2532 sibi
2843 2480 2998 2533 [idem
3042 2491 3213 2550 paret.
3249 2481 3451 2550 Neque,

1893 2567 2082 2636 inquit,
2108 2568 2219 2623 fieri
2248 2580 2440 2639 potest,
2459 2583 2513 2623 ut
2534 2571 2586 2624 in
2615 2571 2706 2626 Dei
2730 2571 3024 2625 substantia
3052 2573 3275 2626 exsistat
3306 2557 3456 2642 quid.

1890 2672 2074 2725 quam,
2111 2674 2281 2725 neque
2318 2659 2510 2726 forma,
2540 2675 2711 2730 neque
2746 2661 2931 2726 moles,
2963 2678 3132 2731 neque
3161 2665 3450 2732 quantitas,

1890 2751 2031 2818 quod
2073 2751 2210 2805 Deus
2259 2767 2477 2819 prorsus
2540 2767 2733 2823 expers
2767 2762 2849 2806 est
2899 2754 3320 2822 compositionis.
3371 2755 3452 2808 Ad

1891 2839 2004 2893 haec.
2035 2855 2202 2908 usque
2226 2843 2382 2894 verba
2412 2856 2591 2910 aequus
2618 2849 2732 2898 est:
2761 2844 2813 2898 in
2843 2844 2907 2898 iis
2932 2849 3056 2898 vero
3086 2860 3202 2913 qua:
3223 2859 3453 2913 sequun-

1893 2941 1996 2995 tur,
2027 2932 2091 2986 ad
2115 2947 2173 2987 se
2196 2933 2307 3002 ipse
2333 2935 2486 2988 redit.
2515 2933 2646 2988 Nam
2677 2935 3063 3006 blaSphemiam
3102 2937 3242 2990 velut
3266 2951 3454 2990 neces-

1889 3022 2034 3075 sario
2059 3037 2124 3075 ex
2174 3025 2461 3091 praemissis
2507 3034 2925 3094 consequentein
2968 3027 3228 3095 adjnugit,
3269 3028 3450 3080 verbis

1889 3113 1995 3167 illis
2022 3129 2034 3166 :
2059 3114 2210 3179 Quod
2241 3115 2284 3169 si
2317 3117 2557 3185 cogitare
2589 3133 2760 3186 neque
2791 3121 2868 3171 i'as
2901 3130 3002 3184 est,
3024 3133 3196 3188 neque
3217 3135 3480 3188 unquam-

1891 3205 2070 3270 fuerit,
2102 3205 2293 3260 horum
2321 3217 2372 3260 et
2404 3208 2590 3261 talium
2610 3210 2898 3279 quidquam
2928 3226 3046 3264 cum
3094 3214 3182 3266 Dei
3209 3215 3452 3267 substan-

1893 3299 1963 3352 tia
1997 3298 2371 3367 complicatum
2405 3314 2542 3364 esse,
2581 3314 2825 3368 quaenam
2885 3302 3059 3355 adhuc
3115 3305 3249 3357 ratio
3289 3304 3448 3364 sinet.

1892 3400 1947 3442 nt
1974 3406 2094 3444 cum
2127 3390 2424 3446 substantia
2468 3391 2701 3461 ingenita
2751 3393 2983 3460 genitam
3027 3394 3452 3463 comparemus?

1890 3484 2185 3549 Quamnam
2216 3484 2356 3538 inter
2404 3500 2462 3538 se
2514 3487 2883 3554 cognationem
2942 3486 3137 3540 habent
3181 3487 3302 3550 illa,
3336 3487 3450 3539 fieri

1891 3590 1993 3627 non
2049 3589 2230 3642 posse,
2283 3575 2328 3628 si
2368 3575 2504 3628 Deus
2543 3576 2929 3646 incompositus
2971 3586 3073 3643 est,
3107 3587 3164 3631 ut
3197 3577 3366 3631 Filius
3399 3581 3447 3633 ei

1890 3666 1961 3719 sit
1996 3666 2290 3720 consimilis
2319 3666 2342 3719 ?
2374 3666 2469 3721 Dic
2506 3668 2669 3731 enim,
2703 3683 2878 3722 nonne
2906 3679 2958 3722 tu
2994 3684 3208 3738 quoque
3249 3671 3451 3739 pariter

1890 3757 2037 3811 dices
2066 3757 2259 3810 Filium
2313 3771 2486 3826 neque
2530 3759 2778 3822 fortnam,
2815 3774 2987 3826 neque
3034 3759 3246 3822 molem,
3278 3774 3450 3826 neque

1890 3849 2242 3914 quantitatem
2281 3848 2331 3901 in
2365 3851 2541 3917 seipso
2571 3849 2787 3915 habere,
2816 3858 2974 3918 atque
3013 3864 3229 3918 prorsus
3251 3865 3450 3919 acom-

1891 3939 2156 4005 positione
2185 3939 2408 3993 liberum
2441 3955 2557 3994 esse
2581 3941 2603 3992 ?

1958 4027 2046 4081 25.
2082 4029 2189 4098 Ego
2215 4029 2484 4096 equidem,
2521 4028 2601 4082 vel
2629 4030 2672 4084 si
2717 4029 3004 4094 insanires,
3048 4047 3152 4085 nou
3187 4039 3313 4101 puto
3350 4047 3448 4086 au-

1891 4135 2071 4174 surum
2105 4130 2153 4174 te
2185 4134 2301 4174 esse
2335 4119 2474 4173 aliud
2498 4121 2622 4188 quid
2652 4122 2828 4176 dicere
2859 4121 3047 4176 Filium
3078 4139 3234 4191 quam
3276 4124 3449 4178 incor-

1890 4228 2129 4282 poreum,
2161 4228 2318 4280 quam
2353 4214 2533 4268 forma:
2571 4223 2840 4283 expertem
2871 4225 2923 4270 et
2958 4216 3156 4284 ﬁgurae,
3185 4226 3239 4270 et
3270 4217 3448 4272 omnia

1890 4323 2007 4376 qua:
2037 4309 2100 4360 de
2145 4305 2304 4359 Patre
2344 4308 2519 4360 dicere
2565 4307 2756 4375 possis.
2799 4307 3082 4372 Quomodo
3110 4307 3272 4376 igitur
3301 4308 3445 4376 pium

1891 4415 1992 4453 non
2021 4399 2199 4463 fuerit,
2219 4415 2338 4454 eum
2366 4400 2456 4470 qui
2483 4398 2706 4454 formam
2740 4415 2844 4454 non
2877 4400 3059 4464 habet,
3086 4399 3310 4454 formam
3341 4414 3447 4454 non

1890 4489 2104 4545 habenti
2130 4490 2481 4558 comparare?
2513 4491 2661 4557 item,
2690 4504 2810 4544 eum
2849 4491 3304 4559 quiqnantitatem
3342 4504 3446 4543 non

418 4575 510 4627 καὶ
555 4575 646 4628 τὸν
691 4577 979 4631 ἀσύνθετον
1034 4581 1167 4644 ὅλως
1214 4581 1290 4651 τῷ
1352 4583 1673 4653 ἀσυνθέτῳ;
1731 4585 1788 4637 '0

1898 4582 2099 4649 habet,
2135 4583 2486 4650 quantitatem
2539 4598 2643 4637 non
2692 4582 2908 4637 habenti
2951 4583 3148 4646 ?item,
3189 4597 3308 4636 eum
3357 4581 3446 4650 qui

1897 4871 2084 4940 possit.
2122 4870 2318 4926 Statim
2343 4872 2431 4926 ubi
2473 4872 2667 4941 legitur
2702 4873 2753 4924 in
2786 4871 2998 4924 excusis
3027 4868 3446 4939 καταλιπούσης,

1893 4943 2156 5008 scriptum
2197 4944 2248 4995 in
2296 4942 2502 4998 duobus
2554 4943 2829 4996 codicibus
2889 4943 3154 4993 invenitur
3201 4941 3450 4994 καταλει-

1892 5029 1991 5064 που
2001 5029 2116 5074 σης.

1963 5057 2243 5152 (arcam
2287 5092 2340 5136 et
2382 5082 2513 5148 Reg.
2545 5082 2734 5152 tertius
2779 5079 2966 5143 Οὐδεὶς
3010 5079 3118 5151 γὰρ
3159 5079 3348 5143 οὕτως.
3384 5081 3452 5132 At

1892 5151 2079 5221 reliqui
2121 5168 2246 5205 mss.
2284 5153 2469 5215 Οὐδεὶς
2495 5152 2550 5205 δὲ
2579 5151 2768 5213 οὕτως.

1964 5220 2074 5294 (59)
2108 5223 2327 5294 Ειίίιὶᾲοι
2377 5240 2507 5294 mss.
2553 5223 2704 5294 multi
2754 5221 3178 5293 προσλαμϐάνει.
3215 5221 3281 5273 At
3317 5220 3448 5289 Reg.

1892 5306 1992 5361 qua
2004 5292 2328 5368 Γιιις-προλα
2335 5293 2560 5368 μϐάνει,⁸
2581 5292 2816 5368 rectius;
2885 5363 2922 5368 __
3272 5358 3282 5368 Ι

1963 5363 2077 5434 (60)
2108 5363 2285 5416 Editio
2313 5363 2486 5418 Paris.
2513 5363 2651 5416 οὐδέ.
2682 5365 2857 5417 Editio
2885 5363 3017 5416 Ven.
3041 5371 3094 5416 et
3118 5363 3285 5413 nostri
3320 5374 3447 5412 mss.

1890 5449 2077 5487 omnes
2106 5434 2276 5486 οὐδέν.

1960 5505 2070 5574 ((il)
2103 5504 2236 5573 Reg.
2272 5513 2494 5572 quartus
2517 5506 2581 5574 τῇ
2613 5504 2788 5574 οὐσίᾳ,
2824 5504 2971 5563 ποῖος
3004 5499 3082 5552 ἐτι
3109 5499 3450 5570 συγχωρήσει

1887 5574 2060 5637 λόγος.

2104 5646 2195 5700 Sic
2223 5645 2372 5700 Colb.
2405 5653 2457 5698 et
2487 5645 2590 5698 duo
2622 5643 2791 5712 Regii.
2824 5642 2976 5705 Illud,
3013 5641 3148 5710 μήτε
3184 5638 3366 5707 ὄγκον,
3396 5638 3447 5691 in

1891 5717 2122 5781 vulgatis
2152 5717 2579 5768 desiderabatur.

1960 5780 2068 5855 (65)
2108 5787 2240 5858 Editi
2270 5785 2458 5856 ἔχοντα
2486 5781 2619 5846 εἶδος
2654 5785 2726 5853 μὴ
2768 5781 2937 5858 ἔχοντι
2971 5780 3356 5854 παραϐάλλειν.
3381 5781 3451 5833 At

1890 5853 2016 5913 mss.
2048 5853 2506 5926 plerique'Oniues
2543 5857 2635 5923 ita,
2669 5864 2724 5908 ut
2757 5853 3040 5908 edidimus.
