3978 6410
528 360 633 417 565

1830 371 1888 425 S.
1934 371 2179 425 BftSiLl'l
2223 373 2435 429 MAGNI
3254 421 3265 429 .
3662 374 3752 429 561

523 477 743 532 omnino
798 476 1182 548 incompositus
1233 492 1335 548 est,
1378 483 1733 551 incomposito
1768 484 1789 536 ?
1834 483 1929 536 llic
1972 501 2083 539 vert

2200 487 2255 539 δὲ
2293 488 2351 539 τὸ
2393 491 2575 559 ὅμοιον
2605 492 2662 543 ὲν
2688 494 2763 561 τῷ
2801 494 2928 544 εἴδει
2954 491 3188 553 τίθεται,
3225 494 3317 543 καὶ
3347 491 3407 542 τὸ
3442 493 3558 543 ῐισον
3598 495 3654 543 ἐν
3685 495 3751 563 τῷ

523 569 577 624 in
607 568 773 623 forma
814 572 1000 624 statuit
1038 572 1463 637 similitudinem,
1506 584 1560 626 et
1608 575 1657 626 iu
1698 575 1835 629 mole
1884 577 2095 644 tequali-

524 670 686 713 tatem
724 678 738 713 :
771 663 1123 729 quantitatem
1161 673 1334 718 autem
1366 665 1494 732 quid
1527 675 1722 733 prmter
1749 666 1940 719 molem
1975 683 2092 721 esse

522 762 693 822 putet,
732 754 841 823 ipse
873 769 1001 808 sane
1034 759 1212 824 aptius
1239 758 1572 823 exposuerit.

595 842 724 896 Eun.
762 844 1000 909 Idcirco,
1037 844 1227 913 inquit,
1281 859 1377 897 nec
1422 844 1675 911 aequalis,
1722 860 1818 899 nec
1874 845 2087 912 similis,

522 936 775 1003 quoniam
812 944 864 988 et
892 936 1191 1003 quantitate
1222 946 1368 989 caret
1405 947 1458 988 et
1486 936 1676 988 forma.

591 1026 716 1081 Bas.
758 1027 867 1097 Ego
892 1042 1017 1081 vero
1074 1028 1124 1080 in
1180 1030 1280 1082 hoc
1321 1028 1435 1096 ipso
1483 1045 1623 1097 pono
1660 1028 2087 1084 similitudinem.

520 1114 978 1183 Quemadmodum
1017 1120 1157 1170 etiim
1191 1118 1348 1172 Pater
1387 1120 1520 1173 liber
1548 1130 1629 1174 est
1657 1128 1723 1173 ab
1761 1123 1904 1175 omni
1942 1138 2089 1186 cum-

519 1209 807 1279 positione,
862 1210 931 1261 ita
986 1220 1040 1261 et
1073 1210 1239 1263 Filius
1282 1211 1509 1280 simplex
1544 1213 1763 1265 omnino
1806 1224 1887 1266 est
1927 1224 2087 1281 atque

523 1300 928 1368 incompositus.
954 1300 1090 1366 Quin
1128 1301 1287 1356 etiam
1325 1304 1727 1357 similitudinem
1768 1320 1869 1357 non
1893 1320 2089 1359 secun-

520 1394 643 1445 dum
670 1392 855 1446 fornae
890 1393 1244 1458 identitatem,
1278 1396 1369 1449 sed
1412 1399 1704 1450 secundum
1743 1399 1913 1467 ipsam
1962 1401 2087 1452 sub-

521 1484 776 1537 stantiam
802 1485 1031 1555 perspici
1066 1484 1315 1539 arbitror.
1336 1486 1541 1552 Quibus
1575 1490 1716 1541 enim
1748 1488 1918 1543 forma
1956 1489 2088 1559 tign-

521 1591 686 1645 raque
717 1576 1087 1643 circumjacet.
1118 1577 1183 1631 iis
1211 1580 1506 1633 secundum
1537 1580 1721 1635 formae
1755 1582 2085 1635 identitatem

520 1668 660 1723 inest
692 1669 985 1723 similitudo
1016 1689 1028 1724 :
1070 1686 1187 1740 quae
1222 1686 1349 1724 vero
1382 1682 1570 1727 natura
1602 1689 1700 1729 nec
1741 1675 1964 1728 formam
1990 1690 2087 1728 nec

521 1762 746 1831 ﬁguram
769 1763 1023 1827 admittit,
1052 1763 1313 1831 reliquum
1346 1774 1428 1818 est
1457 1775 1513 1817 ut
1559 1766 1609 1818 in
1649 1766 1762 1833 ipsa
1787 1765 2085 1819 Stlelaltlia

2196 580 2376 651 ὄγκῳ-
2430 584 2527 653 τὴν
2574 584 2629 636 δὲ
2686 585 3018 655 πηλικότητά
3073 584 3205 654 (64),
3254 584 3282 635 δ
3336 600 3385 633 τι
3443 584 3542 634 καὶ
3596 584 3750 635 οἴεται

2197 672 2348 743 παρὰ
2380 674 2468 726 τὸν
2502 674 2662 742 ὄγκον
2697 670 2852 738 εἶναι,
2893 675 3054 738 αὐτὸς
3099 675 3163 729 ἂν
3199 674 3526 743 οἰκειότερον
3563 674 3748 745 ἐξηγή-

2195 780 2361 816 σαιτο.

2264 858 2421 909 ΕΥΝ.
2470 857 2567 910 Διά
2614 857 2772 913 τοῦτο
2816 860 2937 912 οὔτε
2980 862 3113 923 ἴσος,
3171 859 3353 928 φησιν,
3390 855 3513 907 οὔτε
3552 858 3748 926 ὅμοιος,

2191 947 2375 1017 ἐπειδὴ
2405 950 2497 1000 καὶ
2527 949 2725 1012 ἀποσός
2756 952 2868 1002 ἐστι
2893 951 2985 1002 καὶ
3006 949 3259 1011 ἀνείδεος.

2260 1040 2405 1093 ΒΑΣ.
2445 1040 2583 1108 Ἐγὼ
2610 1040 2663 1092 δὲ
2698 1043 2817 1094 κατ’
2847 1042 2977 1094 αὐτὸ
3006 1041 3160 1094 τοῦτο
3186 1042 3280 1112 τὴν
3300 1044 3596 1111 ὁμοιότητα
3627 1038 3751 1091 τεθε-

2194 1149 2309 1200 μαι.
2360 1133 2573 1203 Ἐπειδὴ
2618 1132 2802 1204 ῶσπερ
2834 1136 2861 1185 ὁ
2887 1133 3073 1203 Πατὴρ
3106 1133 3372 1203 συνθήκης
3405 1133 3525 1184 ἐστὶ
3581 1131 3749 1195 πάσης

2189 1221 2488 1293 ἐλεύθερος,
2546 1223 2687 1275 οὕτω
2734 1223 2883 1275 καὶὸ
2920 1223 3045 1283 Υίὸς
3077 1223 3277 1286 ἁπλοῦς
3324 1222 3628 1283 παντελῶς,
3666 1225 3750 1273 καὶ

2189 1313 2500 1377 ἀσύνθετος,
2540 1317 2632 1367 καὶ
2679 1316 2739 1368 τὸ
2786 1316 2988 1382 ὅμοιον,
3024 1317 3098 1385 μὴ
3150 1316 3289 1368 κατά
3317 1316 3411 1386 τὴν
3450 1315 3547 1368 τοῦ
3588 1314 3748 1375 εἴδους

2187 1406 2490 1476 ταύτότητα
2532 1407 2878 1478 θεωρεῖσθαι,
2908 1410 3041 1461 ἀλλὰ
3068 1411 3183 1462 κατ’
3221 1408 3383 1479 αὐτὴν
3413 1409 3512 1479 τὴν
3546 1408 3745 1460 ούσῐαν.

2189 1497 2373 1561 ’Ὀσοις
2421 1500 2517 1568 μὲν
2562 1500 2671 1572 γάρ
2707 1501 2887 1571 μορερὴ
2933 1501 3025 1553 καί
3058 1502 3239 1570 σχῆμα
3279 1501 3608 1570 περίκειται,
3643 1498 3751 1549 τού-

2186 1607 2319 1653 τοις,
2355 1592 2493 1643 κατά
2526 1592 2624 1662 τὴν
2664 1594 2965 1662 ταύτότητα
2999 1591 3089 1643 τοῦ
3140 1591 3345 1654 εἴδους,
3389 1594 3421 1660 ἡ
3461 1592 3747 1659 ὁμοιότης’

2187 1682 2284 1752 τὴν
2310 1681 2365 1733 δὲ
2414 1683 2647 1735 ἀνείδεον
2676 1683 2770 1735 καὶ
2810 1682 3212 1754 ἀσχημάτιστον
3246 1682 3405 1750 φύσιν
3433 1684 3489 1733 ἐν
3524 1684 3664 1751 αὐτῇ
3690 1683 3747 1747 τῇ

2187 1773 2343 1843 οὐσίᾳ
2371 1772 2616 1825 λείπεται
2644 1773 2788 1842 ἔχειν
2811 1774 2907 1844 τὴν
2941 1773 3232 1843 ὁμοιότητα
3261 1790 3271 1800 ·
3315 1772 3406 1823 καὶ
3442 1772 3501 1823 τὸ
3536 1773 3647 1823 ἴσον
3682 1772 3747 1839 μὴ

518 1850 717 1905 habeat
752 1852 1179 1920 similitudinem,
1213 1856 1571 1924 azqualitatem
1599 1872 1728 1912 vero
1754 1873 1857 1911 non
1884 1858 1935 1910 iu
1962 1873 2083 1911 mo-

2192 1866 2244 1916 iv
2274 1867 2337 1933 τῇ
2370 1863 2475 1916 τῶν
2503 1864 2681 1932 ὄγκων
2706 1864 3136 1934 παραμετρήσει,
3164 1862 3275 1915 ἀλλ’
3301 1865 3356 1915 ἐν
3379 1866 3444 1932 τῇ
3465 1861 3749 1930 ταύτότητι

519 1940 585 1995 l's
614 1942 966 2009 dimensione,
996 1945 1086 1999 sed
1119 1946 1171 1999 in
1200 1948 1438 2015 potentia
1468 1948 1752 2004 identitate
1790 1950 2081 2019 possideat.

516 2030 787 2096 Christus,
818 2033 1009 2103 inquit,
1032 2036 1122 2089 Dei
1148 2038 1405 2106 potentia,
1428 2048 1482 2091 et
1509 2038 1599 2091 Dei
1622 2039 1881 2106 sapientia
1899 2040 1939 2102 ⁸,
1975 2046 2084 2092 tota

520 2125 768 2179 videlicet
798 2136 1021 2196 paterna
1054 2137 1317 2196 potestate
1363 2130 1416 2183 in
1453 2131 1567 2200 ipso
1607 2130 1897 2184 residente.
1936 2128 2085 2183 Unde

520 2234 853 2288 quaecunque
877 2221 1019 2276 videt
1046 2221 1261 2277 Patrem
1293 2222 1600 2287 facientem,
1625 2238 1685 2277 ea
1720 2232 1771 2278 et
1811 2220 1976 2276 Filius
2010 2221 2086 2276 si-

517 2309 713 2363 iuiliter
738 2309 918 2365 facit“.

590 2402 721 2457 Eua.
760 2403 863 2458 Sed
894 2404 1208 2467 similitudo,
1242 2404 1436 2473 inquit,
1468 2420 1584 2474 quae
1627 2404 1921 2459 secundum
1957 2405 2085 2460 sub-

519 2496 769 2552 stantiam
807 2505 909 2561 est,
948 2506 1040 2550 aut
1070 2498 1423 2566 comparatio,
1461 2506 1552 2549 aut
1576 2497 1956 2560 communitas,
1988 2512 2079 2550 ne-

518 2603 623 2659 que
649 2590 1047 2659 praestantiam,
1091 2603 1263 2658 neque
1314 2588 1670 2644 diﬂ‘erentiam
1706 2589 1867 2643 ullam
1919 2589 2083 2643 relin-

518 2698 711 2753 quens,
742 2682 1101 2751 aequalitatem
1128 2690 1309 2751 aperte
1337 2681 1517 2735 efﬁcit.

593 2775 715 2828 Bas.
740 2773 1018 2840 Quomodo
1069 2773 1227 2841 igitur
1278 2772 1635 2829 diﬂ'erentiam
1686 2772 1882 2827 nullam
1920 2772 2084 2826 relin-

520 2864 655 2932 quit,
683 2878 747 2916 ne
772 2878 889 2915 eam
922 2863 1159 2931 quidem,
1187 2877 1304 2931 qua:
1345 2863 1524 2917 causis
1552 2863 1691 2918 inest
1720 2879 1843 2918 cum
1875 2863 1940 2917 iis
1967 2877 2086 2933 qua

519 2972 585 3011 ex
621 2955 750 3022 ipsis
784 2962 909 3007 sunt
938 2954 962 3007 ?
990 2952 1277 3024 Subjungit
1317 2964 1540 3024 postea:

586 3046 720 3101 Eua.
750 3044 880 3111 Quis
910 3054 1086 3100 autem
1119 3046 1192 3100 ita
1225 3046 1451 3100 stolidus
1487 3056 1592 3109 est,
1623 3044 1705 3100 vel
1735 3046 1801 3100 ad
1838 3045 2084 3115 impieta-

520 3152 625 3197 tem
659 3142 730 3195 ita
761 3142 953 3207 audax,
981 3150 1037 3195 ut
1065 3145 1323 3210 aequalem
1355 3142 1500 3195 Patri
1537 3140 1730 3196 Filium
1760 3140 1945 3197 dicat?

2186 1956 2289 2025 τῆς
2345 1956 2644 2026 δυνάμεως.
2682 1956 2934 2027 Χριστὸς,
2986 1957 3139 2025 φησι,
3188 1954 3323 2007 Θεοῦ
3357 1955 3612 2023 δύναμις,
3662 1955 3750 2005 καὶ

2186 2048 2319 2102 Θεοῦ
2353 2050 2511 2118 σοφία
2534 2066 2546 2079 ·
2576 2050 2702 2119 ὅλης
2729 2050 2825 2119 τῆς
2856 2050 3124 2119 πατρικῆς
3159 2048 3441 2118 δυνάμεως
3470 2050 3750 2099 ἐναποκειο

2190 2139 2357 2210 μένης
2404 2138 2552 2209 αὐτῷ
2596 2139 2853 2209 δηλονότι.
2885 2140 3043 2192 Ὅθεν
3079 2140 3286 2210 ὅσαπερ
3333 2140 3398 2191 ἂν
3454 2138 3633 2210 βλέπῃ
3664 2138 3749 2189 τὶν

2186 2230 2403 2302 Πατέρα
2429 2229 2705 2295 ποιοῦντα,
2723 2230 2893 2283 ταῦτα
2927 2232 3018 2284 καὶ
3046 2233 3073 2283 ό
3098 2231 3223 2294 Υἱὸς
3247 2232 3446 2300 ὁμοίως
3481 2232 3650 2281 ποιεῖ.

2252 2406 2412 2459 ΕΥΝ.
2459 2405 2595 2458 Ἀλλ’
2628 2409 2660 2475 ἡ
2713 2408 2832 2458 κατ’
2868 2406 3074 2466 οὐσίαν,
3130 2406 3315 2477 φησὶν,
3372 2404 3662 2474 ὁμοιότης.
3720 2404 3748 2472 ἦ

2186 2499 2489 2570 σύγκρισις,
2523 2499 2554 2570 ἢ
2582 2499 2855 2561 κοινωνία,
2891 2499 3155 2570 μηδεμίαν
3194 2500 3465 2569 ὑπεροχὴν
3497 2499 3534 2568 ἦ
3576 2499 3752 2564 διαφο-

2186 2590 2284 2661 ρὰν
2300 2590 2715 2652 καταλείπουσα,
2748 2590 2966 2660 ἰσότητα
3000 2590 3183 2657 σαφῶς
3210 2589 3589 2659 ἀπεργάζεται
3620 2589 3746 2659 (65).

2252 2769 2399 2821 ΒΑΣ.
2443 2767 2566 2831 Πῶς
2591 2762 2682 2821 οὖν
2704 2766 2957 2837 οὐδεμίαν
2978 2766 3237 2836 διαφορὰν
3261 2764 3605 2828 καταλείπει,
3635 2766 3751 2818 οὐδὲ

2181 2860 2280 2931 τὴν
2331 2863 2443 2923 τοῖς
2470 2859 2663 2923 αἰτίοις
2706 2860 2841 2930 πρὸς
2888 2859 2954 2913 τά
2985 2857 3044 2923 ἐξ
3073 2858 3249 2911 αὐτῶν
3291 2860 3749 2929 ἐνυπάρχουσαν;

2184 2949 2319 3005 Εἶτα
2352 2954 2547 3019 ἐπάγει
2568 2970 2580 2982 ·
3198 3020 3207 3027 ο

2254 3046 2412 3099 ΕΥΝ.
2438 3045 2533 3107 Τίς
2560 3045 2616 3097 δὲ
2643 3044 2815 3106 οὕτως
2845 3044 3088 3113 ἀνόητος,
3121 3044 3152 3113 ἣ
3186 3042 3319 3114 πρὸς
3344 3043 3604 3095 ἀσέϐειαν
3635 3043 3753 3095 τολο

2188 3138 2380 3211 μηρὸς,
2403 3138 2542 3191 ὥστε
2576 3137 2689 3191 ἴσον
2717 3140 2890 3191 εἰπεῖν
2912 3136 3003 3190 τὸν
3028 3136 3153 3189 Υίὸν
3179 3136 3257 3208 τῷ
3278 3138 3451 3207 Πατρί
3472 3154 3485 3201 ;

589 3235 710 3287 Bas.
748 3234 827 3287 Ad
874 3201 988 3287 huic
1035 3201 1279 3287 dicamus
1320 3234 1369 3287 ei
1415 3233 1502 3287 illa
1547 3233 1821 3303 propheta:
1848 3248 1865 3287 :
1894 3230 2080 3286 Facies

2192 3201 2199 3208 Ι
2249 3201 2397 3281 ΠΑΣ.
2431 3230 2685 3300 Είπωμεν
2714 3229 2860 3299 αύτῷ
2887 3230 2953 3281 τά
2981 3226 3074 3280 τοῦ
3092 3201 3365 3300 προιέήτου
3398 3201 3537 3299 πρὸς
3556 3229 3748 3281 ταῦτα’

519 3326 803 3379 meretricis
866 3324 1009 3394 facta
1052 3335 1124 3378 est
1179 3326 1307 3391 tibi;
1347 3326 1569 3379 amisiui
1616 3326 1867 3395 pudorem
1922 3324 2081 3395 235

520 3434 642 3486 erga
672 3433 845 3471 omnes
886 3420 927 3472 ⁸.
963 3418 1174 3472 Etenim
1200 3425 1257 3470 ut
1294 3418 1395 3471 illa:
1433 3420 1543 3472 suis
1596 3419 1829 3487 ipsarum
1873 3420 2083 3487 probris

521 3521 668 3564 caste
690 3509 928 3566 viventes
953 3519 1262 3580 aspergunt,
1285 3510 1355 3564 ita
1386 3510 1470 3565 hic
1490 3525 1706 3582 quoque
1732 3528 1825 3566 eos
1851 3510 1943 3581 qui
1971 3525 2082 3564 ma-

518 3600 763 3668 iestatem
807 3604 1081 3675 Unigeniti
1128 3604 1474 3675 magnificare
1503 3607 1742 3675 cupiunt,
1779 3605 2002 3660 stolidos
2029 3613 2083 3659 et

520 3700 584 3751 ad
614 3698 937 3767 impietatem
970 3702 1199 3753 audaces
1227 3709 1402 3761 vocat,
1439 3700 1627 3754 iisdem
1670 3699 1926 3763 otIensus,
1960 3700 2081 3767 qui-

523 3794 618 3842 bus
652 3800 705 3843 et
731 3788 897 3843 Judaei
926 3790 1402 3856 exacerbabantur,
1429 3792 1663 3845 dicentes
1692 3802 1816 3847 tunc
1846 3790 2083 3861 z/Equa-

521 3883 617 3936 lem
648 3884 873 3951 seipsum
900 3883 1027 3951 facit
1066 3883 1167 3936 Deo
1196 3884 1238 3937 ".

592 4056 682 4110 24.
719 4055 781 4109 Et
818 4065 965 4111 certe
996 4056 1215 4127 (nemini
1248 4058 1491 4113 videatur
1535 4061 1725 4113 tnirum
1761 4059 1899 4129 quod
1939 4059 2080 4127 dico)

523 4145 595 4200 illi
626 4146 1018 4214 quodammodo
1065 4151 1503 4218 consequentiam
1556 4164 1734 4203 rerum
1766 4152 1932 4218 magis
1962 4165 2084 4217 per-

521 4239 731 4307 Spicere
764 4238 1101 4292 videbantur.
1130 4238 1261 4293 Nam
1296 4256 1435 4311 aegre
1463 4241 1703 4295 ferebant
1742 4243 1883 4311 quod
1915 4243 2081 4296 Deum

521 4331 734 4386 Patrem
765 4347 918 4387 suum
949 4332 1310 4401 appellaret“:
1348 4337 1484 4388 hanc
1521 4334 1642 4389 inde
1672 4350 1701 4388 a
1741 4335 1930 4392 seiosis
1963 4351 2085 4390 con-

521 4424 851 4479 secutionem
912 4424 1244 4495 colligentes,
1299 4425 1442 4495 quod
1506 4426 1605 4481 hoc
1666 4436 1821 4497 pacto
1886 4427 2084 4483 faceret

521 4518 779 4585 aequalem
812 4532 869 4572 se
896 4519 1040 4587 Deo;
1073 4520 1225 4584 quasi
1259 4519 1562 4573 necessario
1588 4529 1859 4588 sequatur,
1902 4522 1944 4575 si
1976 4519 2079 4573 Pa-

525 4620 658 4663 trem
707 4611 899 4664 habeat
944 4611 1136 4675 |)eum,
1173 4610 1280 4667 Deo
1313 4612 1568 4666 mortalem
1604 4626 1740 4667 esse.
1785 4611 2077 4667 Eunomius

522 4711 721 4759 autem,
761 4699 911 4768 prius
960 4701 1085 4755 illud
1135 4703 1455 4765 concedens,
1502 4703 1763 4771 posterius
1800 4713 1977 4773 negat,
2013 4719 2076 4757 ac

522 4792 730 4847 Domini
757 4808 940 4847 vocem
966 4793 1148 4859 objicit
1169 4795 1343 4863 nobis,
1369 4796 1594 4849 dicentis
1630 4813 1641 4847 :
1677 4793 1857 4858 Pater,
1881 4796 1969 4861 qui
1999 4813 2078 4850 me

596 4924 654 4979 ⁸1
679 4927 805 4981 Cor.
840 4944 878 4993 ι,
913 4928 1004 4983 24.
1081 4931 1101 4961 ⁵
1131 4928 1287 4984 Joan.
1316 4945 1367 4993 v,
1404 4928 1490 4983 19.
1568 4928 1587 4959 ⁸
1622 4926 1821 4983 Jerent.
1855 4945 1935 4993 ιιι,
1960 4930 2014 4982 3.

589 5154 699 5219 (6H
732 5152 1048 5207 Eunomium
1085 5154 1223 5206 ridet
1254 5151 1504 5211 Basilius,
1533 5153 1685 5222 quasi
1738 5153 1879 5205 dicat
1906 5170 1917 5205 :
1947 5152 2073 5205 Plii—

523 5226 868 5293 Insophorum
927 5224 1403 5292 prtestantissimus
1452 5223 1747 5277 Etutouiius
1793 5222 2078 5293 distinguit

524 5297 716 5348 molem
774 5310 801 5345 a
849 5294 1170 5360 quantitate.
1223 5294 1375 5346 Dicat
1425 5304 1601 5348 autem
1648 5294 1805 5348 velim
1852 5292 1978 5362 quid
2010 5292 2078 5344 sit

522 5365 848 5418 discriminis
876 5367 1014 5419 inter
1044 5375 1344 5427 utramque.

594 5434 957 5504 (65)_Codices
992 5435 1195 5503 aliquot
1224 5431 1532 5504 ἐργάζεται.
1552 5431 1761 5504 Ibidem
1787 5447 1917 5504 mss.
1948 5439 2077 5498 tres,

523 5503 645 5566 Πῶς
678 5500 788 5557 οὖν.
824 5504 935 5559 Vox
970 5500 1156 5556 ultima
1191 5500 1340 5557 deest
1369 5507 1419 5556 iu
1456 5503 1690 5555 excusis.
1727 5503 1799 5556 Ex
1836 5503 1917 5555 his
1946 5516 2078 5553 cou-

523 5583 630 5643 stat
675 5575 889 5643 aliquod
941 5574 1259 5627 diﬂerentize
1295 5589 1462 5643 genus
1510 5573 1587 5643 in_
1606 5572 1764 5626 Patre
1804 5582 1857 5623 et
1890 5571 2023 5625 Filio
2050 5588 2078 5625 a

524 5642 742 5705 Basilio,
770 5640 918 5697 more
947 5655 1000 5697 et
1027 5644 1269 5711 exetnplu
1301 5642 1515 5695 Patrum
1551 5640 1883 5704 Grmcorum,
1924 5642 2080 5711 plane

525 5715 777 5779 agnosci;
824 5715 979 5781 quale
1010 5723 1092 5769 est
1118 5713 1404 5773 videlicet,
1436 5714 1577 5779 quod
1627 5714 1894 5765 invenitur
1942 5715 2080 5765 inter

532 5798 746 5838 causam
773 5795 827 5839 et
859 5784 909 5839 id
958 5784 1098 5853 quod
1125 5784 1191 5838 ab
1230 5799 1290 5839 ea
1322 5791 1422 5848 est,
1458 5792 1546 5836 aut
1590 5782 1747 5851 quale
1792 5794 1895 5849 est,
1938 5783 2076 5852 quod

2092 4930 2111 4959 ⁷
2138 4928 2294 4984 Juan.
2328 4930 2507 4994 v.18.

2183 3322 2286 3383 δτι,
2315 3324 2492 3389 Ὄψις
2511 3323 2739 3389 πόρνης
2766 3319 3001 3389 ἐγένετό
3027 3332 3145 3372 σοι’
3170 3320 3753 3387 ἀπηναισχύντησας

2182 3414 2329 3481 πρὸς
2358 3414 2606 3479 πάντας.
2640 3414 2748 3465 Καὶ
2789 3412 2898 3483 γάρ
2950 3416 3151 3466 ἐκεῖναι
3195 3414 3262 3466 τά
3306 3412 3516 3465 ἑαυτῶν
3577 3411 3753 3479 ὀνείδη

2181 3506 2291 3566 τοῖς
2323 3502 2533 3573 σεμνῶς
2565 3502 2853 3573 βεϐιωκόσι
2876 3503 3310 3575 προστρίϐονται·
3339 3504 3432 3555 καὶ
3454 3498 3613 3564 οὗτος
3629 3505 3751 3563 τοὺς

2181 3596 2277 3664 τὴν
2306 3594 2462 3659 δόξαν
2489 3594 2581 3647 τοῦ
2610 3595 2946 3662 Μονογενοῦς
2995 3593 3311 3664 μεγαλύνειν
3345 3593 3750 3663 ἐπιθυμοῦντας

2180 3689 2441 3759 ἀνοήτους
2486 3687 2750 3740 ἀποκαλεῖ
2791 3688 2884 3740 καὶ
2930 3688 3066 3759 πρὸς
3110 3686 3360 3740 ἀσέϐειαν
3404 3687 3749 3757 τολμηροὺς.

2180 3778 2272 3832 ἐπὶ
2292 3782 2402 3842 τοῖς
2428 3780 2608 3841 αὐτοῖς
2634 3777 2991 3848 χαλεπαίνων,
3020 3774 3195 3847 ὲφόἴς
3223 3778 3316 3831 καὶ
3344 3779 3752 3852 Ἰουδαῖοιπαρ·

2178 3872 2441 3938 ωξύνοντο
2494 3870 2796 3942 τηνικαῦτα
2852 3870 3102 3938 λέγοντες
3165 3872 3268 3934 ὅτι,
3308 3871 3486 3923 Ἴσον
3532 3872 3755 3924 ἑαυτὸν

2181 3963 2339 4018 ποιεῖ
2356 3962 2434 4029 τῷ
2468 3962 2603 4027 Θεῷ.

2250 4056 2340 4109 24.
2370 4053 2559 4107 Καίτοι
2585 4071 2647 4122 γε
2683 4055 2797 4123 (καὶ
2830 4053 3015 4125 μηδενὶ
3045 4052 3341 4125 παράδοξον
3366 4054 3429 4106 τὸ
3458 4054 3753 4123 λεγόμενον

2179 4147 2324 4218 δόξῃ)
2352 4146 2551 4215 μᾶλλόν
2592 4164 2706 4209 πως
2737 4147 2951 4199 ἐδόκουν
2980 4148 3174 4199 ἐκεῖνοι
3201 4147 3261 4199 τὸ
3291 4146 3587 4199 ἀκόλουθον
3632 4150 3754 4200 ἐπι-

2182 4244 2420 4296 ϐλέπειν.
2457 4243 2825 4309 Ἤγανάκτουν
2871 4242 2998 4311 γάρ,
3022 4242 3101 4294 ὅτι
3124 4243 3341 4312 Πατέρα.
3366 4243 3568 4296 ἑαυτοῦ
3599 4245 3751 4311 ἔλεγε

2180 4339 2271 4391 τὸν
2300 4338 2429 4390 Θεόν
2458 4353 2469 4365 ·
2501 4336 2559 4388 τὸ
2597 4335 2791 4404 ἐφεξῆς
2824 4336 2912 4402 ἀφ’
2949 4333 3156 4387 ἑαυτῶν
3180 4334 3643 4405 συλλογιζόμενοι,
3672 4338 3753 4388 δτι

2180 4430 2270 4484 διά
2332 4428 2521 4482 τούτου
2578 4427 2691 4479 ἴσον
2750 4427 2937 4479 ἑαυτὸν
2990 4429 3131 4477 ποιεῖ
3186 4425 3295 4494 (66)
3358 4427 3436 4496 τῷ
3487 4427 3642 4497 Θεῷ·
3678 4429 3753 4491 ὡς

2182 4521 2493 4591 ἀναγκαίως
2528 4519 2793 4590 ἑπομένου
2827 4516 2902 4585 τῷ
2932 4518 3146 4588 Πατέρα
3192 4517 3334 4588 ἔχειν
3363 4518 3453 4571 τὸν
3483 4518 3619 4571 Θεὸν
3657 4519 3749 4571 τοῦ

2184 4616 2294 4668 ἴσον
2322 4614 2430 4685 (67)
2459 4614 2719 4683 ὑπάρχειν
2754 4610 2917 4682 αὐτῷ.
2938 4611 2995 4663 Ὀ
3018 4612 3095 4673 δὲ,
3126 4611 3185 4663 τὸ
3208 4609 3423 4681 πρῶτον
3449 4612 3751 4679 συγχωρῶν

2182 4705 2363 4775 δῆθεν,
2400 4705 2534 4775 πρὸς
2568 4703 2627 4755 τὸ
2656 4702 2905 4772 δεύτερον
2946 4702 3215 4763 ἀνανεύει,
3249 4703 3344 4755 καὶ
3374 4703 3473 4772 τὴν
3504 4703 3604 4755 τοῦ
3638 4705 3754 4755 Ku-

2184 4799 2296 4868 ρίου
2326 4798 2505 4866 φωνὴν
2534 4799 2665 4865 ἡμῖν
2700 4793 3058 4865 προϐάλλεται
3106 4794 3383 4858 εἰπόντος’
3430 4796 3484 4847 ’0
3519 4796 3749 4865 Πατὴρ,

2584 4928 2604 4960 ⁸
2637 4929 2764 4982 ibid.

2178 5153 2444 5219 reperitur
2482 5153 2624 5207 inter
2663 5153 2988 5223 principium
3034 5164 3085 5208 et
3117 5154 3165 5207 id
3197 5154 3337 5223 quod
3380 5154 3449 5206 ab
3478 5170 3546 5209 eo
3583 5158 3748 5217 origi-

2180 5238 2299 5274 nem
2329 5224 2506 5277 trahit.
2540 5224 2642 5276 Sed
2672 5224 2797 5277 illud
2822 5223 3131 5278 uiﬂ‘erentiaa
3157 5238 3323 5292 genus
3355 5236 3563 5277 naturm
3596 5230 3657 5277 id.
3683 5243 3747 5279 n-

2181 5295 2387 5345 titatem
2423 5294 2473 5345 in
2512 5292 2670 5347 Patre
2701 5304 2756 5348 et
2788 5293 2923 5348 Filio
2970 5310 3074 5349 non
3117 5295 3367 5358 destruit,
3420 5296 3530 5349 into
3566 5297 3748 5349 tirmat

2180 5376 2229 5416 et
2262 5364 2593 5417 cuustabilit.

2250 5433 2363 5499 (66)
2406 5434 2539 5486 Editi
2574 5432 2762 5486 ἐποίει.
2793 5433 2859 5487 At
2887 5449 3017 5489 mss.
3049 5438 3206 5487 ποιεῖ.

2252 5502 2361 5572 (67)
2400 5504 2535 5557 Editi
2571 5505 2631 5556 τὸ
2678 5506 2811 5563 ἴσον,
2849 5505 3007 5558 male.
3040 5507 3214 5559 Codex
3245 5502 3597 5557 Colbertinus
3623 5520 3747 5558 cum

2184 5575 2392 5629 duobus
2427 5574 2607 5641 Regiis
2631 5574 2725 5627 τοῦ
2761 5574 2892 5636 ἴσον,
2933 5576 3068 5628 bene
3088 5593 3100 5627 :
3120 5576 3256 5642 quod
3287 5588 3343 5625 ut
3370 5574 3563 5625 melius
3592 5574 3751 5627 ἰιιιειιο

2182 5644 2401 5709 ligatur,
2426 5644 2556 5695 ordo
2584 5649 2863 5697 verborum
2894 5646 2970 5696 .“it!
3002 5646 3358 5696 itutnutatnius
3382 5656 3486 5707 est,
3512 5646 3607 5696 τοῦ
3635 5648 3751 5696 ἴσον

2182 5714 2442 5785 ὑπάρχειν
2476 5713 2621 5784 αύτῴ
2655 5715 2916 5768 ἐποαένου
2944 5714 3020 5784 τῷ
3047 5714 3260 5786 Πατέρα
3290 5714 3433 5784 ἔχειν
3469 5715 3557 5768 τὸν
3593 5716 3748 5768 Θεὸν.
