3978 6410
241 430 346 483 535

1345 437 1716 496 ADVERSUS
1755 437 2122 495 EUNOMIUM
2164 437 2290 493 LIB.
2332 437 2374 493 l.

3355 438 3460 493 566

237 553 272 602 ό
307 547 416 617 (68)
466 550 707 619 πέμψας
727 570 822 622 με,
847 554 1056 623 μείζων
1075 575 1193 626 μου
1221 558 1383 612 ἐστί·
1417 559 1509 612 τοῦ
1551 559 1606 612 δὲ
1649 561 1789 614 Ἀπο·

1907 558 2064 622 misit,
2101 557 2270 624 major
2297 571 2375 608 me
2405 565 2477 608 est
2501 557 2522 588 ⁹
2553 571 2567 608 :
2609 567 2707 607 nec
2731 551 2878 607 audit
2905 551 3238 621 Apostolum,
3271 553 3360 622 qui
3384 552 3462 605 di-

239 640 425 693 στόλου
454 641 702 710 λέγοντος
732 646 831 699 οὐκ
858 646 1042 700 ἀκούει
1067 649 1175 718 (69)
1208 649 1310 713 ὅτι,
1343 651 1454 720 Οὐχ
1504 652 1792 721 ἁρπαγμὸν

233 733 482 802 ἡγήσατο
506 732 566 785 τὸ
590 728 728 787 εἶναι
764 735 852 788 τσα
895 736 1032 807 Θεῷ.
1065 738 1172 809 (70)
1205 740 1395 792 Καίτοι
1425 741 1472 792 εί
1522 740 1663 793 κατὰ
1701 740 1793 792 τὸν

236 825 330 878 σὺν
361 826 576 898 λόγονὴ
619 828 912 900 ἀγεννησία
962 832 1116 885 οὐσία
1167 827 1263 903 ἦν,
1321 833 1566 887 ἐϐούλετο
1602 834 1658 886 δὲ
1694 835 1792 905 τὴν

234 919 352 970 κατ’
375 919 560 972 οὐσίαν
587 921 856 992 ὑπεροχὴν
897 922 1179 988 ἐπιδεῖξαι,
1219 920 1370 977 εἷπεν
1396 924 1460 977 ἄν
1483 941 1496 954 ·
1546 925 1602 977 '0
1632 924 1791 992 ἀγέν-

233 1027 394 1079 νητος
419 1011 617 1082 μείζων
650 1031 750 1082 μου
782 1015 948 1068 ἐστίν.
991 1016 1285 1089 ’Υμέτερος
1316 1017 1372 1069 δέ
1399 1020 1544 1071 ἐστιν
1565 1019 1593 1069 ὁ
1612 1016 1787 1084 λόγος,

229 1101 318 1153 ὅτι
367 1105 400 1172 ἡ
437 1102 529 1155 τοῦ
569 1103 782 1175 Πατρὸς
828 1107 1166 1178 προσηγορία
1219 1109 1497 1179 ἐνεργείας
1549 1108 1665 1160 ἐστ)⁵
1697 1107 1790 1160 καὶ

230 1193 336 1246 οὐκ
385 1189 571 1256 οὐσίας
617 1199 947 1268 σημαντικὴ.
999 1197 1238 1262 Μείζονα
1287 1195 1380 1253 οὖν
1421 1200 1665 1267 λέγοντες
1694 1198 1786 1252 τοῦ

230 1283 365 1338 Υξοῦ
394 1285 482 1338 τὸν
512 1286 749 1357 Πατέρα,
779 1287 999 1358 μείζονα
1028 1288 1122 1342 τοῦ
1145 1289 1305 1360 ἔργου
1339 1291 1472 1359 φατέ
1510 1293 1607 1360 τὴν
1638 1292 1789 1362 ἐνέρ-

227 1393 408 1444 γειαν.
442 1377 598 1429 Πᾶσα
631 1376 686 1430 δὲ
715 1378 882 1448 δήπου
927 1379 1037 1449 (71)
1090 1379 1338 1451 ἐνέργεια
1385 1381 1669 1450 συμϐαίνει
1711 1379 1788 1451 τῷ

230 1466 421 1538 μέτρῳ
456 1470 566 1530 τοῖς
618 1468 674 1533 ἐξ
713 1468 882 1538 αὐτῆς
912 1471 1246 1541 γινομένοις·
1283 1475 1376 1526 καὶ
1434 1475 1640 1546 μεγάλη
1691 1474 1809 1543 μὲν

225 1556 338 1610 τῶν
374 1558 620 1626 μεγάλων
665 1558 839 1630 ἔργων
882 1561 1016 1625 ἐστὶ,
1053 1565 1258 1633 σμικρὰ
1285 1564 1340 1617 δὲ
1371 1565 1477 1618 τῶν
1505 1564 1790 1638 σμικροτέ-

227 1664 362 1718 ρων.
399 1648 473 1701 Τὸ
523 1645 615 1702 οὖν
661 1650 880 1720 μείζονα
933 1651 1026 1704 τοῦ
1061 1654 1191 1707 Υίοῦ
1237 1655 1326 1707 τὸν
1384 1656 1600 1727 Πατέρα
1651 1655 1790 1709 κατὰ

222 1738 417 1793 τοῦτον
447 1741 536 1793 τὸν
585 1741 743 1810 λόγον
785 1743 1067 1814 ὁμολογεῖν
1116 1746 1268 1798 οὐδὲν
1315 1747 1498 1818 ἕτερόν
1551 1750 1718 1810 ἐστιν,
1754 1747 1786 1818 ἢ

222 1830 580 1902 ἀσύμμετρον
614 1832 690 1903 τῷ
741 1833 886 1905 ἔργῳ
936 1834 1176 1889 τίθεσθαι
1223 1838 1318 1908 τὴν
1365 1839 1660 1910 ἐνέργειαν,
1697 1839 1788 1892 καὶ

1893 649 1969 702 cit
2005 648 2146 717 quod
2175 662 2278 701 non
2315 647 2555 716 rapinam
2599 646 2895 700 arbitratus
2925 645 2997 700 sit
3035 660 3152 700 esse
3181 661 3240 700 se
3281 659 3464 715 arqua-

1891 742 1993 796 lem
2048 742 2157 797 Deo
2203 742 2267 796 ¹⁰.
2311 743 2471 811 Atqui
2498 742 2564 822 si,
2597 748 2681 810 μη
2739 741 2892 803 dicis,
2941 740 3276 809 ingeneratio
3333 741 3462 794 sub-

1893 833 2088 886 stantia
2129 840 2293 898 esset,
2325 831 2687 899 volnissetque
2742 831 3106 900 praestantiam
3163 831 3458 884 secundum

1892 922 2249 976 substantiam
2279 921 2606 983 .ostendere,
2645 920 2870 975 dixisset
2921 920 3146 990 utique:
3183 917 3461 988 lngenltus

1890 1013 2061 1082 major
2093 1027 2176 1066 me
2201 1021 2306 1066 est.
2339 1011 2472 1064 Nam
2497 1011 2764 1066 sententia
2793 1022 2967 1066 vestra
3000 1013 3112 1066 haec
3148 1022 3250 1078 est,
3285 1012 3461 1066 Patris

1889 1103 2249 1173 appellatione
2264 1102 2626 1172 Operationem
2646 1117 2750 1156 non
2769 1102 3123 1155 substantiam
3142 1103 3456 1173 signiﬁcari.

1887 1193 2074 1264 Itaque
2096 1209 2216 1248 cum
2249 1193 2428 1248 dicitis
2464 1193 2676 1248 Patrem
2713 1192 2850 1246 Filio
2882 1194 3162 1261 majorem,
3188 1197 3458 1264 operatio-

1886 1302 2006 1341 nem
2040 1300 2202 1355 opere
2249 1286 2506 1355 majorem
2548 1285 2748 1340 dicitis.
2797 1286 2986 1342 Omnis
3019 1289 3162 1342 enim
3193 1289 3454 1356 operatio,

1885 1381 2235 1450 proportione
2272 1379 2592 1445 servata,iis
2621 1394 2738 1448 quae
2763 1395 2827 1434 ex
2862 1380 2950 1434 illa
2984 1381 3137 1446 ﬁunt,
3169 1374 3459 1452 congruit;

1884 1483 1938 1527 et
1981 1487 2171 1539 magna
2203 1471 2419 1540 quidem
2446 1487 2756 1542 magnorum
2776 1488 2995 1540 operum
3015 1483 3116 1536 est,
3138 1489 3302 1543 parva
3330 1489 3459 1530 vero

1886 1565 2174 1617 minorum.
2211 1563 2443 1618 Proinde
2469 1563 2722 1633 majorem
2760 1563 2896 1618 Filio
2921 1564 3132 1618 Patrem
3165 1567 3268 1621 hoc
3299 1567 3459 1622 modo

1887 1656 2152 1720 conﬁteri,
2188 1654 2320 1707 nihil
2349 1654 2492 1707 aliud
2517 1664 2620 1718 est,
2644 1670 2803 1724 quam
2839 1655 3277 1724 incongruentem
3302 1658 3454 1728 operi

1887 1745 2254 1815 operationem
2289 1753 2546 1811 statuere,
2579 1755 2633 1798 et
2685 1747 2864 1802 dicere
2919 1747 3119 1802 frustra
3181 1748 3347 1802 Deum
3389 1750 3457 1804 ad

1889 1839 2222 1908 operationis
2248 1839 2671 1908 magnitudinem
2698 1849 3025 1894 commotum
3049 1855 3324 1904 esse,cum
3349 1856 3455 1896 non

226 1921 410 1991 μάτην
443 1922 670 1990 φάσκειν
701 1926 836 1996 πρὸς
871 1926 930 1978 τὸ
963 1927 1075 1997 (7⁸2)
1114 1927 1213 1997 τῆς
1243 1929 1520 2000 ἐνεργείας
1565 1930 1788 2001 μέγεθος

1892 1931 2125 2000 potuerit
2157 1929 2412 1986 effectum
2439 1931 2741 2002 operationi
2780 1933 3080 2002 adaequare.
3118 1933 3296 1999 Quare
3318 1934 3456 1988 duo-

218 2011 318 2064 τὸν
339 2012 467 2065 Θεὸν
491 2014 830 2084 κεκινῆσθαι,
863 2017 922 2070 οὐ
952 2017 1240 2088 δυνηθέντα
1269 2023 1330 2091 τῇ
1357 2022 1604 2093 ἐνεργείᾳ
1652 2040 1788 2093 παρ-

224 2103 424 2158 ισῶσαι
443 2106 500 2159 τὸ
527 2106 676 2171 τέλος
714 2110 872 2162 Ὥστε
902 2110 961 2162 τὸ
985 2111 1168 2182 ἕτερον
1191 2115 1302 2164 τοῖν
1333 2113 1475 2167 δυοῖν
1507 2114 1786 2185 (73)άναγ-

220 2197 400 2261 καίως
420 2199 786 2253 διαπεσεῖται·
828 2201 860 2272 ἢ
898 2203 972 2273 μὴ
1007 2202 1197 2274 δηλοῦν
1230 2204 1507 2276 ἐνέργειαν
1545 2207 1634 2260 τὸν
1667 2209 1781 2260 Πα-

217 2293 380 2363 τέρα,
438 2293 574 2346 ἀλλὰ
603 2295 809 2354 οὐσίαν,
845 2297 937 2347 καὶ
965 2295 1135 2360 οῗιτως
1171 2297 1350 2361 αὐτοῖς
1381 2301 1409 2351 ὁ
1459 2300 1780 2371 σεσοφισμέ-

218 2399 316 2448 νος
345 2383 444 2452 τῆς
472 2385 788 2455 ὁμοιότητος
819 2386 928 2456 (74)
956 2386 1108 2454 λόγος
1133 2387 1570 2460 διαγεγράψεται,
1600 2391 1782 2460 ὅμοιον

218 2473 302 2544 τῷ
355 2476 529 2547 Πατρὶ
572 2476 662 2529 τὸν
714 2476 839 2529 Υίὸν
879 2477 1192 2547 τιθεμένων,
1233 2479 1494 2545 τουτέστι,
1526 2483 1589 2551 τῇ
1636 2482 1785 2550 ἐνερ-

218 2566 378 2637 γείᾳ·
413 2562 522 2620 οἷον
572 2566 681 2637 γὰρ
735 2566 995 2637 ἠθέλησεν
1025 2571 1054 2621 ὁ
1087 2569 1292 2641 Πατὴρ,
1324 2571 1488 2640 φησι,
1544 2571 1783 2625 τοιοῦτον

218 2657 477 2728 ἐποίησε,
529 2657 661 2710 καθὸ
705 2660 800 2711 καὶ
832 2659 1023 2712 ἐἰκόνα
1077 2659 1377 2730 βουλήσεως
1423 2662 1536 2731 (75)
1584 2662 1784 2732 ὀνομά-

218 2749 438 2814 ζουσιν·
474 2750 506 2821 ἢ
541 2750 696 2802 τοῦτο
730 2751 1119 2819 φυλάσσοντας,
1168 2752 1240 2823 μὴ
1282 2747 1419 2806 εἶναι
1454 2753 1632 2823 λέγειν
1669 2754 1784 2825 μεί-

218 2828 354 2906 ζονα
422 2842 512 2894 τὸν
595 2843 835 2912 Πατέρα.
895 2843 1215 2914 Ἐπειδήπερ
1285 2845 1430 2898 πᾶσα
1511 2846 1786 2917 ἐνέργεια,

221 2929 456 3003 μηδενὸς
492 2933 877 3004 ἀνθισταμένου
915 2933 1021 2986 τῶν
1045 2933 1259 2998 ἔξωθεν,
1318 2935 1626 3006 σύμμετρός
1674 2940 1790 2990 ἐστι

1891 2038 2006 2076 rum
2035 2023 2262 2077 alterum
2293 2024 2509 2078 eveniat
2543 2039 2764 2078 necesse
2811 2033 2915 2089 est,
2941 2035 3000 2078 ut
3031 2034 3122 2079 aut
3151 2025 3312 2079 Pater
3349 2041 3452 2081 non

1887 2113 2153 2186 signiﬁcet
2185 2115 2576 2185 operationem,
2597 2115 2687 2169 sed
2718 2115 3304 2185 substantiam;sicque
3333 2131 3455 2171 eva-

1885 2217 2067 2262 nescet
2095 2208 2400 2278 excogitata
2419 2209 2485 2263 ab
2516 2208 2595 2262 eis
2619 2208 2986 2262 similitudinis
3013 2210 3168 2269 ratio,
3194 2225 3294 2277 qua
3325 2225 3420 2263 san
3439 2237 3454 2245 ο

1883 2300 2033 2354 ciunt
2055 2300 2248 2355 Filium
2278 2299 2422 2354 Patri
2454 2299 2682 2360 similem
2719 2302 3184 2369 esse,operatione
3206 2301 3448 2356 scilicet:

1883 2393 2092 2461 qualem
2120 2393 2260 2447 enim
2293 2392 2455 2447 voluit
2481 2391 2658 2459 Pater,
2690 2393 2954 2462 inquiunt,
2982 2395 3136 2447 talem
3175 2395 3319 2457 fecit,
3348 2411 3454 2466 quo

1884 2485 2050 2540 etiam
2089 2495 2246 2554 pacto
2275 2485 2565 2539 voluntatis
2601 2485 2884 2554 imaginem
2907 2501 3028 2539 cum
3067 2498 3261 2541 vocant
3295 2505 3307 2540 :
3339 2497 3452 2551 aut.

1891 2577 1934 2632 si
1967 2578 2034 2630 ab
2065 2577 2167 2630 hoc
2199 2575 2301 2630 sibi
2337 2586 2578 2637 caveant,
2611 2590 2715 2628 non
2747 2576 2925 2630 dicent
2959 2575 3169 2631 Patrem
3199 2579 3450 2648 majorem

1893 2682 2037 2722 esse.
2077 2666 2205 2720 Nam
2233 2667 2476 2734 operatio
2504 2668 2697 2731 omnis,
2733 2675 2955 2722 externa
2985 2669 3126 2720 nulla
3150 2684 3206 2722 re
3237 2670 3455 2722 obstan-

1892 2767 1962 2820 te,
2007 2758 2314 2812 habetcum
2346 2756 2625 2812 ell'ectihus
2670 2758 2782 2812 suis
2835 2759 3253 2827 proportionem.
3281 2757 3456 2826 Atque

1892 2849 2005 2903 luec
2030 2849 2096 2903 ad
2119 2849 2500 2903 confutandam
2531 2849 2764 2916 ipsorum
2801 2849 2851 2902 in
2884 2849 3218 2917 dogmatibus
3241 2848 3451 2903 dissen-

1893 2941 2098 2994 sionem
2128 2943 2264 2995 dicta
2291 2943 2420 2995 sint.

219 3027 336 3087 τοῖς
385 3023 604 3087 οἰκείοις
651 3025 1068 3095 ἁποτελέσμασι.
1116 3025 1300 3080 Ταῦτα
1359 3026 1458 3096 μὲν
1517 3023 1610 3080 οὖν
1656 3027 1790 3098 πρὸς
1828 3027 2046 3101 ἔλεγχον
2071 3031 2169 3102 τῆς
2195 3032 2252 3085 ὲν
2280 3032 2390 3094 τοῖς
2418 3029 2680 3100 δόγμασιν
2735 3029 2911 3082 αὐτῶν
2968 3028 3320 3100 ἀσυμφωνίας
3345 3025 3454 3098 (76)

219 3117 480 3189 εἰρήσθω.

292 3208 383 3263 25.
437 3209 640 3262 Ἐκεῖνο
691 3211 746 3264 δὲ
778 3211 881 3265 τίνι
927 3211 1034 3265 τῶν
1083 3213 1299 3266 πάντων
1349 3211 1560 3284 ἄδηλον,
1604 3214 1685 3269 ὅτι
1723 3214 1784 3268 τὸ

1950 3213 2040 3268 25.
2084 3210 2214 3265 lllud
2234 3223 2410 3267 autem
2443 3213 2526 3266 cui
2557 3227 2659 3266 non
2693 3221 2773 3266 est
2805 3211 3164 3280 perspicuum,
3187 3210 3328 3279 quod
3355 3209 3454 3264 ali-

221 3299 414 3372 μεῖζον
463 3301 495 3371 ἢ
537 3301 675 3354 κατὰ
723 3303 811 3355 τὸν
855 3304 954 3374 τῆς
998 3305 1175 3368 αἰτίας
1210 3304 1363 3373 λόγον
1407 3305 1604 3376 (77),ἢ
1645 3305 1783 3360 κατὰ

221 3392 316 3446 τδν
361 3393 460 3464 τῆς
509 3394 787 3465 δυνάμεως
851 3397 1213 3468 πλεονασμὸν,
1260 3399 1291 3469 ἢ
1342 3399 1480 3451 κατὰ
1540 3398 1635 3470 τὴν
1687 3399 1780 3452 τοῦ

223 3479 533 3551 ἀξιώματος
565 3484 852 3555 ὑπεροχὴν,
877 3486 908 3555 ἢ
942 3486 1079 3539 κατὰ
1110 3487 1212 3558 τὴν·
1236 3488 1341 3541 τῶν
1365 3489 1540 3554 ὄγκων
1570 3507 1786 3559 περιου-

223 3571 349 3624 σίαν
391 3572 634 3641 λέγεται;
686 3577 841 3629 Κατὰ
886 3577 981 3646 μὲν
1027 3574 1120 3630 οὖν
1170 3577 1258 3630 τὸν
1304 3578 1463 3646 ὄγκον
1515 3580 1588 3649 μὴ
1646 3579 1788 3649 εἰλῆ-

326 3750 347 3780 ⁹
375 3748 528 3804 Joan.
562 3764 668 3815 τιν,
718 3748 811 3804 28.
886 3748 926 3780 ¹⁰
962 3749 1134 3820 Philip
1179 3765 1248 3814 tt,
1275 3751 1329 3807 6.

300 3904 411 3978 (68)
451 3904 697 3978 Veteres
727 3904 945 3978 aliquot
987 3904 1106 3959 libri
1160 3905 1486 3978 cumeditis,
1533 3909 1560 3959 ὁ
1601 3907 1788 3978 Πατήρ

227 3976 407 4048 plodo.
439 3975 538 4048 Alii
583 3977 796 4048 codices
828 3975 1064 4048 melioris
1093 3986 1251 4038 notae,
1283 3977 1316 4048 δ
1339 3977 1524 4048 Πατὴρ
1553 3979 1599 4029 ὁ.

299 4045 412 4114 (69)
451 4044 580 4106 Reg.
623 4046 811 4098 tertius
855 4046 906 4096 in
942 4054 1192 4100 contextu
1233 4047 1445 4112 quidem
1477 4044 1649 4101 habet
1689 4048 1785 4101 οὐκ

223 4115 416 4168 ἀκούει
445 4133 457 4166 :
486 4116 578 4166 sed
616 4118 666 4166 in
699 4131 790 4166 ora
841 4115 959 4168 libri
997 4117 1157 4168 habet
1187 4117 1286 4168 οὐκ
1324 4116 1560 4179 ἀκούεις.
1595 4120 1790 4170 Statim

225 4187 360 4257 editi
391 4185 636 4254 ἡγήσατο
673 4180 842 4257 εἶναιἒ
861 4184 1004 4239 Lihri
1035 4196 1240 4257 veteres
1271 4189 1511 4257 ἡγήσατο
1537 4188 1596 4240 τὸ
1631 4183 1785 4241 εἷναι.

301 4255 412 4324 (70)
443 4257 513 4307 Ita
547 4257 644 4308 hoc
674 4256 792 4309 loco
816 4255 1038 4310 Basilius
1073 4255 1408 4310 adversarios
1436 4260 1696 4320 adoritur,
1733 4272 1789 4310 ut

227 4342 324 4380 cos
361 4328 474 4377 suis
515 4325 752 4390 ipsorum
795 4327 960 4378 armis
1003 4325 1295 4380 confodiat.
1328 4326 1516 4380 Dicitis
1545 4344 1662 4391 vos,
1709 4329 1788 4380 in-

227 4399 347 4462 quit
378 4395 621 4456 Basilius,
655 4411 847 4448 nomen
880 4395 1052 4449 Patris
1093 4398 1481 4463 Operationcm,
1520 4414 1622 4450 non
1661 4401 1788 4451 sub-

228 4466 484 4518 stantiam
516 4466 770 4518 indicare.
809 4465 868 4518 ld
898 4476 1073 4519 autem
1109 4465 1151 4519 si
1182 4481 1362 4518 verum
1395 4478 1495 4526 est,
1528 4470 1650 4522 hinc
1682 4469 1790 4520 elli-

227 4539 398 4593 citur,
442 4534 650 4586 l’atrem
696 4551 798 4587 non
831 4537 1127 4588 substantia
1165 4536 1299 4590 Filio
1349 4537 1606 4606 majorem
1649 4555 1786 4601 esse,

228 4607 325 4658 sed
360 4606 671 4670 operatione
702 4609 978 4657 duntaxat.

305 4674 418 4743 (7|)
446 4675 591 4747 Editi
611 4685 665 4747 et
701 4690 837 4747 unus
860 4689 963 4747 ins.
989 4676 1142 4728 Πᾶσα
1173 4677 1280 4747 γὰρ
1305 4677 1494 4744 δήπου.
1526 4677 1626 4730 Alii
1663 4691 1793 4745 qua-

231 4755 357 4816 tnor
394 4759 518 4816 mss.
549 4744 702 4796 Πᾶσα
732 4745 786 4816 δὲ
815 4744 1004 4814 δήπου.
1048 4744 1332 4816 Aliquanto
1370 4758 1489 4816 post
1521 4753 1623 4801 duo
1664 4744 1791 4800 mss.

229 4815 264 4885 ἢ
300 4813 665 4885 ἁσυμμέτρως
689 4813 788 4882 τῷ.

303 4885 416 4955 ..72)
450 4884 568 4956 Illa,
592 4885 830 4956 πρὺςτό,
862 4895 991 4943 etc..
1023 4884 1124 4938 hoc
1150 4902 1309 4940 sensu
1341 4888 1477 4940 dicta
1511 4887 1674 4939 fuisse
1709 4901 1793 4937 ar-

229 4954 427 5009 bitror.
460 4954 672 5008 Patrem
717 4955 854 5008 Filio
891 4956 1146 5023 majorem
1179 4972 1298 5010 esse
1329 4960 1372 5010 si
1411 4957 1792 5024 proﬁteamini,

231 5040 573 5092 consequens
603 5034 685 5078 est
717 5035 774 5078 ut
812 5025 1006 5078 dicatis
1033 5025 1196 5078 Deum
1242 5027 1437 5080 frustra
1475 5029 1525 5079 in
1558 5029 1607 5080 id
1649 5028 1797 5078 incu-

232 5097 437 5156 buisse,
473 5106 523 5146 ut
562 5111 808 5164 magnum
843 5098 1127 5162 quemdam
1157 5096 1404 5149 eil'octum
1437 5099 1639 5162 ederet,
1671 5112 1793 5148 cum

229 5165 376 5233 quod
399 5166 553 5218 vellet
573 5167 783 5234 assequi
813 5181 914 5218 non
945 5168 1196 5234 potuerit.
1223 5164 1325 5218 Ista
1349 5175 1430 5220 est
1452 5167 1592 5219 enim
1621 5175 1795 5218 vestra

230 5236 523 5296 sententia,
561 5239 876 5302 productum
904 5253 1006 5289 non
1041 5235 1205 5289 fuisse
1231 5251 1260 5288 a
1289 5236 1414 5299 Deo,
1451 5253 1570 5289 cum
1601 5236 1794 5288 Filimn

231 5306 438 5374 genuit.
483 5304 731 5358 eﬂ‘ectum
767 5307 1096 5374 quempiam,
1130 5308 1219 5373 qui
1250 5315 1342 5359 aut
1381 5306 1676 5374 operationi
1710 5321 1796 5358 re-

233 5378 520 5440 spondeat,
565 5384 655 5427 aut
690 5392 808 5427 cum
841 5391 898 5428 ea
935 5378 1332 5442 proportionem
1382 5376 1575 5428 haheat
1611 5376 1793 5429 ullam.

236 5447 310 5499 [is
341 5462 445 5514 quo
473 5449 528 5498 lit
559 5457 610 5497 nt
638 5445 815 5506 Pater,
850 5462 969 5516 cum
994 5446 1185 5499 Filium
1217 5447 1517 5516 generavit,
1554 5461 1662 5498 rem
1692 5463 1795 5499 non

233 5517 308 5570 ita
344 5532 586 5583 magnam
629 5515 957 5584 produxerit.

306 5585 421 5650 (75)
462 5586 643 5640 ’Ὥστε
674 5585 740 5638 τὸ
766 5585 969 5652 ἕτερον
993 5585 1121 5638 τοῖν
1153 5585 1344 5649 δυοῖν,
1373 5597 1478 5644 etc.
1511 5585 1675 5638 Totus
1712 5586 1800 5639 hic

234 5657 388 5709 locus
414 5656 494 5710 sic
533 5657 742 5710 videtur
785 5656 1083 5708 reddendus
1116 5674 1127 5710 :
1166 5655 1350 5725 Itaque
1390 5658 1698 5709 alterutrum
1736 5671 1800 5706 ea:

233 5727 437 5779 duobus
471 5727 762 5780 necessario
792 5726 1087 5786 admittant,
1126 5728 1199 5778 ita
1231 5739 1282 5779 ut
1310 5728 1385 5780 vel
1415 5726 1576 5778 Pater
1598 5743 1697 5777 non
1725 5727 1798 5777 ai-

235 5795 447 5864 gni/icet
494 5799 864 5863 operationem,
903 5797 992 5847 sed
1043 5798 1388 5849 substantiam
1446 5797 1800 5864 (sier/ueiillis

237 5863 498 5921 i-t'anc'sret
532 5869 823 5931 exragitata
873 5866 1235 5919 aimilittulinis
1283 5863 1596 5932 ratio,dum
1650 5863 1799 5917 I'atri

1889 3303 2013 3372 quid
2034 3303 2134 3357 dici
2164 3302 2332 3356 possit
2363 3299 2554 3368 majus,
2575 3311 2663 3356 aut
2693 3301 2900 3356 ratione
2930 3315 3126 3367 causae,
3156 3308 3453 3368 autpoten-

1889 3398 1974 3450 tia:
2005 3395 2376 3458 redundantia,
2399 3403 2492 3446 aut
2518 3391 2832 3446 excellentia
2867 3392 3160 3462 dignitatis,
3186 3402 3278 3446 ant
3299 3392 3455 3447 molis

1893 3486 2257 3556 magnitudine
2290 3485 2312 3537 ?
2343 3485 2525 3552 Itaque
2569 3498 2673 3538 non
2733 3484 2900 3551 accipi
2944 3482 3116 3552 majus
3162 3483 3452 3538 secundum

1895 3579 2403 3648 magnitudinem,et
2433 3577 2516 3631 hic
2548 3577 2663 3646 ipse
2695 3577 2838 3644 prior
2864 3575 3274 3646 dixit;236et
3299 3575 3456 3645 plane

1895 3907 2115 3960 similem
2169 3904 2366 3958 Filium
2409 3907 2610 3968 dicunt,
2669 3908 2722 3958 id
2770 3916 2842 3959 est
2882 3905 3172 3970 operatioui
3201 3919 3220 3957 :
3249 3909 3456 3974 qualem

1893 3978 2024 4030 enim
2070 3977 2228 4029 coluit
2286 3977 2463 4040 Pater,
2511 3977 2770 4042 inquiunt,
2809 3976 2962 4029 talem
3007 3976 3126 4043 fecit
3159 3991 3177 4028 :
3219 3981 3354 4027 unde
3406 3983 3454 4027 et

1892 4048 2164 4114 imaginem
2201 4047 2474 4100 voluntatis
2515 4047 2661 4098 illum
2713 4046 3034 4112 appellant);
3071 4047 3146 4098 vel
3171 4047 3214 4098 si
3246 4047 3300 4098 id
3331 4045 3456 4098 reti-

1899 4131 2035 4179 nent,
2064 4116 2234 4178 maior
2267 4115 2404 4168 Filio
2441 4116 2599 4168 Pater
2631 4117 2734 4168 dici
2773 4132 2872 4168 non
2899 4117 3082 4182 possit.

1967 4187 2080 4252 (7i)
2113 4188 2290 4238 (Index
2339 4187 2488 4239 Colh.
2525 4203 2642 4237 cum
2685 4185 2816 4246 Reg.
2853 4186 3010 4238 tertio
3053 4185 3454 4256 ἀνομοιότητος,

1897 4269 2165 4321 corrupte.
2196 4257 2298 4308 Alii
2332 4274 2456 4308 mss.
2490 4268 2541 4308 et
2581 4257 2707 4308 editi
2749 4256 3083 4326 ὁμοιότητος,
3123 4267 3289 4308 recte.
3323 4255 3454 4308 Illud

1895 4329 2035 4391 quod
2066 4343 2185 4378 mox
2219 4328 2480 4393 sequitur,
2513 4327 2694 4396 ᾂμοιον
2718 4326 2795 4396 τῷ
2825 4337 2951 4389 ‹,·ιυ.,
2986 4327 3053 4376 ita
3095 4328 3456 4396 interpretans

1897 4396 2308 4464 'l‘rapezimtius,
2344 4413 2458 4448 cum
2514 4394 2660 4448 Patri
2703 4395 2922 4455 Filium,
2960 4395 3013 4447 id
3059 4405 3132 4448 est
3169 4395 3455 4460 operationi

1894 4470 2113 4518 siautem
2161 4465 2498 4525 arbitrentur.
2531 4482 2749 4519 sensum
2797 4467 3078 4517 verborum
3129 4467 3232 4517 alio
3265 4465 3449 4515 detor-

1848 4592 1864 4615 ⁸
1895 4539 1981 4615 sit.
2004 4535 2119 4615 lloc
2146 4537 2272 4587 tliett
2296 4535 2544 4615 Basilius,
2577 4538 2824 4615 arbitrari
2855 4535 3234 4588 Eunomianos.
3263 4533 3454 4587 Filiqu

1894 4608 2126 4659 similem
2157 4620 2276 4657 esse
2305 4605 2448 4658 Patri
2479 4606 2810 4674 operatione.

1969 4676 2078 4744 (75)
2119 4677 2243 4741 Reg.
2287 4676 2477 4729 tertius
2517 4671 2707 4727 ἐἰκόνα
2753 4675 2965 4744 βουλῆς.
3020 4673 3171 4737 Illud,
3224 4673 3256 4743 ἢ
3299 4671 3457 4726 τοῦτο

1897 4746 2288 4814 φυλάσσοντας,
2322 4747 2398 4798 sic
2424 4748 2580 4798 debet
2611 4747 2797 4812 accipi.
2825 4746 2928 4797 Ant
2959 4744 3002 4814 si
3036 4745 3218 4796 dicunt
3250 4760 3352 4795 non
3378 4747 3456 4795 si-

1898 4812 2140 4884 gnilicari
2189 4817 2561 4884 substantiola
2590 4816 2949 4882 appellatione
2984 4812 3178 4873 Patris,
3211 4816 3302 4884 sed
3327 4828 3455 4880 ope-

1899 4882 2182 4946 rationem,
2210 4885 2291 4938 Vel
2340 4885 2493 4937 inviti
2544 4883 2816 4936 fateantur
2858 4898 3076 4937 necesse
3115 4895 3196 4937 est
3239 4882 3456 4936 Patrem

1897 4956 2035 5009 Filio
2075 4957 2330 5022 majorem
2380 4969 2485 5008 non
2531 4970 2669 5009 esse.
2709 4954 2940 5014 Etenim,
2971 4962 3026 5005 ut
3053 4954 3129 5006 ait
3157 4971 3279 5008 mox
3308 4953 3457 5005 Basi-

1897 5027 2022 5087 lius,
2059 5021 2304 5092 operatio
2334 5025 2510 5078 omnis
2537 5025 2694 5078 habet
2724 5041 2844 5078 cum
2877 5024 2989 5076 suis
3015 5021 3294 5076 ell'ectibus
3335 5036 3457 5090 pro-

1896 5097 2217 5163 portionem.
2251 5095 2382 5147 Cum
2429 5096 2590 5161 igitur
2636 5095 2877 5162 operatio
2918 5094 3091 5146 Patris
3128 5093 3332 5145 inﬁnita
3361 5092 3453 5163 sit,

1897 5162 1950 5217 et
1981 5167 2092 5234 ipse
2127 5180 2338 5232 quoque
2369 5163 2592 5218 cﬂ'octns
2629 5166 2866 5216 inlinitus
2905 5178 3024 5216 esse
3053 5163 3229 5218 debet.
3258 5162 3456 5234 alioqui

1898 5231 2013 5288 nec
2039 5231 2336 5304 similitudo
2367 5249 2463 5288 nec
2500 5237 2775 5304 proportio
2804 5245 2947 5288 esset
2985 5235 3353 5302 operationem
3381 5231 3460 5283 in-

1903 5316 1984 5359 ter
2017 5316 2068 5355 et
2101 5303 2366 5357 eﬂ‘ectum.

1968 5374 2092 5443 (76)¹
2123 5375 2260 5427 Editi
2306 5385 2360 5426 et
2389 5373 2520 5442 Reg.
2553 5375 2768 5441 quintus
2811 5375 2990 5429 αὐτῶν
3039 5369 3374 5443 συμφωνίας,
3405 5379 3455 5423 ει

1901 5444 1970 5497 ita
2005 5442 2203 5512 legerat
2234 5446 2520 5513 interpres,
2547 5461 2668 5498 cum
2702 5448 2946 5506 verterit,
2983 5447 3049 5495 ad
3084 5442 3457 5508 reprehenden-

1898 5518 2019 5566 dam
2067 5521 2292 5583 ipsorum
2346 5512 2398 5567 in
2444 5515 2767 5583 dogmatibus
2810 5515 3163 5568 concordiam.
3214 5512 3314 5564 Alii
3361 5524 3455 5564 sex

1901 5601 2028 5637 mss.
2090 5585 2482 5655 ἀσυμφωνίας,
2524 5587 2590 5636 ad
2647 5588 3060 5654 redarguendam
3114 5583 3343 5649 ipsorum
3402 5585 3458 5634 in

1899 5660 2221 5722 dogmatibus
2258 5657 2596 5714 discordiam,
2629 5656 2848 5720 Optime.

1971 5719 2081 5795 (77)
2109 5727 2336 5779 Codices
2371 5728 2473 5779 duo
2505 5725 2538 5795 ἢ
2568 5719 2686 5777 κατ’
2721 5725 2882 5776 αὑτὸν
2919 5724 3008 5776 τὸν
3049 5723 3144 5795 τῆς
3165 5722 3350 5795 αἰτίας
3373 5719 3460 5795 λό-

1901 5812 2012 5862 γον.
2045 5792 2238 5848 ΙιιίιΙιιιιι
2273 5796 2398 5847 editi
2431 5807 2485 5847 et
2528 5792 2668 5847 unus
2710 5810 2810 5846 ms.
2841 5796 2872 5865 ἢ
2916 5796 3033 5847 κατ’
3062 5792 3220 5846 αὑτὸν
3248 5793 3336 5845 τὸν
3362 5793 3458 5862 τῆς

1901 5867 2197 5936 δυνάμεως.
2229 5866 2329 5918 Alii
2357 5880 2449 5920 sex
2479 5881 2608 5920 mss.
2649 5865 2683 5935 ἧ
2711 5865 2851 5918 κατὰ
2883 5867 2973 5919 τὸν
2999 5865 3096 5936 τῆς
3121 5865 3281 5920 δυν...
