3978 6410
555 403 659 462 567

1867 400 1926 454 S.
1965 399 2205 456 BASILII
2236 397 2448 452 MAGNI

550 537 640 579 res
664 522 737 576 ita
770 534 829 575 se
858 521 1051 585 habet;
1083 534 1203 574 cum
1238 519 1288 572 in
1322 515 1691 588 magnitudine
1715 518 1886 586 majus
1911 526 2114 572 tantum

2222 517 2347 585 φθαι
2373 515 2434 568 τὸ
2461 514 2643 583 μεῖζον
2676 514 2786 582 (78)
2817 512 2976 574 αὐτός
3007 527 3064 563 τε
3099 502 3249 572 οὗτος
3279 506 3573 580 προλαϐὼν
3602 507 3784 578 ἔφησε,

551 618 643 680 sit,
675 611 937 682 quantum
965 621 1018 667 et
1048 613 1223 667 minus
1260 622 1314 666 et
1351 611 1599 679 amplius.
1633 611 1761 677 Quae
1811 612 1954 664 enim
2005 627 2116 664 ma-

553 704 834 771 gnitudine
890 718 992 755 non
1044 709 1262 770 possunt
1314 700 1732 768 comprehendi,
1767 701 1875 753 imo
1925 700 2119 768 porius,

554 811 672 862 qua:
713 792 1079 861 magnitudine
1129 807 1193 844 ac
1224 791 1521 858 quantitate
1569 791 1787 844 omnino
1822 801 2031 853 carent,
2058 806 2118 843 ea

553 885 678 953 quis
700 883 868 952 possit
902 882 1040 936 inter
1069 896 1127 936 se
1156 881 1385 934 dimetiri
1408 881 1564 950 ?quze
1581 890 1757 935 autem
1787 897 1888 934 non
1917 892 2122 950 queunt

555 977 692 1029 inter
720 989 778 1029 se
815 974 1135 1042 comparari,
1165 974 1432 1041 quomodo
1475 975 1526 1026 in
1566 974 1628 1027 iis
1663 974 1713 1027 id
1745 977 1886 1043 quod
1915 977 2120 1030 excedit

555 1075 909 1134 cognoscetur
952 1063 1193 1117 ?Dicere
1233 1072 1408 1117 autem
1467 1064 1740 1118 Christum
1793 1066 1880 1120 Dei
1935 1075 2124 1135 poten-

556 1158 705 1220 tiam,
745 1155 977 1223 potentia
1003 1154 1311 1208 inferiorem
1347 1169 1487 1217 esse,
1524 1155 1677 1209 valde
1706 1155 1910 1223 puerile
1944 1166 2044 1221 est,
2069 1165 2122 1209 et

553 1264 740 1303 eorum
769 1249 860 1315 qui
889 1262 953 1301 ne
983 1246 1268 1300 audierunt
1296 1248 1508 1313 quidem
1549 1260 1733 1299 vocem
1777 1248 2006 1310 Domini,
2032 1251 2121 1315 qui

553 1343 687 1395 dixit
718 1359 731 1394 :
770 1341 879 1410 Ego
907 1350 954 1394 et
1001 1337 1164 1392 Pater
1207 1355 1366 1392 unum
1421 1355 1599 1392 sumus
1631 1339 1670 1369 “
1702 1355 1713 1390 :
1743 1342 1936 1408 quique
1972 1341 2118 1402 illud,

554 1449 738 1495 imum,
768 1448 864 1501 pro
902 1431 1207 1500 :equalitate
1237 1433 1486 1500 potentia:
1527 1434 1750 1500 accepit,
1793 1443 1849 1486 ut
1894 1450 1956 1488 ex
1995 1436 2123 1501 ipsis

556 1524 826 1594 Evangelii
865 1525 1039 1577 verbis
1067 1527 1432 1578 ostendemus.
1475 1524 1604 1579 Cum
1646 1526 1786 1578 enim
1809 1525 2030 1580 dixisset
2058 1529 2122 1580 de

554 1617 621 1670 iis
647 1616 735 1684 qui
768 1616 1099 1670 crediderant
1124 1636 1135 1670 :
1163 1615 1358 1669 Nullus
1400 1633 1485 1670 eos
1531 1634 1558 1670 e
1610 1633 1766 1670 manu
1795 1635 1905 1672 mea
1923 1621 2121 1686 rapiet;

552 1715 628 1767 et,
676 1706 837 1760 Pater
887 1709 972 1776 qui
1018 1707 1143 1760 mihi
1191 1708 1370 1770 dedit,
1415 1707 1585 1776 major
1636 1710 1872 1762 omnibus
1898 1721 2015 1775 est;
2046 1722 2120 1777 et,

556 1798 754 1854 Nullus
782 1818 808 1854 e
832 1818 989 1853 manu
1040 1798 1217 1853 Patris
1253 1800 1352 1852 mei
1378 1809 1540 1868 potest
1594 1818 1795 1866 rapere,
1827 1802 2071 1871 adjunxit
2107 1823 2119 1857 :

555 1891 669 1961 Ego
690 1902 736 1946 et
768 1891 930 1945 Pater
953 1909 1110 1944 unum
1135 1909 1311 1946 turnus
1344 1895 1408 1954 ¹¹,
1439 1894 1517 1947 sic
1542 1902 1598 1947 ut
1621 1906 1800 1962 aperte
1831 1913 1991 1949 unum
2023 1914 2117 1967 pro

554 1983 861 2051 aequalitate
902 1997 964 2036 ac
995 1983 1272 2037 identitate
1303 1985 1550 2052 potentia:
1575 1985 1824 2054 accipiat.
1857 1986 2117 2042 Praeterea

555 2074 597 2126 si
631 2075 720 2127 Dei
751 2075 926 2137 sedes,
963 2083 1021 2127 ut
1050 2090 1144 2128 nos
1163 2075 1452 2138 credimus,
1474 2074 1750 2145 dignitatis
1789 2093 1981 2132 nomen
2015 2091 2116 2142 est,

556 2166 640 2219 illa
675 2165 807 2219 Filio
835 2181 862 2218 a
913 2165 1120 2221 dextris
1167 2165 1340 2221 Patris
1371 2167 1638 2237 assignata
1675 2168 1830 2223 sedes
1863 2171 2118 2238 quidnam

555 2258 696 2310 aliud
727 2273 884 2324 quam
916 2257 1192 2323 dignitatis
1231 2259 1590 2327 mqualitatem
1626 2260 1892 2329 signiﬁcat
1920 2261 1945 2316 ?
1981 2261 2118 2328 Quin

553 2360 608 2402 et
641 2350 900 2402 Dominus
936 2351 985 2402 in
1040 2351 1204 2420 gloria
1259 2351 1436 2406 Patris
1484 2364 1768 2406 venturum
1816 2368 1875 2408 se
1905 2355 2120 2421 pollice-

555 2441 719 2496 tur".
748 2441 1024 2511 Reliquum
1058 2453 1138 2497 est
1173 2445 1356 2513 igitur.
1388 2455 1446 2498 ut
1475 2461 1576 2499 vox
1611 2445 1783 2514 majus
1817 2447 1900 2500 hic
1930 2462 2120 2502 secun-

554 2536 678 2586 dum
710 2550 886 2588 causa:
934 2535 1192 2589 rationem
1235 2537 1465 2592 dicatur.
1500 2536 1630 2589 Nam
1668 2539 1919 2605 quoniam
1952 2554 1982 2592 a
2017 2537 2118 2592 Pa-

559 2634 639 2678 tre
657 2625 810 2694 origo
843 2636 923 2678 cst
950 2624 1091 2689 Filii,
1127 2626 1226 2681 hoc
1265 2628 1434 2693 major
1455 2640 1536 2682 est
1568 2628 1924 2699 Pater,.’quod
1959 2645 2120 2684 causa

555 2717 626 2768 sit
646 2727 698 2768 et
724 2716 1065 2784 principium.
1091 2716 1430 2786 Quapropter
1461 2727 1514 2771 et
1536 2717 1794 2774 Dominus
1830 2721 1907 2775 sic
1933 2720 2069 2773 dixit
2105 2741 2118 2774 :

562 2807 719 2861 Pater
745 2826 888 2862 meus
929 2826 1008 2862 me
1038 2810 1207 2877 major
1239 2820 1334 2876 est,
1366 2819 1523 2878 prout
1572 2811 1730 2866 Pater
1755 2812 2015 2866 videlicet.
2057 2811 2122 2864 ll-

554 2900 643 2952 lnd
673 2913 876 2963 autem,
914 2899 1111 2966 Pater,
1149 2901 1278 2968 quid
1332 2901 1473 2956 aliud
1523 2903 1724 2958 indicat
1761 2903 1861 2958 nisi
1905 2919 2119 2958 causam

556 3001 716 3060 atque
755 2991 1017 3062 originem
1054 3005 1173 3047 esse
1219 2991 1334 3058 ejus
1364 2993 1456 3061 qui
1488 3007 1551 3046 ex
1582 2995 1697 3062 ipso
1744 2995 1958 3064 genitus
1995 2995 2122 3048 est?

558 3083 791 3150 Denique
840 3085 1132 3138 secundum
1181 3094 1411 3138 vestram
1453 3088 1789 3154 sapientiam,
1823 3087 2120 3140 substantia

555 3174 668 3240 ipsa
701 3178 996 3230 substantia
1036 3192 1140 3230 non
1173 3178 1367 3230 dicitur
1397 3178 1563 3244 major
1598 3189 1690 3232 aut
1720 3179 1913 3234 minor.
1948 3180 2123 3246 Quare

553 3280 607 3319 et
651 3267 939 3321 secundum
1003 3268 1122 3323 illos
1184 3269 1356 3338 ipsos,
1400 3280 1454 3324 et
1500 3271 1789 3325 secundum
1843 3273 2121 3326 veritatem

556 3359 745 3427 ipsam,
783 3375 882 3412 vox
932 3359 1144 3428 majoris
1195 3377 1314 3430 qua:
1368 3372 1624 3432 usurpata
1655 3371 1758 3425 est,
1792 3363 1934 3417 nullo
1965 3377 2122 3433 pacto

554 3451 913 3516 praestantiam
948 3453 1242 3505 secundum
1296 3453 1646 3506 substantiam
1689 3455 1973 3524 signiﬁcat.
2011 3455 2119 3511 Nec

553 3555 681 3594 vero
721 3541 808 3595 hic
843 3543 956 3611 ipse
990 3545 1152 3597 Deum
1190 3543 1400 3599 Patrem
1427 3547 1679 3614 majorem
1713 3548 1910 3602 dixerit
1932 3564 2120 3603 secun-

553 3634 675 3686 dum
715 3636 929 3699 molem,
957 3639 1049 3706 qui
1104 3639 1311 3692 scilicet
1354 3641 1622 3705 statuerit,
1665 3641 2015 3709 quantitatem
2068 3643 2118 3696 in

555 3723 660 3778 Deo
687 3726 906 3798 intelligi
941 3744 1044 3784 non
1087 3741 1354 3799 oportere.
1379 3733 1630 3798 Superest
1662 3733 1821 3801 igitur
1852 3733 1918 3796 is,
1957 3749 2114 3804 quem

553 3831 648 3868 nos
689 3816 936 3880 diximus,
984 3819 1203 3888 majoris
1253 3822 1460 3886 modus,
1508 3821 2118 3892 principii,inquam,et

551 3920 746 3958 causm.
777 3907 946 3973 Quam
989 3909 1167 3977 itaque
1201 3911 1583 3982 blasphemiam
1621 3913 1763 3966 circa
1794 3929 1976 3969 vocem
2005 3931 2114 3968 ma-

550 3994 634 4060 ius
678 4001 920 4063 tentavit,
950 4017 1010 4055 ea
1041 4003 1300 4070 ejusmodi
1327 4014 1426 4058 est.

2223 608 2317 660 καὶ
2358 607 2417 659 τὸ
2465 607 2608 669 εἰκὸς
2641 604 2812 667 οὕτως
2860 603 3005 673 ἔχει·
3058 602 3352 673 ἐπειδήπερ
3394 601 3456 652 τὸ
3504 600 3713 670 μεῖζον
3738 603 3787 653 ὲν

2221 703 2334 763 τοῖς
2371 698 2622 769 μεγέθεσι
2654 695 2903 750 τοσοῦτόν
2945 697 3111 758 ἐστιν,
3146 695 3267 747 ὅσον
3301 696 3396 747 καὶ
3437 694 3498 746 τὸ
3549 692 3784 755 ἔλαττον,

2221 794 2314 846 καὶ
2357 793 2456 845 ἔτι.
2486 792 2564 844 Τὰ
2604 793 2660 845 δὲ
2692 791 3036 863 ἀπερίληπτα
3071 791 3148 862 τῷ
3194 789 3440 860 μεγέθει,
3492 790 3702 859 μᾶλλον
3739 790 3787 842 ἃ

2224 886 2466 956 ἀμεγέθη
2505 883 2599 938 καὶ
2645 884 2824 938 ἄποσα
2857 883 3152 948 παντελῶς,
3182 883 3263 946 τίς
3294 882 3358 935 ἂν
3399 881 3658 952 exuto;
3705 898 3791 934 πα-

2226 978 2642 1049 ραμετρήσειεν;
2675 971 2749 1028 ὧν
2781 977 2836 1029 δὲ
2865 977 3138 1046 ἀμήχανος
3173 978 3205 1046 ή
3246 974 3572 1046 παράθεσις,
3591 976 3701 1026 τίνι
3732 976 3788 1026 ἀν

2223 1073 2406 1142 τρόπῳ
2438 1074 2494 1124 ἐν
2521 1071 2727 1133 τούτοις
2767 1072 2828 1123 τὸ
2865 1069 3197 1141 ὑπερϐάλλον
3234 1068 3603 1138 ὲπιγνωσθείη
3633 1086 3648 1130 ;
3694 1072 3788 1121 Δυ-

2222 1167 2381 1235 νάμει
2413 1166 2470 1218 δὲ
2501 1163 2678 1232 λέγειν
2713 1163 2976 1216 ἐλλείπειν
3011 1162 3102 1215 τὸν
3136 1162 3367 1233 Χριστὸν
3393 1162 3492 1233 τὴν
3527 1163 3625 1214 τοῦ
3665 1162 3790 1216 Θεοῦ

2224 1255 2451 1324 δύναμιν
2479 1254 2673 1324 κομιδῆ
2710 1253 2916 1323 νηπίων
2961 1255 3053 1306 ita).
3084 1252 3201 1306 οὐδὲ
3237 1253 3656 1306 κατακουόντων
3704 1255 3791 1322 τῆς

2225 1347 2408 1417 φωνῆς
2439 1347 2531 1399 τοῦ
2557 1347 2760 1418 Κυρίου
2786 1346 2918 1416 (79),
2949 1344 3193 1413 λέγοντος
3213 1361 3225 1376 ·
3244 1345 3384 1414 Ἐγὼ
3407 1345 3508 1397 καὶ
3532 1349 3567 1398 ό
3593 1347 3790 1414 Πατὴρ

2221 1441 2290 1492 ἔνι·
2324 1439 2540 1508 ἐσμεν·
2583 1438 2676 1490 καὶ¹
2721 1437 2780 1490 τὸ
2822 1436 2891 1489 ἓν
2931 1436 3048 1488 ἀντὶ
3098 1435 3189 1488 τοῦ
3234 1434 3373 1488 κατά
3418 1437 3520 1504 τὴν
3570 1435 3793 1504 δύναμιν

2227 1531 2337 1583 ἴσου
2388 1527 2922 1599 παραλαμϐάνοντος,
2965 1526 3041 1590 ὡς
3091 1524 3148 1590 ἐξ
3198 1525 3378 1579 αὐτῶν
3421 1525 3678 1595 δείξομεν
3706 1527 3792 1579 τσῦ

2223 1619 2552 1688 Εὐαγγελίου
2613 1619 2719 1669 τῶν
2782 1617 3058 1686 ῥημάτων.
3111 1615 3292 1668 Εἰπὼν
3342 1615 3450 1686 γὰρ
3509 1618 3641 1687 περὶ
3693 1617 3794 1669 τῶν

2225 1711 2626 1764 πιστευσάντων
2653 1709 2754 1773 ὅτι,
2787 1708 2868 1760 Οὐ
2895 1706 2980 1775 μή
3016 1723 3102 1771 τις
3146 1705 3389 1774 ἁρπάσῃ
3419 1707 3488 1760 ἐκ
3528 1707 3644 1774 τῆς
3678 1724 3790 1774 χει·

2216 1807 2327 1872 ρός
2365 1817 2511 1872 μου’
2550 1800 2640 1852 καὶ
2685 1800 2766 1851 ὅτι
2817 1797 2869 1849 Ὀ
2902 1795 3120 1863 Πατὴρ,
3155 1795 3222 1860 ὃς
3253 1795 3474 1849 δέδωκέ
3508 1815 3647 1864 μοι,
3677 1802 3795 1865 psi.

2156 1863 2195 1917 Β
2365 1863 2613 1945 ⁷πάντων
2650 1890 2782 1943 ἐστί
2800 1905 2812 1918 ·
2849 1889 2962 1953 καὶ,
3007 1887 3214 1954 Οὐδεὶς
3245 1863 3794 1958 δύναταιίὰρπᾶσαι

2221 1988 2290 2040 ἐκ
2323 1985 2433 2052 τῆς
2478 1983 2673 2052 χειρὸς
2710 1982 2814 2036 τοῦ
2850 1982 3076 2049 Πατρός
3101 1999 3239 2049 μου,
3279 1983 3601 2051 ἐπήγαγεν·
3656 1983 3791 2050 Ἐγὼ

2223 2078 2320 2133 καὶ
2347 2081 2378 2131 ὀ
2411 2075 2608 2143 Πατὴρ
2637 2075 2705 2128 ἐν
2746 2074 2950 2143 ἐσμεν,
2983 2071 3168 2140 σαφῶς
3199 2073 3258 2125 τὸ
3285 2072 3354 2125 ἓν
3384 2074 3508 2126 ἀντὶ
3541 2074 3638 2127 τοῦ
3685 2073 3791 2127 [πυ

2225 2173 2317 2224 καὶ
2383 2168 2578 2224 ταὺτοῦ
2639 2167 2778 2222 κατά
2829 2167 3055 2239 δύναμιν
3111 2165 3580 2236 παραλαμϐάνων.
3642 2167 3791 2220 Ἀ).λά

2227 2262 2332 2334 μὴν
2363 2264 2414 2314 εἴ
2440 2280 2501 2330 γε
2536 2262 2630 2314 καὶ
2669 2263 2696 2313 6
2730 2259 2914 2330 θρόνος
2945 2262 2973 2312 6
3015 2257 3108 2312 τοῦ
3142 2258 3274 2312 Θεοῦ
3309 2260 3448 2329 (80),
3475 2258 3677 2330 ὥσπερ
3710 2256 3790 2313 οἷν

2221 2355 2383 2424 ἡμεῖς
2419 2352 2879 2422 πεπιστεύκαμεν,
2923 2351 3228 2421 ἀξιώματός
3267 2353 3415 2404 ἐστιν
3441 2352 3638 2421 δνομα,
3677 2353 3711 2422 ἡ
3737 2354 3789 2404 ἐκ

2222 2445 2408 2510 δεξιῶν
2455 2444 2548 2497 τοῦ
2585 2445 2792 2514 Πατρὸς
2831 2443 3180 2514 ἀφωρισμένη
3218 2443 3292 2514 τῷ
3323 2443 3438 2514 1⁸ίῷ
3475 2444 3721 2515 καθέδρα
3745 2447 3788 2497 τί

2225 2555 2354 2590 ποτε
2383 2536 2587 2608 ἕτερον,
2629 2537 2719 2588 καὶ
2745 2535 2864 2605 οὐχὶ
2895 2535 2953 2588 τὸ
2977 2534 3233 2605 ὁμότιμον
3261 2536 3358 2604 τῆς
3390 2535 3550 2601 ἀξίας
3593 2537 3788 2605 ἀποπ-

2228 2629 2438 2700 μαίνει;
2476 2627 2633 2680 Ἀλλά
2665 2626 2758 2678 καὶ
2808 2623 2955 2695 ἥξειν
2995 2627 3022 2677 6
3051 2624 3254 2694 Κύριος
3298 2624 3698 2692 ἐπαγγέλλεται
3741 2625 3788 2674 ὲν

2222 2726 2286 2791 τῇ
2319 2720 2442 2794 δόξῃ
2472 2719 2564 2772 τοῦ
2611 2719 2838 2789 Πατρός.
2877 2716 3132 2771 Λείπεται
3165 2717 3336 2769 τοίνυν
3382 2716 3526 2768 κατὰ
3561 2715 3653 2768 τὸν
3704 2716 3786 2783 τῆς

2225 2815 2402 2878 αίτίας
2439 2812 2593 2881 λόγον
2643 2809 2874 2864 ἐνταῦθα
2912 2807 2974 2862 τὸ
2997 2807 3204 2878 μεῖζον
3247 2807 3526 2874 λέγεσθαι.
3582 2807 3787 2874 Ἐπειδὴ

2226 2905 2334 2976 γὰρ
2361 2904 2494 2975 (80‘)
2513 2905 2620 2957 ἀπὸ
2649 2901 2741 2955 τοῦ
2763 2901 2974 2972 Πατρὸς
3003 2900 3196 2972 ἡάρχὴ
3227 2899 3302 2970 τῷ
3328 2898 3458 2968 Υἱῷ,
3477 2899 3624 2951 κατά
3641 2899 3789 2950 τοῦτο

2230 2997 2428 3066 μείζων
2456 2998 2483 3048 ό
2512 2996 2722 3065 Πατὴρ,
2751 2994 2826 3057 ὡς
2858 2993 3028 3055 αἴτιος
3058 2992 3148 3044 καὶ
3173 2992 3334 3062 ἀρχή.
3362 2991 3454 3044 Διὸ
3485 2992 3584 3044 καὶ
3620 2993 3652 3042 ὁ
3683 2991 3789 3044 Κύ-

2231 3106 2340 3159 ριος
2370 3087 2540 3151 οὕτως
2570 3083 2718 3139 εἶπεν
2739 3104 2751 3115 °
2794 3087 2847 3138 '0
2881 3084 3079 3152 Πατήρ
3108 3102 3226 3152 μου
3251 3083 3460 3152 μείζων
3485 3101 3606 3151 μου
3639 3082 3786 3145 ἐστι,

2227 3179 2358 3232 καθὸ
2405 3179 2590 3248 Πατὴρ
2637 3178 2893 3247 δηλονότι.
2931 3176 3002 3228 Τὸ
3051 3175 3128 3237 δὲ,
3166 3174 3382 3242 Πατὴρ,
3417 3176 3466 3226 τί
3520 3174 3653 3227 ἄλλο
3699 3191 3789 3245 sv;-

2226 3269 2402 3341 μαίνει
2430 3271 2460 3340 ἢ
2494 3271 2611 3340 οὐχ).
2642 3270 2701 3322 τὸ
2727 3269 2872 3321 αἰτία
2930 3262 3066 3321 εἶναι
3099 3268 3190 3320 καὶ
3218 3268 3355 3336 ἀρχὴ
3390 3265 3481 3318 τοῦ
3521 3266 3581 3331 ἐξ
3626 3266 3786 3319 αὐτοῦ

2222 3363 2607 3433 γεννηθέντοςς
2639 3361 2813 3423 ’Ὀλως
2845 3360 2902 3412 δὲ
2936 3359 3090 3412 οὐσία.
3128 3358 3311 3420 οὐσίας
3331 3397 3345 3420 ,
3395 3359 3487 3408 καὶ
3525 3358 3670 3409 κατά
3698 3358 3790 3428 τὴν

2226 3455 2494 3526 ὑμετέραν
2528 3454 2636 3524 (Si)
2685 3452 2895 3520 σοφίαν,
2945 3449 3142 3520 μείζων
3192 3451 3284 3503 καὶ
3331 3449 3570 3503 ἐλάττων
3601 3453 3663 3502 οὐ
3711 3451 3789 3502 λέ-

2225 3565 2395 3617 γεται.
2430 3547 2589 3598 Ὥστε
2624 3546 2716 3598 καὶ
2751 3543 2890 3598 κατά
2924 3541 3162 3606 τούτους,
3198 3543 3288 3596 καὶ
3336 3542 3455 3595 κατ’
3482 3544 3659 3612 αὐτὴν
3694 3545 3785 3612 τὴν

2225 3641 2502 3711 ἀλήθειαν,
2565 3639 2737 3691 οὐδενὶ
2773 3637 2838 3690 ἂν
2870 3635 3053 3705 τρόπῳ
3097 3636 3194 3705 τὴν
3241 3634 3356 3686 κατ’
3388 3633 3579 3686 οὐσίαν
3623 3636 3788 3705 ὑπερ-

2222 3731 2350 3800 οχὴν
2397 3731 2424 3781 6
2473 3728 2828 3799 προκείμενος
2875 3725 3029 3793 λόγος
3065 3724 3154 3777 τοῦ
3187 3722 3457 3792 μείζονος
3507 3727 3782 3794 ὲμφαίνοι.

2235 3822 2394 3874 Ἀλλὰ
2445 3821 2549 3892 μὴν
2591 3820 2709 3873 οὐδὲ
2752 3818 2869 3871 κατ’
2916 3817 3076 3884 ὃγκον
3111 3817 3241 3887 φαίη
3295 3816 3360 3870 ἂν
3411 3817 3576 3879 αὐτὸς
3626 3812 3780 3878 οὗτος

2226 3915 2443 3986 μείζονα
2466 3914 2554 3966 τὸν
2579 3913 2709 3965 Θεὸν
2732 3911 2948 3981 Πατέρα
2965 3925 2978 3939 ⁸
2997 3910 3023 3961 ὅ
3048 3926 3106 3976 γε
3129 3909 3546 3978 ἀποφηνάμενος
3572 3909 3685 3976 (8‘2)
3714 3911 3784 3979 μὴ

2221 4008 2413 4078 χρῆναι
2464 4007 2589 4077 περὶ
2627 4005 2718 4058 τὸν
2758 4003 2888 4056 Θεὸν
2929 4004 3174 4055 ὑπονοεῖν
3217 4001 3574 4072 πηλικότητα.
3617 4001 3783 4053 Ὑπό-

549 4089 732 4151 λοιπος
759 4086 850 4146 οὖν
883 4093 1028 4146 ἐστιν
1059 4099 1086 4148 6
1115 4099 1241 4166 παρ’
1317 4098 1471 4168 ἡμῶν
1507 4099 1716 4169 λεχθεὶς
1781 4100 1873 4153 τοῦ
1907 4098 2175 4171 μείζονος
2212 4101 2430 4172 τρόπος,
2461 4100 2488 4151 6
2522 4097 2622 4167 τῆς
2662 4099 2856 4168 ἀρχῆς,
2885 4096 3047 4164 λέγω,
3081 4095 3172 4147 καὶ
3215 4095 3311 4163 τῆς
3345 4093 3543 4155 αἰτίας.
3586 4093 3652 4145 Ἦ
3690 4093 3785 4162 μὲν

548 4181 640 4234 οὖν
672 4182 811 4235 κατὰ
855 4184 913 4237 τὸ
931 4187 1131 4254 μεῖζον
1168 4189 1509 4260 ἐπιχείρησις
1554 4190 1717 4244 αὑτοῦ
1745 4193 1843 4263 τῆς
1891 4191 2235 4262 βλασφημίας
2268 4189 2506 4258 τοιαύτη.

619 4278 707 4330 26.
742 4276 872 4330 illud
909 4289 1085 4332 autem
1119 4281 1472 4335 admiratione
1505 4285 1742 4352 dignum,
1773 4288 1912 4353 quod
1952 4288 2029 4340 sic
2063 4286 2113 4339 in

2287 4282 2376 4336 26.
2432 4282 2634 4334 Ἐκεῖνο
2663 4281 2720 4333 δὲ
2748 4279 3023 4350 θαυμάσαι
3053 4277 3217 4342 ἄξιον,
3246 4277 3327 4329 ὅτι
3357 4276 3530 4339 οὕτως
3562 4281 3618 4330 ἐν
3658 4279 3786 4348 βρα-

549 4371 735 4438 paucis
759 4371 823 4425 ad
857 4387 1134 4426 sermones
1164 4388 1419 4441 perquam
1446 4376 1581 4429 inter
1615 4392 1674 4429 se
1697 4379 1995 4431 contrarios
2024 4379 2118 4430 de-

549 4463 754 4533 lapsus,
781 4465 951 4519 oculis
994 4468 1157 4520 animi
1186 4469 1330 4522 velut
1359 4470 1589 4537 quadam
1625 4470 1864 4524 caecitate
1909 4471 2117 4537 percul-

549 4557 643 4619 sis,
674 4558 956 4612 verburum
1006 4560 1144 4615 inter
1173 4577 1231 4616 se
1269 4577 1505 4632 pugnam
1544 4563 1843 4633 intelligere
1887 4578 1993 4617 non
2023 4579 2117 4633 po-

551 4651 649 4701 tuit
676 4668 689 4703 :
715 4649 929 4719 planum
951 4660 1007 4706 ut
1039 4653 1110 4706 sit
1137 4667 1199 4706 ac
1220 4654 1588 4723 conspicuum,
1613 4669 1732 4708 eum
1759 4664 1864 4707 tam
1883 4655 2113 4707 alienum

549 4757 670 4796 esse
697 4760 725 4796 a
768 4743 856 4797 Dei
891 4760 1039 4813 pace,
1069 4762 1231 4817 quam
1256 4747 1512 4802 Dominus
1564 4757 1745 4802 noster
1774 4748 1838 4800 iis
1869 4747 1957 4816 qui
1993 4763 2115 4801 vere

550 4849 615 4886 ac
640 4833 847 4888 sincere
887 4836 940 4889 iu
994 4837 1166 4906 ipsum
1221 4839 1587 4903 crediderunt,
1616 4839 1848 4908 reliquit,
1883 4841 2064 4893 dicens
2096 4857 2109 4894 :

553 4925 740 4977 I’acem
780 4927 1014 4998 relinquo
1066 4932 1242 4992 vobis,
1273 4948 1449 4997 pacem
1475 4949 1641 4985 meam
1683 4934 1750 4984 do
1790 4933 1929 4986 vobis
1961 4932 2023 4995 “,
2060 4942 2116 4984 ut

549 5036 652 5071 non
683 5033 804 5074 cum
837 5020 956 5075 aliis
987 5021 1182 5088 solum,
1213 5025 1303 5076 sed
1336 5039 1515 5078 secum
1559 5024 1720 5078 etiam
1757 5024 1870 5093 ipse
1899 5033 2113 5094 pugnet.

621 5221 658 5248 ”
687 5218 844 5273 Joan.
876 5237 928 5283 Χ,
957 5221 1045 5275 50.
1124 5223 1166 5252 ¹¹
1192 5223 1320 5278 ibid.
1353 5222 1542 5278 28-50.
1621 5224 1664 5254 ¹³
1689 5222 1874 5278 Matth.
1899 5240 2010 5289 xvr,
2040 5222 2128 5275 9.7.

621 5408 729 5476 (78)
760 5409 1101 5482 Codexmuuus
1131 5411 1192 5462 τὸ
1237 5411 1477 5479 μείζονα..
1506 5412 1794 5481 Aliquanto
1830 5424 1946 5482 post
1985 5414 2110 5468 editi

545 5477 669 5530 ὁδον
696 5481 788 5532 καὶ
820 5481 896 5532 τό.
928 5480 1124 5532 Vocula
1153 5477 1247 5533 καί
1305 5483 1354 5534 in
1384 5481 1561 5536 nmltis
1595 5477 1718 5537 mss.
1752 5477 1923 5537 deest.

622 5550 730 5617 (79)
766 5550 899 5623 Elliti
951 5551 1051 5623 τῆς
1099 5553 1284 5623 φωνῆς
1328 5551 1428 5622 τῆς
1469 5554 1694 5623 Κυρίου,
1754 5554 1874 5608 libri
1913 5566 2120 5610 veteres

546 5618 667 5692 fr”:
679 5620 862 5692 φωνῆς
892 5620 985 5672 τοῦ
1013 5622 1238 5692 Κυρίου.

622 5689 1138 5762 ςςηχΛιιιίιμιί-ιίιιὸ,
1179 5692 1299 5745 libri
1348 5691 1537 5762 Θρόνος
1585 5693 1677 5746 τοῦ
1716 5693 1873 5746 Θεοῦ.
1917 5693 2116 5749 ibidem

550 5757 704 5879 (ἰιίιὲ
736 5759 948 5811 "tta-7:20
973 5757 1062 5813 οὖν
1091 5757 1271 5832 ἡμεῖς.
1309 5757 1590 5830 ΙΙΙύά,ούν,
1613 5765 1664 5818 in
1695 5764 1960 5835 aliquibus
1992 5783 2118 5821 mss.

553 5842 650 5879 rce
710 5867 727 5879 .

553 5837 727 5883 deest.

2223 4378 2308 4446 χεῖ
2346 4374 2479 4445 πρὸς
2523 4373 2646 4436 τοὺς
2691 4371 3108 4432 ἐναντιωτάτους
3157 4369 3344 4436 λόγους
3385 4372 3781 4442 περιτρεπόμε-

2221 4484 2336 4529 νος,
2386 4465 2630 4537 καθάπερ
2662 4463 2890 4536 ἀορασίᾳ
2923 4464 3026 4514 τινί
3056 4463 3180 4525 τοὺς
3215 4465 3311 4531 τῆς
3351 4461 3532 4531 ψυχῆς
3585 4462 3782 4529 ὀφθαλ-

2223 4559 2354 4629 μοὺς
2398 4557 2792 4627 πεπληγμένος,
2841 4553 3065 4606 συνιδεῖν
3109 4555 3207 4623 τὴν
3255 4557 3311 4606 ἐν
3363 4556 3474 4615 τοῖς
3530 4554 3642 4614 (85]
3703 4554 3783 4606 λε-

2219 4651 2391 4722 χθεῖσι
2430 4651 2607 4720 μάχην
2646 4651 2743 4702 οὐκ
2774 4646 3030 4718 ὲδυνήθη’
3063 4647 3146 4700 ἵνα
3179 4648 3318 4714 φανῇ
3351 4644 3606 4698 τοσοῦτον
3641 4645 3782 4710 ξένος

2219 4741 2292 4795 ὢν
2322 4742 2419 4809 τῆς
2453 4740 2542 4794 τοῦ
2585 4739 2717 4793 Θεοῦ
2753 4741 2971 4811 εἰρήνης
2993 4779 3006 4801 ,
3052 4739 3118 4808 ἣν
3150 4741 3177 4790 6
3211 4737 3414 4808 Κύριος
3462 4737 3626 4806 ἡμῶν
3677 4739 3782 4797 “:53;

2217 4833 2452 4902 γνησίως
2499 4832 2592 4885 καὶ
2654 4831 2856 4893 ἀδόλως
2893 4832 2972 4892 εἰς
3016 4829 3174 4882 αὑτὸν
3222 4829 3644 4880 πεπιστευκόσιν
3689 4829 3783 4896 ἀς-

2219 4926 2372 4994 ῆκεν,
2399 4923 2594 4977 εἰπών·
2644 4922 2903 4990 Εἰρήνην
2939 4923 3145 4990 ἀφίημι
3182 4919 3340 4989 ὑμῖν,
3369 4917 3621 4986 εἰρήνην
3674 4921 3782 4985 τὴν

2222 5017 2373 5086 ἐμὴν
2419 5016 2622 5085 δίδωμι
2665 5015 2834 5084 ὑμῖν·
2873 5014 3010 5067 ὥστε
3057 5015 3177 5084 οὐχ).
3221 5015 3330 5075 τοῖς
3374 5011 3555 5075 ἄλλοις
3603 5013 3779 5082 μόνον,

2208 5219 2251 5253 ’⁸
2274 5219 2426 5274 Joan.
2458 5234 2566 5283 xiv,
2602 5219 2690 5271 ‘27.

2291 5413 2422 5478 (80‘)
2455 5414 2582 5476 Reg.
2611 5423 2834 5481 quartus
2860 5411 3010 5482 παρὰ
3029 5414 3146 5464 τοῦ.

2287 5485 2398 5553 (Si)
2429 5485 2565 5538 Editi
2597 5494 2650 5537 et
2692 5483 2822 5551 Reg.
2857 5481 3122 5554 secundus
3161 5481 3300 5554 κατά
3336 5483 3436 5551 τὴν
3480 5483 3772 5554 ἡμετέραν.

2215 5557 2315 5610 Alii
2342 5568 2576 5618 quatuor
2606 5569 2731 5606 mss.
2762 5552 2902 5606 κατὰ
2922 5554 3018 5622 τὴν
3047 5552 3334 5622 ὑμετέραν.

2285 5626 2393 5693 (82)
2427 5625 2563 5678 Editi
2591 5621 2810 5693 μείζονα
2832 5624 2921 5676 τὸν
2945 5621 3170 5692 πατέρα’
3195 5621 3224 5675 ὅ
3239 5639 3300 5690 γε
3324 5624 3771 5692 ἀποφαινόμενος.

2213 5695 2366 5751 εοιιι.
2401 5711 2516 5748 cum
2551 5693 2682 5761 Reg.
2724 5696 2879 5748 tertio
2917 5695 2990 5745 uti
3029 5695 3202 5758 legere
3225 5703 3308 5745 est
3340 5696 3392 5746 in
3428 5705 3704 5746 contextu.

2288 5765 2397 5836 (85)
2429 5763 2571 5816 Libri
2606 5776 2816 5820 veteres
2846 5763 2945 5835 τὴν
2975 5767 3032 5817 ἐν
3057 5765 3189 5826 τοῖς.
3219 5761 3376 5829 illud,
3411 5765 3511 5836 τήν
3535 5766 3590 5818 iu
3615 5766 3774 5819 editis

2217 5835 2574 5894 desideratur.
