3978 6410
208 354 312 410 569

1314 364 1676 424 ADVERSUS
1713 371 2076 428 EUNOMIUM
2111 373 2239 428 LIB.
2281 375 2324 429 Ι.

3308 395 3412 452 57d

203 467 332 522 ἀλλά
367 476 460 521 καί
487 484 646 535 αυτος
689 475 864 545 ἑαυτῷ
893 476 1233 546 διαμάχεται.
1277 479 1510 542 Μείζονα
1543 483 1648 553 γὰρ
1678 485 1717 536 εἰ

1819 541 1823 550 _
1853 485 1984 541 Nam
2015 489 2103 543 ubi
2145 489 2310 542 Deum
2349 499 2401 544 et
2431 491 2639 546 Patrem
2675 497 2806 550 dixit
2835 499 3107 569 unigenito
3137 505 3273 561 Filio
3301 527 3410 566 ma-

203 560 314 612 πὼν
340 559 427 613 τὸν
457 560 586 615 Θεὸν
619 565 711 617 καὶ
743 567 956 638 Πατέρα
987 569 1077 620 τοῦ
1112 568 1439 636 Μονογενοῦς
1472 574 1619 635 Υίοῦ,
1655 576 1746 628 καὶ

201 655 306 714 τοῖς
327 652 384 705 τὸ
409 652 517 705 ἴσον
542 653 754 723 λέγουσι
778 660 972 729 μανίαν
994 662 1316 726 ἐπικαλέσας
1339 665 1472 734 (84),
1493 667 1567 729 ὡς
1586 669 1745 729 αὐτὸς

200 744 613 816 ἀναντιρῤήτους
645 748 780 818 έχων
825 753 1010 804 τούτου
1045 752 1141 816 τὰς
1183 755 1500 821 ἀποδείξεις,
1550 761 1742 831 μικρὸν

199 838 397 901 ὑποϐὰς
422 840 687 908 σκέψασθε
713 839 801 896 οἷα
827 845 1046 915 γράφει.

268 931 414 986 ΕΥΝ.
456 931 593 983 Ἀλλ’
635 933 717 986 ὅτι
770 933 867 1004 μὲν
899 932 980 999 εἷς
1024 937 1183 990 ὁτῶν
1233 939 1369 992 ὅλων
1415 941 1544 1004 Θεὸς
1590 943 1742 1010 ἀγέν-

197 1039 347 1092 νητος
380 1026 471 1076 καὶ
501 1024 846 1096 ἀσύγκριτος,
889 1027 1148 1084 πλειόνων
1193 1031 1360 1085 ὄντων
1405 1033 1513 1086 τῶν
1559 1051 1732 1103 παρα-

195 1114 577 1186 λελειμμένων,
617 1120 882 1193 ἀποχρῆν,
921 1121 1178 1191 ἡγοῦμαι,
1228 1125 1321 1176 καὶ
1383 1125 1450 1179 τά
1508 1127 1738 1198 ρηθέντα

194 1208 325 1276 πρὸς
355 1207 643 1272 ἀπόδειξιν.

263 1299 399 1354 ΒΑΣ.
449 1301 767 1372 Ἐρωτάσθω
799 1303 994 1370 τοίνυν,
1045 1308 1092 1358 εί
1139 1305 1463 1378 ἀσύγκριτος
1505 1311 1533 1361 ὁ
1570 1310 1730 1373 Θεὸς,

192 1391 348 1444 πόθεν
385 1393 546 1446 αὑτοῦ
578 1394 611 1464 ἡ
650 1394 884 1467 ὑπεροχὴ
917 1396 1255 1468 κατελήφῦης
1294 1400 1365 1453 Τὸ
1409 1399 1518 1471 γὰρ
1553 1401 1732 1470 μεῖζον

191 1485 251 1536 ἐκ
277 1484 371 1553 τῆς
408 1485 541 1555 πρὸς
587 1485 652 1539 τὰ
702 1487 1072 1560 ὑπερεχόμενα
1117 1491 1463 1559 παραθέσεως
1519 1492 1732 1564 θεωρεῖ-

198 1593 294 1629 ται.
336 1576 455 1639 Πῶς
487 1573 578 1630 οῦν
609 1579 636 1630 ὁ
668 1578 826 1642 αὐτὸς
868 1580 961 1632 καὶ
1000 1580 1195 1650 μείζων
1233 1583 1346 1634 ἐστὶ
1387 1584 1480 1636 καὶ
1520 1585 1732 1657 ἀπαράο

189 1666 365 1732 θετος;
404 1667 547 1741 ,Ἀλλ’
571 1669 655 1722 ἵνα
687 1669 784 1740 μὲν
819 1670 1274 1742 παρηλλαγμένην
1315 1673 1408 1726 τοῦ
1457 1674 1590 1727 Θεοῦ
1631 1678 1729 1749 τὴν

187 1759 364 1812 οὐσίαν
398 1759 530 1829 πρὸς
573 1760 669 1831 τὴν
713 1760 806 1814 τοῦ
839 1763 1174 1831 Μονογενοῦς
1207 1766 1464 1837 ἐπιδείξῃ,
1508 1785 1728 1841 συγκρι-

1845 579 2040 648 jorem,
2081 592 2134 635 et
2170 599 2262 636 eos
2310 586 2396 652 qui
2430 586 2685 654 aequalem
2731 591 2933 658 dicunt,
2973 597 3250 655 dementia!
3290 603 3409 658 insi-

1851 672 2100 738 mulavit;
2132 676 2284 742 quasi
2312 686 2651 744 suppeterent
2680 681 2779 736 sibi
2803 697 2864 738 ea
2895 688 2957 738 de
2985 702 3043 740 re
3070 690 3409 750 demonstra-

1849 761 2042 825 tiones,
2075 765 2264 832 quibus
2292 780 2394 818 non
2430 769 2598 835 possit
2637 775 2950 840 contradici,
2979 779 3251 846 paululum
3284 799 3408 854 pro-

1847 863 2064 924 gressus
2095 853 2269 918 qualia
2295 855 2516 922 scribat,
2551 861 2854 926 expendite.

1917 939 2045 996 Eua.
2094 941 2316 1008 Verum,
2359 950 2498 1014 quod
2547 965 2681 1003 unus
2735 953 2805 1006 sit
2852 955 3216 1014 universorum
3262 963 3401 1020 Deus

1844 1033 2107 1102 ingenitus
2132 1046 2291 1104 atque
2330 1039 2778 1110 incomparabilis,
2804 1046 3041 1114 pluribus
3072 1054 3314 1123 omissis,
3336 1072 3396 1110 ea

1839 1139 1959 1194 qua;
2011 1126 2149 1180 dicta
2196 1137 2337 1192 sunt,
2387 1141 2534 1198 puto,
2563 1133 2831 1190 suiliciunt
2868 1140 2933 1192 ad
2984 1141 3399 1202 demonstratio-
3494 1144 3505 1153 ’

1840 1231 1978 1272 nem.

1908 1309 2030 1363 Bas.
2057 1309 2419 1380 lnterrogetur
2445 1312 2624 1382 itaque
2662 1332 2675 1368 :
2713 1317 2758 1370 si
2783 1318 3209 1388 incomparabilis
3231 1327 3390 1399 237

1837 1407 1917 1451 est
1959 1399 2118 1462 Deus,
2162 1405 2298 1455 unde
2343 1408 2623 1471 prtesentia
2667 1407 2781 1476 ejus
2824 1413 3206 1480 comprehensa
3259 1422 3390 1474 est?

1835 1488 2039 1558 Quippe
2075 1491 2124 1544 id
2160 1493 2299 1560 quod
2329 1494 2498 1561 majus
2533 1508 2615 1552 est
2643 1514 2706 1554 ex
2757 1507 3154 1570 comparatione
3204 1525 3387 1568 eorum

1835 1595 1952 1648 quae
1984 1593 2323 1650 superantur,
2355 1589 2670 1646 restituatur.
2709 1591 2806 1657 Qui
2842 1595 3002 1665 igitur
3032 1599 3146 1654 ﬁeri
3190 1614 3384 1670 potest,

1834 1680 1888 1722 ut
1917 1670 2052 1725 idem
2083 1682 2138 1725 et
2183 1675 2353 1744 major
2384 1677 2453 1730 sit
2481 1688 2536 1732 et
2590 1681 3022 1753 incomparalnlis
3051 1690 3074 1743 ?
3103 1689 3295 1747 Verum
3331 1706 3388 1750 ut

1836 1760 1924 1815 Dei
1969 1765 2318 1818 substantiam
2364 1769 2431 1822 ab
2472 1769 2734 1841 Unigeniti
2787 1778 3080 1835 substantia
3119 1786 3402 1842 diversatn'

187 1850 344 1914 τικῶς
385 1851 670 1920 λεγόμενον
707 1851 766 1905 τὸ
781 1852 979 1920 μεῖζον
1022 1855 1100 1918 είς
1137 1855 1235 1926 τὴν
1265 1857 1359 1927 τῆς
1403 1858 1586 1923 οὐσίας
1621 1860 1717 1914 δια-

1829 1854 2151 1918 ostenderet,
2172 1853 2318 1920 illud,
2349 1858 2538 1924 majus,
2562 1876 2656 1915 ceu
2692 1871 3046 1933 comparative
3074 1885 3380 1944 usurpatum

185 1945 348 2014 φορὰν
385 1931 688 2009 ἐξεδέξατο·
723 1945 807 1996 ἵνα
834 1944 889 1998 δὲ
933 1944 1090 1999 πάλιν
1139 1949 1216 2010 είς
1255 1947 1314 2000 τὸ
1360 1950 1616 2019 ὁμότιμον
1660 1954 1725 2023 τῇ

185 2036 354 2088 κτίσει
392 2035 482 2087 τὸν
531 2035 805 2106 Μονογενῆ
859 2038 1176 2108 καταγάγῃ,
1222 2039 1545 2109 ἀσύγκριτον
1593 2037 1728 2095 εἶναι

183 2127 271 2179 τὸν
310 2126 523 2197 Πατέρα
555 2128 857 2198 νομοθετεῖο
899 2131 1086 2200 καινήν
1116 2147 1236 2183 τινα
1269 2132 1361 2183 καὶ
1403 2132 1724 2204 ἀσύγκριτον

181 2217 341 2282 ὄντως
378 2218 472 2290 τὴν
504 2219 622 2274 ὁδὸν
651 2220 749 2290 τῆς
783 2220 1124 2292 βλασφημίας
1171 2223 1429 2277 έπινοῶνο
1461 2227 1516 2277 ἐν
1559 2243 1724 2296 προσ-

179 2312 387 2382 ποιήσει
432 2311 495 2383 δὴ
543 2311 636 2364 τοῦ
684 2312 871 2382 ὑψοῦν
904 2315 994 2366 καὶ
1045 2313 1276 2384 ἐξαίρειν
1320 2316 1408 2368 τὸν
1453 2316 1582 2369 Θεὸν
1631 2319 1724 2372 καὶ

178 2403 420 2474 Πατέρα,
458 2403 550 2456 τοῦ
593 2405 926 2474 Μονογενοῦς
971 2406 1099 2460 Υἱοῦ
1131 2407 1222 2460 καὶ¹
1253 2407 1385 2461 Θεοῦ
1426 2409 1523 2480 τὴν
1568 2409 1722 2474 δόξαν

177 2494 655 2564 κατασμικρύνωνο
703 2495 792 2548 τοῦ
832 2497 1030 2568 Κυρίου
1059 2498 1591 2569 διαμαρτυρουμένου
1629 2502 1722 2554 καὶ.

175 2585 448 2649 λέγοντοςο
487 2585 538 2638 Ὀ
579 2586 664 2655 μὴ
718 2586 900 2656 τιμῶν
950 2587 1056 2641 τὸν
1112 2590 1267 2653 Υἰόν,
1309 2593 1380 2643 οὺ
1439 2589 1572 2678 τιμᾷ,
1615 2591 1721 2644 τὸν

176 2678 424 2746 Πατέρα·
475 2679 601 2731 καί’
649 2681 709 2732 '0
763 2679 987 2734 ἀθετῶν
1029 2681 1132 2749 ἐμὲ
1182 2684 1291 2736 οὐκ
1341 2683 1444 2751 ἐμὲ
1492 2685 1714 2738 ἀθετεῖ·

171 2771 328 2823 ἀλλὰ
357 2769 462 2824 τὸν
492 2769 808 2840 πέμψαντά
838 2789 929 2841 με.
982 2773 1116 2826 Ἀλλ’
1157 2775 1186 2827 ὁ
1222 2773 1410 2847 ἐχθρὸς
1445 2776 1544 2845 τῆς
1591 2776 1719 2846 ἁλη-

171 2862 346 2928 Θείας,
389 2867 417 2916 ὁ
450 2864 686 2935 ἐνεργῶν
733 2865 801 2917 τά
849 2865 1070 2944 τοιαῦτα
1121 2867 1296 2935 λέγειν
1343 2869 1435 2921 καὶ
1485 2869 1716 2939 γράφειν

170 2955 368 3018 αὐτοῖς,
396 2951 529 3006 εἶδεν
573 2957 746 3008 έκεῖνο
775 2954 904 3024 (85),
941 2958 1042 3020 ὅτι,
1073 2958 1121 3010 εἰ
1166 2957 1300 3027 πρὸς
1349 2958 1449 3028 τὴν
1503 2959 1714 3010 σύνεσιν

170 3046 362 3106 αὐτοὺς
389 3045 486 3114 τῆς
513 3045 603 3098 τοῦ
638 3045 968 3114 Μονογενοῦς
995 3047 1150 3118 δόξῃς
1177 3049 1595 3117 ἀποτυφλώσειε,
1624 3051 1714 3103 καὶ

113 3192 118 3196 ,
167 3135 266 3206 τὴν
297 3134 454 3186 αὐτοῦ
486 3136 578 3188 τοῦ
624 3135 755 3188 Θεοῦ
789 3137 880 3190 καὶ
914 3139 1122 3211 Πατρὸς
1152 3139 1348 3206 γνῶσιν
1384 3141 1712 3211 συναφαιρή-

1826 1957 1922 2010 pro
1971 1944 2283 2001 substantia:
2334 1950 2641 2009 diversitate
2684 1959 2891 2028 accepit
2929 1976 2942 2013 :
2984 1978 3189 2033 rursus,
3224 1980 3281 2022 ut
3315 1972 3380 2025 ad

1826 2042 2084 2089 creatura:
2108 2039 2461 2106 mqualitatem
2497 2042 2834 2116 Unigenitum
2871 2053 3138 2124 detrudat,
3163 2057 3378 2117 Patrem

1824 2129 1996 2180 Sancit
2027 2143 2144 2184 esse
2175 2131 2667 2203 incomparabilem.
2690 2140 2888 2197 Novam
2917 2148 3128 2215 quidem
3163 2169 3224 2206 ac
3257 2169 3380 2210 vere

1825 2217 2290 2289 incomparabilem
2340 2228 2685 2297 blasphemia:
2722 2234 2858 2288 viam
2899 2252 3232 2297 commentus
3275 2259 3376 2307 esz,

1820 2312 1909 2378 qui
1953 2313 2155 2368 interea
2189 2317 2310 2370 dum
2349 2320 2585 2374 exaltare
2614 2337 2670 2377 se
2708 2339 2770 2378 ac
2811 2328 3063 2384 extollere
3118 2333 3282 2388 Deum
3323 2347 3376 2392 et

1821 2401 2033 2459 Patrem
2064 2407 2300 2473 simulat,
2331 2409 2608 2467 imminuat
2637 2412 2901 2486 Cnigeniti
2932 2421 3049 2476 Filii
3071 2435 3122 2479 et
3147 2427 3234 2482 Dei
3266 2445 3378 2482 ma-

1814 2499 2065 2564 jestatem
2101 2516 2115 2565 ;
2148 2516 2454 2572 quanquam
2505 2505 2760 2564 Dominus
2815 2520 3045 2568 testatur
3092 2533 3154 2570 ac
3197 2519 3370 2574 dicit:

1820 2587 1922 2651 Qui
1955 2589 2291 2644 non/tonaret
2326 2591 2550 2659 Filium,
2582 2596 2790 2654 Patrem
2820 2621 2918 2658 non
2947 2605 3164 2661 honorat
3197 2610 3240 2642 "
3262 2630 3276 2676 ;
3300 2622 3372 2677 et,

1819 2677 1921 2741 Qui
1947 2694 2026 2730 me
2052 2683 2353 2749 contemnit,
2386 2700 2486 2738 non
2515 2703 2593 2741 me
2611 2697 2906 2758 contemnit,
2924 2698 3010 2749 sed
3033 2713 3146 2750 eum
3180 2701 3271 2768 qui
3296 2717 3375 2756 me

1815 2774 1950 2824 misit
1975 2773 2036 2828 ¹⁶.
2073 2775 2177 2830 Sed
2217 2779 2458 2835 veritatis
2494 2781 2764 2850 inimicus,
2793 2788 2940 2858 cujus
2977 2805 3138 2859 opera
3175 2808 3237 2848 ac
3274 2795 3372 2848 im-

1814 2866 1966 2931 pulsu
1997 2865 2085 2918 isti
2131 2866 2242 2922 lucc
2279 2869 2460 2924 dicunt
2495 2875 2856 2946 seribuutque,
2895 2879 3020 2934 illud
3054 2883 3202 2947 vidit,
3231 2889 3371 2954 quod

1814 2956 1858 3009 si
1888 2969 1982 3009 eos
2027 2957 2169 3010 circa
2214 2960 2394 3028 gloria:
2432 2961 2694 3033 Unigeniti
2739 2970 3096 3038 cognitionem
3133 2991 3373 3031 excaeca-

1815 3045 1902 3109 rit,
1933 3048 2093 3101 etiam
2126 3050 2302 3118 ipsius
2349 3053 2442 3106 Dei
2482 3072 2544 3109 ac
2583 3054 2760 3112 Patris
2802 3065 3162 3129 cognitionem
3210 3068 3372 3130 simul

1812 3137 2085 3193 ablaturus
2127 3153 2268 3194 esset
2303 3161 2316 3196 ε
2355 3157 2412 3198 ut
2437 3147 2646 3201 etiamsi
2691 3152 2968 3206 videantur
2998 3161 3372 3226 prairugativas

165 3245 349 3280 σεται·
384 3228 551 3291 ὥστε,
592 3231 638 3281 εἰ
672 3231 762 3282 καὶ
811 3229 1054 3283 δοκοῦσιν
1098 3231 1396 3302 ὑπερϐολάς
1443 3250 1591 3296 τινας
1635 3235 1717 3286 νέ-

1819 3231 2074 3295 quasdam
2109 3229 2216 3285 Deo
2251 3243 2304 3287 et
2334 3233 2473 3288 Patri
2499 3238 2816 3306 attribuere,
2853 3218 3051 3298 uulluin
3085 3218 3260 3302 tanien
3292 3251 3374 3304 in.

168 3337 293 3390 μειν
322 3319 396 3391 τῷ
424 3320 539 3391 Θεῷ
566 3324 658 3374 καὶ
685 3322 857 3394 Πατρὶ
875 3362 889 3386 ,
931 3323 1092 3394 μηδὲν
1139 3324 1320 3386 αὐτοῖς
1349 3324 1535 3392 ὄφελος
1581 3320 1716 3378 εἶναι

162 3412 265 3482 τῆς
313 3411 444 3482 πρὸς
484 3412 644 3464 αὑτὸν
689 3413 925 3484 ἀγούσης
969 3413 1086 3468 ὁδοῦ
1117 3413 1214 3483 τὴν
1258 3415 1456 3482 γνῶσιν
1500 3417 1715 3487 ἀφῃρη-

164 3505 371 3577 μένοις.
424 3503 636 3574 Ἐπειδὴ
690 3506 782 3558 καὶ
846 3506 1085 3560 Ἰουδαῖοι
1142 3507 1381 3575 δοξάζειν
1440 3508 1529 3562 τὸν
1589 3510 1717 3562 Θεὸν

159 3598 392 3660 οἴονται,
450 3598 544 3650 καὶ
596 3596 857 3665 Ἑλλήνων
925 3615 1007 3660 τις
1047 3598 1332 3652 ἀκούσεται
1385 3600 1717 3670 βουλομένων

159 3704 216 3744 τι
251 3689 389 3761 μέγα
440 3688 566 3759 περὶ
608 3687 740 3741 Θεοῦ
795 3687 1000 3756 λέγειν·
1035 3689 1148 3742 ἀλλ’
1193 3691 1340 3760 ὅμως
1387 3693 1487 3745 οὐκ
1525 3692 1588 3744 ἄν
1633 3711 1716 3755 τις

156 3783 303 3834 εἴποι
338 3779 653 3851 μεγαλύνειν
681 3780 873 3843 αὐτοὺς
904 3780 993 3834 τὸν
1022 3781 1152 3834 Θεὸν
1181 3782 1307 3835 ἄνευ
1337 3786 1436 3853 τῆς
1475 3785 1553 3847 είς
1584 3784 1716 3854 Χρι-

158 3873 285 3926 στὸν
334 3873 602 3936 πίστεως,
653 3873 719 3925 δι’
764 3866 886 3944 οὗὴ
943 3875 1271 3946 προσαγωγὴ
1314 3876 1410 3946 τῆς
1465 3874 1716 3944 γνώσεώς

152 3969 328 4020 ἐστιν.

226 4063 317 4116 27.
372 4061 722 4134 Ἀσύγκριτον
761 4058 852 4113 οὗν
900 4061 989 4113 τὸν
1035 4059 1168 4114 Θεὸν
1223 4059 1389 4129 λέγει,
1435 4062 1520 4114 ἵνα
1568 4060 1714 4134 δείξῃ

151 4153 287 4207 Υἱὸν
317 4153 429 4206 ἴσον
474 4154 602 4207 ὄντα
631 4157 696 4223 τῇ
729 4153 928 4216 κτίσει,
965 4155 1021 4206 ὲν
1065 4153 1142 4222 τῷ
1179 4154 1377 4222 ὁμοίως
1415 4153 1515 4222 τῆς
1557 4153 1714 4224 δόξῃς

146 4244 249 4298 τοῦ
284 4244 498 4315 Πατρὸς
541 4243 954 4298 ἀπολείπεσθαι·
986 4243 1117 4296 διότι
1150 4242 1218 4296 τὰ
1255 4243 1364 4311 (86)
1404 4243 1500 4311 ἴσῳ
1532 4243 1714 4314 μέτρῳ

148 4338 530 4408 ὑπερεχόμενα
574 4338 666 4389 ἴσα.
706 4335 949 4406 ἀλλήλοις
989 4335 1298 4403 ἀναγκαίως
1344 4335 1479 4401 ἐστί.
1520 4335 1715 4387 Τοσοῦ-

144 4447 244 4483 τον
273 4429 330 4482 δὲ
366 4428 687 4499 ὑπερέχεται
732 4427 870 4480 κατὰ
912 4427 1001 4480 τὸν
1043 4426 1228 4479 τούτου
1273 4426 1382 4497 (87)
1428 4427 1580 4494 λόγον
1611 4427 1714 4480 ὑπὸ

141 4521 244 4574 τοῦ
271 4521 408 4574 Θεοῦ
437 4521 531 4573 καὶ
553 4519 806 4591 Πατρὸςὸ
836 4518 1141 4586 Μονογενὴς
1160 4518 1305 4582 Υἱὸς,
1334 4520 1454 4571 ὅσον
1490 4518 1582 4572 καὶ
1607 4518 1713 4572 τῶν

139 4614 325 4667 ἄλλων
362 4612 608 4666 ἕκαστον.
641 4611 886 4662 Τοιοῦτον
937 4611 1043 4679 γάρ
1087 4612 1200 4662 ἐστι
1250 4609 1311 4663 τὸ
1359 4610 1708 4680 ἀσύγκριτον,

135 4705 170 4756 ὃ
199 4705 372 4757 πᾶσιν
402 4702 601 4772 ὁμοίως
628 4702 772 4754 ἐστὶν
803 4700 1242 4769 ἀπροσπέλαστον
1280 4702 1372 4754 καὶ
1399 4701 1702 4769 ἀνέφικτον.

138 4797 205 4848 Εἰ
237 4795 298 4848 δὲ
346 4794 459 4847 ἴσον
509 4793 619 4865 (88)
663 4795 773 4855 τοῖς
822 4791 998 4853 ἄλλοις
1035 4791 1127 4844 τοῦ
1165 4791 1376 4862 Πατρὸς
1423 4792 1711 4845 ἀπολείπε-

132 4906 255 4952 ται,
290 4888 405 4952 ἴσος
443 4888 670 4950 ἐκείνοις
710 4885 823 4937 ἐστί
861 4883 977 4954 μεθ’
1006 4877 1078 4936 ὧν
1119 4884 1483 4937 ἀπολείπεται.
1515 4885 1578 4936 Τί
1617 4882 1708 4938 οὖν

131 4984 242 5052 τῆς
275 4981 626 5051 βλασφημίας
658 4978 856 5048 ταύτης
890 4980 1066 5048 χεῖρον
1098 4977 1298 5029 εἴποιεν
1328 4976 1392 5030 ἂν
1433 4978 1707 5045 Ἰουδαῖοι;

127 5073 278 5126 τίδὲ
327 5073 439 5125 τῶν
477 5072 642 5124 ἐονῶν
687 5070 949 5138 λεγόντων
983 5069 1128 5121 ἐστὶν
1173 5069 1416 5133 ἀκούειν;
1464 5071 1572 5122 Καὶ
1612 5072 1711 5124 οὐκ

128 5164 475 5236 ὲρυΟριῶσιν
502 5165 549 5216 οἱ
591 5163 680 5216 τὸν
708 5163 800 5215 τοῦ
839 5161 973 5214 Θεοῦ
1005 5162 1174 5228 Λόγον
1217 5161 1532 5230 πρεσῢεύειν
1575 5180 1706 5232 σχη-

127 5254 523 5327 ματιζόμενα,
559 5252 828 5314 Ἰουδαίοις
861 5251 954 5304 καὶ
983 5250 1364 5319 Ἔ).λησι.ωίλα
1408 5252 1500 5304 καὶ
1542 5270 1709 5322 προσ-

205 5392 254 5426 ¹⁸
281 5389 447 5445 Joan.
475 5390 640 5454 v.25.
717 5389 758 5421 ³⁸
794 5387 927 5443 Luc.
967 5404 1022 5454 χ,
1058 5387 1144 5441 l6.

203 5505 329 5574 (84)
372 5505 504 5570 Reg.
537 5505 725 5558 tertius
760 5505 811 5558 in
859 5505 1098 5574 margine
1129 5518 1292 5558 manu
1330 5503 1492 5572 paulo
1521 5520 1709 5562 recen-

119 5575 706 5652 tiorehérfsyxalécag.
796 5639 848 5652 ,Α
956 5647 968 5652 _
1045 5647 1066 5652 _
1283 5644 1353 5652 __

203 5645 327 5715 (85)
361 5639 492 5711 Reg.
523 5657 742 5712 quartus
770 5639 908 5697 οἶδεν
953 5647 1146 5707 ἐκεῖνο,
1179 5645 1315 5698 novit
1343 5644 1514 5711 'illud,
1547 5660 1599 5701 et
1629 5650 1703 5705 ita

119 5729 361 5787 quoque
384 5716 582 5787 legitur
613 5716 663 5768 in
687 5715 1014 5787 Colbertino.
1050 5718 1143 5787 sed
1185 5717 1412 5787 secunda
1448 5734 1632 5773 manu.

200 5786 326 5846 (86)
371 5785 551 5842 Codex
585 5801 721 5841 unus
756 5784 835 5838 διὸ
862 5786 950 5839 τά.
982 5785 1083 5838 Alii
1116 5787 1219 5840 duo
1248 5786 1381 5839 διότι
1416 5790 1508 5841 καὶ
1540 5791 1628 5844 τά.

1817 3322 1884 3375 de
1912 3321 2330 3377 emolumentum
2381 3339 2794 3396 consequantur,
2831 3348 2951 3388 cum
2993 3337 3071 3391 eis
3109 3338 3224 3410 ejus
3253 3341 3368 3407 viae,

1817 3429 1935 3484 qua:
1975 3415 2040 3468 ad
2075 3416 2244 3484 ipsum
2298 3418 2462 3481 ducit,
2495 3425 2740 3492 adempta
2795 3427 2982 3480 notitia
3019 3430 3106 3482 sit.
3145 3429 3277 3485 Nam
3317 3444 3373 3488 et

1814 3503 1980 3559 Judaei
2011 3506 2175 3573 gloria
2201 3507 2361 3562 Deum
2395 3511 2604 3566 allicere
2627 3530 2683 3570 se
2705 3526 2920 3581 putant;
2952 3530 3002 3572 et
3035 3523 3220 3578 audias
3244 3541 3373 3594 gen-

1818 3595 1937 3649 tiles
1976 3597 2277 3664 nonnullos,
2307 3600 2395 3667 qui
2425 3603 2621 3671 aliquid
2659 3606 2822 3658 velint
2853 3611 3026 3677 magni
3057 3611 3122 3664 de
3152 3613 3259 3668 Deo
3285 3617 3368 3668 di-

1815 3700 1970 3744 cere:
1997 3689 2091 3742 scd
2131 3689 2197 3744 ab
2226 3692 2289 3745 iis
2319 3692 2520 3762 absque
2549 3695 2652 3751 ﬁde
2693 3697 2746 3750 in
2776 3698 3044 3754 Christum
3078 3717 3174 3770 per
3211 3720 3367 3775 quem

1813 3779 1878 3834 ad
1911 3780 2264 3850 cognitionem
2294 3799 2539 3842 accessus
2567 3787 2645 3854 tit,
2666 3789 2828 3845 Deum
2864 3794 3191 3861 magniﬁcari
3221 3797 3371 3860 dixe-

1814 3871 1882 3925 rit
1912 3887 2088 3929 neruo.

1880 4069 1967 4122 ‘27.
2006 4069 2480 4142 Incomparabilem
2519 4076 2683 4147 igitur
2719 4079 2847 4134 dicit
2873 4081 3058 4148 Deum,
3090 4094 3148 4139 ut
3176 4087 3368 4144 Filium

1813 4164 1864 4215 in
1893 4177 1956 4216 eo
1984 4166 2246 4218 creaturis
2267 4166 2522 4235 aequalem
2553 4182 2673 4224 esse
2697 4173 2964 4238 ostendat,
2993 4179 3133 4243 quod
3165 4180 3372 4247 pariter

1813 4256 1962 4310 abest
1993 4271 2020 4308 a
2064 4257 2344 4326 majestate
2396 4259 2587 4316 Patris.
2620 4262 2748 4329 Qua:
2790 4267 2932 4320 enim
2979 4270 3170 4338 aequali
3208 4287 3368 4343 supe-

1815 4357 2002 4399 rantur
2037 4361 2311 4413 meusura,
2342 4352 2566 4419 azqualia
2615 4354 2753 4408 inter
2781 4371 2840 4412 se
2873 4362 3182 4415 necessario
3221 4373 3366 4419 sunt.

1814 4436 2044 4490 Tantum
2090 4446 2268 4492 autem
2305 4453 2592 4510 superatur
2633 4447 2925 4500 secundum
2960 4449 3112 4516 hujus
3149 4463 3368 4509 senten-

1747 4556 1788 4610 Β
1818 4529 1941 4580 tiam
1979 4544 2008 4583 a
2047 4529 2154 4584 Deo
2183 4541 2237 4584 et
2271 4530 2430 4584 Patre
2472 4534 2775 4604 unigenitus
2803 4537 2986 4607 Filius,
3022 4555 3279 4610 quantum
3315 4555 3373 4600 et

1817 4619 2042 4674 aliorum
2072 4623 2294 4692 singula.
2321 4622 2448 4676 Nam
2479 4628 2618 4693 quod
2645 4631 2940 4696 comparari
2965 4647 3068 4685 non
3097 4643 3292 4700 potest,
3319 4635 3370 4690 id

1813 4711 2068 4780 ejusmodi
2096 4723 2196 4778 est,
2229 4724 2285 4767 ut
2316 4715 2562 4770 omnibus
2596 4720 2795 4785 pariter
2825 4721 3156 4776 inaccessum
3187 4725 3258 4778 sit
3285 4736 3368 4780 at-

1815 4819 1918 4874 que
1950 4806 2476 4875 impervium.Quare
2503 4810 2548 4865 si
2580 4810 2743 4865 Filius
2768 4827 2795 4865 a
2829 4812 2984 4867 Patre
3005 4830 3154 4884 atque
3185 4817 3366 4882 distat,

1815 4907 1976 4964 atque
2007 4913 2090 4952 res
2117 4899 2255 4963 alim,
2279 4901 2500 4969 aequalis
2528 4903 2710 4956 est'iis
2740 4904 3051 4972 quibuscum
3087 4912 3152 4962 ab
3178 4910 3265 4962 illo
3293 4911 3371 4964 di-

1814 4995 1940 5038 stat.
1967 4984 2102 5052 Quid
2133 4988 2292 5057 igitur
2324 4989 2426 5045 hac
2469 4991 2795 5060 blasphemia
2824 4994 2973 5062 pejus
3009 4997 3244 5053 dixerint
3273 4997 3367 5052 Ju-

1815 5077 1910 5131 daei
1947 5078 1970 5130 ?
2003 5079 2128 5146 quid
2174 5082 2411 5137 deterius
2433 5100 2496 5137 ex
2531 5087 2776 5154 gentibus
2821 5089 3006 5143 audire
3041 5093 3372 5158 possumus?

1811 5166 1920 5222 Nec
1959 5173 2120 5239 pudet
2167 5188 2262 5227 eos
2303 5175 2390 5243 qui
2432 5191 2488 5231 se
2523 5175 2753 5232 Verbum
2785 5179 2874 5234 Dei
2922 5180 3096 5235 colere
3143 5183 3367 5249 tingunt,

1813 5258 2010 5316 Iuda-is
2036 5280 2096 5318 ac
2126 5266 2665 5344 gentilibusjueunda
2692 5271 3005 5327 documenta
3034 5284 3193 5328 atoue
3215 5273 3370 5327 fatui-

1907 5514 1996 5583 87)
2027 5515 2251 5570 Codices
2285 5517 2490 5587 aliquot
2521 5519 2610 5572 τὸν
2637 5519 2860 5581 τούτων,
2893 5519 2970 5573 uti
2999 5520 3227 5572 sentiunt
3260 5519 3371 5573 Eu-

1814 5603 2189 5725 ηοξὲἓιίιέᾱὶιῑ,
2208 5657 2270 5709 Ei
2292 5657 2348 5710 δὲ
2372 5657 2433 5710 τὸ
2464 5657 2598 5715 ἴσον.
2624 5662 2834 5714 Atmss.
2861 5659 3211 5728 antiquiores,
3232 5661 3294 5716 Et
3312 5661 3369 5715 δὲ

1813 5729 1944 5780 ἴσον.
