3978 6410
256 367 363 423 575

1365 372 1733 430 ADVERSUS
1770 373 2136 431 EUNOMIUM
2178 374 2307 431 LIB.
2349 376 2413 434 ll.

3378 380 3480 433 5⁸74

1034 777 1313 863 ΠΡΟΣ
1375 780 1955 866 ΕΥΝΟΜΙΟΝ
2022 770 2130 839 (9⁸)
2175 779 2538 864 ΛΟΓΟΣ
2604 780 2707 862 B’.

1635 1044 1839 1098 ΠΕΡΙ
1904 1042 2122 1098 ΥΙΟΥ.

605 1382 1215 1476 ADVERSUS
1291 1379 1953 1473 FUNOMIUM
2033 1378 2391 1467 LIBER
2461 1378 3125 1470 SECUNDUS.

1700 1570 1788 1625 DE
1827 1568 2023 1625 FILIO.

331 1890 382 1945 I.
449 1889 536 1943 Ἐν
584 1888 760 1943 τοίνυν
812 1890 922 1952 τοῖς
967 1888 1091 1959 περὶ
1122 1886 1255 1941 Θεοῦ
1302 1887 1407 1940 τῶν
1453 1887 1587 1941 ὅλων
1637 1887 1813 1955 λόγοις

1986 1886 2035 1940 1.
2062 1884 2247 1954 Itaque
2293 1892 2643 1955 posteaquam
2683 1883 2735 1936 in
2773 1882 2838 1937 iis
2862 1897 2997 1952 quos
3032 1882 3096 1937 de
3125 1882 3232 1936 Deo
3261 1883 3477 1938 univer-

255 1980 772 2043 ὕποκατασκευάσας
800 1980 921 2033 ὅσον
948 1979 1167 2033 ἐδύνατο
1204 1979 1300 2041 τάς
1344 1980 1422 2042 είς
1458 1979 1547 2030 τὸν
1574 1977 1698 2029 Υίὸν
1720 1976 1813 2029 τοῦ

251 2074 390 2128 Θεοῦ
422 2072 786 2143 βλασφημίας,
817 2071 962 2142 αὐτῷ
983 2072 1167 2125 λοιπὸν
1198 2072 1443 2142 ἐπαφῆκε
1475 2070 1551 2141 τῷ
1579 2072 1815 2137 Μονογε-

252 2170 337 2221 νεῖ
359 2166 477 2237 Θεῷ
498 2166 595 2238 τὴν
622 2164 893 2235 γλῶσσαν.
935 2164 999 2216 Τί
1027 2165 1134 2235 γάρ
1172 2181 1337 2234 φησι;

325 2348 482 2401 ΕΥΝ.
517 2346 628 2401 Καὶ
661 2342 740 2409 εἷς
766 2330 908 2409 Υἱός.
940 2343 1245 2415 Μονογενὴς
1282 2342 1410 2413 γὰρ,
1448 2341 1576 2412 περὶ
1600 2357 1660 2394 ου
1690 2339 1814 2410 ἐνῆν

255 2440 357 2510 μὲν
385 2439 481 2502 τὰς
530 2438 636 2491 τῶν
669 2438 838 2505 ἁγίων
868 2436 1048 2505 φωνάς
1078 2435 1471 2507 παραθέμενον,
1501 2433 1567 2487 δι’
1595 2426 1668 2485 ὧν
1689 2432 1813 2484 Υίὸν

252 2532 350 2585 καὶ
387 2531 628 2600 γέννημα
661 2530 753 2583 καὶ
797 2528 1004 2599 ποίημα
1048 2525 1491 2594 καταγγέλλουσι,
1537 2525 1658 2585 ταῖς
1705 2521 1839 2574 τῶν

251 2623 529 2693 ὀνομάτων
557 2622 835 2692 διαφοραῖς
882 2620 973 2673 καὶ
1018 2620 1116 2689 τὴν
1158 2619 1257 2689 τῆς
1301 2616 1483 2679 ούσίας
1535 2613 1809 2685 παραλλα-

253 2712 356 2785 γὴν
386 2712 780 2784 έμφανίσαντας
799 2750 813 2772 .
856 2709 1194 2781 ἀπηλλάχθαι
1225 2707 1515 2778 φροντίδων
1550 2705 1642 2757 καὶ
1676 2720 1811 2774 πρα-

250 2804 477 2875 γμάτων
502 2819 514 2831 ·
561 2802 738 2856 διὰδὲ
764 2802 889 2865 τοὺς
923 2800 1236 2872 σωματικὴν
1271 2798 1367 2869 τὴν
1398 2797 1649 2868 γέννησιν
1678 2797 1810 2848 ύπο-

250 2895 658 2966 λαμὸάνοντας,
734 2894 825 2946 καὶ
883 2894 1001 2955 ταῖς
1063 2891 1400 2962 ὁμωνυμίαις
1458 2887 1814 2959 προσπταίον-

250 3004 372 3049 τας,
401 2986 692 3053 ἀναγκαῖον
733 2984 860 3046 ῐσως
907 2983 999 3036 καὶ
1043 2982 1169 3033 περὶ
1208 2978 1409 3033 τούτων
1453 2976 1539 3030 διὰ
1570 2975 1812 3050 βραχέων

250 3081 450 3132 εἰπεῖν.

323 3168 468 3221 ΒΑΣ.
499 3165 683 3221 Ταῦτα
714 3178 810 3236 μεν
843 3164 951 3235 (99)
980 3166 1007 3216 ό
1036 3162 1313 3232 Εὑνόμιος.
1357 3158 1495 3229 Ἐγὼ
1526 3159 1604 3224 δὲ,
1640 3160 1687 3211 εἰ
1715 3156 1813 3228 μὲν

248 3260 395 3314 οῦτω
444 3258 546 3329 χρὴ
596 3255 913 3309 διανοεῖσθαι
960 3254 1086 3327 περὶ
1135 3252 1230 3306 τοῦ
1266 3251 1424 3320 λόγου
1465 3250 1682 3312 παντὸς,
1740 3248 1814 3310 ὼς
1845 3239 1886 3293 Β

254 3348 567 3417 πλάσματος
589 3340 674 3397 οἷα
706 3347 762 3397 ἐν
792 3348 901 3406 τοῖς
928 3342 1309 3405 διδασκαλείοις
1333 3342 1429 3411 τῆς
1460 3339 1815 3411 ματαιότητος

251 3441 332 3502 είς
367 3438 593 3508 μελέτην
618 3436 711 3488 τοῦ
744 3437 800 3487 ὲν
834 3435 911 3505 τῷ
932 3435 1203 3505 ψεύσματι
1233 3432 1453 3487 πιθανοῦ
1484 3436 1595 3496 τοῖς
1627 3447 1814 3501 μειρα-

252 3531 390 3593 κίοις
415 3528 769 3600 προϐάλλεται
809 3526 1013 3595 (ἐπειδὴ
1048 3526 1136 3578 καὶ
1167 3523 1557 3595 παραπλησίως
1590 3521 1813 3585 ἐκείνοις

253 3622 430 3674 πάντα
472 3619 770 3690 σκιαμαχία
818 3618 1137 3690 προσέοικεο
1192 3618 1326 3688 πρὸς
1372 3616 1704 3687 κατηγόρους
1752 3632 1809 3667 τε

254 3711 401 3782 μάχη
430 3710 502 3781 μὴ
528 3708 865 3779 ὑφεστῶτας’
905 3709 996 3760 καὶ
1027 3707 1287 3776 ἀπολογία
1313 3707 1449 3778 πρὸς
1482 3706 1811 3776 κατηγορίαν

252 3803 312 3854 ού
344 3800 741 3873 προρρηθεῖσαν
767 3816 779 3829 ο
826 3799 920 3853 καλ⁵
951 3799 1105 3867 λόγος
1133 3800 1209 3869 (l)
1240 3799 1375 3870 πρὸς
1403 3798 1660 3860 δικαστὰς
1690 3800 1813 3860 τοὺς

251 3889 487 3960 ούδαμοῦ
555 3888 961 3960 φαινομένους)·
1021 3891 1068 3941 εί
1119 3886 1257 3941 οὕτω
1312 3888 1416 3959 χρὴ
1471 3889 1562 3942 καὶ
1611 3888 1811 3940 τούτων

252 3982 499 4047 ἀκούειν,
534 3981 693 4044 αύτός
737 3998 796 4034 τε
839 3982 1038 4051 ἀφίημι
1078 3981 1176 4051 τὴν
1219 3980 1476 4047 ἐξέτασιν,
1526 3981 1615 4032 καὶ
1653 3980 1810 4033 παντὶ

252 4074 500 4144 παραινῶ
541 4074 701 4143 μηδὲν
746 4072 853 4125 τῶν
894 4072 1195 4143 εἰρημένων
1225 4071 1714 4142 περιεργάζεσθαι·
1764 4073 1810 4123 εί

248 4164 306 4217 δὲ
342 4165 521 4235 μεῖζόν
568 4168 682 4218 ἐστι
734 4166 793 4218 τὸ
836 4166 1186 4236 ἐπάγγελμα,
1228 4166 1320 4217 καὶ
1353 4164 1564 4227 πολλοῖς
1592 4164 1811 4232 γέγονεν

253 4256 477 4310 ὑπόνοια
516 4256 631 4328 (2),
687 4252 823 4311 εἷναί
878 4275 1000 4311 τινα
1048 4259 1178 4329 παρ’
1221 4256 1367 4327 αὐτῷ
1415 4256 1513 4325 τῆς
1558 4256 1811 4328 ἀληθείας

252 4347 528 4420 φροντίδα,
559 4349 766 4419 ἀνάγκη
794 4351 940 4402 πᾶσα
964 4349 1069 4402 τῶν
1093 4347 1393 4419 είρημένων
1425 4348 1648 4400 ἕκαστον
1674 4348 1812 4400 διευ-

253 4441 432 4495 θύνειν
456 4443 533 4504 είς
557 4440 799 4511 δύναμιν.
839 4442 934 4505 Τίς
964 4441 1027 4494 ἂν
1063 4437 1153 4493 οὖν
1183 4440 1377 4511 τρόπος
1398 4440 1496 4508 τῆς
1519 4440 1811 4505 ἐξετάσεως

250 4532 582 4603 δικαιότερος
626 4533 850 4600 γένοιτο,
886 4534 917 4603 ἢ
952 4536 1061 4595 τοῖς
1101 4532 1387 4601 διδάγμασι
1420 4532 1492 4600 (5)
1520 4536 1627 4594 τοῖς
1662 4531 1808 4602 παρά

250 4624 349 4679 τοῦ
377 4624 687 4695 Πνεύματος
714 4627 845 4694 ἡμῖν
877 4624 1175 4695 δεδομένοις
1201 4622 1290 4677 τὸν
1317 4623 1469 4691 λόγον
1504 4623 1814 4694 συγκρίνον-

252 4732 372 4779 τας,
412 4717 439 4769 ὃ
476 4718 571 4786 μὲν
608 4716 671 4769 ἂν
702 4717 926 4779 ἐκείνοις
958 4714 1275 4785 συμφωνοῦν
1305 4715 1548 4785 εὕρωμεν
1584 4715 1810 4767 καταδέο

254 4810 465 4880 χεσθαι,
514 4809 588 4880 τῷ
649 4811 705 4863 δὲ
758 4811 1012 4872 ἐναντίως
1068 4810 1241 4879 ἔχοντι
1294 4811 1537 4863 ἀπιστεῖν
1591 4810 1682 4862 καὶ
1738 4808 1813 4871 ὡς

254 4900 448 4974 ἐχθρὸν
482 4902 807 4971 ἀποφεύγειν
832 4920 846 4968 ;

329 5084 382 5139 Ξ.
408 5084 625 5155 Πρῶτον
653 5084 829 5137 τοίνυν
858 5085 1028 5135 ἐκεῖνο
1055 5081 1330 5148 δεικνύτω,
1354 5082 1493 5148 τίνες
1515 5084 1621 5136 τῶν
1649 5084 1814 5152 ἁγίων

331 5288 441 5358 (98)
474 5288 619 5357 Regii
662 5288 864 5355 primus
890 5297 943 5341 et
988 5298 1170 5340 sextus
1193 5285 1295 5358 Τοῦ
1332 5286 1496 5339 αὑτοῦ
1526 5286 1715 5358 λόγος
1736 5286 1802 5355 β’,

254 5356 529 5431 ἀνατροπὴ
565 5356 672 5409 τοῦ
715 5357 1174 5431 ἀθέου-’δόγματος
1204 5357 1297 5431 τοῦ
1336 5356 1619 5431 Εύνομίου.
1650 5356 1810 5431 Ejus-

254 5432 374 5481 dem
396 5428 536 5481 mm
551 5431 824 5481 secundus.
859 5428 1065 5480 Eversio
1092 5428 1235 5484 impii
1262 5428 1513 5493 doqmalis
1543 5428 1808 5481 It‘unomii.

256 5500 393 5565 Heg.
419 5502 677 5551 secundus
709 5496 813 5548 Τοῦ
848 5497 1009 5550 αὐτοῦ
1047 5497 1171 5567 περὶ
1206 5496 1332 5548 Υἱοῦ
1364 5497 1514 5561 λόγος
1544 5496 1811 5566 δεύτερος,

255 5567 557 5638 ἀνατροπὴ,
577 5578 703 5638 etc.,_
732 5575 787 5638 ut
807 5583 986 5638 supra.
1007 5568 1187 5638 Editto
1211 5569 1375 5638 Paris.
1402 5569 1533 5620 Κατ’
1552 5568 1813 5636 Εὐνομίου

256 5638 351 5698 τοῦ
382 5630 667 5701 δυσσεϐοῦς
694 5636 848 5706 λόγος
874 5630 949 5706 ’βα
981 5636 1156 5690 Codex
1188 5635 1337 5691 Colb.
1377 5645 1428 5691 et
1461 5640 1587 5706 Heg.
1629 5630 1817 5691 ter-tius
1863 5630 1872 5640 ’

258 5737 318 5775 ιιι
347 5710 397 5761 in
430 5720 700 5762 contextu.

326 5779 440 5838 «99)
478 5780 612 5832 Editt
637 5776 815 5830 Ταῦτα
849 5776 945 5842 μὲν
974 5771 1086 5829 οῦν.
1128 5774 1239 5831 Vox
1266 5771 1357 5830 οὖν
1389 5778 1439 5832 in
1484 5793 1610 5832 mss.
1643 5778 1812 5833 deest.

1916 1993 2095 2033 sorum
2135 1976 2320 2031 habuit
2364 1975 2704 2030 sermonibus
2756 1973 3099 2043 praestruxit,
3154 1975 3327 2042 quoad
3380 1989 3477 2043 po-

1915 2070 2037 2129 tuit.
2075 2069 2125 2122 in
2158 2068 2249 2122 Dei
2276 2067 2467 2121 Filium
2502 2066 2863 2135 blaspliemias
2884 2106 2900 2130 ,
2933 2065 3185 2134 deinceps
3219 2064 3271 2118 in
3300 2066 3473 2133 ipsum

1912 2160 2244 2229 unigenitum
2300 2159 2462 2212 Deum
2529 2157 2771 2211 immittit
2824 2156 3077 2226 linguam.
3140 2153 3278 2221 Quid
3329 2156 3473 2209 enim

1912 2251 2081 2307 dicit?

1983 2344 2111 2399 Eun.
2168 2343 2231 2396 Lt
2262 2356 2403 2397 unus
2451 2340 2641 2395 Filius.
2694 2338 3011 2410 Unigenitus
3041 2339 3220 2405 enim,
3258 2339 3323 2395 de
3368 2353 3475 2408 quo

1912 2447 2220 2491 Sanctorum
2248 2435 2420 2489 voces'
2449 2448 2543 2502 per
2588 2446 2723 2503 quas
2754 2430 2944 2485 Filium
2991 2440 3045 2485 et
3079 2432 3378 2501 genituram
3420 2442 3475 2485 et

1910 2536 2213 2580 creaturam
2267 2525 2585 2595 praedicant,
2642 2524 2688 2577 si
2741 2523 3185 2593 protulissemus;
3237 2524 3315 2579 sic
3373 2538 3471 2594 po-

1915 2626 2190 2680 teramus,
2228 2616 2541 2670 substantiae
2579 2615 2741 2670 etiam
2789 2615 3099 2669 diversitate
3152 2630 3247 2684 per
3299 2614 3472 2668 nomi-

1912 2723 2035 2761 num
2069 2708 2432 2761 diversitatem
2487 2707 2778 2768 declarata.
2820 2706 2966 2759 curis
3018 2706 3169 2760 liberi
3222 2721 3342 2761 esse
3393 2718 3475 2760 at-

1911 2815 2014 2869 que
2066 2800 2315 2869 negotiis.
2375 2799 2482 2853 Sed
2538 2807 2756 2868 propter
2792 2812 2885 2851 eos
2935 2798 3024 2867 qui
3072 2798 3472 2868 generationem

1913 2906 2224 2961 corpoream
2262 2889 2606 2960 intelligunt,
2647 2899 2700 2941 et
2754 2888 2951 2957 quibus
3002 2903 3162 2943 voces
3216 2889 3474 2958 ambiguae

1912 2994 2039 3040 sunt
2070 2982 2375 3047 ollensioni,
2428 2995 2651 3037 necesse
2699 2980 2841 3036 forte
2892 2980 3054 3035 fuerit
3098 2983 3163 3035 de
3206 2981 3273 3035 iis
3309 2982 3472 3036 etiam

1912 3091 2080 3146 pauca
2113 3076 2313 3129 dicere.

1981 3170 2105 3225 Bas.
2159 3168 2282 3223 Haec
2311 3168 2526 3237 quidem
2554 3166 2871 3221 Eunomius.
2917 3166 3027 3236 Ego
3062 3180 3189 3220 vero
3225 3166 3267 3219 si
3320 3180 3476 3235 opor-

1915 3269 2024 3317 teat
2053 3261 2121 3316 de
2151 3269 2259 3315 tota
2296 3262 2538 3313 oratione
2573 3259 2711 3311 sicut
2744 3261 2808 3311 de
2840 3274 2895 3311 re
2928 3259 3048 3312 ﬁcta
3087 3260 3311 3319 sentire,
3347 3272 3477 3326 qua-

1913 3353 1982 3409 lia
2014 3354 2066 3408 in
2103 3353 2356 3407 vanitatis
2402 3351 2603 3407 scholis
2653 3361 3027 3420 proponuntur
3050 3350 3477 3405 adolescentibus

1913 3443 1979 3497 ad
2024 3443 2483 3507 exercitationem,
2514 3452 2567 3494 ut
2603 3454 2862 3510 appareat
2901 3442 2952 3495 in
2987 3443 3267 3497 mendacio
3294 3440 3477 3495 verisi-

1913 3533 2156 3588 militudo
2199 3532 2485 3604 (siquidem
2520 3540 2578 3586 ut
2612 3532 2719 3585 illis
2745 3532 3032 3601 contingit,
3069 3532 3139 3585 ita
3170 3532 3258 3586 bie
3288 3546 3476 3600 pugna:

1913 3626 2243 3680 adumbratae
2290 3623 2485 3678 similia
2541 3632 2667 3677 sunt
2717 3624 2897 3677 omnia
2939 3642 2951 3676 :
3002 3639 3177 3693 pugna
3229 3624 3477 3677 videlicet

1912 3730 2099 3774 contra
2146 3724 2491 3771 accusatores
2532 3714 2625 3783 qui
2675 3730 2780 3769 non
2835 3726 3092 3769 exstant:
3122 3714 3361 3784 apologia
3414 3731 3475 3769 ac

1915 3811 2190 3880 responsio
2251 3808 2318 3862 ad
2386 3807 2792 3861 accusationem
2854 3822 2960 3861 non
3023 3806 3476 3877 praenuntiatam;

1913 3903 2085 3956 oratio
2115 3900 2180 3955 ad
2214 3900 2425 3969 iudices
2459 3900 2550 3968 qui
2578 3915 2841 3969 nusquam
2878 3900 3253 3970 comparent);
3294 3900 3362 3964 si,
3397 3899 3479 3954 in—

1913 4004 2092 4054 quam,
2147 3996 2201 4040 et
2255 3987 2371 4041 hare
2420 3987 2609 4041 audire
2646 3995 2879 4055 oportet,
2923 3995 3030 4039 tum
3062 3985 3175 4055 ipse
3203 3986 3269 4040 de
3296 3986 3361 4041 iis
3395 3985 3479 4039 in-

1911 4080 2126 4149 quirere
2154 4067 2360 4141 desino,
2411 4087 2522 4131 tum
2565 4092 2753 4132 omnes
2786 4080 3071 4139 admoneo,
3107 4086 3167 4131 ut
3207 4077 3340 4131 nihil
3386 4092 3478 4132 eo-

1912 4190 2028 4228 rum
2073 4188 2193 4242 quzn
2225 4172 2365 4226 dicta
2396 4182 2539 4234 sunt,
2582 4180 2855 4237 satagunt.
2889 4168 2981 4223 Sin
3014 4171 3185 4239 majus
3222 4180 3304 4224 est
3337 4170 3478 4238 quod

1912 4266 2211 4335 promittit;
2266 4273 2321 4317 et
2360 4264 2536 4316 multis
2588 4264 2777 4316 aliorta
2819 4271 2903 4315 est
2932 4264 3188 4331 suspicio,
3241 4262 3477 4329 aliquam

1910 4371 2029 4410 esse
2075 4355 2213 4423 apud
2264 4369 2383 4408 eum
2432 4352 2676 4406 veritatis
2724 4368 2931 4414 curam,
2988 4366 3212 4407 necesse
3260 4351 3480 4405 omnino

1912 4448 2072 4499 fuerit
2107 4446 2313 4516 singula
2354 4444 2517 4514 239
2557 4445 2713 4497 verba
2764 4462 2861 4513 pro
2908 4455 3091 4497 nostra
3141 4444 3277 4497 virili
3331 4454 3481 4512 parte

1913 4536 2215 4592 confutare.
2271 4534 2403 4600 Quis
2454 4545 2632 4588 autem
2680 4535 3015 4604 expendcndi
3066 4535 3481 4604 tundusjustior

1919 4629 2097 4689 fuerit,
2150 4642 2311 4693 quam
2348 4627 2391 4679 si
2439 4627 2578 4679 datis
2618 4627 2775 4680 nobis
2830 4642 2857 4679 a
2908 4626 3106 4693 Spiritu
3145 4627 3480 4682 documentis

1918 4718 2211 4772 orationem
2243 4716 2611 4780 conferentes,
2642 4718 2782 4784 quod
2814 4718 3030 4785 quidem
3061 4717 3163 4768 illis
3186 4733 3477 4771 consonum

1920 4810 2300 4873 invenerimus,
2337 4809 2388 4862 id
2428 4810 2789 4876 suscipiamus
2822 4829 2834 4863 :
2873 4811 3011 4877 quod
3040 4824 3167 4863 vero
3195 4811 3257 4863 iis
3283 4812 3479 4861 adver-

1916 4909 2086 4965 satur,
2136 4901 2188 4955 id
2238 4914 2576 4970 nequaquam
2605 4902 2888 4957 credamus
2922 4909 3083 4968 atque
3113 4912 3169 4955 ut
3201 4902 3477 4955 inimicum

1916 4992 2274 5061 eﬂugiantus?

1989 5088 2043 5137 2.
2083 5086 2321 5139 Primum
2356 5086 2537 5157 itaque
2581 5085 2711 5141 illud
2744 5088 3015 5153 ostendat,
3051 5088 3139 5157 qui
3168 5089 3273 5143 sint
3308 5087 3477 5143 sancti

1988 5288 2064 5357 (l)
2093 5287 2275 5341 Codex
2313 5304 2451 5343 unus
2497 5290 2593 5343 καὶ
2632 5288 2797 5359 λόγοι.
2824 5290 2927 5345 Alii
2959 5299 3067 5345 tres
3108 5305 3234 5344 mss.
3276 5289 3367 5342 καὶ
3391 5286 3480 5342 λό-

1915 5375 2049 5427 γοις.
2079 5369 2347 5426 Corrupte.

1989 5428 2063 5499 (‘2)
2095 5428 2315 5499 Codices
2347 5430 2451 5482 duo
2480 5431 2763 5499 ἐγγέγονεν
2792 5432 3029 5482 ὑπόνοια.

1990 5442 2043 5497 (2
2095 5442 2315 5482 Lomces
2347 5442 2451 5482 duo
2480 5442 2763 5499 ἐγγέγονεν
2792 5442 3029 5482 υπόνοια.

1990 5442 2081 5573 (δέ,
2104 5498 2319 5573 Antiqui
2352 5502 2613 5573 dnoltbrt
2643 5505 2674 5573 ἦ
2713 5504 2822 5563 τοῖς
2859 5500 3219 5573 δόγμασιμλοι
3247 5499 3315 5551 it"
3345 5513 3477 5573 quo:

1919 5584 2023 5637 que
2071 5569 2264 5637 legitur
2293 5570 2341 5623 in
2391 5570 2512 5624 aliis
2551 5569 2757 5625 duobus
2807 5585 2959 5633 mss.,
3020 5571 3109 5622 sed
3143 5571 3193 5621 in
3225 5584 3315 5621 ora
3361 5570 3479 5621 ltln-i

1920 5645 2197 5697 duntaxat,
2232 5640 2282 5691 itt
2319 5651 2569 5693 contextu
2604 5657 2733 5694 vero
2760 5641 3016 5708 scriptum
3043 5640 3313 5691 invenitur
3336 5638 3476 5690 5:81:-

1919 5723 2091 5779 γμασι
2130 5726 2143 5760 :
2172 5723 2331 5776 quam
2363 5710 2606 5764 ultimam
2642 5711 2924 5767 lectionem
2953 5710 3243 5779 pra-lerunt
3268 5724 3479 5779 quoque

1919 5778 2048 5833 editi
2081 5788 2135 5832 et
2160 5779 2245 5832 alii
2277 5791 2385 5834 tres
2418 5796 2544 5836 mss.
