3978 6410
596 369 701 424 57-3

1902 365 1960 420 S.
2001 364 2246 420 BASILII
2286 365 2497 421 MAGNI
3660 376 3725 425 an

595 487 686 558 qui
735 487 1033 556 genituram
1075 493 1130 540 et
1176 484 1438 537 Iacturam
1484 481 1760 538 Christum
1796 481 2162 552 appellarint?

2155 483 2162 508 ’
2189 486 2235 542 Α
2264 481 2356 550 γέν
2369 500 2430 552 νη
2441 499 2514 551 μα
2531 481 2623 534 καὶ
2647 482 2854 552 ποίημα
2883 479 2970 532 τὸν
2986 480 3215 551 Χριστὸν
3234 482 3726 552 προσειρήκαεκποίις

595 592 731 647 quas
766 576 1167 644 Scripturarum
1199 588 1356 626 voces
1399 573 1594 626 habeat
1627 572 1691 625 ad
1739 572 2158 626 demonstratio-

596 669 764 723 nem?
817 667 948 722 Nam
988 667 1032 722 si
1083 667 1220 721 beati
1265 666 1410 721 Petri
1447 681 1574 720 voce
1602 681 1721 734 qua:
1757 667 1808 719 in
1847 665 1995 719 Actis
2027 680 2156 735 apo-

595 759 853 814 stolorum
885 759 1191 828 conscripta
1225 767 1326 821 est,
1359 757 1626 822 innititur,
1666 756 1753 811 ubi
1786 755 1920 810 dicit
1960 777 1972 811 :
2010 755 2157 812 Sciat

595 859 702 902 tota
733 850 916 902 domus
939 848 1132 914 Israel,
1165 849 1299 919 quod
1327 847 1604 900 Dominum
1631 846 1797 914 ipsum
1821 856 1868 900 et
1892 844 2157 900 Christum

594 940 716 1008 fecit
750 939 921 1007 Deus,
959 943 1096 993 hunc
1139 940 1319 993 Jesum
1367 955 1515 1008 quem
1570 955 1655 992 eos
1711 939 2045 1007 cruciﬁxistis
2078 939 2152 992 '9:

594 1036 823 1100 primum
858 1033 1074 1102 quidem
1105 1033 1156 1086 id
1185 1031 1548 1086 testimonium
1580 1032 2007 1085 convenientiam
2040 1031 2159 1084 nul-

597 1126 701 1177 lam
735 1125 895 1179 habet
929 1139 1049 1178 cum
1101 1124 1344 1192 qumsito.
1397 1121 1527 1175 Nam
1563 1132 1904 1176 ostensurum
1941 1139 1998 1176 se
2032 1138 2157 1192 pro-

597 1219 790 1282 fessus,
840 1217 1036 1270 Filium
1084 1232 1112 1269 a
1159 1216 1360 1269 sanctis
1405 1217 1667 1285 [acturum
1715 1216 1913 1270 dictum
1971 1215 2154 1278 fuisse,

597 1311 954 1365 testimonium
990 1309 1237 1379 perhibet
1269 1311 1332 1362 de
1366 1309 1472 1362 Deo
1517 1319 1570 1362 et
1607 1307 1794 1372 Patre,
1839 1308 1979 1375 quod
2011 1307 2150 1362 fece-

597 1405 684 1458 rit.
734 1403 846 1457 Non
885 1402 1030 1457 enim
1063 1402 1193 1456 illud
1235 1402 1466 1465 dixerit,
1520 1399 1686 1454 licere
1735 1401 1858 1466 sibi,
1897 1411 2007 1453 tum
2037 1415 2157 1453 cum

595 1495 661 1549 de
685 1496 846 1548 tantis
871 1495 1030 1549 rebus
1053 1509 1229 1549 sermo
1268 1494 1588 1559 instituitur,
1614 1493 1972 1546 derivationes
2001 1507 2161 1560 quas-

597 1587 718 1640 dam
747 1601 812 1641 ac
838 1585 1160 1640 variationes
1192 1584 1467 1640 nominum
1498 1583 1820 1652 excogitare.
1874 1583 2161 1639 Enimvero

595 1680 638 1733 si
669 1678 751 1733 vel
791 1678 948 1732 otiosi
998 1677 1145 1730 verbi
1187 1691 1376 1745 pmnas
1424 1676 1476 1729 in
1523 1677 1607 1730 die
1641 1675 1824 1743 judicii
1874 1676 2158 1744 dabimus;

596 1771 764 1825 multo
809 1771 982 1823 minus
1022 1769 1065 1822 si
1102 1769 1394 1837 quidquam
1431 1770 1482 1822 in
1527 1769 1690 1821 tantis
1743 1768 1902 1822 rebus
1935 1770 2159 1822 innova-

597 1878 738 1927 mus,
779 1861 831 1915 id
886 1862 1042 1915 nobis
1091 1862 1225 1914 citra
1267 1873 1477 1929 poenam
1539 1861 1862 1915 remittetur.
1906 1861 2161 1917 Fortasse

596 1955 739 2009 enim
773 1953 898 2006 illud
928 1953 1140 2021 quidem
1199 1966 1453 2022 tauquam
1503 1963 1917 2007 consentaneum
1951 1957 2016 2007 de
2054 1955 2160 2008 Deo

595 2045 854 2111 eLPatre
904 2045 1032 2110 dici,
1089 2060 1118 2097 a
1178 2045 1357 2098 divina
1393 2044 1668 2112 Scriptura
1709 2045 1884 2098 edocti
1933 2060 2156 2099 sunms:

598 2138 702 2192 hoc
726 2153 852 2191 vero
883 2153 987 2190 non
1019 2137 1307 2191 convenire
1337 2136 1647 2204 Unigenito,
1680 2137 1912 2205 Spiritus
1938 2147 2160 2192 sanctus

595 2231 806 2286 siiendo
822 2231 1076 2285 ostendit.
1110 2229 1386 2296 Quomodo
1426 2230 1585 2299 igitur
1617 2239 1786 2283 tutum
1820 2229 1999 2294 luerit,
2032 2246 2161 2285 voce

596 2320 744 2377 Fecit
801 2323 1099 2384 immutata,
1160 2321 1533 2374 universorum
1583 2319 1838 2375 factorem
1894 2319 2158 2376 facturam

597 2413 811 2469 dicere?
845 2413 1056 2468 Etenim
1107 2411 1153 2465 si
1201 2410 1486 2480 appellatio
1531 2410 1792 2478 ejusmodi
1831 2411 1877 2464 ei
1911 2414 2157 2467 conveni-

598 2516 698 2570 ret,
736 2507 918 2574 utique
953 2520 1056 2558 non
1089 2503 1277 2558 fuisset
1308 2504 1667 2572 praetermissa
1701 2519 1728 2555 a
1765 2504 1967 2572 Spiritu
1999 2505 2160 2558 silen-

599 2596 692 2652 tio.
739 2597 792 2650 lu
837 2596 1099 2650 creaturis
1142 2595 1354 2662 quidem
1393 2595 1689 2662 reperimus
1735 2610 1764 2648 a
1811 2597 1975 2648 verbo
2011 2595 2159 2649 Fecit

597 2689 933 2756 desumptam
967 2685 1130 2740 fuisse
1161 2687 1378 2739 facturae
1421 2685 1832 2754 appellationem
1866 2708 1877 2742 :
1931 2690 1981 2740 iu
2027 2687 2162 2741 Fdio

597 2783 774 2828 autem
808 2773 900 2826 Dei
928 2788 1032 2827 non
1065 2774 1214 2828 item.
1262 2773 1326 2828 In
1376 2776 1630 2842 principio
1673 2779 1807 2829 enim
1867 2777 2002 2831 Deus
2040 2779 2159 2846 fecit

596 2867 779 2921 calum
806 2877 850 2919 et
889 2875 1082 2919 terram
1103 2867 1166 2918 '°.
1203 2866 1268 2919 Et
1298 2882 1484 2919 rursus
1519 2885 1531 2919 :
1568 2866 1633 2919 In
1663 2867 1884 2936 [acturis
1913 2885 2160 2924 manuum

596 2966 808 3010 tuarum
831 2957 1124 3009 meditabar
1155 2957 1219 3009 ³³.
1264 2956 1364 3018 Et,
1405 2957 1678 3010 Enimvero
1719 2975 1832 3028 qua:
1871 2972 1986 3012 sunt
2031 2962 2161 3013 iuvi-

596 3048 770 3101 sibilia
801 3048 972 3110 illius,
1004 3064 1067 3100 ea:
1107 3049 1366 3100 creatione
1409 3050 1626 3112 mundi,
1657 3049 1779 3101 dum
1808 3066 1898 3117 per
1926 3052 2160 3116 facturas

2259 573 2562 642 ἕχειφωνὰς
2596 573 2704 626 τῶν
2724 573 2950 643 Γραςεῶν
2982 573 3060 634 εἰς
3089 572 3383 637 ἁπόδειξινς
3418 575 3472 627 Εἰ
3499 578 3589 644 γὰρ
3607 581 3654 646 τῇ
3669 580 3726 632 τοῦ

2261 666 2526 736 μακαρίου
2563 665 2767 736 Πέτρου
2798 668 2946 734 φωνῇ
2971 667 3034 735 τῇ
3067 666 3122 716 ἐν
3148 667 3266 726 ταῖς
3289 666 3514 736 Πράξεσι
3534 668 3621 719 τῶν
3645 670 3722 722 ἀπο

2259 758 2458 811 στόλων
2502 759 2964 830 ἁναγεγραμμένῃ
3011 758 3422 828 ὲπιστηρίζοιτο,
3467 757 3576 809 ἔνθα
3615 763 3729 828 orsi-

2258 852 2604 904 Γινωσκέτω
2643 850 2761 917 πᾶς
2790 847 2951 916 οἶκος
2985 850 3249 917 Ἰσραὴλ,
3278 848 3364 901 ὅτι
3387 851 3581 916 Κύριον
3606 853 3730 903 οὐτε-γ

2259 943 2351 995 καὶ
2375 943 2630 1010 Χριστὸν
2655 944 2941 1008 ἐποίησεν
2963 944 2994 995 ό
3013 942 3176 1007 Θεὸς,
3202 942 3411 994 τοῦτον
3433 940 3528 992 τὸν
3550 942 3731 1005 ’ωσι-ἶν’,

2259 1037 2330 1088 ὃν
2358 1035 2523 1104 ὑμεῖς
2563 1034 3008 1102 ἐσταινρώσατεο
3045 1032 3258 1104 πρῶτον
3295 1032 3391 1103 μὲν
3432 1032 3564 1084 οὐδὲν
3601 1035 3732 1085 οἰκεῖοι

2259 1126 2370 1196 ἔχει
2417 1126 2493 1196 τῷ
2542 1126 2853 1196 ζητουμένῳ
2901 1126 2934 1196 ἡ
2989 1125 3277 1196 μαρτυρία.
3331 1125 3733 1196 Ἐπαγγειλὰμενος

2259 1223 2365 1290 γὰρ
2395 1219 2584 1285 δείξειν
2620 1219 2769 1290 παρὰ
2814 1218 2920 1271 τῶν
2970 1219 3140 1286 ἁγίων
3187 1217 3432 1286 εἰρῆσθαι
3464 1218 3650 1286 ποίημα
3679 1221 3735 1272 τὸν

2260 1313 2407 1374 Υίον,
2447 1311 2542 1382 τὴν
2593 1311 2891 1382 μαρτυρίαν
2943 1309 3231 1380 παρέχεται
3276 1311 3399 1380 περὶ
3441 1308 3524 1361 τοῦ
3548 1309 3653 1362 Θεοῦ
3677 1312 3736 1362 2:".

2260 1405 2492 1475 Πατρὸς,
2525 1405 2604 1456 ὅτι
2636 1404 2906 1474 ἐποίησεν.
2954 1403 3025 1455 Οὐ
3074 1403 3180 1472 γὰρ
3228 1401 3400 1453 ἐκεῖνό
3431 1418 3489 1468 γε
3530 1399 3585 1452 ἂν
3627 1403 3736 1460 εἴποι,

2261 1495 2339 1546 ὅτι
2369 1492 2572 1557 ἔξεστιν
2605 1492 2751 1563 αὐτῷ
2779 1496 2835 1545 ὲν
2865 1495 2977 1556 τοῖς
3009 1491 3262 1562 περὶτῶν
3291 1490 3595 1560 τηλικούτων
3619 1491 3737 1558 λόγοις

2264 1585 2593 1656 παραγωγάς
2625 1602 2774 1647 τινας
2814 1586 2906 1638 καὶ
2938 1583 3526 1655 παρασχημαστισμοὺς
3554 1582 3640 1634 τῶν
3663 1584 3738 1634 ὀνι-

2266 1679 2446 1747 μὰτων
2490 1677 2720 1728 ἐπινοεῖν
2749 1675 2842 1745 (4).
2892 1677 2952 1728 Ei
2993 1675 3100 1745 γὰρ
3148 1675 3240 1728 καὶ
3270 1673 3438 1746 ἀργοῦ
3481 1673 3739 1740 1670-49395-

2262 1786 2357 1830 νας
2379 1769 2642 1840 ῦφέξομεν
2668 1772 2723 1822 ἐν
2746 1771 2926 1841 ἡμέρᾳ
2952 1771 3046 1840 τῆς
3070 1770 3321 1839 κρίσεως,
3346 1766 3381 1837 ἦ
3407 1768 3500 1820 ποῦ
3525 1785 3576 1834 γε
3597 1768 3642 1820 τι
3658 1773 3740 1838 περὶ

2261 1861 2367 1912 τῶν
2398 1861 2722 1932 τηλικούτων
2765 1865 3100 1932 καινοτομεῖν
3133 1861 3418 1914 ἀνεύθυνον
3449 1863 3566 1932 ἡμῖν
3600 1861 3739 1930 cie-alii,-

2262 1969 2431 2004 σεται.
2467 1952 2618 2022 Τάχα
2646 1953 2752 2024 γάρ
2782 1970 2881 2005 που
2907 1953 2966 2005 τὸ
3002 1953 3100 2023 μὲν
3129 1953 3205 2022 (5)
3237 1953 3310 2015 ὡς
3337 1953 3536 2022 πρέπον
3563 1951 3636 2003 ἐπὶ
3656 1951 3741 2003 Θεοῦ

2261 2046 2353 2097 καὶ
2401 2045 2614 2116 Πατρὸς
2656 2045 2906 2113 λέγεσθαι
2953 2044 3103 2114 παρὰ
3146 2044 3240 2097 τοῦ
3284 2043 3430 2096 Θείου
3473 2043 3742 2111 sesama:

2259 2135 2447 2203 λόγου·
2480 2136 2539 2189 τὸ
2572 2136 2627 2190 δὲ
2657 2138 2754 2206 οὐχ
2786 2136 3020 2208 ἁρμόζον
3072 2136 3148 2206 τῷ
3187 2137 3476 2204 Μονογενεῖ
3505 2135 3561 2186 δι’
3587 2127 3644 2186 ὧν
3677 2135 3742 2185 ἀτ-

2261 2227 2531 2299 εσιώπησε
2564 2229 2625 2282 τὸ
2664 2228 2885 2299 Πνεῦμα
2933 2229 2993 2281 τὸ
3025 2229 3176 2296 ἅγιον
3217 2227 3524 2291 ἐνεδείξατο.
3569 2225 3664 2286 Πῶς
3685 2221 3742 2276 οὖν

2260 2320 2496 2390 ἀσφαλὲς
2557 2321 2674 2392 τὴν,
2751 2322 3044 2390 Ἐποίησε,
3097 2321 3275 2392 φωνὴν
3327 2317 3743 2390 μεταρρυθμζοπι

2261 2412 2359 2483 (6),
2404 2412 2612 2483 ποίημα
2641 2413 2818 2481 λέγειν
2856 2412 2946 2464 τὸν
2981 2412 3209 2483 ποιητὴν
3252 2412 3360 2464 τῶν
3409 2411 3560 2470 ὅλωνς
3601 2410 3648 2462 Εἰ
3677 2407 3743 2475 γὰρ

2261 2503 2496 2576 ἔπρεπεν
2524 2504 2670 2574 αὐτῷ
2687 2504 3020 2576 προσηγορία
3059 2503 3299 2573 τοιαύτη,
3329 2503 3431 2556 οὐκ
3459 2501 3519 2556 ἂν
3544 2498 3742 2568 ἐσιωπήθη

2262 2596 2411 2668 παρὰ
2459 2595 2550 2648 τοῦ
2599 2595 2930 2665 Πνεῦματος.
2998 2595 3134 2647 Ἀλλ’
3177 2594 3267 2646 ἐπὶ
3315 2594 3416 2664 μὲν
3459 2593 3549 2662 τῆς
3588 2591 3743 2648 κτίσεως

2262 2688 2490 2760 εὕρομεν
2539 2687 2644 2741 ἀπὸ
2689 2687 2821 2750 τοῦ,
2885 2687 3202 2753 Ἐποίησε,
3257 2684 3354 2756 τὴν
3388 2682 3479 2736 τοῦ
3525 2682 3744 2752 ποιήματος

2262 2781 2627 2853 προσηγορίαν
2679 2778 3105 2850 μεταληφθεῖςαν
3132 2795 3144 2808 ·
3201 2777 3290 2830 ἐπὶ
3334 2776 3394 2828 δὲ
3426 2773 3514 2827 τοῦ
3551 2771 3654 2824 Υίοῦ
3688 2769 3742 2820 τοῦ

2261 2872 2394 2925 Θεοῦ
2441 2873 2516 2940 (7)
2555 2873 2754 2924 οὐκέτι.
2806 2872 2900 2922 Ἐν
2939 2867 3097 2938 ἀρχῇ
3142 2868 3248 2937 γὰρ
3289 2867 3567 2933 ἐποίησεν
3600 2866 3626 2917 ὀ
3655 2861 3745 2923 erit:

2262 2965 2367 3016 τὸν
2407 2963 2668 3032 οὐρανὸν
2703 2961 2801 3014 καὶ
2843 2961 2955 3028 τὴν
2995 2960 3143 3031 γῆν·
3180 2961 3270 3013 καὶ
3324 2959 3515 3013 πάλινο
3572 2957 3646 3008 Ἐν
3668 2952 3745 3015 τοῖς

2263 3058 2550 3126 ποιήμασι
2581 3054 2697 3108 τῶν
2734 3053 2944 3124 χειρῶν
2969 3071 3082 3106 σου
3119 3051 3414 3120 ἐμελέτων
3437 3069 3449 3080 ·
3501 3049 3599 3110 καὶ,
3629 3048 3681 3101 Τὰ
3699 3044 3744 3112 (3)

596 3139 943 3204 innotescunt,
981 3140 1363 3208 perspiciuntur
1391 3141 1457 3194 ".
1512 3141 1602 3194 Sic
1643 3140 1919 3210 Scriptura
1957 3143 2007 3194 in
2045 3143 2159 3210 qui-

2187 3161 2228 3218 ς,
2262 3150 2369 3219 γὰρ
2407 3149 2623 3216 ἀόρατα
2651 3146 2835 3199 αὑτοῦ
2878 3144 2992 3198 ἀπὸ
3028 3144 3273 3208 κτίσεως
3299 3143 3523 3210 κόσμου
3553 3138 3650 3202 τοῖς
3667 3152 3746 3188 πα·

601 3233 700 3286 bus
748 3242 1106 3300 opportunum
1141 3242 1224 3285 est
1274 3247 1540 3300 usurpans
1592 3235 1691 3287 hoc
1743 3249 1956 3296 nomen,
1999 3234 2052 3286 id
2100 3235 2164 3289 de

600 3323 828 3376 Domino
859 3333 1043 3376 nostro
1076 3333 1129 3377 et
1167 3322 1446 3378 Salvatore
1477 3322 1599 3377 Jesu
1627 3325 1862 3388 Christo,
1914 3337 2163 3396 tanquam

598 3414 778 3487 gloria:
812 3415 926 3484 ejus
961 3414 1293 3481 maiestatem
1333 3417 1471 3469 haud
1513 3418 1735 3480 decens,
1771 3420 2022 3474 obticuit.
2059 3419 2164 3473 Sed

599 3517 777 3560 tamen
815 3515 866 3560 et
897 3506 1122 3568 asciam,
1151 3515 1204 3559 et
1234 3506 1460 3574 lapidem
1493 3508 1828 3578 angularem,
1857 3520 1909 3564 et
1937 3510 2164 3579 lapidem

598 3596 934 3662 oﬂ'ensionis,
975 3608 1028 3652 et
1073 3607 1278 3666 petram
1327 3599 1600 3664 scandali,
1651 3611 1703 3654 et
1740 3601 1858 3655 aliis
1903 3602 2164 3671 ejusmodi

601 3687 922 3750 nominibus,
983 3687 1035 3740 in
1076 3687 1270 3756 quibus
1305 3703 1410 3742 nou
1462 3687 1686 3742 multum
1737 3691 1946 3745 videtur
1994 3692 2169 3746 inesse

599 3777 792 3844 laudis,
829 3779 914 3842 iis,
965 3779 1056 3847 qui
1095 3780 1371 3832 nominum
1422 3779 1872 3850 signiﬁcationem
1923 3799 2027 3837 non
2083 3800 2168 3838 as-

600 3881 916 3940 sequuntur,
940 3873 1219 3925 Dominum
1244 3873 1425 3942 gloria:
1451 3874 1718 3943 appellare
1749 3892 1851 3929 non
1876 3878 2167 3939 erubescit;

601 3972 653 4016 at
687 3963 948 4031 facturam
994 3980 1260 4034 nusquam
1305 3967 1524 4020 omnino
1579 3969 1899 4021 nominavit.
1948 3972 2015 4021 At
2043 3985 2168 4022 vero

607 4056 696 4110 hic
733 4057 800 4110 ab
839 4057 967 4124 ipsis
1012 4060 1212 4113 sanctis
1257 4060 1359 4112 hoc
1405 4073 1465 4114 se
1513 4060 1741 4112 nominis
1774 4060 2044 4128 accepisse
2071 4064 2167 4123 ait,

604 4155 790 4202 utnon
830 4164 955 4202 suos
987 4149 1156 4202 solum
1185 4151 1452 4218 mquales,
1497 4152 1591 4206 sed
1634 4164 1852 4206 sanctos
1883 4153 2043 4206 etiam
2077 4156 2166 4221 qui

601 4239 729 4294 olim
759 4239 997 4303 fuerunt,
1030 4241 1318 4297 calumniis
1345 4244 1457 4299 suis
1487 4245 1744 4302 involvat.

673 4508 726 4562 5.
775 4509 970 4564 Verum
1019 4518 1373 4582 praeterquam
1421 4510 1560 4578 quod
1613 4511 1680 4563 ob
1731 4512 2026 4580 periculurn
2060 4530 2163 4566 non
2200 4523 2241 4568 ι)

604 4611 813 4670 oportet
852 4603 974 4655 talia
1003 4604 1218 4666 audere,
1249 4619 1424 4672 neque
1451 4602 1661 4656 Domini
1693 4605 1907 4658 nomina
1934 4620 1962 4657 a
1993 4606 2168 4672 seipse

607 4693 1322 4764 transformare:praeterea
1379 4711 1445 4748 ne
1497 4697 1608 4762 ipsa
1664 4697 1878 4765 quidem
1931 4699 2164 4766 Aposuoli

604 4786 869 4841 sententia
903 4787 1121 4842 exhibet
1147 4789 1300 4842 nobis
1326 4802 1442 4842 eam
1473 4786 1743 4857 Unigeniti
1775 4803 1896 4856 qua:
1923 4800 2048 4842 ante
2073 4805 2171 4842 sa:-

678 4928 721 4957 “
747 4929 868 4980 Act.
905 4943 965 4994 ιι,
1001 4927 1088 4982 56.
1167 4929 1211 4959 ²⁰
1243 4928 1378 4983 Gen.
1416 4945 1453 4994 ι,
1489 4929 1536 4982 1.

676 5109 751 5180 (4)
791 5110 922 5180 Reg.
958 5122 1179 5180 quartus
1223 5111 1274 5163 in
1319 5110 1557 5180 margine
1610 5109 1886 5179 ὀνομάτων
1933 5112 2164 5181 ἐπικρα-

605 5183 736 5233 τεῖν.

677 5252 754 5320 (5)
787 5250 898 5306 lloc
929 5249 1060 5305 dicit
1090 5251 1321 5304 Basilius
1360 5265 1375 5302 :
1425 5249 1704 5315 Scriptura
1749 5265 1869 5303 cum
1905 5251 1969 5302 de
2013 5251 2171 5305 Patre

607 5336 906 5375 sermonem
943 5322 1122 5384 habet,
1161 5325 1321 5374 verbo
1351 5320 1471 5388 fecit
1502 5321 1690 5384 utitur,
1722 5331 1776 5372 ut
1798 5321 2048 5373 ostendat
2073 5322 2172 5374 hoc

606 5393 826 5445 verbum
878 5391 1021 5444 Patri
1074 5403 1329 5459 tanquam
1366 5405 1543 5442 rerum
1606 5392 1844 5443 omnium
1901 5391 2166 5442 conditori

606 5462 893 5514 convenire
923 5479 935 5515 :
965 5472 1176 5526 contra,
1201 5477 1318 5512 cum
1353 5464 1417 5513 de
1444 5459 1580 5513 Filio
1605 5460 1859 5530 loquitur,
1894 5474 2166 5530 nunquam

609 5546 788 5582 vocem
826 5532 1047 5598 factura:
1089 5539 1332 5600 usurpat,
1366 5540 1421 5581 ut
1455 5529 1744 5583 doceamur
1777 5530 1826 5582 id
1860 5545 2051 5582 nomen
2092 5529 2164 5593 ei,

605 5602 695 5666 qui
726 5603 927 5668 pariter
951 5617 1129 5654 rerum
1159 5602 1406 5654 conditor
1432 5611 1532 5663 cst,
1567 5615 1668 5652 non
1703 5615 2019 5664 congruere.
2056 5600 2168 5651 An-

609 5667 738 5739 ltqtll
772 5679 1002 5735 quatuor
1047 5671 1164 5724 libri
1200 5671 1350 5739 Τάχα
1377 5670 1484 5738 γάρ
1525 5687 1621 5720 που
1648 5670 1706 5721 τὸ
1741 5669 1837 5737 μὲν
1871 5703 1916 5720 ..
1939 5707 1953 5720 .
1975 5667 2170 5739 λόγου,

606 5738 668 5811 τρ
687 5737 762 5789 δέ.
799 5741 1096 5809 [illiti-.3111
1124 5742 1227 5811 γὰρ
1271 5737 1425 5792 τοῦτο
1460 5737 1566 5808 μὲν
1692 5739 1870 5811 λόγου,
1905 5737 2062 5811 τοῦτο
2095 5739 2172 5795 δέ.

611 5805 718 5860 lioc
760 5811 873 5873 ipso
923 5811 973 5863 in
1013 5805 1282 5865 loco‘editi
1331 5821 1385 5864 ct
1419 5805 1522 5866 duo
1564 5826 1691 5865 mss.
1743 5805 1839 5879 οὐχ
1891 5810 2170 5879 ἁρμόζειν.

2267 3241 2451 3310 mia-01
2492 3242 2784 3307 νοούμενα
2837 3236 3169 3304 καθορᾶται.
3221 3235 3410 3297 Οῦτως
3466 3233 3543 3300 ἐφ’
3581 3224 3639 3283 ὧν
3674 3230 3747 3279 ira.

2267 3335 2534 3404 χρήσιμον
2584 3331 2642 3384 τὸ
2674 3330 2841 3401 ὄνομα
2875 3328 3369 3401 παραλαμϐάνουσα
3408 3329 3439 3396 ἡ
3485 3323 3658 3395 Γραφῇ,
3692 3319 3749 3370 ἐπὶ

2265 3423 2359 3477 τοῦ
2392 3423 2596 3494 Κυρίου
2643 3421 2795 3492 ἡμῶν
2836 3423 2928 3474 καὶ
2961 3421 3209 3490 Σωτῆρος
3252 3418 3429 3488 Ἰησοῦ
3461 3414 3660 3488 Χριστοῦ
3687 3412 3748 3480 (9),

2267 3517 2342 3578 ὡς
2369 3516 2428 3568 οὑ
2463 3515 2670 3587 πρέπον
2697 3513 2772 3585 τῷ
2809 3510 3074 3582 μεγαλείῳ
3100 3509 3197 3578 τῆς
3217 3508 3392 3577 δόξης,
3427 3501 3749 3574 παρεσιὼπηεε.

2268 3608 2379 3660 Νῦν
2411 3608 2467 3660 δὲ
2492 3607 2676 3674 ἀξίνην
2721 3606 2815 3676 μὲν
2839 3604 2931 3657 καὶ
2959 3603 3103 3655 λίϐον
3134 3601 3539 3673 ἁκρογωνιαῖον,
3561 3597 3637 3648 καὶ
3655 3592 3751 3643 λίθον

2270 3701 2711 3770 προσκόμματος,
2753 3699 2844 3750 καὶ
2881 3697 3084 3767 πέτραν
3121 3693 3438 3756 σκανδάλου,
3484 3691 3567 3743 καὶ
3597 3684 3752 3738 τοιαῦτα

2267 3792 2429 3862 ἕτερα
2470 3794 2523 3844 ὲν
2555 3787 2632 3855 οἷς
2661 3793 2720 3843 οὐ
2748 3790 2880 3843 πολὺ
2920 3791 3064 3842 δοκεί
3091 3789 3149 3840 τὸ
3180 3786 3424 3856 εὔφημον
3449 3780 3573 3836 εἶναι
3598 3783 3682 3839 τοῖς
3704 3776 3750 3844 μὴ

2269 3885 2523 3938 καθικνου
2533 3884 2710 3955 μένοις
2741 3883 2836 3952 τῆς
2871 3881 3137 3952 σημασίας
3165 3879 3268 3931 τῶν
3290 3876 3576 3946 ὀνομάτων,
3600 3871 3667 3923 τὸν
3683 3869 3752 3918 Ku-

2273 3993 2384 4047 ριον
2435 3975 2532 4045 τῆς
2583 3973 2737 4042 δόξης
2781 3969 3202 4043 προσαγορεύειν
3253 3969 3350 4020 οὐκ
3413 3961 3750 4047 ἐπαισχύνεται·

2271 4046 2490 4129 ποίημα
2519 4059 2574 4112 δὲ
2604 4057 2837 4128 οὐδαμοῦ
2864 4058 2924 4110 τὸ
2954 4055 3209 4127 παράπαν
3246 4053 3513 4123 ὠνόμασε.
3550 4046 3697 4101 Καίτοι
3714 4058 3752 4107 Υε

2269 4149 2420 4214 οὗτος
2473 4151 2600 4224 παρ’
2638 4149 2812 4203 αὐτῶν
2857 4147 3131 4217 εἰληφέναι
3176 4146 3281 4197 τῶν
3325 4144 3494 4212 ἁγίων
3543 4141 3595 4191 τὸ
3636 4137 3752 4200 6w??-

2270 4244 2425 4297 τοῦτό
2456 4260 2638 4313 φησιν,
2686 4243 2772 4294 ἴνα
2818 4243 2936 4304 ταῖς
2967 4237 3346 4306 συκοςραντίαις
3403 4236 3474 4306 μὴ
3528 4232 3658 4302 μόνον
3681 4223 3752 4294 lim

2270 4338 2393 4398 τοῦς
2418 4335 2534 4388 κατ’
2561 4334 2718 4388 αὑτὸν
2750 4332 3036 4404 περιϐάλῃ,
3070 4328 3204 4384 ἀλλὰ
3235 4328 3326 4381 καὶ
3353 4329 3477 4390 τοὺς
3508 4325 3647 4378 πάλαι

2272 4425 2590 4495 γενομένους
2623 4424 2827 4492 ἁγίους.

2338 4517 2390 4570 ’5.
2424 4516 2585 4569 Ἀνευ
2614 4515 2669 4568 δὲ
2695 4514 2786 4567 τοῦ
2821 4514 2893 4585 μὴ
2924 4514 3119 4583 χρῆναι
3149 4511 3236 4564 διὰ
3262 4512 3322 4563 τὸ
3355 4510 3657 4562 ἐπικίνδυνον
3684 4503 3755 4560 τοῖς

2273 4608 2532 4672 τοιούτοις
2568 4605 2884 4676 ὲπιτολμᾷν,
2914 4605 3006 4657 καὶ
3035 4603 3101 4655 τὰ
3120 4602 3211 4655 τοῦ
3238 4602 3345 4672 (il)
3378 4600 3568 4673 Κυρίου
3589 4596 3754 4662 ὀνόματα

2275 4699 2402 4769 παρ’
2437 4697 2628 4751 ἑαυτοῦ
2665 4697 3087 4767 μεταπλὰττειν·
3117 4696 3196 4749 ἔτι
3229 4697 3348 4749 οὐδὲ
3379 4699 3411 4767 ἠ
3447 4694 3532 4748 τοῦ
3573 4685 3757 4743 Ἀποστά-

2277 4790 2369 4842 λου
2398 4790 2602 4843 διάνοια
2632 4789 2727 4860 τὴν
2768 4790 2872 4860 πρὸ
2911 4789 3102 4853 αἰῶνος
3149 4790 3439 4842 ὑπόστασιν
3469 4786 3552 4838 τοῦ
3586 4785 3758 4843 Μονοτε⁴

1614 4930 1657 4959 ³⁸
1691 4929 1834 4988 Psal.
1865 4946 2030 4995 CXLII,
2172 4932 2215 4961 ¹²
2247 4932 2403 4986 Rom.
2437 4947 2478 4997 ι,
2505 4932 2595 4992 20.

2271 5109 2648 5183 Alii_quinque
2683 5126 2811 5164 mss.
2847 5110 3236 5183 οὑχ-,ἁρμόζοι
3299 5181 3308 5183 -
3393 5181 3401 5183 ν
3639 5171 3648 5180 ’

2345 5173 2585 5248 (6›ἸἐιΙίι’ἰ
2617 5173 3170 5250 μεταρρυθμίζοντας.
3189 5181 3403 5247 Antiqui
3431 5192 3518 5231 sex
3541 5173 3648 5250 libri
3678 5181 3759 5250 μίξῗ

2279 5237 2706 5320 αρ’ρύθμίςονὲα,
2739 5237 2993 5320 quomodo
3019 5237 3185 5304 tutum
3224 5237 3378 5317 fuerit
3401 5251 3444 5302 ei
3466 5249 3548 5316 qui
3578 5260 3631 5296 ea:
3658 5237 3760 5292 verba

2278 5321 2408 5374 fecit
2434 5337 2602 5374 vocem
2634 5321 2858 5374 factura:
2881 5322 3245 5373 concinnavit?

2347 5389 2422 5465 (ἶ)
2584 5391 2842 5465 -τοῦ-Υίοῦ
2876 5390 3182 5465 καὶ-Θεοῦ..-
3397 5457 3407 5465 _
3438 5458 3448 5465 _
3552 5455 3562 5465 ι
3634 5450 3643 5465 '

2347 5455 2420 5532 (8)
2459 5460 2596 5532 Editi
2623 5462 2716 5514 mi.
2751 5461 2903 5514 πάλιν
2929 5461 3017 5532 τα.
3054 5461 3281 5532 Codices
3304 5457 3451 5532 multi
3486 5455 3573 5532 ira}
3595 5455 3673 5528 τάΖ

2345 5512 2420 5600 (‘93
2459 5512 2599 5611 Εμμὶ
2647 5512 2853 5602 νΚῦρίου
2904 5512 3015 5583 καὶγ
3042 5512 3290 5600 Σωτῆρος
3325 5527 3476 5599 ἡμῶν
3530 5516 3693 5593 Ἰησοῦ.
3718 5512 3760 5564 Ai

2277 5614 2410 5653 11158.
2439 5611 2511 5653 ιιιι
2546 5617 2597 5653 Ill
2622 5614 2897 5656 COllchltl.

2348 5670 2458 5740 (10)
2488 5671 2619 5741 Reg.
2649 5683 2869 5738 quartus
2907 5671 2980 5741 μὴ
3015 5670 3250 5741 μόνους.
3333 5738 3341 5741 Α
3422 5738 3430 5741 _
3514 5735 3524 5741 .
3679 5721 3758 5741 m_.

2350 5725 2458 5811 in)
2487 5725 2623 5792 Ειιῑῑι
2652 5725 2980 5811 ἐπιτολμᾷνξ
3003 5725 3144 5793 δὶατὰ
3177 5725 3288 5792 τοῦ.
3320 5735 3525 5804 Antiqui
3559 5745 3649 5787 tres
3679 5725 3758 5779 libri

2280 5810 2594 5880 ἐπιτολμᾷν,
2633 5813 2725 5864 καὶ
2754 5813 2819 5864 τὰ
2848 5810 2960 5879 τοῦ,
2992 5823 3154 5866 recte.
