  <div class='ocr_page' id='page_1' title='image "/cluster/home/n/w/nwhite01/storage/ocr_20150623/29/hvd.32044011320256/732.png"; bbox 0 0 3978 6410; ppageno 0'>
   <div class='ocr_carea' id='block_1_1' title="bbox 261 387 364 446">
    <p class='ocr_par' dir='ltr' id='par_1_1' title="bbox 261 387 364 446">
     <span class='ocr_line' id='line_1_1' title="bbox 261 387 364 446; baseline -0.019 0"><span class='ocrx_word' id='word_1_1' title='bbox 261 387 364 446; x_wconf 80' lang='grc'><strong>577</strong></span> 
     </span>
    </p>
   </div>
   <div class='ocr_carea' id='block_1_2' title="bbox 1371 390 2418 449">
    <p class='ocr_par' dir='ltr' id='par_1_2' title="bbox 1371 390 2418 449">
     <span class='ocr_line' id='line_1_2' title="bbox 1371 390 2418 449; baseline 0.003 -3"><span class='ocrx_word' id='word_1_2' title='bbox 1371 392 1736 448; x_wconf 81' lang='lat' dir='ltr'><strong>ADVERSUS</strong></span> <span class='ocrx_word' id='word_1_3' title='bbox 1778 390 2143 447; x_wconf 80' lang='lat' dir='ltr'><strong>EUNOMIUM</strong></span> <span class='ocrx_word' id='word_1_4' title='bbox 2184 393 2314 448; x_wconf 88' lang='lat' dir='ltr'><strong>LIB.</strong></span> <span class='ocrx_word' id='word_1_5' title='bbox 2357 393 2418 449; x_wconf 94' lang='lat' dir='ltr'><strong>ll.</strong></span> 
     </span>
    </p>
   </div>
   <div class='ocr_carea' id='block_1_3' title="bbox 3388 404 3491 460">
    <p class='ocr_par' dir='ltr' id='par_1_3' title="bbox 3388 404 3491 460">
     <span class='ocr_line' id='line_1_3' title="bbox 3388 404 3491 460; baseline 0.029 -3"><span class='ocrx_word' id='word_1_6' title='bbox 3388 404 3491 460; x_wconf 76' lang='grc'><strong>5³18</strong></span> 
     </span>
    </p>
   </div>
   <div class='ocr_carea' id='block_1_4' title="bbox 255 483 1819 563">
    <p class='ocr_par' dir='ltr' id='par_1_4' title="bbox 255 483 1819 561">
     <span class='ocr_line' id='line_1_4' title="bbox 255 483 1819 561; baseline 0.003 -22"><span class='ocrx_word' id='word_1_7' title='bbox 255 484 384 547; x_wconf 82' lang='grc' dir='ltr'>νοῦς</span> <span class='ocrx_word' id='word_1_8' title='bbox 409 486 538 555; x_wconf 82' lang='grc' dir='ltr'>ἡμῖν</span> <span class='ocrx_word' id='word_1_9' title='bbox 568 484 878 556; x_wconf 78' lang='grc' dir='ltr'>παρίστησι,</span> <span class='ocrx_word' id='word_1_10' title='bbox 910 487 1035 559; x_wconf 75' lang='grc' dir='ltr'>περὶ</span> <span class='ocrx_word' id='word_1_11' title='bbox 1065 483 1129 559; x_wconf 79' lang='grc' dir='ltr'>ἧς</span> <span class='ocrx_word' id='word_1_12' title='bbox 1152 490 1180 541; x_wconf 86' lang='grc' dir='ltr'>ὁ</span> <span class='ocrx_word' id='word_1_13' title='bbox 1202 488 1355 556; x_wconf 87' lang='grc' dir='ltr'>λόγος</span> <span class='ocrx_word' id='word_1_14' title='bbox 1391 491 1445 542; x_wconf 79' lang='grc' dir='ltr'>ἐν</span> <span class='ocrx_word' id='word_1_15' title='bbox 1472 489 1547 560; x_wconf 79' lang='grc' dir='ltr'>τῷ</span> <span class='ocrx_word' id='word_1_16' title='bbox 1579 490 1819 561; x_wconf 79' lang='grc' dir='ltr'>παρόντι.</span> 
     </span>
    </p>
   </div>
   <div class='ocr_carea' id='block_1_5' title="bbox 1923 483 3491 563">
    <p class='ocr_par' dir='ltr' id='par_1_5' title="bbox 1926 490 3491 563">
     <span class='ocr_line' id='line_1_5' title="bbox 1926 490 3491 563; baseline 0.008 -20"><span class='ocrx_word' id='word_1_17' title='bbox 1926 490 2043 543; x_wconf 81' lang='lat' dir='ltr'><strong>cnla</strong></span> <span class='ocrx_word' id='word_1_18' title='bbox 2077 490 2174 543; x_wconf 81' lang='lat' dir='ltr'><strong>fuit</strong></span> <span class='ocrx_word' id='word_1_19' title='bbox 2208 490 2613 545; x_wconf 83' lang='lat' dir='ltr'><strong>subsistentiam</strong></span> <span class='ocrx_word' id='word_1_20' title='bbox 2649 510 2662 545; x_wconf 91' lang='lat'><strong>:</strong></span> <span class='ocrx_word' id='word_1_21' title='bbox 2699 493 2765 547; x_wconf 92' lang='lat' dir='ltr'><strong>de</strong></span> <span class='ocrx_word' id='word_1_22' title='bbox 2800 508 2903 563; x_wconf 87' lang='lat' dir='ltr'><strong>qua</strong></span> <span class='ocrx_word' id='word_1_23' title='bbox 2942 510 3083 551; x_wconf 91' lang='lat' dir='ltr'><strong>nunc</strong></span> <span class='ocrx_word' id='word_1_24' title='bbox 3128 497 3280 551; x_wconf 77' lang='lat' dir='ltr'><strong>nobis</strong></span> <span class='ocrx_word' id='word_1_25' title='bbox 3312 515 3491 555; x_wconf 85' lang='lat' dir='ltr'><strong>sermo</strong></span> 
     </span>
    </p>
   </div>
   <div class='ocr_carea' id='block_1_6' title="bbox 256 576 1824 653">
    <p class='ocr_par' dir='ltr' id='par_1_6' title="bbox 256 576 1824 653">
     <span class='ocr_line' id='line_1_6' title="bbox 256 576 1824 653; baseline 0.004 -24"><span class='ocrx_word' id='word_1_26' title='bbox 256 577 395 630; x_wconf 82' lang='grc' dir='ltr'>Οὐδὲ</span> <span class='ocrx_word' id='word_1_27' title='bbox 433 576 540 647; x_wconf 74' lang='grc' dir='ltr'>γὰρ</span> <span class='ocrx_word' id='word_1_28' title='bbox 571 578 697 648; x_wconf 74' lang='grc' dir='ltr'>περὶ</span> <span class='ocrx_word' id='word_1_29' title='bbox 747 580 843 648; x_wconf 78' lang='grc' dir='ltr'><strong>τῆς</strong></span> <span class='ocrx_word' id='word_1_30' title='bbox 894 580 1081 641; x_wconf 86' lang='grc' dir='ltr'>οὐσίας</span> <span class='ocrx_word' id='word_1_31' title='bbox 1116 582 1282 652; x_wconf 85' lang='grc' dir='ltr'>αὐτῆς</span> <span class='ocrx_word' id='word_1_32' title='bbox 1325 583 1418 635; x_wconf 73' lang='grc' dir='ltr'>τοῦ</span> <span class='ocrx_word' id='word_1_33' title='bbox 1466 584 1598 636; x_wconf 80' lang='grc' dir='ltr'>Θεοῦ</span> <span class='ocrx_word' id='word_1_34' title='bbox 1629 585 1824 653; x_wconf 75' lang='grc' dir='ltr'>Λόγου,</span> 
     </span>
    </p>
   </div>
   <div class='ocr_carea' id='block_1_7' title="bbox 256 668 1826 745">
    <p class='ocr_par' dir='ltr' id='par_1_7' title="bbox 256 668 1826 745">
     <span class='ocr_line' id='line_1_7' title="bbox 256 668 1826 745; baseline 0.005 -26"><span class='ocrx_word' id='word_1_35' title='bbox 256 668 350 720; x_wconf 75' lang='grc' dir='ltr'>τοῦ</span> <span class='ocrx_word' id='word_1_36' title='bbox 383 670 438 720; x_wconf 79' lang='grc' dir='ltr'><strong>ἐν</strong></span> <span class='ocrx_word' id='word_1_37' title='bbox 484 670 626 745; x_wconf 81' lang='grc' dir='ltr'>ἀρχῇ</span> <span class='ocrx_word' id='word_1_38' title='bbox 684 669 835 733; x_wconf 79' lang='grc' dir='ltr'>ὄντος</span> <span class='ocrx_word' id='word_1_39' title='bbox 883 671 1017 743; x_wconf 75' lang='grc' dir='ltr'>πρὸς</span> <span class='ocrx_word' id='word_1_40' title='bbox 1060 672 1149 725; x_wconf 67' lang='grc' dir='ltr'><strong>τὸν</strong></span> <span class='ocrx_word' id='word_1_41' title='bbox 1183 673 1346 736; x_wconf 82' lang='grc' dir='ltr'>Θεὸν,</span> <span class='ocrx_word' id='word_1_42' title='bbox 1394 674 1529 728; x_wconf 87' lang='grc' dir='ltr'><strong>ἀλλά</strong></span> <span class='ocrx_word' id='word_1_43' title='bbox 1565 676 1692 745; x_wconf 73' lang='grc' dir='ltr'>περὶ</span> <span class='ocrx_word' id='word_1_44' title='bbox 1732 674 1826 727; x_wconf 80' lang='grc' dir='ltr'>τοῦ</span> 
     </span>
    </p>
   </div>
   <div class='ocr_carea' id='block_1_8' title="bbox 255 756 1828 834">
    <p class='ocr_par' dir='ltr' id='par_1_8' title="bbox 255 756 1828 834">
     <span class='ocr_line' id='line_1_8' title="bbox 255 756 1828 834; baseline 0.005 -25"><span class='ocrx_word' id='word_1_45' title='bbox 255 756 591 821; x_wconf 82' lang='grc' dir='ltr'>κενώσαντος</span> <span class='ocrx_word' id='word_1_46' title='bbox 630 760 819 812; x_wconf 77' lang='grc' dir='ltr'>ἑαυτὸν</span> <span class='ocrx_word' id='word_1_47' title='bbox 848 762 905 812; x_wconf 83' lang='grc' dir='ltr'><strong>ἐν</strong></span> <span class='ocrx_word' id='word_1_48' title='bbox 936 763 1002 831; x_wconf 83' lang='grc' dir='ltr'>τῇ</span> <span class='ocrx_word' id='word_1_49' title='bbox 1040 760 1132 813; x_wconf 75' lang='grc' dir='ltr'>τοῦ</span> <span class='ocrx_word' id='word_1_50' title='bbox 1156 762 1340 816; x_wconf 79' lang='grc' dir='ltr'>δούλου</span> <span class='ocrx_word' id='word_1_51' title='bbox 1373 766 1572 834; x_wconf 75' lang='grc' dir='ltr'>μορφῇ,</span> <span class='ocrx_word' id='word_1_52' title='bbox 1614 764 1707 817; x_wconf 72' lang='grc' dir='ltr'><strong>καὶ</strong></span> <span class='ocrx_word' id='word_1_53' title='bbox 1736 782 1828 831; x_wconf 85' lang='grc' dir='ltr'>γε-</span> 
     </span>
    </p>
   </div>
   <div class='ocr_carea' id='block_1_9' title="bbox 253 850 1826 926">
    <p class='ocr_par' dir='ltr' id='par_1_9' title="bbox 253 850 1826 926">
     <span class='ocr_line' id='line_1_9' title="bbox 253 850 1826 926; baseline 0.004 -23"><span class='ocrx_word' id='word_1_54' title='bbox 253 851 480 921; x_wconf 77' lang='grc' dir='ltr'>νομένου</span> <span class='ocrx_word' id='word_1_55' title='bbox 536 852 856 923; x_wconf 75' lang='grc' dir='ltr'>συμμόρφου</span> <span class='ocrx_word' id='word_1_56' title='bbox 908 850 984 922; x_wconf 52' lang='grc' dir='ltr'><strong>τῷ</strong></span> <span class='ocrx_word' id='word_1_57' title='bbox 1034 853 1246 923; x_wconf 88' lang='grc' dir='ltr'>σώματι</span> <span class='ocrx_word' id='word_1_58' title='bbox 1296 856 1397 926; x_wconf 81' lang='grc' dir='ltr'>τῆς</span> <span class='ocrx_word' id='word_1_59' title='bbox 1445 856 1826 920; x_wconf 70' lang='grc' dir='ltr'><strong>ταπεινώσεως</strong></span> 
     </span>
    </p>
   </div>
   <div class='ocr_carea' id='block_1_10' title="bbox 253 942 1823 1018">
    <p class='ocr_par' dir='ltr' id='par_1_10' title="bbox 253 942 1823 1018">
     <span class='ocr_line' id='line_1_10' title="bbox 253 942 1823 1018; baseline 0.005 -25"><span class='ocrx_word' id='word_1_60' title='bbox 253 942 434 1012; x_wconf 77' lang='grc' dir='ltr'>ἡμῶν,</span> <span class='ocrx_word' id='word_1_61' title='bbox 466 944 558 995; x_wconf 73' lang='grc' dir='ltr'>καὶ</span> <span class='ocrx_word' id='word_1_62' title='bbox 592 946 994 1015; x_wconf 79' lang='grc' dir='ltr'>σταυρωθέντος</span> <span class='ocrx_word' id='word_1_63' title='bbox 1036 948 1094 1014; x_wconf 77' lang='grc' dir='ltr'>ἐξ</span> <span class='ocrx_word' id='word_1_64' title='bbox 1128 948 1427 1010; x_wconf 78' lang='grc' dir='ltr'><strong>ἀσθενείας,</strong></span> <span class='ocrx_word' id='word_1_65' title='bbox 1482 949 1666 1018; x_wconf 74' lang='grc' dir='ltr'>σαφῶς</span> <span class='ocrx_word' id='word_1_66' title='bbox 1708 948 1823 1001; x_wconf 81' lang='grc' dir='ltr'>δια-</span> 
     </span>
    </p>
   </div>
   <div class='ocr_carea' id='block_1_11' title="bbox 254 1035 1825 1110">
    <p class='ocr_par' dir='ltr' id='par_1_11' title="bbox 254 1035 1825 1110">
     <span class='ocr_line' id='line_1_11' title="bbox 254 1035 1825 1110; baseline 0.003 -23"><span class='ocrx_word' id='word_1_67' title='bbox 254 1035 494 1105; x_wconf 79' lang='grc' dir='ltr'>λέγεται.</span> <span class='ocrx_word' id='word_1_68' title='bbox 535 1038 643 1091; x_wconf 74' lang='grc' dir='ltr'>Καὶ</span> <span class='ocrx_word' id='word_1_69' title='bbox 691 1038 845 1091; x_wconf 79' lang='grc' dir='ltr'>τοῦτο</span> <span class='ocrx_word' id='word_1_70' title='bbox 892 1040 1055 1092; x_wconf 76' lang='grc' dir='ltr'>παντὶ</span> <span class='ocrx_word' id='word_1_71' title='bbox 1093 1039 1365 1110; x_wconf 80' lang='grc' dir='ltr'><strong>γνώριμον</strong></span> <span class='ocrx_word' id='word_1_72' title='bbox 1407 1039 1484 1109; x_wconf 77' lang='grc' dir='ltr'>τῷ</span> <span class='ocrx_word' id='word_1_73' title='bbox 1514 1040 1604 1091; x_wconf 81' lang='grc' dir='ltr'>καὶ</span> <span class='ocrx_word' id='word_1_74' title='bbox 1632 1039 1825 1110; x_wconf 80' lang='grc' dir='ltr'>μικρὸν</span> 
     </span>
    </p>
   </div>
   <div class='ocr_carea' id='block_1_12' title="bbox 254 1126 1822 1199">
    <p class='ocr_par' dir='ltr' id='par_1_12' title="bbox 254 1126 1822 1199">
     <span class='ocr_line' id='line_1_12' title="bbox 254 1126 1822 1199; baseline 0 -19"><span class='ocrx_word' id='word_1_75' title='bbox 254 1126 606 1196; x_wconf 80' lang='grc' dir='ltr'>ὲπιστήσαντι</span> <span class='ocrx_word' id='word_1_76' title='bbox 637 1128 733 1196; x_wconf 74' lang='grc' dir='ltr'>τῆς</span> <span class='ocrx_word' id='word_1_77' title='bbox 762 1128 1124 1199; x_wconf 79' lang='grc' dir='ltr'>ἁποστολικῆς</span> <span class='ocrx_word' id='word_1_78' title='bbox 1166 1127 1363 1193; x_wconf 79' lang='grc' dir='ltr'>λέξεως</span> <span class='ocrx_word' id='word_1_79' title='bbox 1389 1127 1466 1198; x_wconf 82' lang='grc' dir='ltr'>τῷ</span> <span class='ocrx_word' id='word_1_80' title='bbox 1503 1128 1822 1199; x_wconf 73' lang='grc' dir='ltr'><strong>βουλήματι,</strong></span> 
     </span>
    </p>
   </div>
   <div class='ocr_carea' id='block_1_13' title="bbox 154 1217 1827 1291">
    <p class='ocr_par' dir='ltr' id='par_1_13' title="bbox 154 1217 1827 1291">
     <span class='ocr_line' id='line_1_13' title="bbox 154 1217 1827 1291; baseline 0.001 -19"><span class='ocrx_word' id='word_1_81' title='bbox 154 1251 169 1265; x_wconf 77' lang='grc' dir='ltr'><strong><em>ο</em></strong></span> <span class='ocrx_word' id='word_1_82' title='bbox 252 1217 336 1272; x_wconf 79' lang='grc' dir='ltr'><strong>ὅτι</strong></span> <span class='ocrx_word' id='word_1_83' title='bbox 382 1218 501 1288; x_wconf 70' lang='grc' dir='ltr'>οὐχὶ</span> <span class='ocrx_word' id='word_1_84' title='bbox 554 1217 827 1287; x_wconf 87' lang='grc' dir='ltr'>θεολογίας</span> <span class='ocrx_word' id='word_1_85' title='bbox 877 1221 1006 1291; x_wconf 75' lang='grc' dir='ltr'>ἡμῖν</span> <span class='ocrx_word' id='word_1_86' title='bbox 1052 1220 1379 1291; x_wconf 77' lang='grc' dir='ltr'>παραδίδωσι</span> <span class='ocrx_word' id='word_1_87' title='bbox 1426 1220 1643 1291; x_wconf 81' lang='grc' dir='ltr'><strong>τρόπον,</strong></span> <span class='ocrx_word' id='word_1_88' title='bbox 1691 1219 1827 1274; x_wconf 76' lang='grc' dir='ltr'>ἀλλὰ</span> 
     </span>
    </p>
   </div>
   <div class='ocr_carea' id='block_1_14' title="bbox 251 1313 1823 1386">
    <p class='ocr_par' dir='ltr' id='par_1_14' title="bbox 251 1313 1823 1386">
     <span class='ocr_line' id='line_1_14' title="bbox 251 1313 1823 1386; baseline 0.001 -20"><span class='ocrx_word' id='word_1_89' title='bbox 251 1314 378 1376; x_wconf 82' lang='grc' dir='ltr'><strong>τούς</strong></span> <span class='ocrx_word' id='word_1_90' title='bbox 409 1313 509 1383; x_wconf 73' lang='grc' dir='ltr'>τῆς</span> <span class='ocrx_word' id='word_1_91' title='bbox 541 1313 852 1384; x_wconf 75' lang='grc' dir='ltr'>οἰκονομίας</span> <span class='ocrx_word' id='word_1_92' title='bbox 878 1314 1069 1383; x_wconf 78' lang='grc' dir='ltr'>λόγους</span> <span class='ocrx_word' id='word_1_93' title='bbox 1098 1313 1414 1386; x_wconf 79' lang='grc' dir='ltr'>παραδηλοῖ.</span> <span class='ocrx_word' id='word_1_94' title='bbox 1445 1316 1665 1383; x_wconf 76' lang='grc' dir='ltr'>Κύριον</span> <span class='ocrx_word' id='word_1_95' title='bbox 1692 1315 1823 1386; x_wconf 77' lang='grc' dir='ltr'>γὰρ,</span> 
     </span>
    </p>
   </div>
   <div class='ocr_carea' id='block_1_15' title="bbox 252 1406 1823 1476">
    <p class='ocr_par' dir='ltr' id='par_1_15' title="bbox 252 1406 1823 1476">
     <span class='ocr_line' id='line_1_15' title="bbox 252 1406 1823 1476; baseline 0.001 -19"><span class='ocrx_word' id='word_1_96' title='bbox 252 1406 406 1476; x_wconf 62' lang='grc' dir='ltr'>φησι,</span> <span class='ocrx_word' id='word_1_97' title='bbox 459 1406 555 1458; x_wconf 77' lang='grc' dir='ltr'><strong>καὶ</strong></span> <span class='ocrx_word' id='word_1_98' title='bbox 603 1406 859 1474; x_wconf 77' lang='grc' dir='ltr'>Χριστὸν</span> <span class='ocrx_word' id='word_1_99' title='bbox 908 1407 1094 1463; x_wconf 76' lang='grc' dir='ltr'>αὐτὸν</span> <span class='ocrx_word' id='word_1_100' title='bbox 1135 1406 1246 1473; x_wconf 72' lang='lat' dir='ltr'><strong>(l2)</strong></span> <span class='ocrx_word' id='word_1_101' title='bbox 1297 1410 1330 1460; x_wconf 85' lang='grc' dir='ltr'><strong>ό</strong></span> <span class='ocrx_word' id='word_1_102' title='bbox 1372 1409 1513 1473; x_wconf 81' lang='grc' dir='ltr'>Θεὸς</span> <span class='ocrx_word' id='word_1_103' title='bbox 1556 1407 1823 1475; x_wconf 75' lang='grc' dir='ltr'>ἐποίησε,</span> 
     </span>
    </p>
   </div>
   <div class='ocr_carea' id='block_1_16' title="bbox 253 1496 1823 1570">
    <p class='ocr_par' dir='ltr' id='par_1_16' title="bbox 253 1496 1823 1570">
     <span class='ocr_line' id='line_1_16' title="bbox 253 1496 1823 1570; baseline 0.001 -20"><span class='ocrx_word' id='word_1_104' title='bbox 253 1497 469 1551; x_wconf 77' lang='grc' dir='ltr'>τοῦτον</span> <span class='ocrx_word' id='word_1_105' title='bbox 515 1496 621 1551; x_wconf 79' lang='grc' dir='ltr'><strong>τὸν</strong></span> <span class='ocrx_word' id='word_1_106' title='bbox 669 1498 903 1565; x_wconf 78' lang='grc' dir='ltr'><strong>Ἰησοῦν</strong></span> <span class='ocrx_word' id='word_1_107' title='bbox 948 1499 1021 1552; x_wconf 83' lang='grc' dir='ltr'><strong>ὃν</strong></span> <span class='ocrx_word' id='word_1_108' title='bbox 1056 1498 1224 1567; x_wconf 79' lang='grc' dir='ltr'>ὑμεῖς</span> <span class='ocrx_word' id='word_1_109' title='bbox 1256 1497 1705 1563; x_wconf 74' lang='grc' dir='ltr'><strong>ἐσταυρώσατε,</strong></span> <span class='ocrx_word' id='word_1_110' title='bbox 1756 1501 1823 1570; x_wconf 85' lang='grc' dir='ltr'>τῇ</span> 
     </span>
    </p>
   </div>
   <div class='ocr_carea' id='block_1_17' title="bbox 250 1589 1824 1663">
    <p class='ocr_par' dir='ltr' id='par_1_17' title="bbox 250 1589 1824 1663">
     <span class='ocr_line' id='line_1_17' title="bbox 250 1589 1824 1663; baseline -0.001 -19"><span class='ocrx_word' id='word_1_111' title='bbox 250 1593 494 1661; x_wconf 76' lang='grc' dir='ltr'>δεικτικῇ</span> <span class='ocrx_word' id='word_1_112' title='bbox 523 1594 673 1662; x_wconf 78' lang='grc' dir='ltr'>φωνῇ</span> <span class='ocrx_word' id='word_1_113' title='bbox 711 1592 990 1662; x_wconf 70' lang='grc' dir='ltr'>μονονουχὶ</span> <span class='ocrx_word' id='word_1_114' title='bbox 1021 1592 1158 1663; x_wconf 80' lang='grc' dir='ltr'>πρὸς</span> <span class='ocrx_word' id='word_1_115' title='bbox 1189 1590 1249 1643; x_wconf 83' lang='grc' dir='ltr'><strong>τὸ</strong></span> <span class='ocrx_word' id='word_1_116' title='bbox 1286 1589 1621 1661; x_wconf 81' lang='grc' dir='ltr'>ἀνθρώπινον</span> <span class='ocrx_word' id='word_1_117' title='bbox 1661 1590 1824 1644; x_wconf 71' lang='grc' dir='ltr'>αὐτοῦ</span> 
     </span>
    </p>
   </div>
   <div class='ocr_carea' id='block_1_18' title="bbox 251 1682 1827 1755">
    <p class='ocr_par' dir='ltr' id='par_1_18' title="bbox 251 1682 1827 1755">
     <span class='ocr_line' id='line_1_18' title="bbox 251 1682 1827 1755; baseline -0.001 -18"><span class='ocrx_word' id='word_1_118' title='bbox 251 1684 349 1737; x_wconf 73' lang='grc' dir='ltr'>καὶ</span> <span class='ocrx_word' id='word_1_119' title='bbox 393 1682 665 1752; x_wconf 79' lang='grc' dir='ltr'>ὁρώμενον</span> <span class='ocrx_word' id='word_1_120' title='bbox 715 1684 847 1735; x_wconf 80' lang='grc' dir='ltr'>πᾶσι</span> <span class='ocrx_word' id='word_1_121' title='bbox 887 1683 1166 1755; x_wconf 84' lang='grc' dir='ltr'>προδήλως</span> <span class='ocrx_word' id='word_1_122' title='bbox 1217 1682 1643 1754; x_wconf 79' lang='grc' dir='ltr'>ἐπερειδόμενος.</span> <span class='ocrx_word' id='word_1_123' title='bbox 1685 1684 1740 1735; x_wconf 87' lang='lat'><strong>&#39;0</strong></span> <span class='ocrx_word' id='word_1_124' title='bbox 1768 1683 1827 1736; x_wconf 76' lang='grc' dir='ltr'><strong>δὲ</strong></span> 
     </span>
    </p>
   </div>
   <div class='ocr_carea' id='block_1_19' title="bbox 250 1773 1823 1845">
    <p class='ocr_par' dir='ltr' id='par_1_19' title="bbox 250 1773 1823 1845">
     <span class='ocr_line' id='line_1_19' title="bbox 250 1773 1823 1845; baseline 0.001 -19"><span class='ocrx_word' id='word_1_125' title='bbox 250 1774 371 1845; x_wconf 82' lang='grc' dir='ltr'>τὴν,</span> <span class='ocrx_word' id='word_1_126' title='bbox 407 1775 715 1842; x_wconf 80' lang='grc' dir='ltr'>ἐποίησεν,</span> <span class='ocrx_word' id='word_1_127' title='bbox 745 1773 926 1845; x_wconf 79' lang='grc' dir='ltr'>φωνὴν</span> <span class='ocrx_word' id='word_1_128' title='bbox 956 1776 1035 1843; x_wconf 82' lang='grc' dir='ltr'>εὶς</span> <span class='ocrx_word' id='word_1_129' title='bbox 1061 1774 1158 1844; x_wconf 79' lang='grc' dir='ltr'><strong>τὴν</strong></span> <span class='ocrx_word' id='word_1_130' title='bbox 1182 1773 1417 1844; x_wconf 82' lang='grc' dir='ltr'>ἀρχῆθεν</span> <span class='ocrx_word' id='word_1_131' title='bbox 1439 1773 1688 1841; x_wconf 78' lang='grc' dir='ltr'><strong>γέννησιν</strong></span> <span class='ocrx_word' id='word_1_132' title='bbox 1717 1774 1823 1844; x_wconf 83' lang='grc'>(15)</span> 
     </span>
    </p>
   </div>
   <div class='ocr_carea' id='block_1_20' title="bbox 249 1865 1827 1937">
    <p class='ocr_par' dir='ltr' id='par_1_20' title="bbox 249 1865 1827 1937">
     <span class='ocr_line' id='line_1_20' title="bbox 249 1865 1827 1937; baseline -0.001 -17"><span class='ocrx_word' id='word_1_133' title='bbox 249 1865 348 1920; x_wconf 82' lang='grc' dir='ltr'>τοῦ</span> <span class='ocrx_word' id='word_1_134' title='bbox 386 1866 720 1934; x_wconf 80' lang='grc' dir='ltr'>Μονογενοῦς</span> <span class='ocrx_word' id='word_1_135' title='bbox 775 1866 1086 1937; x_wconf 74' lang='grc' dir='ltr'>μεταφέρει.</span> <span class='ocrx_word' id='word_1_136' title='bbox 1135 1866 1245 1920; x_wconf 75' lang='grc' dir='ltr'>Καὶ</span> <span class='ocrx_word' id='word_1_137' title='bbox 1291 1865 1408 1918; x_wconf 81' lang='grc' dir='ltr'>οὐδὲ</span> <span class='ocrx_word' id='word_1_138' title='bbox 1459 1866 1632 1918; x_wconf 77' lang='grc' dir='ltr'>ἐκεῖνο</span> <span class='ocrx_word' id='word_1_139' title='bbox 1667 1866 1827 1919; x_wconf 87' lang='grc' dir='ltr'>αὐτὸν</span> 
     </span>
    </p>
   </div>
   <div class='ocr_carea' id='block_1_21' title="bbox 251 1956 1829 2027">
    <p class='ocr_par' dir='ltr' id='par_1_21' title="bbox 251 1956 1829 2027">
     <span class='ocr_line' id='line_1_21' title="bbox 251 1956 1829 2027; baseline -0.001 -16"><span class='ocrx_word' id='word_1_140' title='bbox 251 1958 509 2020; x_wconf 70' lang='grc' dir='ltr'>δυσωπεῖ,</span> <span class='ocrx_word' id='word_1_141' title='bbox 540 1959 619 2011; x_wconf 82' lang='grc' dir='ltr'><strong>ὅτι</strong></span> <span class='ocrx_word' id='word_1_142' title='bbox 649 1958 729 2022; x_wconf 80' lang='grc' dir='ltr'><strong>τὸ,</strong></span> <span class='ocrx_word' id='word_1_143' title='bbox 749 1960 982 2027; x_wconf 81' lang='grc' dir='ltr'>Κύριος,</span> <span class='ocrx_word' id='word_1_144' title='bbox 1009 1959 1108 2011; x_wconf 83' lang='grc' dir='ltr'><strong>οὐκ</strong></span> <span class='ocrx_word' id='word_1_145' title='bbox 1130 1956 1314 2020; x_wconf 77' lang='grc' dir='ltr'>οὐσίας</span> <span class='ocrx_word' id='word_1_146' title='bbox 1343 1958 1511 2020; x_wconf 73' lang='grc' dir='ltr'>ἐστὶν,</span> <span class='ocrx_word' id='word_1_147' title='bbox 1542 1956 1653 2010; x_wconf 82' lang='grc' dir='ltr'>ἀλλ’</span> <span class='ocrx_word' id='word_1_148' title='bbox 1681 1956 1829 2023; x_wconf 80' lang='grc' dir='ltr'>ἐξου-</span> 
     </span>
    </p>
   </div>
   <div class='ocr_carea' id='block_1_22' title="bbox 254 2047 1829 2119">
    <p class='ocr_par' dir='ltr' id='par_1_22' title="bbox 254 2047 1829 2119">
     <span class='ocr_line' id='line_1_22' title="bbox 254 2047 1829 2119; baseline 0.001 -18"><span class='ocrx_word' id='word_1_149' title='bbox 254 2048 377 2112; x_wconf 84' lang='grc' dir='ltr'>σίας</span> <span class='ocrx_word' id='word_1_150' title='bbox 402 2048 591 2119; x_wconf 78' lang='grc' dir='ltr'>δνομα.</span> <span class='ocrx_word' id='word_1_151' title='bbox 625 2049 786 2102; x_wconf 83' lang='grc' dir='ltr'>Ὥστε</span> <span class='ocrx_word' id='word_1_152' title='bbox 822 2050 850 2100; x_wconf 84' lang='grc' dir='ltr'><strong>ὁ</strong></span> <span class='ocrx_word' id='word_1_153' title='bbox 884 2047 1080 2114; x_wconf 85' lang='grc' dir='ltr'>εἰπὼν,</span> <span class='ocrx_word' id='word_1_154' title='bbox 1110 2048 1331 2115; x_wconf 82' lang='grc' dir='ltr'><strong>Κύριον</strong></span> <span class='ocrx_word' id='word_1_155' title='bbox 1354 2047 1545 2100; x_wconf 79' lang='grc' dir='ltr'>αὑτὸν</span> <span class='ocrx_word' id='word_1_156' title='bbox 1572 2047 1667 2100; x_wconf 74' lang='grc' dir='ltr'>καί</span> <span class='ocrx_word' id='word_1_157' title='bbox 1694 2050 1829 2115; x_wconf 78' lang='grc' dir='ltr'>Χρι-</span> 
     </span>
    </p>
   </div>
   <div class='ocr_carea' id='block_1_23' title="bbox 252 2139 1828 2211">
    <p class='ocr_par' dir='ltr' id='par_1_23' title="bbox 252 2139 1828 2211">
     <span class='ocr_line' id='line_1_23' title="bbox 252 2139 1828 2211; baseline -0.003 -16"><span class='ocrx_word' id='word_1_158' title='bbox 252 2142 407 2195; x_wconf 79' lang='grc' dir='ltr'>στὸν</span> <span class='ocrx_word' id='word_1_159' title='bbox 444 2144 477 2196; x_wconf 84' lang='grc' dir='ltr'><strong>ό</strong></span> <span class='ocrx_word' id='word_1_160' title='bbox 530 2141 673 2207; x_wconf 84' lang='grc' dir='ltr'>Θεὸς</span> <span class='ocrx_word' id='word_1_161' title='bbox 720 2141 999 2207; x_wconf 79' lang='grc' dir='ltr'>ἐποίησε,</span> <span class='ocrx_word' id='word_1_162' title='bbox 1047 2141 1145 2211; x_wconf 73' lang='grc' dir='ltr'><strong>τήν</strong></span> <span class='ocrx_word' id='word_1_163' title='bbox 1196 2139 1337 2194; x_wconf 80' lang='grc' dir='ltr'>κατὰ</span> <span class='ocrx_word' id='word_1_164' title='bbox 1390 2141 1602 2193; x_wconf 86' lang='grc' dir='ltr'>πάντων</span> <span class='ocrx_word' id='word_1_165' title='bbox 1656 2141 1828 2210; x_wconf 83' lang='grc' dir='ltr'>ἀρχὴν</span> 
     </span>
    </p>
   </div>
   <div class='ocr_carea' id='block_1_24' title="bbox 252 2233 1827 2305">
    <p class='ocr_par' dir='ltr' id='par_1_24' title="bbox 252 2233 1827 2305">
     <span class='ocr_line' id='line_1_24' title="bbox 252 2233 1827 2305; baseline -0.002 -16"><span class='ocrx_word' id='word_1_166' title='bbox 252 2238 349 2290; x_wconf 75' lang='grc' dir='ltr'><strong>καὶ</strong></span> <span class='ocrx_word' id='word_1_167' title='bbox 374 2235 688 2295; x_wconf 72' lang='grc' dir='ltr'>δεσποτείαν</span> <span class='ocrx_word' id='word_1_168' title='bbox 729 2233 875 2299; x_wconf 79' lang='grc' dir='ltr'>λέγει</span> <span class='ocrx_word' id='word_1_169' title='bbox 907 2234 1003 2304; x_wconf 75' lang='grc' dir='ltr'><strong>τὴν</strong></span> <span class='ocrx_word' id='word_1_170' title='bbox 1036 2234 1185 2305; x_wconf 68' lang='grc' dir='ltr'>παρὰ</span> <span class='ocrx_word' id='word_1_171' title='bbox 1226 2233 1320 2286; x_wconf 74' lang='grc' dir='ltr'>τοῦ</span> <span class='ocrx_word' id='word_1_172' title='bbox 1354 2233 1564 2305; x_wconf 87' lang='grc' dir='ltr'>Πατρὸς</span> <span class='ocrx_word' id='word_1_173' title='bbox 1602 2234 1827 2303; x_wconf 81' lang='grc' dir='ltr'>ἐπιτρα-</span> 
     </span>
    </p>
   </div>
   <div class='ocr_carea' id='block_1_25' title="bbox 251 2320 1826 2395">
    <p class='ocr_par' dir='ltr' id='par_1_25' title="bbox 251 2320 1826 2395">
     <span class='ocr_line' id='line_1_25' title="bbox 251 2320 1826 2395; baseline -0.003 -15"><span class='ocrx_word' id='word_1_174' title='bbox 251 2329 446 2380; x_wconf 81' lang='grc' dir='ltr'>πείσαν</span> <span class='ocrx_word' id='word_1_175' title='bbox 481 2324 648 2395; x_wconf 84' lang='grc' dir='ltr'>αὐτῷ,</span> <span class='ocrx_word' id='word_1_176' title='bbox 680 2325 741 2376; x_wconf 88' lang='grc' dir='ltr'><strong>οὐ</strong></span> <span class='ocrx_word' id='word_1_177' title='bbox 771 2325 869 2394; x_wconf 80' lang='grc' dir='ltr'>τὴν</span> <span class='ocrx_word' id='word_1_178' title='bbox 904 2323 1011 2393; x_wconf 67' lang='grc'>(14)</span> <span class='ocrx_word' id='word_1_179' title='bbox 1041 2325 1121 2387; x_wconf 87' lang='grc' dir='ltr'><strong>είς</strong></span> <span class='ocrx_word' id='word_1_180' title='bbox 1145 2323 1209 2376; x_wconf 88' lang='grc' dir='ltr'>τὸ</span> <span class='ocrx_word' id='word_1_181' title='bbox 1240 2320 1376 2376; x_wconf 74' lang='grc' dir='ltr'>εἶναι</span> <span class='ocrx_word' id='word_1_182' title='bbox 1402 2323 1630 2394; x_wconf 77' lang='grc' dir='ltr'>πάροδον</span> <span class='ocrx_word' id='word_1_183' title='bbox 1664 2321 1826 2376; x_wconf 78' lang='grc' dir='ltr'>αὐτοῦ</span> 
     </span>
    </p>
   </div>
   <div class='ocr_carea' id='block_1_26' title="bbox 249 2412 1828 2489">
    <p class='ocr_par' dir='ltr' id='par_1_26' title="bbox 249 2412 1828 2489">
     <span class='ocr_line' id='line_1_26' title="bbox 249 2412 1828 2489; baseline -0.002 -18"><span class='ocrx_word' id='word_1_184' title='bbox 249 2419 536 2489; x_wconf 83' lang='grc' dir='ltr'>διηγεῖται.</span> <span class='ocrx_word' id='word_1_185' title='bbox 587 2417 771 2471; x_wconf 74' lang='grc' dir='ltr'>Ταῦτα</span> <span class='ocrx_word' id='word_1_186' title='bbox 814 2417 909 2486; x_wconf 72' lang='grc' dir='ltr'><strong>μὲν</strong></span> <span class='ocrx_word' id='word_1_187' title='bbox 953 2412 1045 2469; x_wconf 75' lang='grc' dir='ltr'>οὖν</span> <span class='ocrx_word' id='word_1_188' title='bbox 1089 2416 1280 2486; x_wconf 78' lang='grc' dir='ltr'>μικρὸν</span> <span class='ocrx_word' id='word_1_189' title='bbox 1316 2415 1537 2487; x_wconf 77' lang='grc' dir='ltr'>ὕστερον</span> <span class='ocrx_word' id='word_1_190' title='bbox 1571 2415 1828 2482; x_wconf 77' lang='grc' dir='ltr'>ἐπιδείξο-</span> 
     </span>
    </p>
   </div>
   <div class='ocr_carea' id='block_1_27' title="bbox 255 2504 1824 2582">
    <p class='ocr_par' dir='ltr' id='par_1_27' title="bbox 255 2504 1824 2582">
     <span class='ocr_line' id='line_1_27' title="bbox 255 2504 1824 2582; baseline -0.003 -19"><span class='ocrx_word' id='word_1_191' title='bbox 255 2528 376 2582; x_wconf 85' lang='grc' dir='ltr'>μεν,</span> <span class='ocrx_word' id='word_1_192' title='bbox 430 2510 557 2562; x_wconf 80' lang='grc' dir='ltr'>ὃταν</span> <span class='ocrx_word' id='word_1_193' title='bbox 606 2508 916 2577; x_wconf 81' lang='grc' dir='ltr'>ὲλέγχωμεν</span> <span class='ocrx_word' id='word_1_194' title='bbox 962 2506 1121 2560; x_wconf 83' lang='grc' dir='ltr'>αὐτὸν</span> <span class='ocrx_word' id='word_1_195' title='bbox 1153 2505 1303 2577; x_wconf 84' lang='grc' dir='ltr'><strong>παρά</strong></span> <span class='ocrx_word' id='word_1_196' title='bbox 1344 2505 1403 2558; x_wconf 83' lang='grc' dir='ltr'><strong>τὸ</strong></span> <span class='ocrx_word' id='word_1_197' title='bbox 1451 2505 1694 2576; x_wconf 64' lang='grc' dir='ltr'>βούλημα</span> <span class='ocrx_word' id='word_1_198' title='bbox 1731 2504 1824 2558; x_wconf 80' lang='grc' dir='ltr'>τοῦ</span> 
     </span>
    </p>
   </div>
   <div class='ocr_carea' id='block_1_28' title="bbox 252 2596 1827 2673">
    <p class='ocr_par' dir='ltr' id='par_1_28' title="bbox 252 2596 1827 2673">
     <span class='ocr_line' id='line_1_28' title="bbox 252 2596 1827 2673; baseline -0.004 -17"><span class='ocrx_word' id='word_1_199' title='bbox 252 2601 573 2673; x_wconf 81' lang='grc' dir='ltr'>Πνεύματος</span> <span class='ocrx_word' id='word_1_200' title='bbox 603 2600 703 2663; x_wconf 85' lang='grc' dir='ltr'><strong>τὰς</strong></span> <span class='ocrx_word' id='word_1_201' title='bbox 739 2602 803 2653; x_wconf 82' lang='grc' dir='ltr'>ὲκ</span> <span class='ocrx_word' id='word_1_202' title='bbox 830 2600 929 2670; x_wconf 82' lang='grc' dir='ltr'><strong>τῆς</strong></span> <span class='ocrx_word' id='word_1_203' title='bbox 952 2600 1172 2670; x_wconf 79' lang='grc' dir='ltr'>Γραφῆς</span> <span class='ocrx_word' id='word_1_204' title='bbox 1204 2598 1506 2670; x_wconf 87' lang='grc' dir='ltr'>μαρτυρίας</span> <span class='ocrx_word' id='word_1_205' title='bbox 1536 2596 1827 2669; x_wconf 73' lang='grc' dir='ltr'>παρατιθέν-</span> 
     </span>
    </p>
   </div>
   <div class='ocr_carea' id='block_1_29' title="bbox 256 2688 1822 2765">
    <p class='ocr_par' dir='ltr' id='par_1_29' title="bbox 256 2688 1822 2765">
     <span class='ocr_line' id='line_1_29' title="bbox 256 2688 1822 2765; baseline -0.002 -20"><span class='ocrx_word' id='word_1_206' title='bbox 256 2710 415 2765; x_wconf 88' lang='grc' dir='ltr'>μενον</span> <span class='ocrx_word' id='word_1_207' title='bbox 442 2709 457 2723; x_wconf 78' lang='grc'><strong><em>⁸</em></strong></span> <span class='ocrx_word' id='word_1_208' title='bbox 498 2693 613 2744; x_wconf 69' lang='grc' dir='ltr'>νυν).</span> <span class='ocrx_word' id='word_1_209' title='bbox 639 2691 694 2745; x_wconf 81' lang='grc' dir='ltr'>δὲ</span> <span class='ocrx_word' id='word_1_210' title='bbox 728 2691 818 2744; x_wconf 78' lang='grc' dir='ltr'>ἐπὶ</span> <span class='ocrx_word' id='word_1_211' title='bbox 860 2690 927 2743; x_wconf 85' lang='grc' dir='ltr'>τὰ</span> <span class='ocrx_word' id='word_1_212' title='bbox 957 2691 1155 2761; x_wconf 85' lang='grc' dir='ltr'>συνεχῆ</span> <span class='ocrx_word' id='word_1_213' title='bbox 1195 2688 1287 2742; x_wconf 77' lang='grc' dir='ltr'>τοῦ</span> <span class='ocrx_word' id='word_1_214' title='bbox 1336 2688 1494 2758; x_wconf 82' lang='grc' dir='ltr'>λόγου</span> <span class='ocrx_word' id='word_1_215' title='bbox 1526 2690 1822 2760; x_wconf 80' lang='grc' dir='ltr'>προΐωμεν,</span> 
     </span>
    </p>
   </div>
   <div class='ocr_carea' id='block_1_30' title="bbox 251 2780 1823 2854">
    <p class='ocr_par' dir='ltr' id='par_1_30' title="bbox 251 2780 1823 2854">
     <span class='ocr_line' id='line_1_30' title="bbox 251 2780 1823 2854; baseline -0.003 -16"><span class='ocrx_word' id='word_1_216' title='bbox 251 2785 319 2839; x_wconf 89' lang='grc' dir='ltr'>Τί</span> <span class='ocrx_word' id='word_1_217' title='bbox 350 2782 441 2837; x_wconf 81' lang='grc' dir='ltr'><strong>οὐν</strong></span> <span class='ocrx_word' id='word_1_218' title='bbox 469 2783 616 2854; x_wconf 87' lang='grc' dir='ltr'>αὐτῷ</span> <span class='ocrx_word' id='word_1_219' title='bbox 662 2781 905 2853; x_wconf 80' lang='grc' dir='ltr'>βούλεται</span> <span class='ocrx_word' id='word_1_220' title='bbox 956 2782 1017 2834; x_wconf 85' lang='grc' dir='ltr'><strong>τὸ</strong></span> <span class='ocrx_word' id='word_1_221' title='bbox 1072 2782 1241 2852; x_wconf 77' lang='grc' dir='ltr'>ὄνομα</span> <span class='ocrx_word' id='word_1_222' title='bbox 1272 2780 1463 2847; x_wconf 57' lang='lat' dir='ltr'><strong>“colito;</strong></span> <span class='ocrx_word' id='word_1_223' title='bbox 1506 2781 1599 2835; x_wconf 78' lang='grc' dir='ltr'>καὶ</span> <span class='ocrx_word' id='word_1_224' title='bbox 1645 2780 1697 2834; x_wconf 86' lang='grc' dir='ltr'><strong>τί</strong></span> <span class='ocrx_word' id='word_1_225' title='bbox 1728 2780 1823 2852; x_wconf 70' lang='grc' dir='ltr'>δήτ-</span> 
     </span>
    </p>
   </div>
   <div class='ocr_carea' id='block_1_31' title="bbox 253 2870 1824 2945">
    <p class='ocr_par' dir='ltr' id='par_1_31' title="bbox 253 2870 1824 2945">
     <span class='ocr_line' id='line_1_31' title="bbox 253 2870 1824 2945; baseline -0.006 -13"><span class='ocrx_word' id='word_1_226' title='bbox 253 2893 385 2933; x_wconf 78' lang='grc' dir='ltr'>ποτε</span> <span class='ocrx_word' id='word_1_227' title='bbox 426 2874 633 2945; x_wconf 86' lang='grc' dir='ltr'>ποίημα</span> <span class='ocrx_word' id='word_1_228' title='bbox 680 2872 1106 2945; x_wconf 83' lang='grc' dir='ltr'>προσαγορεύειν</span> <span class='ocrx_word' id='word_1_229' title='bbox 1156 2874 1247 2927; x_wconf 79' lang='grc' dir='ltr'>τὸν</span> <span class='ocrx_word' id='word_1_230' title='bbox 1290 2873 1515 2943; x_wconf 79' lang='grc' dir='ltr'>ποιητὴν</span> <span class='ocrx_word' id='word_1_231' title='bbox 1546 2871 1651 2924; x_wconf 86' lang='grc' dir='ltr'><strong>τῶν</strong></span> <span class='ocrx_word' id='word_1_232' title='bbox 1690 2870 1824 2924; x_wconf 81' lang='grc' dir='ltr'>ὅλων</span> 
     </span>
    </p>
   </div>
   <div class='ocr_carea' id='block_1_32' title="bbox 253 2966 1825 3039">
    <p class='ocr_par' dir='ltr' id='par_1_32' title="bbox 253 2966 1825 3039">
     <span class='ocr_line' id='line_1_32' title="bbox 253 2966 1825 3039; baseline -0.003 -18"><span class='ocrx_word' id='word_1_233' title='bbox 253 2970 549 3039; x_wconf 83' lang='grc' dir='ltr'>ὲπιχειρεῖ;</span> <span class='ocrx_word' id='word_1_234' title='bbox 581 2966 879 3036; x_wconf 76' lang='grc' dir='ltr'>Σοφίσματι</span> <span class='ocrx_word' id='word_1_235' title='bbox 901 2966 1135 3037; x_wconf 76' lang='grc' dir='ltr'>κιϐδήλῳ</span> <span class='ocrx_word' id='word_1_236' title='bbox 1159 2966 1677 3038; x_wconf 85' lang='grc' dir='ltr'>παρακρουσάμενος</span> <span class='ocrx_word' id='word_1_237' title='bbox 1700 2966 1825 3018; x_wconf 72' lang='grc' dir='ltr'>ἑαυ-</span> 
     </span>
    </p>
   </div>
   <div class='ocr_carea' id='block_1_33' title="bbox 251 3057 1823 3128">
    <p class='ocr_par' dir='ltr' id='par_1_33' title="bbox 251 3057 1823 3128">
     <span class='ocr_line' id='line_1_33' title="bbox 251 3057 1823 3128; baseline -0.003 -14"><span class='ocrx_word' id='word_1_238' title='bbox 251 3060 364 3123; x_wconf 74' lang='grc' dir='ltr'>τὸν,</span> <span class='ocrx_word' id='word_1_239' title='bbox 418 3061 582 3113; x_wconf 79' lang='grc' dir='ltr'>οἴεται</span> <span class='ocrx_word' id='word_1_240' title='bbox 628 3061 748 3121; x_wconf 71' lang='grc' dir='ltr'>ταῖς</span> <span class='ocrx_word' id='word_1_241' title='bbox 803 3057 911 3110; x_wconf 86' lang='grc' dir='ltr'><strong>τῶν</strong></span> <span class='ocrx_word' id='word_1_242' title='bbox 956 3058 1231 3128; x_wconf 80' lang='grc' dir='ltr'>ὀνομάτων</span> <span class='ocrx_word' id='word_1_243' title='bbox 1279 3058 1562 3128; x_wconf 81' lang='grc' dir='ltr'>διαφοραῖς</span> <span class='ocrx_word' id='word_1_244' title='bbox 1603 3057 1823 3128; x_wconf 75' lang='grc' dir='ltr'>καὶτῆς</span> 
     </span>
    </p>
   </div>
   <div class='ocr_carea' id='block_1_34' title="bbox 250 3147 1456 3221">
    <p class='ocr_par' dir='ltr' id='par_1_34' title="bbox 250 3147 1456 3221">
     <span class='ocr_line' id='line_1_34' title="bbox 250 3147 1456 3221; baseline -0.005 -16"><span class='ocrx_word' id='word_1_245' title='bbox 250 3152 441 3215; x_wconf 82' lang='grc' dir='ltr'>οὐσίας</span> <span class='ocrx_word' id='word_1_246' title='bbox 469 3148 820 3221; x_wconf 83' lang='grc' dir='ltr'>παραλλαγὴν</span> <span class='ocrx_word' id='word_1_247' title='bbox 854 3147 1300 3217; x_wconf 81' lang='grc' dir='ltr'>συνεκφαίνεσθαι</span> <span class='ocrx_word' id='word_1_248' title='bbox 1327 3147 1456 3219; x_wconf 78' lang='grc'>(15).</span> 
     </span>
    </p>
   </div>
   <div class='ocr_carea' id='block_1_35' title="bbox 324 3226 1849 3314">
    <p class='ocr_par' dir='ltr' id='par_1_35' title="bbox 324 3226 1849 3314">
     <span class='ocr_line' id='line_1_35' title="bbox 324 3226 1849 3314; baseline -0.002 -17"><span class='ocrx_word' id='word_1_249' title='bbox 324 3243 379 3297; x_wconf 70' lang='grc'><strong>4.</strong></span> <span class='ocrx_word' id='word_1_250' title='bbox 417 3243 607 3296; x_wconf 78' lang='grc' dir='ltr'>Καίτοι</span> <span class='ocrx_word' id='word_1_251' title='bbox 637 3242 717 3305; x_wconf 86' lang='grc' dir='ltr'><strong>τίς</strong></span> <span class='ocrx_word' id='word_1_252' title='bbox 748 3242 813 3295; x_wconf 81' lang='grc' dir='ltr'><strong>ἂν</strong></span> <span class='ocrx_word' id='word_1_253' title='bbox 844 3241 923 3311; x_wconf 81' lang='grc' dir='ltr'>τῷ</span> <span class='ocrx_word' id='word_1_254' title='bbox 966 3241 1109 3311; x_wconf 82' lang='grc' dir='ltr'>λόγῳ</span> <span class='ocrx_word' id='word_1_255' title='bbox 1140 3240 1314 3310; x_wconf 77' lang='grc' dir='ltr'>τούτῳ</span> <span class='ocrx_word' id='word_1_256' title='bbox 1347 3239 1636 3314; x_wconf 78' lang='grc' dir='ltr'>σωφρονῶν</span> <span class='ocrx_word' id='word_1_257' title='bbox 1659 3226 1849 3313; x_wconf 10' lang='grc' dir='ltr'>πρόσ-Ἲ</span> 
     </span>
    </p>
   </div>
   <div class='ocr_carea' id='block_1_36' title="bbox 252 3327 1827 3403">
    <p class='ocr_par' dir='ltr' id='par_1_36' title="bbox 252 3327 1827 3403">
     <span class='ocr_line' id='line_1_36' title="bbox 252 3327 1827 3403; baseline -0.003 -13"><span class='ocrx_word' id='word_1_258' title='bbox 252 3335 418 3400; x_wconf 85' lang='grc' dir='ltr'>θοιτο,</span> <span class='ocrx_word' id='word_1_259' title='bbox 445 3336 525 3389; x_wconf 85' lang='grc' dir='ltr'><strong>ὅτι</strong></span> <span class='ocrx_word' id='word_1_260' title='bbox 557 3327 630 3387; x_wconf 83' lang='grc' dir='ltr'>ὧν</span> <span class='ocrx_word' id='word_1_261' title='bbox 663 3333 732 3386; x_wconf 77' lang='grc' dir='ltr'>τὰ</span> <span class='ocrx_word' id='word_1_262' title='bbox 752 3332 990 3403; x_wconf 80' lang='grc' dir='ltr'>ὀνόματὰ</span> <span class='ocrx_word' id='word_1_263' title='bbox 1020 3333 1132 3391; x_wconf 75' lang='grc' dir='ltr'>ἐστι</span> <span class='ocrx_word' id='word_1_264' title='bbox 1158 3332 1410 3403; x_wconf 74' lang='grc' dir='ltr'>διάφορα,</span> <span class='ocrx_word' id='word_1_265' title='bbox 1440 3331 1641 3385; x_wconf 79' lang='grc' dir='ltr'>τούτων</span> <span class='ocrx_word' id='word_1_266' title='bbox 1687 3350 1827 3403; x_wconf 80' lang='grc' dir='ltr'>παρ-</span> 
     </span>
    </p>
   </div>
   <div class='ocr_carea' id='block_1_37' title="bbox 251 3423 1825 3501">
    <p class='ocr_par' dir='ltr' id='par_1_37' title="bbox 251 3423 1825 3501">
     <span class='ocr_line' id='line_1_37' title="bbox 251 3423 1825 3501; baseline -0.002 -21"><span class='ocrx_word' id='word_1_267' title='bbox 251 3427 516 3501; x_wconf 85' lang='grc' dir='ltr'>ηλλάχθαι</span> <span class='ocrx_word' id='word_1_268' title='bbox 553 3427 646 3480; x_wconf 68' lang='grc' dir='ltr'>καὶ</span> <span class='ocrx_word' id='word_1_269' title='bbox 676 3425 774 3488; x_wconf 77' lang='grc' dir='ltr'>τὰς</span> <span class='ocrx_word' id='word_1_270' title='bbox 812 3424 998 3486; x_wconf 85' lang='grc' dir='ltr'>οὐσίας</span> <span class='ocrx_word' id='word_1_271' title='bbox 1030 3424 1239 3494; x_wconf 75' lang='grc' dir='ltr'>ἀνάγκη</span> <span class='ocrx_word' id='word_1_272' title='bbox 1271 3439 1286 3488; x_wconf 89' lang='grc'>;</span> <span class='ocrx_word' id='word_1_273' title='bbox 1321 3424 1528 3494; x_wconf 81' lang='grc' dir='ltr'>Πέτρου</span> <span class='ocrx_word' id='word_1_274' title='bbox 1576 3423 1683 3496; x_wconf 84' lang='grc' dir='ltr'><strong>γὰρ</strong></span> <span class='ocrx_word' id='word_1_275' title='bbox 1731 3424 1825 3477; x_wconf 78' lang='grc' dir='ltr'>καὶ</span> 
     </span>
    </p>
   </div>
   <div class='ocr_carea' id='block_1_38' title="bbox 253 3514 1824 3587">
    <p class='ocr_par' dir='ltr' id='par_1_38' title="bbox 253 3514 1824 3587">
     <span class='ocr_line' id='line_1_38' title="bbox 253 3514 1824 3587; baseline -0.005 -12"><span class='ocrx_word' id='word_1_276' title='bbox 253 3521 490 3584; x_wconf 87' lang='grc' dir='ltr'>Παύλου,</span> <span class='ocrx_word' id='word_1_277' title='bbox 533 3519 629 3572; x_wconf 78' lang='grc' dir='ltr'><strong>καὶ</strong></span> <span class='ocrx_word' id='word_1_278' title='bbox 669 3514 1002 3579; x_wconf 79' lang='grc' dir='ltr'>ἁπαξαπλῶς</span> <span class='ocrx_word' id='word_1_279' title='bbox 1048 3514 1347 3585; x_wconf 78' lang='grc' dir='ltr'>ἀνθρώπιον</span> <span class='ocrx_word' id='word_1_280' title='bbox 1390 3514 1606 3569; x_wconf 86' lang='grc' dir='ltr'>πάντων</span> <span class='ocrx_word' id='word_1_281' title='bbox 1653 3533 1824 3587; x_wconf 88' lang='grc' dir='ltr'>προσ-</span> 
     </span>
    </p>
   </div>
   <div class='ocr_carea' id='block_1_39' title="bbox 249 3606 1823 3685">
    <p class='ocr_par' dir='ltr' id='par_1_39' title="bbox 249 3606 1823 3685">
     <span class='ocr_line' id='line_1_39' title="bbox 249 3606 1823 3685; baseline -0.004 -19"><span class='ocrx_word' id='word_1_282' title='bbox 249 3613 475 3685; x_wconf 83' lang='grc' dir='ltr'>ηγορίαι</span> <span class='ocrx_word' id='word_1_283' title='bbox 501 3611 598 3682; x_wconf 81' lang='grc' dir='ltr'><strong>μὲν</strong></span> <span class='ocrx_word' id='word_1_284' title='bbox 617 3608 880 3679; x_wconf 76' lang='grc' dir='ltr'>διάφοροι,</span> <span class='ocrx_word' id='word_1_285' title='bbox 909 3606 1062 3659; x_wconf 86' lang='grc' dir='ltr'>οὐσία</span> <span class='ocrx_word' id='word_1_286' title='bbox 1090 3606 1145 3659; x_wconf 81' lang='grc' dir='ltr'>δὲ</span> <span class='ocrx_word' id='word_1_287' title='bbox 1169 3607 1383 3660; x_wconf 84' lang='grc' dir='ltr'>πάντων</span> <span class='ocrx_word' id='word_1_288' title='bbox 1409 3606 1523 3677; x_wconf 87' lang='grc' dir='ltr'>μία.</span> <span class='ocrx_word' id='word_1_289' title='bbox 1548 3606 1744 3676; x_wconf 83' lang='grc' dir='ltr'>Διόπερ</span> <span class='ocrx_word' id='word_1_290' title='bbox 1766 3608 1823 3659; x_wconf 78' lang='grc' dir='ltr'>ἐν</span> 
     </span>
    </p>
   </div>
   <div class='ocr_carea' id='block_1_40' title="bbox 252 3696 1825 3768">
    <p class='ocr_par' dir='ltr' id='par_1_40' title="bbox 252 3696 1825 3768">
     <span class='ocr_line' id='line_1_40' title="bbox 252 3696 1825 3768; baseline -0.013 -9"><span class='ocrx_word' id='word_1_291' title='bbox 252 3708 370 3768; x_wconf 85' lang='grc' dir='ltr'>τοῖς</span> <span class='ocrx_word' id='word_1_292' title='bbox 397 3702 669 3764; x_wconf 85' lang='grc' dir='ltr'>πλείστοις</span> <span class='ocrx_word' id='word_1_293' title='bbox 698 3700 747 3753; x_wconf 77' lang='lat' dir='ltr'><strong>oi</strong></span> <span class='ocrx_word' id='word_1_294' title='bbox 772 3699 923 3755; x_wconf 74' lang='grc' dir='ltr'>αὐτοὶ</span> <span class='ocrx_word' id='word_1_295' title='bbox 944 3696 1195 3767; x_wconf 84' lang='grc' dir='ltr'>ἀλλήλοις</span> <span class='ocrx_word' id='word_1_296' title='bbox 1218 3696 1413 3767; x_wconf 61' lang='grc' dir='ltr'>ὲσμένρ</span> <span class='ocrx_word' id='word_1_297' title='bbox 1452 3698 1564 3759; x_wconf 76' lang='grc' dir='ltr'>τοῖς</span> <span class='ocrx_word' id='word_1_298' title='bbox 1601 3696 1657 3756; x_wconf 62' lang='grc' dir='ltr'>δὲ</span> <span class='ocrx_word' id='word_1_299' title='bbox 1691 3696 1825 3749; x_wconf 68' lang='grc' dir='ltr'>ἰδιώ-</span> 
     </span>
    </p>
   </div>
   <div class='ocr_carea' id='block_1_41' title="bbox 254 3788 1824 3869">
    <p class='ocr_par' dir='ltr' id='par_1_41' title="bbox 254 3788 1824 3869">
     <span class='ocr_line' id='line_1_41' title="bbox 254 3788 1824 3869; baseline -0.005 -20"><span class='ocrx_word' id='word_1_300' title='bbox 254 3813 391 3869; x_wconf 90' lang='grc' dir='ltr'>μασι</span> <span class='ocrx_word' id='word_1_301' title='bbox 411 3795 591 3866; x_wconf 78' lang='grc' dir='ltr'>μὸνοις</span> <span class='ocrx_word' id='word_1_302' title='bbox 609 3792 714 3864; x_wconf 80' lang='grc'>(16)</span> <span class='ocrx_word' id='word_1_303' title='bbox 732 3793 842 3853; x_wconf 77' lang='grc' dir='ltr'>τοῖς</span> <span class='ocrx_word' id='word_1_304' title='bbox 858 3790 984 3862; x_wconf 72' lang='grc' dir='ltr'>περὶ</span> <span class='ocrx_word' id='word_1_305' title='bbox 1004 3789 1228 3845; x_wconf 74' lang='grc' dir='ltr'>ἕκαστον</span> <span class='ocrx_word' id='word_1_306' title='bbox 1241 3788 1625 3859; x_wconf 78' lang='grc' dir='ltr'>θεωρουμένοις</span> <span class='ocrx_word' id='word_1_307' title='bbox 1638 3788 1726 3845; x_wconf 74' lang='grc' dir='ltr'><strong>ἒτε</strong></span> <span class='ocrx_word' id='word_1_308' title='bbox 1733 3805 1824 3859; x_wconf 87' lang='grc' dir='ltr'><strong>ρος</strong></span> 
     </span>
    </p>
   </div>
   <div class='ocr_carea' id='block_1_42' title="bbox 250 3879 1821 3959">
    <p class='ocr_par' dir='ltr' id='par_1_42' title="bbox 250 3879 1821 3959">
     <span class='ocr_line' id='line_1_42' title="bbox 250 3879 1821 3959; baseline -0.008 -15"><span class='ocrx_word' id='word_1_309' title='bbox 250 3888 441 3959; x_wconf 70' lang='grc' dir='ltr'>ἑτέρου</span> <span class='ocrx_word' id='word_1_310' title='bbox 469 3885 869 3955; x_wconf 83' lang='grc' dir='ltr'>διενηνόχαμεν.</span> <span class='ocrx_word' id='word_1_311' title='bbox 899 3881 1059 3934; x_wconf 84' lang='grc' dir='ltr'>Ὅθεν</span> <span class='ocrx_word' id='word_1_312' title='bbox 1094 3880 1186 3934; x_wconf 76' lang='grc' dir='ltr'>κα).</span> <span class='ocrx_word' id='word_1_313' title='bbox 1230 3880 1285 3932; x_wconf 68' lang='grc' dir='ltr'>αἱ</span> <span class='ocrx_word' id='word_1_314' title='bbox 1324 3879 1680 3952; x_wconf 82' lang='grc' dir='ltr'>προσηγορίαι</span> <span class='ocrx_word' id='word_1_315' title='bbox 1702 3882 1821 3951; x_wconf 72' lang='grc' dir='ltr'>οὐχὶ</span> 
     </span>
    </p>
   </div>
   <div class='ocr_carea' id='block_1_43' title="bbox 249 3972 1819 4047">
    <p class='ocr_par' dir='ltr' id='par_1_43' title="bbox 249 3972 1819 4047">
     <span class='ocr_line' id='line_1_43' title="bbox 249 3972 1819 4047; baseline -0.006 -12"><span class='ocrx_word' id='word_1_316' title='bbox 249 3983 360 4039; x_wconf 84' lang='grc' dir='ltr'><strong>τῶν</strong></span> <span class='ocrx_word' id='word_1_317' title='bbox 388 3980 585 4033; x_wconf 79' lang='grc' dir='ltr'>οὐσιῶν</span> <span class='ocrx_word' id='word_1_318' title='bbox 613 3980 719 4030; x_wconf 85' lang='grc' dir='ltr'>είσι</span> <span class='ocrx_word' id='word_1_319' title='bbox 758 3974 1110 4047; x_wconf 74' lang='grc' dir='ltr'>σημαντικαὶ,</span> <span class='ocrx_word' id='word_1_320' title='bbox 1139 3972 1274 4027; x_wconf 86' lang='grc' dir='ltr'><strong>ἀλλά</strong></span> <span class='ocrx_word' id='word_1_321' title='bbox 1300 3972 1405 4027; x_wconf 75' lang='grc' dir='ltr'><strong>τῶν</strong></span> <span class='ocrx_word' id='word_1_322' title='bbox 1438 3972 1735 4043; x_wconf 84' lang='grc' dir='ltr'>ίδιοτήτων,</span> <span class='ocrx_word' id='word_1_323' title='bbox 1764 3972 1819 4025; x_wconf 77' lang='grc' dir='ltr'><strong>αἶ</strong></span> 
     </span>
    </p>
   </div>
   <div class='ocr_carea' id='block_1_44' title="bbox 246 4061 1819 4140">
    <p class='ocr_par' dir='ltr' id='par_1_44' title="bbox 246 4061 1819 4140">
     <span class='ocr_line' id='line_1_44' title="bbox 246 4061 1819 4140; baseline -0.009 -10"><span class='ocrx_word' id='word_1_324' title='bbox 246 4075 343 4130; x_wconf 79' lang='grc' dir='ltr'>τὸν</span> <span class='ocrx_word' id='word_1_325' title='bbox 374 4073 493 4127; x_wconf 84' lang='grc' dir='ltr'>καθ’</span> <span class='ocrx_word' id='word_1_326' title='bbox 532 4072 626 4123; x_wconf 75' lang='grc' dir='ltr'><strong>ἕνα</strong></span> <span class='ocrx_word' id='word_1_327' title='bbox 665 4065 1174 4140; x_wconf 76' lang='grc' dir='ltr'>χαρακτηρίζουσιν.</span> <span class='ocrx_word' id='word_1_328' title='bbox 1212 4066 1378 4119; x_wconf 86' lang='grc' dir='ltr'>Ὅταν</span> <span class='ocrx_word' id='word_1_329' title='bbox 1409 4061 1501 4118; x_wconf 81' lang='grc' dir='ltr'><strong>οὖν</strong></span> <span class='ocrx_word' id='word_1_330' title='bbox 1537 4063 1819 4135; x_wconf 80' lang='grc' dir='ltr'>ἀκούωμεν</span> 
     </span>
    </p>
   </div>
   <div class='ocr_carea' id='block_1_45' title="bbox 252 4154 1817 4239">
    <p class='ocr_par' dir='ltr' id='par_1_45' title="bbox 252 4154 1817 4239">
     <span class='ocr_line' id='line_1_45' title="bbox 252 4154 1817 4239; baseline -0.01 -17"><span class='ocrx_word' id='word_1_331' title='bbox 252 4168 369 4239; x_wconf 80' lang='grc'>(17)</span> <span class='ocrx_word' id='word_1_332' title='bbox 409 4164 654 4231; x_wconf 70' lang='grc' dir='ltr'>Πέτρον,</span> <span class='ocrx_word' id='word_1_333' title='bbox 699 4161 758 4214; x_wconf 84' lang='grc' dir='ltr'><strong>οὐ</strong></span> <span class='ocrx_word' id='word_1_334' title='bbox 803 4159 899 4230; x_wconf 81' lang='grc' dir='ltr'><strong>τὴν</strong></span> <span class='ocrx_word' id='word_1_335' title='bbox 942 4157 1125 4215; x_wconf 82' lang='grc' dir='ltr'>οὐσίαν</span> <span class='ocrx_word' id='word_1_336' title='bbox 1165 4154 1326 4216; x_wconf 77' lang='grc' dir='ltr'>αὐτοῦ</span> <span class='ocrx_word' id='word_1_337' title='bbox 1362 4155 1585 4226; x_wconf 67' lang='grc' dir='ltr'>νοοῦμεν</span> <span class='ocrx_word' id='word_1_338' title='bbox 1630 4157 1693 4208; x_wconf 83' lang='grc' dir='ltr'><strong>ὲκ</strong></span> <span class='ocrx_word' id='word_1_339' title='bbox 1725 4155 1817 4208; x_wconf 78' lang='grc' dir='ltr'>τοῦ</span> 
     </span>
    </p>
   </div>
   <div class='ocr_carea' id='block_1_46' title="bbox 246 4245 1815 4327">
    <p class='ocr_par' dir='ltr' id='par_1_46' title="bbox 246 4245 1815 4327">
     <span class='ocr_line' id='line_1_46' title="bbox 246 4245 1815 4327; baseline -0.01 -15"><span class='ocrx_word' id='word_1_340' title='bbox 246 4258 511 4327; x_wconf 81' lang='grc' dir='ltr'>ὀνόματος</span> <span class='ocrx_word' id='word_1_341' title='bbox 543 4251 747 4322; x_wconf 65' lang='grc' dir='ltr'>(οὐσίαν</span> <span class='ocrx_word' id='word_1_342' title='bbox 773 4249 829 4309; x_wconf 77' lang='grc' dir='ltr'><strong>δὲ</strong></span> <span class='ocrx_word' id='word_1_343' title='bbox 850 4248 991 4315; x_wconf 73' lang='grc' dir='ltr'>λέγω</span> <span class='ocrx_word' id='word_1_344' title='bbox 1011 4246 1103 4301; x_wconf 74' lang='grc' dir='ltr'>νῦν</span> <span class='ocrx_word' id='word_1_345' title='bbox 1129 4245 1190 4299; x_wconf 84' lang='grc' dir='ltr'><strong>τὸ</strong></span> <span class='ocrx_word' id='word_1_346' title='bbox 1222 4245 1403 4301; x_wconf 81' lang='grc' dir='ltr'>ὑλικὸν</span> <span class='ocrx_word' id='word_1_347' title='bbox 1428 4245 1780 4314; x_wconf 80' lang='grc' dir='ltr'>ὑποκείμενον</span> <span class='ocrx_word' id='word_1_348' title='bbox 1802 4262 1815 4275; x_wconf 90' lang='grc'><strong>·</strong></span> 
     </span>
    </p>
   </div>
   <div class='ocr_carea' id='block_1_47' title="bbox 246 4338 1819 4419">
    <p class='ocr_par' dir='ltr' id='par_1_47' title="bbox 246 4338 1819 4419">
     <span class='ocr_line' id='line_1_47' title="bbox 246 4338 1819 4419; baseline -0.016 -16"><span class='ocrx_word' id='word_1_349' title='bbox 246 4351 388 4419; x_wconf 79' lang='grc' dir='ltr'>ὅπερ</span> <span class='ocrx_word' id='word_1_350' title='bbox 419 4344 668 4413; x_wconf 84' lang='grc' dir='ltr'>οὐδαμῶς</span> <span class='ocrx_word' id='word_1_351' title='bbox 703 4339 955 4411; x_wconf 77' lang='grc' dir='ltr'>σημαίνει</span> <span class='ocrx_word' id='word_1_352' title='bbox 992 4338 1267 4409; x_wconf 73' lang='grc' dir='ltr'>τοῦνομα),</span> <span class='ocrx_word' id='word_1_353' title='bbox 1301 4338 1436 4392; x_wconf 82' lang='grc' dir='ltr'>ἀλλὰ</span> <span class='ocrx_word' id='word_1_354' title='bbox 1464 4339 1569 4392; x_wconf 83' lang='grc' dir='ltr'>τῶν</span> <span class='ocrx_word' id='word_1_355' title='bbox 1604 4340 1819 4410; x_wconf 78' lang='grc' dir='ltr'>ίδιωμά.</span> 
     </span>
    </p>
   </div>
   <div class='ocr_carea' id='block_1_48' title="bbox 245 4428 1817 4504">
    <p class='ocr_par' dir='ltr' id='par_1_48' title="bbox 245 4428 1817 4504">
     <span class='ocr_line' id='line_1_48' title="bbox 245 4428 1817 4504; baseline -0.013 -12"><span class='ocrx_word' id='word_1_356' title='bbox 245 4456 355 4492; x_wconf 85' lang='grc' dir='ltr'><strong>των</strong></span> <span class='ocrx_word' id='word_1_357' title='bbox 395 4436 430 4490; x_wconf 76' lang='grc' dir='ltr'>ἃ</span> <span class='ocrx_word' id='word_1_358' title='bbox 462 4434 589 4504; x_wconf 77' lang='grc' dir='ltr'>περὶ</span> <span class='ocrx_word' id='word_1_359' title='bbox 632 4431 792 4483; x_wconf 84' lang='grc' dir='ltr'>αὐτὸν</span> <span class='ocrx_word' id='word_1_360' title='bbox 830 4429 1109 4499; x_wconf 76' lang='grc' dir='ltr'>θεωρεῖται</span> <span class='ocrx_word' id='word_1_361' title='bbox 1161 4428 1257 4498; x_wconf 80' lang='grc' dir='ltr'><strong>τήν</strong></span> <span class='ocrx_word' id='word_1_362' title='bbox 1306 4428 1510 4481; x_wconf 79' lang='grc' dir='ltr'>ἔννοιαν</span> <span class='ocrx_word' id='word_1_363' title='bbox 1562 4430 1817 4483; x_wconf 65' lang='grc' dir='ltr'>ἐντυποῦ-</span> 
     </span>
    </p>
   </div>
   <div class='ocr_carea' id='block_1_49' title="bbox 1929 578 3488 660">
    <p class='ocr_par' dir='ltr' id='par_1_49' title="bbox 1929 578 3488 660">
     <span class='ocr_line' id='line_1_49' title="bbox 1929 578 3488 660; baseline 0.008 -28"><span class='ocrx_word' id='word_1_364' title='bbox 1929 588 2029 632; x_wconf 91' lang='lat' dir='ltr'><strong>est.</strong></span> <span class='ocrx_word' id='word_1_365' title='bbox 2061 578 2241 648; x_wconf 81' lang='lat' dir='ltr'><strong>Neque</strong></span> <span class='ocrx_word' id='word_1_366' title='bbox 2262 579 2403 634; x_wconf 90' lang='lat' dir='ltr'><strong>enim</strong></span> <span class='ocrx_word' id='word_1_367' title='bbox 2435 580 2501 635; x_wconf 90' lang='lat' dir='ltr'><strong>de</strong></span> <span class='ocrx_word' id='word_1_368' title='bbox 2534 581 2833 637; x_wconf 84' lang='lat' dir='ltr'><strong>substantia</strong></span> <span class='ocrx_word' id='word_1_369' title='bbox 2869 585 2980 654; x_wconf 89' lang='lat' dir='ltr'><strong>ipsa</strong></span> <span class='ocrx_word' id='word_1_370' title='bbox 3017 587 3107 642; x_wconf 89' lang='lat' dir='ltr'><strong>Dei</strong></span> <span class='ocrx_word' id='word_1_371' title='bbox 3142 589 3320 654; x_wconf 80' lang='lat' dir='ltr'><strong>Verbi,</strong></span> <span class='ocrx_word' id='word_1_372' title='bbox 3348 595 3488 660; x_wconf 86' lang='lat' dir='ltr'><strong>quod</strong></span> 
     </span>
    </p>
   </div>
   <div class='ocr_carea' id='block_1_50' title="bbox 1929 669 3487 754">
    <p class='ocr_par' dir='ltr' id='par_1_50' title="bbox 1929 669 3487 754">
     <span class='ocr_line' id='line_1_50' title="bbox 1929 669 3487 754; baseline 0.009 -30"><span class='ocrx_word' id='word_1_373' title='bbox 1929 669 1980 724; x_wconf 91' lang='lat' dir='ltr'><strong>in</strong></span> <span class='ocrx_word' id='word_1_374' title='bbox 2010 672 2272 740; x_wconf 89' lang='lat' dir='ltr'><strong>principio</strong></span> <span class='ocrx_word' id='word_1_375' title='bbox 2302 682 2415 727; x_wconf 90' lang='lat' dir='ltr'><strong>erat</strong></span> <span class='ocrx_word' id='word_1_376' title='bbox 2445 674 2582 743; x_wconf 89' lang='lat' dir='ltr'><strong>apud</strong></span> <span class='ocrx_word' id='word_1_377' title='bbox 2611 674 2772 746; x_wconf 69' lang='grc'><strong>240</strong></span> <span class='ocrx_word' id='word_1_378' title='bbox 2805 675 2969 731; x_wconf 87' lang='lat' dir='ltr'><strong>Deum</strong></span> <span class='ocrx_word' id='word_1_379' title='bbox 3000 680 3067 746; x_wconf 77' lang='grc'><strong>³³,</strong></span> <span class='ocrx_word' id='word_1_380' title='bbox 3094 682 3186 735; x_wconf 87' lang='lat' dir='ltr'><strong>sed</strong></span> <span class='ocrx_word' id='word_1_381' title='bbox 3214 684 3280 737; x_wconf 90' lang='lat' dir='ltr'><strong>de</strong></span> <span class='ocrx_word' id='word_1_382' title='bbox 3308 699 3372 737; x_wconf 90' lang='lat' dir='ltr'><strong>eo</strong></span> <span class='ocrx_word' id='word_1_383' title='bbox 3398 684 3487 754; x_wconf 96' lang='lat' dir='ltr'><strong>qui</strong></span> 
     </span>
    </p>
   </div>
   <div class='ocr_carea' id='block_1_51' title="bbox 1928 759 3484 833">
    <p class='ocr_par' dir='ltr' id='par_1_51' title="bbox 1928 759 3484 833">
     <span class='ocr_line' id='line_1_51' title="bbox 1928 759 3484 833; baseline 0.008 -20"><span class='ocrx_word' id='word_1_384' title='bbox 1928 759 2159 827; x_wconf 72' lang='lat' dir='ltr'><strong>soipsnm</strong></span> <span class='ocrx_word' id='word_1_385' title='bbox 2187 760 2480 814; x_wconf 82' lang='lat' dir='ltr'><strong>exinanivit</strong></span> <span class='ocrx_word' id='word_1_386' title='bbox 2524 762 2574 815; x_wconf 93' lang='lat' dir='ltr'><strong>in</strong></span> <span class='ocrx_word' id='word_1_387' title='bbox 2625 761 2791 817; x_wconf 75' lang='lat' dir='ltr'><strong>forma</strong></span> <span class='ocrx_word' id='word_1_388' title='bbox 2840 766 2981 820; x_wconf 86' lang='lat' dir='ltr'><strong>servi</strong></span> <span class='ocrx_word' id='word_1_389' title='bbox 3008 767 3073 833; x_wconf 72' lang='lat'><strong>“,</strong></span> <span class='ocrx_word' id='word_1_390' title='bbox 3107 779 3161 823; x_wconf 93' lang='lat' dir='ltr'><strong>et</strong></span> <span class='ocrx_word' id='word_1_391' title='bbox 3209 770 3381 827; x_wconf 82' lang='lat' dir='ltr'><strong>lactus</strong></span> <span class='ocrx_word' id='word_1_392' title='bbox 3408 783 3484 828; x_wconf 90' lang='lat' dir='ltr'><strong>cst</strong></span> 
     </span>
    </p>
   </div>
   <div class='ocr_carea' id='block_1_52' title="bbox 1927 849 3487 924">
    <p class='ocr_par' dir='ltr' id='par_1_52' title="bbox 1927 849 3487 924">
     <span class='ocr_line' id='line_1_52' title="bbox 1927 849 3487 924; baseline 0.012 -23"><span class='ocrx_word' id='word_1_393' title='bbox 1927 849 2217 905; x_wconf 73' lang='lat' dir='ltr'><strong>conformis</strong></span> <span class='ocrx_word' id='word_1_394' title='bbox 2268 852 2484 919; x_wconf 84' lang='lat' dir='ltr'><strong>corpori</strong></span> <span class='ocrx_word' id='word_1_395' title='bbox 2530 853 2844 910; x_wconf 73' lang='lat' dir='ltr'><strong>humilitatis</strong></span> <span class='ocrx_word' id='word_1_396' title='bbox 2898 866 3093 913; x_wconf 72' lang='lat' dir='ltr'><strong>nostra:</strong></span> <span class='ocrx_word' id='word_1_397' title='bbox 3120 861 3186 924; x_wconf 72' lang='grc'>’⁸,</span> <span class='ocrx_word' id='word_1_398' title='bbox 3217 876 3281 914; x_wconf 84' lang='lat' dir='ltr'><strong>ac</strong></span> <span class='ocrx_word' id='word_1_399' title='bbox 3310 867 3487 919; x_wconf 86' lang='lat' dir='ltr'><strong>cruci-</strong></span> 
     </span>
    </p>
   </div>
   <div class='ocr_carea' id='block_1_53' title="bbox 1929 942 3486 1022">
    <p class='ocr_par' dir='ltr' id='par_1_53' title="bbox 1929 942 3486 1022">
     <span class='ocr_line' id='line_1_53' title="bbox 1929 942 3486 1022; baseline 0.01 -25"><span class='ocrx_word' id='word_1_400' title='bbox 1929 942 2069 997; x_wconf 77' lang='lat' dir='ltr'><strong>ﬁxus</strong></span> <span class='ocrx_word' id='word_1_401' title='bbox 2092 952 2175 996; x_wconf 89' lang='lat' dir='ltr'><strong>est</strong></span> <span class='ocrx_word' id='word_1_402' title='bbox 2205 958 2271 996; x_wconf 78' lang='lat' dir='ltr'><strong>ex</strong></span> <span class='ocrx_word' id='word_1_403' title='bbox 2301 943 2613 1000; x_wconf 86' lang='lat' dir='ltr'><strong>inﬁrmitate</strong></span> <span class='ocrx_word' id='word_1_404' title='bbox 2636 947 2702 1013; x_wconf 81' lang='lat'><strong>&quot;,</strong></span> <span class='ocrx_word' id='word_1_405' title='bbox 2728 948 2876 1005; x_wconf 85' lang='lat' dir='ltr'><strong>clare</strong></span> <span class='ocrx_word' id='word_1_406' title='bbox 2905 964 2968 1004; x_wconf 88' lang='lat' dir='ltr'><strong>ac</strong></span> <span class='ocrx_word' id='word_1_407' title='bbox 3000 953 3278 1022; x_wconf 77' lang='lat' dir='ltr'><strong>perspicue</strong></span> <span class='ocrx_word' id='word_1_408' title='bbox 3313 955 3486 1012; x_wconf 91' lang='lat' dir='ltr'><strong>disse-</strong></span> 
     </span>
    </p>
   </div>
   <div class='ocr_carea' id='block_1_54' title="bbox 1930 1025 3489 1114">
    <p class='ocr_par' dir='ltr' id='par_1_54' title="bbox 1930 1025 3489 1114">
     <span class='ocr_line' id='line_1_54' title="bbox 1930 1025 3489 1114; baseline 0.011 -28"><span class='ocrx_word' id='word_1_409' title='bbox 1930 1034 2020 1091; x_wconf 89' lang='lat' dir='ltr'><strong>rit.</strong></span> <span class='ocrx_word' id='word_1_410' title='bbox 2064 1033 2131 1089; x_wconf 87' lang='lat' dir='ltr'><strong>Et</strong></span> <span class='ocrx_word' id='word_1_411' title='bbox 2181 1033 2283 1090; x_wconf 90' lang='lat' dir='ltr'><strong>hoc</strong></span> <span class='ocrx_word' id='word_1_412' title='bbox 2307 1046 2494 1092; x_wconf 79' lang='lat' dir='ltr'><strong>nolunt</strong></span> <span class='ocrx_word' id='word_1_413' title='bbox 2523 1047 2609 1093; x_wconf 83' lang='lat' dir='ltr'><strong>est</strong></span> <span class='ocrx_word' id='word_1_414' title='bbox 2641 1041 2890 1096; x_wconf 85' lang='lat' dir='ltr'><strong>omnibus</strong></span> <span class='ocrx_word' id='word_1_415' title='bbox 2940 1045 3029 1111; x_wconf 89' lang='lat' dir='ltr'><strong>qui</strong></span> <span class='ocrx_word' id='word_1_416' title='bbox 3075 1045 3155 1099; x_wconf 89' lang='lat' dir='ltr'><strong>vel</strong></span> <span class='ocrx_word' id='word_1_417' title='bbox 3206 1025 3394 1114; x_wconf 76' lang='lat' dir='ltr'><strong>parum</strong></span> <span class='ocrx_word' id='word_1_418' title='bbox 3422 1050 3489 1103; x_wconf 88' lang='lat' dir='ltr'><strong>ad</strong></span> 
     </span>
    </p>
   </div>
   <div class='ocr_carea' id='block_1_55' title="bbox 1927 1128 3486 1201">
    <p class='ocr_par' dir='ltr' id='par_1_55' title="bbox 1927 1128 3486 1201">
     <span class='ocr_line' id='line_1_55' title="bbox 1927 1128 3486 1201; baseline 0.007 -20"><span class='ocrx_word' id='word_1_419' title='bbox 1927 1128 2235 1195; x_wconf 71' lang='lat' dir='ltr'><strong>apostolicae</strong></span> <span class='ocrx_word' id='word_1_420' title='bbox 2270 1128 2524 1183; x_wconf 88' lang='lat' dir='ltr'><strong>dictionis</strong></span> <span class='ocrx_word' id='word_1_421' title='bbox 2556 1144 2770 1185; x_wconf 88' lang='lat' dir='ltr'><strong>sensum</strong></span> <span class='ocrx_word' id='word_1_422' title='bbox 2823 1133 3062 1187; x_wconf 89' lang='lat' dir='ltr'><strong>animum</strong></span> <span class='ocrx_word' id='word_1_423' title='bbox 3121 1135 3486 1201; x_wconf 89' lang='lat' dir='ltr'><strong>intenderunt,</strong></span> 
     </span>
    </p>
   </div>
   <div class='ocr_carea' id='block_1_56' title="bbox 1926 1221 3492 1295">
    <p class='ocr_par' dir='ltr' id='par_1_56' title="bbox 1926 1221 3492 1295">
     <span class='ocr_line' id='line_1_56' title="bbox 1926 1221 3492 1295; baseline 0.007 -21"><span class='ocrx_word' id='word_1_424' title='bbox 1926 1221 2068 1290; x_wconf 89' lang='lat' dir='ltr'><strong>quod</strong></span> <span class='ocrx_word' id='word_1_425' title='bbox 2107 1236 2210 1275; x_wconf 91' lang='lat' dir='ltr'><strong>non</strong></span> <span class='ocrx_word' id='word_1_426' title='bbox 2254 1221 2533 1291; x_wconf 64' lang='lat' dir='ltr'><strong>theologia:</strong></span> <span class='ocrx_word' id='word_1_427' title='bbox 2566 1223 2719 1279; x_wconf 83' lang='lat' dir='ltr'><strong>nobis</strong></span> <span class='ocrx_word' id='word_1_428' title='bbox 2770 1225 2984 1279; x_wconf 89' lang='lat' dir='ltr'><strong>modum</strong></span> <span class='ocrx_word' id='word_1_429' title='bbox 3018 1227 3200 1295; x_wconf 82' lang='lat' dir='ltr'><strong>tradit,</strong></span> <span class='ocrx_word' id='word_1_430' title='bbox 3232 1230 3325 1285; x_wconf 90' lang='lat' dir='ltr'><strong>sed</strong></span> <span class='ocrx_word' id='word_1_431' title='bbox 3376 1232 3492 1285; x_wconf 87' lang='lat' dir='ltr'><strong>dis-</strong></span> 
     </span>
    </p>
   </div>
   <div class='ocr_carea' id='block_1_57' title="bbox 1926 1312 3493 1387">
    <p class='ocr_par' dir='ltr' id='par_1_57' title="bbox 1926 1312 3493 1387">
     <span class='ocr_line' id='line_1_57' title="bbox 1926 1312 3493 1387; baseline 0.006 -21"><span class='ocrx_word' id='word_1_432' title='bbox 1926 1312 2255 1383; x_wconf 88' lang='lat' dir='ltr'><strong>pensatiouis</strong></span> <span class='ocrx_word' id='word_1_433' title='bbox 2296 1313 2532 1368; x_wconf 84' lang='lat' dir='ltr'><strong>rationes</strong></span> <span class='ocrx_word' id='word_1_434' title='bbox 2572 1314 2829 1370; x_wconf 79' lang='lat' dir='ltr'><strong>declarat.</strong></span> <span class='ocrx_word' id='word_1_435' title='bbox 2869 1316 3149 1372; x_wconf 85' lang='lat' dir='ltr'><strong>Dominum</strong></span> <span class='ocrx_word' id='word_1_436' title='bbox 3192 1322 3357 1387; x_wconf 89' lang='lat' dir='ltr'><strong>enim,</strong></span> <span class='ocrx_word' id='word_1_437' title='bbox 3408 1322 3493 1376; x_wconf 90' lang='lat' dir='ltr'><strong>in-</strong></span> 
     </span>
    </p>
   </div>
   <div class='ocr_carea' id='block_1_58' title="bbox 1927 1405 3489 1478">
    <p class='ocr_par' dir='ltr' id='par_1_58' title="bbox 1927 1405 3489 1478">
     <span class='ocr_line' id='line_1_58' title="bbox 1927 1405 3489 1478; baseline 0.007 -20"><span class='ocrx_word' id='word_1_438' title='bbox 1927 1406 2082 1475; x_wconf 86' lang='lat' dir='ltr'><strong>quit,</strong></span> <span class='ocrx_word' id='word_1_439' title='bbox 2130 1415 2177 1459; x_wconf 83' lang='lat' dir='ltr'><strong>et</strong></span> <span class='ocrx_word' id='word_1_440' title='bbox 2222 1405 2487 1460; x_wconf 76' lang='lat' dir='ltr'><strong>Christum</strong></span> <span class='ocrx_word' id='word_1_441' title='bbox 2538 1408 2707 1477; x_wconf 82' lang='lat' dir='ltr'><strong>ipsum</strong></span> <span class='ocrx_word' id='word_1_442' title='bbox 2750 1409 2889 1463; x_wconf 78' lang='lat' dir='ltr'><strong>Deus</strong></span> <span class='ocrx_word' id='word_1_443' title='bbox 2937 1409 3089 1478; x_wconf 82' lang='lat' dir='ltr'><strong>fecit,</strong></span> <span class='ocrx_word' id='word_1_444' title='bbox 3136 1411 3273 1466; x_wconf 81' lang='lat' dir='ltr'><strong>hunc</strong></span> <span class='ocrx_word' id='word_1_445' title='bbox 3307 1413 3489 1469; x_wconf 81' lang='lat' dir='ltr'><strong>Jesum</strong></span> 
     </span>
    </p>
   </div>
   <div class='ocr_carea' id='block_1_59' title="bbox 1925 1499 3491 1570">
    <p class='ocr_par' dir='ltr' id='par_1_59' title="bbox 1925 1499 3491 1570">
     <span class='ocr_line' id='line_1_59' title="bbox 1925 1499 3491 1570; baseline 0.005 -17"><span class='ocrx_word' id='word_1_446' title='bbox 1925 1516 2077 1570; x_wconf 83' lang='lat' dir='ltr'><strong>quem</strong></span> <span class='ocrx_word' id='word_1_447' title='bbox 2124 1516 2212 1554; x_wconf 76' lang='lat' dir='ltr'><strong>vos</strong></span> <span class='ocrx_word' id='word_1_448' title='bbox 2244 1499 2577 1567; x_wconf 67' lang='lat' dir='ltr'><strong>cruciﬁxistis</strong></span> <span class='ocrx_word' id='word_1_449' title='bbox 2604 1501 2649 1531; x_wconf 83' lang='lat'>&quot;</span> <span class='ocrx_word' id='word_1_450' title='bbox 2684 1519 2698 1555; x_wconf 91' lang='lat'><strong>:</strong></span> <span class='ocrx_word' id='word_1_451' title='bbox 2742 1502 2844 1556; x_wconf 85' lang='lat' dir='ltr'><strong>hac</strong></span> <span class='ocrx_word' id='word_1_452' title='bbox 2890 1501 3312 1559; x_wconf 85' lang='lat' dir='ltr'><strong>demonstrativa</strong></span> <span class='ocrx_word' id='word_1_453' title='bbox 3363 1520 3491 1561; x_wconf 86' lang='lat' dir='ltr'><strong>voce</strong></span> 
     </span>
    </p>
   </div>
   <div class='ocr_carea' id='block_1_60' title="bbox 1927 1590 3488 1662">
    <p class='ocr_par' dir='ltr' id='par_1_60' title="bbox 1927 1590 3488 1662">
     <span class='ocr_line' id='line_1_60' title="bbox 1927 1590 3488 1662; baseline 0.003 -17"><span class='ocrx_word' id='word_1_454' title='bbox 1927 1590 1981 1645; x_wconf 90' lang='lat' dir='ltr'><strong>in</strong></span> <span class='ocrx_word' id='word_1_455' title='bbox 2014 1591 2403 1645; x_wconf 86' lang='lat' dir='ltr'><strong>humanitatem</strong></span> <span class='ocrx_word' id='word_1_456' title='bbox 2435 1590 2551 1660; x_wconf 86' lang='lat' dir='ltr'><strong>ejus</strong></span> <span class='ocrx_word' id='word_1_457' title='bbox 2607 1600 2768 1661; x_wconf 88' lang='lat' dir='ltr'><strong>atque</strong></span> <span class='ocrx_word' id='word_1_458' title='bbox 2802 1591 2855 1647; x_wconf 89' lang='lat' dir='ltr'><strong>in</strong></span> <span class='ocrx_word' id='word_1_459' title='bbox 2892 1591 2944 1646; x_wconf 91' lang='lat' dir='ltr'><strong>id</strong></span> <span class='ocrx_word' id='word_1_460' title='bbox 2992 1594 3132 1662; x_wconf 89' lang='lat' dir='ltr'><strong>quod</strong></span> <span class='ocrx_word' id='word_1_461' title='bbox 3156 1595 3327 1650; x_wconf 91' lang='lat' dir='ltr'><strong>oculis</strong></span> <span class='ocrx_word' id='word_1_462' title='bbox 3369 1610 3488 1650; x_wconf 58' lang='lat' dir='ltr'><strong>om-</strong></span> 
     </span>
    </p>
   </div>
   <div class='ocr_carea' id='block_1_61' title="bbox 1925 1680 3491 1753">
    <p class='ocr_par' dir='ltr' id='par_1_61' title="bbox 1925 1680 3491 1753">
     <span class='ocr_line' id='line_1_61' title="bbox 1925 1680 3491 1753; baseline 0.005 -19"><span class='ocrx_word' id='word_1_463' title='bbox 1925 1680 2075 1735; x_wconf 89' lang='lat' dir='ltr'><strong>nium</strong></span> <span class='ocrx_word' id='word_1_464' title='bbox 2140 1680 2437 1750; x_wconf 84' lang='lat' dir='ltr'><strong>subjectum</strong></span> <span class='ocrx_word' id='word_1_465' title='bbox 2488 1690 2603 1736; x_wconf 91' lang='lat' dir='ltr'><strong>erat</strong></span> <span class='ocrx_word' id='word_1_466' title='bbox 2664 1690 2869 1737; x_wconf 89' lang='lat' dir='ltr'><strong>tantum</strong></span> <span class='ocrx_word' id='word_1_467' title='bbox 2928 1698 3032 1737; x_wconf 91' lang='lat' dir='ltr'><strong>non</strong></span> <span class='ocrx_word' id='word_1_468' title='bbox 3080 1695 3262 1753; x_wconf 90' lang='lat' dir='ltr'><strong>aperte</strong></span> <span class='ocrx_word' id='word_1_469' title='bbox 3309 1687 3491 1742; x_wconf 88' lang='lat' dir='ltr'><strong>intcn--</strong></span> 
     </span>
    </p>
   </div>
   <div class='ocr_carea' id='block_1_62' title="bbox 1925 1771 3487 1853">
    <p class='ocr_par' dir='ltr' id='par_1_62' title="bbox 1925 1771 3487 1853">
     <span class='ocr_line' id='line_1_62' title="bbox 1925 1771 3487 1853; baseline 0.003 -26"><span class='ocrx_word' id='word_1_470' title='bbox 1925 1783 2035 1853; x_wconf 77' lang='lat' dir='ltr'><strong>tus.</strong></span> <span class='ocrx_word' id='word_1_471' title='bbox 2077 1771 2174 1827; x_wconf 84' lang='lat' dir='ltr'><strong>Hic</strong></span> <span class='ocrx_word' id='word_1_472' title='bbox 2219 1788 2346 1828; x_wconf 88' lang='lat' dir='ltr'><strong>vero</strong></span> <span class='ocrx_word' id='word_1_473' title='bbox 2381 1787 2567 1827; x_wconf 88' lang='lat' dir='ltr'><strong>vocem</strong></span> <span class='ocrx_word' id='word_1_474' title='bbox 2601 1773 2720 1841; x_wconf 79' lang='lat' dir='ltr'><strong>fecit</strong></span> <span class='ocrx_word' id='word_1_475' title='bbox 2763 1773 2830 1827; x_wconf 90' lang='lat' dir='ltr'><strong>ad</strong></span> <span class='ocrx_word' id='word_1_476' title='bbox 2870 1788 2988 1829; x_wconf 89' lang='lat' dir='ltr'><strong>eam</strong></span> <span class='ocrx_word' id='word_1_477' title='bbox 3020 1774 3285 1843; x_wconf 82' lang='lat' dir='ltr'><strong>Unigeniti</strong></span> <span class='ocrx_word' id='word_1_478' title='bbox 3324 1793 3487 1849; x_wconf 80' lang='lat' dir='ltr'><strong>gene-</strong></span> 
     </span>
    </p>
   </div>
   <div class='ocr_carea' id='block_1_63' title="bbox 1929 1862 3489 1933">
    <p class='ocr_par' dir='ltr' id='par_1_63' title="bbox 1929 1862 3489 1933">
     <span class='ocr_line' id='line_1_63' title="bbox 1929 1862 3489 1933; baseline 0.003 -16"><span class='ocrx_word' id='word_1_479' title='bbox 1929 1863 2189 1917; x_wconf 88' lang='lat' dir='ltr'><strong>rationem</strong></span> <span class='ocrx_word' id='word_1_480' title='bbox 2225 1877 2344 1933; x_wconf 71' lang='lat' dir='ltr'><strong>qua:</strong></span> <span class='ocrx_word' id='word_1_481' title='bbox 2373 1877 2403 1915; x_wconf 91' lang='lat' dir='ltr'><strong>a</strong></span> <span class='ocrx_word' id='word_1_482' title='bbox 2441 1862 2707 1932; x_wconf 90' lang='lat' dir='ltr'><strong>principio</strong></span> <span class='ocrx_word' id='word_1_483' title='bbox 2750 1862 2874 1926; x_wconf 84' lang='lat' dir='ltr'><strong>fuit,</strong></span> <span class='ocrx_word' id='word_1_484' title='bbox 2919 1864 3193 1919; x_wconf 81' lang='lat' dir='ltr'><strong>transfert.</strong></span> <span class='ocrx_word' id='word_1_485' title='bbox 3231 1867 3295 1921; x_wconf 86' lang='lat' dir='ltr'><strong>Et</strong></span> <span class='ocrx_word' id='word_1_486' title='bbox 3328 1884 3393 1923; x_wconf 92' lang='lat' dir='ltr'><strong>ne</strong></span> <span class='ocrx_word' id='word_1_487' title='bbox 3424 1871 3489 1922; x_wconf 86' lang='lat' dir='ltr'><strong>il.-</strong></span> 
     </span>
    </p>
   </div>
   <div class='ocr_carea' id='block_1_64' title="bbox 1926 1953 3485 2025">
    <p class='ocr_par' dir='ltr' id='par_1_64' title="bbox 1926 1953 3485 2025">
     <span class='ocr_line' id='line_1_64' title="bbox 1926 1953 3485 2025; baseline 0.004 -16"><span class='ocrx_word' id='word_1_488' title='bbox 1926 1954 2017 2010; x_wconf 89' lang='lat' dir='ltr'><strong>lud</strong></span> <span class='ocrx_word' id='word_1_489' title='bbox 2047 1953 2261 2023; x_wconf 83' lang='lat' dir='ltr'><strong>quidem</strong></span> <span class='ocrx_word' id='word_1_490' title='bbox 2290 1969 2410 2008; x_wconf 91' lang='lat' dir='ltr'><strong>eum</strong></span> <span class='ocrx_word' id='word_1_491' title='bbox 2443 1953 2648 2023; x_wconf 89' lang='lat' dir='ltr'><strong>pudore</strong></span> <span class='ocrx_word' id='word_1_492' title='bbox 2687 1953 2888 2018; x_wconf 72' lang='lat' dir='ltr'><strong>allicit,</strong></span> <span class='ocrx_word' id='word_1_493' title='bbox 2928 1957 3068 2025; x_wconf 89' lang='lat' dir='ltr'><strong>quod</strong></span> <span class='ocrx_word' id='word_1_494' title='bbox 3097 1973 3198 2012; x_wconf 85' lang='lat' dir='ltr'><strong>vox</strong></span> <span class='ocrx_word' id='word_1_495' title='bbox 3232 1960 3485 2018; x_wconf 76' lang='lat' dir='ltr'><strong>Dominus</strong></span> 
     </span>
    </p>
   </div>
   <div class='ocr_carea' id='block_1_65' title="bbox 1927 2046 3490 2121">
    <p class='ocr_par' dir='ltr' id='par_1_65' title="bbox 1927 2046 3490 2121">
     <span class='ocr_line' id='line_1_65' title="bbox 1927 2046 3490 2121; baseline 0.004 -22"><span class='ocrx_word' id='word_1_496' title='bbox 1927 2060 2033 2099; x_wconf 82' lang='lat' dir='ltr'><strong>non</strong></span> <span class='ocrx_word' id='word_1_497' title='bbox 2067 2060 2258 2099; x_wconf 86' lang='lat' dir='ltr'><strong>nomen</strong></span> <span class='ocrx_word' id='word_1_498' title='bbox 2288 2046 2358 2099; x_wconf 90' lang='lat' dir='ltr'><strong>sit</strong></span> <span class='ocrx_word' id='word_1_499' title='bbox 2387 2046 2725 2110; x_wconf 65' lang='lat' dir='ltr'><strong>substantiae,</strong></span> <span class='ocrx_word' id='word_1_500' title='bbox 2755 2046 2849 2101; x_wconf 90' lang='lat' dir='ltr'><strong>sed</strong></span> <span class='ocrx_word' id='word_1_501' title='bbox 2877 2048 3173 2116; x_wconf 86' lang='lat' dir='ltr'><strong>potestatis.</strong></span> <span class='ocrx_word' id='word_1_502' title='bbox 3201 2050 3377 2116; x_wconf 83' lang='lat' dir='ltr'><strong>Quare</strong></span> <span class='ocrx_word' id='word_1_503' title='bbox 3398 2053 3490 2121; x_wconf 91' lang='lat' dir='ltr'><strong>qui</strong></span> 
     </span>
    </p>
   </div>
   <div class='ocr_carea' id='block_1_66' title="bbox 1928 2136 3489 2214">
    <p class='ocr_par' dir='ltr' id='par_1_66' title="bbox 1928 2136 3489 2214">
     <span class='ocr_line' id='line_1_66' title="bbox 1928 2136 3489 2214; baseline 0.005 -25"><span class='ocrx_word' id='word_1_504' title='bbox 1928 2137 2082 2201; x_wconf 79' lang='lat' dir='ltr'><strong>dixit,</strong></span> <span class='ocrx_word' id='word_1_505' title='bbox 2122 2136 2401 2190; x_wconf 84' lang='lat' dir='ltr'><strong>Dominum</strong></span> <span class='ocrx_word' id='word_1_506' title='bbox 2424 2138 2592 2206; x_wconf 74' lang='lat' dir='ltr'><strong>ipsum</strong></span> <span class='ocrx_word' id='word_1_507' title='bbox 2625 2147 2671 2191; x_wconf 86' lang='lat' dir='ltr'><strong>et</strong></span> <span class='ocrx_word' id='word_1_508' title='bbox 2699 2137 2965 2192; x_wconf 78' lang='lat' dir='ltr'><strong>Christum</strong></span> <span class='ocrx_word' id='word_1_509' title='bbox 2992 2139 3127 2194; x_wconf 85' lang='lat' dir='ltr'><strong>Deus</strong></span> <span class='ocrx_word' id='word_1_510' title='bbox 3161 2141 3304 2211; x_wconf 80' lang='lat' dir='ltr'><strong>fecit,</strong></span> <span class='ocrx_word' id='word_1_511' title='bbox 3339 2145 3489 2214; x_wconf 87' lang='lat' dir='ltr'><strong>priu-</strong></span> 
     </span>
    </p>
   </div>
   <div class='ocr_carea' id='block_1_67' title="bbox 1925 2227 3485 2298">
    <p class='ocr_par' dir='ltr' id='par_1_67' title="bbox 1925 2227 3485 2298">
     <span class='ocr_line' id='line_1_67' title="bbox 1925 2227 3485 2298; baseline 0.005 -15"><span class='ocrx_word' id='word_1_512' title='bbox 1925 2227 2163 2298; x_wconf 89' lang='lat' dir='ltr'><strong>cipatum</strong></span> <span class='ocrx_word' id='word_1_513' title='bbox 2198 2243 2261 2282; x_wconf 90' lang='lat' dir='ltr'><strong>ac</strong></span> <span class='ocrx_word' id='word_1_514' title='bbox 2287 2228 2578 2283; x_wconf 88' lang='lat' dir='ltr'><strong>dominium</strong></span> <span class='ocrx_word' id='word_1_515' title='bbox 2611 2229 2663 2282; x_wconf 94' lang='lat' dir='ltr'><strong>in</strong></span> <span class='ocrx_word' id='word_1_516' title='bbox 2691 2243 2880 2283; x_wconf 89' lang='lat' dir='ltr'><strong>omnes</strong></span> <span class='ocrx_word' id='word_1_517' title='bbox 2906 2231 2951 2285; x_wconf 92' lang='lat' dir='ltr'><strong>ei</strong></span> <span class='ocrx_word' id='word_1_518' title='bbox 2986 2245 3015 2284; x_wconf 91' lang='lat' dir='ltr'><strong>a</strong></span> <span class='ocrx_word' id='word_1_519' title='bbox 3051 2230 3209 2287; x_wconf 87' lang='lat' dir='ltr'><strong>Patre</strong></span> <span class='ocrx_word' id='word_1_520' title='bbox 3233 2235 3485 2291; x_wconf 88' lang='lat' dir='ltr'><strong>traditum</strong></span> 
     </span>
    </p>
   </div>
   <div class='ocr_carea' id='block_1_68' title="bbox 1926 2319 3488 2394">
    <p class='ocr_par' dir='ltr' id='par_1_68' title="bbox 1926 2319 3488 2394">
     <span class='ocr_line' id='line_1_68' title="bbox 1926 2319 3488 2394; baseline 0.003 -17"><span class='ocrx_word' id='word_1_521' title='bbox 1926 2321 2076 2385; x_wconf 88' lang='lat' dir='ltr'><strong>dicit,</strong></span> <span class='ocrx_word' id='word_1_522' title='bbox 2108 2336 2214 2374; x_wconf 90' lang='lat' dir='ltr'><strong>non</strong></span> <span class='ocrx_word' id='word_1_523' title='bbox 2256 2319 2398 2374; x_wconf 91' lang='lat' dir='ltr'><strong>illius</strong></span> <span class='ocrx_word' id='word_1_524' title='bbox 2438 2320 2505 2373; x_wconf 92' lang='lat' dir='ltr'><strong>ad</strong></span> <span class='ocrx_word' id='word_1_525' title='bbox 2544 2335 2654 2374; x_wconf 78' lang='lat' dir='ltr'><strong>esse</strong></span> <span class='ocrx_word' id='word_1_526' title='bbox 2698 2321 2984 2375; x_wconf 89' lang='lat' dir='ltr'><strong>transitum</strong></span> <span class='ocrx_word' id='word_1_527' title='bbox 3017 2335 3222 2379; x_wconf 88' lang='lat' dir='ltr'><strong>narrat.</strong></span> <span class='ocrx_word' id='word_1_528' title='bbox 3266 2324 3331 2379; x_wconf 86' lang='lat' dir='ltr'><strong>Et</strong></span> <span class='ocrx_word' id='word_1_529' title='bbox 3364 2328 3488 2394; x_wconf 87' lang='lat' dir='ltr'><strong>qui-</strong></span> 
     </span>
    </p>
   </div>
   <div class='ocr_carea' id='block_1_69' title="bbox 1927 2411 3487 2481">
    <p class='ocr_par' dir='ltr' id='par_1_69' title="bbox 1927 2411 3487 2481">
     <span class='ocr_line' id='line_1_69' title="bbox 1927 2411 3487 2481; baseline 0.004 -15"><span class='ocrx_word' id='word_1_530' title='bbox 1927 2413 2045 2467; x_wconf 80' lang='lat' dir='ltr'><strong>dem</strong></span> <span class='ocrx_word' id='word_1_531' title='bbox 2080 2413 2192 2467; x_wconf 67' lang='lat' dir='ltr'><strong>haec</strong></span> <span class='ocrx_word' id='word_1_532' title='bbox 2216 2411 2372 2481; x_wconf 89' lang='lat' dir='ltr'><strong>paulo</strong></span> <span class='ocrx_word' id='word_1_533' title='bbox 2405 2422 2525 2481; x_wconf 89' lang='lat' dir='ltr'><strong>post</strong></span> <span class='ocrx_word' id='word_1_534' title='bbox 2551 2414 2922 2479; x_wconf 89' lang='lat' dir='ltr'><strong>ostendemus;</strong></span> <span class='ocrx_word' id='word_1_535' title='bbox 2956 2428 3076 2467; x_wconf 90' lang='lat' dir='ltr'><strong>cum</strong></span> <span class='ocrx_word' id='word_1_536' title='bbox 3106 2415 3487 2473; x_wconf 89' lang='lat' dir='ltr'><strong>convincemus</strong></span> 
     </span>
    </p>
   </div>
   <div class='ocr_carea' id='block_1_70' title="bbox 1920 2503 3488 2575">
    <p class='ocr_par' dir='ltr' id='par_1_70' title="bbox 1920 2503 3488 2575">
     <span class='ocr_line' id='line_1_70' title="bbox 1920 2503 3488 2575; baseline 0.001 -15"><span class='ocrx_word' id='word_1_537' title='bbox 1920 2505 2074 2561; x_wconf 80' lang='lat' dir='ltr'><strong>illum</strong></span> <span class='ocrx_word' id='word_1_538' title='bbox 2119 2503 2414 2574; x_wconf 66' lang='lat' dir='ltr'><strong>Scriptura)</strong></span> <span class='ocrx_word' id='word_1_539' title='bbox 2469 2504 2770 2559; x_wconf 86' lang='lat' dir='ltr'><strong>testimonia</strong></span> <span class='ocrx_word' id='word_1_540' title='bbox 2805 2515 2999 2574; x_wconf 61' lang='lat' dir='ltr'><strong>praeter</strong></span> <span class='ocrx_word' id='word_1_541' title='bbox 3026 2505 3261 2575; x_wconf 87' lang='lat' dir='ltr'><strong>Spiritus</strong></span> <span class='ocrx_word' id='word_1_542' title='bbox 3296 2507 3488 2561; x_wconf 86' lang='lat' dir='ltr'><strong>volun-</strong></span> 
     </span>
    </p>
   </div>
   <div class='ocr_carea' id='block_1_71' title="bbox 1925 2597 3490 2667">
    <p class='ocr_par' dir='ltr' id='par_1_71' title="bbox 1925 2597 3490 2667">
     <span class='ocr_line' id='line_1_71' title="bbox 1925 2597 3490 2667; baseline 0.003 -16"><span class='ocrx_word' id='word_1_543' title='bbox 1925 2605 2088 2652; x_wconf 84' lang='lat' dir='ltr'><strong>tatem</strong></span> <span class='ocrx_word' id='word_1_544' title='bbox 2118 2597 2360 2667; x_wconf 82' lang='lat' dir='ltr'><strong>prolerre</strong></span> <span class='ocrx_word' id='word_1_545' title='bbox 2386 2598 2437 2651; x_wconf 93' lang='lat' dir='ltr'><strong>in</strong></span> <span class='ocrx_word' id='word_1_546' title='bbox 2480 2597 2713 2652; x_wconf 84' lang='lat' dir='ltr'><strong>medium</strong></span> <span class='ocrx_word' id='word_1_547' title='bbox 2754 2612 2769 2651; x_wconf 91' lang='lat'><strong>:</strong></span> <span class='ocrx_word' id='word_1_548' title='bbox 2801 2598 2895 2652; x_wconf 91' lang='lat' dir='ltr'><strong>sed</strong></span> <span class='ocrx_word' id='word_1_549' title='bbox 2928 2613 3070 2653; x_wconf 91' lang='lat' dir='ltr'><strong>nunc</strong></span> <span class='ocrx_word' id='word_1_550' title='bbox 3101 2599 3167 2653; x_wconf 91' lang='lat' dir='ltr'><strong>ad</strong></span> <span class='ocrx_word' id='word_1_551' title='bbox 3203 2600 3366 2655; x_wconf 76' lang='lat' dir='ltr'><strong>verba</strong></span> <span class='ocrx_word' id='word_1_552' title='bbox 3395 2616 3490 2655; x_wconf 82' lang='lat' dir='ltr'><strong>co-</strong></span> 
     </span>
    </p>
   </div>
   <div class='ocr_carea' id='block_1_72' title="bbox 1926 2688 3488 2761">
    <p class='ocr_par' dir='ltr' id='par_1_72' title="bbox 1926 2688 3488 2761">
     <span class='ocr_line' id='line_1_72' title="bbox 1926 2688 3488 2761; baseline 0.003 -19"><span class='ocrx_word' id='word_1_553' title='bbox 1926 2688 2184 2742; x_wconf 61' lang='lat' dir='ltr'><strong>haerentia</strong></span> <span class='ocrx_word' id='word_1_554' title='bbox 2215 2688 2643 2760; x_wconf 83' lang='lat' dir='ltr'><strong>progrediamur.</strong></span> <span class='ocrx_word' id='word_1_555' title='bbox 2693 2689 2831 2756; x_wconf 85' lang='lat' dir='ltr'><strong>Quid</strong></span> <span class='ocrx_word' id='word_1_556' title='bbox 2860 2705 2992 2761; x_wconf 84' lang='lat' dir='ltr'><strong>ergo</strong></span> <span class='ocrx_word' id='word_1_557' title='bbox 3018 2690 3120 2746; x_wconf 90' lang='lat' dir='ltr'><strong>hoc</strong></span> <span class='ocrx_word' id='word_1_558' title='bbox 3152 2705 3347 2746; x_wconf 86' lang='lat' dir='ltr'><strong>nomen</strong></span> <span class='ocrx_word' id='word_1_559' title='bbox 3382 2691 3488 2747; x_wconf 83' lang='lat' dir='ltr'><strong>sibi</strong></span> 
     </span>
    </p>
   </div>
   <div class='ocr_carea' id='block_1_73' title="bbox 1924 2780 3486 2850">
    <p class='ocr_par' dir='ltr' id='par_1_73' title="bbox 1924 2780 3486 2850">
     <span class='ocr_line' id='line_1_73' title="bbox 1924 2780 3486 2850; baseline 0.003 -17"><span class='ocrx_word' id='word_1_560' title='bbox 1924 2780 2095 2834; x_wconf 82' lang='lat' dir='ltr'><strong>vult?</strong></span> <span class='ocrx_word' id='word_1_561' title='bbox 2156 2795 2261 2850; x_wconf 89' lang='lat' dir='ltr'><strong>qua</strong></span> <span class='ocrx_word' id='word_1_562' title='bbox 2323 2780 2536 2836; x_wconf 82' lang='lat' dir='ltr'><strong>tandem</strong></span> <span class='ocrx_word' id='word_1_563' title='bbox 2609 2780 2676 2836; x_wconf 90' lang='lat' dir='ltr'><strong>de</strong></span> <span class='ocrx_word' id='word_1_564' title='bbox 2741 2796 2901 2836; x_wconf 90' lang='lat' dir='ltr'><strong>causa</strong></span> <span class='ocrx_word' id='word_1_565' title='bbox 2970 2782 3229 2837; x_wconf 81' lang='lat' dir='ltr'><strong>facturam</strong></span> <span class='ocrx_word' id='word_1_566' title='bbox 3308 2785 3486 2841; x_wconf 80' lang='lat' dir='ltr'><strong>facto-</strong></span> 
     </span>
    </p>
   </div>
   <div class='ocr_carea' id='block_1_74' title="bbox 1924 2871 3486 2943">
    <p class='ocr_par' dir='ltr' id='par_1_74' title="bbox 1924 2871 3486 2943">
     <span class='ocr_line' id='line_1_74' title="bbox 1924 2871 3486 2943; baseline 0.003 -18"><span class='ocrx_word' id='word_1_567' title='bbox 1924 2885 2037 2926; x_wconf 77' lang='lat' dir='ltr'><strong>rem</strong></span> <span class='ocrx_word' id='word_1_568' title='bbox 2090 2871 2328 2926; x_wconf 88' lang='lat' dir='ltr'><strong>omnium</strong></span> <span class='ocrx_word' id='word_1_569' title='bbox 2380 2871 2649 2942; x_wconf 88' lang='lat' dir='ltr'><strong>appellare</strong></span> <span class='ocrx_word' id='word_1_570' title='bbox 2702 2873 3051 2943; x_wconf 77' lang='lat' dir='ltr'><strong>aggreditur?</strong></span> <span class='ocrx_word' id='word_1_571' title='bbox 3103 2873 3220 2943; x_wconf 86' lang='lat' dir='ltr'><strong>Ipse</strong></span> <span class='ocrx_word' id='word_1_572' title='bbox 3279 2890 3340 2930; x_wconf 89' lang='lat' dir='ltr'><strong>se</strong></span> <span class='ocrx_word' id='word_1_573' title='bbox 3402 2875 3486 2929; x_wconf 82' lang='lat' dir='ltr'><strong>fu-</strong></span> 
     </span>
    </p>
   </div>
   <div class='ocr_carea' id='block_1_75' title="bbox 1916 2962 3485 3033">
    <p class='ocr_par' dir='ltr' id='par_1_75' title="bbox 1916 2962 3485 3033">
     <span class='ocr_line' id='line_1_75' title="bbox 1916 2962 3485 3033; baseline 0.001 -17"><span class='ocrx_word' id='word_1_574' title='bbox 1916 2972 2041 3016; x_wconf 86' lang='lat' dir='ltr'><strong>cata</strong></span> <span class='ocrx_word' id='word_1_575' title='bbox 2062 2963 2405 3017; x_wconf 81' lang='lat' dir='ltr'><strong>cavillatione</strong></span> <span class='ocrx_word' id='word_1_576' title='bbox 2448 2962 2740 3033; x_wconf 87' lang='lat' dir='ltr'><strong>decipiens,</strong></span> <span class='ocrx_word' id='word_1_577' title='bbox 2771 2965 3085 3021; x_wconf 74' lang='lat' dir='ltr'><strong>substantiae</strong></span> <span class='ocrx_word' id='word_1_578' title='bbox 3116 2967 3280 3021; x_wconf 89' lang='lat' dir='ltr'><strong>etiam</strong></span> <span class='ocrx_word' id='word_1_579' title='bbox 3308 2966 3485 3023; x_wconf 75' lang='lat' dir='ltr'><strong>diver-</strong></span> 
     </span>
    </p>
   </div>
   <div class='ocr_carea' id='block_1_76' title="bbox 1922 3053 3483 3117">
    <p class='ocr_par' dir='ltr' id='par_1_76' title="bbox 1922 3053 3483 3117">
     <span class='ocr_line' id='line_1_76' title="bbox 1922 3053 3483 3117; baseline 0.005 -8"><span class='ocrx_word' id='word_1_580' title='bbox 1922 3053 2136 3109; x_wconf 88' lang='lat' dir='ltr'><strong>sitatem</strong></span> <span class='ocrx_word' id='word_1_581' title='bbox 2211 3068 2315 3108; x_wconf 88' lang='lat' dir='ltr'><strong>una</strong></span> <span class='ocrx_word' id='word_1_582' title='bbox 2384 3068 2503 3109; x_wconf 90' lang='lat' dir='ltr'><strong>cum</strong></span> <span class='ocrx_word' id='word_1_583' title='bbox 2566 3057 2846 3112; x_wconf 87' lang='lat' dir='ltr'><strong>nominum</strong></span> <span class='ocrx_word' id='word_1_584' title='bbox 2896 3056 3216 3116; x_wconf 85' lang='lat' dir='ltr'><strong>discrimine</strong></span> <span class='ocrx_word' id='word_1_585' title='bbox 3272 3061 3483 3117; x_wconf 80' lang='lat' dir='ltr'><strong>05lendi</strong></span> 
     </span>
    </p>
   </div>
   <div class='ocr_carea' id='block_1_77' title="bbox 1846 3144 2215 3230">
    <p class='ocr_par' dir='ltr' id='par_1_77' title="bbox 1846 3144 2215 3230">
     <span class='ocr_line' id='line_1_77' title="bbox 1846 3144 2215 3230; baseline -0.003 -31"><span class='ocrx_word' id='word_1_586' title='bbox 1846 3172 1890 3230; x_wconf 66' lang='grc' dir='ltr'>ο</span> <span class='ocrx_word' id='word_1_587' title='bbox 1916 3144 2215 3199; x_wconf 82' lang='lat' dir='ltr'><strong>existimat.</strong></span> 
     </span>
    </p>
   </div>
   <div class='ocr_carea' id='block_1_78' title="bbox 1993 3232 3483 3309">
    <p class='ocr_par' dir='ltr' id='par_1_78' title="bbox 1993 3232 3483 3309">
     <span class='ocr_line' id='line_1_78' title="bbox 1993 3232 3483 3309; baseline 0.003 -16"><span class='ocrx_word' id='word_1_588' title='bbox 1993 3235 2049 3294; x_wconf 69' lang='grc'><strong>4.</strong></span> <span class='ocrx_word' id='word_1_589' title='bbox 2100 3232 2206 3290; x_wconf 89' lang='lat' dir='ltr'><strong>Sed</strong></span> <span class='ocrx_word' id='word_1_590' title='bbox 2236 3236 2357 3306; x_wconf 85' lang='lat' dir='ltr'><strong>quis</strong></span> <span class='ocrx_word' id='word_1_591' title='bbox 2393 3237 2588 3293; x_wconf 89' lang='lat' dir='ltr'><strong>mentis</strong></span> <span class='ocrx_word' id='word_1_592' title='bbox 2626 3251 2844 3309; x_wconf 89' lang='lat' dir='ltr'><strong>compos</strong></span> <span class='ocrx_word' id='word_1_593' title='bbox 2890 3238 2954 3291; x_wconf 87' lang='lat' dir='ltr'><strong>ad</strong></span> <span class='ocrx_word' id='word_1_594' title='bbox 2986 3238 3131 3295; x_wconf 82' lang='lat' dir='ltr'><strong>hane</strong></span> <span class='ocrx_word' id='word_1_595' title='bbox 3160 3240 3483 3298; x_wconf 79' lang='lat' dir='ltr'><strong>sententiam</strong></span> 
     </span>
    </p>
   </div>
   <div class='ocr_carea' id='block_1_79' title="bbox 1925 3329 3487 3399">
    <p class='ocr_par' dir='ltr' id='par_1_79' title="bbox 1925 3329 3487 3399">
     <span class='ocr_line' id='line_1_79' title="bbox 1925 3329 3487 3399; baseline 0.004 -17"><span class='ocrx_word' id='word_1_596' title='bbox 1925 3329 2234 3393; x_wconf 82' lang='lat' dir='ltr'><strong>accesserit.</strong></span> <span class='ocrx_word' id='word_1_597' title='bbox 2274 3329 2418 3399; x_wconf 90' lang='lat' dir='ltr'><strong>quod</strong></span> <span class='ocrx_word' id='word_1_598' title='bbox 2445 3344 2672 3399; x_wconf 90' lang='lat' dir='ltr'><strong>quorum</strong></span> <span class='ocrx_word' id='word_1_599' title='bbox 2712 3332 2931 3385; x_wconf 82' lang='lat' dir='ltr'><strong>nomina</strong></span> <span class='ocrx_word' id='word_1_600' title='bbox 2960 3340 3089 3386; x_wconf 90' lang='lat' dir='ltr'><strong>sunt</strong></span> <span class='ocrx_word' id='word_1_601' title='bbox 3118 3332 3351 3399; x_wconf 84' lang='lat' dir='ltr'><strong>diversa,</strong></span> <span class='ocrx_word' id='word_1_602' title='bbox 3389 3334 3487 3389; x_wconf 88' lang='lat' dir='ltr'><strong>ho-</strong></span> 
     </span>
    </p>
   </div>
   <div class='ocr_carea' id='block_1_80' title="bbox 1926 3420 3486 3480">
    <p class='ocr_par' dir='ltr' id='par_1_80' title="bbox 1926 3420 3486 3480">
     <span class='ocr_line' id='line_1_80' title="bbox 1926 3420 3486 3480; baseline 0.004 -7"><span class='ocrx_word' id='word_1_603' title='bbox 1926 3434 2043 3473; x_wconf 88' lang='lat' dir='ltr'><strong>rum</strong></span> <span class='ocrx_word' id='word_1_604' title='bbox 2082 3420 2241 3474; x_wconf 90' lang='lat' dir='ltr'><strong>etiam</strong></span> <span class='ocrx_word' id='word_1_605' title='bbox 2291 3420 2621 3476; x_wconf 82' lang='lat' dir='ltr'><strong>substantias</strong></span> <span class='ocrx_word' id='word_1_606' title='bbox 2655 3422 2895 3477; x_wconf 84' lang='lat' dir='ltr'><strong>diversas</strong></span> <span class='ocrx_word' id='word_1_607' title='bbox 2947 3437 3068 3477; x_wconf 90' lang='lat' dir='ltr'><strong>esse</strong></span> <span class='ocrx_word' id='word_1_608' title='bbox 3104 3438 3323 3480; x_wconf 89' lang='lat' dir='ltr'><strong>necesse</strong></span> <span class='ocrx_word' id='word_1_609' title='bbox 3365 3426 3486 3480; x_wconf 84' lang='lat' dir='ltr'><strong>sit?</strong></span> 
     </span>
    </p>
   </div>
   <div class='ocr_carea' id='block_1_81' title="bbox 1921 3511 3484 3580">
    <p class='ocr_par' dir='ltr' id='par_1_81' title="bbox 1921 3511 3484 3580">
     <span class='ocr_line' id='line_1_81' title="bbox 1921 3511 3484 3580; baseline -0.003 -10"><span class='ocrx_word' id='word_1_610' title='bbox 1921 3511 2069 3570; x_wconf 81' lang='lat' dir='ltr'><strong>Petri</strong></span> <span class='ocrx_word' id='word_1_611' title='bbox 2106 3513 2246 3567; x_wconf 89' lang='lat' dir='ltr'><strong>enim</strong></span> <span class='ocrx_word' id='word_1_612' title='bbox 2291 3522 2346 3567; x_wconf 93' lang='lat' dir='ltr'><strong>et</strong></span> <span class='ocrx_word' id='word_1_613' title='bbox 2376 3512 2549 3578; x_wconf 82' lang='lat' dir='ltr'><strong>Pauli,</strong></span> <span class='ocrx_word' id='word_1_614' title='bbox 2599 3522 2653 3567; x_wconf 84' lang='lat' dir='ltr'><strong>et</strong></span> <span class='ocrx_word' id='word_1_615' title='bbox 2686 3514 2738 3567; x_wconf 92' lang='lat' dir='ltr'><strong>in</strong></span> <span class='ocrx_word' id='word_1_616' title='bbox 2775 3529 3005 3580; x_wconf 88' lang='lat' dir='ltr'><strong>summa,</strong></span> <span class='ocrx_word' id='word_1_617' title='bbox 3056 3515 3333 3570; x_wconf 90' lang='lat' dir='ltr'><strong>hominum</strong></span> <span class='ocrx_word' id='word_1_618' title='bbox 3366 3531 3484 3571; x_wconf 74' lang='lat' dir='ltr'><strong>om...</strong></span> 
     </span>
    </p>
   </div>
   <div class='ocr_carea' id='block_1_82' title="bbox 1923 3602 3485 3673">
    <p class='ocr_par' dir='ltr' id='par_1_82' title="bbox 1923 3602 3485 3673">
     <span class='ocr_line' id='line_1_82' title="bbox 1923 3602 3485 3673; baseline 0.004 -17"><span class='ocrx_word' id='word_1_619' title='bbox 1923 3602 2071 3657; x_wconf 92' lang='lat' dir='ltr'><strong>nium</strong></span> <span class='ocrx_word' id='word_1_620' title='bbox 2116 3603 2495 3673; x_wconf 85' lang='lat' dir='ltr'><strong>appellationes</strong></span> <span class='ocrx_word' id='word_1_621' title='bbox 2543 3613 2671 3658; x_wconf 91' lang='lat' dir='ltr'><strong>sunt</strong></span> <span class='ocrx_word' id='word_1_622' title='bbox 2720 3604 2937 3673; x_wconf 86' lang='lat' dir='ltr'><strong>quidem</strong></span> <span class='ocrx_word' id='word_1_623' title='bbox 2977 3606 3202 3661; x_wconf 59' lang='lat' dir='ltr'><strong>diversa}</strong></span> <span class='ocrx_word' id='word_1_624' title='bbox 3235 3626 3249 3663; x_wconf 89' lang='lat'><strong>:</strong></span> <span class='ocrx_word' id='word_1_625' title='bbox 3280 3608 3372 3662; x_wconf 88' lang='lat' dir='ltr'><strong>sed</strong></span> <span class='ocrx_word' id='word_1_626' title='bbox 3404 3619 3485 3663; x_wconf 84' lang='lat' dir='ltr'><strong>ta-</strong></span> 
     </span>
    </p>
   </div>
   <div class='ocr_carea' id='block_1_83' title="bbox 1924 3691 3481 3763">
    <p class='ocr_par' dir='ltr' id='par_1_83' title="bbox 1924 3691 3481 3763">
     <span class='ocr_line' id='line_1_83' title="bbox 1924 3691 3481 3763; baseline 0.001 -18"><span class='ocrx_word' id='word_1_627' title='bbox 1924 3707 2044 3746; x_wconf 91' lang='lat' dir='ltr'><strong>men</strong></span> <span class='ocrx_word' id='word_1_628' title='bbox 2099 3693 2340 3751; x_wconf 87' lang='lat' dir='ltr'><strong>omnium</strong></span> <span class='ocrx_word' id='word_1_629' title='bbox 2396 3708 2499 3747; x_wconf 84' lang='lat' dir='ltr'><strong>una</strong></span> <span class='ocrx_word' id='word_1_630' title='bbox 2546 3692 2846 3746; x_wconf 81' lang='lat' dir='ltr'><strong>substantia</strong></span> <span class='ocrx_word' id='word_1_631' title='bbox 2883 3701 2984 3746; x_wconf 91' lang='lat' dir='ltr'><strong>est.</strong></span> <span class='ocrx_word' id='word_1_632' title='bbox 3040 3691 3376 3763; x_wconf 81' lang='lat' dir='ltr'><strong>Quapropter</strong></span> <span class='ocrx_word' id='word_1_633' title='bbox 3430 3694 3481 3750; x_wconf 90' lang='lat' dir='ltr'><strong>in</strong></span> 
     </span>
    </p>
   </div>
   <div class='ocr_carea' id='block_1_84' title="bbox 1922 3782 3482 3853">
    <p class='ocr_par' dir='ltr' id='par_1_84' title="bbox 1922 3782 3482 3853">
     <span class='ocr_line' id='line_1_84' title="bbox 1922 3782 3482 3853; baseline 0.003 -20"><span class='ocrx_word' id='word_1_634' title='bbox 1922 3782 2165 3852; x_wconf 75' lang='lat' dir='ltr'><strong>plurimis</strong></span> <span class='ocrx_word' id='word_1_635' title='bbox 2198 3782 2357 3836; x_wconf 92' lang='lat' dir='ltr'><strong>iidem</strong></span> <span class='ocrx_word' id='word_1_636' title='bbox 2388 3782 2526 3837; x_wconf 90' lang='lat' dir='ltr'><strong>inter</strong></span> <span class='ocrx_word' id='word_1_637' title='bbox 2562 3796 2660 3837; x_wconf 91' lang='lat' dir='ltr'><strong>nos</strong></span> <span class='ocrx_word' id='word_1_638' title='bbox 2697 3797 2906 3846; x_wconf 83' lang='lat' dir='ltr'><strong>smnus,</strong></span> <span class='ocrx_word' id='word_1_639' title='bbox 2942 3791 2995 3836; x_wconf 91' lang='lat' dir='ltr'><strong>et</strong></span> <span class='ocrx_word' id='word_1_640' title='bbox 3021 3782 3151 3837; x_wconf 89' lang='lat' dir='ltr'><strong>solis</strong></span> <span class='ocrx_word' id='word_1_641' title='bbox 3181 3784 3482 3853; x_wconf 87' lang='lat' dir='ltr'><strong>proprieta-</strong></span> 
     </span>
    </p>
   </div>
   <div class='ocr_carea' id='block_1_85' title="bbox 1923 3873 3482 3944">
    <p class='ocr_par' dir='ltr' id='par_1_85' title="bbox 1923 3873 3482 3944">
     <span class='ocr_line' id='line_1_85' title="bbox 1923 3873 3482 3944; baseline 0.002 -17"><span class='ocrx_word' id='word_1_642' title='bbox 1923 3874 2063 3928; x_wconf 91' lang='lat' dir='ltr'><strong>tibus</strong></span> <span class='ocrx_word' id='word_1_643' title='bbox 2098 3889 2216 3944; x_wconf 69' lang='lat' dir='ltr'><strong>qua:</strong></span> <span class='ocrx_word' id='word_1_644' title='bbox 2266 3873 2319 3927; x_wconf 92' lang='lat' dir='ltr'><strong>in</strong></span> <span class='ocrx_word' id='word_1_645' title='bbox 2373 3888 2696 3943; x_wconf 75' lang='lat' dir='ltr'><strong>unoquoque</strong></span> <span class='ocrx_word' id='word_1_646' title='bbox 2746 3874 3176 3939; x_wconf 83' lang='lat' dir='ltr'><strong>considerantur,</strong></span> <span class='ocrx_word' id='word_1_647' title='bbox 3229 3876 3364 3929; x_wconf 89' lang='lat' dir='ltr'><strong>alter</strong></span> <span class='ocrx_word' id='word_1_648' title='bbox 3410 3875 3482 3930; x_wconf 86' lang='lat' dir='ltr'><strong>ab</strong></span> 
     </span>
    </p>
   </div>
   <div class='ocr_carea' id='block_1_86' title="bbox 1915 3963 3481 4035">
    <p class='ocr_par' dir='ltr' id='par_1_86' title="bbox 1915 3963 3481 4035">
     <span class='ocr_line' id='line_1_86' title="bbox 1915 3963 3481 4035; baseline -0.002 -15"><span class='ocrx_word' id='word_1_649' title='bbox 1915 3965 2092 4020; x_wconf 87' lang='lat' dir='ltr'><strong>altero</strong></span> <span class='ocrx_word' id='word_1_650' title='bbox 2142 3963 2463 4022; x_wconf 67' lang='lat' dir='ltr'><strong>differimus.</strong></span> <span class='ocrx_word' id='word_1_651' title='bbox 2498 3963 2650 4020; x_wconf 88' lang='lat' dir='ltr'><strong>Unde</strong></span> <span class='ocrx_word' id='word_1_652' title='bbox 2682 3974 2738 4019; x_wconf 90' lang='lat' dir='ltr'><strong>et</strong></span> <span class='ocrx_word' id='word_1_653' title='bbox 2782 3964 3170 4035; x_wconf 87' lang='lat' dir='ltr'><strong>appellationes</strong></span> <span class='ocrx_word' id='word_1_654' title='bbox 3214 3982 3319 4020; x_wconf 91' lang='lat' dir='ltr'><strong>non</strong></span> <span class='ocrx_word' id='word_1_655' title='bbox 3353 3967 3481 4022; x_wconf 46' lang='lat' dir='ltr'><strong>sub,</strong></span> 
     </span>
    </p>
   </div>
   <div class='ocr_carea' id='block_1_87' title="bbox 1918 4056 3481 4129">
    <p class='ocr_par' dir='ltr' id='par_1_87' title="bbox 1918 4056 3481 4129">
     <span class='ocr_line' id='line_1_87' title="bbox 1918 4056 3481 4129; baseline -0.003 -14"><span class='ocrx_word' id='word_1_656' title='bbox 1918 4059 2164 4120; x_wconf 77' lang='lat' dir='ltr'><strong>stantias.</strong></span> <span class='ocrx_word' id='word_1_657' title='bbox 2199 4056 2292 4111; x_wconf 91' lang='lat' dir='ltr'><strong>sed</strong></span> <span class='ocrx_word' id='word_1_658' title='bbox 2338 4057 2693 4127; x_wconf 88' lang='lat' dir='ltr'><strong>proprietates</strong></span> <span class='ocrx_word' id='word_1_659' title='bbox 2733 4057 2925 4128; x_wconf 86' lang='lat' dir='ltr'><strong>quibus</strong></span> <span class='ocrx_word' id='word_1_660' title='bbox 2971 4057 3198 4127; x_wconf 90' lang='lat' dir='ltr'><strong>quisque</strong></span> <span class='ocrx_word' id='word_1_661' title='bbox 3230 4057 3481 4129; x_wconf 78' lang='lat' dir='ltr'><strong>designa~</strong></span> 
     </span>
    </p>
   </div>
   <div class='ocr_carea' id='block_1_88' title="bbox 1917 4146 3478 4221">
    <p class='ocr_par' dir='ltr' id='par_1_88' title="bbox 1917 4146 3478 4221">
     <span class='ocr_line' id='line_1_88' title="bbox 1917 4146 3478 4221; baseline 0.001 -16"><span class='ocrx_word' id='word_1_662' title='bbox 1917 4160 2027 4217; x_wconf 83' lang='lat' dir='ltr'><strong>tur,</strong></span> <span class='ocrx_word' id='word_1_663' title='bbox 2064 4149 2391 4221; x_wconf 90' lang='lat' dir='ltr'><strong>signiﬁcant.</strong></span> <span class='ocrx_word' id='word_1_664' title='bbox 2431 4150 2620 4220; x_wconf 86' lang='lat' dir='ltr'><strong>Itaque</strong></span> <span class='ocrx_word' id='word_1_665' title='bbox 2662 4164 2787 4205; x_wconf 90' lang='lat' dir='ltr'><strong>cum</strong></span> <span class='ocrx_word' id='word_1_666' title='bbox 2827 4150 3074 4205; x_wconf 87' lang='lat' dir='ltr'><strong>audimus</strong></span> <span class='ocrx_word' id='word_1_667' title='bbox 3101 4146 3339 4211; x_wconf 81' lang='lat' dir='ltr'><strong>Petrum.</strong></span> <span class='ocrx_word' id='word_1_668' title='bbox 3368 4164 3478 4206; x_wconf 77' lang='lat' dir='ltr'><strong>non</strong></span> 
     </span>
    </p>
   </div>
   <div class='ocr_carea' id='block_1_89' title="bbox 1918 4242 3481 4313">
    <p class='ocr_par' dir='ltr' id='par_1_89' title="bbox 1918 4242 3481 4313">
     <span class='ocr_line' id='line_1_89' title="bbox 1918 4242 3481 4313; baseline -0.002 -16"><span class='ocrx_word' id='word_1_669' title='bbox 1918 4244 2036 4313; x_wconf 86' lang='lat' dir='ltr'><strong>ejus</strong></span> <span class='ocrx_word' id='word_1_670' title='bbox 2063 4242 2417 4297; x_wconf 88' lang='lat' dir='ltr'><strong>substantiam</strong></span> <span class='ocrx_word' id='word_1_671' title='bbox 2447 4242 2553 4297; x_wconf 88' lang='lat' dir='ltr'><strong>hoc</strong></span> <span class='ocrx_word' id='word_1_672' title='bbox 2580 4243 2795 4297; x_wconf 87' lang='lat' dir='ltr'><strong>nomine</strong></span> <span class='ocrx_word' id='word_1_673' title='bbox 2829 4242 3175 4311; x_wconf 84' lang='lat' dir='ltr'><strong>intelligimus</strong></span> <span class='ocrx_word' id='word_1_674' title='bbox 3209 4243 3481 4313; x_wconf 56' lang='lat' dir='ltr'><strong>(substante</strong></span> 
     </span>
    </p>
   </div>
   <div class='ocr_carea' id='block_1_90' title="bbox 1919 4334 3480 4404">
    <p class='ocr_par' dir='ltr' id='par_1_90' title="bbox 1919 4334 3480 4404">
     <span class='ocr_line' id='line_1_90' title="bbox 1919 4334 3480 4404; baseline -0.001 -13"><span class='ocrx_word' id='word_1_675' title='bbox 1919 4336 2050 4391; x_wconf 90' lang='lat' dir='ltr'><strong>tiam</strong></span> <span class='ocrx_word' id='word_1_676' title='bbox 2087 4345 2266 4391; x_wconf 90' lang='lat' dir='ltr'><strong>autem</strong></span> <span class='ocrx_word' id='word_1_677' title='bbox 2300 4350 2442 4391; x_wconf 88' lang='lat' dir='ltr'><strong>nunc</strong></span> <span class='ocrx_word' id='word_1_678' title='bbox 2479 4337 2600 4389; x_wconf 88' lang='lat' dir='ltr'><strong>dico</strong></span> <span class='ocrx_word' id='word_1_679' title='bbox 2648 4334 2926 4390; x_wconf 91' lang='lat' dir='ltr'><strong>materiale</strong></span> <span class='ocrx_word' id='word_1_680' title='bbox 2965 4334 3284 4402; x_wconf 86' lang='lat' dir='ltr'><strong>subjectum,</strong></span> <span class='ocrx_word' id='word_1_681' title='bbox 3336 4338 3480 4404; x_wconf 87' lang='lat' dir='ltr'><strong>quod</strong></span> 
     </span>
    </p>
   </div>
   <div class='ocr_carea' id='block_1_91' title="bbox 1918 4427 3481 4499">
    <p class='ocr_par' dir='ltr' id='par_1_91' title="bbox 1918 4427 3481 4499">
     <span class='ocr_line' id='line_1_91' title="bbox 1918 4427 3481 4499; baseline -0.002 -16"><span class='ocrx_word' id='word_1_682' title='bbox 1918 4444 2256 4499; x_wconf 87' lang='lat' dir='ltr'><strong>nequaquam</strong></span> <span class='ocrx_word' id='word_1_683' title='bbox 2295 4442 2361 4483; x_wconf 92' lang='lat' dir='ltr'><strong>eo</strong></span> <span class='ocrx_word' id='word_1_684' title='bbox 2393 4427 2609 4482; x_wconf 89' lang='lat' dir='ltr'><strong>nomine</strong></span> <span class='ocrx_word' id='word_1_685' title='bbox 2638 4427 3016 4498; x_wconf 87' lang='lat' dir='ltr'><strong>signiﬁcatur),</strong></span> <span class='ocrx_word' id='word_1_686' title='bbox 3051 4427 3143 4482; x_wconf 91' lang='lat' dir='ltr'><strong>sed</strong></span> <span class='ocrx_word' id='word_1_687' title='bbox 3179 4427 3481 4496; x_wconf 77' lang='lat' dir='ltr'><strong>proprieta-</strong></span> 
     </span>
    </p>
   </div>
   <div class='ocr_carea' id='block_1_92' title="bbox 249 4516 1819 4602">
    <p class='ocr_par' dir='ltr' id='par_1_92' title="bbox 249 4520 1814 4602">
     <span class='ocr_line' id='line_1_92' title="bbox 249 4520 1814 4602; baseline -0.006 -19"><span class='ocrx_word' id='word_1_688' title='bbox 249 4529 413 4602; x_wconf 88' lang='grc' dir='ltr'>μεθα.</span> <span class='ocrx_word' id='word_1_689' title='bbox 446 4526 616 4587; x_wconf 76' lang='grc' dir='ltr'>Εὐθὺς</span> <span class='ocrx_word' id='word_1_690' title='bbox 645 4523 750 4594; x_wconf 73' lang='grc' dir='ltr'>γὰρ</span> <span class='ocrx_word' id='word_1_691' title='bbox 782 4524 843 4574; x_wconf 80' lang='grc' dir='ltr'>ὲκ</span> <span class='ocrx_word' id='word_1_692' title='bbox 871 4522 972 4591; x_wconf 74' lang='grc' dir='ltr'>τῆς</span> <span class='ocrx_word' id='word_1_693' title='bbox 1018 4522 1195 4591; x_wconf 79' lang='grc' dir='ltr'>φωνῆς</span> <span class='ocrx_word' id='word_1_694' title='bbox 1221 4520 1421 4592; x_wconf 78' lang='grc' dir='ltr'>ταύτης</span> <span class='ocrx_word' id='word_1_695' title='bbox 1466 4521 1691 4592; x_wconf 80' lang='grc' dir='ltr'>νοοῦμεν</span> <span class='ocrx_word' id='word_1_696' title='bbox 1725 4523 1814 4574; x_wconf 83' lang='grc' dir='ltr'><strong>τὸν</strong></span> 
     </span>
    </p>
   </div>
   <div class='ocr_carea' id='block_1_93' title="bbox 1923 4516 3479 4602">
    <p class='ocr_par' dir='ltr' id='par_1_93' title="bbox 1923 4521 3479 4591">
     <span class='ocr_line' id='line_1_93' title="bbox 1923 4521 3479 4591; baseline -0.002 -15"><span class='ocrx_word' id='word_1_697' title='bbox 1923 4530 1999 4576; x_wconf 87' lang='lat' dir='ltr'><strong>tes</strong></span> <span class='ocrx_word' id='word_1_698' title='bbox 2048 4537 2167 4591; x_wconf 64' lang='lat' dir='ltr'><strong>quae</strong></span> <span class='ocrx_word' id='word_1_699' title='bbox 2216 4521 2362 4576; x_wconf 87' lang='lat' dir='ltr'><strong>circa</strong></span> <span class='ocrx_word' id='word_1_700' title='bbox 2404 4535 2525 4574; x_wconf 92' lang='lat' dir='ltr'><strong>eum</strong></span> <span class='ocrx_word' id='word_1_701' title='bbox 2569 4521 2999 4583; x_wconf 84' lang='lat' dir='ltr'><strong>considerantur,</strong></span> <span class='ocrx_word' id='word_1_702' title='bbox 3032 4521 3357 4591; x_wconf 77' lang='lat' dir='ltr'><strong>cogitatione</strong></span> <span class='ocrx_word' id='word_1_703' title='bbox 3385 4522 3479 4575; x_wconf 86' lang='lat' dir='ltr'><strong>de-</strong></span> 
     </span>
    </p>
   </div>
   <div class='ocr_carea' id='block_1_94' title="bbox 243 4611 1813 4685">
    <p class='ocr_par' dir='ltr' id='par_1_94' title="bbox 243 4611 1813 4685">
     <span class='ocr_line' id='line_1_94' title="bbox 243 4611 1813 4685; baseline -0.007 -10"><span class='ocrx_word' id='word_1_704' title='bbox 243 4620 342 4675; x_wconf 80' lang='grc' dir='ltr'>τοῦ</span> <span class='ocrx_word' id='word_1_705' title='bbox 384 4618 537 4671; x_wconf 76' lang='grc' dir='ltr'>Ἰωνᾶ</span> <span class='ocrx_word' id='word_1_706' title='bbox 572 4615 704 4685; x_wconf 81' lang='grc'>(18),</span> <span class='ocrx_word' id='word_1_707' title='bbox 756 4613 847 4671; x_wconf 78' lang='grc' dir='ltr'><strong>τὸν</strong></span> <span class='ocrx_word' id='word_1_708' title='bbox 896 4613 961 4669; x_wconf 78' lang='grc' dir='ltr'><strong>ἐκ</strong></span> <span class='ocrx_word' id='word_1_709' title='bbox 1001 4612 1100 4681; x_wconf 81' lang='grc' dir='ltr'>τῆς</span> <span class='ocrx_word' id='word_1_710' title='bbox 1126 4611 1419 4683; x_wconf 82' lang='grc' dir='ltr'>Βηθσαῖδᾶ,</span> <span class='ocrx_word' id='word_1_711' title='bbox 1468 4611 1557 4663; x_wconf 82' lang='grc' dir='ltr'>τὸν</span> <span class='ocrx_word' id='word_1_712' title='bbox 1590 4611 1813 4680; x_wconf 70' lang='grc' dir='ltr'>ἀδελφὸν</span> 
     </span>
    </p>
   </div>
   <div class='ocr_carea' id='block_1_95' title="bbox 317 4778 690 4844">
    <p class='ocr_par' dir='ltr' id='par_1_95' title="bbox 317 4778 690 4844">
     <span class='ocr_line' id='line_1_95' title="bbox 317 4778 690 4844; baseline -0.021 -5"><span class='ocrx_word' id='word_1_713' title='bbox 317 4784 365 4816; x_wconf 73' lang='grc'><strong>’³</strong></span> <span class='ocrx_word' id='word_1_714' title='bbox 388 4780 604 4844; x_wconf 84' lang='lat' dir='ltr'><strong>Joan.t,</strong></span> <span class='ocrx_word' id='word_1_715' title='bbox 633 4778 690 4835; x_wconf 73' lang='grc'><strong>2.</strong></span> 
     </span>
    </p>
   </div>
   <div class='ocr_carea' id='block_1_96' title="bbox 318 4914 1803 4994">
    <p class='ocr_par' dir='ltr' id='par_1_96' title="bbox 318 4914 1803 4994">
     <span class='ocr_line' id='line_1_96' title="bbox 318 4914 1803 4994; baseline -0.003 -20"><span class='ocrx_word' id='word_1_716' title='bbox 318 4920 432 4994; x_wconf 74' lang='grc'>(19.)</span> <span class='ocrx_word' id='word_1_717' title='bbox 464 4919 555 4994; x_wconf 85' lang='lat' dir='ltr'><strong>Sic</strong></span> <span class='ocrx_word' id='word_1_718' title='bbox 595 4917 797 4994; x_wconf 76' lang='lat' dir='ltr'><strong>antiqui</strong></span> <span class='ocrx_word' id='word_1_719' title='bbox 845 4926 954 4994; x_wconf 76' lang='lat' dir='ltr'><strong>tres</strong></span> <span class='ocrx_word' id='word_1_720' title='bbox 982 4915 1125 4994; x_wconf 69' lang='lat' dir='ltr'><strong>libri.</strong></span> <span class='ocrx_word' id='word_1_721' title='bbox 1152 4914 1264 4969; x_wconf 76' lang='lat' dir='ltr'><strong>Vox</strong></span> <span class='ocrx_word' id='word_1_722' title='bbox 1290 4916 1449 4994; x_wconf 81' lang='grc' dir='ltr'>αὐτόν</span> <span class='ocrx_word' id='word_1_723' title='bbox 1487 4918 1538 4971; x_wconf 89' lang='lat' dir='ltr'><strong>in</strong></span> <span class='ocrx_word' id='word_1_724' title='bbox 1576 4916 1803 4994; x_wconf 65' lang='lat' dir='ltr'><strong>vulgatis</strong></span> 
     </span>
    </p>
   </div>
   <div class='ocr_carea' id='block_1_97' title="bbox 244 4986 1804 5058">
    <p class='ocr_par' dir='ltr' id='par_1_97' title="bbox 244 4986 1804 5058">
     <span class='ocr_line' id='line_1_97' title="bbox 244 4986 1804 5058; baseline -0.009 -10"><span class='ocrx_word' id='word_1_725' title='bbox 244 4986 678 5047; x_wconf 77' lang='lat' dir='ltr'><strong>desiderabatur.</strong></span> <span class='ocrx_word' id='word_1_726' title='bbox 730 4987 862 5041; x_wconf 83' lang='lat' dir='ltr'><strong>Illud</strong></span> <span class='ocrx_word' id='word_1_727' title='bbox 893 4986 1031 5058; x_wconf 75' lang='lat' dir='ltr'><strong>quod</strong></span> <span class='ocrx_word' id='word_1_728' title='bbox 1064 5000 1188 5058; x_wconf 65' lang='lat' dir='ltr'><strong>mox</strong></span> <span class='ocrx_word' id='word_1_729' title='bbox 1234 4986 1804 5058; x_wconf 42' lang='lat' dir='ltr'><strong>sequiturqrpoﬁﬁxco;</strong></span> 
     </span>
    </p>
   </div>
   <div class='ocr_carea' id='block_1_98' title="bbox 241 5055 1799 5131">
    <p class='ocr_par' dir='ltr' id='par_1_98' title="bbox 241 5055 1799 5131">
     <span class='ocr_line' id='line_1_98' title="bbox 241 5055 1799 5131; baseline -0.003 -17"><span class='ocrx_word' id='word_1_730' title='bbox 241 5059 678 5131; x_wconf 78' lang='grc' dir='ltr'>ἐπερειδόμενος,</span> <span class='ocrx_word' id='word_1_731' title='bbox 709 5058 797 5131; x_wconf 90' lang='lat' dir='ltr'><strong>_sic</strong></span> <span class='ocrx_word' id='word_1_732' title='bbox 832 5058 895 5131; x_wconf 83' lang='lat' dir='ltr'><strong>ad</strong></span> <span class='ocrx_word' id='word_1_733' title='bbox 924 5055 1141 5131; x_wconf 83' lang='lat' dir='ltr'><strong>verbum</strong></span> <span class='ocrx_word' id='word_1_734' title='bbox 1180 5056 1521 5131; x_wconf 67' lang='lat' dir='ltr'><strong>interpretari</strong></span> <span class='ocrx_word' id='word_1_735' title='bbox 1572 5055 1799 5131; x_wconf 84' lang='lat' dir='ltr'><strong>poteris.</strong></span> 
     </span>
    </p>
   </div>
   <div class='ocr_carea' id='block_1_99' title="bbox 243 5125 1804 5195">
    <p class='ocr_par' dir='ltr' id='par_1_99' title="bbox 243 5125 1804 5195">
     <span class='ocr_line' id='line_1_99' title="bbox 243 5125 1804 5195; baseline -0.003 -13"><span class='ocrx_word' id='word_1_736' title='bbox 243 5125 451 5183; x_wconf 77' lang='lat' dir='ltr'><strong>lanium</strong></span> <span class='ocrx_word' id='word_1_737' title='bbox 498 5125 598 5182; x_wconf 75' lang='lat' dir='ltr'><strong>non</strong></span> <span class='ocrx_word' id='word_1_738' title='bbox 632 5129 804 5195; x_wconf 79' lang='lat' dir='ltr'><strong>palam</strong></span> <span class='ocrx_word' id='word_1_739' title='bbox 866 5128 1186 5179; x_wconf 75' lang='lat' dir='ltr'><strong>incumbens.</strong></span> <span class='ocrx_word' id='word_1_740' title='bbox 1226 5125 1337 5179; x_wconf 89' lang='lat' dir='ltr'><strong>Hoc</strong></span> <span class='ocrx_word' id='word_1_741' title='bbox 1388 5136 1489 5187; x_wconf 83' lang='lat' dir='ltr'><strong>cst.</strong></span> <span class='ocrx_word' id='word_1_742' title='bbox 1536 5128 1804 5195; x_wconf 86' lang='lat' dir='ltr'><strong>apostolus</strong></span> 
     </span>
    </p>
   </div>
   <div class='ocr_carea' id='block_1_100' title="bbox 241 5196 1805 5265">
    <p class='ocr_par' dir='ltr' id='par_1_100' title="bbox 241 5196 1805 5265">
     <span class='ocr_line' id='line_1_100' title="bbox 241 5196 1805 5265; baseline -0.006 -9"><span class='ocrx_word' id='word_1_743' title='bbox 241 5200 439 5256; x_wconf 84' lang='lat' dir='ltr'><strong>Petrus</strong></span> <span class='ocrx_word' id='word_1_744' title='bbox 467 5216 559 5265; x_wconf 87' lang='lat' dir='ltr'><strong>per</strong></span> <span class='ocrx_word' id='word_1_745' title='bbox 593 5211 774 5250; x_wconf 83' lang='lat' dir='ltr'><strong>vocem</strong></span> <span class='ocrx_word' id='word_1_746' title='bbox 803 5197 937 5248; x_wconf 79' lang='lat' dir='ltr'><strong>hunc</strong></span> <span class='ocrx_word' id='word_1_747' title='bbox 974 5204 1179 5249; x_wconf 86' lang='lat' dir='ltr'><strong>tantum</strong></span> <span class='ocrx_word' id='word_1_748' title='bbox 1213 5210 1317 5249; x_wconf 88' lang='lat' dir='ltr'><strong>non</strong></span> <span class='ocrx_word' id='word_1_749' title='bbox 1365 5196 1805 5250; x_wconf 83' lang='lat' dir='ltr'><strong>commonstravit</strong></span> 
     </span>
    </p>
   </div>
   <div class='ocr_carea' id='block_1_101' title="bbox 241 5265 1802 5334">
    <p class='ocr_par' dir='ltr' id='par_1_101' title="bbox 241 5265 1802 5334">
     <span class='ocr_line' id='line_1_101' title="bbox 241 5265 1802 5334; baseline -0.004 -10"><span class='ocrx_word' id='word_1_750' title='bbox 241 5271 633 5324; x_wconf 85' lang='lat' dir='ltr'><strong>humanitatem</strong></span> <span class='ocrx_word' id='word_1_751' title='bbox 659 5267 855 5320; x_wconf 87' lang='lat' dir='ltr'><strong>Christi</strong></span> <span class='ocrx_word' id='word_1_752' title='bbox 887 5265 1096 5319; x_wconf 75' lang='lat' dir='ltr'><strong>Domini</strong></span> <span class='ocrx_word' id='word_1_753' title='bbox 1141 5284 1153 5319; x_wconf 93' lang='lat'>:</span> <span class='ocrx_word' id='word_1_754' title='bbox 1196 5274 1306 5327; x_wconf 86' lang='lat' dir='ltr'><strong>aut,</strong></span> <span class='ocrx_word' id='word_1_755' title='bbox 1348 5266 1389 5320; x_wconf 92' lang='lat' dir='ltr'><strong>si</strong></span> <span class='ocrx_word' id='word_1_756' title='bbox 1446 5267 1633 5327; x_wconf 78' lang='lat' dir='ltr'><strong>mavis,</strong></span> <span class='ocrx_word' id='word_1_757' title='bbox 1670 5281 1802 5334; x_wconf 86' lang='lat' dir='ltr'><strong>apo-</strong></span> 
     </span>
    </p>
   </div>
   <div class='ocr_carea' id='block_1_102' title="bbox 238 5335 1803 5403">
    <p class='ocr_par' dir='ltr' id='par_1_102' title="bbox 238 5335 1803 5403">
     <span class='ocr_line' id='line_1_102' title="bbox 238 5335 1803 5403; baseline -0.006 -10"><span class='ocrx_word' id='word_1_758' title='bbox 238 5340 419 5393; x_wconf 82' lang='lat' dir='ltr'><strong>stolus</strong></span> <span class='ocrx_word' id='word_1_759' title='bbox 447 5338 639 5391; x_wconf 84' lang='lat' dir='ltr'><strong>Petrus</strong></span> <span class='ocrx_word' id='word_1_760' title='bbox 672 5350 766 5403; x_wconf 87' lang='lat' dir='ltr'><strong>per</strong></span> <span class='ocrx_word' id='word_1_761' title='bbox 795 5351 977 5387; x_wconf 76' lang='lat' dir='ltr'><strong>vorem</strong></span> <span class='ocrx_word' id='word_1_762' title='bbox 1004 5335 1140 5388; x_wconf 77' lang='lat' dir='ltr'><strong>[tunc</strong></span> <span class='ocrx_word' id='word_1_763' title='bbox 1176 5348 1278 5386; x_wconf 84' lang='lat' dir='ltr'><strong>tam</strong></span> <span class='ocrx_word' id='word_1_764' title='bbox 1309 5336 1589 5403; x_wconf 62' lang='lat' dir='ltr'><strong>perspicue</strong></span> <span class='ocrx_word' id='word_1_765' title='bbox 1622 5338 1803 5389; x_wconf 83' lang='lat' dir='ltr'><strong>huma-</strong></span> 
     </span>
    </p>
   </div>
   <div class='ocr_carea' id='block_1_103' title="bbox 240 5405 1795 5471">
    <p class='ocr_par' dir='ltr' id='par_1_103' title="bbox 240 5405 1795 5471">
     <span class='ocr_line' id='line_1_103' title="bbox 240 5405 1795 5471; baseline -0.004 -9"><span class='ocrx_word' id='word_1_766' title='bbox 240 5410 467 5463; x_wconf 81' lang='lat' dir='ltr'><strong>nitatem</strong></span> <span class='ocrx_word' id='word_1_767' title='bbox 501 5408 702 5462; x_wconf 76' lang='lat' dir='ltr'><strong>Christi</strong></span> <span class='ocrx_word' id='word_1_768' title='bbox 743 5405 953 5458; x_wconf 82' lang='lat' dir='ltr'><strong>Domini</strong></span> <span class='ocrx_word' id='word_1_769' title='bbox 1007 5407 1285 5471; x_wconf 81' lang='lat' dir='ltr'><strong>indicuvit,</strong></span> <span class='ocrx_word' id='word_1_770' title='bbox 1357 5414 1413 5458; x_wconf 91' lang='lat' dir='ltr'><strong>ut</strong></span> <span class='ocrx_word' id='word_1_771' title='bbox 1440 5422 1556 5458; x_wconf 82' lang='lat' dir='ltr'><strong>eam</strong></span> <span class='ocrx_word' id='word_1_772' title='bbox 1592 5416 1795 5458; x_wconf 89' lang='lat' dir='ltr'><strong>tantum</strong></span> 
     </span>
    </p>
   </div>
   <div class='ocr_carea' id='block_1_104' title="bbox 233 5474 1807 5602">
    <p class='ocr_par' dir='ltr' id='par_1_104' title="bbox 233 5474 1807 5602">
     <span class='ocr_line' id='line_1_104' title="bbox 233 5474 1807 5602; baseline -0.001 -71"><span class='ocrx_word' id='word_1_773' title='bbox 233 5495 348 5602; x_wconf 61' lang='lat'><strong>£601:</strong></span> <span class='ocrx_word' id='word_1_774' title='bbox 377 5480 549 5533; x_wconf 89' lang='lat' dir='ltr'><strong>oculis</strong></span> <span class='ocrx_word' id='word_1_775' title='bbox 581 5476 847 5545; x_wconf 79' lang='lat' dir='ltr'><strong>subjiciat.</strong></span> <span class='ocrx_word' id='word_1_776' title='bbox 883 5474 1013 5546; x_wconf 81' lang='lat' dir='ltr'><strong>Beg.</strong></span> <span class='ocrx_word' id='word_1_777' title='bbox 1058 5478 1247 5531; x_wconf 89' lang='lat' dir='ltr'><strong>tertius</strong></span> <span class='ocrx_word' id='word_1_778' title='bbox 1279 5475 1559 5547; x_wconf 80' lang='grc' dir='ltr'>προδήλως</span> <span class='ocrx_word' id='word_1_779' title='bbox 1584 5477 1807 5545; x_wconf 86' lang='grc' dir='ltr'>ἀπερει-</span> 
     </span>
     <span class='ocr_line' id='line_1_105' title="bbox 302 5565 481 5602; baseline -0.011 0"><span class='ocrx_word' id='word_1_780' title='bbox 302 5565 481 5602; x_wconf 69' lang='grc' dir='ltr'>μενος.</span> 
     </span>
    </p>
   </div>
   <div class='ocr_carea' id='block_1_105' title="bbox 303 5565 481 5611">
    <p class='ocr_par' dir='ltr' id='par_1_105' title="bbox 303 5565 481 5611">
     <span class='ocr_line' id='line_1_106' title="bbox 303 5565 481 5611; baseline 0 -11"><span class='ocrx_word' id='word_1_781' title='bbox 303 5565 481 5611; x_wconf 81' lang='grc' dir='ltr'>μενος.</span> 
     </span>
    </p>
   </div>
   <div class='ocr_carea' id='block_1_106' title="bbox 300 5598 1801 5689">
    <p class='ocr_par' dir='ltr' id='par_1_106' title="bbox 300 5598 1801 5689">
     <span class='ocr_line' id='line_1_107' title="bbox 300 5598 1801 5689; baseline -0.003 -18"><span class='ocrx_word' id='word_1_782' title='bbox 300 5598 595 5689; x_wconf 49' lang='grc' dir='ltr'>δίὶεε.</span> <span class='ocrx_word' id='word_1_783' title='bbox 624 5616 815 5672; x_wconf 81' lang='lat' dir='ltr'><strong>tertius</strong></span> <span class='ocrx_word' id='word_1_784' title='bbox 841 5615 1079 5688; x_wconf 77' lang='grc' dir='ltr'>ἀρχῆθεν</span> <span class='ocrx_word' id='word_1_785' title='bbox 1108 5616 1341 5684; x_wconf 82' lang='grc' dir='ltr'>γένεσιν.</span> <span class='ocrx_word' id='word_1_786' title='bbox 1382 5615 1489 5670; x_wconf 82' lang='lat' dir='ltr'><strong>Alii</strong></span> <span class='ocrx_word' id='word_1_787' title='bbox 1519 5630 1647 5670; x_wconf 88' lang='lat' dir='ltr'><strong>mss.</strong></span> <span class='ocrx_word' id='word_1_788' title='bbox 1682 5628 1801 5669; x_wconf 89' lang='lat' dir='ltr'><strong>cum</strong></span> 
     </span>
    </p>
   </div>
   <div class='ocr_carea' id='block_1_107' title="bbox 234 5688 697 5758">
    <p class='ocr_par' dir='ltr' id='par_1_107' title="bbox 234 5688 697 5758">
     <span class='ocr_line' id='line_1_108' title="bbox 234 5688 697 5758; baseline -0.011 -14"><span class='ocrx_word' id='word_1_789' title='bbox 234 5688 403 5744; x_wconf 81' lang='lat' dir='ltr'><strong>editis</strong></span> <span class='ocrx_word' id='word_1_790' title='bbox 424 5688 697 5758; x_wconf 80' lang='grc' dir='ltr'>γέννησιν.</span> 
     </span>
    </p>
   </div>
   <div class='ocr_carea' id='block_1_108' title="bbox 310 5757 1797 5831">
    <p class='ocr_par' dir='ltr' id='par_1_108' title="bbox 310 5757 1797 5831">
     <span class='ocr_line' id='line_1_109' title="bbox 310 5757 1797 5831; baseline 0 -20"><span class='ocrx_word' id='word_1_791' title='bbox 310 5758 423 5829; x_wconf 64' lang='lat' dir='ltr'><strong>(li)</strong></span> <span class='ocrx_word' id='word_1_792' title='bbox 453 5757 604 5820; x_wconf 81' lang='lat' dir='ltr'><strong>Illud,</strong></span> <span class='ocrx_word' id='word_1_793' title='bbox 635 5759 695 5811; x_wconf 86' lang='grc' dir='ltr'><strong>οὐ</strong></span> <span class='ocrx_word' id='word_1_794' title='bbox 719 5760 839 5831; x_wconf 86' lang='grc' dir='ltr'>τήν,</span> <span class='ocrx_word' id='word_1_795' title='bbox 865 5768 993 5823; x_wconf 89' lang='lat' dir='ltr'><strong>ctc.,</strong></span> <span class='ocrx_word' id='word_1_796' title='bbox 1029 5759 1097 5813; x_wconf 88' lang='lat' dir='ltr'><strong>ita</strong></span> <span class='ocrx_word' id='word_1_797' title='bbox 1127 5768 1361 5813; x_wconf 84' lang='lat' dir='ltr'><strong>verterat</strong></span> <span class='ocrx_word' id='word_1_798' title='bbox 1387 5757 1797 5828; x_wconf 85' lang='lat' dir='ltr'><strong>Trapezuutius,</strong></span> 
     </span>
    </p>
   </div>
   <div class='ocr_carea' id='block_1_109' title="bbox 234 5830 1797 5899">
    <p class='ocr_par' dir='ltr' id='par_1_109' title="bbox 234 5830 1797 5899">
     <span class='ocr_line' id='line_1_110' title="bbox 234 5830 1797 5899; baseline 0.003 -18"><span class='ocrx_word' id='word_1_799' title='bbox 234 5844 342 5883; x_wconf 81' lang='lat' dir='ltr'><strong>non</strong></span> <span class='ocrx_word' id='word_1_800' title='bbox 365 5830 620 5899; x_wconf 80' lang='lat' dir='ltr'><strong>quomodo</strong></span> <span class='ocrx_word' id='word_1_801' title='bbox 643 5846 751 5883; x_wconf 82' lang='lat' dir='ltr'><strong>esse</strong></span> <span class='ocrx_word' id='word_1_802' title='bbox 789 5832 1015 5896; x_wconf 62' lang='grc' dir='ltr'>τωρωι,</span> <span class='ocrx_word' id='word_1_803' title='bbox 1050 5839 1251 5884; x_wconf 83' lang='lat' dir='ltr'><strong>narrat.</strong></span> <span class='ocrx_word' id='word_1_804' title='bbox 1292 5831 1797 5899; x_wconf 82' lang='lat' dir='ltr'><strong>lnterpretationem</strong></span> 
     </span>
    </p>
   </div>
   <div class='ocr_carea' id='block_1_110' title="bbox 519 5921 1201 5984">
    <p class='ocr_par' dir='ltr' id='par_1_110' title="bbox 519 5921 1201 5984">
     <span class='ocr_line' id='line_1_111' title="bbox 519 5921 1201 5984; baseline -0.001 -3"><span class='ocrx_word' id='word_1_805' title='bbox 519 5925 785 5984; x_wconf 69' lang='grc' dir='ltr'>Ριιτιιοι..</span> <span class='ocrx_word' id='word_1_806' title='bbox 819 5924 935 5982; x_wconf 83' lang='lat' dir='ltr'><strong>Gn.</strong></span> <span class='ocrx_word' id='word_1_807' title='bbox 964 5921 1201 5981; x_wconf 75' lang='grc' dir='ltr'><strong>ΧΧῙΧ.</strong></span> 
     </span>
    </p>
   </div>
   <div class='ocr_carea' id='block_1_111' title="bbox 769 4776 1826 4847">
    <p class='ocr_par' dir='ltr' id='par_1_111' title="bbox 769 4776 1826 4847">
     <span class='ocr_line' id='line_1_112' title="bbox 769 4776 1826 4847; baseline 0 -16"><span class='ocrx_word' id='word_1_808' title='bbox 769 4776 812 4809; x_wconf 70' lang='grc'><strong>’⁵</strong></span> <span class='ocrx_word' id='word_1_809' title='bbox 846 4776 1039 4847; x_wconf 79' lang='lat' dir='ltr'><strong>Philip.</strong></span> <span class='ocrx_word' id='word_1_810' title='bbox 1075 4793 1131 4842; x_wconf 88' lang='grc' dir='ltr'><strong>ιι,</strong></span> <span class='ocrx_word' id='word_1_811' title='bbox 1173 4777 1226 4831; x_wconf 81' lang='lat'><strong>7.</strong></span> <span class='ocrx_word' id='word_1_812' title='bbox 1303 4778 1349 4809; x_wconf 75' lang='lat'>&quot;</span> <span class='ocrx_word' id='word_1_813' title='bbox 1384 4776 1581 4846; x_wconf 88' lang='lat' dir='ltr'><strong>Philip.</strong></span> <span class='ocrx_word' id='word_1_814' title='bbox 1614 4793 1696 4843; x_wconf 87' lang='grc' dir='ltr'>ιιι,</span> <span class='ocrx_word' id='word_1_815' title='bbox 1733 4777 1826 4832; x_wconf 76' lang='grc'><strong>21.</strong></span> 
     </span>
    </p>
   </div>
   <div class='ocr_carea' id='block_1_112' title="bbox 1912 4612 3478 4685">
    <p class='ocr_par' dir='ltr' id='par_1_112' title="bbox 1912 4612 3478 4685">
     <span class='ocr_line' id='line_1_113' title="bbox 1912 4612 3478 4685; baseline 0.001 -20"><span class='ocrx_word' id='word_1_816' title='bbox 1912 4612 2211 4685; x_wconf 73' lang='lat' dir='ltr'><strong>pingimus.</strong></span> <span class='ocrx_word' id='word_1_817' title='bbox 2260 4612 2407 4667; x_wconf 88' lang='lat' dir='ltr'><strong>Illico</strong></span> <span class='ocrx_word' id='word_1_818' title='bbox 2430 4613 2575 4666; x_wconf 87' lang='lat' dir='ltr'><strong>enim</strong></span> <span class='ocrx_word' id='word_1_819' title='bbox 2620 4627 2717 4682; x_wconf 86' lang='lat' dir='ltr'><strong>per</strong></span> <span class='ocrx_word' id='word_1_820' title='bbox 2747 4613 2885 4667; x_wconf 85' lang='lat' dir='ltr'><strong>hanc</strong></span> <span class='ocrx_word' id='word_1_821' title='bbox 2910 4627 3096 4667; x_wconf 84' lang='lat' dir='ltr'><strong>vocem</strong></span> <span class='ocrx_word' id='word_1_822' title='bbox 3130 4612 3478 4682; x_wconf 79' lang='lat' dir='ltr'><strong>intelligimus</strong></span> 
     </span>
    </p>
   </div>
   <div class='ocr_carea' id='block_1_113' title="bbox 1903 4776 2887 4843">
    <p class='ocr_par' dir='ltr' id='par_1_113' title="bbox 1903 4776 2887 4843">
     <span class='ocr_line' id='line_1_114' title="bbox 1903 4776 2887 4843; baseline -0.004 -10"><span class='ocrx_word' id='word_1_823' title='bbox 1903 4778 1949 4809; x_wconf 77' lang='lat'>&quot;</span> <span class='ocrx_word' id='word_1_824' title='bbox 1980 4777 2021 4833; x_wconf 87' lang='lat' dir='ltr'><strong>ll</strong></span> <span class='ocrx_word' id='word_1_825' title='bbox 2051 4778 2174 4833; x_wconf 88' lang='lat' dir='ltr'><strong>Cor.</strong></span> <span class='ocrx_word' id='word_1_826' title='bbox 2210 4792 2329 4843; x_wconf 77' lang='lat' dir='ltr'><strong>xm,</strong></span> <span class='ocrx_word' id='word_1_827' title='bbox 2356 4777 2409 4832; x_wconf 77' lang='grc' dir='ltr'>ι.</span> <span class='ocrx_word' id='word_1_828' title='bbox 2482 4777 2526 4809; x_wconf 82' lang='grc'><strong>³⁸⁷</strong></span> <span class='ocrx_word' id='word_1_829' title='bbox 2554 4776 2674 4833; x_wconf 78' lang='lat' dir='ltr'><strong>Act.</strong></span> <span class='ocrx_word' id='word_1_830' title='bbox 2706 4793 2768 4841; x_wconf 88' lang='grc' dir='ltr'><strong>ιι,</strong></span> <span class='ocrx_word' id='word_1_831' title='bbox 2800 4777 2887 4831; x_wconf 79' lang='grc'><strong>56.</strong></span> 
     </span>
    </p>
   </div>
   <div class='ocr_carea' id='block_1_114' title="bbox 1908 4913 3470 4984">
    <p class='ocr_par' dir='ltr' id='par_1_114' title="bbox 1908 4913 3470 4984">
     <span class='ocr_line' id='line_1_115' title="bbox 1908 4913 3470 4984; baseline 0.001 -16"><span class='ocrx_word' id='word_1_832' title='bbox 1908 4913 2256 4980; x_wconf 84' lang='lat' dir='ltr'><strong>Trapezuntii</strong></span> <span class='ocrx_word' id='word_1_833' title='bbox 2322 4920 2613 4973; x_wconf 87' lang='lat' dir='ltr'><strong>emendans</strong></span> <span class='ocrx_word' id='word_1_834' title='bbox 2665 4917 3019 4972; x_wconf 87' lang='lat' dir='ltr'><strong>Cotnbcﬁsius</strong></span> <span class='ocrx_word' id='word_1_835' title='bbox 3066 4916 3146 4971; x_wconf 83' lang='lat' dir='ltr'><strong>sic</strong></span> <span class='ocrx_word' id='word_1_836' title='bbox 3206 4916 3470 4984; x_wconf 88' lang='lat' dir='ltr'><strong>scripsit:</strong></span> 
     </span>
    </p>
   </div>
   <div class='ocr_carea' id='block_1_115' title="bbox 1906 4986 3472 5053">
    <p class='ocr_par' dir='ltr' id='par_1_115' title="bbox 1906 4986 3472 5053">
     <span class='ocr_line' id='line_1_116' title="bbox 1906 4986 3472 5053; baseline 0.002 -17"><span class='ocrx_word' id='word_1_837' title='bbox 1906 4986 2045 5053; x_wconf 85' lang='lat' dir='ltr'><strong>quod</strong></span> <span class='ocrx_word' id='word_1_838' title='bbox 2066 4996 2249 5038; x_wconf 82' lang='lat' dir='ltr'><strong>nactus</strong></span> <span class='ocrx_word' id='word_1_839' title='bbox 2279 4997 2376 5050; x_wconf 79' lang='lat' dir='ltr'><strong>est,</strong></span> <span class='ocrx_word' id='word_1_840' title='bbox 2427 4999 2479 5041; x_wconf 86' lang='lat' dir='ltr'><strong>ut</strong></span> <span class='ocrx_word' id='word_1_841' title='bbox 2506 4999 2658 5047; x_wconf 70' lang='lat' dir='ltr'><strong>esset.</strong></span> <span class='ocrx_word' id='word_1_842' title='bbox 2692 4988 3097 5042; x_wconf 81' lang='lat' dir='ltr'><strong>subobscurius.</strong></span> <span class='ocrx_word' id='word_1_843' title='bbox 3147 4986 3226 5040; x_wconf 85' lang='lat' dir='ltr'><strong>Ad</strong></span> <span class='ocrx_word' id='word_1_844' title='bbox 3250 4987 3472 5041; x_wconf 82' lang='lat' dir='ltr'><strong>verbum</strong></span> 
     </span>
    </p>
   </div>
   <div class='ocr_carea' id='block_1_116' title="bbox 1907 5055 3473 5125">
    <p class='ocr_par' dir='ltr' id='par_1_116' title="bbox 1907 5055 3473 5125">
     <span class='ocr_line' id='line_1_117' title="bbox 1907 5055 3473 5125; baseline 0.001 -17"><span class='ocrx_word' id='word_1_845' title='bbox 1907 5055 2191 5118; x_wconf 73' lang='lat' dir='ltr'><strong>vertimus,</strong></span> <span class='ocrx_word' id='word_1_846' title='bbox 2236 5072 2340 5111; x_wconf 83' lang='lat' dir='ltr'><strong>non</strong></span> <span class='ocrx_word' id='word_1_847' title='bbox 2368 5059 2555 5111; x_wconf 84' lang='lat' dir='ltr'><strong>Latine</strong></span> <span class='ocrx_word' id='word_1_848' title='bbox 2581 5059 2818 5125; x_wconf 81' lang='lat' dir='ltr'><strong>quidem,</strong></span> <span class='ocrx_word' id='word_1_849' title='bbox 2864 5060 2958 5113; x_wconf 89' lang='lat' dir='ltr'><strong>sed</strong></span> <span class='ocrx_word' id='word_1_850' title='bbox 2988 5056 3222 5113; x_wconf 86' lang='lat' dir='ltr'><strong>ﬁdeliter</strong></span> <span class='ocrx_word' id='word_1_851' title='bbox 3273 5069 3473 5125; x_wconf 81' lang='lat' dir='ltr'><strong>tamen,</strong></span> 
     </span>
    </p>
   </div>
   <div class='ocr_carea' id='block_1_117' title="bbox 1906 5123 3471 5194">
    <p class='ocr_par' dir='ltr' id='par_1_117' title="bbox 1906 5123 3471 5194">
     <span class='ocr_line' id='line_1_118' title="bbox 1906 5123 3471 5194; baseline 0.001 -15"><span class='ocrx_word' id='word_1_852' title='bbox 1906 5142 2011 5179; x_wconf 84' lang='lat' dir='ltr'><strong>non</strong></span> <span class='ocrx_word' id='word_1_853' title='bbox 2043 5125 2156 5192; x_wconf 76' lang='lat' dir='ltr'><strong>eius</strong></span> <span class='ocrx_word' id='word_1_854' title='bbox 2202 5129 2269 5177; x_wconf 87' lang='lat' dir='ltr'><strong>ad</strong></span> <span class='ocrx_word' id='word_1_855' title='bbox 2302 5142 2422 5181; x_wconf 89' lang='lat' dir='ltr'><strong>esse</strong></span> <span class='ocrx_word' id='word_1_856' title='bbox 2455 5123 2730 5182; x_wconf 69' lang='lat' dir='ltr'><strong>transitum</strong></span> <span class='ocrx_word' id='word_1_857' title='bbox 2766 5141 2945 5185; x_wconf 81' lang='lat' dir='ltr'><strong>narrat</strong></span> <span class='ocrx_word' id='word_1_858' title='bbox 2988 5144 3007 5181; x_wconf 87' lang='lat'><strong>.&#39;</strong></span> <span class='ocrx_word' id='word_1_859' title='bbox 3047 5132 3148 5185; x_wconf 90' lang='lat' dir='ltr'><strong>hoc</strong></span> <span class='ocrx_word' id='word_1_860' title='bbox 3199 5138 3303 5194; x_wconf 82' lang='lat' dir='ltr'><strong>est,</strong></span> <span class='ocrx_word' id='word_1_861' title='bbox 3355 5123 3471 5183; x_wconf 80' lang='lat' dir='ltr'><strong>Nan</strong></span> 
     </span>
    </p>
   </div>
   <div class='ocr_carea' id='block_1_118' title="bbox 1909 5198 3082 5262">
    <p class='ocr_par' dir='ltr' id='par_1_118' title="bbox 1909 5198 3082 5262">
     <span class='ocr_line' id='line_1_119' title="bbox 1909 5198 3082 5262; baseline 0.006 -13"><span class='ocrx_word' id='word_1_862' title='bbox 1909 5206 2089 5249; x_wconf 88' lang='lat' dir='ltr'><strong>narrat</strong></span> <span class='ocrx_word' id='word_1_863' title='bbox 2119 5198 2386 5262; x_wconf 87' lang='lat' dir='ltr'><strong>quomodo</strong></span> <span class='ocrx_word' id='word_1_864' title='bbox 2424 5201 2524 5251; x_wconf 90' lang='lat' dir='ltr'><strong>huc</strong></span> <span class='ocrx_word' id='word_1_865' title='bbox 2550 5201 2872 5261; x_wconf 81' lang='lat' dir='ltr'><strong>pervenerit,</strong></span> <span class='ocrx_word' id='word_1_866' title='bbox 2899 5211 2959 5253; x_wconf 91' lang='lat' dir='ltr'><strong>ut</strong></span> <span class='ocrx_word' id='word_1_867' title='bbox 2991 5201 3082 5256; x_wconf 87' lang='lat' dir='ltr'><strong>sit.</strong></span> 
     </span>
    </p>
   </div>
   <div class='ocr_carea' id='block_1_119' title="bbox 1974 5262 3012 5339">
    <p class='ocr_par' dir='ltr' id='par_1_119' title="bbox 1974 5262 3012 5339">
     <span class='ocr_line' id='line_1_120' title="bbox 1974 5262 3012 5339; baseline 0.008 -23"><span class='ocrx_word' id='word_1_868' title='bbox 1974 5262 2088 5334; x_wconf 80' lang='grc'>(15)</span> <span class='ocrx_word' id='word_1_869' title='bbox 2120 5266 2253 5339; x_wconf 49' lang='grc' dir='ltr'>ξος,</span> <span class='ocrx_word' id='word_1_870' title='bbox 2285 5280 2504 5339; x_wconf 77' lang='lat' dir='ltr'><strong>quartus</strong></span> <span class='ocrx_word' id='word_1_871' title='bbox 2535 5271 3012 5339; x_wconf 54' lang='grc' dir='ltr'>συνεπιφαίνεσθαι.</span> 
     </span>
    </p>
   </div>
   <div class='ocr_carea' id='block_1_120' title="bbox 1972 5336 3471 5413">
    <p class='ocr_par' dir='ltr' id='par_1_120' title="bbox 1972 5336 3471 5413">
     <span class='ocr_line' id='line_1_121' title="bbox 1972 5336 3471 5413; baseline 0.006 -28"><span class='ocrx_word' id='word_1_872' title='bbox 1972 5338 2087 5413; x_wconf 69' lang='lat' dir='ltr'><strong>(lli)</strong></span> <span class='ocrx_word' id='word_1_873' title='bbox 2121 5336 2257 5391; x_wconf 84' lang='lat' dir='ltr'><strong>Editi</strong></span> <span class='ocrx_word' id='word_1_874' title='bbox 2284 5352 2408 5413; x_wconf 77' lang='lat' dir='ltr'><strong>cum</strong></span> <span class='ocrx_word' id='word_1_875' title='bbox 2436 5337 2567 5407; x_wconf 78' lang='lat' dir='ltr'><strong>Reg.</strong></span> <span class='ocrx_word' id='word_1_876' title='bbox 2596 5336 2783 5409; x_wconf 34' lang='lat' dir='ltr'><strong>quin—to</strong></span> <span class='ocrx_word' id='word_1_877' title='bbox 2834 5341 3082 5413; x_wconf 73' lang='grc' dir='ltr'>ίδιώμασι</span> <span class='ocrx_word' id='word_1_878' title='bbox 3129 5340 3308 5412; x_wconf 85' lang='grc' dir='ltr'>μόνον.</span> <span class='ocrx_word' id='word_1_879' title='bbox 3366 5337 3471 5401; x_wconf 82' lang='lat' dir='ltr'><strong>Alii</strong></span> 
     </span>
    </p>
   </div>
   <div class='ocr_carea' id='block_1_121' title="bbox 1908 5408 2545 5478">
    <p class='ocr_par' dir='ltr' id='par_1_121' title="bbox 1908 5408 2545 5478">
     <span class='ocr_line' id='line_1_122' title="bbox 1908 5408 2545 5478; baseline 0.002 -21"><span class='ocrx_word' id='word_1_880' title='bbox 1908 5408 2304 5478; x_wconf 70' lang='lat' dir='ltr'><strong>qttittqtte_tnss.</strong></span> <span class='ocrx_word' id='word_1_881' title='bbox 2342 5408 2545 5478; x_wconf 74' lang='grc' dir='ltr'>μόνοις.</span> 
     </span>
    </p>
   </div>
   <div class='ocr_carea' id='block_1_122' title="bbox 1978 5474 3466 5563">
    <p class='ocr_par' dir='ltr' id='par_1_122' title="bbox 1978 5474 3466 5563">
     <span class='ocr_line' id='line_1_123' title="bbox 1978 5474 3466 5563; baseline 0.001 -35"><span class='ocrx_word' id='word_1_882' title='bbox 1978 5475 2088 5563; x_wconf 74' lang='grc'>(17)</span> <span class='ocrx_word' id='word_1_883' title='bbox 2126 5474 2317 5563; x_wconf 52' lang='lat' dir='ltr'><strong>godex</strong></span> <span class='ocrx_word' id='word_1_884' title='bbox 2344 5474 2515 5563; x_wconf 44' lang='lat' dir='ltr'><strong>&#39;Tunus</strong></span> <span class='ocrx_word' id='word_1_885' title='bbox 2545 5478 2715 5563; x_wconf 42' lang='grc' dir='ltr'>’,Οταν</span> <span class='ocrx_word' id='word_1_886' title='bbox 3054 5474 3236 5555; x_wconf 26' lang='lat' dir='ltr'><strong>Coll»;</strong></span> <span class='ocrx_word' id='word_1_887' title='bbox 3256 5476 3466 5563; x_wconf 45' lang='lat' dir='ltr'><strong>ebReg.</strong></span> 
     </span>
    </p>
   </div>
   <div class='ocr_carea' id='block_1_123' title="bbox 1907 5543 3469 5620">
    <p class='ocr_par' dir='ltr' id='par_1_123' title="bbox 1907 5543 3469 5620">
     <span class='ocr_line' id='line_1_124' title="bbox 1907 5543 3469 5620; baseline 0.001 -19"><span class='ocrx_word' id='word_1_888' title='bbox 1907 5543 2095 5601; x_wconf 87' lang='lat' dir='ltr'><strong>tertius</strong></span> <span class='ocrx_word' id='word_1_889' title='bbox 2126 5547 2292 5603; x_wconf 86' lang='grc' dir='ltr'>Ὅταν</span> <span class='ocrx_word' id='word_1_890' title='bbox 2319 5543 2411 5603; x_wconf 78' lang='grc' dir='ltr'><strong>οὖν</strong></span> <span class='ocrx_word' id='word_1_891' title='bbox 2450 5543 2921 5620; x_wconf 61' lang='grc' dir='ltr'>ἀκούωμενξιοὶιίιί</span> <span class='ocrx_word' id='word_1_892' title='bbox 2946 5546 3111 5598; x_wconf 84' lang='grc' dir='ltr'>Ὅταν</span> <span class='ocrx_word' id='word_1_893' title='bbox 3142 5545 3272 5614; x_wconf 68' lang='grc' dir='ltr'>γοῦν</span> <span class='ocrx_word' id='word_1_894' title='bbox 3302 5543 3469 5607; x_wconf 74' lang='lat' dir='ltr'><strong>dton-</strong></span> 
     </span>
    </p>
   </div>
   <div class='ocr_carea' id='block_1_124' title="bbox 1904 5634 2102 5670">
    <p class='ocr_par' dir='ltr' id='par_1_124' title="bbox 1904 5634 2102 5670">
     <span class='ocr_line' id='line_1_125' title="bbox 1904 5634 2102 5670; baseline -0.02 0"><span class='ocrx_word' id='word_1_895' title='bbox 1904 5634 2102 5670; x_wconf 67' lang='grc' dir='ltr'>σωιιεν.</span> 
     </span>
    </p>
   </div>
   <div class='ocr_carea' id='block_1_125' title="bbox 1974 5635 3467 5758">
    <p class='ocr_par' dir='ltr' id='par_1_125' title="bbox 1974 5635 3467 5758">
     <span class='ocr_line' id='line_1_126' title="bbox 1974 5635 3467 5758; baseline 0.054 -97"><span class='ocrx_word' id='word_1_896' title='bbox 1974 5635 2250 5757; x_wconf 40' lang='grc' dir='ltr'><strong>μῖξιςΈῶιί</strong></span> <span class='ocrx_word' id='word_1_897' title='bbox 2297 5686 2521 5757; x_wconf 62' lang='grc' dir='ltr'>νοοῦμεν</span> <span class='ocrx_word' id='word_1_898' title='bbox 2570 5688 2794 5758; x_wconf 65' lang='grc' dir='ltr'><strong>Πέτρον,</strong></span> <span class='ocrx_word' id='word_1_899' title='bbox 2846 5685 2936 5739; x_wconf 79' lang='grc' dir='ltr'><strong>τὸν</strong></span> <span class='ocrx_word' id='word_1_900' title='bbox 2985 5685 3077 5739; x_wconf 77' lang='grc' dir='ltr'>τοῦ</span> <span class='ocrx_word' id='word_1_901' title='bbox 3126 5686 3294 5739; x_wconf 80' lang='grc' dir='ltr'><strong>Ἰωνᾶ.</strong></span> <span class='ocrx_word' id='word_1_902' title='bbox 3356 5686 3467 5754; x_wconf 61' lang='lat' dir='ltr'><strong>Vox</strong></span> 
     </span>
    </p>
   </div>
   <div class='ocr_carea' id='block_1_126' title="bbox 1904 5757 3465 5829">
    <p class='ocr_par' dir='ltr' id='par_1_126' title="bbox 1904 5757 3465 5829">
     <span class='ocr_line' id='line_1_127' title="bbox 1904 5757 3465 5829; baseline 0 -17"><span class='ocrx_word' id='word_1_903' title='bbox 1904 5759 2109 5829; x_wconf 78' lang='grc' dir='ltr'>Πέτρον</span> <span class='ocrx_word' id='word_1_904' title='bbox 2137 5759 2362 5829; x_wconf 80' lang='lat' dir='ltr'><strong>deestin</strong></span> <span class='ocrx_word' id='word_1_905' title='bbox 2389 5758 2538 5829; x_wconf 73' lang='lat' dir='ltr'><strong>Coll).</strong></span> <span class='ocrx_word' id='word_1_906' title='bbox 2570 5759 2700 5829; x_wconf 70' lang='lat' dir='ltr'><strong>etin</strong></span> <span class='ocrx_word' id='word_1_907' title='bbox 2732 5758 2861 5829; x_wconf 69' lang='lat' dir='ltr'><strong>lteg.</strong></span> <span class='ocrx_word' id='word_1_908' title='bbox 2893 5757 3089 5823; x_wconf 85' lang='lat' dir='ltr'><strong>tertio;</strong></span> <span class='ocrx_word' id='word_1_909' title='bbox 3123 5771 3220 5811; x_wconf 89' lang='lat' dir='ltr'><strong>nec</strong></span> <span class='ocrx_word' id='word_1_910' title='bbox 3247 5758 3465 5822; x_wconf 71' lang='lat' dir='ltr'><strong>dubium</strong></span> 
     </span>
    </p>
   </div>
   <div class='ocr_carea' id='block_1_127' title="bbox 1902 5826 3056 5897">
    <p class='ocr_par' dir='ltr' id='par_1_127' title="bbox 1902 5826 3056 5897">
     <span class='ocr_line' id='line_1_128' title="bbox 1902 5826 3056 5897; baseline -0.003 -14"><span class='ocrx_word' id='word_1_911' title='bbox 1902 5826 2169 5897; x_wconf 33' lang='lat' dir='ltr'><strong>est,‘quin</strong></span> <span class='ocrx_word' id='word_1_912' title='bbox 2205 5828 2393 5883; x_wconf 88' lang='lat' dir='ltr'><strong>melius</strong></span> <span class='ocrx_word' id='word_1_913' title='bbox 2425 5827 2583 5882; x_wconf 83' lang='lat' dir='ltr'><strong>absit.</strong></span> <span class='ocrx_word' id='word_1_914' title='bbox 2614 5826 2755 5897; x_wconf 77' lang='lat' dir='ltr'><strong>Lege</strong></span> <span class='ocrx_word' id='word_1_915' title='bbox 2787 5828 3056 5882; x_wconf 70' lang='lat' dir='ltr'><strong>Duczt‘um.</strong></span> 
     </span>
    </p>
   </div>
   <div class='ocr_carea' id='block_1_128' title="bbox 3078 5920 3152 5981">
    <p class='ocr_par' dir='ltr' id='par_1_128' title="bbox 3078 5920 3152 5981">
     <span class='ocr_line' id='line_1_129' title="bbox 3078 5920 3152 5981; baseline 0 0"><span class='ocrx_word' id='word_1_916' title='bbox 3078 5920 3152 5981; x_wconf 80' lang='grc'>19</span> 
     </span>
    </p>
   </div>
  </div>
