3978 6410
122 456 221 515 581

1237 452 1600 510 ΑΙΝΕιίδυδ
1637 452 2006 509 EUNUMIUM
2045 452 2173 509 LIB.
2216 456 2276 508 ll.

3251 449 3352 503 582

115 576 403 647 Μονογενῆ
432 576 692 647 λεγούσης
722 580 927 649 ποίημα
946 620 959 641 ,
992 579 1092 632 οὑκ
1122 579 1189 633 ἂν
1220 577 1547 647 ὲκεκώφωτο
1580 574 1690 646 (26)

1815 589 1902 645 [uo
1932 576 2253 646 Unigenitus
2284 575 2495 630 factura
2525 576 2817 643 diceretur,
2853 593 3029 632 nonne
3055 575 3166 645 jam
3195 592 3352 633 aures

116 670 150 738 ἡ
161 668 279 737 μῶν
305 668 404 739 ήδη
430 668 497 721 τά
520 662 637 723 ὦτα
665 670 1184 743 περιθρυλλούμενα.
1232 666 1367 724 Εἶτά
1403 686 1573 741 φησι,
1603 666 1692 721 διὰ

115 760 247 824 τοὺς
292 760 608 831 σωματικὴν
662 761 760 831 τὴν
792 762 1041 832 γέννησιν
1082 758 1562 832 ὑπολαμϐάνοντας
1598 758 1691 812 τοῦ

116 850 350 921 Κυρίου,
387 851 480 903 καὶ
524 854 643 915 ταῖς
674 853 1011 923 όμωνυμίαις
1051 852 1480 922 προσπαίοντας,
1527 852 1694 918 ἀναγ-

120 940 276 989 καῖον
315 937 464 1007 αὑτῷ
501 939 593 990 καὶ
628 940 753 1010 περὶ
806 939 1007 993 τούτων
1044 937 1184 994 εἶναι
1210 941 1298 993 διά
1335 939 1582 1011 βραχέων
1618 941 1694 991 εί-

120 1033 265 1083 πεῖν.
296 1031 487 1083 Καίτοι
528 1032 580 1084 τί
610 1032 834 1096 ἐκώλυε,
866 1036 984 1097 ταῖς
1030 1035 1094 1087 ὲκ
1126 1032 1233 1087 τῶν
1272 1034 1311 1085 Γ
1319 1031 1504 1103 ραφῶν
1553 1048 1693 1103 μαρ-

117 1122 337 1190 τυρίαις
362 1121 453 1175 τὸν
476 1121 630 1190 λόγον
663 1122 855 1176 ἑαυτοῦ
898 1124 1311 1193 πιστωσάμενοι)
1337 1161 1351 1187 ,
1383 1123 1551 1187 οὑτως
1603 1124 1695 1176 ἐπὶ

119 1214 223 1283 τὴν
252 1213 530 1285 διόρθωσιν
569 1214 677 1267 τῶν
721 1214 1121 1287 ἀσθενεστέρων
1153 1214 1349 1280 ἐλθεῖν,
1380 1215 1473 1268 καὶ
1504 1215 1602 1285 τὴν
1631 1216 1694 1267 ὲκ

119 1306 224 1375 τῆς
260 1304 575 1375 ὁμωνυμίας
609 1303 810 1375 βλάϐην
849 1305 1367 1377 παραμυθήσασθαι,
1408 1304 1462 1357 εἴ
1481 1322 1562 1368 τις
1588 1304 1695 1375 ἄρα

120 1394 319 1463 γέγονέ
348 1394 475 1447 ποτέ
501 1410 640 1446 τισιν
679 1394 711 1464 ἢ
748 1399 1068 1464 γενήσεται;
1101 1395 1197 1457 Τίς
1230 1394 1337 1467 γὰρ
1377 1394 1518 1447 οὕτω
1556 1411 1691 1447 παν-

120 1484 296 1547 τελῶς
336 1484 588 1555 σάρκινός
632 1484 743 1554 (27)
775 1485 871 1557 τὴν
900 1485 1137 1538 διάνοιαν
1158 1525 1171 1548 ,
1202 1486 1294 1538 καὶ
1327 1484 1483 1538 θείων
1524 1485 1695 1552 λόγων

122 1578 368 1648 ἄπειρος,
405 1576 565 1640 ὥστε,
610 1577 821 1630 ἀκούων
868 1577 1017 1640 θείας
1063 1580 1395 1648 γεννήσεως,
1429 1577 1565 1647 πρὸς
1597 1578 1696 1639 τὰς

123 1669 446 1738 σωματικὰς
494 1670 895 1742 καταφέρεσθαι
950 1672 1273 1739 φαντασίας,
1317 1672 1375 1722 ὲν
1418 1664 1507 1732 αίς
1563 1685 1699 1738 συμ-

124 1761 301 1831 πλοκὴ
337 1761 433 1830 μὲν
460 1762 683 1832 ἄρρενος
714 1760 849 1831 πρὸς
896 1761 955 1813 τὸ
1003 1761 1156 1832 θῆλυ,
1191 1761 1385 1831 κύησις
1411 1760 1466 1813 δὲ
1503 1762 1559 1813 ὲν
1594 1761 1697 1832 μή·

126 1869 270 1922 τρᾳ,
297 1853 388 1905 καὶ
420 1852 721 1916 διάπλασις,
768 1852 862 1905 καὶ
905 1853 1213 1924 μόρφωσις,
1272 1854 1365 1905 καὶ
1403 1854 1515 1915 τοῖς
1564 1851 1698 1904 καθ-

1794 676 1995 721 nostra:
2033 666 2117 721 bis
2150 666 2480 723 clamoribus
2530 668 2995 723 circumsonantes
3037 634 3369 730 obsurduis~l

1793 758 1952 812 sent?
1989 758 2191 812 Deinde
2233 759 2309 811 ait
2349 774 2573 814 necesse
2605 760 2705 813 sibi
2747 774 2868 814 esse
2899 768 3120 829 propter
3143 775 3237 815 eos
3264 736 3370 853 qui;

1793 862 2109 914 corpoream
2167 847 2380 901 Domini
2448 850 2848 917 generationem
2916 850 3252 919 intelligunt,
3305 847 3377 917 et}

1793 938 1990 1006 quibus
2021 954 2182 993 voces
2207 939 2471 1009 ambigua?
2498 949 2625 995 sunt
2651 940 2955 1001 olTensioni.
2989 942 3053 993 de
3083 940 3167 994 his
3195 934 3381 993 etiam:

1794 1031 2034 1084 breviter
2049 1031 2247 1085 dicere.
2271 1031 2375 1086 Sed
2406 1031 2535 1101 quid
2564 1033 2795 1095 vetabat,
2817 1034 3025 1085 ﬁrmata
3060 1033 3360 1101 Scriptura:

1796 1120 2118 1175 testimoniis
2141 1124 2389 1177 oratione
2427 1138 2543 1189 sua,
2590 1125 2660 1176 ita
2694 1124 2908 1178 demum
2941 1126 3005 1177 ad
3036 1125 3358 1178 dehiliorum

1792 1215 2224 1267 emendationem
2256 1216 2538 1278 accedere,
2573 1227 2736 1285 atque
2772 1226 2946 1270 ortam
2989 1233 3053 1270 ex
3093 1216 3361 1286 ambiguis

1796 1305 2014 1357 vocibus
2040 1305 2330 1373 perniciem
2371 1308 2634 1370 eumllire,
2672 1309 2715 1361 si
2763 1323 2866 1377 qua
2909 1318 3087 1362 tamen
3126 1321 3359 1375 unquam

1797 1396 1888 1447 ulli
1920 1398 2113 1450 accidit
2143 1409 2233 1451 aut
2262 1398 2509 1453 accidet?
2530 1400 2660 1465 Quis
2687 1401 2828 1454 enim
2853 1400 2931 1454 sic
2956 1399 3175 1453 omnino
3209 1412 3362 1452 meu-

1790 1497 1848 1539 .te
1874 1488 2111 1541 carnalis
2137 1497 2239 1549 est,
2269 1497 2325 1540 et
2370 1489 2442 1541 ita
2474 1489 2778 1543 divinarum
2823 1490 3226 1558 Scripturarum
3277 1504 3365 1541 ru-

1797 1581 1899 1638 dis.
1959 1586 2035 1643 ut,
2074 1578 2256 1631 divina
2297 1583 2645 1648 generatione
2690 1581 2900 1646 audita,
2953 1582 3017 1634 ad
3072 1595 3364 1647 corporeas

1800 1671 2059 1740 imagines
2090 1669 2387 1733 deferatur,
2421 1672 2473 1724 in
2503 1672 2699 1740 quibus
2729 1674 3054 1739 congressus
3086 1672 3157 1725 sit
3182 1672 3278 1724 viri
3312 1680 3365 1725 et

1800 1764 2064 1826 mulieris,
2099 1764 2382 1831 conceptio
2424 1766 2477 1817 in
2508 1774 2681 1829 utero,
2715 1763 3095 1829 conformatio,
3127 1763 3368 1833 conligu-

1802 1856 1963 1921 ratio,
1996 1871 2059 1910 ac
2090 1856 2286 1910 debitis
2336 1857 2670 1925 temporibus
2701 1871 3017 1927 progressus
3058 1857 3109 1910 in
3153 1855 3371 1908 lucem?

125 1946 319 2015 ήκουσι
363 1946 571 2016 χρόνοις
624 1946 843 2017 πρόοδος
890 1948 967 2009 είς
992 1945 1050 1998 τὺ
1078 1945 1180 2009 ἔξω
1221 1944 1368 2014 (‘28);
1421 1944 1516 2004 Τίς
1564 1942 1704 1995 οὑτω

1815 1947 1939 2012 Quis
1982 1949 2115 2002 adeo
2146 1947 2433 2013 belluinus,
2458 1958 2539 2013 ut,
2570 1949 2695 2002 dum
2741 1951 2888 2002 audit
2932 1949 3096 2003 Deum
3134 1946 3369 2002 Verbum

126 2036 429 2107 κτηνώδης,
449 2037 610 2104 ὥστε,
638 2038 848 2090 ἀκούων
881 2038 1013 2090 Θεὸν
1039 2037 1208 2105 Λόγον
1244 2038 1306 2089 ὲκ
1349 2034 1479 2087 Θεοῦ
1510 2034 1705 2105 προελ-

129 2128 311 2193 θόντα,
353 2129 564 2183 ἀκούων
599 2128 653 2181 δὲ
680 2129 867 2197 σοφίαν
897 2131 959 2182 ἐκ
988 2128 1122 2181 Θεοῦ
1161 2128 1532 2198 γεννηθεῖσαν,
1568 2126 1703 2197 πρὸς

124 2217 203 2273 τὰ
230 2218 473 2289 σώματος
504 2218 649 2290 πάθη
676 2223 788 2283 τοῖς
817 2219 1094 2289 λογισμοῖς
1119 2218 1510 2282 καταπίπτειν;

205 2309 255 2363 6.
304 2309 460 2367 Ἀλλά
498 2310 774 2364 καὶτοῦτο
806 2311 944 2381 μετά
970 2310 1079 2363 τῶν
1124 2309 1297 2363 ἄλλων
1352 2309 1703 2380 εὐπρόσωπον

129 2402 283 2473 αὐτῷ
318 2404 499 2473 σχῆμα
547 2402 655 2455 τῶν
693 2403 864 2471 λόγων
916 2402 1293 2473 ἐπινενόηται,
1335 2402 1415 2465 ὡς
1444 2403 1543 2471 τῆς
1571 2402 1705 2472 πρὸς

128 2493 261 2555 τοὺς
312 2494 604 2557 ἀσυνέτους
634 2494 740 2546 τῶν
785 2493 1027 2562 ἀδελφῶν
1068 2494 1469 2563 εὐσπλαγχνίας
1518 2494 1704 2545 ἕνεκεν

128 2587 228 2637 τὸν
258 2585 422 2640 κόπον
458 2587 557 2657 τῆς
586 2587 697 2657 (29)
723 2586 1071 2649 διδασκαλίας
1099 2586 1273 2639 δοκεῖν
1294 2585 1701 2655 καταδέχεσθαι.

131 2678 248 2730 Καὶ
281 2678 378 2741 τὰς
428 2678 526 2749 μὲν
569 2678 681 2749 (50)
722 2679 1036 2749 σωματικὰς
1078 2678 1362 2743 ὑπονοίας,
1398 2679 1496 2743 τὰς
1523 2680 1612 2731 ἐπὶ
1637 2681 1703 2750 τῇ

133 2769 475 2841 προσηγορίᾳ
504 2769 677 2843 ταύτῃ
699 2770 1073 2840 ἐγγινομένας,
1094 2769 1486 2841 ἐπανορθοῦται
1508 2770 1665 2842 δῆθεν
1688 2788 1701 2800 ·

129 2859 237 2922 τὰς
265 2861 319 2913 δὲ
343 2863 405 2915 ἐκ
431 2860 523 2913 τοῦ
555 2862 761 2931 ποίημα
790 2862 883 2914 τὸν
918 2860 1121 2931 Κύριον
1167 2861 1527 2932 ὀνομάζεσθαι
1574 2861 1703 2931 βλά-

132 2950 239 3014 ϐας
264 2952 322 3004 οὑ
349 2955 711 3022 παραιτεῖται.
750 2954 940 3007 Καίτοι
969 2954 996 3005 ὃ
1028 2969 1091 3020 γε
1122 2952 1231 3023 (51)
1272 2954 1587 3025 σωματικὴν
1624 2951 1703 3007 εἴ-

132 3062 227 3096 ναι
257 3045 353 3112 τὴν
380 3046 630 3116 γέννησιν
664 3045 1080 3116 φανταζόμενος,
1120 3047 1148 3097 6
1187 3046 1350 3109 αὐτὸς
1397 3046 1460 3099 ἂν
1490 3047 1583 3099 καὶ
1614 3047 1706 3099 ἐπὶ

129 3137 263 3199 τοὺς
292 3136 505 3200 ὑλικοὺς
532 3138 631 3208 τῆς
674 3138 941 3208 ποιήσεως
972 3138 1207 3209 τρόπους
1256 3138 1603 3209 ὑπενεχθείη.
1629 3139 1702 3191 Οὑ

130 3228 249 3297 γὰρ
269 3228 436 3298 δήπου
465 3229 727 3299 μερισμὸν
757 3229 854 3300 μέν
875 3248 996 3283 τινα
1014 3231 1110 3284 καὶ
1142 3231 1469 3302 μετάστασιν
1492 3230 1584 3283 καὶ
1614 3229 1705 3301 ρύ-

135 3337 228 3374 σιν
259 3321 353 3391 τῆς
386 3320 479 3374 τοῦ
511 3321 803 3389 γεννῶντος
828 3324 1013 3386 οὐσίας
1050 3322 1159 3394 (52)
1186 3325 1249 3375 ὲκ
1275 3323 1376 3391 τῆς
1410 3322 1590 3391 φωνῆς
1613 3320 1707 3373 τοῦ

131 3414 334 3483 γεννᾷν
369 3414 398 3465 6
438 3412 667 3484 ἀσθενής
704 3414 979 3485 ἐννοήσει·
1016 3414 1148 3486 ὓλην
1188 3414 1242 3467 δὲ
1289 3412 1483 3478 ἔξωθεν
1524 3415 1587 3465 ἐκ
1616 3412 1709 3464 τοῦ

136 3504 223 3576 μὴ
251 3504 397 3565 ὄντος
428 3504 823 3576 είσενεχθεῖσαν
854 3508 934 3568 εἰς
957 3506 1076 3575 τὴν,
1109 3506 1183 3568 ὼς
1226 3507 1381 3575 ὑμεῖς
1415 3522 1581 3574 φατε,
1615 3503 1709 3557 τοῦ

130 3599 444 3667 ποιήματος
486 3597 801 3663 ὑπόστασιν,
843 3598 1242 3668 ὑπολαμϐάνειν
1281 3598 1380 3651 οὑκ
1422 3596 1713 3667 ὲναχθήσε-

129 3704 253 3743 ται.
301 3688 455 3752 Τίνος
495 3683 588 3741 οὖν
641 3687 825 3740 ἕνεκεν
863 3686 929 3740 τά
967 3688 1375 3760 ἀρρωστήματα
1427 3686 1536 3738 τῶν
1564 3685 1709 3752 λογι-

132 3778 298 3849 σμῶν
332 3779 440 3832 τῶν
473 3778 713 3847 ἀδελφῶν
745 3778 802 3845 ἐξ
837 3778 1091 3849 ἡμισείας
1132 3779 1294 3839 ἰᾶται,
1331 3778 1424 3830 καὶ
1454 3777 1561 3829 τῶν
1602 3793 1707 3829 σω-

135 3867 381 3938 ματικὴν
421 3866 518 3939 τὴν
559 3868 809 3936 γέννησιν
840 3866 951 3939 (55)
984 3868 1474 3937 ὑπολαμϐανόντων
1520 3868 1684 3936 ὲπιμε

128 3954 420 4026 λούμενος,
454 3959 580 4019 τοὺς
626 3958 691 4027 τῇ
737 3956 1074 4027 προσηγορίᾳ
1104 3956 1197 4008 τοῦ
1231 3956 1529 4026 ποιήματος
1557 3971 1711 4024 περι-

131 4046 435 4109 στταίοντας
462 4049 711 4118 παρορᾷς
740 4048 857 4101 Ὅτι
890 4047 952 4100 τὸ
994 4048 1090 4118 μὲν
1132 4046 1523 4118 γεγεννῆσθαι
1557 4046 1714 4099 πολέ-

135 4156 271 4211 μιον
298 4135 405 4192 οἶδε
430 4143 539 4202 τοῖς
570 4139 831 4210 δόγμασιν
862 4137 1075 4205 ἑαυτοῦ,
1110 4138 1204 4191 τοῦ
1250 4138 1601 4209 γεννηθέντος
1638 4139 1714 4191 οἰ·-

130 4231 309 4294 κείως
350 4231 492 4302 ἔχειν
524 4222 830 4300 ὀφείλοντος
874 4231 1090 4294 πάντως
1145 4232 1237 4284 καὶ
1283 4231 1715 4303 ἀπαραλλάκτως

133 4322 284 4391 πρὸς
315 4322 405 4373 τὸν
448 4322 814 4392 γεννήσαντα·
846 4320 907 4373 τὸ
945 4320 1001 4383 δὲ
1042 4319 1403 4388 πεποιῆσθαι
1438 4320 1588 4389 φίλον
1623 4322 1715 4374 καὶ

139 4414 433 4485 σύμμαχον
450 4416 569 4477 ταῖς
589 4412 776 4468 ἑαυτοῦ
798 4411 1106 4479 ὑποθέσεσι,
1123 4412 1209 4466 διὰ
1226 4412 1285 4466 τὸ
1300 4412 1577 4484 ἀλλοτρίου
1602 4411 1713 4484 (54)

1806 2056 1869 2093 ex
1927 2043 2033 2094 Deo
2074 2041 2361 2110 prodiisse,
2408 2050 2568 2109 atque
2617 2056 2682 2094 ex
2724 2041 2832 2094 Deo
2860 2040 3094 2110 genitam
3134 2053 3255 2092 esse
3284 2054 3371 2091 sa-

1800 2133 2083 2197 pientiam,
2127 2133 2194 2185 ad
2231 2146 2526 2201 corporeus
2576 2130 2803 2185 allectus
2843 2130 3179 2200 cogitatione
3215 2126 3370 2181 dela-

1804 2223 2008 2275 batur?

1876 2312 1929 2365 6.
1970 2312 2076 2366 Sed
2124 2312 2235 2366 haec
2282 2328 2495 2383 quoque
2548 2314 2789 2383 Speciosa
2846 2314 3130 2368 verborum
3197 2312 3371 2365 forma

1797 2404 1970 2474 242
2002 2418 2103 2456 una
2139 2418 2259 2455 cum
2298 2403 2418 2457 aliis
2445 2405 2492 2458 ei
2522 2405 2823 2474 excogitata
2856 2415 2958 2465 est,
2986 2414 3062 2465 ut,
3095 2402 3162 2455 ob
3187 2417 3376 2469 quan:-

1807 2496 1931 2548 dam
1990 2509 2116 2563 erga
2170 2495 2447 2562 imperitus
2491 2493 2685 2549 fratres
2718 2494 3257 2557 commiscrationem,
3295 2490 3379 2543 la-.

1807 2588 2075 2641 horiosam
2127 2586 2265 2640 hanc
2316 2587 2540 2641 docendi
2596 2587 2927 2656 provinciam
2961 2584 3260 2653 suscepisse
3294 2587 3374 2636 νῖτ

1807 2679 2017 2732 deatur.
2060 2678 2129 2732 Et
2181 2693 2471 2747 corporeas
2523 2679 2736 2748 quidem
2777 2678 3109 2747 suspiciones
3142 2693 3261 2746 qua:
3308 2692 3373 2729 ex

1806 2771 1910 2826 hac
1937 2770 2301 2840 appellatione
2342 2771 2687 2832 oboriuntur,
2731 2771 2951 2841 corrigit
2990 2770 3199 2825 scilicet
3231 2788 3243 2823 :
3280 2769 3374 2833 sed

1808 2863 2130 2919 detrimenta
2158 2878 2245 2928 ea,
2286 2874 2405 2932 quae
2431 2864 2500 2918 ob
2521 2863 2750 2918 factura:
2788 2878 2986 2918 nomen
3026 2862 3255 2915 Domino
3277 2862 3378 2914 iiu-

1807 2954 2042 3024 positum
2080 2962 2400 3019 nascuntur,
2431 2967 2767 3021 nequaquam
2802 2953 2989 3006 evitat.
3023 2953 3084 3005 Et
3121 2966 3248 3005 vero
3281 2967 3377 3020 go-

1809 3047 2144 3099 nerationem
2193 3060 2509 3114 corpoream
2543 3060 2663 3099 esse
2692 3047 2783 3113 qui
2811 3046 2990 3099 animo
3029 3045 3199 3113 lingit,
3239 3046 3377 3105 idem

1808 3140 1998 3206 utique
2026 3137 2092 3191 ad
2130 3136 2439 3190 materiales
2460 3136 2623 3190 etiam
2655 3135 2916 3191 factionis
2964 3138 3152 3191 modos
3189 3135 3379 3191 deduci

1811 3231 2025 3301 poterit.
2062 3228 2173 3285 Nec
2215 3230 2361 3283 enim
2396 3229 2741 3299 partitionem
2776 3231 3087 3298 quampiam
3117 3240 3171 3285 et
3204 3238 3378 3283 trans-

1812 3324 1945 3378 itum
1984 3331 2076 3375 aut
2102 3320 2326 3386 ﬂuxum,
2362 3321 2451 3389 qui
2484 3336 2545 3375 ex
2582 3320 2888 3389 generautis
2924 3320 3222 3375 substantia
3263 3319 3379 3384 ﬂat,

1814 3413 1882 3478 is,
1912 3413 2004 3482 qui
2034 3412 2323 3467 imbecillis
2348 3422 2451 3474 est,
2487 3426 2551 3465 ex
2587 3414 2879 3482 generandi
2920 3427 3051 3467 voce
3086 3412 3381 3481 intelliget;

1813 3504 2096 3557 materiam
2129 3518 2258 3557 vero
2290 3517 2409 3568 qum
2444 3503 2783 3557 extrinsecus
2811 3518 2876 3556 ex
2910 3502 3079 3557 nihilo
3106 3503 3174 3555 ad
3210 3502 3386 3557 factu-

1813 3610 1908 3661 m,
1948 3604 2005 3647 ut
2030 3610 2124 3648 vos
2161 3594 2359 3658 dicitis,
2404 3594 2838 3646 constituendam
2883 3592 3238 3646 substantiam
3285 3592 3382 3645 ad-

1815 3694 1964 3737 vecta
2012 3684 2102 3748 sit,
2136 3698 2240 3735 non
2275 3682 2574 3736 adducetur
2604 3691 2662 3734 ut
2710 3683 2893 3734 animo
2942 3682 3231 3749 concipiat.
3275 3681 3388 3737 Cur

1817 3775 1981 3843 igitur
2018 3774 2408 3843 cogitationqu
2461 3772 2792 3841 aegritudini,
2843 3787 2945 3840 qua
2997 3771 3197 3825 fratres
3237 3772 3389 3833 laba-

1816 3878 1956 3928 rant,
1990 3867 2161 3920 media
2189 3882 2253 3920 ex
2287 3877 2438 3934 parte
2469 3867 2733 3929 medetur,
2762 3875 2815 3919 et
2840 3881 3025 3919 eorum
3065 3866 3157 3934 qui
3199 3882 3391 3944 corpo-

1818 3972 1965 4011 ream
2002 3957 2405 4026 generationem
2460 3955 2787 4024 iutelliguut,
2824 3968 3076 4026 suscepta
3116 3974 3267 4029 eura,
3297 3973 3389 4013 eos

1817 4050 2013 4118 quibus
2053 4050 2274 4102 Ιοειιιηρ
2333 4047 2623 4116 appellatio
2664 4048 2950 4103 oll‘eusioni
2985 4060 3090 4115 est,
3138 4050 3388 4121 negligit?

1819 4139 2084 4206 Quoniam
2130 4144 2228 4193 hoc
2269 4139 2507 4208 quidem,
2534 4141 2760 4207 genitum
2788 4158 2921 4203 esse,
2952 4143 3064 4197 suis
3098 4144 3266 4213 ipsius
3289 4143 3387 4196 ἁιις

1821 4230 2088 4300 gmatibus
2118 4229 2446 4282 contrarium
2479 4230 2649 4298 novit,
2682 4246 2803 4285 cum
2842 4234 3061 4302 genitus
3088 4248 3208 4288 cum
3232 4234 3389 4303 geni-

1823 4333 1940 4377 tore
1969 4322 2256 4390 coujuncte
2278 4321 2500 4375 omnino
2528 4338 2592 4376 ac
2621 4322 2758 4375 citra
2786 4324 3154 4388 diversitatem
3190 4324 3388 4377 habere

1822 4427 1881 4468 se
1899 4412 2092 4466 debeat
2111 4427 2125 4477 ;
2144 4409 2271 4465 illud
2290 4424 2439 4476 vero,
2463 4410 2660 4480 factum
2681 4427 2813 4477 esse,
2832 4427 3008 4467 causa;
3027 4426 3138 4467 sua:
3156 4411 3387 4469 amicum

216 4616 329 4695 (26)
354 4616 579 4676 Codices
620 4624 730 4695 tres
776 4614 1008 4695 ποίημα,
1067 4614 1171 4668 κᾶν
1222 4614 1707 4695 EXSXLi)?(-i)10,.8lll€

1824 4617 1990 4689 ﬁngat
2020 4628 2112 4673 aut
2152 4617 2525 4695 partitionem,
2559 4625 2650 4695 att_t
2694 4617 3002 4695 transitum,
3032 4627 3123 4695 aut
3153 4617 3388 4695 aliquem

136 4700 277 4744 nota
310 4685 773 4757 interrogationis,
814 4685 971 4740 etiam
1001 4702 1154 4739 aures
1195 4694 1387 4739 nostra:
1412 4685 1719 4739 absurdius-

136 4771 286 4815 88111.

226 4832 338 4899 (27)
372 4830 589 4898 Legitur
610 4826 665 4899 in
690 4826 931 4899 margine
960 4825 1109 4895 Regii
1140 4826 1317 4896 quarti
1350 4827 1635 4899 σαρκικός.

225 4895 339 4970 (28)
384 4895 521 4953 Editi
574 4898 653 4959 είς
697 4895 763 4949 τὰ
815 4896 939 4961 ἔξω.
984 4898 1052 4949 At
1099 4911 1229 4949 mss.
1262 4895 1491 4963 quatuor
1540 4903 1621 4963 εις
1662 4898 1722 4952 τὸ

134 4972 277 5028 ἔξω.

180 5011 337 5109 72.9)
365 5038 543 5092 Codex
572 5051 707 5109 unus
737 5036 828 5091 τὸν
869 5035 1068 5091 σκοπὸν
1090 5035 1209 5105 τῆς,
1251 5038 1572 5105 propositum
1606 5054 1725 5092 con-

135 5107 273 5167 ειίιιι
285 5125 433 5175 mque
464 5107 703 5161 docendi.

222 5179 337 5247 (50)
371 5178 521 5238 Illud,
547 5177 642 5232 καὶ
676 5178 779 5243 τὰς
796 5177 933 5247 μὲν,
973 5188 1101 5243 etc.,
1134 5177 1334 5230 dictum
1373 5185 1458 5247 est
1488 5191 1583 5246 per
1610 5176 1721 5230 iro-

142 5246 326 5311 niam,
372 5249 473 5301 hac
511 5246 821 5303 sententia:
855 5249 1020 5315 Quasi
1050 5263 1181 5302 vero
1221 5246 1514 5305 Eunomius
1548 5247 1719 5313 timet,

140 5337 241 5383 ne,
279 5318 645 5388 generationis
689 5319 872 5371 audito
920 5318 1155 5382 nomine,
1214 5317 1483 5388 corporei,
1517 5317 1719 5384 aliquid

136 5386 567 5457 excogitemus;
599 5402 697 5442 nec
749 5398 923 5444 tamen
956 5400 1171 5443 veretur
1219 5386 1411 5441 Filium
1459 5387 1724 5457 facturum

138 5456 458 5515 nominare.
492 5457 708 5512 Scilicet
747 5457 879 5512 Filio
908 5458 1159 5513 convenit
1196 5458 1366 5528 magis
1407 5471 1602 5510 nomen
1642 5456 1725 5507 fa-

139 5542 349 5591 cturie,
377 5543 536 5596 quam
560 5530 941 5596 generationis.

228 5601 341 5669 (51)
375 5594 467 5651 Sic
494 5594 624 5669 m-s—s.
669 5597 911 5669 plerique
955 5612 1163 5654 omnes.
1215 5596 1355 5652 Edili
1385 5594 1643 5669 Καίτοιγε

142 5661 279 5726 mox
326 5661 461 5721 'editi
500 5661 758 5731 οὖτοςδιν
794 5661 909 5725 κάξ.
967 5671 1037 5722 At
1076 5671 1181 5722 duo
1221 5683 1348 5723 mss.
1390 5668 1418 5719 6
1458 5661 1619 5727 αὑτός
1659 5663 1727 5716 ἂν

143 5741 274 5796 καί.
1039 5764 1059 5773 ~

232 5810 347 5881 (5:2)
384 5809 493 5863 llue
524 5810 652 5863 diett
679 5808 912 5881 Basilius
938 5827 949 5861 :
978 5807 1034 5861 Si
1058 5822 1201 5881 quis,
1234 5805 1728 5881 generationisth

148 5877 276 5935 ’κιο
302 5877 538 5945 nomine,
570 5882 638 5934 ob
677 5879 878 5947 ingenii
927 5877 1352 5933 imbecillitatem
1392 5878 1496 5931 sibi
1544 5879 1726 5928 animo

1824 4686 2234 4759 ex'generautis
2264 4688 2561 4741 substantia
2604 4686 2831 4759 ﬂuxum,
2866 4688 2929 4749 is,
2956 4689 3045 4740 ubi
3087 4686 3277 4742 nomen
3307 4688 3389 4739 fa-

1823 4758 1990 4813 ctura:
2041 4760 2291 4822 audierit,
2336 4758 2699 4826 multomagis
2747 4760 3072 4826 exeogitabit
3107 4760 3391 4810 materiam

1826 4830 2061 4897 aliquam
2095 4844 2159 4882 ex
2191 4827 2361 4881 nihilo
2392 4837 2675 4895 sumptam,
2708 4842 2773 4889 ex
2800 4842 2902 4894 qua
2930 4829 3195 4881 constabit
3221 4830 3391 4884 factu?

1825 4915 1905 4951 ra.
1937 4897 2043 4953 Vos
2081 4899 2263 4967 igitur,
2302 4897 2390 4965 qui
2424 4898 2489 4950 de
2526 4898 2659 4951 Filio
2692 4897 2969 4965 loquentes
3009 4913 3139 4951 voce
3173 4899 3394 4951 facturae

1826 4969 2061 5033 utimini,
2092 4983 2189 5022 nec
2233 4979 2408 5020 tamen
2443 4967 2807 5033 generationis
2844 4969 3061 5020 neruine
3098 4968 3173 5020 uti
3207 4968 3393 5029 Vultis,

1826 5039 2022 5092 minori
2081 5042 2220 5091 malo
2263 5038 2547 5097 Inedemiui
2586 5052 2794 5101 eorum,
2832 5036 2921 5104 qui
2955 5054 3269 5104 corpoream
3304 5054 3395 5104 ge-

1830 5110 2163 5162 nerationem
2197 5108 2531 5159 comminisci
2574 5117 2797 5172 possunt
2830 5124 2843 5159 :
2892 5108 2988 5159 sed
3028 5108 3180 5160 vobis
3211 5110 3388 5158 studio

1828 5194 1935 5232 non
1970 5187 2073 5241 est,
2131 5176 2301 5244 majus
2331 5177 2525 5228 malum
2557 5192 2747 5229 curare
2787 5191 2998 5237 eorum,
3028 5178 3115 5243 qui
3138 5178 3241 5229 sibi
3268 5191 3391 5241 per-

1827 5249 2053 5302 suadere
2099 5256 2341 5317 possunt,
2384 5246 2741 5306 substantiam
2790 5247 2909 5301 Filii
2938 5261 3004 5299 ex
3039 5246 3203 5299 nihilo
3248 5260 3390 5299 sum-

1828 5328 1971 5388 ptam
2001 5333 2140 5372 esse.

1900 5388 2009 5457 (55)
2043 5388 2173 5458 lleg.
2218 5385 2414 5458 tertius
2456 5385 2553 5458 τὴν
2606 5387 2837 5455 γένεσιν.
2870 5386 2971 5440 Alii
3004 5401 3095 5439 sex
3128 5382 3393 5458 mss._':iqv

1829 5453 2098 5530 γέννησιν.
2125 5453 2272 5520 idem
2318 5457 2487 5511 codex
2512 5453 3017 5528 ὑπολαμϐανόντων
3064 5453 3395 5527 προνοούμε-

1829 5544 1939 5590 νος.

1900 5597 2010 5667 (54)
2042 5597 2153 5671 Illa,
2184 5596 2270 5671 διά
2320 5598 2382 5651 τὸ
2420 5598 2722 5671 ἀλλοτρίου,
2771 5611 2902 5660 etc.,
2952 5598 3092 5671 dicta
3125 5598 3394 5671 sunthoc

1830 5680 1992 5720 sensu
2026 5685 2038 5720 :
2068 5668 2188 5721 Ideo
2219 5669 2507 5723 Eunoinius
2534 5668 2761 5723 libenter
2786 5685 2914 5720 voce
2945 5669 3168 5720 factura:
3202 5669 3391 5731 utitur,

1831 5736 1975 5801 quand
2030 5753 2140 5791 sua:
2194 5741 2433 5804 opinioni
2494 5740 2665 5792 faveat
2706 5737 3199 5806 patrociueturque.
3258 5736 3392 5791 Nam

1830 5808 2007 5861 innuis
2038 5808 2243 5859 factura
2288 5810 2521 5862 ahenum
2556 5811 2809 5875 quiddam
2849 5819 2925 5859 est
2959 5820 3014 5861 et
3052 5810 3394 5875 peregrinum

1834 5875 2137 5941 ulacieute,
2174 5895 2272 5932 nec
2333 5881 2647 5948 intelligitur
2689 5879 2989 5935 naturalem
3041 5879 3239 5934 habere
3273 5897 3394 5939 cum
