3978 6410
475 412 479 417 ’
552 422 658 478 585

1896 428 1952 479 b.
1995 428 2239 481 BASiLll
2284 430 2495 484 MAGM

3701 450 3797 505 εει

558 558 625 598 ac
656 542 1035 597 subsidiarium
1070 542 1307 613 agnovit,
1339 541 1483 611 quod
1526 541 1576 595 id
1613 540 1772 596 alieni
1815 542 2112 611 peregrini-

2217 548 2308 600 καὶ
2334 546 2482 614 ξένου
2504 589 2518 614 ,
2549 549 2643 603 καὶ
2674 551 2845 623 πάντη
2877 553 3143 607 ἀνοικείου
3190 556 3323 627 πρὸς
3355 557 3446 610 τὸν
3487 563 3792 631 ποιήσαντα

552 650 679 703 que,
710 644 764 689 et
799 633 997 688 nullam
1039 633 1262 688 omnino
1288 648 1410 686 cum
1437 632 1643 687 factore
1682 634 2117 703 conjunctionetn

553 725 803 781 habentis
845 725 1118 780 notionem
1164 724 1406 779 exhibet.
1446 725 1650 780 Deinde
1684 724 1749 779 ad
1797 726 1911 803 hccc
1945 727 2117 794 addit,

554 820 737 874 dicens
762 836 777 872 :

624 910 759 967 Eun.
806 913 1120 969 Genituram
1168 916 1350 984 itaque
1405 915 1600 969 Filium
1661 917 1912 981 dicimus,
1938 934 2122 973 secun.

555 1005 679 1057 dum
711 1006 1109 1074 Scripturarum
1146 1010 1474 1073 doctrinam,
1506 1024 1610 1063 non
1641 1009 1785 1064 aliud
1816 1012 1941 1079 quid
1992 1012 2120 1065 sub-

555 1096 808 1150 stantiam
863 1097 1243 1168 intelligentes.
1273 1108 1328 1154 et
1380 1101 1525 1154 aliud
1562 1102 1694 1169 quid
1747 1102 1886 1170 quod
1925 1114 2120 1173 przeter

555 1185 725 1255 ipsam
750 1186 1104 1255 signiﬁcetur,
1134 1191 1228 1243 sed
1250 1190 1419 1258 ipsam
1452 1208 1571 1247 esse
1603 1194 2117 1264 hypostasin,quatn

557 1291 748 1331 nomen
794 1277 1096 1347 signiﬁcat,
1149 1294 1270 1333 cum
1332 1282 1643 1339 substantia:
1690 1300 1814 1339 vere
1857 1298 2121 1355 congruat

553 1366 669 1421 lucc
690 1368 1001 1438 appellatio.
1178 1430 1191 1440 ,

626 1457 746 1512 Bas.
790 1459 852 1513 Et
890 1460 940 1514 in
966 1460 1048 1515 bis
1084 1462 1269 1531 utique
1305 1466 1587 1520 veritatem
1618 1467 1791 1536 palam
1821 1480 2117 1537 oppugnat,

552 1550 756 1619 sibiipsi
815 1560 991 1605 tamen
1055 1568 1293 1609 consona
1347 1556 1604 1626 loquitur.
1657 1559 2119 1625 Quemadmodum

551 1642 695 1696 enim
729 1644 779 1695 in
816 1644 1186 1712 superioribus
1217 1648 1544 1703 decernebat
1596 1651 1646 1703 in
1698 1650 1804 1706 Deo
1841 1653 2120 1708 universo—

555 1752 670 1788 rum
696 1737 1053 1790 snbstantiam
1087 1738 1200 1804 ejus
1237 1755 1331 1808 per
1362 1739 1819 1810 ingenerationem
1848 1744 2120 1813 signiﬁca-

554 1825 596 1878 ri
626 1841 639 1876 :
672 1825 742 1878 ita
768 1826 856 1879 hic
886 1842 1099 1895 quoque
1129 1828 1479 1882 substantiam
1524 1830 1643 1885 Filii
1683 1849 1775 1900 per
1817 1838 2117 1903 genituram

551 1904 841 1985 signiﬁcari
871 1918 999 1970 dicit
1028 1936 1041 1970 :
1074 1927 1132 1972 ut
1157 1920 1320 1987 geniti
1349 1922 1413 1973 ad
1442 1922 1730 1990 ingenitum
1761 1926 2115 1994 oppositione,

552 2007 898 2078 Unigenitum
939 2012 1232 2063 secundum
1268 2013 1434 2080 ipsam
1465 2015 1817 2069 subsmntiatn
1851 2020 2119 2073 contrario

551 2103 713 2156 modo
764 2101 829 2153 ad
884 2100 1094 2155 Patrem
1128 2118 1187 2156 se
1227 2103 1429 2157 habere
1471 2106 1740 2159 ostendat.
1781 2107 2121 2176 Quapropter

551 2208 672 2244 cum
701 2190 894 2244 Filium
923 2193 1226 2261 genituram
1252 2194 1506 2263 appellat,
1537 2197 1696 2249 verba
1730 2214 1846 2266 qua:
1877 2216 1903 2251 a
1936 2199 2117 2255 divino

554 2284 756 2352 Spiritu
804 2295 1058 2350 usurpata
1104 2300 1208 2337 non
1252 2296 1397 2351 sunt,
1452 2286 1776 2355 praescribit.
1824 2288 1975 2343 Unde
2006 2291 2119 2345 hac

550 2375 794 2445 accepit?
829 2391 893 2430 ex
938 2391 1042 2445 qua
1082 2377 1366 2431 doctrina?
1404 2392 1433 2429 a
1473 2393 1581 2447 quo
1627 2380 1917 2447 propheta?
1952 2397 1979 2433 a
2011 2396 2118 2451 quo

551 2468 813 2537 apostolo,
846 2470 935 2538 qui
968 2469 1071 2523 hoc
1101 2470 1146 2522 ei
1177 2484 1474 2538 cognomen
1507 2471 1792 2525 tribuerit?
1833 2472 1943 2541 Ego
1968 2474 2120 2541 equi-

556 2564 681 2615 dem
723 2561 864 2614 hanc
892 2576 1075 2615 vocem
1106 2562 1184 2615 sic
1212 2576 1523 2631 expressam
1558 2564 1609 2617 in
1647 2562 1793 2617 nullo
1824 2563 2118 2634 Scriptum

551 2652 669 2707 loco
697 2651 932 2706 invenio.

623 2744 674 2796 7.
718 2744 881 2810 Atqui
919 2742 1005 2798 hic
1039 2742 1140 2797 iste
1176 2758 1234 2798 se
1256 2743 1354 2797 bas
1385 2742 1770 2812 appellationes
1801 2759 1906 2799 non
1940 2743 2117 2799 aliun-

554 2838 619 2891 de
642 2851 799 2905 quam
840 2850 869 2889 a
907 2833 1141 2903 Spiritus
1176 2833 1419 2888 doctrina
1481 2836 1775 2905 sumpsisse
1833 2836 2114 2902 gloriatur.

554 2929 749 2984 Parum
780 2926 921 2982 enim
959 2927 1005 2982 ei
1041 2926 1139 2980 fuit
1172 2926 1479 2980 hominibus
1509 2926 1781 2997 negotium
1828 2926 2116 2991 facessere,

556 3020 661 3074 nisi
708 3020 761 3073 in
812 3019 986 3088 ipsum
1023 3019 1185 3072 etiam
1232 3018 1492 3086 Spiritum
1530 3018 1899 3073 insolesceret.
1958 3017 2116 3089 243

556 3109 768 3163 Patrem
824 3108 1039 3176 quidem
1090 3108 1360 3178 genuisse,
1397 3122 1463 3161 ex
1505 3108 1688 3163 multis
1740 3108 1871 3163 locis
1928 3108 2119 3163 didici-

559 3216 677 3253 mus
714 3217 725 3251 :
760 3199 953 3252 Filium
985 3214 1114 3252 vero
1143 3198 1442 3268 genituram
1467 3213 1606 3263 esse,
1641 3198 1864 3253 necdum
1888 3197 1952 3252 ad
1976 3198 2117 3252 hunc

557 3306 726 3359 usque
760 3292 901 3343 diem
933 3290 1256 3344 audivimus.
1290 3288 1552 3343 Parvulas
1598 3290 1765 3354 enim,
1796 3290 1987 3359 inquit,
2019 3308 2116 3344 na-

555 3393 638 3434 tus
677 3391 748 3433 est
787 3382 974 3433 nobis:
999 3380 1142 3445 ﬁlius
1181 3390 1227 3432 et
1272 3381 1428 3432 datus
1453 3390 1528 3432 est
1561 3380 1741 3443 nobis;
1769 3388 1930 3448 atque
1960 3395 2118 3435 voca-

556 3482 642 3525 tur
691 3487 884 3525 nomen
938 3471 1072 3537 ejns,
1113 3486 1216 3525 non
1262 3472 1529 3541 genitura,
1570 3472 1661 3525 sed
1692 3471 1876 3539 Magni
1909 3473 2117 3526 consilii

552 3564 763 3634 angelus
786 3564 851 3620 ³⁰.
883 3564 1041 3632 Atqui
1082 3564 1123 3616 si
1158 3563 1403 3632 genitura
1454 3563 1810 3616 substantiam
1844 3563 2118 3631 signiﬁca-

552 3668 654 3725 ret,
690 3673 795 3711 non
832 3656 974 3710 aliud
1008 3655 1248 3725 profecto
1291 3671 1484 3709 nomen
1514 3672 1613 3710 nos
1642 3655 1916 3710 docuisset
1942 3656 2115 3725 Spiri-

554 3762 843 3819 tns,qnam
886 3751 1029 3819 quod
1068 3750 1423 3803 substantiam
1469 3748 1585 3817 ejus
1632 3748 1807 3818 palam
1838 3747 2117 3803 declarare

553 3850 751 3907 posset.
783 3840 845 3892 Et
878 3854 1113 3901 rursum,
1144 3838 1331 3893 Petrus
1370 3840 1463 3907 qui
1509 3839 1579 3892 ob
1609 3840 1850 3893 veritatis
1889 3840 2111 3909 agnitio-

550 3948 670 3985 nem
729 3931 836 3984 illis
888 3930 1161 3984 beatitatis
1208 3931 1534 3985 testimoniis
1574 3932 1826 4000 dignatus
1879 3940 1979 3995 est,
2012 3948 2114 3985 non

550 4025 703 4089 dixit,
732 4022 808 4074 Tn
854 4038 911 4076 es
955 4023 1231 4092 genitura:
1277 4025 1367 4078 sed
1404 4041 1416 4076 :
1452 4023 1530 4076 Tu
1562 4041 1616 4077 es
1671 4023 1909 4077 Christus
1944 4023 2115 4077 Filius

554 4115 645 4166 Dei
677 4114 851 4167 viri".
889 4112 1025 4179 Quin
1049 4124 1101 4167 et
1134 4114 1352 4177 Paulus,
1388 4116 1602 4169 etiamsi
1628 4116 1809 4169 omnia
1843 4132 1938 4169 sua
1972 4116 2114 4170 scri-

549 4216 635 4274 pta
684 4205 804 4258 Filii
853 4205 1212 4273 appellatione
1263 4206 1584 4274 impleverit,
1612 4222 1882 4275 nusquam
1932 4216 2112 4261 tamen

548 4298 809 4364 geniturae
846 4295 1169 4349 mentionem
1225 4295 1417 4350 fecisse
1470 4299 1805 4365 reperietur:
1834 4300 1973 4366 quod
2016 4314 2115 4352 no-

549 4400 669 4438 men
696 4385 783 4438 hic
822 4384 931 4447 ille,
965 4393 1219 4452 tanquam
1248 4386 1289 4437 si
1326 4386 1450 4439 illud
1475 4402 1539 4439 ex
1574 4386 1756 4440 divino
1788 4388 2115 4443 documento

549 4477 867 4544 accepisset,
901 4476 1222 4529 conﬁdentia
1253 4477 1416 4530 multa
1452 4477 1681 4545 profert.
1716 4476 1825 4532 Nec
1851 4480 1993 4531 enim
2029 4478 2113 4531 hic

2219 639 2315 709 τὴν
2361 640 2568 694 ἔννοιαν
2613 644 2905 713 παριστᾷν.
2959 638 3092 698 Εἶτα
3165 646 3372 709 τούτοις
3436 648 3795 705 ἐπισυνάπτει

2220 731 2391 802 λέγων
2414 749 2427 763 ⁸

2290 904 2447 958 ΕΥΝ.
2488 904 2738 975 Γέννημα
2768 904 2946 959 τοίνυν
2974 906 3064 959 τὸν
3095 908 3223 961 Υίόν
3282 927 3490 981 φαμεν,
3526 913 3675 967 κατά
3708 915 3795 986 τὴν

2219 993 2327 1046 τῶν
2378 995 2604 1065 Γραφῶν
2651 994 3025 1051 διδασκαλίαν
3076 998 3175 1068 οὐχ
3217 998 3401 1070 ἕτερον
3455 1001 3559 1071 μέν
3602 1021 3658 1056 τι
3705 1006 3797 1075 τὴν

2220 1084 2404 1137 οὐσίαν
2445 1084 2717 1151 νοοῦντες,
2753 1086 2935 1157 ἕτερον
2965 1088 3020 1141 δέ
3052 1106 3104 1142 τι
3150 1092 3280 1161 παρ’
3308 1092 3476 1162 αὐτὴν
3500 1093 3565 1147 τὸ
3592 1112 3796 1165 μαι-

2219 1174 2459 1244 νόμενον,
2493 1175 2606 1228 ἀλλ’
2642 1176 2811 1248 αὐτὴν
2856 1174 2991 1231 εἶναι
3018 1179 3115 1250 τὴν
3148 1180 3462 1244 ὑπόστασιν.
3493 1186 3561 1253 ἣν
3595 1188 3796 1256 σημαῖο

2220 1280 2299 1317 νει
2343 1264 2577 1336 τούνομα
2669 1266 3105 1340 ἐπαλνθευούσης
3145 1273 3209 1339 τῇ
3262 1270 3418 1343 οὐσία
3465 1274 3570 1342 τῆς
3636 1293 3796 1346 προσ-

2220 1354 2470 1425 ηγορίας.

2292 1446 2437 1499 ΒΑΣ.
2473 1448 2581 1500 Καὶ
2633 1449 2689 1500 ἐν
2728 1447 2938 1513 τούτοις
2977 1452 3155 1504 τοίνυν
3202 1455 3267 1523 τῇ
3306 1454 3404 1523 μὲν
3431 1456 3673 1527 ἀληθεία
3703 1476 3797 1526 ςα-

2220 1538 2391 1609 νερῶς
2430 1538 2772 1610 διαμάχεται,
2824 1542 3002 1612 ἑαυτῷ
3033 1543 3088 1595 δὲ
3132 1545 3280 1614 ὅμως
3313 1548 3589 1602 ἀκόλουθα
3629 1551 3792 1618 λέγει.

2233 1632 2318 1693 Ὠς
2362 1632 2467 1705 γὰρ
2508 1634 2564 1684 ἐν
2591 1636 2703 1697 τοῖς
2755 1634 2866 1687 ἄνω
2906 1633 3083 1702 λόγοις
3120 1636 3180 1688 τὸ
3224 1636 3519 1707 ἀγέννητον
3567 1640 3662 1693 ἐπὶ
3710 1642 3797 1694 τοῦ

2221 1723 2354 1776 Θεοῦ
2384 1724 2491 1777 τῶν
2523 1725 2657 1778 ὅλων
2684 1726 2781 1796 τῆς
2811 1727 2995 1791 οὐσίας
3028 1727 3192 1780 αὐτοῦ
3221 1728 3504 1799 διωρίζετο
3528 1729 3675 1786 εἶναι
3704 1752 3795 1803 ση-

2225 1818 2481 1887 μαντικὸν
2503 1857 2516 1880 ,
2546 1817 2687 1871 οὕτω
2723 1820 2813 1872 καὶ
2856 1820 3087 1873 ἐνταῦθα
3117 1822 3177 1874 τὸ
3210 1822 3452 1894 γέννημα
3486 1827 3587 1897 τὴν
3614 1830 3796 1881 οὐσίαν

2221 1908 2312 1960 τοῦ
2340 1908 2465 1961 Υἱοῦ
2512 1911 2794 1980 σημαίνειν
2827 1911 2935 1980 (55)
2980 1910 3125 1980 λέγει
3149 1930 3163 1943 θ
3200 1915 3265 1967 ἵν’
3307 1916 3364 1967 ἐν
3394 1920 3457 1986 τῇ
3489 1918 3586 1970 τοῦ
3616 1936 3795 1988 γεννη-

2224 2000 2312 2051 τοῦ
2349 2000 2484 2069 πρὸς
2512 2000 2572 2054 τὸ
2599 2001 2891 2072 ἀγέννητον
2922 2002 3186 2057 ἀντιθέσει
3210 2007 3464 2071 ἐναντίως
3499 2010 3699 2079 ἔχοντα

2220 2091 2396 2161 Πατρὶ
2425 2091 2515 2143 τὸν
2538 2092 2814 2163 Μονογενῆ
2837 2094 2975 2147 κατὰ
2998 2094 3096 2166 τὴν
3119 2096 3306 2150 οὐσίαν
3326 2099 3499 2169 αὐτὴν
3528 2100 3787 2173 ἐπιδείξῖ.

2218 2180 2317 2233 Διά
2354 2181 2525 2235 ταῦτα
2548 2182 2824 2253 νομοθετεί
2856 2186 3073 2259 ῥήματα
3110 2186 3215 2251 ἔξω
3248 2188 3346 2258 τῆς
3394 2192 3651 2260 χρήσεως
3674 2194 3794 2247 εντα

2218 2272 2311 2325 τοῦ
2340 2272 2483 2326 θείου
2523 2274 2855 2345 Πνεύματος,
2900 2278 3143 2348 γέννημα
3188 2279 3278 2332 τὸν
3314 2281 3439 2334 Υίὸν
3487 2281 3788 2354 (inaugura.

2220 2364 2388 2418 Πόθεν
2411 2366 2618 2432 λαϐών;
2643 2368 2707 2421 ἐκ
2730 2369 2886 2433 ποίας
2906 2369 3251 2435 διδασκαλίας
3269 2389 3284 2437 ;
3305 2374 3447 2438 τίνος
3470 2379 3789 2447 προφήτας

2216 2457 2360 2521 τίνος
2387 2457 2496 2511 τῶν
2521 2460 2829 2513 ἀποστόλων
2856 2460 3059 2532 ταύτην
3091 2463 3241 2533 αὐτῷ
3266 2465 3364 2535 τὴν
3400 2470 3790 2538 προσωνυμίαν

2217 2547 2679 2620 ἐπιφημίσαντος;
2715 2550 2856 2620 Ἐγὼ
2893 2552 2991 2622 μὲν
3041 2554 3148 2625 γὰρ
3182 2555 3415 2625 οὐδαμοῦ
3442 2557 3549 2626 τῆς
3568 2559 3611 2610 Γ
3618 2560 3791 2629 ραῖἦς

2208 2640 2474 2710 ⁵κειμένην
2495 2640 2635 2694 οὕτω
2661 2644 2759 2713 τὴν
2788 2643 2968 2711 φωνὴν
2998 2645 3199 2715 ταύτην
3232 2639 3412 2719 εὗρον.

2288 2730 2341 2784 7.
2369 2732 2556 2785 Καίτοι
2586 2734 2877 2805 οὐδαμόθεν
2899 2732 3050 2799 οὗτος
3074 2737 3106 2807 ἢ
3137 2740 3201 2791 ἐκ
3230 2740 3327 2808 τῆς
3345 2740 3437 2792 τοῦ
3468 2742 3789 2813 Πνεύματος

2201 2822 2866 2897 -διδασκαλίαςηείληφέναι
2897 2829 2995 2891 τ’ἁς
3020 2831 3385 2901 προσηγορίας
3418 2834 3631 2897 ταύτας
3668 2838 3791 2888 αλα-

2220 2913 2509 2979 ζονεύεται.
2534 2919 2743 2990 Μικρὸν
2782 2921 2891 2991 γὰρ
2925 2922 3071 2992 αὐτῷ
3100 2925 3214 2986 τοῖς
3257 2923 3569 2994 ἀνθρώποις
3602 2930 3790 2992 ἀγῶνα

2220 3009 2496 3079 παρέχειν,
2524 3012 2571 3062 εί
2606 3010 2679 3081 μὴ
2705 3012 2796 3065 καὶ
2820 3010 2980 3066 αὐτοῦ
3011 3014 3102 3067 τοῦ
3138 3015 3246 3083 (56)
3279 3017 3603 3087 Πνεύματος
3636 3038 3791 3073 καταο

2204 3097 2524 3169 ¹τολμήσειε.
2572 3100 2612 3151 Γ
2614 3103 2957 3173 εγεννηκέναι
2997 3105 3094 3175 μὲν
3132 3106 3239 3177 γὰρ
3274 3109 3361 3161 τὸν
3400 3110 3627 3181 Πατέρα
3667 3113 3795 3163 πολ-

2203 3187 2381 3259 ιλαχοῦ
2409 3192 2762 3264 δεδιδάγμεθα
2781 3213 2793 3225 ·
2817 3196 3062 3267 γέννημα
3081 3198 3137 3251 δέ
3160 3196 3295 3251 εἶναι
3317 3201 3405 3254 τὸν
3424 3202 3553 3254 Υίον
3578 3204 3793 3257 οὐδέπω

2168 3276 2187 3298 ⁸
2220 3281 2313 3333 καὶ
2340 3282 2576 3354 τήμερον
2599 3286 2932 3357 ἀκηκόαμεν·
2967 3288 3210 3343 Παιδίον
3244 3291 3373 3359 γὰρ,
3410 3295 3599 3363 φησὶν,
3628 3296 3795 3365 ἐγεν-

2200 3370 2368 3438 νήθη
2390 3372 2562 3439 ἡμῖν’
2593 3376 2725 3441 υίὸς
2751 3378 2847 3429 καὶ
2869 3378 3045 3446 ἐδόθη
3079 3379 3247 3448 ἡμῖν·
3277 3382 3386 3451 (57)
3411 3385 3511 3437 καὶ
3544 3388 3793 3440 καλεῖται

2194 3464 2273 3515 τὸ
2302 3464 2471 3534 ὄνομα
2510 3468 2672 3520 αὐτοῦ
2703 3468 2823 3538 οὐχὶ
2862 3470 3123 3541 γέννημα,
3175 3472 3309 3525 ἀλλὰ
3331 3475 3620 3545 Μεγάλης
3646 3480 3793 3541 ,ϐου-

2213 3554 2329 3624 λῆς
2350 3557 2620 3627 ἄγγελος.
2645 3560 2833 3613 Καίτοι
2855 3562 3013 3633 εἴπερ
3031 3561 3089 3614 τὸ
3110 3561 3350 3633 γέννημα
3371 3566 3559 3630 οὐσίας
3574 3570 3790 3641 ὑπῆρχε

2217 3648 2563 3719 σημαντικὸν,
2585 3649 2684 3702 οὐκ
2708 3649 2772 3703 ἂν
2793 3650 2976 3723 ἕτερον
2989 3651 3158 3722 ὄνομα
3184 3654 3331 3724 παρά
3349 3654 3441 3706 τοῦ
3463 3657 3792 3729 Πνεύματος

2214 3739 2600 3810 ἐδιδάχθημεν,
2640 3740 2673 3810 ἢ
2735 3740 2870 3811 ὅπερ
2916 3742 3174 3811 ἐμφανῶς
3222 3743 3318 3814 τὴν
3371 3745 3559 3799 οὐσίαν
3621 3751 3790 3803 αὐτοῦ

2215 3833 2483 3902 παριστᾷν
2513 3830 2721 3901 ἔμελλε.
2758 3832 2867 3886 Καὶ
2891 3834 3050 3887 πάλιν
3070 3836 3100 3889 ὁ
3122 3834 3343 3907 Πέτρος,
3376 3838 3409 3889 ὁ
3437 3838 3528 3890 διὰ
3560 3841 3665 3911 τὴν
3696 3843 3789 3912 τῆς

2214 3922 2467 3992 ἀληθείας
2490 3924 2782 3991 ἐπίγνωσιν
2816 3923 2923 3977 τῶν
2958 3927 3317 3997 μακαρισμῶν
3359 3929 3585 3985 ἐκείνων
3622 3934 3785 3997 ἀξιω-

2214 4014 2347 4079 θεὶς,
2376 4016 2475 4067 οὐκ
2520 4012 2671 4079 εἷπε,
2712 4016 2782 4069 Σὺ
2824 4014 2875 4070 εἶ
2920 4018 2981 4070 τὸ
3024 4019 3299 4090 γέννημα·
3340 4022 3505 4088 ἀλλά,
3538 4026 3628 4079 Σὺ
3668 4025 3728 4079 εἶ
3756 4033 3789 4081 ὁ

2198 4107 2465 4177 »Χριστὸς
2482 4110 2513 4161 0'
2534 4107 2662 4172 Υἱὸς
2684 4109 2789 4163 τοῦ
2817 4110 2961 4163 Θεοῦ
2985 4112 3087 4165 τοῦ
3114 4110 3340 4177 ζῶντος.
3370 4116 3479 4168 Καὶ
3505 4119 3531 4169 ὁ
3552 4119 3784 4183 Παῦλος,

2214 4202 2393 4254 πᾶσαν
2427 4201 2590 4254 αὑτοῦ
2626 4202 2720 4273 τὴν
2752 4203 2965 4273 γραφὴν
2992 4204 3089 4273 τῆς
3118 4203 3209 4257 τοῦ
3246 4205 3373 4258 Υίοῦ
3409 4213 3786 4283 προσηγορίας

2214 4294 2669 4365 καταπληρώσας,
2698 4296 2931 4365 οὐδαμοῦ
2965 4298 3260 4367 φανήσεται
3286 4302 3631 4370 γεννήματος·
3656 4322 3785 4373 μνη-

2216 4386 2511 4457 μονεύσας⁸
2536 4388 2671 4457 ὅπερ
2710 4388 2820 4457 (58)
2854 4383 3003 4450 οὗτος
3036 4392 3098 4441 ἐκ
3141 4389 3339 4460 πολλῆς
3380 4392 3479 4462 τῆς
3518 4395 3783 4464 πεποιθή-

2218 4494 2373 4540 σεως,
2406 4477 2479 4541 ὼς
2510 4480 2573 4530 ἐκ
2605 4477 2696 4530 τοῦ
2720 4478 2860 4530 θείου
2892 4478 3065 4532 λαϐὼν
3090 4479 3425 4535 διδασκαλίου
3463 4485 3604 4551 (59),
3658 4505 3781 4557 :prr

548 4569 597 4621 ei
627 4568 1044 4636 permittendum
1072 4577 1270 4630 est,ul,
1301 4583 1449 4630 voce,
1481 4571 1683 4638 genuit,
1715 4584 1833 4638 quae
1860 4568 1924 4621 de
1952 4566 2111 4621 Patre

2218 4569 2392 4640 φέρει.
2455 4570 2585 4621 Οὐδὲ
2614 4570 2721 4639 γὰρ
2753 4569 2985 4623 ἐνταῦθα
3032 4573 3405 4644 συγχωρητέον
3437 4576 3592 4645 αὐτῷ
3614 4617 3630 4636 ,

547 4658 762 4722 dicitur,
808 4668 1164 4712 transmutata
1195 4674 1257 4711 ac
1300 4658 1706 4721 transformata,
1742 4658 1971 4727 appellet
2014 4658 2105 4711 Dei

545 4750 740 4805 Filium
792 4754 1113 4821 genituram.
1164 4750 1273 4804 Non
1318 4750 1462 4804 enim
1510 4751 1763 4804 convenit
1823 4761 1879 4804 ut
1924 4752 1968 4804 is
2013 4750 2105 4819 qui

544 4843 726 4897 divino
758 4844 948 4897 timore
968 4843 1210 4897 eruditus
1248 4851 1349 4903 est,
1382 4844 1433 4895 in
1468 4842 1517 4893 id
1546 4841 1684 4910 quod
1722 4858 1786 4894 ex
1813 4842 2101 4896 verborum

2204 4662 2512 4729 ἐγέννησε,
2551 4661 2731 4733 φωνὴν
2782 4663 2873 4717 ἐπὶ
2914 4662 3007 4716 τοῦ
3046 4664 3259 4734 [ἰατρὸς
3302 4666 3565 4737 κειμένην
3617 4688 3777 4739 μετα-

2208 4754 2588 4824 σχηματίζοντι
2614 4756 2709 4806 καὶ
2740 4754 3189 4825 μεταπλάσσοντι,
3224 4757 3469 4827 γέννημα
3505 4777 3778 4829 προσαγο.

2207 4847 2381 4915 ρεύειν
2398 4845 2485 4898 τὸν
2503 4845 2627 4898 my
2641 4845 2731 4898 τοῦ
2745 4846 2898 4899 Θεοῦ.
2914 4847 2985 4899 Οὐ
3004 4847 3109 4918 γάρ
3120 4848 3254 4919 ὅπερ
3271 4849 3379 4918 (40)
3398 4849 3463 4901 ἂν
3479 4852 3545 4903 ἐκ
3559 4852 3663 4922 τῆς
3681 4853 3775 4904 τῶν

541 4934 923 4987 consecutione
968 4933 1297 5002 apparuerit,
1342 4932 1505 4985 facile
1548 4931 1814 4986 transiliat
1846 4952 1859 4987 :
1893 4932 1986 4986 sed
2043 4940 2101 4986 ut

2217 4936 2460 5006 δημάτων
2490 4937 2807 5001 ἀκολουθίας
2853 4938 3213 5009 ὑποφαίνηται
3238 4940 3477 5003 εὐκόλως
3511 4944 3775 5014 ima-756;,

612 5066 780 5122 "lsa.
809 5084 885 5132 Ix,
920 5067 971 5123 ϐ.
1050 5068 1092 5099 ³¹
1127 5068 1312 5122 Matth.
1344 5082 1452 5131 xvt,
1490 5068 1581 5123 16.

540 5188 769 5244 faciente
807 5190 1319 5261 cognationemth
1349 5205 1465 5261 quo
1495 5191 1563 5261 lit
1591 5198 1647 5241 ιιι
1674 5190 1865 5253 cuique
1909 5204 2093 5261 prom-

540 5274 687 5327 ptum
747 5262 815 5314 sil
858 5258 911 5313 οὶ
943 5260 1097 5313 facile
1133 5258 1401 5327 colligere,
1428 5258 1642 5314 Filium.
1691 5261 1733 5311 si
1769 5262 1972 5312 factura
2000 5259 2093 5320 sit,

540 5331 969 5399 l’atrimqualem
998 5346 1101 5382 non
1128 5345 1247 5382 esse
1278 5350 1290 5384 ;
1334 5331 1384 5382 id
1411 5330 1551 5397 quod
1577 5330 1627 5382 in
1657 5332 1845 5398 primis
1872 5330 2098 5383 suadere

539 5407 835 5454 conabatur
872 5401 1183 5453 Eunomius.

605 5471 715 5540 (55)
758 5472 935 5525 Codex
965 5470 1116 5523 (loli).
1146 5468 1330 5520 οὐσίαν
1376 5468 1467 5520 τοῦ
1508 5466 1641 5519 Θεοῦ
1686 5468 1989 5539 σημαίνειν,
2028 5484 2107 5521 es-

531 5548 749 5593 sentiam
784 5542 898 5594 Dei.

604 5611 712 5675 (56)
747 5612 835 5664 Sic
867 5626 995 5663 mss.
1023 5612 1215 5664 nostri.
1244 5608 1518 5662 Articnlns
1552 5610 1599 5661 in
1632 5610 1790 5663 editis
1813 5610 2021 5662 deerat.

604 5680 881 5751 (57)Εᾴᾼίιὶ
907 5696 1026 5733 cum
1065 5680 1193 5751 lleg.
1228 5682 1398 5746 primo
1440 5678 1589 5748 ἐδόθη
1623 5682 1771 5749 ἡμῖν,
1806 5676 1864 5733 οῦ
1892 5681 1922 5749 ἡ
1948 5679 2088 5751 ἀρχὴ

533 5748 623 5799 ἐπὶ
665 5750 756 5800 τοῦ
795 5748 945 5818 ὤμου
967 5748 1163 5813 αὐτοῦ,
1199 5750 1365 5818 cujus~
1387 5748 1705 5813 principatus
1733 5766 1890 5817 super
1912 5748 2091 5803 huian

532 5830 645 5870 rum
686 5820 816 5887 ejus.
847 5815 962 5875 Sed
998 5824 1077 5873 lite
1106 5815 1284 5886 voces,
1314 5815 1375 5872 οὐ
1422 5820 1453 5888 ἡ
1502 5818 1639 5887 ἀρχὴ
1692 5815 1911 5871 ἐπιτοῦ
1942 5818 2088 5888 ὤμου

2203 5190 2393 5251 αὐτοῦ,
2422 5190 2615 5242 desunt
2668 5189 2721 5242 in
2753 5187 3151 5257 antiquioribus
3197 5188 3493 5248 codicibus,
3545 5204 3649 5241 nec
3690 5204 3771 5240 cas

2208 5264 2605 5332 agnovitrretns
2656 5259 3156 5332 interpres.__Quare
3197 5260 3441 5327 suSpicor
3483 5274 3769 5325 pnrnmpu-

2207 5328 2316 5388 tum
2346 5331 2767 5384 additamentum
2798 5344 2921 5381 esse
2954 5328 3295 5381 librariorum
3336 5345 3351 5381 :
3382 5343 3559 5395 eoque
3586 5344 3767 5395 magis.

2205 5402 2342 5471 quod
2369 5416 2522 5453 voces
2558 5399 2852 5467 peregrinae
2878 5399 2927 5450 in
2961 5396 3097 5468 Reg.
3122 5398 3298 5466 primo
3333 5413 3435 5451 non
3467 5412 3593 5450 raro
3630 5398 3765 5451 inre-

2206 5473 2444 5527 niantur.

2274 5542 2387 5609 (58)
2423 5543 2637 5609 Ὅπερ,
2656 5539 2793 5608 quod
2820 5555 3024 5609 nomen,
3052 5540 3309 5606 genitura:
3334 5538 3563 5595 scilicet.

2275 5605 2385 5683 (39)
2419 5612 2554 5665 Editi
2568 5605 2976 5683 διδασκαλείου,
3005 5625 3069 5661 ea:
3090 5611 3269 5683 divina
3294 5612 3496 5683 schola,
3532 5623 3765 5683 nonma-

2201 5679 2291 5736 le.‘
2320 5685 2389 5734 At
2430 5696 2557 5733 mss.
2594 5682 2829 5749 plerique
2868 5694 3055 5732 untnes
3095 5679 3457 5745 διδασκαλίου,
3499 5698 3562 5734 ex
3597 5681 3763 5731 dit-ins

2199 5754 2457 5805 doctrina.

2273 5821 2382 5889 (40)
2412 5820 2587 5875 Codex
2632 5834 2767 5873 unus
2802 5819 2933 5871 Οὐδέ
2966 5819 3074 5889 γὰρ
3110 5820 3264 5887 ὅπερ.
