3978 6410
264 341 371 398 589

1388 343 1752 400 ADVERSUS
1790 344 2160 403 EUNOMIUM
2203 347 2332 402 LIB.
2375 346 2439 403 ll.

3393 351 3497 405 590

258 454 397 510 ἀλλὰ
438 452 608 525 μόνην
655 456 754 526 τὴν
800 457 934 526 πρὸς
977 456 1161 527 ἓπερον
1215 455 1396 525 σχέσιν
1449 457 1839 529 ἀποσημαίνει,

1971 460 2318 515 ιδὺὶιιιάἰιιθιη
2375 468 2548 526 notat,
2590 461 2642 516 id
2699 462 3060 518 substantiam
3113 477 3234 518 esse
3264 467 3496 532 sancire,

260 547 419 602 τοῦτο
448 548 634 601 οὑσίαν
668 545 805 602 εἶναι
838 549 1145 619 νομοθετεῖν
1192 549 1308 612 πῶς
1339 550 1398 602 οὑ
1448 551 1545 622 τῆς
1575 551 1837 604 ἀνωτάτω

262 640 648 712 παραπληξίας
679 641 826 705 soci;
861 641 1119 710 Καίτοιγε
1166 642 1357 712 μικρὸν
1393 641 1698 714 ἔμπροσθεν
1721 643 1834 710 (54)

262 732 538 786 ἐδείκνυτο
584 734 710 804 παρ’
745 733 922 804 ἡμῶν,
973 735 1055 786 ὅτι
1094 735 1187 786 καὶ
1219 734 1284 787 τὰ
1330 734 1703 805 ἀπολελυμένα
1731 735 1840 787 τῶν

263 821 564 894 ὀνομάτων,
595 823 695 877 κᾶν
722 824 789 876 τὰ
839 825 1074 895 μάλιστα
1102 825 1232 896 δοκῇ
1266 825 1624 896 ὑποκείμενόν
1656 843 1709 879 τι
1743 826 1840 896 δη-

266 914 415 979 λοῦν,
447 916 546 968 οὑκ
577 917 746 987 αὑτὴν
778 917 1076 989 παρίστησι
1102 918 1199 988 τὴν
1227 917 1433 982 οὐσίαν,
1485 916 1749 989 ἰδιώματα
1785 918 1842 971 δέ

266 1025 390 1061 τινα
417 1008 544 1076 περὶ
577 1007 745 1077 αὑτὴν
773 1009 1040 1081 ἀφορίζει.

344 1098 430 1156 10.
469 1099 604 1150 Ἀλλ’
648 1101 676 1151 ὁ
725 1099 1052 1168 σοφώτατος,
1106 1101 1200 1154 καὶ
1244 1104 1364 1164 ταῖς
1412 1103 1844 1173 ματαιοτεχνίαις

270 1189 488 1246 ἃπαντα
531 1192 621 1246 τὸν
653 1191 766 1262 βίον
799 1191 1132 1262 ἐσχολακὼς,
1171 1194 1269 1246 οὑκ
1305 1193 1530 1266 ἐρυθριᾷ
1555 1195 1724 1268 αὑτὴν
1749 1194 1848 1265 τὴν

271 1283 462 1338 οὑσίαν
488 1281 599 1355 (55)
627 1283 720 1336 τοὺ
753 1285 1085 1354 Μονογενοῦς
1120 1285 1404 1355 σημαίνειν
1442 1286 1612 1356 λέγων
1641 1286 1700 1339 τὸ
1727 1287 1850 1355 γέν-

273 1391 444 1444 νημα.
475 1373 646 1426 Τοῦτο
677 1373 732 1426 δὲ
760 1374 889 1443 ὅσην
917 1373 1010 1443 τὴν
1052 1373 1278 1426 ἀτοπίαν
1310 1373 1444 1444 ἔχει,
1481 1376 1753 1427 σκοπεῖτε.
1783 1375 1848 1427 Εἰ

275 1467 388 1537 γὰρ
483 1466 645 1520 οὑσία
675 1467 940 1536 γέννημα,
971 1465 1066 1518 καὶ
1099 1467 1385 1528 ἀνάπαλιν,
1421 1468 1473 1520 εἴ
1499 1485 1550 1519 τι
1585 1467 1849 1537 γέννημα,

277 1559 437 1612 τοῦτο
492 1558 683 1610 οὐσία·
736 1556 999 1628 ὁμοοὺσια
1050 1557 1119 1610 τὰ
1164 1559 1479 1628 γεννήματα
1530 1559 1705 1612 πάντα
1741 1559 1850 1628 (ὄῦ)

278 1644 526 1714 ἀλλήλοις
557 1643 725 1697 ἔσται.
759 1644 851 1694 Ἐκ
868 1642 936 1713 δὴ
960 1643 1147 1695 τούτου
1166 1643 1215 1696 τί
1248 1642 1578 1713 συμϐήσεται
1605 1643 1740 1696 κατά
1765 1642 1855 1694 τόν

276 1734 471 1788 τούτου
515 1734 708 1802 λόγονς
770 1736 829 1786 Ὀ
867 1734 1202 1805 δημιουργὸς
1253 1735 1360 1787 τῶν
1401 1735 1536 1788 ὅλων
1570 1737 1702 1788 πᾶσι
1742 1737 1854 1798 τοῖς

1941 565 2005 604 an
2037 566 2139 604 non
2176 566 2401 606 summa:
2428 553 2678 608 amentiae
2707 552 2830 606 est?
2866 553 3026 622 Atqui
3061 553 3216 623 paulo
3251 556 3500 626 superius

1939 662 1970 702 a
2002 648 2156 704 nobis
2177 647 2606 706 demonstratum
2637 660 2739 712 est,
2783 648 3025 704 absoluta
3055 649 3218 703 etiam
3257 652 3497 716 nomina,

1937 741 2150 797 etiamsi
2207 743 2440 796 maxime
2510 740 2810 810 subjectum
2881 744 3136 812 quiddam
3191 743 3502 814 significare

1938 833 2244 900 videantur,
2280 849 2386 888 non
2417 843 2596 890 tamen
2629 836 2980 890 substantiam
3016 837 3182 905 ipsam
3223 838 3499 902 exhibere,

1941 926 2034 980 sed
2059 926 2417 996 proprietates
2445 926 2707 996 quasdam
2743 927 2886 982 circa
2923 928 3093 998 ipsam
3125 930 3426 998 designare.

2019 1103 2106 1158 10.
2151 1101 2254 1159 Sed
2290 1104 2720 1173 sapientissimus
2764 1108 2874 1172 ille,
2901 1109 2991 1178 qui
3029 1110 3079 1163 iu
3109 1109 3262 1164 vanis
3291 1109 3500 1163 artibus

1949 1193 2111 1247 vitam
2158 1203 2321 1248 totam
2354 1196 2707 1266 consumpsit,
2745 1198 2923 1252 dicere
2954 1212 3058 1250 non
3089 1198 3379 1260 erubescit,
3410 1213 3502 1264 ge-

1949 1285 2125 1339 nitura
2149 1286 2506 1340 substantiam
2533 1286 2702 1355 ipsam
2728 1284 3000 1354 Unigeniti
3026 1288 3334 1358 signiﬁcari.
3358 1286 3515 1352 Quod

1949 1390 2110 1444 quam
2161 1375 2455 1430 absurdum
2488 1377 2577 1440 sit,
2605 1392 2807 1446 quaeso,
2838 1377 3264 1433 animadvertite.
3299 1377 3514 1430 Etenim

1952 1468 1996 1522 si
2051 1467 2350 1523 substantia
2401 1469 2644 1538 genitura
2691 1469 2782 1533 sit,
2831 1478 2886 1524 et
2925 1470 3039 1524 vice
3087 1483 3262 1534 versas,
3291 1468 3511 1538 siquod

1952 1556 2199 1626 genitura
2257 1566 2360 1620 est,
2404 1558 2508 1610 hoc
2555 1556 2854 1611 substantia
2901 1557 2991 1621 sit,
3035 1559 3295 1627 genitura:
3324 1571 3513 1612 omnes

1953 1656 2113 1700 erunt
2152 1647 2294 1700 inter
2333 1662 2392 1701 se
2432 1647 2941 1702 consubstamiales.
2979 1649 3115 1704 Hinc
3154 1648 3265 1718 jam
3324 1663 3516 1704 secun-

1955 1739 2079 1793 dum
2135 1736 2293 1806 hujus
2346 1738 2604 1791 rationem
2650 1739 2776 1807 quid
2841 1740 3088 1796 eveniet?
3145 1739 3518 1809 Comperietur

280 1826 586 1896 γεννήσεως
622 1824 973 1895 μετειληφόσι
1009 1826 1106 1896 τὴν
1139 1825 1308 1896 αὑτὴν
1340 1827 1478 1896 ἔχων
1510 1827 1697 1879 οὑσίαν
1726 1826 1853 1880 ἀνα-

1971 1829 2327 1884 miversorum
2355 1828 2542 1898 Opifex
2571 1830 2816 1885 eamdem
2850 1845 2970 1885 cum
3002 1833 3252 1886 omnibus
3282 1846 3517 1902 genera-

281 1917 602 1988 φανήσεται.
639 1917 712 1970 Οὑ
743 1918 850 1988 γὰρ
873 1919 935 1989 δὴ
965 1918 1056 1970 ἐπὶ
1084 1917 1181 1988 μὲν
1208 1917 1302 1969 τοῦ
1328 1917 1457 1970 Υἱοῦ
1487 1919 1672 1972 οὑσίαν
1698 1920 1856 1989 φήσει

283 2007 570 2079 σημαίνειν
597 2007 656 2059 τὸ
693 2007 961 2078 γέννημα,
991 2007 1081 2060 ἐπ).
1110 2007 1166 2060 δὲ
1207 2007 1314 2060 τῶν
1347 2008 1548 2060 λοιπῶν
1577 2008 1697 2060 τῶν.
1727 2026 1857 2079 μετ-

281 2102 516 2172 εχόντων
559 2101 825 2170 γενέσεως
870 2101 1051 2154 οὑκέτι
1093 2101 1188 2171 τὴν
1216 2101 1383 2172 αὑτὴν
1411 2102 1616 2155 ἔννοιαν
1647 2101 1860 2156 ἀποσώ-

286 2193 402 2258 ζειν
431 2194 562 2265 (57).
603 2194 754 2247 Ἐπεὶ
785 2195 993 2263 λεγέτω
1021 2195 1144 2248 τινὰ
1170 2197 1348 2250 αἰτίαν
1392 2198 1535 2268 σαφῆ
1575 2197 1667 2250 καὶ
1701 2199 1861 2251 ἀναν-

285 2287 542 2358 τίρρητον
575 2286 669 2339 τοῦ
702 2288 798 2358 τὴν
827 2287 993 2358 αὑτὴν
1025 2290 1392 2361 προσηγορίαν
1423 2290 1496 2360 μὴ
1529 2291 1621 2343 ἐπὶ
1647 2290 1862 2345 πάντων

285 2378 490 2449 ὁμοίως
517 2378 578 2431 τδ
606 2380 718 2432 ἴσον
750 2378 1026 2432 δύνασθαι.
1069 2380 1206 2432 Ἀλλ’
1241 2382 1338 2434 οὑκ
1362 2381 1426 2435 ἂν
1457 2382 1589 2452 ἔχοι.
1629 2386 1725 2436 Ὃν
1753 2385 1862 2456 γὰρ

290 2469 359 2522 ἂν
413 2469 676 2544 ἐπινοήσῃ
705 2470 814 2541 (58)
877 2473 1211 2542 γεννήματος
1265 2471 1438 2541 λόγον,
1495 2468 1646 2538 οὗτος
1702 2477 1863 2528 πᾶσιν

288 2560 494 2632 ὁμοίως
539 2564 651 2624 τοῖς
703 2565 979 2630 γεννητοῖς
1021 2564 1339 2634 ἐφαρμόσει.
1379 2565 1659 2632 Μέγιστον.
1682 2566 1738 2618 δὲ
1780 2584 1869 2618 τε-

294 2653 528 2724 κμήριον
565 2655 662 2723 τῆς
707 2653 962 2724 ἀληθείας
1008 2653 1102 2706 τοῦ
1149 2654 1305 2722 λόγου
1345 2657 1376 2726 ἡ
1422 2655 1598 2708 αὑτοῦ.
1638 2657 1866 2710 ἑκάστου

295 2743 404 2795 τῶν
430 2742 734 2796 ἀκουόντων
757 2742 983 2798 διάνοια.
1032 2744 1316 2815 Ἐρωτάτω
1349 2743 1456 2815 γὰρ
1485 2745 1712 2810 ἕκαστος
1739 2748 1866 2804 ἐαυ-

252 2860 254 2862 τ
294 2836 409 2903 τὸν,
445 2835 664 2888 ἐπειδὰν
694 2833 1054 2906 ἁκούση“(59),
1099 2835 1154 2888 Ὀ
1187 2834 1333 2888 δεῖνα
1366 2835 1455 2888 τοῦ
1488 2836 1657 2900 δεῖνος
1681 2836 1870 2906 γέννη-

301 2943 400 2995 μα,
441 2925 558 2978 τίνα
617 2923 820 2978 ἔννοιαν
856 2924 1198 2977 ὲντυποῦται.
1228 2921 1373 2996 *Αρα
1416 2927 1490 2979 ὅτι
1528 2927 1556 2977 ό
1595 2927 1872 2999 γεννηθεὶς

297 3015 458 3068 οὖσία
499 3015 591 3068 τοῦ
633 3015 1019 3088 γεγεννηκότος
1045 3016 1224 3081 ὲστίν;
1272 3018 1342 3069 Ἢ
1378 3016 1534 3070 τοῦτο
1563 3018 1660 3088 μὲν
1699 3037 1870 3072 κατα-

299 3108 581 3176 γέλαστον,
613 3108 786 3159 ἐκεῖνο
811 3107 866 3159 δὲ
895 3106 1111 3177 ἀληθὲς,
1142 3106 1233 3159 ὅτι.
1253 3109 1380 3178 παρ’
1409 3107 1570 3160 αὑτοῦ
1601 3109 1872 3179 γεννητῶς

302 3202 383 3264 εἰς
415 3198 477 3251 τὸ
514 3195 664 3252 εἶναι
697 3199 973 3270 παρήχθη.
1005 3198 1174 3251 Τοῦτο
1217 3197 1397 3251 τοίνυν
1437 3200 1637 3270 ὁμοίως
1676 3200 1766 3254 ἐπί
1812 3219 1871 3254 τε

301 3293 398 3345 τοῦ
427 3293 535 3363 (60)
566 3291 901 3360 Μονογενοῦς
942 3291 1038 3345 κα).
1070 3292 1154 3360 ἐφ’
1195 3291 1502 3346 οὑτινοσοῦν
1545 3292 1652 3345 τῶν
1684 3311 1890 3365 γεννη--

305 3384 508 3438 θέντων
545 3383 774 3454 ἁρμόσει
804 3382 1076 3451 λέγεσθαι.
1109 3385 1218 3437 Καὶ
1249 3384 1432 3454 μηδεὶς
1465 3383 1673 3456 (ἐπειδὴ
1699 3386 1873 3438 κοινὸν

304 3473 368 3527 τὸ
392 3473 490 3542 τῆς
520 3473 774 3543 σχέσεως)
806 3473 1121 3545 καθαίρεσιν
1147 3470 1286 3527 εἶναι
1333 3477 1432 3545 τῆς
1465 3475 1618 3541 ἀξίας
1646 3476 1738 3529 τοῦ
1764 3478 1877 3530 Μο-

306 3563 556 3633 ’νογενοὺς
579 3565 862 3634 νομιζέτω.
891 3565 964 3616 Οὑ
998 3564 1104 3635 γὰρ
1131 3567 1187 3617 ἐν
1213 3565 1290 3635 τῷ
1318 3566 1454 3636 πρός
1496 3565 1546 3618 τί
1590 3584 1705 3630 πως
1734 3567 1892 3638 ἔχειν-

309 3660 346 3728 ἡ
378 3655 610 3727 διαφορὰ
645 3656 722 3726 τῷ
753 3656 863 3726 Υἱῴ
898 3656 1031 3727 πρὸς
1064 3655 1130 3708 τὰ
1154 3656 1306 3719 ἄλλα,
1339 3658 1452 3710 ἀλλ’
1481 3660 1537 3710 ὲν
1561 3659 1627 3729 τῇ
1657 3659 1895 3728 ἰδιότητι.

309 3747 409 3818 τῆς
442 3747 626 3810 οὑσίας
653 3748 684 3817 ἡ
714 3746 952 3817 ὑπεροχὴ
980 3745 1072 3797 τοῦ
1117 3745 1250 3798 Θεοῦ
1291 3747 1426 3816 πρὸς
1456 3747 1527 3804 τὰ,
1566 3746 1734 3818 θνητὰ
1762 3749 1876 3800 δια-

313 3841 581 3909 φαίνεται.
616 3841 872 3892 Σκοπεῖτε
916 3840 1095 3909 μέντοι
1123 3839 1223 3892 ποῦ
1251 3840 1346 3909 τῆς
1375 3839 1602 3900 ἀτοπίας
1626 3842 1654 3893 ὁ
1676 3840 1879 3894 τούτων

308 3933 469 4000 λόγος
502 3931 740 4001 ἐκφέρει.
769 3931 832 3983 Εἰ
861 3930 921 3982 τὸ
945 3929 1185 4000 γέννημα
1214 3930 1400 4000 ἐτέρου
1444 3929 1658 3998 λέγεται
1691 3932 1880 4002 γέννη-

317 4041 414 4093 μα,
445 4023 572 4092 ὡςῆ
604 4040 661 4075 τε
689 4020 840 4091 κοινὴ
870 4020 1127 4091 συνήθεια
1153 4020 1376 4090 βεϐαιοῖ,
1408 4021 1509 4074 καὶ
1540 4021 1712 4085 οὐδεὶς
1756 4025 1880 4076 ἀντ-

310 4111 452 4180 ερεῖ,
476 4109 639 4162 ταυτο
661 4110 718 4162 δὲ
746 4110 903 4162 τοῦτο
935 4108 1029 4161 καὶ
1055 4110 1146 4161 ἐπὶ
1162 4109 1252 4161 τοῦ
1273 4109 1401 4161 Tia-3
1431 4112 1540 4178 (6|)
1569 4111 1753 4164 οὑσίαν
1785 4130 1882 4183 σηο

316 4202 497 4272 μαίνει
531 4201 669 4255 κατά
696 4202 786 4254 τὸν
824 4202 1028 4254 τούτων
1060 4201 1244 4268 λόγον·
1273 4203 1480 4254 ἐκείνου
1525 4203 1672 4255 ἔσται
1704 4204 1878 4272 οὑσία,

311 4287 378 4351 οὗ
425 4294 519 4346 καὶ
555 4293 798 4364 γέννημα
825 4291 1064 4360 λέγεται.
1101 4294 1292 4346 Ἔσται
1324 4293 1500 4347 τοίνυν
1525 4297 1588 4347 ἐκ
1619 4296 1716 4364 τῆς
1755 4297 1882 4350 civ/.0-

315 4386 537 4449 λουθίας
560 4386 761 4457 ταύτης
797 4385 980 4438 οὐκέτι
1016 4385 1110 4438 τοῦ
1138 4384 1475 4454 Μονογενοῦς
1497 4385 1594 4457 τὴν
1618 4387 1804 4441 οὑσίαν
1847 4390 1882 4460 ἡ

1959 1921 2158 1975 tionem
2215 1920 2667 1990 participantibns
2722 1922 3083 1976 substantiam
3129 1922 3352 1978 habere.
3408 1922 3520 1976 Nec

1957 2013 2101 2068 enim
2152 2012 2394 2066 dicturus
2422 2021 2505 2066 est
2537 2013 2842 2083 genituram
2893 2013 2948 2068 in
2984 2013 3122 2069 Filio
3164 2013 3520 2069 substantiam

1959 2103 2370 2175 significare,.in
2414 2104 2648 2175 reliquis
2683 2119 2812 2160 vero
2851 2104 3212 2175 generationis
3246 2103 3520 2174 participi-

1959 2195 2062 2252 bus
2089 2210 2192 2249 uon
2224 2195 2476 2249 eamdem
2516 2196 2749 2266 amplius
2787 2198 3057 2252 notionem
3088 2199 3341 2251 retinere.
3371 2196 3520 2251 Alio-

1960 2284 2050 2355 qui
2080 2284 2318 2354 proferat
2341 2283 2538 2338 claram
2575 2285 2860 2354 quamdam
2888 2299 3107 2339 causam
3143 2285 3226 2339 cui
3261 2298 3364 2338 non
3400 2297 3524 2351 pos-

1965 2378 2036 2432 sit
2071 2375 2394 2439 contradici,
2423 2391 2521 2431 cur
2547 2377 2832 2446 appellatio
2863 2377 3049 2432 eadem
3096 2375 3338 2431 eamdem
3371 2373 3533 2428 simi-

1964 2468 2088 2522 liter
2110 2467 2164 2524 in
2197 2467 2448 2521 omnibus
2487 2466 2594 2520 vim
2627 2480 2730 2519 non
2780 2465 2994 2520 habeat.
3024 2465 3093 2517 At
3120 2471 3266 2516 certe
3298 2475 3402 2514 non
3429 2473 3526 2527 po-

1966 2557 2112 2612 terit.
2143 2556 2525 2625 Quamcnuque
2570 2555 2713 2609 enim
2757 2555 3014 2626 geniturae
3051 2554 3312 2608 rationem
3367 2564 3536 2605 exco-

1950 2648 2238 2719 ,gitaverit,
2287 2662 2348 2701 ea
2386 2647 2637 2702 omnibus
2681 2647 2929 2702 similiter
2990 2643 3186 2714 genitis
3245 2651 3524 2712 congruet.

1970 2739 2166 2795 Verum
2207 2749 2387 2793 autem
2439 2753 2561 2793 esse
2606 2739 2747 2809 quod
2782 2739 3034 2801 dicimus,
3064 2735 3116 2790 id
3148 2736 3288 2805 quod
3336 2734 3549 2802 cuique-

1969 2831 2300 2886 audientium
2358 2831 2409 2885 in
2459 2841 2692 2887 mentem
2737 2831 2904 2895 venit,
2969 2830 3261 2884 maximum
3318 2827 3550 2897 signum-

1970 2930 2074 2977 est.
2139 2922 2438 2992 lnterroget
2498 2921 2642 2977 enim
2689 2922 3064 2992 unusquisque
3127 2920 3386 2989 seipsum,
3439 2915 3527 2970 ubi

1973 3013 2246 3070 audierit:
2279 3013 2374 3068 llic
2423 3013 2584 3082 hujus
2615 3014 2862 3084 genitura
2901 3023 3002 3077 est,
3030 3011 3156 3082 quid
3195 3011 3373 3065 animo
3403 3023 3532 3063 cou-

1978 3103 2164 3173 cipiat.
2201 3101 2337 3157 Num
2378 3103 2581 3173 cogitat
2621 3104 2858 3172 genitum
2897 3102 3154 3172 genitoris
3180 3098 3533 3156 substantiam

1975 3195 2140 3253 esse?
2174 3195 2352 3262 Certe,
2382 3207 2432 3250 ut
2467 3197 2568 3252 hoc
2602 3197 2885 3252 ridiculum
2915 3206 3018 3262 est,
3059 3195 3131 3250 ita
3163 3193 3292 3249 illud
3321 3207 3534 3255 verum,

1973 3290 2115 3360 quod
2151 3291 2218 3345 ab
2255 3305 2322 3345 eo
2357 3305 2452 3360 per
2483 3290 2849 3358 generationis
2893 3290 3106 3344 modum
3150 3286 3215 3340 ad
3258 3300 3368 3339 esse
3406 3297 3536 3352 pre-

1972 3381 2166 3436 ductus
2202 3382 2290 3436 sit.
2327 3380 2440 3435 Hoc
2471 3383 2650 3452 itaque
2700 3397 2796 3450 par
2845 3380 3009 3435 fuerit
3055 3377 3307 3434 similiter
3362 3384 3418 3429 et
3470 3375 3537 3428 de

1976 3473 2264 3544 Unigenito
2295 3483 2348 3525 et
2367 3472 2784 3543 de-quocunque
2817 3472 2995 3543 genito
3028 3471 3227 3525 dicere.
3262 3469 3327 3523 Et
3357 3483 3536 3530 nemo,

1977 3569 2230 3636 quoniam
2263 3563 2565 3619 communis
2602 3564 2818 3620 habitus
2872 3571 2977 3629 est,
3013 3560 3284 3632 Unigeniti
3315 3558 3540 3627 dignita-

1979 3647 2101 3714 tem'
2123 3659 2325 3712 destrui
2354 3657 2646 3712 existimet.
2681 3655 2796 3711 Non
2827 3656 2971 3711 enim
3001 3655 3170 3709 Filius
3199 3653 3252 3707 in
3274 3667 3338 3708 eo
3366 3651 3540 3708 diﬂ‘ert

1977 3750 2046 3805 ab
2081 3749 2224 3814 aliis,
2253 3747 2397 3818 quod
2445 3760 2565 3802 sese
2610 3747 2675 3801 ad
2715 3747 2915 3815 aliquid
2942 3755 3089 3801 certo
3115 3745 3358 3815 quodam.
3381 3742 3539 3796 modo

1977 3843 2176 3898 habeat
2203 3858 2219 3895 :
2247 3841 2340 3897 sed
2372 3839 2464 3894 Dei
2499 3839 2804 3910 praestantia
2839 3854 2942 3907 qua
2971 3851 3059 3892 res
3090 3833 3344 3890 mortales
3377 3847 3540 3899 supe-

1980 3943 2086 4000 rat,
2120 3933 2172 3987 ia
2216 3931 2535 3988 substantiae
2581 3930 2914 4001 proprietate
2953 3928 3270 3984 ostenditur.
3302 3925 3364 3980 At
3407 3937 3548 3978 con-

1981 4026 2213 4081 siderate
2238 4025 2306 4080 ad
2328 4038 2486 4095 quam
2509 4023 2760 4093 ineptiam
2790 4021 3034 4078 doctrina
3065 4022 3256 4075 horum
3285 4017 3540 4072 deducat.

1982 4119 2040 4174 Si
2068 4118 2334 4189 genitura,
2361 4117 2582 4172 alterius
2613 4117 2856 4188 genitura
2890 4117 3120 4180 dicatur,
3157 4115 3295 4168 sicut
3313 4121 3370 4166 et
3393 4125 3544 4166 com-

1983 4210 2157 4262 munis
2171 4207 2495 4263 consuetudo
2511 4209 2928 4272 conlirmat,nec
2959 4207 3238 4275 quisquam
3272 4200 3546 4257 contradi-

1982 4309 2088 4364 cet,
2107 4301 2220 4356 haec
2249 4302 2359 4371 ipsa
2391 4310 2568 4355 autem
2597 4301 2837 4370 genitura
2868 4301 2921 4354 in
2942 4299 3078 4354 Filio
3109 4311 3321 4365 quoque
3348 4308 3546 4350 secun-

1983 4391 2108 4446 dum
2123 4393 2312 4447 horum
2327 4393 2619 4448 doctrinam
2636 4393 2984 4447 substantiam
3003 4391 3285 4462 signiﬁcet,
3302 4387 3573 4444 substan--

314 4477 413 4530 τοῦ
446 4478 782 4548 γεννήματος
813 4477 1149 4549 προσηγορία
1195 4478 1548 4548 σημαίνουσα,
1579 4480 1714 4551 ὅπερ
1740 4476 1870 4534 οὗτοι

1989 4484 2057 4537 tia
2081 4484 2182 4538 erit
2204 4483 2526 4554 illius,cujus
2553 4487 2793 4556 genitura
2813 4486 3020 4540 dicitur.
3038 4484 3198 4556 246
3215 4484 3284 4538 Ex
3312 4483 3413 4537 hac
3447 4483 3549 4535 ila-
3575 4521 3578 4524 .

319 4568 619 4648 βιάζονται,
650 4568 784 4622 ἀλλά
820 4569 912 4621 τοῦ
937 4567 1071 4620 Θεοῦ
1102 4569 1210 4621 τῶν
1236 4569 1391 4624 ὅλων.
1429 4571 1488 4622 Εἰ
1515 4570 1620 4640 γὰρ
1649 4571 1744 4641 οὑχ
1775 4565 1885 4625 οἷόν

318 4681 380 4716 τε
406 4663 590 4733 ἕτερον
619 4662 714 4732 μέν
737 4679 788 4714 τι
821 4661 918 4731 τὴν
947 4661 1134 4715 οὑσίαν
1179 4663 1339 4728 νοεῖν,
1370 4661 1554 4734 ἓτερον
1582 4661 1644 4716 δέ.
1670 4681 1721 4715 τι
1757 4665 1886 4735 παρ’

394 4855 680 4929 (ὅθβιιίῑὶ
707 4863 761 4929 et
791 4855 925 4922 Reg.
960 4863 1154 4929 sextus
1188 4854 1380 4908 Καίτοι
1430 4855 1629 4927 μικρὸν.
1669 4855 1880 4929 ἔμπρο-

324 4924 472 4984 σθεν.
494 4924 603 4979 ⁷Α1ἱί
633 4927 868 4994 quinque
901 4933 1117 4994 mssnut
1143 4924 1192 4976 iu
1220 4924 1497 4978 contextu.

398 4997 514 5070 (55.)
545 4996 719 5051 Editio
766 4992 1224 5070 tit_raque_Paris._
1279 5003 1332 5048 et
1360 4995 1515 5070 _Veu..
1569 5011 1690 5049 cum
1727 4995 1882 5070 _lieg.

323 5063 518 5139 quinto
562 5077 616 5139 et
647 5065 949 5139 cnm‘Colb.
977 5064 1077 5139 τὴν
1107 5063 1312 5139 οὑσίαν.
1357 5065 1505 5118 R’euii
1536 5066 1806 5139 secundus
1832 5075 1888 5120 et.

329 5134 526 5195 {cuius
551 5134 650 5208 τὴν
681 5135 998 5208 ὑπόστασιν.
1029 5134 1101 5208 In
1138 5134 1268 5203 Reg.
1297 5145 1491 5208 quarto
1535 5135 1585 5188 in
1627 5147 1885 5208 contextu

333 5209 529 5278 legitur
544 5205 644 5278 τῆν
697 5205 994 5278 ὑπόστασιν
1029 5219 1046 5278 ξ
1093 5206 1144 5278 in
1194 5206 1442 5278 margine-
1477 5221 1604 5278 vero
1635 5206 1893 5278 _~.i;v___ob-

333 5281 477 5333 σίαν.
513 5273 638 5329 Mihi
676 5288 851 5330 autem
887 5274 1176 5329 verisimile
1209 5273 1286 5337 lit,
1319 5275 1605 5341 scripsisse
1635 5273 1889 5328 Basilium

331 5346 775 5421 thvbrtdaratstv,
811 5346 1133 5421 hgpostasina
1173 5342 1437 5421 Unigeniti
1487 5357 1507 5396 :
1545 5360 1726 5421 vocem
1760 5360 1891 5421 vero

334 5414 524 5473 οὑσίαν
584 5417 814 5484 primum
853 5414 908 5469 in
963 5417 1203 5480 margine
1261 5416 1551 5484 ascriptum
1608 5415 1778 5470 fuisse
1824 5414 1893 5467 ab

337 5491 543 5557 aliquo,
585 5488 676 5556 qui
726 5499 944 5557 monere
994 5485 1171 5557 vellet,
1204 5499 1390 5557 vocent
1441 5484 1738 5538 ὑπόστασιν
1788 5500 1894 5539 non

339 5555 639 5614 hicistricte
673 5555 812 5609 smni
867 5570 962 5622 pro
1007 5556 1318 5625 hypostasi,
1356 5568 1448 5606 Sen
1493 5571 1589 5622 pro
1640 5571 1894 5624 persona,

341 5630 434 5684 sed
469 5627 715 5694 usurpari
759 5626 945 5679 latiore
971 5640 1156 5687 sensu,
1187 5624 1437 5694 videlicet
1470 5640 1567 5692 pro
1619 5626 1732 5692 ipsa
1764 5628 1890 5678 sub-

343 5703 566 5753 stantia.
608 5696 732 5748 Utut
761 5697 874 5751 hare
907 5704 1053 5760 sunt,
1092 5695 1220 5749 nihil
1250 5693 1301 5748 in
1332 5704 1585 5750 contextu
1618 5697 1898 5750 immutan-

345 5773 468 5823 dum
491 5767 814 5822 censuimus.

1989 4588 2094 4643 que
2119 4577 2497 4631 consecutione
2529 4576 2858 4637 conﬁciatur,
2891 4587 2948 4630 ut
2978 4577 3234 4644 genitum
3267 4573 3556 4642 appellatio

2002 4680 2108 4719 non
2153 4667 2389 4735 amplius
2445 4667 2714 4738 Unigeniti
2768 4667 3126 4722 substantiam
3186 4664 3473 4736 signiﬁcet,
3499 4665 3550 4717 id

2064 4839 2176 4914 (56)
2211 4839 2342 4911 Reg.
2386 4854 2609 4912 quartus
2657 4842 2916 4914 ὀμοοὺσια
2959 4839 3026 4894 τὰ
3076 4839 3574 4914 γεννητάΑπάντα..

1995 4913 2171 4965 omnia
2226 4911 2547 4984 qua'cufnque
2597 4911 2841 4984 generata
2901 4922 3044 4973 sunt,
3112 4921 3262 4984 erunt
3303 4911 3451 4984 inte:
3478 4927 3554 4984 ﬁt?

1993 4979 2482 5038 consubstantialia'.
2517 4979 2712 5037 Ibidem
2751 4999 2879 5038 mss.
2919 4982 3270 5054 quatuor"Ex
3297 4979 3376 5035 δέ.
3412 4980 3555 5034 Editi

1993 5063 2112 5102 cum
2142 5068 2248 5106 uno
2276 5069 2404 5107 mss.
2449 5055 2542 5108 Ἐκ
2560 5054 2644 5123 δή.

2067 5123 2178 5190 (57)
2213 5123 2391 5177 Codex
2421 5141 2558 5178 unus
2585 5121 2975 5177 ἀναποσώσειν.

2206 5193 2340 5266 Beg.
2370 5194 2560 5266 tertius
2594 5194 2658 5266 ἂν
2683 5195 2994 5266 ἐπινοήσῃς.

2204 5255 2341 5335 ΕιΙῆἱ
2366 5263 2503 5317 ἐπὰν
2526 5264 2735 5335 ἀκούσῃ
2785 5255 2866 5335 ,Δί
2889 5255 3017 5335 Iit-s33
3050 5255 3516 5335 éﬁetddvﬁxoésn.

2068 5322 2181 5402 (60)
2215 5333 2437 5404 (lodices
2469 5334 2672 5404 aliquot
2702 5322 2794 5404 ἕπί
2823 5350 2882 5386 τε
2903 5332 3014 5404 τοὺ.
3051 5331 3187 5384 Editi
3214 5328 3307 5404 ἐπὶ
3335 5322 3473 5380 τοὺ.ί

2071 5400 2179 5476 (lii)
2224 5403 2394 5476 Yoces
2435 5400 2686 5469 ἱΙΙωξὲπὶ
2711 5403 2805 5457 τοῦ
2853 5402 3008 5476 Υἱοὺ,
3043 5416 3146 5453 non
3188 5400 3561 5476 solum__eras_:e

1999 5467 2124 5546 sunt.
2145 5467 2200 5528 in
2231 5474 2365 5542 Reg.
2395 5467 2573 5546 tertio,
2602 5476 2944 5546 sed_0n'mino
2982 5474 3179 5524 desunt
3207 5471 3262 5523 in
3305 5467 3430 5546 aliis
3457 5468 3557 5544 tri.-

1999 5545 2103 5599 bus
2135 5546 2412 5618 codicibus
2456 5545 2644 5618 itidem
2669 5543 2872 5618 Δίᾷιειεῑίδ
2909 5559 2920 5593 :
2958 5552 3134 5618 tamen
3187 5554 3293 5618 eas
3337 5543 3560 5618 retinni—

2001 5630 2140 5677 mus,
2173 5615 2314 5684 quod
2342 5615 2394 5668 in
2422 5613 2541 5670 aliis
2589 5607 2810 5670 totidem
2834 5628 2969 5669 mss.
3001 5610 3143 5668 etin
3187 5607 3465 5679 impressis
3497 5607 3565 5660 lis-

2001 5687 2112 5740 bris
2137 5685 2402 5756 legantur.
