4002 6408
445 307 543 371 591

1794 323 1852 380 S.
1890 323 2134 380 BASlLll
2171 326 2377 384 MAGNI
3576 334 3683 387 55'}.

445 432 587 502 quod
619 429 668 483 hi
710 429 836 485 totis
869 430 1072 488 viribus
1113 432 1406 499 aﬂirmant,
1443 435 1535 489 sed
1577 435 1668 489 Dei
1722 437 2004 493 universo-

2113 443 2280 512 αὐτὴν
2311 441 2372 495 τὸ
2401 442 2666 513 γέννημα,
2717 444 2810 497 καὶ
2855 445 2966 497 ἴσον
2991 444 3211 506 δῦναται
3243 445 3373 516 (62),
3409 445 3602 498 οὐσίαν
3628 464 3685 498 τε

443 539 583 578 rum.
615 521 822 577 Etenim
851 522 896 577 si
932 523 1047 578 fieri
1086 539 1188 579 non
1243 535 1434 595 potest,
1465 538 1522 580 ut
1548 527 1690 582 aliud
1719 531 1844 598 quid
1874 530 2004 584 sub-

439 617 694 671 stantiam
748 615 1131 688 intelligamds,
1162 627 1216 672 et
1261 619 1404 672 aliud
1459 621 1762 690 genituram
1807 631 2002 691 praeter

441 707 634 775 ipsam,
660 708 801 763 idem
845 719 927 764 est
973 710 1328 764 substantiam
1359 711 1537 765 dicere
1561 722 1617 768 et
1645 714 1947 783 genituram
1981 731 1996 767 :

438 806 496 850 at
526 797 695 853 Filius
721 800 968 863 genitura
997 801 1086 854 Dei
1118 809 1223 862 est,
1253 800 1344 854 Dei
1369 815 1500 869 ergo
1532 802 1639 856 erit
1671 805 1999 868 substantia,

441 887 488 942 si
521 888 765 958 genitura
791 891 1145 946 substantiam
1192 891 1479 959 signiﬁcat.
1516 893 1690 963 Atque
1716 895 1818 949 hoc
1845 903 2003 964 pacto

437 980 702 1048 genitura,
729 997 793 1036 ex
824 984 1093 1038 sententia
1115 984 1254 1052 ejus,
1291 984 1516 1054 ingeniti
1544 986 1846 1040 substantia
1880 1002 2003 1043 esse

437 1073 820 1139 comperietnr.
863 1075 965 1129 Sed
1005 1075 1050 1130 si
1086 1076 1372 1130 ridiculum
1417 1087 1504 1132 est
1548 1079 1690 1146 quod
1737 1079 2002 1149 sequitur,

433 1163 528 1231 qui
566 1166 936 1220 antecedentia
959 1169 1158 1236 posuit,
1193 1171 1240 1224 is
1267 1170 1498 1226 dedecus
1519 1171 1619 1227 sibi
1651 1183 1847 1228 sumat.
1870 1171 2006 1229 Ora-

439 1255 515 1308 tio
543 1256 709 1320 enim,
749 1271 871 1312 cum
912 1259 1080 1314 semel
1119 1276 1148 1314 a
1180 1277 1306 1317 vero
1330 1261 1567 1330 deﬂexit,
1594 1265 1660 1318 ad
1704 1265 1902 1320 multas
1938 1280 2002 1320 ac

2111 535 2286 586 εἰπεῖν
2307 534 2396 588 καὶ
2421 535 2665 606 γέννημα
2683 553 2695 566 ·
2731 536 2824 589 τοῦ
2845 537 2978 590 Θεοῦ
3003 537 3057 589 δέ
3084 540 3197 590 ἐστι
3219 538 3463 608 γέννημα
3485 539 3514 589 ὁ
3538 538 3690 600 Υἱθις,

2113 623 2206 677 τοῦ
2242 624 2375 678 Θεοῦ
2417 625 2568 678 ἔσται
2600 626 2774 690 οὐσία,
2818 628 2974 698 εἴπερ
3000 628 3060 681 τὸ
3085 629 3329 700 γέννημα
3363 630 3465 700 τὴν
3498 631 3691 681 οὐσίαν

2115 715 2282 785 δηλοῖ.
2323 717 2431 768 Καὶ
2475 712 2617 769 οὕτω
2649 716 2710 768 τὸ
2760 717 3005 789 γέννημα
3049 718 3202 772 οὐσία
3243 720 3336 772 τοῦ
3382 721 3692 788 ἁγεννήτου

2116 804 2256 857 κατὰ
2298 805 2387 858 τὸν
2415 806 2605 858 τούτου
2637 805 2791 874 λόγον
2835 807 3253 878 ἀναφανήσεται.
3293 809 3357 860 Εἰ
3389 808 3445 860 δὲ
3479 808 3693 875 γελοῖον

2112 891 2174 948 τὸ
2209 896 2590 966 συναγόμενον,
2627 899 2654 949 ὁ
2701 896 2815 960 θεὶς
2857 897 2924 951 τὰ
2969 899 3228 970 λήμματα
3277 901 3377 969 τῆς
3421 899 3694 968 αἰσχύνης

2114 984 2534 1056 κληρονομείτω.
2591 988 2775 1039 Ἐοικε
2832 987 2940 1057 γάρ
2994 1005 3110 1050 πως
3161 989 3188 1040 ὁ
3238 987 3414 1056 λόγος,
3463 987 3694 1040 sci-5:630

2110 1075 2258 1140 ἅπαξ
2288 1076 2388 1146 τῆς
2429 1076 2682 1146 ἀληθείας
2715 1079 3040 1150 παρενεχθῇ,
3075 1081 3154 1143 είς
3183 1079 3381 1142 πολλὰς
3424 1080 3526 1132 καὶ
3569 1079 3696 1131 ἐπι-

2109 1157 2388 1231 κινδῦνους
2419 1167 2646 1231 ἀτοπίας
2675 1167 2777 1220 ὑπὸ
2807 1169 2906 1240 τῆς
2936 1168 3077 1222 κατὰ
3105 1169 3201 1242 τὴν
3230 1169 3435 1224 πλάντν
3462 1168 3698 1221 ἀκολου,

2111 1259 2230 1322 θεας
2261 1258 2604 1330 ἐκφέρεσθαι.

437 1347 766 1414 periculosas
807 1350 1037 1420 ineptias
1074 1353 1303 1422 quadam
1353 1356 1558 1410 erroris
1595 1357 1980 1412 consecutione
2009 1353 2180 1410 delabi
2217 1351 2446 1420 quodam
2482 1350 2640 1406 modo
2681 1351 2911 1409 videtur.

511 1483 595 1536 11.
630 1482 736 1538 Sed
772 1484 884 1540 haec
913 1495 1038 1540 sunt
1069 1489 1221 1557 quasi
1276 1489 1530 1556 praaludia
1579 1491 1822 1560 quaedam
1856 1491 2002 1546 blas-

437 1571 665 1638 phemiae
701 1583 865 1644 atque
903 1587 1229 1645 apparatus;
1268 1589 1428 1648 caput
1473 1590 1652 1634 autem
1680 1581 1805 1635 mali
1838 1578 2004 1637 infert

438 1661 491 1717 in
519 1665 884 1734 sequentibus,
913 1669 1002 1724 ubi
1033 1669 1162 1723 dicit
1188 1685 1200 1718 :

2180 1487 2271 1540 Η.
2301 1486 2483 1539 Ταῦτα
2533 1487 2633 1559 μὲν
2671 1483 2764 1542 οῦν
2807 1487 2996 1559 ὥσπερ
3045 1488 3360 1560 προαγῶνές
3397 1503 3548 1549 τινες
3594 1492 3696 1543 καὶ

2108 1578 2440 1631 κατασκευαὶ
2478 1579 2577 1648 τῆς
2626 1577 2971 1649 βλασφημίας
3009 1578 3146 1631 εῑσίο
3184 1579 3242 1631 τὸ
3281 1578 3337 1632 δὲ
3383 1580 3695 1650 κεφάλαιον

2111 1670 2204 1723 τοῦ
2239 1669 2410 1722 κακοῦ
2441 1671 2498 1721 ἐν
2523 1671 2634 1733 τοῖς
2662 1669 2787 1740 ἑξῆς
2817 1669 3064 1740 ἐπιφέρει
3091 1669 3291 1737 λέγων·
3376 1727 3384 1734 ,

427 1793 438 1802 ‘
513 1778 647 1833 Eun.
675 1779 1045 1837 Snbstantiam
1075 1782 1199 1839 Filii
1224 1786 1459 1856 genitam
1485 1788 1701 1858 quidem
1728 1803 1852 1852 esse
1879 1805 1999 1845 cum

2172 1785 2332 1838 ΕΥΝ.
2375 1784 2486 1854 Τὴν
2521 1783 2707 1837 οὐσίαν
2733 1783 2826 1836 τοῦ
2876 1782 3006 1836 Υῑοῦ
3051 1782 3403 1853 γεγεννῆσθαι
3433 1784 3535 1855 μὲν
3581 1784 3692 1836 οὐκ

437 1887 543 1924 non
582 1881 728 1928 esset
766 1883 890 1928 ante
937 1878 1209 1944 propriam
1253 1880 1721 1946 constitutionem,
1766 1881 2000 1951 genitam

439 1969 620 2016 tamen
649 1977 773 2018 esse
806 1974 931 2019 ante
958 1967 1136 2022 omnia
1182 1968 1456 2024 voluntate
1490 1970 1684 2026 Patris.

512 2072 639 2130 Bas.
682 2074 872 2131 Iisdem
898 2079 1076 2134 adhuc
1105 2080 1303 2136 insistit
1334 2082 1601 2138 artiﬁciis.
1639 2084 1710 2138 De
1746 2085 2002 2139 substan-

439 2162 513 2216 tia
542 2163 662 2220 Filii
700 2165 856 2222 nobis
884 2169 1046 2222 verba
1085 2170 1235 2236 facit,
1282 2173 1435 2242 quasi
1469 2173 1615 2228 dicat
1660 2174 1855 2229 Filium
1878 2191 1998 2233 esse

440 2256 582 2311 aliud
611 2260 738 2328 quid
765 2271 958 2328 praeter
993 2264 1183 2334 ipsam,
1217 2276 1379 2336 atque
1419 2268 1522 2324 hoc
1562 2271 1720 2324 modo
1755 2287 1912 2326 aures
1936 2272 2002 2326 ad

441 2350 827 2422 blasphemiam
890 2357 1210 2412 audiendam
1286 2360 1644 2417 demulcendo
1711 2370 1997 2433 pra-parat,

439 2458 561 2497 cum
613 2460 716 2500 non
753 2457 936 2515 aperte
967 2448 1112 2503 dicat
1150 2450 1385 2520 genitum
1433 2467 1552 2507 esse
1607 2469 1672 2507 ex
1711 2455 1878 2510 nihilo
1909 2454 2001 2510 Fi-

441 2535 602 2600 lium;
629 2538 721 2592 sed
755 2537 872 2607 ejus
897 2541 1262 2596 substantiam
1285 2559 1406 2599 cum
1439 2559 1542 2598 non
1567 2555 1730 2610 esset,
1766 2547 2000 2614 genitam

437 2641 577 2682 esse.
606 2627 724 2694 Dic,
748 2639 873 2686 ante
904 2648 1043 2701 quas
1070 2649 1156 2688 res
1187 2650 1290 2689 non
1326 2635 1485 2690 erat?
1510 2636 1712 2691 Videtis
1758 2638 1878 2708 ejus
1907 2655 2002 2694 ca-

439 2721 806 2777 villationem?
837 2721 1206 2780 Snbstantiam
1233 2740 1356 2780 cum
1391 2729 1676 2798 semetipsa
1704 2742 2000 2799 comparat,

440 2822 498 2868 ut
554 2813 855 2872 telerabilia
905 2816 1083 2872 dicere
1117 2817 1365 2871 omnibus
1413 2818 1680 2874 videatur.
1738 2819 1999 2875 Nimirum

442 2917 548 2961 non
570 2906 700 2963 dicit
720 2923 837 2964 eam
865 2919 989 2964 ante
1013 2909 1208 2964 sarcula
1236 2924 1339 2964 non
1369 2909 1556 2975 fuisse,
1591 2925 1764 2980 neque
1796 2912 2004 2979 simpli-

437 2996 576 3052 citer
597 3012 700 3052 non
736 2996 926 3065 fuisse,
957 3000 1050 3054 sed
1081 3011 1205 3054 ante
1251 3015 1405 3054 suam
1451 2999 1621 3069 ipsius
1653 3002 2000 3056 constitutio-

444 3104 566 3142 nem
595 3104 697 3143 non
726 3089 909 3146 fuisse.
942 3089 1069 3156 Sed,
1104 3092 1190 3146 die
1219 3091 1370 3156 mihi,
1398 3090 1550 3146 aisne
1574 3099 1628 3144 tu
1668 3091 1842 3148 Patris
1874 3093 2000 3147 sub-
2031 3125 2072 3183 ϐ

445 3183 703 3237 stantiam
725 3199 821 3238 sua
861 3183 1028 3253 ipsius
1050 3183 1436 3239 constitutione
1456 3197 1575 3239 esse
1603 3184 1958 3254 antiquiorem
1980 3184 2013 3238 Υ·

449 3275 658 3329 Etenim
715 3276 760 3330 si
815 3277 1150 3344 temporibus
1179 3292 1282 3330 non
1319 3275 1535 3347 subiicit
1583 3273 1704 3330 Filii
1753 3276 2006 3332 substan-

451 3364 600 3429 tiam,
645 3378 817 3433 neque
861 3367 1005 3434 prius
1044 3367 1144 3422 hac
1176 3367 1383 3421 ratione
1429 3365 1699 3436 intelligit,
1731 3367 1908 3423 inanis
1952 3377 2008 3422 et

444 3466 585 3507 Vana
633 3465 717 3508 est
765 3454 882 3522 ejus
936 3456 1133 3522 oratio,
1185 3467 1513 3527 quapropter
1557 3472 1625 3512 ne
1654 3461 2004 3527 responsione

446 3544 662 3614 quidem
695 3546 850 3616 digna
879 3556 980 3601 est.
1013 3547 1078 3602 Et
1125 3549 1342 3618 quidem
1378 3550 1429 3604 id
1468 3550 1642 3620 ipsum
1684 3567 1788 3606 non
1830 3553 2007 3608 minus

447 3637 514 3692 de
547 3637 652 3694 Deo
688 3639 851 3694 etiam
887 3641 1260 3697 universorum
1313 3643 1418 3697 dici
1459 3644 1678 3714 poterit,
1713 3645 1758 3700 sl
1797 3646 1920 3714 quis
1951 3649 2003 3699 in

443 3745 565 3784 eum
596 3731 734 3787 hanc
789 3731 1100 3789 inanitatem
1147 3734 1381 3789 voluerit
1439 3735 1754 3792 transferre.
1781 3736 1913 3790 Nam
1953 3745 2008 3791 et

444 3821 628 3878 dicere
662 3823 826 3879 Deum
855 3835 978 3880 ante
1021 3840 1177 3881 suam
1211 3827 1651 3884 constitutionem
1684 3843 1788 3883 non
1817 3827 2004 3895 fuisse,

445 3921 502 3965 et
533 3911 714 3967 dicere
738 3928 859 3967 eum
882 3923 1008 3970 ante
1037 3915 1273 3985 seipsum
1297 3915 1482 3983 fuisse,
1517 3915 1759 3985 ejusdem
1779 3917 2007 3972 demen-

452 4004 539 4060 tiae
569 4013 670 4062 est.
706 4004 859 4071 Quod
886 4008 933 4062 si
967 4008 1330 4078 temporaliter
1375 4022 1560 4064 vocem
1597 4011 1750 4079 prius
1776 4009 1843 4066 de
1884 4009 2012 4066 Filii

521 4291 634 4364 (62)
664 4293 805 4348 Editi
834 4293 1101 4365 γέννημα,
1135 4296 1248 4348 ῐσον
1277 4293 1518 4347 δύναται.
1573 4293 1705 4362 Reg.
1739 4297 2008 4349 secundos

450 4366 722 4437 γέννημα,
748 4366 844 4418 καὶ
878 4366 992 4437 (eo!
1029 4365 1250 4420 δύναται
1272 4381 1287 4395 ⁸
1311 4366 1431 4437 ubi,
1466 4373 1522 4417 ιιι
1553 4365 1676 4437 alibi
1705 4379 2010 4437 smptu-par-

455 4433 724 4490 ticula'xai
756 4447 932 4491 vacat.
961 4435 1094 4506 Reg.
1124 4435 1766 4506 quartnsxéyvqpa,l’aov
1785 4434 1842 4488 δὲ
1862 4433 2013 4488 δύναο

450 4516 562 4559 ται.
591 4506 742 4560 Coll).
767 4507 999 4559 secunda
1033 4493 1189 4559 ιῖιιιιῖιι
1245 4493 1392 4558 ἀλλᾶ
1433 4493 1550 4557 ἴσον
1602 4493 1844 4558 δύναται,
1895 4508 2014 4558 Mox
2050 4493 2094 4548 Ῑ)

453 4577 580 4630 editi
608 4588 664 4630 et
695 4575 826 4644 Reg.
855 4576 1076 4644 quintus
1117 4576 1281 4630 εἰτοῦ
1312 4575 1370 4628 δὲ
1399 4574 1532 4629 Θεοῦ
1571 4589 1585 4604 ·
1620 4576 1712 4628 sed
1754 4575 2019 4643 partienla

455 4647 504 4698 εἰ
537 4646 665 4700 delit
688 4646 739 4699 in
780 4647 1001 4715 reliquis
1041 4647 1341 4710 codicibus,
1369 4649 1438 4702 ob
1469 4647 1628 4714 idque
1653 4659 1772 4698 eam
1811 4659 2020 4714 expun-

456 4730 655 4768 xunus.

527 4785 638 4855 (65)
690 4784 828 4839 Editi
881 4795 936 4842 et
977 4785 1129 4840 Colb.
1179 4801 1299 4841 cum
1353 4785 1535 4854 Regiis
1571 4785 1729 4838 tertio
1754 4793 1807 4838 et
1831 4783 2018 4855 quinto

458 4854 771 4926 παρ⁹αὺτὸν
819 4857 910 4910 τὸν
949 4856 1098 4915 Υίόν.
1139 4859 1204 4908 ad
1239 4856 1484 4926 verbum,
1526 4867 1783 4926 tanquam
1817 4854 2017 4926 aliquid

458 4924 606 4979 aliud
641 4926 817 4996 dicem
843 4937 1030 4995 pra'ter
1054 4927 1222 4996 ipsum
1260 4924 1482 4978 Filium.
1508 4924 1758 4996 Atchii
1786 4925 2014 4996 primus,

457 4995 745 5058 socundus,
802 4992 1025 5066 quartus
1053 4992 1108 5050 et
1146 5008 1331 5051 sextus
1385 4997 1516 5066 παρέ
1545 4994 1712 5065 αὐτὴν
1751 4993 1840 5046 τὸν
1867 4992 2012 5057 Υίόν,

458 5011 745 5058 secundus,
843 5011 1025 5051 nartus
1053 5011 1108 5050 et
1146 5011 1331 5051 sextus
1385 5011 1514 5066 παρ’
1545 5011 1712 5065 αυτην
1751 5011 1840 5046 τον
1875 5011 1892 5045 ι
1917 5011 2011 5057 ιον,

458 5067 610 5137 quasi
642 5067 778 5119 dicat
802 5011 1007 5119 (Filium
1035 5083 1143 5120 esse
1186 5065 1332 5119 aliud
1363 5083 1395 5119 a
1435 5065 1728 5137 substantia
1786 5079 1804 5117 :
1851 5079 2011 5137 quam

461 5134 786 5204 Scripturam
822 5151 1002 5191 verant
1029 5151 1147 5190 esse
1181 5147 1236 5189 et
1261 5150 1571 5206 germanam
1593 5134 1854 5206 arbitror.
1904 5134 2013 5187 En-

466 5203 678 5260 noniius
707 5208 851 5259 enim
897 5207 1180 5260 videbatur
1215 5203 1285 5259 de
1339 5205 1637 5259 substantia
1691 5204 1808 5258 Filii
1844 5203 2008 5272 loqui,

465 5287 714 5343 tanquam
749 5276 814 5329 de
835 5291 894 5332 re
923 5276 1118 5344 aliqua,
1159 5292 1277 5345 qua:
1306 5276 1372 5345 ab
1417 5275 1533 5342 ipso
1577 5273 1712 5328 Filio
1755 5275 2007 5345 distincta

467 5355 628 5400 esset.
663 5346 929 5414 Sperabat
953 5348 1094 5398 enim
1132 5344 1242 5399 fore
1273 5355 1331 5396 ut
1361 5344 1586 5400 haeresis
1622 5359 1714 5398 sua
1750 5344 1852 5396 hoc
1879 5346 2009 5397 arti-—

472 5414 591 5467 licio
607 5413 814 5468 lacilins
835 5417 884 5468 in
905 5431 1060 5468 aures
1081 5415 1410 5469 audientium
1432 5415 1761 5482 reciperetur
1798 5413 2003 5467 Etenim

467 5486 511 5537 si
569 5495 752 5550 aperte
807 5485 1056 5549 dixisset,
1111 5484 1303 5540 Filium
1348 5484 1419 5537 ita
1484 5484 1722 5553 genitum
1769 5497 1912 5545 esse,
1950 5493 2007 5535 ut

467 5569 535 5606 ex
569 5553 730 5607 nihilo
760 5553 932 5608 factus
986 5566 1148 5617 esset,
1199 5553 1437 5608 onmium
1473 5565 1843 5621 exasperasset
1889 5553 2006 5605 ani-

470 5638 620 5687 mos;
651 5638 747 5676 nec
775 5625 822 5678 ei
845 5639 931 5678 res
957 5624 1090 5678 bene
1121 5625 1487 5679 successisset.
1524 5622 1700 5688 Quare
1742 5624 1874 5676 satis
1911 5622 2004 5674 ba-

473 5692 636 5745 bcbat
661 5693 860 5761 dicere,
910 5697 1261 5750 substantiam
1305 5695 1535 5761 genitam
1570 5707 1708 5755 esse,
1746 5708 1866 5745 cum
1896 5708 1998 5745 non

475 5771 632 5816 t‘ssct.
663 5759 767 5816 Sed
790 5777 852 5816 ex
887 5765 985 5819 hoc
1017 5765 1177 5834 impio
1199 5759 1458 5834 principio
1491 5763 1792 5818 necessario
1813 5777 2000 5830 seque-

2103 1875 2268 1931 οὖσαν
2294 1872 2400 1947 πρδ
2423 1876 2523 1945 τῆς
2561 1875 2692 1938 ιδίας
2728 1874 3056 1938 συστάσεως,
3084 1870 3222 1927 εἶναι
3250 1875 3306 1927 δὲ
3327 1875 3692 1945 γεννηθεῖσαν

2103 1970 2209 2042 πρὸ
2241 1969 2458 2022 πάντων
2491 1966 2685 2041 γνώμῃ
2713 1967 2804 2020 τοῦ
2838 1968 3067 2037 Πατρός.

2172 2084 2317 2136 ΒΑΣ.
2351 2084 2472 2135 Ἔτι
2507 2081 2614 2134 τῶν
2650 2080 2827 2134 αὐτῶν
2871 2079 3054 2149 ἔχεται
3100 2080 3510 2150 τεχνασμὰτων.
3543 2080 3694 2152 Περὶ

2099 2179 2198 2247 τῆς
2231 2175 2416 2238 οὐσίας
2455 2175 2586 2245 ἡμῖν
2621 2173 2715 2226 τοῦ
2749 2172 2876 2225 Υέοῦ
2911 2172 3234 2242 διαλέγεται,
3276 2173 3350 2237 ὡς
3379 2174 3439 2245 δή
3473 2189 3525 2227 τι
3559 2172 3691 2228 ἔτεα-

2104 2282 2193 2343 ρον
2225 2269 2397 2338 λέγων
2441 2269 2570 2339 παρ’
2604 2261 2770 2336 αὐτὴν
2811 2265 2902 2318 τδν
2933 2265 3061 2318 Υίὸν
3095 2266 3228 2335 (65),
3264 2266 3355 2318 καὶ
3389 2264 3565 2336 τούτῳ

2099 2363 2284 2434 τρόπῳ
2318 2361 2622 2431 προημεροῖ
2651 2360 2718 2428 τῇ
2753 2355 3069 2428 βλασφημία
3117 2356 3212 2428 τὴν
3243 2358 3410 2427 ἀκοήν
3428 2370 3450 2388 ··
3477 2359 3580 2410 οὐκ
3618 2360 3690 2411 ἐκ

2098 2451 2194 2505 τοῦ
2229 2448 2534 2521 προφανοῦς
2561 2445 2734 2516 λέγων
2774 2450 2846 2500 ὲκη
2885 2448 2956 2519 μὴ
2994 2447 3160 2500 ὄντων
3192 2440 3549 2518 γεγεννῆσθαι
3589 2451 3690 2503 τὸν

2099 2543 2248 2606 Υίδν,
2291 2540 2426 2594 ἀλλὰ
2471 2540 2582 2608 τὴν·
2617 2537 2802 2592 οὐσίαν
2843 2535 3008 2593 αὖτοῦ
3056 2539 3408 2610 γεγεννῆσθαι
3431 2540 3544 2608 (64)
3579 2543 3690 2594 οὐκ

2101 2630 2278 2688 οὖσαν.
2314 2632 2426 2703 Πρὸ
2472 2632 2622 2693 τίνος
2647 2629 2746 2684 οὐκ
2789 2627 2984 2698 οῦσανς
3023 2631 3163 2685 εἰπέ.
3204 2632 3468 2703 Θεωρεῖτε
3511 2633 3688 2686 αὑτοῦ

2099 2726 2159 2778 τὸ
2189 2725 2460 2794 σόφισμα;
2511 2719 2688 2792 Αὗτὴν
2735 2717 2900 2794 ἑαυτῇ
2955 2723 3253 2792 συγκρίνει,
3305 2723 3391 2777 ἵνα
3435 2727 3570 2778 πᾶσι
3619 2727 3688 2796 δὴ

2101 2816 2303 2872 ἀνεκτὰ
2328 2815 2458 2890 δόξῃ
2485 2815 2685 2883 λέγειν,
2720 2815 2838 2885 οὐχὶ
2871 2814 2975 2887 πρὸ
3001 2815 3107 2868 τῶν
3137 2814 3343 2868 αἰώνων
3376 2815 3552 2886 λέγων
3577 2819 3687 2870 αἱ·

2101 2911 2198 2980 Ἰιᾲὴν
2248 2907 2320 2980 μὴ
2367 2903 2524 2970 εἶναι,
2568 2905 2686 2959 οὐδὲ
2714 2905 2899 2970 ἁπλῶς
2949 2908 3023 2978 μὴ
3064 2901 3225 2970 εἶναι,
3261 2906 3394 2960 ἀλλὰ
3436 2909 3545 2980 πρὸ
3577 2912 3686 2980 τῆς

2107 2999 2240 3062 ιδίας
2288 2997 2614 3060 συστάσεως.
2663 2996 2773 3068 Τὴν
2820 2993 2876 3049 δὲ
2927 2997 3020 3050 τοῦ
3061 2998 3272 3070 Πατρὸς
3308 3000 3520 3062 οὐσίαν,
3550 3002 3682 3053 εἰπέ

2109 3106 2219 3163 μοι,
2251 3089 2622 3162 πρεσϐυτέραν
2646 3084 2785 3141 εἶναι
2814 3089 2876 3142 σὺ
2901 3087 3004 3160 φῂς
3030 3090 3127 3160 τῆς
3161 3090 3296 3154 ἰδίας
3330 3092 3682 3157 συστάσεωςς

2106 3185 2175 3236 Εἰ
2207 3182 2302 3254 μὲν
2333 3182 2439 3253 γὰρ
2481 3180 2579 3251 οὐχ
2609 3175 2898 3234 ὗποὸἀλλει
2925 3181 3135 3253 χρόνοις
3163 3184 3254 3236 τοῦ
3294 3184 3422 3238 Υῐοῦ
3455 3185 3555 3255 τὴν
3587 3184 3684 3236 σῦ-

2109 3277 2251 3338 σίίαν,
2291 3274 2410 3328 οὐδὲ
2444 3272 2504 3326 τὸ
2550 3272 2836 3342 πρότερον
2863 3273 3003 3326 κατὰ
3033 3275 3219 3328 τοῦτον
3251 3277 3339 3330 τὸν
3368 3277 3525 3347 λόγον
3557 3283 3684 3332 ἐπι·

2107 3371 2217 3422 νοεῖ
2239 3367 2373 3438 (63).
2412 3367 2635 3437 μάταιος
2687 3365 2792 3435 μὲν
2818 3365 2964 3436 αὐτῷ
2992 3367 3082 3419 καὶ
3123 3367 3287 3437 ἀργὸς
3312 3369 3337 3420 ὁ
3363 3367 3540 3437 λόγος,
3569 3370 3684 3423 διό-

2113 3475 2218 3526 περ
2253 3456 2373 3508 asas
2413 3454 2754 3525 ἀποκρίσεως
2788 3453 2955 3517 ἄξιος.
3000 3455 3109 3525 Οὐχ
3151 3451 3307 3526 ἧττον
3355 3458 3537 3526 μέντοι
3579 3461 3682 3514 καὶ

2113 3550 2205 3600 ἐπὶ
2229 3547 2322 3601 τοῦ
2347 3546 2480 3600 Θεοῦ
2503 3546 2610 3598 τῶν
2637 3545 2770 3598 ὅλων
2801 3545 3028 3616 ὑπάρξει
3057 3549 3167 3610 τοῖς
3212 3547 3551 3619 βουλομένοις
3578 3569 3682 3620 με-

2112 3638 2423 3711 τακομίζειν
2445 3638 2543 3710 τὴν
2574 3639 2926 3709 ματαιότητα.
2964 3638 3036 3691 Τό
3068 3655 3125 3692 τε
3151 3640 3259 3712 γὰρ
3287 3641 3384 3694 οὐκ
3415 3637 3555 3694 εἶναι
3581 3644 3682 3695 λέ-

2114 3749 2231 3800 γειν
2264 3731 2352 3784 τὸν
2382 3730 2512 3783 Θεὸν
2540 3730 2645 3799 πρὸ
2671 3731 2768 3800 τῆς
2814 3731 2947 3795 ἰδίας
2972 3733 3298 3796 συστάσεως,
3325 3735 3419 3786 καὶ
3444 3734 3508 3786 τὸ
3537 3731 3681 3788 εἶναι

2108 3823 2282 3892 λέγειν
2319 3821 2419 3893 πρὸ
2450 3817 2639 3874 ἑαυτοῦ
2665 3821 2798 3891 (66),
2828 3823 2924 3893 τῆς
2952 3824 3120 3892 αὐτῆς
3167 3826 3312 3878 ἐστιν
3339 3826 3678 3897 ἀφῳσῦνης.

2113 3916 2175 3968 Εἰ
2203 3915 2258 3967 δὲ
2280 3913 2542 3986 χρονικῶς
2570 3913 2661 3965 ἐπὶ
2686 3915 2782 3983 τῆς
2803 3916 2988 3979 οὐσίας
3010 3915 3101 3969 τοῦ
3133 3917 3260 3969 Υίοῦ
3295 3918 3354 3970 τὸ
3387 3921 3678 3987 πρότερον

2112 4009 2342 4072 δέγεται,
2387 4007 2480 4060 καὶ
2509 4008 2572 4058 ὲκ
2603 4007 2677 4077 μὴ
2721 4007 2885 4060 ὅντων
2939 4009 3100 4080 φήσει
3146 4008 3241 4080 τὴν
3286 4010 3470 4062 οὗσίαν
3504 4009 3677 4064 αὐτοῦ

2121 4292 2279 4351 batur
2317 4292 2507 4351 Filium
2541 4310 2758 4367 quoque
2790 4290 3031 4367 genitum
3049 4293 3247 4367 fuisse,
3279 4309 3398 4349 cum
3449 4311 3556 4350 non
3586 4313 3675 4351 es-

2122 4378 2223 4428 set,
2264 4382 2376 4437 inec
2417 4363 2617 4419 eum'a
2664 4363 2928 4419 creaiuris
2983 4363 3220 4429 diﬂ‘erre,
3268 4381 3389 4420 cum
3441 4379 3496 4420 et
3543 4367 3676 4437 ipsa:

2123 4436 2348 4490 condiue
2382 4437 2514 4500 sint,
2545 4452 2663 4490 cum
2695 4451 2799 4489 non
2830 4443 3029 4488 essent.

2193 4505 2302 4578 (64)
2338 4505 2490 4578 Reg._
2526 4507 2713 4578 tertius
2749 4503 3072 4578 γεγενῇσθαι
3101 4501 3188 4578 τόν
3225 4501 3370 4568 Υἱὸν,
3398 4505 3535 4558 ἀλλὰ
3572 4506 3676 4578 τὴν

2123 4571 2308 4629 οὐσίαν
2333 4571 2495 4628 αὑτόῦ
2536 4571 2707 4643 λέγων
2735 4571 3084 4644 γεγενῆσθαι.
3135 4576 3454 4639 Notandum,
3484 4571 3671 4631 statin]

2123 4655 2242 4714 post
2269 4661 2455 4701 vocem
2489 4645 2727 4715 σόφισμα
2759 4654 2935 4698 notam
2967 4645 3400 4713 interrogationis
3455 4646 3508 4698 in
3562 4646 3667 4699 ali-

2121 4718 2314 4785 quibus
2333 4730 2483 4785 Wmss.
2533 4715 2755 4782 reperiri
2790 4731 2805 4766 :
2838 4729 2954 4785 qua;
2988 4724 3108 4768 nota
3141 4719 3208 4768 ab
3250 4717 3408 4770 editis
3454 4719 3667 4770 aberat.

2193 4784 2305 4857 (65)
2328 4784 2636 4857 Eunomius,
2663 4794 2721 4857 ut
2742 4800 2804 4838 ex
2831 4783 2989 4857 dictis
3013 4795 3176 4852 patet,
3212 4786 3505 4840 allirmabat
3539 4787 3670 4840 Sub-

2121 4854 2373 4910 sta'nti'am
2405 4854 2525 4908 Filii
2574 4855 2808 4922 genitam
2847 4855 3030 4918 fuisse,
3059 4868 3183 4909 cum
3229 4873 3329 4908 non
3373 4865 3518 4909 esset
3542 4866 3669 4909 ante

2119 4942 2271 4980 suam
2317 4923 2779 4980 constitutionem.
2841 4922 3068 4978 Basilius
3101 4935 3275 4980 autem
3325 4926 3667 4993 praepositio-

2119 5012 2238 5049 nem
2287 5005 2408 5049 ante
2471 4995 2572 5050 hoc
2615 4994 2732 5065 loco
2767 4995 3076 5065 impugnat;
3109 4996 3310 5065 aitque,
3338 5006 3428 5065 ant
3485 4995 3669 5048 Enno-

2121 5067 2283 5118 ntinm
2315 5080 2447 5120 vana
2466 5074 2628 5133 atque
2659 5064 2836 5117 inania
2863 5063 3096 5128 eﬂ'ntire,
3121 5063 3216 5118 aut
3242 5080 3305 5119 ex
3339 5063 3454 5130 ejus
3480 5065 3667 5118 verbis

2117 5135 2276 5196 edici,
2313 5135 2526 5189 Patrem
2553 5133 2688 5189 Filio
2717 5135 2946 5201 priorem
2976 5148 3095 5188 esse
3122 5144 3378 5203 tempore,
3419 5136 3496 5187 \el
3523 5150 3661 5203 agro.

2189 5205 2298 5276 (66)
2329 5203 2550 5276 Legitur
2598 5215 2653 5257 et
2705 5200 2754 5276 in
2789 5203 2956 5276 editis
2982 5213 3036 5256 et
3068 5205 3130 5276 in
3147 5200 3275 5259 mss.
3300 5206 3392 5257 καὶ
3429 5203 3490 5256 τὸ
3521 5200 3663 5256 εἶναι

2113 5272 2288 5344 λέγειν
2322 5293 2334 5305 ·
2371 5277 2462 5328 sed
2483 5272 2870 5344 ‘Combeﬁsius
2917 5281 3066 5344 putat
3121 5275 3192 5328 ita
3248 5276 3661 5337 ett'ettdamlum,

2113 5339 2208 5399 καὶ
2238 5345 2297 5398 τὸ
2328 5345 2428 5399 οὐκ
2457 5339 2599 5419 εἶναι
2623 5342 2820 5419 λέγειν,
2855 5353 2901 5395 ει
2953 5343 3120 5396 dicere
3145 5357 3272 5419 ante
3305 5347 3530 5419 “ipsum
3561 5360 3664 5396 non

2109 5433 2237 5470 esse.
2273 5417 2432 5471 Certe
2459 5413 2702 5469 si'semcl
2733 5413 2926 5476 cuique
2961 5428 3056 5481 pro
3083 5414 3338 5467 arbitratu
3381 5416 3541 5467 liceat
3571 5424 3665 5465 aut

2108 5487 2305 5540 addere
2348 5486 2525 5540 verbis
2583 5485 2819 5548 Patrum,
2854 5490 2947 5534 aut
2995 5483 3060 5536 de
3119 5484 3184 5537 iis
3239 5485 3541 5545 detrahere,
3570 5494 3665 5536 aut

2106 5560 2299 5620 quovis
2331 5558 2488 5609 modo
2539 5568 2724 5608 eorum
2769 5553 2966 5620 scripta
3021 5553 3325 5616 immutare,
3378 5553 3510 5605 nihil
3551 5567 3658 5605 non

2106 5625 2370 5679 malorum
2409 5626 2530 5680 inde
2582 5623 2872 5678 timendum
2918 5633 3020 5676 est.
3064 5625 3254 5678 Statim
3302 5624 3430 5678 cditi
3491 5622 3664 5691 αὐτῆς

2106 5695 2278 5752 ἔσται.
2312 5696 2533 5765 Antiqui
2572 5704 2680 5751 tres
2714 5691 2834 5748 libri
2863 5692 3028 5748 ἐστίν.
