4002 6408
525 378 633 436 595

1861 386 1920 441 S.
1963 385 2214 442 BASlLll
2250 385 2469 442 MAGNI

3675 386 3768 440 59G

523 509 702 566 operte
747 497 976 566 pretium
1007 508 1126 566 est,
1157 502 1299 571 quod
1345 503 1473 558 dum
1511 517 1577 558 ex
1619 519 1724 558 non
1755 507 2096 560 exatantibus

2210 521 2292 558 rat
2320 503 2491 570 ἄξιον,
2531 504 2591 556 οὐ
2627 503 2925 566 συνιέντας,
2969 502 3072 567 ὃτι,
3105 503 3170 556 ἐκ
3212 505 3286 573 μὴ
3321 503 3493 556 ὄντων
3533 503 3768 572 λέγοντες

522 602 647 642 esse
690 586 874 642 dicunt
917 588 1150 655 Filium,
1202 604 1542 661 nequaquam
1590 592 1901 664 intelligunt
1951 597 2094 663 quod

525 694 648 734 eum
696 696 799 734 non
838 679 996 735 Patre
1040 682 1240 744 solum.
1289 685 1383 738 sed
1425 699 1488 738 ea
1519 684 1681 739 etiam
1719 701 1777 739 re
1810 701 1908 755 per
1937 703 2096 756 quam

529 771 874 841 Unigeuitum
899 789 927 825 a
955 772 1108 828 Patre
1135 782 1414 843 separant,
1442 775 1800 844 posteriorem
1833 786 2094 832 statuant.

525 863 656 916 Nam
689 880 910 920 necesse
936 877 1042 926 est.
1067 867 1108 920 si
1140 868 1264 935 quid
1291 865 1361 919 sit
1386 867 1524 920 inter
1555 867 1768 920 Patrem
1797 879 1851 922 et
1876 869 2096 935 Filium,

526 955 577 1008 id
617 954 736 1008 Filii
769 957 1080 1011 exsistentia
1121 959 1395 1027 antiquius
1435 972 1572 1012 esse.
1618 958 1758 1024 Quid
1795 960 1956 1028 igitur
1991 961 2092 1014 hoc

524 1061 645 1100 esse
671 1049 902 1117 poterit?
931 1048 1194 1114 Quidnam
1223 1049 1366 1103 aliud
1397 1051 1498 1105 nisi
1525 1063 1617 1103 aut
1643 1066 1817 1104 aevum
1840 1062 1934 1105 aut
1961 1061 2098 1105 lem-

525 1141 663 1210 pus?
688 1140 786 1206 Qui
820 1142 963 1195 enim
995 1141 1172 1198 Patris
1199 1143 1363 1197 vitam
1391 1144 1496 1197 vita
1534 1141 1808 1212 Unigeuiti
1844 1144 2091 1213 intelligit

527 1234 884 1296 anteriorem,
918 1249 1022 1304 qua
1053 1249 1111 1289 re
1150 1235 1258 1289 alia
1289 1250 1448 1304 quam
1480 1234 1802 1290 saeculorum
1837 1244 1927 1289 aut
1963 1246 2099 1291 tein-

526 1338 715 1392 porum
771 1325 1127 1394 quorumdam
1191 1326 1366 1396 spatio
1421 1327 1744 1391 admetiens,
1807 1343 2092 1382 excessum

529 1413 799 1472 invenisse
825 1430 883 1471 se
920 1416 1157 1472 dixerit?
1192 1419 1333 1488 quod
1371 1419 1416 1471 si
1463 1418 1564 1471 lioc
1604 1433 1792 1472 verum
1824 1427 1929 1480 est,
1965 1417 2100 1473 falsa

529 1506 808 1576 Scriptura
849 1517 964 1576 est,
993 1525 1112 1579 quae
1151 1511 1284 1564 dicit
1329 1510 1471 1564 facta
1501 1523 1620 1564 esse
1655 1523 1751 1579 per
1791 1511 1967 1579 ipsum
2005 1527 2105 1565 ειν-

527 1592 644 1649 eula
666 1595 732 1663 “;
763 1612 990 1667 qumque
1020 1600 1175 1653 docet
1199 1599 1336 1654 facta
1364 1612 1484 1652 esse
1509 1612 1601 1666 per
1626 1597 1798 1665 ipsum
1825 1599 2005 1652 omnia
2033 1601 2100 1668 δ’,

530 1705 654 1744 cum
684 1701 830 1744 certe
862 1691 913 1743 in
939 1691 1178 1744 omnium
1233 1705 1458 1745 numero
1499 1690 1698 1744 saacula
1754 1692 1914 1744 etiam
1955 1709 2102 1749 coin-

463 1815 482 1832 ς
527 1781 953 1851 ντοιιειιὼιιιιιι.
991 1782 1047 1836 Si
1079 1799 1204 1836 vero
1245 1781 1439 1835 dicturi
1476 1794 1597 1834 Sttltl
1647 1796 1706 1834 se
1745 1798 1850 1836 nun
1901 1799 2101 1854 negare

2198 594 2290 648 τὸν
2325 593 2475 658 Υἰὸν,
2502 595 2564 646 οὐ
2593 592 2688 646 τοῦ
2722 592 2934 666 Πατρὸς
2964 592 3119 662 μόνον
3149 591 3411 664 νεώτερον
3442 594 3768 661 ἀποφαίνου-

2203 703 2308 751 σιν,
2341 685 2477 739 ἀ).λά
2507 686 2602 739 καὶ
2627 684 2742 750 τοῦ,
2775 679 2819 752 ᾧ
2843 685 2932 738 τὸν
2954 685 3235 754 Μονογενῆ
3264 685 3376 757 (75)
3401 685 3513 738 ἀπὸ
3537 684 3634 737 τοῦ
3669 685 3769 738 Πα-

2201 781 2328 852 τρὸς
2362 780 2704 850 διορίζουσιν.
2761 779 2996 848 Ἀνάγκη
3041 777 3168 849 γὰρ,
3224 777 3381 847 εἴπερ
3432 795 3487 829 τι
3549 778 3636 845 εἴη
3686 795 3770 846 με·

2200 867 2334 935 ταξὺ
2365 868 2476 937 (76)
2502 868 2711 939 [ἰατρὸς
2744 868 2836 920 καὶ
2865 867 3017 929 Υἰοῦ,
3049 867 3420 938 πρεσϐύτερον
3449 865 3597 920 εἶναι
3627 867 3770 919 τοῦτο

2200 961 2302 1032 τῆς
2345 960 2629 1033 ὑπάρξεως
2676 960 2768 1014 τοῦ
2813 959 2964 1013 Υἱοῦ.
3010 959 3074 1011 Τί
3121 954 3215 1012 οῦν
3246 959 3312 1012 ἂν
3350 959 3435 1031 εἴη
3477 959 3675 1023 τοῦτο;
3719 960 3773 1010 τί

2203 1053 2331 1108 ἄλλο
2363 1070 2426 1122 γε
2454 1053 2486 1124 ἦ
2514 1052 2646 1108 αἰὼν
2676 1053 2892 1115 πάντως
2918 1052 2951 1123 ἢ
2976 1051 3198 1122 χρόνοςς
3237 1052 3298 1104 '0
3330 1053 3437 1124 γάρ
3467 1069 3556 1104 τοι
3585 1069 3765 1122 περισ-

2206 1145 2429 1216 σοτέραν
2457 1147 2555 1215 τὴν
2599 1145 2694 1198 τοῦ
2726 1143 2939 1216 Πατρὸς
2988 1143 3131 1214 ζωὴν
3175 1144 3272 1214 τῆς
3313 1143 3405 1196 τοῦ
3440 1143 3772 1212 Μονογενοῦς

2203 1237 2400 1291 ἐννοῶν
2450 1237 2585 1307 (77),
2631 1235 2737 1289 τίνι
2772 1253 2836 1304 γε
2884 1234 3028 1305 ἄλλῳ
3062 1235 3448 1305 παραμετρῶν,
3482 1235 3772 1306 εὑρηκέναι

2204 1325 2270 1380 ἂν
2300 1327 2448 1379 εἴποι
2467 1325 2529 1379 τὸ
2562 1326 2836 1397 περισσὸν,
2868 1325 2900 1394 ἣ
2943 1325 3064 1394 οὐχὶ
3110 1324 3218 1394 (78)
3253 1323 3459 1377 αἰώνων
3494 1326 3530 1394 ἧ
3573 1326 3774 1396 χρόνων

2205 1417 2366 1471 τινῶν
2393 1417 2718 1488 διαστήματι
2741 1434 2754 1480 ;
2789 1418 2852 1469 Ei
2890 1417 2946 1470 δὲ
2972 1414 3127 1470 τοῦτο
3152 1415 3366 1487 ἀληθὲς,
3396 1416 3602 1486 ψευδὴς
3637 1418 3670 1485 ἡ
3697 1414 3774 1467 λέ-

2206 1521 2378 1574 γουσα
2420 1505 2608 1576 Γραφὴ
2635 1506 2760 1568 τοὺς
2787 1504 2987 1567 αἰῶνας
3016 1504 3082 1556 δι’
3111 1505 3273 1557 αὑτοῦ
3301 1505 3657 1574 γεγενῆσθαι,
3689 1507 3776 1558 καὶ

2208 1598 2240 1668 ὴ
2285 1595 2639 1661 διδάσκουσα,
2695 1597 2775 1649 ὅτι
2833 1596 3012 1650 πάντα
3053 1595 3118 1649 δι’
3156 1596 3319 1650 αὑτοῦ
3371 1597 3627 1666 ἐγένετο’
3671 1602 3776 1660 τοῖς

2209 1689 2364 1750 πᾶσι,
2398 1685 2661 1757 δηλονότι,
2702 1687 3245 1758 ἐμπεριειλημμένων
3279 1687 3510 1740 καὶτῶν
3545 1685 3774 1740 αἰώνων.

2208 1780 2270 1831 Εἰ
2297 1779 2354 1832 δὲ
2387 1780 2617 1850 φήσουσι
2659 1778 2732 1850 μὴ
2762 1779 3121 1850 ἀπαρνεῖσθαι
3151 1779 3257 1850 πρὸ
3289 1779 3396 1832 τῶν
3437 1778 3657 1832 αἰώνων
3695 1781 3776 1831 τὸν

533 1871 729 1927 Filium
754 1882 878 1927 ante
907 1875 1095 1929 saecula
1128 1874 1293 1946 248
1321 1877 1556 1946 genitum
1583 1893 1722 1940 esse,
1741 1877 1932 1939 sciant,
1959 1879 2098 1946 quod

2210 1871 2329 1966 ξ’ἱὸν
2380 1870 2760 1942 γεγεννῆσθαι,
2816 1871 2889 1942 μὴ
2959 1871 3382 1937 λανθανέτωσαν,
3429 1871 3456 1923 ὃ
3509 1871 3589 1941 τῷ
3643 1871 3777 1941 λόγῳ

530 1964 712 2019 verbis
742 1966 1060 2030 concedunt,
1081 1966 1130 2020 id
1153 1982 1336 2020 revera
1361 1968 1426 2020 ab
1443 1967 1573 2036 ipsis
1591 1968 1722 2021 tolli.
1741 1967 2101 2038 Interrogabi-

532 2068 654 2107 tnus
690 2055 832 2108 enim
866 2071 979 2119 eos,
1013 2056 1104 2125 qui
1135 2071 1200 2110 ex
1237 2073 1341 2110 non
1376 2059 2098 2113 exstantibus-substantiam

534 2145 834 2214 producunt
873 2145 1140 2215 Unigeniti
1199 2163 1212 2199 :
1256 2149 1477 2214 Quando
1514 2165 1616 2202 non
1647 2160 1782 2216 erat,
1819 2160 1878 2204 ut
1903 2151 2098 2214 dicitis,

530 2236 660 2306 quid
683 2245 801 2291 erat
841 2237 965 2290 illml
1001 2239 1375 2292 intervallum?
1409 2255 1568 2308 quam
1605 2242 1652 2295 ei
1689 2243 2098 2311 appellationem

533 2326 947 2397 excogitabitis?
981 2327 1112 2381 Nam
1155 2332 1455 2385 communis
1487 2334 1826 2387 coiisnetudo
1862 2336 2095 2402 spatium

532 2435 693 2474 omne
751 2431 843 2474 aut
897 2421 1227 2491 temporibus
1274 2433 1366 2477 aut
1410 2425 1623 2479 saaculis
1674 2425 1912 2492 sulijicit.
1965 2427 2098 2480 Nam

536 2511 680 2580 quod
713 2511 764 2564 iu
802 2514 1147 2569 scnsibilibus
1177 2527 1260 2571 est
1297 2527 1530 2586 tempus,
1564 2519 1666 2572 hoc
1689 2520 1871 2574 s:eculi
1895 2531 1976 2575 est
2008 2538 2104 2573 na-

537 2613 657 2656 tura
689 2603 740 2656 iu
771 2606 929 2660 rebus
953 2608 1152 2662 mundo
1180 2610 1572 2678 superioribus.
1600 2610 1688 2666 Isti
1717 2627 1870 2678 vero,
1900 2614 1944 2668 si
1976 2615 2100 2681 quid

533 2697 752 2750 tertium
784 2713 880 2766 pro
907 2715 1002 2754 sua
1034 2701 1298 2770 sapientia
1335 2703 1847 2771 comminiscuntur,
1887 2706 2094 2761 dicant.

536 2787 642 2843 Sed
679 2790 802 2843 dum
835 2793 1108 2852 tacebunt.
1138 2793 1278 2848 haud
1313 2794 1558 2864 ignorent
1583 2811 1642 2849 se
1672 2794 1940 2868 lJuigeniti
1978 2800 2105 2852 sub-

538 2880 794 2934 stantiam
831 2884 1044 2937 sznculis
1091 2886 1443 2952 posteriorem
1501 2889 1855 2942 constituere.
1894 2889 2101 2944 Etenim

536 2969 585 3024 si
619 2974 758 3040 quod
787 2975 1020 3042 spatium
1055 2976 1154 3028 fuit
1182 2973 1321 3028 Filio
1348 2977 1644 3045 antiquius,
1678 2979 1820 3047 quod
1858 2978 2106 3033 videlicet

536 3081 597 3120 se
633 3080 788 3134 aeque
818 3081 881 3119 ac
916 3065 1092 3120 Patris
1127 3068 1232 3120 vita
1266 3069 1603 3133 extenderit,
1649 3070 1837 3138 utique
1875 3069 2102 3124 alterum

537 3173 605 3212 ex
634 3157 717 3212 bis
752 3167 890 3212 erat.
945 3144 1048 3212 sed
1096 3175 1195 3215 nec
1229 3169 1347 3228 est,
1391 3176 1491 3215 nec
1538 3161 1643 3215 erit
1685 3163 1942 3231 cegitatio
1981 3163 2102 3216 Filii

537 3249 807 3301 exstantia
847 3250 1140 3319 antiquior.
1180 3251 1311 3305 Nam
1347 3253 1492 3306 omni
1532 3268 1608 3314 re,
1643 3269 1761 3320 qua:
1795 3255 1986 3307 ordine
2016 3272 2106 3306 an.

541 3339 805 3408 tiquitatis
835 3342 1128 3411 excogitari
1157 3352 1351 3420 potest,
1393 3343 1635 3398 anterior
1669 3345 1976 3400 invenietur
2021 3348 2109 3399 illa

540 3430 635 3484 Dei
677 3429 836 3486 Verbi
864 3432 1010 3502 quod
1039 3434 1176 3503 apud
1208 3433 1375 3488 Deum
1417 3450 1446 3488 a
1487 3435 1764 3504 principio
1794 3446 1932 3500 erat,
1969 3438 2112 3490 exsi-

540 3523 754 3577 stentia.
789 3522 898 3577 Etsi
924 3524 1065 3579 enim
1090 3539 1148 3579 se
1171 3525 1286 3595 ipsa
1315 3525 1592 3594 decipiens
1624 3542 1774 3582 mens
1809 3527 2110 3581 innumeris

543 3613 1059 3682 imaginationibus,
1110 3634 1276 3687 seque
1319 3634 1499 3673 rermn
1550 3635 1654 3674 non
1701 3619 2107 3675 subsistentium

542 3707 862 3761 commentis
901 3723 1189 3778 occupans,
1219 3725 1280 3762 ea
1315 3725 1434 3780 qua:
1469 3726 1573 3765 non
1615 3720 1741 3765 sunt
1768 3712 2108 3781 excogitat-e-

546 3798 644 3860 rit;
693 3799 890 3853 nullam
936 3801 1154 3854 omnino
1197 3801 1437 3856 inveniet
1477 3812 1685 3864 artem,
1738 3819 1840 3871 qua
1878 3805 2108 3872 seipsam

547 3892 719 3960 possit
759 3891 897 3944 ultra
943 3889 1214 3962 Unigeaiti
1270 3893 1592 3962 principium
1642 3893 1964 3958 extendere,
2019 3902 2111 3946 aut

547 3983 710 4035 vitam
744 3982 859 4050 ejus
891 3985 981 4053 qui
1017 4002 1111 4054 per
1140 4001 1198 4040 se
1231 3986 1336 4039 vita
1369 3996 1472 4052 eat,
1524 4001 1623 4039 suo
1650 3987 1818 4054 ipsius
1852 3998 1997 4038 motu
2032 3989 2111 4039 in-

548 4069 797 4124 feriorem
847 4075 1169 4144 relinquere,
1207 4083 1299 4128 aut
1347 4092 1443 4130 sua
1478 4078 1805 4147 cogitatione
1849 4077 2108 4146 originem

546 4160 642 4217 Dei
683 4165 838 4219 Verbi
873 4172 1282 4234 transcendere,
1302 4182 1393 4223 aut
1421 4171 1616 4225 saecula
1658 4169 1766 4224 Deo
1794 4169 2110 4224 saeculorum

548 4253 800 4310 deSIituta
828 4257 925 4312 sibi
961 4259 1177 4328 (iugero.

615 4438 656 4470 δ’
686 4437 847 4493 Hebr.
882 4456 917 4501 ι,
954 4440 1006 4494 2.
1087 4441 1137 4473 ⁸⁸
1157 4439 1314 4495 Juan.
1360 4459 1394 4505 ι,
1422 4445 1476 4498 5.

620 4558 732 4644 (75)
783 4557 957 4644 Editjp
1014 4566 1242 4644 utraque
1305 4559 1443 4644 Ven.
1492 4558 1770 4644 etnPai-is.
1837 4559 1973 4644 ἀλλά
2026 4560 2120 4644 καί

549 4629 725 4699 τούτῳ
757 4629 848 4681 τὸν
891 4629 1196 4699 Μονογενῆ,,
1227 4640 1505 4699 οριτιψιο.
1565 4631 1718 4696 Regii
1770 4633 2038 4683 secundus
2067 4639 2121 4684 et

551 4694 775 4774 quartus
800 4697 935 4774 ἁλλᾲ
971 4694 1082 4774 καὶλ
1109 4694 1226 4762 τοῦ,
1250 4694 1294 4766 ᾧ
1339 4694 1429 4751 τὸν
1480 4694 1783 4774 Μονογενῆ,
1815 4702 2117 4774 emendate.

553 4771 721 4836 Igitur
751 4769 941 4822 horum
974 4772 1265 4824 verborum
1299 4773 1570 4824 sententia
1609 4772 1721 4824 lizec
1756 4781 1840 4824 est
1870 4787 1883 4822 :
1933 4769 2116 4824 Mirari

553 4839 702 4894 subit
753 4839 1142 4903 Eunoniianos,
1179 4840 1268 4908 qui
1333 4855 1439 4893 non
1500 4841 1804 4908 intelligunt
1859 4841 2010 4908 sequi
2054 4857 2120 4894 ex

555 4909 670 4964 suis
697 4909 896 4970 verbis,
948 4910 1143 4964 Filium
1178 4927 1281 4964 non
1331 4910 1492 4964 Patre
1548 4911 1719 4965 solum
1769 4914 2118 4977 posteriorem

554 4994 695 5042 esse,
722 4981 813 5032 sed
842 4995 963 5032 eum
1001 4983 1163 5035 etiam
1217 4980 1574 5049 posteriorem
1609 4997 1729 5035 esse
1757 4999 1817 5036 ea
1869 4984 1978 5049 ipsa
2040 4997 2118 5042 re,

557 5062 671 5123 per_
706 5065 863 5123 quam
915 5053 1084 5123 ipsum
1146 5068 1175 5104 a
1235 5052 1393 5123 Patre
1455 5065 1732 5118 separant.
1784 5051 2118 5123 “luchi-cat”),

561 5119 766 5187 nptime
791 5119 1174 5186 inteipretatus
1198 5133 1281 5174 est
1322 5122 1575 5174 librarius
1609 5124 1658 5174 in
1693 5124 1935 5190 margine
1967 5122 2120 5190 liegii

558 5191 807 5264 secundi,
843 5207 964 5264 eum
1002 5191 1344 5264 ita‘seripsit,
1378 5190 1409 5260 ἥ
1457 5191 1708 5264 αἰῶνοςῆ
1760 5193 1973 5264 χρόνου.
2012 5194 2124 5244 llue

561 5270 664 5325 est,
699 5259 1015 5313 Eunomiani
1042 5261 1277 5314 eﬂieiunt
1300 5277 1518 5329 quoque
1541 5259 1733 5315 Filium
1762 5259 2119 5330 posteriorem

562 5330 681 5400 ipso
710 5346 846 5392 aevo,
880 5344 966 5382 aut
999 5333 1112 5400 ipso
1137 5342 1400 5400 tempore,
1427 5347 1656 5400 quorum
1687 5334 1970 5387 intervallo
1998 5347 2121 5387 eum

562 5416 590 5452 a
624 5399 781 5452 Patre
809 5401 1114 5469 sejungunt.

765 5470 1187 5546 C_nil_e_x_unns_'ct
1281 5474 1503 5543 μεταξύ.

635 5541 746 5610 (77)
786 5541 923 5597 Editi
953 5543 1199 5596 ἐπινοῶν.
1226 5541 1298 5598 Άι
1329 5562 1456 5597 mss.
1493 5543 1644 5597 multi
1678 5543 1894 5599 ἐννοῶν.

637 5611 749 5685 (ἷξε)
785 5616 875 5685 Sic
899 5613 1017 5685 libri
1051 5624 1280 5685 viget-es.
1313 5615 1452 5684 Etliti
1490 5614 1750 5685 περισσὸν
1783 5617 1876 5668 καὶ
1909 5614 2050 5684 οὐχί.

639 5666 748 5750 (79)
781 5682 1070 5736 Etlitiunes.
1093 5666 1297 5737 l'm'éi
1315 5666 1498 5739 Paris.
1538 5666 2119 5752 Sieplianaraqaeneum

569 5750 697 5824 Pin-ix.
730 5754 920 5824 quinrq
946 5753 1008 5803 ἐκ
1048 5752 1120 5824 μὴ
1142 5754 1330 5808 όντων.
1365 5755 1542 5810 Codex
1579 5756 1730 5808 (lolii.
1773 5766 1822 5809 et
1849 5750 1959 5820 Reg
2014 5765 2122 5807 ter-

573 5821 674 5877 tius
700 5825 762 5876 ὲκ
793 5819 865 5890 μὴ
897 5819 1066 5887 ὅντοςζ
1108 5819 1205 5880 Alii
1231 5835 1460 5891 quatuor
1494 5842 1621 5881 mss.
1641 5827 1703 5877 ἐκ
1725 5825 1816 5879 τοῦ
1849 5819 2121 5892 μὴγόντυς.

2201 1963 2562 2036 συγχωροῦσι,
2602 1964 2748 2018 κατὰ.
2774 1963 3027 2035 ἀλήθειαν
3067 1964 3476 2036 ἀφαιρούμενοι,
3539 1965 3767 2036 Ἐρωτή-

2201 2073 2382 2126 σωμεν
2409 2056 2527 2128 γὰρ
2550 2057 2744 2120 αὐτοὺς
2775 2056 2898 2119 τοὺς
2934 2057 2998 2108 ὲκ
3043 2056 3116 2128 μὴ
3147 2056 3314 2109 ὄντων
3359 2056 3469 2125 (79)
3505 2056 3777 2125 παράγον-

2198 2165 2297 2212 τας
2333 2147 2428 2201 τοῦ
2462 2148 2799 2217 Μονογενοῦς
2841 2149 2939 2220 τὴν
2975 2151 3160 2204 οὐσίαν
3184 2167 3198 2181 ⁶
3247 2150 3375 2202 Ὅτε
3416 2150 3520 2202 οὐκ
3566 2143 3660 2218 ἦν,
3710 2149 3778 2210 ῶς

2201 2258 2358 2310 φατε,
2385 2242 2438 2293 τί
2462 2237 2528 2312 ἦν
2552 2243 2728 2295 ἐκεῖνο
2759 2241 2820 2295 τὸ
2843 2242 3145 2314 διάστημας
3173 2242 3294 2296 τινα
3323 2241 3471 2311 αὐτῷ
3510 2258 3778 2312 προσηγοι

2203 2331 2323 2400 ρίαν
2346 2332 2693 2401 ὲπινοήσετες
2737 2331 2800 2383 Ἦ
2838 2331 2936 2402 μὲν
2965 2333 3075 2402 γάρ
3113 2331 3264 2402 κοινὴ
3300 2331 3562 2402 συνήθεια
3586 2332 3620 2401 ἦ
3659 2333 3779 2401 χρό-

2202 2441 2312 2487 νοις
2359 2425 2391 2496 ἢ
2441 2424 2632 2478 αἰῶσιν
2678 2425 2822 2478 ἆπαν
2887 2425 3157 2497 διάστημα
3210 2425 3534 2478 ὑποϐάλλειο

2202 2517 2337 2586 ὅπερ
2371 2519 2427 2569 ἐν
2461 2519 2574 2580 τοῖς
2603 2517 2879 2588 αἰσθητοῖς
2910 2519 2938 2571 ὁ
2964 2517 3174 2587 χρόνος,
3203 2517 3359 2571 τοῦτο
3390 2519 3446 2569 ὲν
3473 2521 3590 2580 τοῖς
3621 2519 3778 2587 ὕπερ-

2204 2608 2452 2679 κοσμίοις
2489 2612 2521 2680 ἡ
2554 2609 2646 2661 τοῦ
2693 2608 2888 2673 αἰῶνος
2920 2607 3081 2679 φύσις
3117 2607 3284 2662 ἐστίν.
3322 2603 3479 2661 Οὗτοι
3515 2608 3610 2671 δὲ,
3649 2609 3781 2660 εἴτι

2201 2701 2383 2772 τρίτον
2426 2703 2490 2754 ὲκ
2517 2701 2617 2772 τῆς
2653 2700 2858 2754 ἑαυτῶν
2898 2700 3088 2769 σοφίας
3119 2699 3408 2764 ἐπινοοῦσι,
3444 2699 3776 2768 λεγέτωσαν.

2206 2789 2351 2852 Ἕως
2405 2789 2448 2841 δ’
2505 2789 2571 2843 ἂν
2631 2788 2896 2855 σιωπῶσι,
2949 2789 3022 2859 μὴ
3072 2787 3477 2843 λανθανέτωσαν
3523 2790 3781 2862 δευτέραν

2205 2879 2414 2937 αἰώνων
2442 2881 2540 2952 τὴν
2567 2881 2658 2934 τοῦ
2687 2881 3022 2950 Μονογενοῦς
3043 2880 3228 2935 οὐσίαν
3256 2881 3555 2951 τιθέμενοι.
3584 2883 3650 2933 Εἰ
3680 2882 3780 2952 γὰρ

2203 2969 2270 3043 ἦν
2301 2973 2410 3043 (80)
2447 2991 2498 3027 τι
2527 2974 2798 3045 διάστημα
2819 2974 3184 3046 πρεσόύτερον
3222 2975 3314 3028 τοῦ
3339 2975 3492 3038 Υἱοῦ,
3532 2992 3773 3045 συμπαρ

2206 3065 2575 3136 εκτεινόμενον
2632 3070 2698 3137 τῇ
2735 3066 2844 3139 ζωῇ
2886 3066 2980 3120 τοῦ
3016 3067 3251 3139 Πατρὸς,
3288 3067 3346 3120 ἓν
3379 3085 3432 3120 τι
3460 3067 3676 3120 τούτων
3720 3064 3781 3137 ἦν

2209 3154 2467 3225 δηλονότι.
2528 3156 2665 3208 Ἀλλ’
2701 3156 2810 3209 οὔτ’
2845 3157 3009 3219 ἐστιν,
3061 3155 3183 3210 οὔτε
3238 3155 3311 3229 μὴ
3338 3157 3568 3227 γένηται
3608 3159 3781 3209 ἔννοια

2213 3245 2554 3316 πρεσϐυτέρα
2594 3246 2695 3316 τῆς
2725 3246 2818 3298 τοῦ
2854 3246 3190 3314 Μονογενοῦς
3225 3246 3600 3310 ὑποστάσεως.
3641 3248 3781 3299 Παν-

2208 3336 2299 3398 τὸς
2329 3337 2436 3406 γὰρ
2465 3335 2558 3389 τοῦ
2600 3337 2894 3408 δυναμένου
2939 3339 3018 3400 εἰς
3060 3337 3416 3408 ἀρχαιότητος
3459 3337 3623 3406 λόγον
3672 3341 3774 3391 ἐπι-

2208 3428 2442 3481 νοεῖσθαι
2473 3429 2719 3501 ἀνωτέρα
2755 3431 2788 3500 ἡ
2836 3428 3065 3500 ῦπαρξις
3096 3429 3190 3483 τοῦ
3223 3429 3356 3483 Θεοῦ
3391 3429 3570 3497 Λόγου
3597 3431 3698 3483 τοῦ
3732 3433 3783 3482 ἐν

2209 3521 2347 3591 ἀρχῇ
2375 3521 2524 3584 ὄντος
2550 3521 2682 3592 πρὸς
2705 3521 2796 3574 τὸν
2823 3521 2954 3574 Θεὸν
2983 3521 3355 3593 εὑρεθήσεται.
3387 3522 3532 3586 Κᾶν,
3565 3526 3784 3594 μυρίαις

2209 3611 2526 3680 φαντασίαις
2557 3613 2746 3666 ἑαυτὸν
2778 3611 3124 3684 ἐξαπατήσας
3156 3614 3184 3666 ό
3226 3612 3366 3676 νοῦς,
3402 3613 3495 3665 καὶ
3531 3617 3648 3677 τοῖς
3685 3615 3784 3666 τῶν

2217 3705 2575 3777 ἀνυπάρκτων
2623 3706 2996 3778 άναπλασμοῖς
3049 3705 3372 3768 ἐπιϐάλλων,
3417 3705 3487 3759 τὰ
3533 3705 3608 3776 μὴ
3663 3707 3787 3759 ὅντα

2217 3800 2438 3868 περινοῇ
2474 3796 2604 3868 (8|),
2634 3797 2885 3868 οὐδεμίαν
2919 3797 3023 3850 τῶν
3054 3797 3243 3851 πασῶν
3276 3798 3523 3868 μηχανὴν
3565 3797 3789 3867 ἐξευρή·

2219 3907 2322 3955 σει,
2350 3889 2416 3942 δι’
2439 3884 2506 3962 ἧς
2534 3889 2818 3961 δυνήσεται
2850 3889 2950 3960 τῆς
2978 3888 3151 3962 ἀρχῆς
3183 3888 3276 3942 τοῦ
3306 3889 3650 3957 Μονογενοῦς
3678 3893 3792 3942 ἑαυο

3596 2426 3780 2494 ἐπειδὴ

2166 4003 2171 4008 -
2217 3981 2307 4034 τὸν
2341 3979 2685 4052 ὑπερθείναι·
2722 3981 2814 4034 καὶ
2851 3980 3162 4051 κατωτέραν
3193 3979 3285 4033 τοῦ
3326 3981 3452 4032 ἰδίου
3490 3983 3790 4051 κινήματος

2216 4073 2314 4144 τὴν
2360 4073 2504 4143 ζωὴν
2555 4073 2872 4128 καταλιπεῖν
2909 4074 3006 4144 τῆς
3043 4072 3352 4143 αὐτοζωῆς·
3401 4073 3496 4126 καὶ
3545 4072 3625 4143 τῷ
3679 4074 3790 4142 iri-ie:

2217 4166 2356 4237 λόγῳ
2401 4165 2494 4218 τοῦ
2542 4164 2674 4217 Θεοῦ
2735 4165 2907 4234 Λόγου
2949 4165 3048 4235 τὴν
3093 4164 3267 4236 ἀρχὴν
3309 4164 3648 4236 ὑπερϐῆναιο
3700 4166 3790 4216 καὶ

2218 4258 2419 4322 αἰῶνας
2453 4256 2781 4311 ἐποπτεῦσαι
2810 4258 2919 4328 (8ίὲ)
2953 4258 3187 4329 ἐρήμους
3228 4256 3321 4310 τοῦ
3350 4256 3484 4310 Θεοῦ
3516 4257 3628 4310 τῶν
3663 4258 3789 4310 αἰώ-

2148 4338 2191 4392 Ι)
2219 4368 2344 4404 νων.

2291 4556 2401 4629 (80)
2431 4555 2568 4610 Edili
2593 4557 2765 4628 Εἴπερ
2788 4554 2894 4629 γάρ
2916 4550 3004 4629 ἦν.
3037 4557 3105 4609 At
3138 4572 3266 4629 mss.
3306 4558 3367 4610 Ei
3393 4557 3502 4629 γὰρ
3535 4553 3624 4629 ἦν.
3668 4559 3790 4613 διας

2223 4629 2318 4699 tim
2350 4627 2481 4681 mss.
2522 4627 2762 4681 nonnulli
2796 4627 2930 4699 οὐδέ
2956 4629 3146 4699 Δἐστιν,
3173 4628 3294 4680 οὐδὲ
3343 4629 3440 4699 μή.
3470 4627 3784 4697 Interpres:

2223 4698 2328 4752 Sed
2358 4713 2448 4750 nec
2470 4706 2568 4761 est,
2607 4713 2696 4750 nec
2729 4697 2829 4750 erit
2857 4696 3124 4763 antiquiOr
3147 4713 3328 4752 sensus
3347 4696 3636 4766 'U‘nigeniti
3669 4704 3788 4753 sab-

2222 4769 2484 4822 sistentia.
2519 4767 2648 4829 Sed,
2684 4768 2790 4822 nisi
2817 4767 2972 4820 valde
3001 4767 3182 4831 fallor,
3206 4783 3307 4821 vox
3339 4769 3647 4833 ὑπόστασις
3684 4782 3789 4825 tum

2226 4841 2354 4900 hoc.
2385 4847 2496 4892 tum
2531 4837 2802 4909 similibus
2836 4837 2992 4909 locis,
3028 4853 3136 4909 non
3177 4838 3367 4891 stricte
3398 4841 3659 4902 sumitur,
3699 4858 3790 4909 pro

2225 4924 2453 4978 persona
2511 4907 2780 4978 videlicet.
2838 4907 3091 4978 Arbitror
3127 4908 3288 4974 igitur
3324 4922 3509 4962 vocem
3550 4907 3793 4964 ὑπόστα-

2225 4977 2310 5042 σις
2339 4979 2435 5032 hic
2465 4978 2606 5034 sumi
2629 4977 2828 5049 debere
2858 4977 3172 5049 latius,_pro
3201 4978 3529 5035 substantia.
3565 4992 3660 5034 aut
3697 4996 3792 5049 pro

2224 5060 2440 5120 natura,
2477 5049 2556 5102 sic
2591 5047 2788 5120 ut_boc
2814 5046 2931 5120 loco
2965 5047 3263 5120 ὑπόστασις
3292 5046 3794 5120 idemvaleatquod

2225 5118 2507 5181 σύστασις,
2539 5126 2633 5189 aut
2658 5115 2912 5189 ὓπαρξις,
2945 5119 3266 5189 constitutio,
3297 5115 3686 5179 subsistentia.—
3706 5139 3798 5172 na-

2223 5201 2364 5249 tum,
2403 5199 2510 5241 etc.
2542 5186 2842 5240 Notandum
2895 5187 3062 5240 etiam
3114 5202 3299 5240 vocem
3344 5190 3688 5243 subsistentia
3725 5193 3794 5242 ita

2225 5259 2545 5311 familiarem
2579 5256 2746 5311 fuisse
2775 5258 3080 5324 interpreti,
3119 5269 3177 5311 ut
3206 5259 3418 5326 quoties
3444 5274 3548 5311 ναι
3596 5261 3796 5312 σύσταο

2226 5345 2312 5391 σις
2357 5327 2618 5397 occurrit,
2653 5328 2892 5380 occurrit
2939 5339 3118 5381 autem
3167 5329 3380 5394 impius,
3411 5343 3532 5381 eam
3582 5345 3796 5397 semper

2225 5398 2416 5453 reddat
2450 5395 2641 5451 Latine
2683 5398 3079 5451 subsistentia":
3111 5414 3129 5452 :
3163 5397 3303 5464 quod
3362 5414 3543 5462 nemo,
3580 5395 3795 5467 opinor.

2224 5471 2385 5523 Immo
2413 5468 2748 5537 probaverit,
2790 5482 2911 5520 cum
2944 5468 3011 5520 iis
3052 5468 3105 5520 in
3157 5468 3292 5520 locis
3325 5483 3429 5520 non
3459 5471 3700 5523 obscure
3731 5486 3796 5520 St-

2223 5539 2445 5608 gniiieet
2479 5538 2703 5608 aliquid,
2743 5538 2886 5608 quod
2920 5537 3063 5590 Patri
3093 5552 3245 5606 :eque
3288 5553 3351 5589 ac
3396 5537 3560 5599 Filio.
3597 5555 3796 5593 convc-

2224 5607 2334 5662 niat
2374 5626 2387 5660 :
2420 5607 2562 5675 quod
2588 5607 2655 5661 de
2684 5607 3039 5676 subsistentia
3067 5609 3173 5661 diei
3207 5621 3310 5660 non
3349 5623 3509 5676 posse
3555 5620 3795 5663 constat.

2295 5679 2404 5748 (8|)
2438 5679 2575 5748 Reg.
2612 5688 2839 5748 quartus
2877 5675 2950 5746 μὴ
2973 5679 3102 5731 ὄντα
3134 5679 3341 5746 ἐπινοῇ.

2297 5745 2408 5824 (82)
2441 5745 2692 5824 Editi_et
2745 5745 2949 5824 aliquot
2997 5765 3123 5804 mss.
3162 5745 3523 5803 ὑποπτεῦσαι.
3553 5750 3657 5805 Alii
3689 5761 3795 5804 tres

2224 5835 2353 5874 mss.
2388 5817 2740 5884 ἐποπτεῦσαι,
2768 5817 2982 5873 rectius.
