4002 6408
359 418 464 476 597

1457 426 1828 485 ADVERSUS
1866 429 2231 488 EUNOMIUM
2266 432 2394 487 [ΑΒ.
2437 432 2502 486 ll.

3488 433 3594 490 598

432 529 522 586 ﬂ.
574 531 1002 605 Ἀφαιρούμενος
1027 535 1084 588 δὲ
1115 534 1215 607 τὴν
1243 535 1598 612 ὀφειλομένην
1639 540 1716 612 τῷ
1752 543 1922 597 Move-

2103 545 2190 599 M.
2264 544 2527 601 Czeterutn
2585 542 2673 598 ubi
2729 542 2964 598 debitam
3025 541 3312 615 Unigenito
3366 545 3590 615 gloriam

357 625 507 692 γενεῖ
549 621 738 690 δόξαν,
773 629 1022 680 σκοπεῖτε
1054 628 1227 693 ποίοις
1261 629 1421 683 αὑτὸν
1449 630 1812 704 ἀποσεμνύνει
1843 632 1930 688 λό-

357 733 496 785 γοις.

425 808 588 862 ΕΥΝ.
621 810 776 863 Ἐστι
795 811 872 872 δὲ,
897 812 1082 882 φησὶν,
1108 815 1142 883 ή
1167 791 1324 868 οὐ’σία
1343 813 1441 868 τοῦ
1457 815 1587 870 Υἱοῦ
1610 818 1930 889 γεννηθεῖσα

358 899 464 970 πρὸ
505 900 743 962 πάντων,
781 899 972 972 γνώμῃ
1000 902 1091 955 τοῦ
1123 903 1256 957 Θεοῦ
1290 906 1383 958 καὶ
1416 907 1648 978 Πατρός.

426 990 573 1046 ΒΑΣ.
611 992 778 1044 Τοῦτο
807 992 950 1062 μέγα
973 993 1296 1065 προστίθησι
1325 994 1406 1066 τῷ
1431 996 1570 1066 Υἱῷ,
1599 997 1659 1050 τὸ
1691 997 1928 1070 πρεσϐύ-

355 1096 514 1151 τερον
559 1081 697 1137 εἶναι
725 1084 824 1154 τῆς
863 1082 1124 1149 κτίσεως,
1156 1087 1251 1140 καὶ
1285 1086 1390 1140 τῶν
1424 1090 1739 1160 ποιημάτων
1767 1091 1928 1144 αὑτὸν

356 1173 466 1228 τῶν
511 1174 704 1227 ἑαυτοῦ
741 1176 1135 1248 προϋπάρχειν,
1176 1177 1378 1250 ἀρκοῦν
1411 1181 1491 1242 εἰς
1533 1179 1688 1244 δόξαν
1721 1181 1798 1252 τῷ
1823 1185 1929 1254 Δη-

360 1264 605 1338 μιουργῷ
632 1265 740 1319 τῶν
767 1267 904 1320 ὅλων
935 1268 1213 1338 τιθέμενος
1249 1269 1311 1322 τὸ
1339 1271 1652 1341 κτισμάτων
1685 1273 1794 1343 (85)
1832 1274 1930 1326 αὐ-

354 1361 447 1414 τὸν
489 1360 599 1414 τῶν
643 1362 836 1416 ἑαυτοῦ
889 1362 1272 1434 προτετάχθαι.
1333 1365 1445 1434 Τῆς
1496 1365 1606 1436 γὰρ
1656 1367 1792 1438 πρὸς
1836 1368 1928 1423 τὸν

354 1451 489 1506 Θεὸν
522 1454 623 1506 και
653 1453 872 1526 Πατέρα
903 1456 1185 1520 κοινωνίας
1211 1456 1271 1510 τὸ
1304 1459 1385 1521 εἰς
1423 1458 1584 1512 αὐτὸν
1610 1453 1744 1532 ἧκον
1776 1461 1930 1514 ἀλλο-

353 1541 593 1614 τριώσας
623 1542 756 1613 (84),
792 1545 850 1598 ὲν
879 1548 945 1616 τῇ
985 1546 1093 1599 τῶν
1131 1548 1446 1617 κτισμάτων
1475 1551 1800 1622 προτιμήσει
1830 1551 1928 1622 τὴν

352 1633 682 1706 δόξανίαύτῶ
722 1641 1009 1709 μαρτυρεῖ.
1045 1633 1176 1693 Εἶτα
1199 1640 1334 1711 πρὸς
1363 1641 1422 1694 τὸ
1451 1641 1800 1713 ἀναίσχυντον
1829 1645 1930 1715 τὴν

356 1724 700 1798 βλασφημίαν
726 1729 972 1802 ἐκφέρων
1000 1735 1120 1795 ταῖς
1147 1732 1409 1801 ἀφύκτοις
1438 1736 1470 1805 ἡ
1481 1736 1608 1806 μᾶς,
1633 1734 1707 1800 ὡς
1736 1737 1926 1805 οἴεται,

352 1811 460 1866 τῶν
486 1814 758 1886 λογισμῶν
781 1819 1047 1887 ἀνάγκαις
1075 1823 1550 1892 περιστοιχίζεται.

2033 637 2286 704 abstulit,
2317 636 2728 692 animadvertite
2763 636 2957 705 quibus
2982 651 3103 690 eum
3134 638 3310 692 verbis
3343 649 3589 694 exornet.

2101 821 2237 877 Eon.
2277 820 2374 876 Est
2415 829 2629 886 autem,
2660 804 2857 889 inquit,
2890 818 3192 875 substantia
3239 819 3363 874 Filii
3407 822 3586 892 genita

2029 924 2154 969 ante
2187 915 2391 978 omnia,
2421 915 2695 968 voluntate
2728 910 2816 966 Dei
2849 922 2902 967 et
2930 912 3128 966 Patris.

2101 1006 2226 1061 Bas.
2268 1007 2403 1060 Filio
2437 1007 2538 1060 hoc
2579 1004 2766 1058 tribuit
2801 1003 3012 1073 magni,
3056 1002 3195 1071 quod
3224 1002 3494 1071 antiquior
3523 1007 3593 1056 sit

2028 1100 2311 1163 creaturis,
2340 1109 2392 1153 et
2418 1107 2542 1151 aute
2570 1111 2632 1150 ea
2655 1111 2772 1165 qua:
2803 1095 2918 1162 ipse
2949 1092 3108 1159 fecit;
3142 1101 3286 1147 ratus
3310 1095 3440 1148 satis
3470 1109 3592 1148 esse

2029 1194 2093 1247 ad
2121 1192 2346 1261 gloriam
2372 1188 2680 1245 Conditoris
2712 1188 3110 1248 universorum,
3140 1185 3182 1239 si
3212 1186 3277 1239 sit
3304 1197 3426 1238 ante
3458 1200 3586 1239 suas

2029 1284 2200 1352 ipsius
2232 1289 2511 1336 creaturas
2535 1278 2850 1334 collocatus.
2884 1272 3018 1330 Nam
3051 1280 3399 1344 posteaquam
3432 1291 3588 1336 eum.

2027 1381 2287 1442 quantum
2321 1372 2373 1426 in
2402 1386 2460 1426 se
2493 1369 2610 1436 fuit,
2641 1385 2670 1423 a
2707 1368 3089 1439 conjunctione
3123 1383 3281 1437 quam
3321 1383 3438 1422 cum
3478 1369 3587 1422 Deo

2025 1474 2081 1520 et
2125 1464 2284 1519 Patre
2317 1462 2506 1528 habet,
2535 1460 2819 1525 alienavit;
2859 1461 2906 1513 ei
2943 1459 2994 1512 in
3026 1472 3091 1512 eo
3121 1456 3293 1512 defert
3322 1457 3580 1526 gloriam,

2028 1554 2171 1623 quod
2202 1554 2374 1623 ipsum
2402 1551 2672 1607 creaturis
2701 1550 2970 1620 prml’erat.
3003 1548 3203 1602 Deinde
3227 1547 3295 1602 ad
3322 1563 3586 1602 summam

2029 1645 2416 1717 impudentiam
2458 1641 2686 1699 elIerens
2731 1641 3139 1711 blasphemiam,
3181 1639 3497 1708 inevitabili,
3529 1648 3588 1694 ut

2027 1745 2199 1807 putat,
2232 1733 2663 1806 syllogismorum
2698 1732 2748 1786 vi
2773 1745 2871 1786 nos
2896 1727 3286 1785 circumvallat.

425 1906 584 1961 ΕΥΝ.
631 1909 790 1962 Ἤτοι
816 1909 924 1982 γάρ
962 1909 1124 1974 ὄντα,
1167 1912 1363 1980 φησιν,
1399 1913 1685 1984 ἐγέννησεν
1719 1915 1748 1968 6
1793 1915 1922 1980 Θεὸς

2097 1915 2229 1970 Eun.
2269 1913 2376 1967 Aut
2406 1910 2548 1965 enim
2577 1908 2949 1971 exsisteutem,
2991 1906 3186 1976 inquit,
3223 1907 3407 1977 genuit
3446 1907 3586 1963 Deus
3641 1895 3644 1898 Α

353 1995 443 2049 τὸν
482 1995 626 2062 Υἰδν,
658 1999 690 2069 ἢ
722 2000 822 2052 οὐκ
850 2000 997 2057 ὄντα.
1039 2003 1176 2055 Ἀλλ’
1207 2003 1255 2056 εἰ
1291 2003 1388 2074 μὲν
1411 2005 1510 2057 οὐκ
1541 2005 1689 2069 ὄντα,
1736 2006 1924 2078 μηδείς

355 2103 464 2156 μοι.
494 2089 646 2158 φησὶ,
671 2090 873 2162 τόλμαν
902 2094 1273 2162 ὲπεγκαλείτω
1306 2095 1415 2164 (85)
1438 2112 1452 2125 ο
1483 2097 1530 2148 ei
1563 2095 1618 2148 δὲ
1647 2095 1795 2155 ὄντα,
1822 2098 1922 2151 οὐκ

351 2178 577 2242 ἀτοπίας
604 2181 761 2250 μόνον
792 2184 886 2236 καὶ
926 2183 1289 2256 βλασφημίας,
1321 2185 1456 2240 ἀλλά
1480 2186 1573 2240 καὶ
1599 2187 1780 2258 πάσης
1809 2188 1920 2259 (86)

351 2268 604 2339 εὐηθείας
635 2273 942 2347 ὑπερϐολὴν
974 2277 1002 2329 6
1033 2277 1188 2347 λόγος
1215 2277 1347 2348 ἔχει’
1376 2278 1456 2349 τῷ
1485 2278 1593 2352 γὰρ
1618 2279 1730 2332 ὄντι
1753 2281 1814 2333 ού
1841 2280 1922 2333 δεῖ

349 2363 659 2434 γεννήσεως
695 2365 830 2437 (87;).

421 2454 567 2509 ΒΑΣ.
595 2457 668 2510 Τὸ
694 2459 791 2529 μὲν
823 2455 915 2514 οὖν
948 2460 1380 2535 πολυθρύλλητον
1420 2462 1677 2535 σόφισμα,
1713 2461 1773 2518 τὸ
1816 2463 1922 2518 πά·
1952 2498 1954 2500 -

349 2544 438 2599 λιι
485 2547 581 2618 μὲν
621 2549 901 2622 ἑξευρεθὲν
950 2553 1078 2624 παρ’
1123 2553 1344 2626 ἑτέρων,
1388 2555 1608 2620 τελείως
1642 2556 1699 2608 δὲ
1735 2556 1830 2611 νῦν
1861 2559 1920 2610 ὲν

349 2633 469 2695 ταῖς
517 2635 1056 2710 ἀπηρυθριασμὲνάις
1103 2641 1197 2695 καὶ
1235 2643 1608 2713 ἀναισχύντοις
1651 2644 1921 2713 γλώσσαις

350 2721 457 2774 ὑπὸ
511 2723 714 2778 τούτων
760 2727 1110 2800 ἐξεργασθὲν,
1162 2731 1320 2786 τοῦτό
1374 2735 1541 2789 ἐστιν.
1621 2735 1812 2807 Ἡμεῖς
1864 2736 1920 2789 δὲ

349 2813 564 2882 πρῶτον
596 2817 771 2872 ἐκεῖνο
795 2823 922 2886 τοὺς
952 2824 1225 2896 ἀκροατὰς
1255 2827 1640 2898 ὑπομνήσομεν
1673 2828 1805 2899 (88),
1840 2830 1920 2883 ὅτι

347 2899 503 2969 οὗτός
534 2908 680 2962 ἐστιν
709 2912 738 2964 6
767 2911 856 2965 διὰ
887 2915 985 2979 τὴν
1015 2916 1125 2971 τῶν
1154 2918 1362 2972 πολλῶν
1391 2920 1613 2987 ἄγνοιαν
1644 2920 1920 2993 ἀνθρωπι-

348 2994 462 3059 κῶς
499 2996 858 3062 ὲξακουόντων
885 3009 984 3077 τῆς
1012 3010 1313 3079 γεννήσεως
1345 3011 1436 3064 τοῦ
1471 3012 1602 3066 Υίοῦ
1635 3014 1716 3076 εἰς
1749 3014 1921 3082 ἀνάγ-

349 3103 453 3156 κην
489 3089 758 3160 ἐληλυθὼς
801 3095 908 3149 τῶν
963 3097 1136 3168 λόγων
1168 3099 1374 3154 τούτων
1397 3118 1411 3132 ·
1443 3096 1594 3167 οὗτος
1622 3103 1650 3154 6
1679 3102 1786 3156 ἀπὸ
1813 3104 1920 3156 τῶν

351 3186 675 3268 σωματικῶν
695 3189 910 3243 ἐννοιῶν
936 3192 1026 3244 ἐπὶ
1047 3191 1144 3264 τήν
1171 3196 1544 3267 πνευματικὴν
1566 3195 1797 3267 θεωρίαν
1821 3196 1922 3260 τὰς
1947 3247 1988 3268 η

1971 3281 1988 3303 ⁸
2023 3301 2110 3347 cat
2135 3308 2148 3346 :
2176 3291 2287 3361 qui,
2311 3290 2454 3359 quod
2482 3287 2758 3352 animalia,
2785 3301 2906 3341 cum
2930 3287 3078 3357 prius
3106 3300 3208 3340 non
3237 3285 3366 3351 sint,
3392 3283 3585 3339 deinde

347 3266 705 3342 ἀπαιδεύτους
728 3279 904 3352 ψυχὰς
933 3284 1220 3354 ἐπανάγων
1241 3301 1256 3318 ·
1289 3287 1371 3352 ὃς,
1402 3266 1586 3360 ἐπειδὴ
1615 3266 1688 3342 τὰί
1717 3287 1919 3358 γεννώ-

351 3380 490 3433 μενα
535 3367 649 3430 ζῶα
686 3371 786 3423 οὐκ
816 3371 943 3425 ὄντα
991 3374 1274 3447 πρότερον,
1313 3373 1430 3429 εἶτα
1458 3381 1732 3446 γεννᾶται,
1762 3380 1854 3432 καὶ
1891 3380 1918 3430 6

350 3463 590 3536 σήμερον
619 3467 899 3538 γεννηθεὶς
928 3470 1052 3541 χθὲς
1080 3473 1178 3544 οὐχ
1204 3473 1433 3545 ὑπῆρχε,
1463 3474 1665 3547 ταύτην
1688 3477 1781 3530 κα)¹
1805 3475 1916 3548 (89)

347 3556 441 3608 ἐπὶ
495 3559 596 3629 τὴν
642 3558 735 3612 τοῦ
773 3562 1110 3630 Μονογενοῦς
1168 3562 1517 3631 ὑποστάσεως
1563 3567 1662 3638 τὴν
1714 3568 1918 3621 ἔννοιαν

350 3647 664 3721 μεταφέρει.
732 3652 842 3704 Καὶ
898 3654 1082 3725 ἐπειδὴ
1154 3657 1510 3727 γεγέννηται,
1572 3658 1768 3728 φησὶν,
1822 3660 1918 3728 οὐχ

349 3737 562 3810 ὑπῆρχε
599 3740 706 3812 πρὸ
747 3743 846 3812 τῆς
873 3745 1196 3814 γεννήσεως.
1233 3746 1387 3800 Οὕτω
1419 3747 1774 3818 μεγαλοφυῶς
1819 3750 1918 3820 τὴν

347 3830 596 3902 γέννησιν
622 3834 751 3904 ἡμίν
775 3834 864 3887 τοῦ
889 3836 1220 3904 Μονογενοῦς
1235 3839 1490 3909 θεολογεῖ,
1520 3841 1620 3893 καὶ
1644 3839 1734 3895 διὰ
1755 3840 1922 3893 τοιού-

345 3940 461 3976 των.
477 3923 649 3992 λόγων
675 3926 742 3980 τὰ
769 3928 1174 4000 ἀρρωστήματα
1233 3931 1340 3985 τῶν
1371 3932 1616 4002 ἀδελφῶν
1640 3933 1798 4004 ἡμῶν
1829 3935 1919 3986 ὲπ-

346 4017 688 4090 ανορθοῦται,
719 4019 866 4085 ἄξιος
894 4020 988 4087 ῶν,
1008 4023 1164 4095 εἴπερ
1200 4041 1302 4088 τις,
1340 4024 1567 4079 ἀκοῦσαι
1603 4027 1701 4098 τῆς
1729 4043 1920 4097 παροι-

351 4107 501 4178 μίας,
533 4111 614 4163 ὅτι
654 4111 848 4178 Ἰατρὲ,
877 4112 1252 4182 θεράπευσον
1276 4115 1554 4172 σεαυτόν.
1579 4117 1711 4169 Τίνα
1740 4117 1918 4186 μέντοι

348 4201 444 4254 καὶ
473 4204 822 4273 παραμυθίαν
864 4205 966 4275 τῆς
1006 4205 1207 4259 ἀτόπου
1241 4206 1444 4277 ταύτης
1487 4207 1642 4260 νόσου
1678 4208 1786 4260 τῶν
1829 4208 1917 4260 λο-

346 4291 741 4364 γισμῶνναύτῷ
783 4295 1235 4366 προσενέγκωμεν
1267 4296 1301 4367 ἢ
1348 4296 1419 4350 τὰ
1451 4296 1602 4368 παρὰ
1638 4297 1732 4350 τοῦ
1764 4298 1916 4364 ἁγίου

345 4385 664 4456 Πνεύματος
706 4386 795 4440 διὰ
841 4388 934 4442 τοῦ
983 4388 1252 4460 μακαρίου
1323 4389 1568 4442 Ἰωάννου
1623 4387 1920 4459 λαληθέντα

347 4481 500 4550 ἡμῖν,
536 4480 614 4532 ὃτι
658 4481 759 4533 Ἐν
794 4479 951 4550 ἀρχῇ
998 4478 1078 4551 ἦν
1110 4485 1141 4535 ὁ
1167 4481 1379 4551 Λόγος,
1423 4480 1520 4535 καὶ
1554 4485 1586 4534 o’
1621 4481 1810 4550 Λόγος
1842 4477 1918 4550 ἦν

2022 2007 2238 2071 Filium,
2268 2015 2362 2059 aut
2387 2019 2492 2058 non
2520 2006 2894 2058 exsistentem.
2929 2001 3088 2069 Atqui
3117 2000 3160 2054 si
3189 2017 3290 2054 non
3321 2000 3588 2054 exsisten-

2023 2109 2152 2164 tem,
2183 2112 2363 2162 nemo,
2393 2095 2586 2165 inquit,
2611 2094 2821 2148 incuset
2846 2107 2930 2146 me
2957 2093 3297 2146 temeritatis.
3323 2092 3417 2146 Sin
3440 2093 3586 2146 exsi-

2019 2200 2274 2253 stentem,
2309 2203 2412 2242 non
2438 2186 2829 2240 absurditatem
2863 2185 3058 2249 solum,
3091 2195 3144 2238 et
3167 2184 3582 2252 blasphemiam,

2019 2283 2112 2338 sed
2141 2280 2488 2336 stoliditatem
2520 2278 2682 2332 etiam
2719 2291 2936 2331 omnem
2972 2277 3059 2332 hic
3098 2292 3278 2332 sermo
3314 2277 3526 2332 excedit
3565 2298 3580 2333 :

2019 2374 2215 2430 etenim
2238 2372 2329 2442 qui
2365 2379 2464 2436 est,
2492 2369 2838 2442 generatione
2870 2385 2972 2424 non
3008 2370 3230 2440 indiget.

2087 2467 2214 2522 Bas.
2257 2465 2382 2522 Haec
2408 2475 2492 2520 est
2515 2462 2731 2534 quidem
2763 2462 2849 2516 illa
2880 2462 3249 2532 vulgatissima
3283 2463 3580 2527 cavillatio,

2020 2560 2088 2614 ab
2117 2558 2236 2613 aliis
2275 2558 2403 2612 olim
2453 2556 2736 2610 adinventa
2772 2568 2786 2606 :
2831 2568 2976 2608 nunc
3013 2569 3142 2609 vero
3182 2553 3583 2624 impudentibus

2019 2658 2074 2704 et
2106 2644 2483 2701 inverecundis
2513 2643 2737 2696 istorum
2771 2642 2968 2710 linguis
2991 2641 3234 2696 absolute
3265 2652 3426 2711 atque
3449 2658 3578 2711 per-

2020 2741 2158 2795 fecte
2200 2735 2433 2806 expleta.
2480 2733 2679 2788 Verum
2729 2749 2824 2788 nos
2861 2732 2987 2786 illud
3026 2733 3255 2802 primum
3307 2733 3580 2787 auditores

2021 2829 2452 2893 admonebimus,
2495 2827 2638 2881 hunc
2682 2825 2829 2880 illum
2869 2838 3024 2890 esse,
3062 2823 3227 2896 24.9
3268 2824 3393 2894 qui.
3437 2825 3581 2894 quod

2020 2939 2127 2980 non
2158 2921 2315 2994 pauci
2339 2935 2406 2976 ex
2439 2919 2740 2990 ignorantia
2767 2918 3170 2988 generationem
3197 2916 3316 2972 Filii
3348 2917 3585 2970 humano

2017 3027 2172 3072 more
2210 3013 2536 3084 acciperent,
2583 3022 2803 3067 coaetus
2834 3011 2885 3065 in
2919 3013 3015 3065 hos
3043 3023 3322 3065 sermones
3351 3007 3537 3064 incidit
3567 3024 3582 3061 :

2019 3110 2164 3163 hunc
2188 3107 2336 3160 illum
2367 3119 2505 3170 esse,
2537 3103 2626 3173 qnl
2651 3118 2680 3157 a
2713 3102 2986 3172 corporeis
3022 3101 3332 3156 notionibus
3371 3101 3436 3154 ad
3465 3099 3578 3167 spio

2021 3198 2263 3253 ritualem
2303 3194 2810 3265 contemplationem
2852 3194 3130 3262 imperitas
3163 3192 3373 3247 animas
3422 3206 3578 3245 revo-

2023 3391 2370 3452 generantur,
2399 3390 2451 3433 et
2479 3380 2618 3448 quml
2652 3379 2742 3448 qui
2779 3378 2936 3431 hodie
2960 3376 3176 3447 genitus
3201 3385 3303 3441 est,
3338 3375 3451 3430 heri
3477 3390 3582 3428 non

2023 3485 2160 3538 erat,
2182 3476 2317 3528 hanc
2336 3473 2607 3526 notionem
2636 3472 2690 3523 in
2719 3469 2988 3538 Unigeniti
3020 3469 3374 3523 substantiam
3405 3477 3584 3520 trans-

2024 3565 2145 3620 fert.
2189 3565 2254 3618 Et
2281 3564 2538 3633 quoniam
2569 3563 2784 3632 genitus
2819 3571 2932 3625 est,
2969 3560 3165 3630 inquit,
3197 3569 3322 3614 ante
3354 3573 3581 3630 genera-

2021 3658 2222 3711 tionem
2273 3672 2380 3711 non
2427 3663 2563 3708 erat.
2615 3654 2764 3710 Adeo
2819 3651 3103 3723 magniﬁce
3159 3665 3254 3706 ceu
3310 3649 3586 3719 theologus

2028 3746 2293 3818 L‘nigeniti
2339 3745 2492 3800 nobis
2523 3744 2923 3814 generationem
2955 3742 3199 3812 exponit,
3242 3751 3403 3810 atque
3445 3739 3586 3808 ejus-

2025 3840 2164 3893 modi
2199 3837 2376 3891 verbis
2410 3835 2636 3890 fratrum
2670 3843 2976 3888 nostrorum
3031 3830 3434 3886 inﬁrmitatibus
3473 3845 3585 3882 me-

2024 3932 2215 3986 detur:
2247 3929 2458 3998 dignus,
2489 3929 2532 3982 si
2562 3927 2684 3998 quis
2713 3925 2868 3988 alius,
2893 3925 2982 3994 qui
3009 3923 3193 3978 audiat
3218 3921 3582 3993 proverbium,

2027 4021 2245 4086 Medice,
2280 4036 2406 4072 cura
2435 4021 2654 4087 teipsum
2677 4016 2746 4070 “.
2775 4016 2935 4084 Atqui
2978 4029 3139 4084 quam
3165 4013 3216 4068 ei
3247 4009 3505 4066 medelam
3530 4009 3582 4062 in

2025 4113 2128 4168 hoc
2174 4111 2406 4164 absurdo
2447 4109 2610 4163 animi
2665 4108 2853 4162 morbo
2900 4105 3222 4169 all‘eremns,
3273 4101 3376 4155 nisi
3423 4099 3585 4154 verba

2023 4218 2142 4273 qua:
2185 4200 2419 4270 Spiritus
2452 4209 2673 4252 sanctus
2715 4211 2812 4266 per
2860 4197 3072 4251 beatum
3118 4191 3376 4246 Joannem
3428 4189 3584 4243 nobis

2025 4294 2236 4349 locutus
2260 4301 2342 4346 est
2385 4309 2399 4346 :
2435 4290 2500 4343 In
2534 4288 2791 4358 principio
2829 4297 2937 4342 erat
2982 4284 3226 4349 Verbum,
3260 4292 3307 4335 et
3362 4279 3585 4334 Verbum

2023 4397 2131 4442 erat
2159 4385 2297 4452 apud
2321 4384 2507 4446 Deum,
2535 4394 2579 4435 et
2610 4381 2746 4437 Dens
2769 4389 2879 4436 erat
2919 4378 3138 4434 Verbum
3166 4375 3245 4429 “?
3263 4375 3355 4429 llis
3380 4371 3585 4426 duabus

2025 4480 2350 4536 dictionibus
2368 4478 2510 4531 hunc
2535 4476 2700 4530 animi
2719 4476 2962 4529 morbum
2987 4468 3216 4525 exclusit
3236 4464 3584 4536 evangelista,

345 4573 495 4640 πρὸς
513 4571 620 4626 τὸν
636 4573 803 4638 Θεὸν,
827 4575 925 4627 καὶ
946 4573 1088 4640 Θεὸς
1100 4570 1178 4644 ἦν
1195 4577 1225 4628 ό
1239 4576 1427 4645 Λόγος
1437 4591 1457 4638 ;
1484 4574 1580 4626 Διά
1596 4574 1795 4626 τούτων
1811 4573 1918 4627 τῶν

2024 4589 2146 4629 cum
2193 4572 2418 4628 alteram
2471 4570 2882 4634 transcendere,
2929 4565 3154 4619 alteram
3205 4559 3416 4629 assequi
3477 4571 3582 4611 non

344 4663 438 4719 δύο
487 4665 696 4737 ῥήσεων
744 4665 1063 4720 ἀπέκλεισεν
1102 4667 1130 4719 6
1173 4665 1597 4737 εύαγγελιστὴς,
1642 4667 1768 4737 μιᾶς
1818 4667 1916 4720 ἀν-

419 4843 465 4875 ⁸⁹
495 4839 625 4899 Luc.
657 4859 730 4910 tv,
769 4845 868 4900 25..
936 4844 983 4876 ’θ
1008 4844 1163 4900 Joan.
1202 4862 1244 4910 ι,
1277 4847 1331 4901 l.

415 5018 692 5094 (85)
718 5029 772 5075 et
799 5036 932 5076 mss.
963 5023 1207 5078 nonnulli
1239 5023 1523 5094 τιθέμενος
1548 5023 1652 5077 τῶν
1680 5020 1915 5093 κτισμά-

341 5108 472 5172 των.
505 5090 654 5161 Regii
711 5094 982 5148 secundus
1029 5103 1084 5148 et
1117 5104 1346 5163 quartus
1366 5090 1661 5165 ’τιθέμενος
1694 5095 1754 5146 τὸ
1801 5090 1920 5148 κτι-

309 5205 316 5210 .
350 5175 610 5232 σματων,
623 5173 786 5215 recte.

369 5231 394 5314 ,⁷
416 5232 526 5302 (84)
568 5231 746 5312 Monet
771 5233 1279 5314 vi.r_-.ertAtdi_tis_simus
1327 5235 1916 5314 Qucmus,-anatliema-

347 5303 564 5382 tismtinm
602 5303 652 5382 in
682 5303 912 5382 concilio
935 5305 1268 5361 Ariminensi
1288 5306 1379 5382 _ab
1403 5308 1622 5382 Arianis
1646 5308 1912 5382 prolatum

344 5374 424 5454 sic
451 5371 625 5454 efferri
657 5374 796 5454 apud
824 5373 1478 5454 Hieronytnu‘m‘adversus
1502 5371 1870 5439 Luciferianos
1896 5392 1915 5430 :

346 5442 408 5498 Si
435 5445 550 5512 quis
573 5443 760 5496 dixerit
793 5442 1092 5500 creaturam
1125 5445 1325 5500 Filium
1350 5444 1466 5511 Dei,
1492 5459 1546 5500 ut
1575 5459 1692 5501 sunt
1715 5459 1918 5501 cwterw

343 5524 624 5575 creatum,
650 5517 935 5566 anathema
974 5518 1063 5568 sit.
1116 5517 1309 5571 Filium
1336 5528 1645 5571 creaturam
1679 5533 1785 5572 non
1824 5532 1918 5570 ne-

346 5583 565 5651 gabant.
602 5584 694 5638 sed
727 5585 958 5638 similem
995 5587 1208 5640 emteris
1233 5589 1519 5641 creaturis.

415 5653 529 5725 (85)
575 5653 711 5707 Edili
752 5663 806 5707 et
855 5657 959 5708 duo
1009 5672 1140 5710 mss.
1177 5657 1496 5725 ἐγκαλείτω.
1533 5656 1687 5714 Colb.
1717 5659 1912 5712 ἐπικα-

343 5721 680 5797 λείτωζγιιθᾳ.
719 5725 946 5797 primus.
991 5727 1073 5797 cui
1117 5721 1490 5797 suifragantnr
1521 5729 1610 5782 alii
1637 5732 1742 5783 duo
1775 5745 1904 5782 ιιι-ε.

345 5796 579 5848 semen-da
611 5810 792 5858 manu,
828 5795 1224 5861 ἐπεγκαλείτω.

316 5894 325 5902 -
417 5863 532 5922 (86)
563 5864 700 5918 Editi
728 5863 866 5918 ἀλλά
898 5867 1099 5929 πάσης.
1137 5871 1204 5923 At
1235 5884 1366 5927 mss.
1403 5870 1536 5924 ἀλλά
1582 5870 1674 5924 καὶ
1721 5869 1918 5941 πάσης.

2021 4665 2310 4735 possimus.
2357 4661 2538 4731 Neque
2585 4660 2728 4716 enim
2765 4657 2881 4714 lieri
2929 4664 3126 4726 potest,
3168 4663 3226 4708 ut
3295 4649 3625 4722 quidquam-

2099 5017 2212 5093 (87)
2245 5021 2346 5076 Pro
2395 5019 2710 5093 γεννήσεως.
2739 5015 2792 5071 in
2822 5016 2978 5093 __lleg._
3010 5009 3169 5093 tertio
3209 5009 3406 5082 legitur
3432 5006 3586 5093 γενε-

2029 5081 2168 5155 σεως
2195 5081 2216 5124 ὀ
2242 5107 2362 5162 qua:
2389 5081 2556 5144 varia'
2582 5081 2851 5144 scribendi
2879 5081 3018 5140 ratio
3045 5085 3117 5138 ita
3143 5081 3395 5162 frequens
3422 5089 3503 5158 est
3534 5081 3584 5132 in

2027 5164 2186 5218 libris
2215 5155 2324 5216 tum
2365 5162 2584 5215 excusis
2615 5170 2726 5212 tum
2762 5172 2918 5210 manu
2951 5155 3206 5218 exaratis,
3242 5159 3296 5206 ut
3329 5165 3420 5203 eos
3449 5155 3588 5202 inter

2025 5250 2084 5287 se
2119 5233 2448 5296 consentire,
2477 5247 2598 5284 cum
2630 5227 2892 5282 alterutra
2917 5241 3018 5280 vox
3058 5223 3334 5296 occurrit,_
3359 5221 3444 5271 vix
3484 5235 3584 5296 un-_

2026 5319 2186 5373 quam
2222 5287 2554 5355 videas.'llic
2584 5300 2735 5373 locus
2773 5297 3131 5373 aliter‘editus
3165 5287 3586 5373 inveniturapud

2030 5359 2204 5428 virum
2227 5373 2597 5427 doctissimum
2627 5369 2888 5424 Joannem
2915 5367 3196 5420 Albertum
3229 5359 3531 5428 Fabricium
3569 5373 3582 5409 :

2029 5425 2460 5504 sedita'tamen,
2490 5451 2548 5494 ut
2593 5443 2780 5494 cadem
2821 5435 3088 5491 sententia
3142 5431 3423 5504 ellieiatur2
3477 5425 3589 5481 Illic

2024 5515 2189 5583 igitur
2239 5514 2318 5566 sic
2373 5499 2598 5580 legimus
2639 5530 2650 5564 :
2695 5505 2785 5577 Τῷ
2813 5502 3153 5583 γὰρ-ὅντιΔτί
3184 5501 3263 5553 δεῖ
3302 5499 3583 5568 γενέσεως,

2023 5575 2163 5649 Quid
2189 5585 2324 5636 enim
2369 5575 2499 5651 opus
2525 5591 2599 5634 est
2627 5575 2769 5651 ortu,
2801 5575 2951 5651 eiqiut’
2983 5575 3101 5630 est?

2097 5655 2212 5728 (88)
2244 5646 2467 5728 (lodices
2495 5653 2698 5718 aliquot
2722 5646 3140 5728 bnopquwpw:
3348 5709 3397 5728 ’Δ
3444 5726 3450 5728 _
3479 5707 3554 5728 Im

2099 5709 2213 5794 (89)
2244 5722 2490 5788 εἰοιιίεκ.
2521 5709 2768 5791 quartus.
2807 5709 3003 5772 Vocula
3026 5709 3136 5767 ’καί
3164 5712 3315 5771 deest
3348 5709 3402 5765 in
3426 5709 3592 5765 editis

2029 5806 2078 5849 et
2110 5799 2159 5848 in
2191 5794 2310 5847 aliis
2330 5809 2456 5847 mss.
