4002 6408
411 359 514 416 599

1858 361 2103 416 BASILll
2151 357 2362 414 MAGNI

3558 360 3666 416 600

415 476 677 546 principio
701 477 974 546 antiquius
997 488 1162 547 queat
1184 479 1479 549 excogitari
1502 497 1516 542 ;
1543 495 1644 533 non
1667 480 1809 532 enim
1843 479 1976 532 l‘urt-t

2082 476 2387 547 υπερϐάτου
2422 473 2532 543 (90)
2564 472 2654 526 καὶ
2686 470 2878 543 ἐτέρας
2914 471 3226 525 ἁνεκϐάτου.
3260 471 3396 524 Οὖτε
3429 471 3541 544 γάρ
3575 476 3662 546 ἀρ’

419 565 760 635 prineipimn,
803 567 846 622 si
887 567 1013 636 quid
1051 567 1187 620 ultra
1223 582 1280 623 se
1335 569 1556 624 haberet
1590 586 1603 621 :
1644 583 1812 637 neque
1863 569 1974 622 ﬁeri

420 665 618 726 potest,
653 667 710 711 ut
739 657 1009 727 quispiam
1059 659 1182 712 illud
1204 699 1218 722 ,
1254 657 1420 722 Erat,
1451 659 1778 728 cogitatione
1806 669 1980 711 trans-

417 765 636 818 gressus
659 750 726 802 ad
765 750 1101 803 intervallum
1141 751 1190 803 in
1221 765 1328 819 quo
1354 766 1459 803 non
1489 759 1606 803 erat
1634 749 1979 804 transvehere

416 860 475 897 se
508 843 698 912 possit.
741 841 872 895 Nam
905 843 1144 910 cogitare
1175 843 1314 911 quod
1351 858 1455 897 non
1488 853 1627 908 erat,
1665 854 1749 899 est
1783 845 1976 899 dictio~

417 951 561 997 nem,
591 932 743 998 Erat,
775 934 1074 989 destruere.
1105 933 1235 987 Nam
1263 935 1307 988 si
1337 936 1658 1005 principium
1693 954 1759 991 ex
1790 953 1977 993 eorum

415 1041 642 1081 numero
692 1035 837 1082 esset
891 1042 1011 1096 qua:
1062 1025 1373 1081 referuntur
1414 1027 1482 1082 ad
1525 1028 1687 1093 aliud,
1732 1039 1789 1082 ut
1825 1031 1970 1100 prin-

411 1121 614 1190 cipium
673 1121 983 1190 sapientiae,
1040 1128 1094 1174 et
1141 1118 1464 1189 principium
1515 1119 1614 1173 vite
1671 1119 1861 1186 bonae,
1925 1132 1978 1176 et

411 1214 481 1270 In
513 1216 766 1285 principio
811 1215 928 1285 fecit
977 1213 1116 1268 Deus
1155 1230 1174 1269 :
1225 1213 1362 1268 forte
1409 1227 1688 1283 possemus
1729 1212 1844 1282 ejus
1885 1212 1975 1282 qui

413 1323 478 1363 ex
543 1308 631 1362 tali
704 1306 966 1378 principio
1039 1315 1316 1362 constaret
1382 1306 1778 1376 generationem
1834 1305 1980 1377 cogi-

415 1399 576 1454 tando
605 1399 977 1470 prietergredi.
1011 1397 1116 1453 Sed
1143 1412 1264 1453 cum
1317 1398 1364 1452 is
1403 1396 1654 1466 principii
1703 1395 1979 1467 signiﬁca-

412 1500 522 1558 tus,
578 1501 762 1564 utpote
805 1493 1103 1558 absolutus,
1159 1507 1262 1547 nec
1311 1491 1474 1546 ullam
1521 1491 1586 1544 ad
1633 1491 1776 1544 aliud
1824 1490 1976 1544 habi-

413 1585 650 1640 tudinem
704 1585 944 1642 habens.
1009 1594 1257 1638 naturarn
1319 1599 1626 1653 supremam
1667 1582 1972 1650 significet,

412 1689 592 1730 nonne
644 1675 970 1729 deridendus
1016 1682 1102 1728 est
1156 1675 1246 1744 qui
1302 1674 1589 1742 quidquam
1650 1673 1788 1726 ultra
1847 1671 1974 1726 illud

411 1766 865 1832 comminiscitur,
912 1775 1005 1819 aut
1056 1765 1107 1819 id
1149 1765 1261 1820 suis
1307 1763 1721 1834 cogitationibus
1751 1773 1975 1832 praetcr-

413 1857 594 1912 volare
626 1857 893 1912 conatur?
915 1856 1216 1924 Quinetiam
1248 1857 1489 1917 verbum,
1518 1855 1674 1918 Erat,
1703 1869 1852 1924 atque
1882 1871 1978 1909 ex-

413 1949 648 2004 tenditur
696 1964 758 2005 ac
813 1948 943 2003 illud
993 1948 1316 2018 principium
1373 1947 1647 2003 dilatiOnis
1697 1961 1760 2000 ac
1815 1962 1979 2001 morze

411 2041 782 2110 cujuscunque
847 2041 1107 2095 nescium.
1170 2038 1286 2095 Non
1340 2040 1482 2094 enim
1537 2039 1780 2107 verbum,
1820 2037 1973 2103 Erat,

410 2131 784 2187 exsist-entiam
841 2132 1189 2202 temporalem
1239 2132 1462 2197 indicat,
1494 2142 1551 2186 ut
1590 2132 1716 2186 illud
1753 2151 1767 2186 :
1807 2131 1977 2186 Homo

409 2235 522 2278 erat
553 2224 608 2277 in
638 2224 842 2294 regione
870 2223 1108 2279 Ansilide
1129 2224 1210 2292 ης
1241 2234 1290 2279 el
1320 2223 1526 2292 :_Uamo
1547 2235 1662 2279 erat
1694 2241 1758 2280 ea:
1786 2225 1978 2278 Arma-

412 2313 541 2367 tltim
571 2311 614 2344 "
639 2328 653 2378 ;
689 2321 745 2368 et
773 2330 787 2366 :
817 2312 978 2368 Terra
1008 2325 1182 2369 autem
1212 2325 1319 2369 erat
1339 2315 1611 2370 invisibilis
1643 2315 1709 2371 ⁸⁷.
1740 2315 1843 2371 Sed
1866 2317 1978 2387 ipse

412 2405 567 2460 nobis
599 2405 927 2476 evangelista
963 2407 1014 2461 in
1057 2408 1167 2463 alio
1197 2423 1448 2464 sermone
1475 2408 1589 2476 ejus
1614 2409 1784 2475 verbi,
1817 2409 1979 2475 Erat,

409 2497 770 2568 significatum
815 2499 1071 2564 ostendit,
1117 2500 1199 2554 bis
1247 2499 1468 2554 verbis:
1504 2501 1606 2568 Qui
1649 2511 1744 2569 est,
1793 2512 1838 2556 et
1883 2503 1982 2572 qui

408 2596 542 2652 erat,
576 2596 623 2640 et
651 2589 740 2655 qui
769 2597 845 2642 est
881 2589 1202 2656 omnipotens
1229 2591 1295 2645 ⁸⁸.
1327 2589 1494 2657 Quale
1533 2592 1676 2647 enim
1710 2602 1792 2649 est
1825 2594 1974 2659 illud,

409 2689 505 2743 est,
539 2677 646 2734 tale
687 2688 770 2733 est
811 2680 974 2734 etiam
1007 2679 1157 2744 illud,
1187 2691 1324 2748 erat,
1353 2683 1739 2752 sempiternum
1775 2686 1984 2754 pariter

409 2781 575 2842 atque
612 2773 871 2842 temporis
899 2789 1116 2846 expers.
1149 2773 1264 2828 Jam
1300 2791 1428 2831 vero
1471 2792 1577 2830 non
1625 2777 1973 2832 exsistentem

408 2863 611 2933 dicere,
639 2881 792 2930 eum,
814 2867 904 2937 qui
936 2866 987 2920 iu
1018 2867 1281 2938 principio
1312 2878 1415 2933 est,
1450 2883 1624 2939 neque
1657 2868 1820 2939 250
1861 2870 1976 2940 ejus

408 2968 492 3014 cst
531 2959 624 3030 qui
667 2961 918 3031 principii
965 2962 1237 3016 notionem
1283 2971 1496 3027 servat,
1521 2977 1693 3032 neque
1731 2962 1846 3030 ejus
1885 2962 1988 3030 qui:

409 3066 513 3105 una
553 3068 675 3106 cum
729 3053 992 3123 principio
1034 3054 1392 3109 substantiam
1439 3055 1707 3122 Unigeniti
1755 3055 1976 3122 conjun-

2080 571 2180 640 χῆς
2209 567 2326 622 ἐστι
2361 585 2414 620 τι
2448 565 2735 636 ἐπινοῆσαι
2780 563 3179 636 πρεσϐύτερον·
3230 564 3292 616 οὑ
3324 564 3436 636 γὰρ
3469 566 3550 617 ἐτι
3601 567 3666 618 ἂν

2080 663 2164 733 εἴη
2197 660 2361 734 ἀρχὴ,
2399 660 2558 730 εἴπερ
2592 658 2704 728 ἔχοι
2735 674 2787 708 τι
2817 656 3015 725 ὲαυτῆς
3048 655 3309 726 ἐξώτερον
3357 656 3472 727 (91)
3494 673 3508 686 ·
3540 656 3664 710 οὔτε

2078 755 2140 809 τὸ
2163 751 2275 810 Ἦν
2304 753 2596 814 διαϐάντας
2627 749 2706 820 τῷ
2749 747 3013 818 λογισμῷ,
3053 749 3134 811 εἰς
3165 748 3222 800 τὸ
3259 749 3349 802 ὅτε
3400 748 3515 820 (92)
3559 751 3662 803 οὐχ

2077 841 2147 917 ἦν
2198 845 2422 899 δυνατὸν
2483 841 2815 914 ὑπερκύψαι.
2882 840 3159 912 ’Δθέτησις
3210 841 3319 914 γάρ
3369 842 3488 894 ἐστι
3562 841 3662 895 τοῦ

2078 932 2210 1001 τΗν,
2243 937 2276 1007 ἡ
2314 934 2409 988 τοῦ
2456 935 2539 988 ὅτι
2571 933 2669 986 οὑκ
2709 927 2775 1003 ἦν
2809 931 3038 984 ἐπίνοια.
3071 933 3134 984 Εἰ
3167 933 3266 1003 μὲν
3293 933 3400 1003 γὰρ
3446 935 3482 1004 ἡ
3514 933 3660 1005 ἀρχὴ

2078 1027 2186 1082 τῶν
2239 1025 2374 1097 πρὸς
2428 1026 2613 1097 ἕτερον
2660 1023 2969 1093 λεγομένων
3003 1018 3091 1093 ἦν,
3123 1021 3200 1085 ὡς
3260 1021 3321 1074 τὸ
3363 1023 3509 1094 ἁρχὴ
3562 1040 3659 1076 σο-

2078 1120 2241 1190 φίας,
2304 1119 2397 1173 καὶ
2453 1117 2594 1190 ἀρχὴ
2643 1114 2762 1170 ὁδοῦ
2829 1115 3060 1186 ἀγαθῆς,
3131 1115 3254 1180 καὶ,
3329 1117 3431 1169 Ἑν
3492 1116 3659 1186 ἀρχῇ

2077 1215 2369 1282 ἐποίησεν
2401 1215 2434 1266 ό
2487 1211 2649 1277 Θεὸς,
2701 1207 2770 1282 ἦν
2814 1209 2879 1264 ἂν
2921 1209 3112 1278 τυχὸν,
3151 1207 3246 1261 τοῦ
3279 1208 3342 1260 ἐκ
3395 1209 3661 1279 τοιαύτης

2077 1305 2252 1377 ἀρχῆς
2310 1302 2646 1373 ὑφεστῶτες,
2693 1300 2759 1354 δι’
2794 1299 3142 1370 ἐνθυμήσεως
3200 1296 3503 1368 ὑπερϐῆναι
3553 1297 3658 1367 τὴν

2077 1397 2358 1468 γέννησινο
2413 1395 2602 1467 ἐπειδὴ
2666 1393 2723 1447 δὲ
2767 1392 2828 1446 τὸ
2900 1391 3298 1462 σημαινόμενον
3347 1389 3507 1443 τοῦτο
3551 1390 3656 1460 τῆς

2077 1491 2254 1562 ἀρχῆς
2288 1487 2687 1558 ἀπολελυμένον
2720 1485 2815 1540 καὶ
2860 1485 3085 1554 ἄσχετον
3120 1483 3218 1554 τὴν
3252 1482 3515 1536 ἀνωτάτω
3556 1482 3656 1550 eti-

2080 1599 2166 1634 σιν
2223 1580 2394 1652 δηλοῖ,
2449 1579 2566 1643 πῶς
2622 1578 2683 1632 οὑ
2753 1577 3154 1645 καταγέλαστος
3207 1576 3236 1628 ὁ
3277 1574 3345 1628 τά
3397 1574 3655 1645 ἐξωτέρω

2075 1671 2277 1744 ταύτης
2309 1670 2567 1735 ὲπενοῶν,
2597 1669 2630 1740 ἢ
2663 1666 2954 1741 ἐπιχειρῶν
3004 1667 3172 1739 αὐτὴν
3221 1669 3334 1730 τοῖς
3357 1665 3649 1737 λογισμοῖς

2077 1766 2470 1839 ὑπερϐάλλειν;
2507 1763 3038 1836 Συμπαρεκτείνεται
3081 1762 3139 1815 δὲ
3184 1761 3280 1815 καὶ
3324 1761 3384 1815 τὸ
3415 1757 3527 1816 Ἦν
3569 1763 3653 1833 τῷ

2079 1858 2428 1930 ἀνυπεροέτῳ
2459 1858 2556 1928 τῆς
2585 1856 2761 1928 ἀρχῆς
2782 1855 2983 1926 ταύτης
3009 1854 3141 1926 (93).
3171 1855 3245 1909 Οὑ
3273 1853 3381 1926 γάρ
3415 1853 3513 1925 τὴν
3539 1855 3652 1908 ἀπὸ

2077 1951 2267 2024 χρόνου
2331 1951 2560 2022 ὓπαρξιν
2620 1949 2681 2002 τὸ
2731 1945 2849 2003 τΗν
2895 1947 3212 2017 ὑποφαίνει,
3264 1945 3337 2010 ὼς
3391 1945 3472 2012 τὸ,
3518 1948 3653 2000 ’Λν-

2078 2046 2308 2111 θρωπος
2331 2037 2411 2110 ἦν
2442 2041 2512 2093 ἐν
2550 2037 2709 2108 χώρᾳ
2739 2038 2814 2106 τῇ
2861 2037 3132 2093 Αὺσίτιδι
3167 2036 3276 2106 (94)
3302 2054 3316 2066 ’
3370 2037 3484 2098 καὶ.
3527 2030 3652 2090 Ἦν

2076 2135 2384 2204 ἄνθρωπος
2410 2133 2478 2198 ἐξ
2520 2133 2831 2202 Ἀρμαθαΐμ
2850 2148 2863 2162 ⁸
2913 2129 3110 2194 καὶτὸ,
3152 2130 3214 2186 Ἡ
3240 2128 3308 2182 δὲ
3346 2127 3421 2199 γῆ
3446 2124 3526 2198 ἦν
3548 2128 3653 2181 ἀό-

2068 2244 2283 2297 ρατος·
2317 2227 2430 2282 ἀλλ’
2465 2225 2625 2290 αὑτὸς
2653 2227 2783 2297 ἡμῖν
2809 2226 2838 2279 ὁ
2867 2221 3255 2293 εὑαγγελιστὴς
3285 2223 3340 2274 ὲν
3364 2219 3535 2292 ἑτέρῳ
3558 2219 3650 2271 λό-

2075 2339 2156 2392 γῳ
2197 2319 2288 2374 τοῦ
2318 2319 2557 2373 τοιούτου
2600 2314 2719 2373 Ἦν
2755 2317 2816 2370 τὺ
2867 2313 3259 2387 σημαινόμενον
3309 2311 3531 2378 ἔδειξεν,
3573 2311 3652 2362 εἰ·-

2077 2414 2191 2465 πών
2211 2431 2224 2442 ·
2243 2413 2296 2466 Ὁ
2319 2410 2422 2477 ὢν,
2452 2411 2550 2466 καὶ
2577 2415 2611 2466 ό
2639 2407 2735 2482 ἦν,
2759 2409 2855 2463 καὶ
2872 2407 2982 2479 (95)
3004 2411 3036 2462 cl
3063 2405 3501 2475 παντοκράτωρ.
3522 2398 3649 2457 Οἶον

2076 2506 2185 2579 γὰρ
2222 2507 2281 2561 τὸ
2321 2503 2426 2570 ὢν,
2455 2505 2694 2560 τοιοῦτον
2731 2505 2826 2558 καὶ
2857 2502 2917 2556 τὸ
2950 2499 3046 2573 ἦν,
3089 2500 3258 2554 ἀΐδιον
3305 2499 3504 2570 ὁμοίως
3553 2498 3650 2551 καὶ

2074 2601 2318 2672 ἄχρονον.
2367 2601 2481 2653 Οὐκ
2510 2599 2636 2652 ὄντα
2663 2599 2718 2652 δὲ
2746 2597 2925 2665 λέγειν
2953 2593 3042 2648 τϐν
3069 2596 3126 2648 ἐν
3155 2594 3297 2666 ἀρχῇ
3333 2593 3481 2652 ὄντα,
3520 2591 3648 2647 οὔτε

2074 2690 2428 2755 διασώζοντός
2464 2691 2582 2744 ἐστι
2617 2689 2713 2761 τὴν
2755 2689 2960 2744 ἔννοιαν
3006 2687 3104 2758 τῆς
3133 2685 3329 2757 ἀρχῆς,
3365 2683 3487 2738 οὔτε
3523 2703 3648 2739 συν-

2077 2781 2338 2845 άπτοντος
2361 2782 2498 2853 αὑτῇ
2529 2781 2626 2852 τὴν
2649 2779 2880 2852 ὓπαρξιν
2904 2778 2998 2834 τοῦ
3029 2777 3384 2847 Μονογενοῦς.
3432 2778 3647 2831 Ἀνεπι-

2074 2871 2260 2944 νόητον
2283 2872 2386 2943 μὲν·
2407 2871 2514 2943 γὰρ
2535 2872 2634 2941 τῆς
2657 2871 2829 2943 ἀρχῆς
2849 2869 2908 2923 τὸ
2929 2868 3315 2941 πρεσϐύτερον,
3342 2867 3649 2938 ἀχώριστον

2075 2965 2130 3018 δὲ
2157 2964 2360 3035 ταύτης
2390 2963 2482 3017 τοῦ
2506 2963 2640 3016 Θεοῦ
2667 2961 2823 3032 λόγου
2849 2962 2909 3015 τὸ
2939 2957 3094 3016 εἶναι.
3124 2961 3286 3013 Ὥστε
3314 2960 3398 3029 ἐφ’
3428 2963 3554 3015 ὅσον
3581 2961 3646 3015 ἂν

2077 3055 2343 3127 βουληθῇς
2375 3058 2493 3119 ταῖς
2543 3055 2636 3108 τοῦ
2679 3053 2770 3110 νοῦ
2818 3052 3366 3125 πολυπραγμοσύναις
3409 3053 3645 3125 ἀναδρα-

407 3141 506 3208 git.
538 3141 652 3197 Non
684 3145 828 3198 enim
856 3146 1148 3216 excogitari
1177 3157 1352 3215 potest
1377 3147 1650 3216 antiquius
1683 3147 1971 3217 quidquam

2082 3152 2218 3220 μεῖν,
2248 3149 2550 3221 ὑπερϐῆναι
2583 3148 2640 3201 τὸ
2667 3144 2766 3218 ἦν,
2795 3149 2888 3201 καὶ
2908 3146 3012 3214 ἔξω
3037 3145 3224 3200 τούτου
3255 3145 3505 3214 γενέσθαι
3531 3148 3648 3209 τοῖς

408 3233 694 3302 principio,
728 3251 757 3288 a
791 3251 897 3304 quo
935 3246 991 3290 et
1015 3253 1124 3290 esse
1162 3237 1252 3290 Dei
1290 3235 1446 3292 Verbi
1478 3247 1561 3292 est
1594 3237 1967 3307 inseparabile.

2075 3240 2352 3311 λογισμοῖς
2377 3240 2438 3292 οὑ
2469 3238 2688 3310 δυνήσῃ.

409 3325 587 3391 Quare
609 3337 1089 3399 quantumcunque
1111 3331 1260 3388 voles
1288 3332 1518 3388 curiosis
1549 3333 1748 3390 mentis
1773 3333 2243 3404 disquisitionibus
2283 3333 2604 3404 retrogradi,
2641 3343 2817 3386 tamen
2869 3344 3018 3394 nuru,
3060 3339 3191 3395 eraP,
3236 3327 3555 3398 transgredi,
3590 3329 3650 3382 et

407 3418 547 3473 ultra
578 3420 680 3475 hoc
707 3421 1118 3492 cogitationibus
1149 3423 1275 3479 ferri
1307 3439 1410 3490 non
1441 3425 1660 3495 poteris.

481 3512 566 3567 15.
616 3511 980 3585 interrogetur
1039 3527 1216 3572 autem
1275 3517 1515 3573 vicissim
1574 3527 1628 3573 et
1683 3534 1713 3573 a
1778 3519 1966 3584 nobis,

408 3613 586 3656 utrum
617 3601 668 3657 in
701 3605 963 3675 principio
997 3617 1138 3661 esset
1167 3609 1304 3678 apud
1332 3609 1496 3664 Deum
1539 3609 1677 3664 Deus
1714 3609 1966 3676 Verbum,

409 3705 475 3744 an
529 3703 717 3761 postea
768 3697 1016 3752 accessit.
1066 3695 1198 3750 Nam
1243 3697 1288 3752 si
1338 3705 1474 3761 erat,
1509 3698 1698 3752 Coercc
1739 3699 1970 3769 linguam

409 3793 553 3836 tuam
599 3802 630 3837 α
681 3787 818 3840 malo
848 3787 918 3852 δ’,
954 3789 1021 3842 ah
1074 3804 1137 3843 ea
1189 3789 1440 3845 videlicet
1484 3790 1834 3860 blasphemia,
1868 3806 1972 3859 qua

410 3875 568 3941 dicis,
618 3895 720 3932 non
767 3890 927 3935 erat:
963 3881 1045 3936 sin
1089 3892 1294 3951 autem,
1327 3885 1470 3952 quod
1523 3898 1607 3959 ne
1634 3883 1716 3938 fas
1759 3883 1972 3952 quidem

476 4050 521 4084 ⁸⁸
552 4051 652 4108 Job
685 4071 721 4118 ι,
756 4055 805 4109 Ι.
879 4056 924 4088 ⁸⁸
957 4057 976 4111 ι
1008 4057 1137 4129 Reg.
1168 4075 1207 4124 ι,
1254 4060 1304 4114 1.

481 4226 594 4310 (90)
625 4239 718 4296 Sic
746 4241 912 4298 editio
942 4251 1174 4309 utraque
1205 4241 1339 4296 Ven.
1381 4251 1437 4296 et
1469 4241 1640 4296 Paris.
1674 4256 1796 4294 cum
1832 4251 1984 4295 antr-

408 4313 530 4381 quis
582 4323 814 4380 quatuor
848 4312 1001 4366 libris

407 4382 513 4456 τῶν
547 4381 648 4456 δύο
670 4383 897 4456 ’ῥήσεων
945 4381 1265 4456 άπέκλεισεν
1389 4381 1827 4456 εὑαγγελιστὴςᾋ
1854 4384 1984 4456 μιᾷς

1383 4059 1424 4091 δ’
1459 4058 1596 4115 Gen.
1625 4076 1666 4122 ι.
1690 4059 1752 4114 ‘2.
1819 4060 1865 4090 “
1887 4060 2121 4129 Apoc..r,
2148 4059 2202 4114 8.

2148 3514 2243 3569 15..
2279 3509 2696 3582 Ἀντερωτάσϐω
2735 3508 2914 3563 τοίνυν
2959 3509 3051 3562 καὶ
3089 3509 3218 3579 παρ’
3251 3507 3438 3577 ἡμῶν·
3485 3507 3649 3560 πότε-

2077 3624 2168 3682 ρον
2202 3607 2260 3659 ἐν
2281 3606 2421 3676 ἀρχῇ
2454 3601 2520 3675 ἦν
2553 3602 2688 3674 πρὸς
2719 3601 2808 3655 τὸν
2837 3601 2968 3654 Θεὸν
2993 3603 3021 3654 ὁ
3041 3600 3171 3664 Θεὸς
3201 3601 3388 3668 Λόγος,
3422 3599 3454 3669 ἢ
3491 3599 3649 3652 ὓστε-

2081 3716 2172 3770 ρον
2202 3696 2592 3769 προσεγένετο;
2651 3695 2714 3746 Εἰ
2763 3693 2860 3764 μὲν
2917 3691 3025 3762 γάρ
3070 3686 3173 3762 ἦν,
3236 3689 3484 3743 Παῦσον
3530 3690 3651 3757 τὴν

2079 3789 2370 3862 γλῶσσάν
2405 3805 2521 3843 σου
2560 3787 2678 3842 ἀπὸ
2722 3785 2930 3849 κακοῦ,
2985 3783 3082 3854 τῆς
3123 3784 3237 3847 rce-3,
3279 3785 3359 3836 ὅτι
3391 3785 3504 3836 οὐχ
3543 3780 3645 3854 ἦν,

2082 3879 2458 3952 βλασφημίας·
2489 3878 2537 3931 εἰ
2568 3877 2623 3930 δὲ
2649 3876 2780 3943 (96),
2815 3876 2951 3946 ὅπερ
2972 3873 3090 3928 οὑδὲ
3121 3873 3278 3944 Θέμις
3309 3875 3502 3940 εἰπεῖν,
3534 3875 3650 3937 τοῖς

2283 4057 2330 4090 ⁸³³
2359 4056 2495 4111 °sa|.
2528 4072 2715 4118 ςιιιιι,
2748 4056 2832 4110 Η.

2082 4257 2202 4296 cum
2235 4258 2337 4297 uno
2388 4241 2519 4312 Reg.
2555 4242 2824 4314 ἐξωτέρω.
2880 4240 3012 4297 Utro
3038 4241 3176 4312 .quis
3223 4241 3380 4297 modo
3429 4239 3643 4313 legerit-

1057 4320 1173 4382 :at
1220 4321 1391 4366 totum
1450 4311 1602 4382 illud,
1650 4311 1748 4382 Διὰ
1776 4311 1990 4365 τούτων
2087 4322 2430 4382 peccaturum
2459 4329 2563 4366 non
2600 4311 2748 4382 puto.

2157 4383 2268 4448 (92)
2298 4383 2412 4437 Vox
2439 4384 2527 4436 ὅτε
2562 4384 2612 4437 in
2639 4383 2847 4436 duobus
2882 4399 3013 4438 mss.
3055 4398 3160 4436 non
3186 4383 3473 4438 invenitur.

408 4451 1131 4544 ἀνυπερϐάτόυιριαὶετέρας
1161 4451 1484 4544 άνὲκϐάτου,
1520 4456 1670 4544 deest
1711 4451 1760 4504 in
1792 4451 1976 4520 Regiis

2090 4531 2100 4544 .
2157 4453 2268 4522 (95)
2304 4453 2754 4544 ιὶρᾳὶευςιιιιόιιε,
2777 4469 2949 4544 ηιιιίιιιλ
2967 4468 3066 4506 suo
3115 4467 3262 4544 rppre
3301 4454 3482 4544 secuti
3516 4462 3646 4535 sunt

409 4523 670 4590 secundo,
706 4526 867 4578 tertio
894 4530 948 4576 et
977 4523 1190 4592 quinto.
1222 4523 1326 4576 Sed
1374 4523 1490 4576 haec
1533 4523 1692 4576 verba
1725 4536 1976 4576 necessa-

410 4593 489 4644 ria
521 4607 660 4658 esse,
697 4593 741 4647 si
787 4593 919 4647 nihil
948 4595 1116 4654 aliud,
1157 4593 1269 4660 ipsa
1309 4603 1459 4647 certe
1509 4592 1768 4644 orationis
1811 4594 1980 4646 series

409 4662 618 4734 probat.
651 4662 717 4718 Ut
762 4665 901 4734 enim
936 4663 1048 4728 illa,
1082 4661 1220 4716 Οὔτε
1267 4662 1374 4734 γὰρ
1406 4662 1580 4733 ἀρχῆς
1630 4661 1746 4734 ἐστι
1778 4680 1829 4714 τι
1858 4663 1980 4714 ἐπιδ

409 4732 598 4802 νοῆσαι
624 4733 1014 4802 πρεσϐύτερον,
1047 4735 1110 4786 ad
1155 4731 1869 4802 ιΙίι-ιὶοιὶθιιιἁνυπερϐάτου,
1907 4734 1978 4786 ita

411 4799 540 4864 haec,
569 4799 701 4872 οὗτε
735 4804 795 4855 τὸ
837 4799 959 4856 *Ην
985 4802 1276 4866 διαϐάντας
1296 4804 1372 4872 τῷ
1391 4799 1662 4872 λογισμῷ,
1695 4805 1760 4854 ad
1792 4803 1979 4855 dictio-

411 4888 530 4924 nem
558 4871 856 4926 ἀνεκϐάτου
906 4872 1095 4926 referri
1155 4871 1352 4928 debere
1389 4871 1676 4926 obscurum
1739 4888 1841 4926 non
1873 4883 1974 4926 est.

415 4939 703 5009 interpres,
778 4959 899 4996 cum
964 4944 1172 4997 videret
1226 4957 1410 4997 casum
1469 4943 1615 4995 verbi
1668 4941 1982 4996 ἀποκλείειν

409 5011 621 5082 deesse,
674 5011 1241 5082 existimavitvoeem
1300 5012 1496 5075 αὐτοὺς
1547 5012 1976 5082 (Εὑνομιανούς)

409 5081 762 5150 supplendam
793 5097 950 5141 esse;
984 5081 1052 5135 ob
1081 5084 1241 5150 idque
1275 5084 1417 5136 hunc
1452 5082 1625 5135 locum
1654 5081 1729 5136 ita
1757 5093 1976 5136 verten-

409 5153 534 5205 dum
563 5167 700 5215 esse,
735 5151 815 5206 his
855 5152 1058 5204 duabus
1088 5153 1404 5205 dictionibus
1428 5152 1683 5206 conclusit
1714 5169 1799 5206 eos
1823 5169 1977 5205 eran-

408 5222 615 5289 g~lista,
648 5222 1016 5277 Eunomianos
1066 5221 1338 5276 videlicet.
1386 5221 1516 5276 Mihi
1562 5234 1738 5277 tamen
1781 5224 1974 5276 verisi-

411 5292 590 5345 milius
620 5292 699 5355 lit,
746 5292 1096 5361 supplendam
1144 5306 1265 5346 esse
1292 5308 1477 5346 vocem
1511 5292 1694 5354 νόσον,
1727 5307 1846 5361 quae
1878 5291 1978 5344 ali-

409 5372 610 5430 quanto
658 5373 784 5417 ante
830 5364 1044 5430 legitur,
1081 5363 1299 5417 exclusit
1335 5365 1471 5415 hunc
1513 5364 1674 5416 animi
1714 5362 1972 5416 morbum.

413 5428 558 5502 lianc
610 5428 974 5502 conjecturam
1017 5450 1121 5487 non
1159 5432 1293 5486 nihil
1347 5433 1590 5499 adjuvat,
1636 5433 1776 5501 quod
1842 5433 1976 5485 ἁπο-

409 5501 610 5572 ξιλείειν
649 5501 863 5572 proprie
911 5518 1013 5556 Mn
1053 5505 1122 5558 sit
1156 5503 1486 5567 concludere,
1537 5503 1628 5557 sed
1664 5503 1970 5556 'ea‘cludere.

411 5570 703 5644 pinnulas.
751 5570 948 5642 aliqvot
990 5573 1308 5644 silltttiit'ilei'
1343 5573 1530 5641 νοῆσαι
1583 5573 1972 5644 πρεσϐύτερον.

413 5639 520 5716 lloe
551 5643 664 5708 ipso
696 5643 746 5696 in
772 5639 888 5697 loco
915 5645 1040 5697 editi
1071 5643 1206 5697 Οὑτε
1235 5643 1344 5716 γὰρ
1371 5639 1435 5696 ἂν
1458 5643 1538 5696 ἔτι
1572 5639 1657 5714 εἴη
1691 5639 1974 5716 ἀρχή.’1.ιο

412 5709 491 5762 bri
522 5722 730 5764 \ctcrcs
767 5717 840 5766 rrLi
876 5716 925 5765 in
959 5726 1232 5769 contextu.

401 5845 405 5851 _
487 5781 599 5852 {9|}
633 5782 848 5838 Fditict
875 5784 1073 5854 aliquot
1106 5801 1232 5840 mss.
1272 5783 1553 5857 ἐξώτερον.
1594 5783 1773 5842 Codex
1817 5784 1965 5841 Colb.

2090 4521 2406 4592 typograpbi
2434 4523 2790 4587 Parisienses,
2819 4521 3276 4594 TqudVUﬁEp6éttz)
3314 4522 3411 4592 τῆς
3451 4524 3645 4594 ἀρχῆς,

2089 4610 2202 4646 cum
2231 4596 2327 4663 hoc
2351 4595 2608 4663 principio
2639 4593 3002 4661 insuperabili.
3022 4593 3120 4646 Alii
3157 4608 3248 4646 sex
3275 4608 3402 4646 mss.
3433 4593 3510 4663 τῷ
3563 4597 3649 4647 άν-

2087 4661 2369 4733 υπερθέτῳ
2396 4662 2514 4733 τῆς,
2547 4681 2664 4716 cum
2689 4664 2782 4733 ltoc
2803 4663 3083 4732 principio,
3111 4664 3246 4730 quod
3282 4679 3440 4716 morte
3468 4661 3648 4730 mm

2087 4744 2164 4786 est
2192 4732 2348 4802 atque
2371 4732 2664 4786 dilationis.
2689 4732 2848 4787 Certe
2879 4748 2997 4786 cum
3027 4733 3182 4786 lectio
3208 4733 3472 4800 posterior
3505 4736 3637 4787 mid-

2089 4814 2263 4856 torum
2327 4804 2573 4856 codicum
2627 4805 2950 4856 auctoritate
3010 4803 3291 4863 innitatur,
3341 4817 3440 4856 nec
3501 4805 3642 4858 male

2086 4873 2370 4926 conveniat
2407 4873 2530 4926 huic
2557 4873 2692 4930 locu.
2735 4889 2851 4925 earn
2888 4873 3330 4940 alteri'przelerre
3355 4887 3458 4925 non
3484 4873 3644 4927 dubi-

2088 4943 2218 4997 lavi.
2243 4971 2314 4984 --
2347 4941 2501 4994 Verte
2528 4958 2540 4992 :
2572 4942 2894 5012 Principium
2921 4943 3058 5012 quod
3084 4944 3380 4994 transcendi
3419 4953 3467 4996 et
3494 4960 3646 5012 supe-

2085 5014 2192 5064 rari
2225 5029 2326 5064 non
2349 5021 2536 5078 potest.
2569 5011 2779 5067 Manan.

2157 5083 2268 5153 (94)
2315 5081 2393 5148 Τῇ
2423 5082 2716 5146 Αὺσίτιδι,
2766 5084 2820 5136 in
2854 5082 3062 5152 regione
3104 5082 3362 5137 Ausitide.
3395 5081 3641 5153 Vulgata,

2084 5155 2137 5206 in
2172 5164 2309 5205 terra
2343 5153 2477 5207 llus.
2515 5153 2613 5209 Hic
2648 5156 2796 5208 locus
2833 5154 2886 5207 in
2915 5153 3296 5207 eruditissimis
3347 5154 3490 5209 notis
3535 5153 3644 5206 Du-

2085 5223 2178 5276 ctei
2207 5223 2525 5277 illustratur.

2153 5294 2264 5363 (95)
2319 5295 2512 5348 Vocula
2563 5293 2658 5347 καί
2693 5292 2934 5348 addenda
2970 5303 3052 5346 est
3091 5309 3155 5345 ex
3205 5293 3390 5347 multis
3433 5293 3639 5347 codici-

2089 5365 2208 5418 bus.
2245 5363 2393 5418 Ilaud
2427 5365 2582 5436 longe
2623 5365 2836 5420 codices
2869 5364 3073 5434 aliquot
3095 5364 3452 5427 συνάπτοντες
3474 5364 3646 5438 ταύτῃ

2083 5438 2200 5488 τήν.
2447 5441 2449 5443 ’

2136 5477 2268 5575 Διέὶϐ)
2310 5505 2436 5560 Post
2469 5505 2619 5568 illud,
2646 5507 2694 5558 ei
2737 5504 2815 5568 δέ,
2851 5504 3090 5573 suppleri
3115 5515 3326 5573 Oportet
3349 5505 3448 5558 οὑκ
3479 5499 3568 5574 ἦν,
3597 5507 3643 5558 si

2084 5593 2199 5629 rero
2244 5593 2344 5629 non
2394 5587 2528 5630 erat.
2563 5577 2616 5629 Id
2645 5587 2822 5628 autem
2858 5591 2953 5628 cur
2989 5579 3266 5628 omissum.
3295 5577 3382 5639 sit,
3415 5577 3642 5629 Basilius

2085 5648 2196 5714 ipse
2223 5649 2298 5699 ait
2331 5647 2467 5699 hanc
2491 5661 2612 5699 esse
2635 5661 2879 5708 causam,
2908 5650 3048 5714 quod
3073 5647 3194 5697 talia
3223 5645 3464 5714 proferre
3487 5645 3642 5700 nefas

2083 5719 2172 5770 sit.
2207 5717 2380 5770 Simili
2432 5717 2713 5770 reticentia
2764 5732 2916 5770 usum
2962 5716 3211 5770 Βιιδίἱιιιιιι
3254 5719 3434 5771 videre
3468 5727 3550 5770 est
3586 5717 3640 5770 in

2084 5787 2466 5853 superioribus.
