4002 6408
364 419 463 476 σοι

1458 431 1826 503 Αηνειιευε
1859 435 2228 492 Ευιεοιιιωι
2273 441 2398 495 t.tu.
2439 442 2500 494 tl.

3503 453 3608 510 602

365 537 479 599 σοῖς
507 535 831 610 οἰκειότερον
879 555 1012 612 προς
1051 541 1110 593 σὲ
1144 542 1414 613 χρήσομαι
1449 546 1708 616 ῥήμασιν,
1755 549 1837 601 ὅτι
1871 551 1928 604 οὑ

2035 564 2112 605 est
2160 551 2362 614 dicere,
2410 552 2516 606 tuis
2563 553 2848 610 adversum
2905 567 2956 614 te
3006 561 3188 617 verbis
3243 564 3420 632 aptius
3461 577 3605 632 utar,

366 626 715 700 βλασφημίας
747 632 926 700 μόνον,
955 633 1088 687 ἀλλὰ
1119 636 1214 690 καὶ
1245 637 1546 707 παρανοίας
1572 640 1877 714 ὑπερϐολὴν
1912 645 1940 696 ὁ

365 718 519 788 λόγος
548 720 680 790 ἔχει,
709 722 1024 795 ἀνθρώπους
1058 727 1310 780 ἀπαιτεῖν
1335 727 1442 782 τῶν
1467 729 1638 799 λόγων
1657 733 1753 786 τοῦ
1778 735 1944 788 Ilvati-

368 829 540 883 ματος
568 813 664 877 τὰς
691 815 937 880 εὐθύνας,
973 817 1066 872 καὶ
1099 819 1345 891 μαθητὴν
1393 823 1490 892 μὲν
1529 820 1666 878 εἶναι
1696 825 1804 879 τῶν
1839 828 1943 880 Εύ-
1970 846 1975 850 '

362 904 632 973 αγγελίων
668 908 970 978 ὁμολογεῖν,
1013 911 1190 965 αὐτῶν
1223 913 1284 966 δὲ
1315 914 1517 969 τούτων
1559 919 1942 985 κατεξανιστα-

365 997 508 1051 σθαι.
539 997 739 1052 Σκόπει
777 1000 882 1072 γάρ
914 1000 1012 1066 τὰς
1038 1001 1186 1068 θείας
1223 1005 1426 1077 φωνὰς,
1457 1007 1532 1071 ὡς
1570 1010 1813 1082 ἀκριϐῶς
1846 1014 1940 1066 καὶ

364 1090 552 1161 σαφῶς
578 1094 645 1163 τῇ
680 1093 784 1164 πρὸ
822 1093 1032 1148 αἰώνων
1065 1097 1276 1164 γενέσει
1309 1100 1420 1171 (97)
1447 1100 1541 1157 τού
1573 1102 1703 1156 Υἰοῧ
1737 1121 1940 1176 μαρτυ-

363 1182 570 1256 ροῦσιν.
615 1185 830 1256 Ἐπειδὴ
859 1186 968 1258 γάρ
995 1190 1023 1241 ό
1055 1188 1153 1258 μὲν
1175 1191 1448 1256 Ματθαῖος
1475 1194 1572 1265 τῆς
1603 1195 1742 1249 κατὰ
1765 1198 1939 1268 σάρκα

361 1277 666 1348 γεννήσεως
687 1275 956 1350 ἐξηγητὴς
977 1279 1218 1349 γέγονεν,
1236 1283 1313 1347 ὡς
1338 1284 1502 1349 αὑτός
1529 1303 1691 1357 φησι·
1721 1289 1940 1356 Βίϐλος

360 1367 654 1439 γενέσεως
695 1371 890 1439 Ἰησοῦ
933 1375 1190 1441 Χριστοῦ
1241 1378 1376 1432 υἱοῦ
1399 1379 1575 1434 Δαϐίὸ
1622 1382 1764 1452 (98)⁶
1824 1384 1851 1436 ὁ
1883 1381 1936 1436 δὲ

359 1460 588 1531 Μάρκος
616 1461 789 1534 ἀρχὴν
817 1462 910 1516 τοῦ
941 1464 1270 1534 Εὑαγγελίου
1295 1468 1356 1522 τὸ
1395 1471 1640 1528 Ἰωάννου
1670 1473 1937 1545 πεποίηκε

361 1552 646 1623 κήρυγμα,
695 1553 894 1607 εἰπών’
938 1555 1119 1626 Ἀρχὴ
1171 1558 1278 1612 τοῦ
1317 1562 1684 1630 Εὑαγγελίου
1733 1564 1935 1630 Ἰησοῦ

359 1644 639 1712 Χριστοῦ,
682 1643 874 1712 καθὼς
904 1647 1219 1718 τέποαπται
1246 1651 1314 1704 ἐν
1357 1652 1556 1721 Ἡσαΐᾳ
1599 1653 1679 1719 τῷ
1703 1657 1934 1725 προφή-

358 1752 432 1804 τῃ
456 1735 601 1807 (99)·
626 1736 797 1806 Φωνὴ
814 1738 1087 1808 ,βοῶντος
1113 1742 1184 1795 ἐν
1212 1743 1288 1812 τῇ
1313 1744 1544 1814 ἐρήμῳι
1584 1748 1613 1801 ὁ
1635 1747 1691 1800 δὲ
1722 1749 1934 1812 Λουκᾶς

2035 645 2184 714 quod
2218 660 2322 698 non
2353 646 2700 716 blasphemia:
2734 649 2925 713 solum,
2964 654 3056 708 scd
3094 654 3406 712 stoliditatis
3444 660 3605 714 etiam

2041 735 2256 788 modum
2294 748 2514 805 superat
2557 738 2643 793 hic
2684 754 2889 809 sermo,
2932 743 3176 800 homines
3209 747 3456 803 videlicet
3484 765 3607 804 ver-

2040 822 2230 878 borum
2270 825 2504 896 Spiritus
2548 831 2812 886 rationem
2844 848 3157 903 exposcere,
3193 847 3246 891 et
3280 840 3516 906 proﬁteri
3550 855 3610 895 se

2040 916 2312 988 Evangelii
2347 918 2689 988 discipulum,
2720 932 2778 979 et
2829 934 3004 980 tamen
3056 928 3107 982 in
3161 929 3335 998 ipsunt
3368 931 3610 1002 Evange-

2038 1008 2168 1063 littm
2188 1012 2489 1082 insurgere.
2515 1015 2749 1071 Adverte
2772 1019 2915 1074 enim
2935 1036 3094 1090 quam
3117 1022 3423 1093 diligenter,
3444 1040 3605 1094 quam

2040 1113 2226 1171 aperte
2275 1104 2471 1160 divina:
2515 1121 2675 1163 voces
2717 1111 3123 1180 generationem
3163 1115 3306 1180 Filii,
3338 1131 3455 1185 quae
3509 1117 3609 1171 fuit
3657 1104 3664 1111 ’

2040 1201 2166 1244 ante
2192 1193 2407 1257 smcula,
2438 1198 2746 1253 testimonio
2775 1215 2872 1255 suo
2905 1203 3276 1273 comprobent.
3311 1206 3441 1261 Nam
3474 1223 3608 1278 quo-

2040 1281 2182 1336 niam
2211 1281 2492 1340 Matthaeus
2519 1289 2737 1358 quidem
2765 1295 3132 1361 generationis
3165 1301 3454 1352 secundum
3488 1314 3607 1355 car-

2039 1385 2158 1423 nem
2190 1370 2365 1429 l’actus
2392 1385 2474 1429 est
2507 1376 2798 1448 interpres,
2831 1390 2889 1436 ut
2917 1382 3030 1453 ipse
3060 1385 3133 1438 ait
3169 1403 3183 1442 :
3213 1385 3366 1440 Liber
3393 1404 3609 1453 genera-

2039 1465 2196 1517 tionis
2239 1464 2368 1520 Jesu
2425 1468 2622 1524 Christi
2668 1472 2769 1539 ﬁlii
2821 1473 2995 1528 David
3035 1477 3103 1544 ⁵ος
3158 1477 3367 1534 Marcus
3429 1489 3606 1536 autem

2027 1551 2258 1610 Joannis
2319 1561 2756 1625 praedicationem
2824 1565 3037 1620 initium
3095 1567 3370 1640 Evangelii
3441 1573 3604 1636 fecit,

2037 1645 2261 1702 dicens:
2293 1648 2510 1704 Initium
2563 1653 2835 1725 Evangelii
2870 1657 2998 1712 Jesu
3047 1659 3263 1722 Christi.
3298 1664 3431 1717 sicut
3474 1668 3606 1718 scri-

2030 1749 2175 1804 ptum
2205 1751 2276 1793 est
2313 1742 2364 1794 in
2414 1741 2565 1798 Isaia
2597 1749 2846 1816 prop/tela
2885 1765 2904 1803 :
2937 1749 3050 1804 Vox
3094 1755 3370 1810 clamantis
3417 1759 3471 1810 in
3517 1758 3606 1810 de-

359 1830 454 1883 καὶ
495 1830 656 1896 αὑτὸς
693 1831 782 1886 διὰ
821 1833 927 1889 τῶν
967 1837 1290 1906 σωματικῶν
1341 1839 1524 1911 ἀρχῶν
1569 1844 1634 1913 τῇ
1691 1840 1928 1914 θεολογίᾳ

2033 1840 2173 1883 serto
2200 1834 2276 1898 ’⁶¹;
2311 1832 2486 1889 Lucas
2517 1852 2642 1891 vero
2671 1847 2722 1892 et
2757 1839 2869 1908 ipse
2898 1857 2996 1910 per
3021 1846 3321 1914 corporalia
3357 1832 3509 1902 initia
3523 1852 3607 1937 pd

360 1921 604 1992 προσέϐη
621 1937 634 1950 °
664 1921 977 1992 ἀναγκαίως
1000 1926 1028 1976 ὁ
1051 1925 1437 2000 εὑαγγελιστὴς
1470 1931 1740 2003 Ἰωάννης,
1762 1931 1928 1988 τελευι

2042 1920 2361 1991 theologiam
2387 1927 2634 1992 accessit,
2665 1932 2976 1986 necessario
2999 1936 3329 2004 evangelista
3347 1920 3603 2006 Joannes,

357 2015 508 2076 ταίος
545 2012 713 2067 ἐλθὼν
767 2016 846 2078 εἰς
891 2016 952 2068 τὸ
990 2017 1243 2088 γράφειν,
1282 2022 1480 2085 παντὸς
1519 2023 1798 2093 αἰσθητοῦ,
1844 2028 1938 2080 καὶ

360 2104 552 2176 χρόνου
576 2104 666 2158 τοῦ
689 2109 800 2171 τοῖς
829 2109 1093 2174 τοιούτοις
1131 2114 1533 2185 παρεπομένου,
1561 2117 1661 2189 τὴν
1699 2117 1936 2173 διάνοιαν

361 2195 662 2268 ὑπεράρας,
723 2199 921 2268 μᾶλλον
966 2200 1022 2252 δὲ
1068 2201 1304 2271 ’ὑψωθεὶς
1325 2203 1407 2275 (l)
1451 2209 1515 2277 τῇ
1564 2208 1788 2279 δυνάμει
1843 2210 1934 2263 τοῦ

360 2286 695 2358 Πνεύματος,
722 2291 869 2361 αὑτῷ
893 2293 1132 2365 προσέϐη
1163 2294 1241 2366 τῷ
1272 2296 1486 2351 πάντων
1522 2300 1795 2364 ἐπέκεινα,
1837 2320 1923 2374 μου

357 2381 571 2449 νονουχὶ
597 2381 1097 2455 διαμαρτυρόμενος
1125 2387 1216 2440 καί
1243 2389 1420 2456 αὐτὸς,
1449 2391 1550 2453 ὅτι,
1586 2394 1633 2445 εἰ
1659 2394 1750 2446 καὶ
1771 2392 1936 2463 ἐγνώ-

358 2487 536 2541 καμεν
594 2475 734 2528 κατὰ
787 2476 963 2547 σάρκα
1007 2476 1260 2550 Χριστὸν,
1316 2480 1452 2536 ἀλλά
1498 2484 1592 2538 νῦν
1631 2487 1810 2540 οὐκέτι
1852 2505 1936 2556 γι-

358 2561 656 2634 νώσκομεν.
692 2567 1002 2638 Λαϐόμενος
1026 2570 1134 2642 γὰρ
1173 2573 1342 2645 αὑτῆς
1366 2575 1464 2646 τῆς
1495 2576 1687 2648 ἀρχῆς,
1715 2579 1809 2632 καὶ
1833 2580 1936 2635 πά-

359 2669 458 2719 σας
487 2655 584 2720 τὰς
616 2662 932 2730 σωματικάς
964 2681 1023 2715 τε
1056 2665 1149 2718 καὶ
1176 2666 1430 2736 χρονικάς
1458 2668 1665 2734 ἐννοίας
1695 2673 1933 2726 κατωτέ-

361 2761 460 2816 ρας
494 2745 594 2816 τῆς
627 2747 818 2801 ἑαυτοῦ
867 2749 1142 2821 θεολογίας
1188 2755 1490 2821 ἀπολιπὼν,
1543 2759 1931 2834 ὑπερεφώνησε

353 2833 425 2886 τὰ
451 2836 788 2906 προλαϐόντα
819 2839 1146 2912 κηρύγματα
1177 2846 1242 2914 τῇ
1274 2846 1610 2921 μεγαλοφυῖᾳ
1657 2850 1757 2921 τῆς
1789 2833 1931 2920 γνῶ-

358 2941 515 2989 σεως.
555 2927 668 2983 Οὐκ
705 2930 812 2983 ἀπὸ
844 2933 1079 3002 Μαρίας,
1145 2938 1329 3008 φησὶν,
1373 2940 1406 3012 ἡ
1451 2940 1614 3012 ἀρχὴ,
1665 2943 1783 2997 οὑδὲ
1825 2945 1934 2998 ἀπὸ

353 3016 525 3070 τῶνδε
552 3019 659 3072 τῶν
690 3021 915 3092 χρόνων.
965 3025 1124 3078 Ἀλλά
1154 3028 1244 3091 τί;
1290 3030 1385 3082 Ἐν
1411 3029 1566 3100 ἀρχῇ
1613 3029 1694 3103 ἦν
1740 3038 1772 3089 ό
1818 3038 1931 3090 Λό-

354 3126 480 3177 γος,
511 3110 607 3164 καὶ
634 3115 667 3164 ὀ
692 3116 880 3183 Λόγος
906 3112 985 3184 ἦν
1012 3118 1160 3186 πρὸς
1191 3119 1300 3173 τὸν
1323 3124 1488 3190 Θεὸν,
1536 3125 1632 3179 καὶ
1670 3126 1814 3194 Θεὸς
1852 3124 1932 3199 ἦν

355 3203 389 3253 ὀ
413 3201 632 3270 Λόγοςυ
667 3204 763 3275 τὴν
796 3204 855 3269 ἐξ
887 3207 1057 3260 ἀϊδίου
1099 3208 1352 3282 ὕπαρξιν,
1383 3213 1480 3285 τὴν
1511 3216 1695 3288 ἀπαθῆ
1739 3219 1929 3290 γέννη-

2037 2027 2158 2065 eum
2204 2016 2426 2069 ultimus
2467 2019 2534 2072 ad
2578 2019 2922 2076 scribendum
2959 2029 3216 2092 venisset,
3254 2040 3487 2085 mentem
3519 2048 3608 2085 su-

2037 2121 2132 2174 per
2157 2121 2314 2161 omne
2348 2111 2620 2176 sensibile,
2653 2128 2716 2167 ac
2761 2123 2969 2184 tempus
3018 2120 3159 2186 quod
3205 2123 3478 2177 sensibilia
3521 2139 3608 2178 so-

2034 2199 2237 2265 quitur,
2271 2200 2544 2267 attollens,
2578 2204 2684 2257 imo
2719 2204 2914 2260 virtute
2954 2207 3188 2276 Spiritus
3233 2223 3467 2278 erectus,
3510 2229 3605 2269 ac-

2035 2289 2201 2343 cessit
2231 2291 2294 2343 ad
2340 2308 2462 2345 eum
2509 2293 2710 2362 ipsum,
2736 2299 2826 2366 qui
2860 2309 2942 2354 est
2977 2301 3115 2355 ultra
3151 2303 3354 2369 omnia,
3400 2314 3604 2361 tantum

2036 2394 2143 2433 non
2171 2389 2434 2437 attestans
2457 2393 2514 2438 et
2545 2384 2680 2454 ipse,
2711 2390 2854 2456 quod
2883 2391 2980 2444 etsi
3007 2392 3283 2447 Christum
3311 2397 3602 2451 secundum

2034 2486 2253 2525 carnem
2283 2476 2659 2544 cognovimus,
2694 2482 2929 2534 nondum
2966 2493 3141 2538 tamen
3181 2499 3300 2538 eum
3347 2503 3486 2542 nunc
3513 2505 3606 2544 co-

2034 2565 2438 2631 gnoscimus".
2470 2565 2603 2622 Nam
2643 2581 2907 2640 occupato
2947 2574 3064 2643 ipso
3113 2577 3400 2646 principio,
3432 2585 3607 2635 omni-

2036 2651 2248 2720 busque
2276 2658 2558 2722 corporeis
2588 2667 2642 2712 et
2675 2662 3061 2729 temporalibus
3107 2667 3413 2724 notionibus
3461 2669 3602 2726 infra

2035 2757 2187 2797 suam
2248 2745 2570 2818 theologiam
2626 2751 2852 2816 relictis,
2903 2770 2993 2809 eas
3044 2771 3164 2826 quae
3218 2772 3606 2826 pra'cesserant

2031 2828 2449 2897 praedicationes
2491 2834 2888 2903 magniﬁcentia
2935 2841 3261 2909 cognitionis
3307 2849 3602 2912 superavit.

2033 2918 2150 2975 Non
2202 2936 2232 2975 a
2282 2922 2476 2988 Maria,
2533 2927 2728 2996 inquit,
2781 2931 3124 3001 principium,
3169 2951 3343 3004 neque
3398 2940 3465 2992 ab
3521 2939 3604 2994 Itis

2028 3015 2384 3082 temporibus.
2411 3017 2519 3072 Sed
2549 3020 2716 3088 quid?
2741 3019 2807 3074 In
2845 3024 3101 3092 principio
3138 3039 3252 3082 erat
3285 3027 3528 3097 Verbum,
3553 3045 3601 3086 et

2040 3103 2269 3159 Verbum
2311 3117 2420 3162 erat
2461 3111 2602 3181 apud
2648 3111 2836 3177 Deum,
2867 3125 2914 3168 et
2944 3114 3086 3172 Deus
3119 3130 3232 3172 erat
3280 3120 3497 3176 Verbum
3533 3124 3598 3178 ⁸⁸.

2033 3193 2406 3254 Snbstantiatn
2464 3213 2766 3271 aeternam,
2821 3209 3227 3276 generationem
3304 3213 3604 3272 adectionis

357 3307 462 3356 σιν,
483 3291 542 3344 τὸ
570 3295 811 3365 συμφυὲς
839 3296 916 3367 τῷ
936 3300 1130 3372 Πατρὶ,
1164 3303 1224 3355 τὸ
1259 3305 1543 3376 μεγαλεῖον
1566 3306 1668 3377 τῆς
1685 3285 1928 3378 ῥύσεως,

2035 3298 2336 3358 expertem,
2361 3307 2488 3347 eam
2517 3307 2678 3362 quam
2710 3309 2837 3350 cum
2869 3295 3031 3354 Patre
3073 3299 3237 3356 habet
3279 3303 3605 3371 conjunctio-

353 3385 535 3438 πάντα
564 3387 622 3438 ἐν
646 3387 979 3458 τοῖςιόλίγοις
1005 3393 1209 3464 ῥήμασι
1239 3396 1534 3463 συλλαϐὼν,
1561 3400 1655 3452 καὶ
1679 3404 1742 3472 τῇ
1768 3419 1934 3474 προσ-

355 3475 500 3549 θήκῃ
543 3477 636 3529 τοῦ
662 3474 773 3532 Ἦν
815 3481 1107 3551 ἀναγαγὼν
1145 3485 1220 3558 (2)
1253 3488 1334 3551 εἰς
1384 3490 1484 3561 τὴν
1513 3491 1708 3563 ἀρχὴν,
1743 3493 1932 3567 ὥσπερ

352 3569 712 3641 ἀποφράττων
746 3571 811 3624 τὰ
845 3573 1086 3644 στόματα
1115 3577 1243 3643 τῶν,
1283 3581 1362 3634 ὅτι
1407 3583 1518 3635 οὐκ
1547 3580 1644 3653 ἧν,
1690 3585 1930 3658 βλασφη-

357 3661 622 3731 μούντων,
655 3663 749 3716 καὶ
784 3663 1065 3737 πόρρωθεν
1101 3669 1198 3733 τάς
1227 3671 1336 3724 τῶν
1365 3673 1622 3730 τοιούτων
1665 3679 1930 3748 σοφισμὰ-

349 3769 460 3804 των
495 3753 873 3823 παρεισδύσεις
918 3757 1350 3831 ὑποτεμνόμενος
1383 3764 1480 3832 (5).
1534 3763 1666 3820 Εἶτα
1703 3767 1788 3820 διὰ
1831 3770 1930 3839 τῆς

353 3843 629 3912 θεολογίας
665 3839 776 3900 οἷον
816 3847 1138 3923 ὑπογραφὴν
1180 3869 1302 3907 τινα
1346 3857 1549 3928 ἐναργῆ
1584 3859 1681 3929 τῆς
1716 3860 1930 3929 φύσεως

349 3935 445 3989 τοῦ
473 3936 810 4005 Μονογενοῦς
837 3939 1170 4006 ἐντυπώσας,
1197 3944 1270 4008 ὡς
1293 3946 1393 4016 ήδη
1423 3947 1778 4020 γνωρίζουσιν
1799 3953 1928 4006 ὑπο-

348 4025 589 4080 δείκνυσι
617 4032 682 4100 τῇ
716 4033 863 4102 φωνῇ
893 4030 1066 4100 λέγων
1086 4050 1099 4063 ·
1141 4031 1328 4102 Οὗτος
1366 4033 1446 4105 ἦν
1489 4039 1558 4092 ἐν
1587 4039 1746 4110 ἀρχῇ
1778 4043 1926 4111 πρὸς

349 4118 458 4170 τὸν
497 4119 677 4171 Θεόν·
721 4119 883 4174 πάλιν
939 4121 1169 4178 ἐνταῦθα
1218 4128 1282 4196 τῇ
1324 4126 1604 4200 προσθήκῃ
1659 4129 1751 4185 τοῦ
1794 4127 1923 4195 Ἦν,

347 4211 415 4280 τῇ
445 4209 703 4281 αῖδιότητι
741 4211 833 4265 τοῦ
875 4213 1090 4286 Πατρδς
1125 4215 1219 4269 τοῦ
1258 4219 1590 4288 Μονογενοῦς
1641 4223 1923 4276 συνάπτων

348 4300 448 4372 τὴν
471 4300 722 4372 γέννησιν
742 4319 755 4332 ·
783 4304 875 4356 καὶ
905 4303 1092 4360 πάλιν
1131 4306 1260 4375 Ζωὴ
1288 4303 1386 4378 ἦν,
1420 4309 1518 4363 καὶ
1550 4312 1588 4378 ἡ
1617 4309 1727 4380 ζωὴ
1749 4309 1826 4382 ἦν
1857 4314 1924 4367 τὸ

347 4391 472 4461 φῶς
495 4392 614 4446 τῶν
633 4394 974 4462 ἀνθρώπων,
1017 4398 1115 4452 καὶ
1150 4392 1232 4469 ἦν
1259 4399 1324 4452 τὸ
1357 4398 1482 4469 φῶς
1511 4400 1577 4454 τὸ
1605 4403 1920 4470 ἀληθινόν.

361 4482 498 4535 Ἀλλ’
538 4483 688 4554 ὅμως
719 4483 859 4538 οὕτω
882 4485 1214 4556 πανταχόθεν
1243 4485 1336 4540 τοῦ
1370 4488 1526 4558 λόγου
1556 4491 1674 4553 ταῖς
1700 4489 1794 4542 τοῦ
1832 4491 1921 4545 ἀϊ-

346 4575 460 4627 δίου
499 4575 573 4645 (4)
605 4576 938 4648 προσθήκαις
970 4578 1394 4648 ἠσφαλισμένου,
1438 4580 1616 4644 πάσας
1663 4582 1920 4653 παρωσά-

2033 3395 2174 3442 nem,
2206 3389 2410 3436 natura:
2434 3385 2794 3454 majestatetn,
2823 3390 3004 3444 omnia
3034 3394 3220 3461 paucis
3247 3397 3426 3452 verbis
3457 3414 3602 3454 cont-

2030 3473 2234 3540 plexus,
2291 3490 2425 3530 voce
2458 3475 2592 3531 Erat
2646 3480 2848 3545 addita,
2895 3482 3118 3539 deduxit
3156 3487 3221 3539 ad
3250 3489 3600 3558 principium,

2024 3564 2185 3632 quasi
2239 3580 2334 3619 ora
2393 3567 2687 3623 occludens
2746 3587 2968 3638 eorum,
3023 3576 3114 3644 qui
3165 3577 3604 3648 blaspltemantes

2029 3653 2238 3723 dicunt,
2263 3659 2411 3727 quod
2465 3675 2569 3714 non
2623 3673 2844 3728 erat,ct
2895 3665 3052 3738 longe
3103 3677 3229 3724 ante
3280 3673 3601 3729 exscindens

2019 3746 2287 3815 ejusmodi
2340 3751 2742 3807 cavillationuut
2806 3757 3036 3813 aditum.
3088 3761 3286 3816 Deinde
3350 3777 3602 3821 sermone

2029 3838 2329 3910 theologica
2358 3843 2506 3897 velut
2536 3844 2739 3899 claram
2767 3849 3059 3916 quamdam
3093 3859 3297 3907 natura:
3325 3851 3599 3922 Unigettiti

2018 3931 2444 4004 descriptionem
2491 3936 2825 4006 exprimens,
2860 3942 3016 4010 quasi
3060 3942 3174 4011 jam
3224 3948 3599 4017 cognoscenti-

2027 4023 2128 4078 bus
2160 4040 2277 4078 eam
2312 4037 2704 4083 commonstrat
2737 4030 2840 4086 hac
2872 4046 3024 4099 voce,
3059 4035 3245 4093 dicens
3277 4053 3291 4089 :
3332 4037 3446 4093 Hoc
3486 4051 3598 4094 erat

2023 4116 2079 4169 in
2117 4117 2377 4186 principio
2425 4121 2565 4186 amid
2611 4120 2774 4175 Deum
2801 4122 2870 4181 “.
2909 4124 3138 4191 Rursus,
3174 4143 3305 4184 voce
3349 4129 3474 4185 Erat
3509 4133 3599 4188 hic

2025 4209 2256 4277 adjecta,
2292 4213 2583 4267 aateruitati
2635 4213 2814 4270 Patris
2869 4220 3270 4286 generationem
3325 4221 3595 4290 Uttigcuiti

2025 4305 2320 4359 connectit.
2364 4303 2429 4358 Et
2483 4321 2714 4361 rursus:
2759 4306 2880 4362 Vita
2929 4321 3061 4378 erat,
3108 4322 3156 4366 et
3201 4314 3305 4366 rita
3349 4324 3459 4368 erat
3506 4315 3599 4369 lux

2016 4393 2312 4461 hominum,
2339 4404 2389 4448 et
2414 4406 2526 4450 erat
2556 4397 2649 4451 lux
2679 4415 2794 4452 vera
2827 4399 2894 4452 "'.
2919 4398 3027 4456 Sed
3057 4403 3156 4456 etsi
3187 4404 3432 4458 doctrina
3463 4405 3598 4458 adeo

2025 4487 2264 4556 undique
2317 4487 2701 4543 atlditatnentis
2745 4492 3066 4546 aeternitatis
3113 4495 3443 4547 communita
3489 4507 3595 4558 est,

2025 4584 2202 4631 tamen
2265 4578 2518 4633 omnibus
2572 4578 2808 4650 Spiritus
2862 4583 3188 4638 testimoniis
3246 4583 3491 4652 rejectis,
3543 4599 3598 4641 ct

348 4682 513 4734 μενος
568 4666 666 4730 τὰς
725 4669 1026 4740 μαρτυρίας
1089 4668 1182 4722 τοῦ
1235 4671 1579 4741 Πνεύματος,
1643 4673 1738 4726 καὶ
1801 4673 1920 4729 οὑδὲ

2031 4670 2179 4738 quasi
2232 4685 2298 4724 ne
2353 4671 2538 4726 audire
2581 4672 2796 4742 quidem
2839 4675 3120 4730 videretur
3157 4675 3418 4733 Joannem
3460 4679 3596 4733 adeo

344 4756 562 4812 ἀκούειν
577 4759 744 4812 δοκῶν
763 4758 932 4825 οὑτως
954 4761 1082 4832 ἡμῖν
1109 4763 1327 4827 πυκνῶς
1354 4763 1658 4835 ἐμϐοῶντος
1688 4765 1748 4818 τὸ
1776 4760 1897 4819 Ἦν

416 4943 464 4976 ⁸⁸
495 4942 686 5000 Mattn.
718 4959 757 5007 ι,
789 4943 842 4998 1.
917 4944 960 4976 ³¹
988 4943 1229 5016 Ματθάτ,
1262 4945 1324 5017 1ς;
1356 4947 1454 5002 lsa.
1480 4964 1568 5010 χι,
1599 4948 1653 5003 5.

415 5101 524 5171 (97)
548 5099 729 5156 Codex
760 5100 912 5157 Colb.
948 5103 1199 5174 γεννήσει
1227 5102 1344 5159 τοῦ.
1377 5103 1507 5175 Reg.
1537 5107 1727 5161 tertius
1755 5107 1908 5176 γε.νέ-

342 5189 446 5225 σει.

415 5242 522 5316 (ῼΒ)
550 5239 730 5316 Codex
759 5257 894 5316 unus
927 5244 1054 5298 Υἱοῦ
1077 5243 1258 5310 Δαϐὶδ,
1292 5243 1422 5298 Υἱοῦ
1451 5245 1719 5316 Ἀϐραάμ.

417 5313 525 5382 (99)
550 5311 771 5386 variare
799 5314 940 5367 inter
965 5333 1024 5368 se
1055 5317 1218 5369 libros
1249 5318 1398 5369 initio
1420 5311 1691 5386 Evangelii
1715 5317 1903 5383 Marci,

338 5384 422 5436 vel
474 5384 540 5436 de
595 5381 944 5456 Τλοεισηιειηο
1012 5386 1306 5440 Oxonieusi
1370 5381 1638 5456 cognosci
1702 5381 1900 5454 potest;

334 5454 526 5518 Crmca
557 5451 770 5526 vulgata
815 5455 882 5505 ita
945 5457 1160 5520 habent,
1192 5456 1266 5519 ὡς
1315 5451 1627 5526 γέγραπται
1683 5451 1740 5511 ἐν
1787 5462 1902 5523 τοῖς

330 5525 666 5594 ιπροφήταις,
705 5524 834 5594 sicut
878 5526 1128 5594 scriptum
1153 5537 1224 5579 est
1263 5530 1318 5579 in
1351 5524 1632 5592 protr/telis.
1673 5526 1900 5584 Codicos

341 5593 458 5669 tton_
477 5593 629 5660 pauci
661 5595 717 5644 ὲν
742 5593 944 5669 Ἡσαΐᾳ
973 5593 1048 5669 τῷ
1075 5597 1508 5669 προφήτῃ-δὶςιιι
1542 5599 1796 5669 scriptum
1825 5613 1898 5652 est

311 5665 406 5748 «ιη’
433 5660 578 5714 Isaia
602 5662 890 5731 propheta;
922 5660 978 5718 et
1010 5660 1082 5718 ita
1107 5660 1325 5736 quaqua
1350 5667 1576 5736 legimus
1600 5660 1896 5738 itt'Vulgata

339 5733 550 5787 Latina.

409 5803 486 5883 )
516 5803 651 5883 lieg.
673 5813 918 5883 quartus
943 5803 1140 5883 μᾶλλον
1168 5805 1223 5860 δὲ
1250 5807 1652 5883 ὑπερυψωθείς,

408 5874 484 5935 (2)
511 5875 688 5928 Codex
727 5876 865 5929 idem
897 5875 1128 5940 ἀνάγων.

1728 4949 1774 4981 "
1806 4948 1848 5003 ll
1885 4949 1994 5004 Cor
2043 4963 2098 5016 v,
2134 4947 2223 5002 16.

2026 4762 2336 4815 freottcnter
2385 4777 2568 4818 vocem
2625 4763 2757 4818 Erat
2822 4766 3197 4824 iuciamantetn
3239 4769 3401 4826 :Nou
3451 4774 3592 4829 exsi-

2319 4948 2366 4979 ⁸³
2398 4946 2554 5002 Joan.
2583 4963 2622 5012 t,
2668 4949 2717 5002 l.
2821 4947 2868 4980 ⁸⁸
2892 4947 3022 5003 ibid.
3051 4950 3106 5003 9..
3181 4953 3226 4983 ⁵⁵
3259 4953 3389 5008 ibid.
3440 4955 3494 5019 4,
3536 4954 3588 5009 9.

2089 5106 2177 5182 (5)_
2195 5106 2295 5159 Pro
2322 5097 2760 5182 ὑποτεμνόμενος
2784 5101 2981 5182 regini!
3012 5103 3062 5164 tn
3095 5111 3231 5182 Reg.
3271 5105 3431 5168 ['Ji-‘tto
3454 5115 3592 5167 diffii-

2014 5175 2363 5247 τεμνόμενος.
2395 5175 2873 5270 Ιιιξιίθιῄφιολιιεέ.
2912 5175 3024 5270 οἷον
3048 5175 3399 5270 ὑπογραφήν.
3441 5187 3589 5237 Alius

2016 5248 2170 5270 Αἲ--.-“.
2197 5247 2446 5270 .ε.----....--
2489 5265 2516 5270 ..
2587 5264 2596 5270 -
2651 5248 2703 5270 2-2
2766 5249 2838 5270 ,Αἵ
2858 5267 2916 5270 ---
2952 5268 2972 5270 η
2999 5269 3004 5270 ,
3063 5254 3075 5270 1
3098 5269 3102 5270 ,
3434 5253 3489 5270 Ill
3553 5256 3562 5270 I

2013 5247 2536 5324 οἱονεῖὺπογραφήν.
2568 5247 2705 5301 Editi
2729 5248 3027 5324 θεολογίας,
3055 5247 3402 5324 ὑπογραέρήν.
3434 5253 3586 5313 lllttd.

2012 5315 2099 5370 διά
2126 5317 2224 5388 τῆς
2263 5315 2562 5384 θεολογίας,
2597 5329 2724 5387 puto
2747 5321 2825 5374 sic
2861 5315 3028 5388 accipi
3055 5315 3255 5375 debere
3287 5315 3300 5375 Ξ
3338 5315 3444 5378 Per
3467 5340 3588 5378 ser—

2014 5401 2226 5449 utonettt
2256 5403 2414 5454 quem
2463 5389 2531 5441 de
2569 5389 2852 5444 divinitate
2886 5389 3042 5446 Verbi
3078 5393 3285 5448 habuit.

2079 5457 2154 5525 (Δ)
2189 5457 2322 5510 Etliti
2347 5457 2504 5526 λόγου
2533 5458 2626 5511 τού
2657 5459 2852 5513 ἀϊδίου.
2895 5461 3039 5514 Libri
3085 5473 3295 5517 veteres
3340 5467 3460 5526 ταῖς
3493 5464 3586 5519 τοῦ

2007 5526 2200 5581 ἀϊδίου.
2230 5527 2327 5602 llic
2379 5529 2529 5582 locus
2563 5545 2668 5602 non
2730 5531 2802 5585 ita
2846 5531 3228 5602 intelligendus
3286 5548 3392 5600 ρει,
3430 5542 3583 5602 quast

2009 5613 2109 5674 vox
2140 5600 2409 5652 mternitas
2447 5601 2752 5674 reperiatur
2797 5600 3077 5674 expresse
3109 5601 3265 5655 initio
3303 5600 3581 5674 Evangelii

2007 5665 2230 5721 Joannis
2267 5685 2281 5722 :
2311 5672 2404 5723 sed
2446 5665 2678 5741 Basilius
2729 5665 2953 5735 reperiri
2992 5671 3105 5724 vult
3136 5675 3277 5741 apud
3313 5665 3578 5731 Joannem

2009 5737 2144 5790 alias
2180 5753 2361 5816 voces,
2409 5753 2528 5808 qua:
2589 5739 2728 5795 idem
2765 5741 2990 5797 omnino
3041 5737 3252 5810 valent,
3280 5748 3422 5815 quod
3475 5745 3588 5816 ipse.

2011 5821 2112 5861 vox
2147 5810 2438 5874 a'ternitas.
