4002 6408
441 369 542 428 607

1777 360 1834 415 S.
1876 359 2121 415 BASlLll
2156 358 2370 414 MAG‘NI

3573 356 3682 410 603

441 503 509 544 ex
546 478 828 551 Evangelia
859 478 1073 550 quidem
1116 492 1394 533 sumamus
1427 477 1596 533 illud;
1631 477 1699 531 In
1747 478 1998 546 principio

2114 471 2189 529 δῦν
2210 475 2302 529 τοῦ
2328 474 2654 543 Εὐαγγελίου
2679 475 2930 544 λάϐωμεν
2952 472 3030 536 τὸ,
3071 473 3174 525 Ἐν
3196 469 3352 541 ἀρχῇ
3387 471 3472 540 ἦν
3499 476 3532 525 ὁ
3566 474 3674 526 Λό-

441 586 552 633 erat
594 572 811 628 Verbum
828 571 910 636 ης
945 573 1045 625 hoc
1100 584 1229 624 vero
1267 584 1332 624 ex
1367 568 1582 623 Psalmo
1625 567 1769 624 velut
1811 582 1841 622 e
1884 583 2003 638 per-

443 683 575 725 sona
604 665 781 720 Patris
817 663 1018 718 dictum
1049 679 1063 717 :
1096 661 1172 715 Ab
1195 671 1342 714 utero
1376 673 1497 714 ante
1538 658 1814 728 luciferum
1847 658 2002 730 genui

446 769 496 814 te
519 758 600 825 ⁵⁹;
631 766 792 826 atque
828 754 1069 820 utrisque
1102 751 1242 804 inter
1275 764 1334 804 se
1379 749 1689 819 compositis
1716 747 1956 803 dicamus
1985 762 1999 798 :

2103 585 2206 637 γος
2225 581 2238 595 ·
2257 568 2336 618 ’ἐκ
2358 566 2413 618 δὲ
2437 565 2528 618 τοῦ
2551 565 2766 637 ψαλμοῦ
2801 565 2876 628 ὡς
2904 567 2968 617 ἐκ
3009 563 3297 635 προσώπου
3328 563 3422 616 τοῦ
3457 563 3679 634 Πατρὶς

2101 657 2386 731 εἰρημένον
2419 657 2499 724 τὸ,
2533 658 2910 726 Ἐπί-γαστρὸς
2948 657 3062 725 πρὸ
3085 658 3403 725 ,ἐωσφρρου
3438 658 3556 729 (i8)
3587 675 3681 727 γε·

2101 748 2366 820 γέννηκά
2395 764 2471 804 σε
2488 767 2502 780 ·
2530 750 2625 806 καὶ
2651 749 2931 814 συνθέντες
2957 749 3261 822 ἀμφότερα,
3296 750 3570 820 εἴπωμεν,
3595 752 3681 804 ὅτι

447 852 513 906 Et
539 862 677 913 erat,
705 859 762 904 et
797 846 1007 915 genitus
1027 855 1129 900 est.
1164 842 1358 898 Verum
1376 857 1487 897 .vox
1520 840 1688 895 Genui
1718 855 1935 896 causam
1973 855 2002 893 a

2114 843 2208 907 καὶ,
2230 838 2298 914 ἦν
2342 845 2435 900 καὶ
2462 841 2803 912 γεγέννηται.
2847 841 3006 898 Ἀλλὰ
3032 843 3094 894 τὸ
3139 843 3256 912 μὲν,
3290 843 3680 912 Parem-mra,

447 957 552 1013 qua
601 940 922 1012 principium
958 938 1120 992 habet
1159 936 1382 1000 escendi,
1415 934 1723 1004 signiﬁcat:
1766 949 1865 987 vox
1911 949 2003 986 au-

446 1046 577 1101 tem,
608 1032 762 1101 Erat,
808 1032 1009 1086 indicat
1051 1028 1168 1096 ejus
1206 1027 1578 1082 exsistentiam
1631 1034 1870 1094 tempore
1912 1039 2006 1077 ca-

445 1135 656 1183 rentem
698 1139 763 1178 ac
793 1122 1198 1191 sempiternam.
1241 1118 1346 1173 Sed
1387 1132 1516 1172 vero
1559 1131 1658 1186 pro
1689 1131 1784 1170 sua
1822 1114 2007 1169 fraude

446 1219 727 1273 decertans
758 1213 1068 1277 Eunomius,
1085 1213 1384 1266 orationem
1402 1209 1482 1264 .ad
1508 1209 1802 1264 absurdum
1837 1207 2007 1261 addu-

444 1325 566 1365 cere
597 1321 656 1364 se
686 1315 856 1376 putat.

515 1399 650 1454 Eun.
686 1397 744 1452 Si
788 1397 931 1451 enim
961 1435 975 1459 ,
1008 1395 1200 1464 inquit,
1251 1403 1376 1449 ante
1423 1409 1574 1448 suam
1607 1392 2005 1463 generationem

445 1489 614 1544 Filius
635 1497 778 1553 erat,
815 1488 1083 1558 ingenitus
1110 1495 1250 1540 erat.

513 1583 640 1638 Bas.
665 1581 734 1636 At
763 1580 912 1644 illud,
949 1588 1069 1634 ante
1107 1578 1512 1649 generationem,
1537 1592 1568 1631 ο
1605 1576 1691 1630 vir
1720 1590 1880 1642 vane,
1914 1584 2010 1630 aut

443 1673 589 1730 nullo
613 1672 771 1727 modo
811 1670 1074 1734 subsistit,
1133 1671 1439 1738 mentisque
1479 1667 1608 1721 nulli
1651 1667 1896 1738 subjecto
1925 1667 2008 1720 in-

2101 935 2200 1006 τὴν
2231 934 2407 987 αἰτίαν
2428 935 2519 1004 ἀφ’
2547 930 2614 1013 ἦς
2644 933 2753 1004 ἔχει
2777 935 2874 1005 τὴν
2898 933 3073 1003 ἀρχὴν
3097 933 3191 989 τοῦ
3221 929 3360 986 εἶναι
3388 934 3677 1003 σημαίνει*

2101 1025 2163 1078 τὸ
2187 1025 2264 1090 δὲ,
2291 1021 2432 1090 Ἦν,
2461 1026 2562 1097 τὴν
2589 1026 2812 1096 ἄχρονον
2839 1024 3002 1078 αὑτοῦ
3023 1027 3116 1078 καὶ
3139 1024 3461 1095 προαιὼνιον
3489 1025 3681 1095 ὓπαρ-

2106 1115 2206 1182 ξιν.
2249 1118 2306 1171 Ὁ
2347 1117 2424 1181 δὲ,
2476 1115 2944 1188 ἐπαγωνιζόμενος
2981 1120 3044 1188 τῇ
3098 1118 3291 1172 ἑαυτοῦ
3326 1119 3547 1189 ἀπάτῃ,
3597 1121 3682 1180 εἰς

2102 1209 2300 1262 ἄτοπον
2329 1209 2420 1262 τὸν
2457 1209 2610 1279 λόγον
2631 1210 2863 1278 ἀπάγειν
2892 1209 3080 1263 οἴεται.

2176 1392 2334 1446 ΕΥΝ.
2393 1393 2455 1445 Εἰ
2485 1393 2610 1464 γὰρ,
2660 1393 2810 1464 φησὶ,
2863 1393 2967 1465 πρὸ
2996 1393 3094 1464 τῆς
3118 1394 3421 1466 γεννήσεως
3455 1393 3568 1464 (l9)
3612 1390 3686 1465 ἦν

2102 1484 2202 1554 τῆς
2237 1482 2427 1535 ἑαυτοῦ
2455 1484 2483 1534 6
2513 1483 2657 1548 Υἱὸς,
2695 1483 2986 1555 ἀγέννητος
3016 1480 3102 1555 ἦν.

2175 1575 2323 1629 ΒᾹΣ.
2366 1574 2524 1630 Ἀλλὰ
2572 1575 2634 1627 τὸ
2675 1574 2788 1642 πρὸ
2832 1574 2940 1644 τῆς
2998 1574 3330 1644 γεννήσεως
3395 1577 3588 1640 τοῦτο,
3636 1571 3685 1631 ὦ

2111 1669 2326 1740 μάταιε,
2375 1667 2493 1737 ἢτοι
2535 1665 2883 1738 ἀνύπαρκτόν
2927 1667 3041 1720 ἐστι
3085 1667 3390 1732 παντελῶς,
3425 1671 3520 1722 καί
3560 1670 3686 1722 δια-

444 1764 698 1820 haerenlis
736 1771 1096 1817 commentum
1146 1769 1247 1816 est.
1279 1759 1384 1814 Sed
1423 1759 1552 1829 quid
1586 1758 1780 1813 attinet
1830 1756 2007 1813 stultis

2114 1761 2256 1825 νοίας
2286 1759 2640 1830 ἀναπλασμὸς
2669 1759 2844 1814 οὐδενὶ
2885 1759 3231 1831 ὲρειδομὲνης
3279 1762 3631 1833 ὑποκειμένῳ
3663 1782 3677 1794 ο

442 1855 820 1913 contradicere
846 1853 874 1907 -?
900 1854 1003 1908 hoc
1034 1858 1176 1907 enim
1224 1850 1447 1922 perinde
1479 1861 1567 1905 est
1597 1860 1760 1921 atque
1793 1865 1912 1904 cum
1944 1864 2007 1904 eo

2114 1855 2202 1907 καὶ
2260 1853 2312 1907 τί
2360 1853 2440 1908 δεῖ
2482 1851 2784 1920 ,ἀντιλέγειν
2816 1855 2929 1915 τοῖς
2976 1853 3256 1924 ἀνοήτοις;
3290 1855 3682 1926 παραπλήσιον

447 1947 815 2012 contendere,
838 1946 932 2001 .cui
959 1943 1181 1999 rationis
1221 1959 1372 1999 usum
1406 1943 1686 2014 phrenesis
1725 1941 2005 1996 ademerit.

445 2042 553 2096 Aut
577 2039 622 2094 si
652 2038 719 2092 ad
744 2038 1017 2108 quidpiam
1056 2051 1242 2092 eorum
1275 2051 1395 2105 qute
1432 2044 1559 2090 sunt
1592 2035 1787 2100 tendit,
1816 2034 1881 2088 ad
1911 2049 2010 2088 sac-

445 2132 688 2188 culorum
723 2143 940 2201 quoque
966 2129 1240 2184 notionem
1265 2128 1578 2182 deducetur.
1613 2125 1812 2181 Verum
1843 2126 1888 2180 si
1917 2142 2012 2180 sae-

445 2222 563 2278 cuia
599 2222 781 2278 omnia
816 2219 954 2275 infra
979 2219 1378 2292 generationem
1408 2216 1680 2288 Unigeniti
1705 2217 2012 2288 intelligun-

447 2322 553 2379 tur,
581 2329 706 2369 cum
749 2313 893 2367 illius
936 2311 1106 2382 ipsius
1151 2313 1264 2368 sint
1290 2319 1572 2376 creaturae,
1597 2323 1768 2363 vanus
1792 2319 1886 2363 .est
1917 2308 2006 2378 qui

445 2405 575 2477 quid
628 2405 932 2461 substantia
966 2402 1086 2458 Filii
1141 2402 1417 2471 antiquius
1449 2402 1662 2470 quaerit.
1684 2399 1830 2455 Nihil
1855 2403 2008 2455 enim

444 2499 671 2554 alienius
701 2497 912 2568 quaerit,
931 2511 1094 2566 quam
1127 2494 1172 2550 si
1200 2495 1267 2548 de
1290 2493 1452 2548 Patre
1471 2494 1632 2549 etiam
1668 2502 2012 2564 percontare-

448 2602 558 2654 tur,
578 2599 754 2644 utrum
783 2598 908 2643 ante
935 2603 1087 2644 suam
1112 2585 1552 2642 constitutionem
1588 2584 1766 2649 fuerit,
1781 2600 1848 2639 an
1883 2599 2008 2641 non.

443 2681 658 2736 Etenim
683 2689 746 2734 ut
764 2679 874 2734 illic
899 2679 988 2734 hic
1012 2679 1237 2750 quaestio
1257 2679 1418 2734 stulta
1449 2687 1551 2742 est,
1568 2677 1733 2749 253
1773 2691 2012 2747 quaerere

445 2774 697 2831 videlicet
725 2774 776 2828 in
800 2787 863 2829 eo
886 2771 975 2842 qui
1000 2771 1264 2843 principio
1286 2779 1520 2826 .caretac
1546 2771 1814 2840 ingenitus
1828 2776 2014 2823 estsu-

443 2865 626 2938 perius
653 2863 940 2936 quiddam:
977 2864 1049 2918 ita
1069 2864 1157 2918 hic
1184 2877 1399 2934 quoque
1421 2863 1486 2918 de
1507 2877 1572 2916 eo
1601 2861 1693 2931 qui
1718 2861 1784 2914 ab
1809 2869 2012 2915 :eterno

445 2968 531 3015 est
557 2973 678 3013 cum
709 2957 894 3022 Patre,
920 2955 1163 3026 nihilque
1196 2955 1355 3010 habet
1386 2954 1548 3009 medii
1589 2953 1727 3007 inter
1758 2967 1817 3008 se
1839 2963 1894 3007 et
1924 2967 2015 3020 ge-

445 3049 714 3115 nitorem,
751 3047 1073 3116 temporales
1105 3045 1286 3101 l'acere
1328 3051 1392 3101 de
1421 3045 1600 3115 priore
1649 3044 2008 3113 quaestiones;

2109 1944 2217 2015 γὰρ
2246 1943 2420 2006 τοῦτο,
2448 1942 2635 2014 ὥσπερ
2658 1941 2723 1996 ἂν
2756 1944 2803 1996 εί
2832 1944 2924 1996 καὶ
2955 1943 3029 2014 τῷ
3060 1943 3149 1996 τὸν
3168 1943 3423 2015 λογισμὸν
3447 1948 3513 1998 ἐκ
3541 1964 3682 2016 φρε-

2109 2034 2302 2098 νίτιδος
2334 2034 2714 2106 παρενεχθέντι
2737 2034 3104 2106 διεμαχόμεθα
3132 2050 3146 2065 ·
3183 2036 3215 2106 ἢ
3241 2038 3287 2088 εί
3323 2037 3454 2105 πρός
3478 2054 3536 2088 τι
3565 2038 3682 2089 τῶν

2103 2129 2277 2182 ’ὅντων
2323 2127 2572 2198 φέρεται,
2619 2127 2711 2180 καὶ
2768 2128 2900 2200 πρὸς
2925 2128 3022 2199 τὴν
3074 2128 3178 2181 τῶν
3208 2128 3416 2183 αἰώνων
3466 2130 3683 2183 ἔννοιαν

2111 2219 2482 2290 ὲνεχθήσεται.
2538 2218 2674 2272 Ἀλλ’
2701 2219 2857 2294 εῐπερ
2889 2210 3084 2283 αἰῶνες
3130 2223 3327 2284 πάντες
3374 2222 3526 2275 κάτω
3570 2242 3680 2276 που

2108 2312 2208 2383 τῆς
2235 2311 2500 2380 γενέσεως
2541 2310 2650 2381 (20)
2695 2311 2790 2364 τοῦ
2830 2312 3165 2381 Μονογενοῦς
3209 2313 3473 2378 νοοῦνται,
3506 2316 3679 2370 αὑτοῦ

2109 2405 2318 2460 ἐκείνου
2363 2403 2514 2467 ὄντες
2547 2405 2846 2476 ποιήματα,
2903 2404 3131 2475 μάταιος
3180 2407 3208 2459 6
3261 2405 3536 2476 ἐπιζητῶν
3577 2409 3682 2477 τῆς

2111 2497 2456 2560 ὑποστάσεως
2505 2495 2598 2548 τοῦ
2657 2496 2787 2549 Υἱοῦ
2840 2495 2910 2549 τὰ
2958 2496 3318 2568 πρεσϐύτερα.
3351 2499 3518 2555 Οὐδὲν
3565 2501 3680 2570 γὰρ

2111 2587 2444 2658 ἀλλοιότερον
2465 2589 2662 2658 ἐρωτᾷ,
2695 2588 2729 2658 ἢ
2762 2589 2809 2640 εί
2830 2587 2921 2645 καὶ
2963 2587 3091 2659 περὶ
3121 2587 3213 2640 τοῦ
3264 2589 3475 2659 lla-:96;
3513 2591 3682 2641 ἐπυν-

2115 2679 2328 2745 θάνετο,
2365 2681 2592 2749 πότερον
2640 2681 2851 2750 ὑπῆρχε
2895 2681 3000 2751 πρὸ
3035 2681 3134 2751 τῆς
3166 2680 3298 2743 ἰδίας
3341 2682 3678 2745 συστάσεως.

2111 2773 2144 2841 ἢ
2171 2771 2308 2843 οὐχί.
2347 2771 2435 2834 Ὠς
2463 2771 2571 2842 γὰρ
2606 2772 2721 2824 ἐκεῖ
2749 2771 2975 2843 ἀνόητον
3021 2771 3079 2824 τὸ
3115 2770 3372 2843 ἐρώτημα
3395 2814 3410 2838 ,
3454 2774 3548 2826 ἐπὶ
3581 2776 3682 2829 τοῦ

2112 2864 2347 2935 ἀνάρχου
2401 2862 2496 2916 καὶ
2550 2863 2845 2933 ἀγεννήτου
2886 2861 3066 2932 ζητεῖν
3095 2863 3155 2915 τὸ
3196 2862 3500 2937 ἀνώτερον
3537 2865 3683 2920 οὕτω

2113 2956 2205 3014 καὶ
2233 2954 2484 3020 ἐνταῦθα,
2523 2954 2616 3007 ἐπὶ
2651 2957 2746 3009 τοῦ
2777 2953 2836 3021 ἐξ
2873 2953 3042 3009 ἀϊδίου
3071 2955 3147 3025 τῷ
3184 2956 3358 3029 Πατρὶ
3406 2958 3678 3023 συνόντος,

2114 3049 2206 3106 καὶ
2231 3049 2380 3103 οὐδὲν
2401 3048 2613 3120 ἔχοντος
2650 3048 2814 3119 μέσον
2847 3047 3039 3104 ἑαυτοῦ
3061 3065 3119 3101 τε
3145 3049 3239 3102 καὶ
3262 3048 3356 3102 τοῦ
3381 3052 3683 3122 γεννήσαν-

444 3139 667 3208 aequalis
707 3138 864 3207 plane
901 3136 1188 3190 dementiae
1225 3145 1328 3191 est.
1357 3134 1490 3190 Nam
1532 3136 1751 3204 perinde
1790 3136 1917 3200 erit,
1949 3150 2010 3190 ac

2114 3158 2220 3204 τος,
2247 3140 2499 3212 χρονικπ
2534 3140 2798 3195 ποιεῖσθαι
2824 3139 2916 3193 τοῦ
2944 3141 3208 3212 προτέρου
3239 3140 3336 3204 τὰς
3358 3144 3680 3213 ἐρωτήσεις,

445 3231 494 3286 ai
531 3229 652 3299 quis
678 3229 974 3297 interroget
999 3226 1126 3296 quid
1154 3225 1390 3280 futurum
1423 3226 1493 3280 sit
1520 3235 1639 3295 post
1657 3225 1862 3280 obitum
1889 3223 2010 3292 ejus

2114 3234 2208 3304 τῆς
2233 3235 2352 3305 ἴσης
2373 3233 2539 3296 ὅντως
2563 3233 2764 3296 ἀνοίας.
2789 3233 3055 3304 Παραπλή
3065 3250 3175 3288 σιον
3190 3232 3295 3306 γὰρ
3316 3236 3522 3306 ἐρωτᾷν
3541 3234 3678 3304 (2i),

449 3323 539 3394 qui
569 3321 889 3376 immortalis
921 3327 1024 3387 est,
1064 3327 1377 3390 quaeratque
1418 3319 1544 3388 quid
1589 3317 1860 3373 exstiterit
1891 3327 2015 3373 ante

447 3412 848 3486 generationem
879 3411 1211 3482 sempiterni.
1261 3409 1324 3464 lii
1360 3422 1560 3474 autem,
1594 3410 1719 3481 quia
1768 3409 2014 3480 principii

447 3505 505 3560 in
529 3503 691 3559 Patre
725 3503 954 3572 privatio
983 3503 1255 3558 mternitas
1292 3503 1620 3568 nominatur,
1657 3502 2014 3571 privationem

445 3597 698 3669 principii
732 3595 1187 3651 deoernuntidem
1222 3609 1344 3651 esse
1377 3604 1539 3664 atque
1567 3593 2015 3658 arternitatem,et

447 3689 700 3760 quoniam
723 3687 894 3744 Filius
921 3702 1026 3742 non
1051 3697 1133 3743 est
1173 3689 1467 3759 ingenitus,
1497 3701 1564 3742 ne
1594 3697 1855 3742 aeternum
1888 3686 2011 3756 qui-

446 3777 570 3835 dem
608 3793 727 3835 esse
755 3779 1092 3849 proﬁtentur.
1113 3777 1218 3834 Sed
1258 3787 1438 3834 tamen
1471 3780 1585 3834 haec
1621 3777 1869 3835 differunt
1892 3778 2014 3849 plu-

448 3870 645 3926 rimum
692 3869 1105 3939 signiﬁcatione.
1134 3868 1268 3924 Nam
1305 3871 1598 3940 ingenitum
1626 3871 1843 3936 dicitur,
1873 3871 2012 3939 quod

449 3974 628 4031 neque
679 3960 1003 4030 principium
1035 3962 1117 4016 sui
1158 3961 1346 4032 ipsius,
1388 3976 1560 4030 neque
1599 3976 1814 4016 causam
1859 3969 1915 4014 ut
1945 3962 2015 4015 sit

451 4051 656 4106 habet:
691 4059 952 4110 aeternum
983 4067 1135 4119 vero,
1175 4053 1315 4122 quod
1353 4062 1594 4124 tempore
1634 4054 1780 4106 omni
1811 4061 1865 4107 et
1891 4067 2014 4107 aevo

450 4142 744 4197 secundum
771 4158 885 4198 esse
911 4143 1186 4214 antiquius
1237 4153 1342 4199 est.
1385 4143 1532 4200 Unde
1568 4154 1621 4198 et
1650 4143 1814 4198 Filius
1846 4151 1903 4197 ut
1932 4152 2014 4198 est

451 4249 558 4290 non
577 4234 864 4305 ingenitus,
885 4235 960 4291 ita
981 4244 1212 4291 aeternus
1231 4244 1330 4291 est.
1347 4234 1468 4291 Jam
1492 4251 1619 4290 vero
1639 4235 1830 4290 szncula
1853 4236 2011 4290 etiam

451 4330 637 4382 κιαι-ιιί
668 4328 1025 4398 appellatione
1057 4329 1297 4383 nonnulli
1333 4329 1642 4398 dignantur,
1675 4328 1829 4395 quasi
1851 4342 1915 4381 ex
1943 4342 2014 4382 eo

451 4419 595 4488 quod
625 4434 836 4490 semper
857 4420 987 4484 sint.
1028 4421 1129 4476 hoc
1153 4421 1382 4476 nominis
1402 4421 1596 4491 adepta
1625 4421 1751 4475 sint.
1778 4419 1884 4475 Nos
1917 4435 2013 4473 au-

2110 3326 2162 3378 τῐ
2197 3324 2344 3377 ἔσται
2376 3323 2515 3394 μετὰ
2545 3324 2643 3395 τὴν
2683 3323 2938 3396 τελευτὴν
2967 3323 3063 3377 τοῦ
3099 3324 3385 3386 ἀθανάτου,
3428 3327 3522 3379 καὶ
3556 3326 3679 3378 ἐπι-

2113 3417 2294 3488 ζητεῖν
2338 3417 2390 3470 τί
2430 3417 2642 3488 ὑπῆρχε
2682 3416 2787 3487 πρὸ
2812 3420 2909 3488 τῆς
2931 3417 3232 3490 γεννήσεως
3269 3415 3364 3469 τοῦ
3388 3417 3585 3470 ἀϊδίου.
3615 3419 3681 3471 Οί

2111 3512 2188 3576 δὲ,
2218 3511 2402 3582 ἐπειδὴ
2435 3509 2494 3564 τὸ
2513 3511 2746 3581 ἄναρχον
2775 3508 2865 3563 τοῦ
2906 3509 3118 3580 Πατρδς
3138 3509 3305 3564 ἀΐδιον
3327 3509 3678 3581 ὀνομάζεται,
3747 3551 3754 3558 .

2109 3603 2304 3656 ταυτὸν
2337 3602 2398 3656 τὸ
2419 3603 2637 3675 ἀνάρχῳ
2665 3602 2724 3655 τὸ
2746 3602 2913 3655 ἀΐδιον
2937 3601 3320 3670 ἀποφαίνουσι,
3367 3603 3462 3657 καὶ
3491 3602 3678 3672 ἐπειδὴ

2114 3693 2189 3765 μὴ
2236 3695 2528 3766 ἁγέννητος
2573 3697 2601 3746 6
2639 3694 2786 3758 Υἱὸς,
2813 3693 2932 3746 οὐδὲ
2962 3694 3128 3747 αἲδιον
3154 3689 3289 3748 εἶναι
3337 3694 3676 3764 ὁμολογοῦσι.

2112 3784 2368 3842 Πλεῖστον
2415 3783 2471 3836 δὲ
2519 3784 2762 3854 διαφέρει
2791 3783 2936 3837 κατὰ
2963 3782 3060 3857 τῂν
3099 3783 3322 3840 ἔννοιαν.
3361 3785 3680 3854 ’Δγὲννητον

2115 3875 2213 3946 μὲν
2263 3876 2370 3947 γὰρ
2401 3875 2616 3946 λέγεται
2649 3877 2709 3930 τὸ
2738 3876 2867 3947 μηδε
2880 3877 3008 3947 μίαν
3046 3876 3222 3948 ,ἀρχὴν
3273 3876 3487 3939 ἑαυτοῦ,
3543 3877 3679 3948 μηδὲ

2113 3965 2289 4020 αἰτίαν
2323 3966 2444 4036 ἔχον
2471 3965 2564 4020 τοῦ
2597 3961 2764 4020 εἶναι·
2793 3968 2960 4026 ἀΐδιον
2988 3967 3125 4021 δὲτὸ
3147 3968 3332 4038 χρόνου
3363 3967 3562 4030 παντὸς
3584 3967 3679 4020 καὶ

2110 4057 2304 4121 αἰῶνος
2330 4058 2470 4112 κατὰ
2489 4059 2549 4112 τὸ
2576 4054 2714 4114 εἶναι
2738 4058 3125 4130 πρεσϐύτερον.
3155 4058 3314 4112 Ὅθεν
3350 4060 3442 4112 καὶ
3471 4061 3499 4111 6
3521 4059 3672 4121 Υἱὸς,

2112 4146 2205 4198 καὶ
2256 4146 2355 4204 οὐκ
2391 4147 2700 4218 ἀγέννητος,
2751 4149 2847 4202 καὶ
2898 4147 3084 4210 ἀΐδιος.
3131 4147 3268 4218 Ἤδη
3314 4147 3371 4202 δὲ
3398 4149 3495 4200 καὶ
3551 4148 3677 4210 τοὺς

2112 4236 2318 4302 αἰῶνας
2347 4237 2557 4302 ἀξιοῦσί
2596 4255 2741 4301 τινες
2794 4239 2888 4310 τῆς
2924 4237 3016 4296 τοῦ
3054 4237 3223 4296 ἀϊδίου
3260 4236 3372 4306 (εει)
3409 4253 3678 4308 προσηγο-

2115 4327 2254 4400 ρίας,
2291 4328 2366 4392 ὡς
2390 4330 2455 4383 ὲκ
2479 4329 2574 4383 τοῦ
2601 4331 2688 4383 ἀεὶ
2717 4325 2855 4387 εἶναι
2888 4329 2988 4399 τῆς
3014 4329 3255 4400 κλήσεως
3278 4328 3480 4398 ταύτης
3519 4346 3676 4381 τετυ-

2112 4425 2363 4496 χηκότας.
2417 4425 2605 4498 Ἡμεῖς
2657 4426 2714 4479 δὲ
2751 4426 2848 4496 τῆς
2905 4424 3073 4494 αὐτῆς
3131 4421 3452 4492 λογιζόμεθα
3505 4439 3679 4494 παρα-

453 4521 562 4566 tem
595 4519 649 4565 et
681 4513 944 4565 creaturis
991 4511 1312 4566 aaternitatis
1346 4511 1704 4566 testimonium
1751 4512 2009 4582 praebere,

2115 4518 2261 4580 νοίας
2283 4516 2376 4570 καὶ
2410 4519 2474 4587 τῇ
2503 4516 2675 4570 κτίσει
2712 4515 3150 4589 προσμαρτυρεῖν
3175 4514 3234 4565 τὸ
3261 4513 3446 4575 ἀΐδιον,
3475 4514 3566 4565 καὶ
3592 4513 3678 4566 τὸν

453 4609 507 4656 et
539 4609 906 4655 creaturarum
951 4603 1231 4660 Dominum
1274 4602 1374 4656 hac
1412 4601 1750 4656 confessione
1779 4601 2008 4670 privare,

454 4692 693 4762 ejusdem
726 4707 845 4749 esse
872 4696 1118 4750 amentiae
1143 4693 1488 4749 arbitramur.

524 4785 613 4840 18.
653 4787 1040 4843 Atorationem
1080 4789 1145 4842 ad
1169 4789 1568 4860 impudentiam
1606 4787 1873 4843 deducens
1907 4786 2013 4844 En-

385 4943 396 4950 __
457 4877 687 4942 nomius,
712 4880 837 4950 quid
859 4881 989 4936 dicit
1017 4879 1042 4936 τ

442 4983 448 5022 s
528 4971 662 5027 Eun.
692 4970 800 5026 Nos
823 4982 1000 5028 autem
1028 4972 1082 5027 in
1123 4973 1189 5028 iis
1229 4987 1351 5043 qua:
1377 4981 1432 5028 et
1467 4972 1593 5028 olim
1628 4987 1660 5027 a
1705 4972 1927 5040 sanctis,
1959 4980 2014 5026 et

451 5077 597 5123 nunc
629 5076 660 5116 a
696 5061 850 5116 nobis
880 5063 1245 5118 demonstrata
1273 5070 1420 5130 sunt,
1452 5074 2011 5133 permanentes,-cum

530 5261 582 5293 ³⁸
611 5260 762 5318 Joan.
797 5277 834 5326 ι,
878 5263 929 5316 1.
1006 5262 1052 5295 δ’
1091 5261 1234 5318 Psal.
1259 5279 1371 5327 cur,
1398 5264 1453 5318 5.

463 5437 470 5442 ’
520 5443 637 5518 (iii)
663 5443 880 5518 Antiqui
912 5445 1014 5518 duo
1038 5445 1159 5500 libri
1191 5445 1466 5518 ἑωσφόρον
1498 5443 1610 5514 ἐγὼ
1645 5446 1905 5518 σήμερον.

527 5513 634 5584 (l9)
665 5513 890 5570 Codices
913 5515 1111 5584 aliquot
1140 5513 1426 5584 γενέσεως.

525 5561 638 5655 iiiis
667 5561 1163 5655 ξόἆῗέὀτῗόῗιῖίῖῐίι⁶
1178 5561 1296 5654 Si;
1305 5561 1626 5655 ἦηῖςίἒσεως.

530 5652 641 5728 (ἓξ)
669 5653 1046 5728 Beg._qttartus
1062 5657 1122 5728 τὸ
1150 5652 1381 5728 ἐρωτᾷν.

449 5788 504 5850 δι
526 5721 638 5778 122)
686 5721 1000 5788 Ειῑιιῖτινες
1053 5727 1149 5796 τῆς
1179 5721 1369 5781 ἆῖδίου.
1415 5729 1484 5782 At
1531 5743 1660 5785 mss.
1692 5727 1788 5798 τῆς
1809 5724 1901 5779 τοῦ
1932 5727 2018 5781 dti-

486 5807 586 5848 ου.

486 5807 586 5848 ιον.

2115 4609 2390 4679 Δεσπότην
2419 4609 2518 4678 τῆς
2543 4607 2769 4670 κτίσεως
2793 4607 2891 4676 τῆς
2923 4604 3208 4680 ὁμολογίας
3233 4603 3434 4674 ταύτης
3455 4605 3681 4658 ἀποστε-

2155 4716 2252 4755 ειν.

2186 4719 2252 4755 ιν,

2115 4719 2275 4844 ρΞ18.
2311 4790 2368 4842 Ὀ
2391 4788 2466 4855 δὲ,
2492 4788 2627 4860 πρὸς
2655 4787 2713 4840 τὸ
2735 4787 3083 4857 ἀναίσχυντον
3117 4785 3362 4857 ἐκφέρων
3380 4786 3470 4838 τὸν
3500 4785 3677 4854 λόγον,

2116 4881 2169 4936 τί
2191 4898 2382 4952 eam;

2188 4971 2348 5024 ΕΥΝ.
2386 4969 2574 5040 Ἡμεῖς
2601 4967 2680 5031 δὲ,
2728 4971 2841 5032 τοῖς
2883 4985 2943 5020 τε
2972 4967 3077 5021 ὑπὸ
3105 4966 3212 5020 τῶν
3243 4965 3410 5034 ἁγίων
3451 4965 3545 5018 καὶ
3579 4964 3681 5016 πά-

2120 5062 2209 5116 λαι
2234 5062 2346 5134 (25)
2377 5061 2474 5119 καὶ
2512 5060 2606 5116 νῦν
2630 5061 2714 5131 ἐφ’
2739 5059 2896 5137 ἡμῶν
2923 5059 3402 5128 ἀποδεικνυμένοις
3427 5057 3680 5128 ἐμμένον-

2187 5442 2302 5516 (25)
2327 5441 2469 5516 Edili
2489 5442 2600 5516 τῶν
2618 5443 2788 5516 ἁγίων
2815 5443 3073 5516 Πατέρων
3107 5443 3298 5516 πάλαι.
3321 5439 3454 5512 Reg.
3487 5455 3679 5496 secun-

2121 5514 2220 5568 dus
2236 5514 2344 5568 τῶν
2367 5515 2536 5583 ἁγίων
2560 5515 2821 5586 ματέρων
2848 5515 2941 5586 καὶ
2968 5514 3162 5571 adiat.
3191 5514 3293 5568 Alii
3321 5524 3431 5567 tres
3461 5521 3678 5586 mss_._ut

2123 5587 2176 5639 in
2208 5579 2486 5640 contextu.
2538 5579 2734 5640 Vocem
2765 5584 3023 5654 Πατέρων
3051 5600 3157 5638 non
3203 5586 3318 5638 sine
3345 5598 3505 5636 causa
3534 5579 3676 5654 dele-

2127 5667 2236 5708 tam
2265 5669 2384 5710 esse
2415 5656 2539 5710 hinc
2568 5655 2760 5723 conjici
2797 5651 2994 5721 potest,
3029 5654 3169 5723 quod
3218 5669 3324 5708 non
3379 5651 3677 5722 reperiatur

2126 5739 2301 5792 neque
2331 5727 2380 5777 in
2408 5738 2570 5792 opere
2595 5724 2843 5781 Eunotuii
2879 5725 3019 5794 quod
3050 5737 3215 5793 penes
3243 5737 3342 5779 nos
3366 5734 3471 5790 εει,
3501 5734 3675 5788 neque

2131 5797 2267 5863 apud
2301 5794 2626 5849 Fabricium.
