4002 6408
377 371 483 424 609

1474 371 1835 432 ADVERSUS
1875 375 2244 432 EUNOMIUM
2284 375 2413 431 LIB.
2459 376 2522 430 ll.

3505 380 3606 432 610

375 498 486 546 τες,
519 485 655 556 μήτε
686 486 781 555 τῆς
810 487 993 550 οὑσίας
1026 488 1116 540 τοῦ
1160 487 1292 541 Θεοῦ
1342 490 1703 560 προσιεμένης
1745 492 1904 561 γέννη

2041 508 2210 561 neque
2239 492 2329 546 Dei
2361 495 2661 548 substantia
2695 499 3095 564 generationem
3136 497 3404 559 admittat,
3435 510 3605 561 neque

377 592 481 638 σιν,
541 582 673 645 μήτε
718 579 822 649 μὴν
866 581 1056 650 ἐτέρας
1101 581 1244 643 τινος
1293 581 1654 651 ὑποκειμένης
1685 584 1763 645 είς
1809 583 1936 636 Υίοῦ

371 670 664 739 γέννησιν,
747 672 820 741 μὴ
888 673 1015 724 ὅντα
1082 674 1257 742 φαμὲν
1336 673 1426 727 τὸν
1500 674 1625 726 Υίὸν
1685 679 1937 745 γεγεννῆ-

372 759 494 814 σθαι
531 761 664 833 (24).

441 853 586 906 ΒΑΣ.
621 855 714 920 Τίς
744 857 915 922 οὕτως
960 863 1046 912 ἐπ’
1075 863 1322 934 εὐσεϐείᾳ
1352 865 1659 935 φιλότιμοςς
1711 864 1793 928 τίς
1842 868 1934 918 ἐπὶ

369 944 446 1014 τῷ
502 946 845 1019 φιλόχριστος
891 948 1028 1005 εἶναι
1077 954 1327 1008 τοσοῦτον
1356 956 1781 1020 ἐκαλλωπίσατο,
1813 957 1934 1009 ὅσον

367 1029 512 1088 οὗτοι
546 1041 657 1101 τοῖς
686 1041 784 1110 τῆς
809 1041 1017 1112 ὕϐρεως
1049 1045 1141 1097 καὶ¹
1167 1046 1386 1115 ἀτιμίας
1417 1047 1526 1117 (Ξῦ)
1559 1049 1783 1118 ῥήμασι,
1839 1051 1931 1102 καὶ

367 1127 769 1199 καθαιρετικοῖς
796 1134 894 1202 τῆς
931 1135 1087 1206 δόξης
1112 1136 1204 1189 τοῦ
1243 1138 1578 1205 Μονογενοῦς
1602 1139 1930 1208 ὲπαγάλλον-

365 1235 488 1283 ταις
525 1221 596 1273 Οὐ
630 1222 810 1296 παύσῃ
841 1226 913 1295 μὴ
938 1226 1064 1278 ὄντα
1099 1229 1534 1298 προσαγορεύων,
1565 1226 1609 1282 ὦ
1642 1231 1788 1294 ἀθεε,
1841 1235 1930 1286 τὸν

363 1309 532 1375 ὅντως
558 1313 703 1380 ὄντα,
737 1315 834 1386 τὴν
858 1317 1037 1388 πηγὴν
1075 1319 1173 1389 τῆς
1206 1320 1367 1390 ζωῆς,
1395 1321 1484 1373 τὸν
1515 1324 1646 1375 πᾶσι
1671 1327 1782 1387 τοῖς
1812 1319 1928 1379 οὖσι

363 1403 458 1456 τοῦ
509 1401 646 1458 εἶναι
687 1411 1042 1478 παρεκτικόν;
1073 1412 1168 1474 Ὃς
1201 1413 1403 1465 οἰκείαν
1446 1414 1623 1485 ἑαυτῷ
1668 1417 1762 1468 καὶ
1796 1418 1928 1487 πρέ-

364 1511 569 1548 πουσαν
615 1499 678 1566 τῇ
715 1498 902 1551 ἑαυτοῦ
935 1485 1206 1572 materna
1245 1503 1302 1554 ὲν
1347 1503 1424 1572 τῷ
1471 1506 1605 1576 πρὸς
1656 1506 1748 1559 τὸν
1800 1509 1926 1562 ἴδιον

362 1585 666 1652 θεράποντα
701 1591 934 1644 Μωῦσέα
967 1594 1334 1664 χρηματισμῷ
1366 1598 1729 1666 προσηγορίαν
1775 1598 1924 1664 ἐξεῦ-

360 1692 484 1744 ρεν,
519 1676 646 1730 ὄντα
673 1680 861 1734 ἑαυτὸν
893 1681 1198 1752 ὀνομάσαςς
1241 1682 1389 1752 Ἐγὼ
1431 1682 1537 1752 γάρ
1569 1685 1703 1752 εἰμι,
1739 1686 1919 1753 φησὶν,

360 1768 394 1816 ὀ
427 1765 529 1820 ὢν.
556 1768 664 1820 Καὶ
694 1771 903 1833 τούτοις
929 1773 1100 1835 οὐδεὶς
1127 1775 1340 1845 ἀντερεῖ
1371 1775 1443 1846 μὴ
1477 1776 1594 1844 οὐχὶ
1643 1779 1707 1828 ἐκ
1755 1795 1919 1848 προσ-

360 1855 508 1908 ώπου
535 1859 627 1910 τοῦ
657 1861 860 1928 Κυρίου
891 1861 997 1933 (‘26)
1028 1864 1275 1934 εἰρῆσθαι
1297 1881 1308 1892 ⁸
1345 1865 1535 1919 οὔκουν
1567 1867 1713 1926 ὅστις
1747 1885 1810 1936 γε
1848 1870 1920 1939 μὴ

360 1947 418 1998 τὸ
455 1948 742 2003 Ἰουδαϊκὸν
781 1953 1040 2024 κάλυμμα
1074 1956 1164 2007 ἐπὶ
1193 1959 1258 2027 τῇ
1289 1956 1587 2025 ἀναγνώσει
1640 1960 1918 2022 Μωῦσέως

360 2037 499 2091 κατά
550 2041 647 2110 τῆς
680 2043 869 2096 ἑαυτοῦ
905 2045 1126 2115 καρδίας
1177 2048 1516 2118 ἐπικείμενον
1548 2047 1677 2117 ἔχει.
1713 2051 1750 2101 Γ
1755 2050 1917 2121 ἐγρα-

360 2147 489 2183 πται
517 2131 644 2200 γὰρ,
679 2134 760 2188 ὅτι
786 2133 940 2205 ὤφθη
974 2137 1050 2207 τῷ
1086 2139 1307 2192 Μωὺσεί
1332 2139 1559 2208 ἄγγελος
1589 2141 1793 2211 Κυρίου
1828 2143 1918 2194 ἐπὶ

359 2222 449 2274 τοῦ
475 2222 634 2292 βάτου
665 2226 722 2278 ὲν
756 2230 886 2298 πυρὶ
912 2229 1106 2297 φλογός
1130 2230 1261 2300 (9.7).
1293 2231 1555 2299 ’Ἄγγελον
1583 2233 1756 2285 τοίνυν
1784 2251 1918 2304 προ-

357 2315 567 2379 τάξασα
615 2322 712 2388 τῆς
758 2319 1058 2392 διηγήσεως
1103 2325 1135 2393 ἡ
1186 2323 1396 2394 Γραφὴ,
1432 2323 1565 2378 Θεοῦ
1596 2325 1792 2392 ἐπάγει
1821 2327 1918 2396 τὴν

359 2403 559 2473 φωνήν.
596 2401 742 2458 Ehe
777 2408 909 2475 γὰρ,
943 2410 1094 2479 φησὶ,
1122 2409 1199 2474 τῷ
1243 2412 1513 2465 Μωϋσεῖδ
1564 2413 1701 2483 Ἐγώ
1730 2417 1844 2484 εἰμι
1887 2416 1918 2468 ὸ

359 2492 504 2558 Θεὸς
542 2494 645 2548 τοῦ
685 2500 905 2565 πατρός
943 2515 1059 2552 σου
1115 2502 1391 2571 Ἁϐραὰμο
1454 2505 1546 2557 καὶ
1601 2507 1717 2575 μετ’
1767 2507 1919 2576 ὀλίγα

359 2586 520 2638 πάλιν
543 2604 556 2618 ’
600 2586 743 2657 Ἐγώ
769 2591 882 2657 εἰμι
913 2593 944 2643 ό
974 2589 1072 2644 ὧν.
1111 2592 1206 2654 Τίς
1234 2590 1324 2645 οὖν
1350 2595 1377 2645 ὁ
1412 2595 1572 2659 αὑτὸς
1613 2597 1706 2648 καὶ
1752 2597 1916 2666 ἄγγε-

357 2677 446 2742 λος
479 2679 588 2748 (28)
617 2681 710 2733 καὶ
739 2681 903 2745 Θεός;
931 2678 1074 2755 τΑροι
1099 2685 1218 2753 οὐχὶ
1250 2685 1376 2755 περὶ
1403 2678 1462 2738 οὗ
1498 2687 1915 2760 μεμαθήκαμεν,

356 2771 440 2823 ὃτι
471 2771 712 2826 καλεῖται
745 2775 804 2825 τὸ
832 2774 1000 2843 ὄνομα
1025 2773 1184 2828 αὑτοῦ
1221 2776 1458 2847 μεγάλης
1498 2777 1690 2848 βουλῆς
1725 2782 1920 2848 Ἀγγε-

356 2864 479 2929 λος;
523 2865 662 2933 Ἐγὼ
696 2867 790 2936 μὲν
819 2869 917 2920 οὐκ
942 2864 1090 2938 οἶμαι
1109 2868 1365 2922 πλειόνων
1385 2871 1494 2923 δεῖν
1517 2872 1650 2942 πρὸς
1670 2873 1766 2944 τὴν
1797 2874 1922 2926 ἀπό-

357 2957 544 3022 δειξιν.
579 2957 712 3011 ἀλλά
745 2962 856 3021 τοῖς
891 2961 989 3029 μὲν
1020 2960 1382 3034 φιλοκρίστοις
1417 2962 1664 3034 ἐξαρκεῖν
1695 2965 1785 3017 καὶ
1819 2965 1915 3036 τὴν

357 3049 679 3119 ὑπόμνησιν,
711 3052 820 3114 τοῖς
846 3049 901 3102 δὲ
954 3051 1185 3114 ἀνιάτως
1211 3051 1393 3122 ἔχουσι
1435 3053 1600 3123 μηδὲν
1631 3053 1818 3121 ὄφελος
1856 3058 1919 3109 ἐκ

353 3139 449 3194 τοῦ
485 3141 716 3213 πλήθους
770 3141 878 3196 τῶν
923 3143 1227 3214 λεγομένων
1261 3142 1477 3198 ἔσεσθαι
1528 3145 1660 3216 (29).
1715 3147 1776 3200 Εἰ
1811 3147 1918 3216 γὰρ

2047 584 2148 636 ulla
2203 585 2303 637 alia
2367 587 2429 639 ad
2488 585 2606 640 Filii
2675 589 3072 654 generationem
3132 586 3443 656 subjaceat,
3497 601 3602 640 non

2044 679 2391 731 exsistentem
2437 677 2627 731 Filium
2678 679 2915 747 genitum
2952 694 3068 734 esse
3115 681 3362 734 dicimus.

2112 851 2236 908 Bas.
2280 851 2410 919 Quis
2442 857 2574 910 adeo
2622 856 2719 909 fuit
2768 857 2952 925 gloriae
2993 857 3217 926 cupidus
3259 857 3466 924 pietatis
3505 871 3602 910 no-

2040 946 2232 999 mine?
2257 947 2376 1016 quis
2400 949 2449 1000 in
2475 947 2693 1002 Christo
2715 949 2944 1002 amando
2975 959 3179 1002 tantum
3223 948 3482 1017 gloriatus
3499 959 3601 1006 est,

2038 1048 2294 1104 quantum
2328 1038 2378 1092 hi
2421 1041 2484 1092 de
2536 1025 2871 1094 contumelia:
2917 1055 2980 1096 ac
3033 1041 3339 1110 ignominia:
3389 1039 3599 1101 verbis.

2039 1128 2212 1196 iisque
2265 1131 2598 1199 majestatem
2652 1131 2927 1201 Unigeniti
2974 1132 3450 1198 subvertentibus,
3484 1145 3602 1186 sese

2029 1221 2236 1289 jactant
2267 1221 2290 1274 ?
2321 1221 2456 1274 Num
2492 1223 2727 1277 cessabis
2764 1239 2867 1277 non
2912 1224 3256 1278 exsistentem
3315 1223 3596 1294 appellare,

2035 1327 2067 1365 ο
2095 1313 2274 1382 impie,
2314 1328 2464 1378 cum,
2508 1314 2596 1382 qui
2633 1329 2758 1368 vere
2797 1315 3037 1378 exsistit,
3074 1315 3164 1383 qui
3209 1315 3326 1368 fons
3351 1317 3472 1368 vitae
3495 1322 3596 1374 est,

2033 1405 2123 1471 qui
2164 1405 2412 1460 omnibus
2447 1420 2564 1475 qua:
2613 1415 2738 1458 sunt
2773 1416 2966 1459 auctor
3012 1414 3095 1460 est
3129 1414 3186 1459 ιιι
3235 1405 3343 1460 sint
3376 1404 3512 1474 ?qui
3544 1404 3596 1457 in

2033 1498 2156 1548 (lato
2196 1497 2261 1549 ad
2290 1511 2442 1550 suum
2469 1513 2681 1551 servum
2712 1496 2949 1568 Moysem
2999 1512 3277 1567 responso,
3298 1496 3596 1567 appellatio-

2033 1604 2151 1640 nem
2183 1588 2284 1642 sibi
2317 1589 2586 1657 propriam
2623 1599 2782 1658 atque
2821 1589 3107 1642 a-ternitati
3144 1603 3254 1642 sua:
3282 1588 3596 1641 convenien-

2032 1689 2134 1732 tem
2176 1679 2400 1747 invenit,
2430 1695 2549 1734 eum
2599 1683 2688 1750 qui
2714 1689 2824 1747 est,
2853 1681 3086 1749 seipsum
3117 1679 3448 1733 nominans?
3481 1675 3593 1748 Ego

2029 1773 2182 1836 enim,
2219 1773 2411 1839 inquit,
2446 1772 2561 1825 sum
2594 1774 2684 1839 qui
2723 1789 2837 1826 sum
2856 1772 2922 1825 ⁶⁰.
2947 1774 3121 1838 Atque
3159 1772 3270 1825 haec
3322 1785 3477 1824 nemo
3502 1785 3593 1824 ne-

2024 1865 2228 1931 gaverit
2264 1864 2314 1917 in
2351 1879 2573 1933 persona
2608 1865 2813 1918 Domini
2869 1864 3007 1918 dicta
3055 1864 3241 1927 fuisse,
3277 1878 3436 1918 nemo
3488 1864 3594 1916 uti-

2023 1968 2146 2020 qIIe,
2171 1955 2293 2020 nisi,
2314 1956 2439 2008 dum
2463 1955 2690 2027 Moyscm
2713 1953 3150 2026 lcgit,Judaicum
3173 1955 3417 2008 velamen
3441 1953 3589 2009 cordi

2020 2057 2115 2097 suo
2147 2044 2452 2114 impositum
2502 2047 2694 2099 habeat
2719 2046 2782 2100 ⁸⁸.
2823 2044 3095 2114 Scriptum
3127 2054 3209 2099 est
3248 2031 3590 2121 enim,'lquod

2019 2135 2168 2188 visus
2211 2145 2292 2190 est
2347 2136 2514 2208 Moysi
2569 2137 2788 2207 angelus
2836 2137 3043 2191 Domini
3092 2137 3143 2190 in
3186 2137 3320 2212 rubo
3367 2136 3421 2190 in
3471 2137 3590 2206 igne

2019 2227 2267 2283 ﬂammae.
2298 2228 2426 2297 Sed,
2458 2239 2738 2298 postquam
2767 2230 3010 2301 angelum
3039 2231 3089 2284 in
3131 2231 3434 2284 narratione
3455 2244 3591 2298 prte-

2021 2321 2196 2388 posuit
2227 2319 2522 2390 Scriptura,
2571 2321 2660 2376 Dei
2694 2337 2874 2375 vocem
2922 2322 3218 2392 subiungit.
3251 2323 3392 2376 Dixit
3420 2325 3579 2391 enim,

2021 2412 2212 2481 inquit,
2241 2413 2410 2484 Moysi
2434 2431 2451 2469 :
2478 2415 2588 2484 Ego
2614 2433 2726 2469 sum
2765 2416 2900 2470 Deus
2921 2419 3082 2484 patris
3106 2419 3179 2469 tui
3197 2418 3460 2471 Abraham
3505 2419 3582 2484 ";

2021 2499 2258 2578 Etpaulo
2281 2519 2400 2578 post
2430 2525 2644 2564 rursus:
2670 2508 2777 2578 Ego
2800 2527 2912 2564 sum
2939 2509 3026 2580 qui
3045 2527 3160 2563 sum
3190 2511 3254 2562 ⁸³.
3277 2509 3405 2578 Quis
3427 2511 3586 2580 igitur

2021 2600 2157 2654 idem
2190 2612 2241 2654 et
2269 2601 2492 2672 angelus
2521 2612 2572 2656 et
2597 2601 2737 2656 Deus
2767 2602 2790 2655 ?
2822 2601 3008 2656 Nonne
3032 2602 3140 2668 ille,
3167 2603 3233 2656 de
3261 2619 3366 2672 quo
3397 2605 3585 2658 didici-

2021 2706 2160 2756 mus,
2187 2694 2326 2760 quod
2362 2702 2581 2745 vocatur
2617 2707 2810 2746 nomen
2837 2693 3002 2760 ipsius
3033 2695 3204 2762 magni
3235 2693 3442 2747 causilii
3474 2692 3585 2747 Au-

2021 2783 2279 2855 ggLusﬂ?
2308 2784 2416 2852 Ego
2446 2783 2659 2850 quidem
2694 2800 2795 2837 non
2819 2783 2980 2854 255,
2996 2795 3123 2854 puto
3146 2800 3279 2854 opus
3311 2801 3430 2841 esse
3467 2789 3583 2855 plu-

2022 2874 2169 2928 ribus
2196 2873 2260 2926 ad
2294 2873 2828 2937 demonstrationem,
2853 2874 2944 2928 sed
2975 2875 3391 2930 admonitionem
3422 2877 3580 2932 Cliri-

2020 2964 2090 3019 sti
2149 2963 2450 3018 amantibus
2498 2964 2741 3018 suliicere
2774 2979 2786 3015 :
2823 2965 2890 3018 iis
2942 2980 3088 3028 vero,
3129 2968 3219 3034 qui
3254 2969 3432 3023 curari
3473 2985 3579 3024 non

2021 3064 2265 3124 possunt,
2299 3053 2496 3106 nullum
2553 3054 2973 3108 emolumentum
3014 3055 3249 3111 arbitror
3295 3071 3359 3111 ex
3399 3060 3580 3113 multi-

2020 3145 2202 3198 tudine
2225 3159 2410 3198 eorum
2430 3159 2547 3214 quae
2566 3147 2888 3209 dicerentur,
2919 3163 3280 3204 accessurum.
3302 3150 3454 3207 Nam.
3477 3158 3578 3210 etsi

353 3233 449 3285 καὶ
501 3234 723 3305 ὕστερον
756 3235 968 3303 ἐγένετο
992 3236 1096 3306 τὴς
1146 3236 1384 3307 μεγάλης
1427 3235 1618 3307 βουλῆς
1646 3238 1912 3308 Ἀγγελος

2029 3247 2207 3307 postea
2238 3237 2408 3292 factus
2455 3246 2535 3290 est.
2579 3238 2755 3307 magni
2785 3237 2990 3293 consilii
3020 3239 3276 3311 Angelus,
3304 3251 3479 3299 tamen
3516 3265 3580 3300 tm

353 3323 607 3378 ἀλλὀὑδὲ
636 3325 894 3396 πρότερον
931 3327 1159 3395 ἀπηξίου
1207 3327 1302 3398 τὴν
1350 3327 1440 3380 τοῦ
1477 3328 1706 3397 ἀγγέλου
1749 3346 1918 3401 προσο

353 3417 600 3488 ηγορίαν.
642 3417 714 3470 Οὐ
752 3418 859 3488 γὰρ
887 3418 996 3488 (50)
1051 3418 1280 3472 ἐνταῦθα
1313 3420 1470 3488 μόνον
1498 3421 1799 3491 εὑρήσομεν
1831 3423 1918 3475 τὸν

354 3510 560 3580 Κύριον
589 3508 743 3579 ήμῶν
778 3509 868 3562 καὶ
901 3509 1128 3576 ἄγγελον
1153 3511 1246 3564 καὶ
1277 3511 1406 3563 Θεὸν
1436 3512 1541 3564 ὑπὸ
1576 3512 1675 3581 τῆς
1698 3513 1918 3584 Γραφῆς

354 3600 720 3672 ὀνομασθέντα
747 3617 759 3628 ο
813 3600 946 3653 ἀλλά
983 3601 1072 3653 καὶ
1120 3599 1328 3666 Ἰακὼϐ,
1359 3603 1456 3669 τὴν
1493 3602 1753 3656 ὀπτασίαν
1800 3607 1917 3667 ταῖς

353 3693 566 3761 γυνςιιιξ)⁵
597 3692 967 3763 διηγούμενος,
1004 3692 1134 3762 φησί
1153 3709 1165 3721 ·
1197 3692 1308 3746 Καὶ
1335 3691 1462 3746 εἷπέ
1482 3710 1582 3761 μοι
1604 3693 1637 3746 ὁ
1662 3694 1915 3763 ἅγγελος

353 3787 460 3840 τοῦ
501 3785 646 3840 Θεοῦ
667 3801 678 3813 ·
711 3785 801 3838 καὶ
820 3785 935 3854 μετ’
961 3783 1114 3853 ὀλίγα
1143 3783 1290 3856 παρά
1316 3783 1408 3836 τοῦ
1436 3785 1597 3838 αὑτοῦ
1618 3786 1748 3855 (51)·
1777 3785 1916 3857 Ἐ’γώ

350 3880 467 3947 ειμι
493 3880 524 3932 ό
555 3875 696 3949 Θεὸς
733 3878 766 3929 ὀ
793 3869 993 3944 ὀφθείς
1020 3888 1119 3928 σοι
1149 3875 1218 3927 ἐν
1246 3873 1323 3939 τῷ
1350 3875 1508 3939 τόπῳ
1561 3871 1627 3931 οὗ
1656 3874 1914 3946 ﬁliam-dc

345 3985 448 4036 μοι
485 3966 609 4020 ἐκεῖ
639 3964 894 4032 στήλην.
937 3964 1125 4017 Καίτοι
1173 3967 1289 4018 ἐκεῖ
1331 3966 1420 4018 ἐπὶ
1469 3967 1566 4037 τῆς
1610 3967 1806 4038 στήλης
1837 3967 1913 4038 τῷ

363 4057 556 4112 Ἰακὼό
601 4057 844 4131 εἴρηται*
886 4055 1024 4125 Ἐγὼ
1062 4058 1275 4124 Κύριος
1305 4061 1336 4110 ό
1368 4058 1510 4123 Θεὸς
1554 4059 1792 4128 Ἀϐραὰμ
1810 4057 1914 4113 τοῦ

351 4149 572 4218 πατρός
584 4164 719 4214 σου,
732 4149 825 4201 καὶ
845 4151 876 4202 ό
891 4147 1032 4214 Θεὸς
1055 4148 1259 4203 Ἰσαάκ
1275 4150 1402 4219 (3'2).
1420 4151 1478 4203 Ὀ
1488 4150 1661 4202 τοίνυν
1678 4149 1909 4204 ἐνταῦθα

350 4240 576 4309 ἄγγελος
609 4239 914 4309 εἰρημένος,
974 4232 1124 4301 οὗτος
1166 4241 1281 4292 ἐκεῖ
1309 4239 1454 4307 λέγει
1495 4239 1908 4310 πεφανερῶσθαι

421 4424 464 4453 ⁸⁸³
503 4423 664 4476 Exod.
696 4439 777 4484 ιιι,
810 4424 891 4476 Η.
1015 4425 1055 4454 ⁶¹
1091 4422 1129 4476 ll
1170 4423 1294 4476 Cor.
1324 4438 1407 4486 ιιι,
1439 4423 1522 4479 l5.

349 4494 394 4526 ⁸⁸
427 4494 554 4548 ibid.
591 4494 692 4547 15..
765 4493 807 4524 ⁸⁷
837 4493 969 4546 Gen.
1007 4509 1188 4556 xxviii,
1227 4494 1311 4547 15.

1615 4425 1658 4454 ⁶¹
1687 4421 1856 4476 Exod.
1877 4438 1954 4485 In,
1971 4421 2020 4474 6.

2022 3330 2171 3397 prius
2220 3328 2435 3398 quidem
2485 3329 2875 3399 dedignabatur
2921 3331 3093 3399 angeli
3139 3333 3576 3401 appellationem.

2020 3417 2132 3471 Non
2161 3420 2302 3472 enim
2332 3419 2420 3473 bic
2445 3420 2612 3474 solum
2639 3421 2972 3476 inveniemus
2999 3423 3277 3477 Dominqu
3314 3438 3578 3494 nostrum,

2017 3520 2073 3565 et
2107 3511 2351 3580 angelum
2385 3521 2438 3565 et
2478 3512 2641 3565 Deum
2679 3528 2706 3565 a
2765 3511 3036 3582 Scriptura
3071 3517 3400 3573 nominatum
3437 3539 3451 3573 :
3483 3525 3577 3576 sed

2015 3600 2182 3657 Iacob
2216 3604 2536 3666 etiam,cum
2571 3605 2828 3657 visionem
2857 3605 3169 3661 mulieribus
3191 3619 3453 3675 narraret,
3473 3614 3574 3667 ait:

2019 3687 2084 3741 Et
2113 3689 2249 3742 dixit
2295 3690 2425 3743 milii
2465 3692 2676 3758 angelus
2714 3691 2807 3744 Dei
2840 3693 2904 3745 ⁵⁸.
2940 3691 3005 3746 Ει
3038 3705 3156 3762 post
3184 3710 3351 3765 pauca
3382 3700 3448 3754 ab
3479 3717 3573 3756 eo-

2015 3780 2134 3833 dem
2189 3781 2475 3834 audimus:
2514 3781 2625 3851 Ego
2667 3800 2781 3835 sum
2823 3783 2958 3836 Deus
2992 3787 3081 3853 qui
3128 3789 3347 3854 apparui
3382 3791 3476 3843 tibi
3521 3794 3574 3846 in

2015 3870 2148 3936 loco,
2196 3872 2283 3924 ubi
2313 3873 2508 3926 unxiui
2539 3874 2666 3926 milii
2699 3875 2807 3926 illic
2863 3876 3155 3930 columnam
3174 3879 3239 3934 “.
3268 3879 3427 3951 Atqui
3465 3881 3573 3937 illic

2013 3963 2542 4031 prmsentacolumua
2583 3965 2648 4018 ad
2676 3962 2840 4020 Iacob
2869 3966 3066 4020 dictum
3097 3975 3180 4021 est
3201 3964 3233 4020 ι’
3252 3967 3363 4038 Ego
3394 3970 3571 4026 Domi-

2015 4070 2110 4106 nus
2149 4053 2288 4107 Deus
2313 4055 2575 4108 Abraham
2614 4059 2776 4122 patris
2814 4059 2912 4121 tui,
2944 4069 2990 4110 et
3020 4057 3156 4111 Deus
3188 4058 3344 4114 Isaac
3371 4061 3435 4115 "’.
3467 4064 3568 4129 Qui

2014 4147 2192 4214 itaque
2221 4147 2307 4199 bic
2336 4144 2558 4215 angelus
2598 4146 2773 4201 dictus
2808 4157 2912 4212 est,
2944 4148 2988 4204 is
3019 4149 3124 4203 illic
3169 4151 3299 4204 dicit
3345 4155 3572 4208 manife-

2015 4248 2211 4291 statum
2243 4251 2299 4290 se
2328 4236 2494 4292 Jacob
2519 4238 2699 4292 fuisse.
2717 4240 2892 4305 Quare
2922 4249 3248 4309 compertum
3279 4251 3364 4296 est
3390 4246 3568 4297 omnl-

2145 4420 2188 4450 "
2223 4420 2350 4473 ibid.
2391 4421 2474 4472 Η.

2583 4421 2627 4450 ⁸⁵
2661 4419 2761 4473 lsa.
2808 4437 2881 4486 nt,
2911 4420 2962 4474 6.
3063 4421 3106 4452 ⁸⁵
3129 4421 3262 4476 Gen.
3303 4440 3445 4488 sui,
3479 4427 3562 4480 Η.

421 4609 532 4695 (ΞΗ)
567 4608 926 4695 ἑπιιῑαιιίιιίιιο
961 4607 1091 4695 libri
1123 4606 1468 4695 γεγενῆσθαι,
1500 4616 1554 4660 et
1583 4606 1654 4660 ita
1693 4619 1905 4674 quoque

2020 4604 2231 4695 gitur'év
2266 4603 2428 4686 φλογί
2458 4602 2650 4683 πυρός,
2669 4605 2747 4695 ηἰιι
2785 4604 2999 4670 ﬂamma
3043 4605 3193 4695 igtur.
3220 4604 3336 4687 Sed
3367 4606 3416 4659 in
3444 4605 3564 4695 γυί-

345 4682 400 4737 in
431 4678 546 4745 ipso
573 4679 813 4731 Eunomii
854 4692 1018 4746 Opere
1046 4678 1256 4740 legitur.

429 4743 544 4872 (95)
566 4749 696 4816 Reg.
723 4743 944 4814 quartus
960 4745 1168 4818 ὕϐρεως
1197 4751 1290 4801 καὶ
1310 4746 1580 4808 ἀσεϐείας.
1613 4743 1898 4813 Aliquanto

429 4834 464 4872 ιι
506 4821 520 4872 ι
551 4836 631 4872 ea.
663 4820 850 4872 tertius
879 4817 1213 4872 Μονογενοῦς
1243 4817 1650 4872 ὲπαγάλλοιντο.

347 4817 464 4891 post
506 4817 631 4888 Reg.
663 4817 1213 4891 tertiusMoonsvoO;
1243 4817 1650 4891 énayanowto:

415 4891 528 4964 ('26,
563 4883 711 4964 Eiljti
749 4889 948 4964 e_t__duo
977 4883 1103 4964 i_iiss.
1147 4891 1211 4940 ἐκ
1243 4883 1529 4964 προσώπου
1554 4883 1647 4964 τος)
1676 4883 1832 4947 Θεοῦ,
1861 4902 1897 4964 _e

343 4952 565 5028 perimam
621 4959 732 5010 Dei.
765 4957 866 5009 Alii
911 4957 1145 5028 quinque
1177 4952 1306 5010 mss'.
1365 4959 1431 5028 ἐκ
1465 4952 1757 5028 προσώπου
1793 4954 1888 5028 τοῦ

345 5025 571 5101 Κυρίου,
606 5047 632 5081 ε
668 5043 896 5101 persona
921 5027 1150 5101 Domini,
1180 5029 1230 5078 id
1259 5036 1359 5090 est,
1395 5025 1576 5088 Verbi,
1610 5036 1659 5077 et
1697 5026 1766 5101 ita
1811 5026 1886 5078 le-

344 5095 496 5170 guunt
527 5095 809 5170 interpres.
854 5095 985 5170 Utut
1020 5099 1156 5170 IKEC_
1178 5105 1318 5170 sunt,
1356 5104 1648 5170 numoesl,
1672 5097 1886 5170 opinor,

345 5165 431 5235 qui
474 5171 583 5221 luec
609 5167 895 5233 Scriptura:
921 5167 1033 5217 loca
1062 5183 1088 5216 a
1127 5166 1407 5235 Basiliode
1430 5165 1565 5218 Filio
1582 5165 1751 5235 accipi
1781 5181 1883 5216 non

343 5233 538 5290 videat.
577 5237 772 5289 Ibidem
794 5237 920 5290 editi
949 5235 1046 5306 τῆς
1073 5233 1257 5290 αὐτοῦ.
1299 5233 1516 5289 Veteres
1549 5233 1784 5302 quinque
1830 5235 1898 5286 li-

340 5313 422 5363 bri
455 5306 666 5360 ἑαυτοῦ.

416 5378 526 5450 (-27)
552 5378 772 5450 Edttiet
807 5376 976 5450 nostri
1004 5391 1134 5450 mss.
1183 5375 1397 5450 έδπυρὶ
1430 5371 1728 5450 φλογοξςεβη
1772 5372 1889 5450 igne

341 5442 588 5517 ﬂaiuntw.
610 5459 662 5499 et
693 5449 763 5499 ita
789 5449 991 5517 _editum
1017 5447 1320 5499 invenimus
1343 5442 1488 5513 apud
1525 5442 1696 5517 IiXX,
1729 5455 1782 5494 et
1817 5444 1886 5494 ita

342 5512 552 5586 quoque
581 5517 752 5583 legere
777 5515 1017 5569 Justinus
1049 5528 1252 5586 martyr
1274 5512 1886 5586 adversus'l'rygiiouem,

342 5580 395 5639 et
425 5580 675 5654 Cyrinus,
721 5599 775 5637 ut
804 5587 984 5637 videre
1013 5597 1098 5638 est
1138 5580 1205 5638 in'
1227 5588 1367 5640 notis
1406 5580 1884 5654 NobiliiaVulgata

341 5653 529 5710 Latina
555 5657 734 5708 Exodo
759 5671 841 5717 ιιι,
865 5657 920 5716 ‘2,
942 5656 998 5706 in
1031 5656 1246 5723 ﬂamma
1275 5658 1432 5723 ignis,
1451 5665 1504 5707 et
1536 5655 1604 5705 ita
1640 5653 1885 5717 legerunt

344 5727 492 5778 multi
530 5741 592 5778 ex
625 5728 877 5792 antiquis,
909 5736 965 5776 ut
995 5727 1060 5784 is,
1089 5739 1246 5792 quem
1286 5727 1442 5778 modo
1471 5725 1602 5786 dixi,
1643 5724 1723 5774 vir
1752 5736 1880 5792 eru-

339 5797 639 5851 ditissimus
667 5791 864 5848 monet.
896 5795 948 5846 lu
996 5791 1144 5847 Actis
1183 5797 1539 5862 apostolorum
1566 5807 1656 5858 ιιι,
1687 5792 1774 5854 30,
1810 5791 1881 5844 le-

652 5886 933 5947 ernor...
970 5886 1085 5946 Gn.
1133 5887 1364 5946 XXIX.

2007 4673 2128 4743 gata
2161 4674 2374 4735 Latina,
2404 4675 2460 4726 in
2496 4675 2635 4743 igne_
2660 4673 2889 4739 ﬂamma:
2921 4687 2938 4724 :
2983 4677 3067 4726 cui
3113 4677 3326 4729 lectioni
3370 4679 3566 4734 inultos

2003 4741 2224 4798 codices
2236 4743 2454 4816 favere,
2480 4757 2545 4816 ex
2597 4741 2944 4816 Testamento
2989 4743 3275 4801 Oxoniensi
3331 4750 3564 4816 perspici

2005 4821 2200 4882 patest.
2236 4811 2365 4882 Reg.
2401 4813 2714 4882 ιθτιὶιιείὲπὶ
2737 4811 2836 4882 τῆς
2863 4810 3045 4880 βάτου.
3331 4810 3356 4853 '-

2076 4882 2186 4952 (28)
2250 4881 2401 4951 Regii
2448 4883 2554 4934 duo
2599 4881 2720 4936 libri
2775 4882 2869 4933 καὶ
2935 4883 3185 4951 ἅγγελος.
3213 4883 3414 4940 Vocula
3475 4887 3569 4940 καί

2002 4951 2155 5006 abest
2195 4967 2223 5004 a
2254 4951 2503 5020 vulgatis.

2067 5020 2179 5094 (‘29)
2197 5021 2431 5094 Antiqui
2455 5019 2561 5074 duo
2577 5021 2712 5094 libri
2748 5021 3056 5094 λεγομένων
3085 5023 3353 5090 γίνεσθαι.

2063 5088 2175 5166 (gul)
2195 5090 2331 5166 Eilitj
2363 5088 2500 5166 Οὔτε
2524 5090 2652 5166 γάρ,
2674 5093 2756 5166 At
2784 5088 2908 5144 mss.
2943 5093 3016 5166 oo
3048 5088 3178 5166 γάρ.

2063 5163 2173 5231 (51)
2195 5160 2347 5223 Illud,
2376 5161 2790 5230 καίμετ’όλίγα
2809 5161 2968 5231 παρὰ
2984 5160 3088 5215 τοῦ
3109 5160 3412 5226 ἁύτοῦ.εἰο
3441 5178 3562 5218 ver-
3623 5227 3625 5230 ι

2002 5239 2142 5284 terat
2189 5232 2478 5298 interpres,
2510 5243 2554 5284 et
2580 5242 2689 5298 post
2730 5248 2896 5298 pauca
2932 5233 2996 5284 de
3045 5238 3225 5286 eodem
3251 5251 3271 5289 :
3296 5249 3455 5302 quam
3482 5233 3564 5286 in-

2002 5302 2439 5367 terpretationem
2470 5317 2574 5354 non
2608 5303 2842 5367 probans
2871 5302 3248 5366 Combetisius,
3281 5305 3360 5356 sic
3395 5304 3558 5355 inter-

1998 5371 2198 5436 pretari
2258 5371 2465 5431 maluit,
2520 5373 2735 5439 ipsomet
2777 5374 3016 5440 loquente
3058 5382 3105 5423 et
3159 5391 3191 5425 a
3236 5388 3312 5425 se.
3342 5369 3461 5436 Vix,
3504 5381 3562 5423 ιιι

1997 5442 2126 5492 mihi
2152 5440 2368 5508 quidem
2397 5441 2625 5511 videtur,
2663 5441 2895 5494 dubitari
2923 5450 3122 5509 potest,
3157 5443 3286 5511 quin
3314 5442 3416 5494 hoc
3441 5443 3561 5511 loco

1995 5515 2217 5562 verbum
2275 5509 2544 5580 ἀκούομεν
2592 5513 2943 5580 ειιρριριιιιιιιῐι
3001 5512 3112 5576 sit;
3159 5509 3227 5564 ob
3275 5511 3436 5580 idque
3488 5510 3558 5563 ita

1993 5583 2294 5633 vertimus:
2328 5577 2397 5632 Et
2444 5577 2558 5647 post
2599 5577 2766 5646 pauca
2797 5579 2860 5632 ab
2903 5580 3082 5631 eodem
3115 5577 3379 5634 audimus.
3408 5579 3559 5645 Quod

1993 5665 2113 5720 mox
2149 5652 2410 5718 sequitur,
2435 5643 2496 5702 οὗ
2525 5643 2750 5720 ἠλειψάς

1991 5719 2127 5772 didit
2162 5720 2298 5772 idem
2323 5719 2686 5774 Combelisius
2713 5734 2726 5770 :

2835 5665 2906 5713 οι,
2941 5661 3070 5710 etc.,
3107 5652 3180 5703 ita
3221 5651 3408 5703 Latine
3435 5651 3558 5704 red-

2819 5720 2868 5769 bi
2898 5719 3096 5772 unaisti
3134 5721 3259 5772 mihi
3289 5719 3516 5778 titulum,

2061 5788 2171 5860 (52)
2196 5789 2412 5859 Antiqui
2445 5791 2550 5845 duo
2569 5789 2690 5842 libri
2722 5789 2815 5840 καὶ
2861 5787 3064 5841 Ἰσαάκ.

3166 5883 3242 5941 20
