4002 6408
463 351 558 413 Gll
1766 365 1823 418 ὃ.
1867 364 2030 420 ΒΑΞΗ

2154 367 2370 422 ΜΑΒΝΙ
3602 376 3716 430 θῖἓ

466 478 567 561 tius
617 483 670 528 et
707 473 1043 540 exploratum
1069 515 1083 535 .
1121 475 1424 544 ubicunque
1459 473 1600 531 idem
1645 487 1698 531 et
1735 481 1959 547 angelus
1990 492 2030 534 et

2145 482 2222 550 τῷ
2265 483 2477 536 Ἰακώδ.
2511 485 2678 538 Παντὶ
2711 481 2802 538 οῦν
2844 485 3020 556 δῆλον,
3072 487 3153 539 ὅτι
3201 487 3326 541 ἔνθα
3359 492 3451 542 καὶ
3477 492 3720 561 ἄγγελος

356 547 610 624 Mteus
643 565 938 636 appellatus
971 577 1070 631 est,
1101 565 1443 638 Uuigenitum
1479 568 1796 652 signiﬁcari,
1831 586 1950 626 cum
1979 586 2030 626 se

2147 547 2238 624 udi.
2269 572 2398 636 Θεὸς
2444 574 2472 624 6
2517 573 2678 636 αὐτὸς
2711 547 3161 645 προσηίπὸρευται,
3191 579 3218 629 6
3249 547 3722 650 MO‘JOYSVﬁ.‘.é6‘.'t

465 659 770 715 hominibus
816 673 912 727 per
971 659 1208 728 singulas
1253 659 1640 730 generationes
1695 663 2030 725 manifestet,

2143 663 2486 734 δηλούμενος,
2520 665 2832 736 ἐμφανίζων
2862 668 3052 720 ἑαυτὸν
3082 669 3220 720 κατὰ
3256 671 3450 737 γενεὰν
3469 676 3583 736 τοῖς
3623 676 3723 727 ἁνη

2145 755 2399 828 θρώποις.
2437 759 2530 811 καὶ
2560 758 2617 810 τὸ
2651 759 2860 829 θέλημα
2888 759 2980 812 τοῦ
3018 761 3227 831 Πατρδς
3258 765 3367 824 τοῖς
3394 764 3570 831 ἁγίοις
3591 766 3715 817 ἐαυ-

2145 848 2236 900 τοῦ
2263 849 2610 917 διαγγέλλων.
2639 851 2798 903 Ὥστε
2823 852 2917 904 καὶ
2933 852 3022 904 ἐπὶ
3047 852 3159 921 (55)
3177 851 3271 904 τοῦ
3291 855 3569 917 Μωῦσέως
3585 855 3724 908 ὅντα

2145 941 2334 993 ἑαυτὸν
2365 942 2654 1012 ὀνομάσας,
2688 942 2786 994 οὐκ
2818 943 2972 1007 ἄλλος
3006 961 3088 1007 τις
3124 944 3275 1014 παρὰ
3309 945 3398 997 τὸν
3435 945 3570 999 Θεὸν
3611 948 3724 999 Λό-

2145 1049 2257 1100 γον.
2283 1033 2374 1086 τὸν
2406 1036 2462 1086 ὲν
2494 1036 2634 1105 ἀρχῇ
2667 1034 2794 1086 ὄντα
2816 1036 2952 1106 πρὸς
2977 1036 3066 1088 τὸν
3100 1038 3252 1100 Θεὸν,
3283 1037 3521 1108 νοηθείη.

2215 1125 2299 1178 19.
2339 1124 2474 1177 Ἀλλ’
2497 1127 2546 1178 οἱ
2576 1125 2672 1196 τὴν
2714 1127 2924 1179 ἀδικίαν
2954 1129 3032 1189 εἰς
3062 1128 3119 1179 τὸ
3163 1127 3295 1196 ὕψος
3319 1129 3607 1191 λαλοῦντες
3639 1129 3719 1199 μὴ

2144 1215 2270 1270 ὄντα
2304 1221 2616 1288 προσειπεῖν
2666 1217 2755 1270 τὸν
2792 1217 2920 1270 Υἱὸν
2960 1221 3058 1271 οὐκ
3091 1220 3442 1289 ἀπώκνησαν.
3490 1223 3606 1274 Καὶ
3652 1222 3720 1274 '0

2138 1307 2254 1377 μὲν
2279 1307 2478 1376 ἄφρων
2491 1309 2559 1361 ἐν
2577 1309 2786 1376 καρδίᾳ
2810 1309 2993 1363 αὐτοῦ
3014 1307 3198 1372 εἶπεν,
3233 1315 3352 1365 Οὐκ
3380 1313 3510 1366 ἔστι
3543 1315 3713 1378 Θεός”

2143 1399 2191 1450 ol
2247 1398 2302 1450 δὲ
2349 1399 2408 1450 οῦ
2443 1399 2793 1471 διενοήθησαν
2839 1401 3017 1471 μόνον,
3055 1401 3190 1454 ἀλλὰ
3224 1403 3315 1454 καὶ
3356 1403 3626 1472 ἐλάλησαν
3657 1405 3718 1454 ἐν

2144 1489 2398 1560 πονηρίᾳ,
2428 1491 2520 1542 καὶ
2550 1494 2732 1562 γραφῇ
2769 1491 3101 1564 παραδοῦναι
3135 1495 3212 1556 είς
3244 1493 3332 1546 τδν
3367 1494 3554 1546 ἔπειτα
3580 1494 3716 1564 χρό-

2141 1595 2230 1632 νον
2252 1581 2311 1632 οὐ
2342 1583 2743 1653 παρῃτήσαντο,
2784 1583 2856 1652 μὴ
2897 1584 3025 1635 ὄντα
3061 1583 3429 1653 τολμήσαντες
3464 1586 3554 1636 τὸν
3579 1584 3716 1636 θεὸν

2143 1672 2424 1742 ὀνομάσαι.
2459 1673 2566 1724 Καὶ
2591 1673 2776 1741 ἐπειδὴ
2817 1691 2878 1742 γε
2923 1675 3119 1744 ὁρῶσιν
3146 1674 3265 1727 οῦδὲ
3292 1677 3418 1738 τοὺς
3445 1676 3713 1744 δαίμονας

2142 1757 2338 1827 αῦτδὺς
2375 1765 2816 1835 ἀπαρνουμένους
2843 1765 2901 1818 τὸ
2940 1761 3077 1818 εἶναι
3111 1767 3262 1830 Θεὸν,
3299 1761 3462 1829 οῦτοι,
3498 1768 3580 1829 είς
3616 1768 3712 1818 τὸν

2139 1855 2364 1908 κατόπιν
2395 1853 2506 1926 (54)
2531 1856 2718 1926 χρόνον
2750 1857 3130 1920 ἐπανελθόντες
3163 1857 3239 1927 τῷ
3271 1858 3433 1928 λόγῳ,
3465 1858 3584 1911 ἐκεῖ
3607 1859 3710 1932 τὴν

2139 1948 2306 2018 ἀσεϐῆ
2337 1947 2540 2000 ἑαυτῶν
2560 1948 2850 2019 ἐπιθυμίαν
2875 1949 3272 2020 ἀποπληροῦσι,
3307 1950 3380 2019 μὴ
3411 1943 3551 2001 εἷναί
3576 1964 3707 2000 ποτε

2139 2041 2226 2093 τὸν
2257 2041 2380 2094 Υίδν
2411 2040 2850 2112 βλασφημοῦντες
2886 2042 3017 2111 (55),
3058 2042 3132 2104 ὡς
3159 2045 3224 2112 τῇ
3259 2042 3354 2106 μὲν
3379 2039 3574 2093 ἑαυτοῦ
3607 2040 3711 2106 φῦ-

2139 2150 2220 2185 σει
2254 2133 2326 2202 μὴ
2355 2132 2498 2193 ὅντα,
2529 2135 2708 2203 χάριτι
2730 2133 2787 2186 δὲ
2820 2135 2898 2196 εἰς
2924 2135 2981 2187 τὸ
3005 2131 3141 2186 εἶναι
3162 2133 3263 2186 ὑπὸ
3287 2132 3379 2184 τοῦ
3404 2132 3539 2185 Θεοῦ
3567 2149 3708 2198 παρ-

2139 2224 2387 2294 αχθέντα.
2449 2221 2582 2278 Εἶτα
2610 2225 2675 2296 ἥν
2695 2228 2722 2278 6
2753 2225 2960 2288 Παῦλος
2978 2226 3104 2297 περὶ
3134 2225 3238 2277 τῶν
3267 2224 3497 2278 εἰδώλων
3525 2225 3706 2294 ἀφῆκε

2141 2317 2342 2387 φωνὴν,
2393 2316 2581 2370 εἰπών·
2632 2317 3065 2371 Ἐδουλεύσατε
3093 2317 3214 2382 τοῖς
3239 2319 3414 2386 φύσει
3447 2317 3535 2385 μὴ
3564 2313 3705 2371 οὖσι

2138 2410 2328 2474 θεοῖς’
2362 2411 2457 2463 καὶ
2493 2411 2521 2463 6
2561 2409 2857 2481 Ἱερεμίας·
2892 2410 3002 2463 Καὶ
3037 2409 3324 2478 ὤμνυσαν
3365 2409 3435 2462 ἐν
3466 2409 3591 2473 τοῖς
3619 2409 3705 2477 μὴ

2137 2500 2278 2556 οὖσι
2319 2502 2474 2569 θεοῖς
2493 2519 2506 2533 ’
2533 2503 2626 2557 καὶ.
2657 2506 2689 2574 ἡ
2719 2504 3003 2573 σοφωτάτη
3066 2503 3267 2575 Ἐσθήρ
3287 2522 3301 2534 ·
3358 2502 3454 2571 Μὴ
3510 2517 3697 2570 παρα·

2137 2593 2254 2661 δῷς
2282 2594 2413 2666 (56),
2457 2597 2659 2663 Κύριε,
2686 2595 2752 2647 τὸ
2780 2595 3093 2662 σκῆπτρόν
3125 2611 3238 2647 σου
3272 2593 3392 2658 τοῖς
3423 2593 3506 2663 μὴ
3529 2589 3700 2647 odor

2138 2689 2344 2757 ταύτην
2389 2680 2533 2740 οὗτοι
2570 2686 2810 2755 περὶτοῦ
2839 2685 3089 2757 ἀληθινοῦ
3121 2684 3252 2738 Θεοῦ
3291 2685 3554 2748 εἰπόντες,
3585 2684 3704 2746 πῶς

2139 2776 2204 2830 ἂν
2231 2777 2452 2840 δικαίως
2500 2776 2580 2829 ἔτι
2623 2779 2722 2846 τῆς
2764 2773 3103 2846 Χριστιανῶν
3143 2771 3510 2845 προσηγορίας
3546 2787 3702 2841 μετα-

2138 2871 2409 2934 ποιοῖντο;
2455 2869 2566 2921 Καὶ
2607 2867 2715 2938 γάρ
2746 2885 2846 2919 που
2897 2865 2988 2920 καὶ
3031 2865 3256 2936 ἑτέρωθι
3285 2866 3313 2918 6
3360 2865 3518 2926 αὐτὸς
3550 2855 3704 2926 οὗτος

2151 2961 2487 3024 Ἂπόστολος,
2509 2964 2537 3014 ὁ
2562 2963 2616 3013 ὲν
2647 2959 2921 3028 Πνεύματι
2951 2957 3084 3012 Θεοῦ
3117 2957 3309 3021 λαλῶν,
3342 2957 3415 3028 μὴ
3435 2956 3562 3010 ὅντα
3589 2955 3702 3009 δνο-

2141 3051 2299 3121 μά-ζει
2330 3054 2397 3105 τὰ
2429 3051 2554 3122 ἔθνη
2578 3051 2664 3104 διὰ
2690 3051 2749 3104 τὸ
2776 3051 2875 3120 τῆς
2900 3048 3150 3120 γνώσεως
3187 3048 3280 3102 τοῦ
3307 3047 3439 3101 Θεοῦ
3479 3045 3703 3117 ἐστερῆ-

2139 3140 2281 3204 σθαι,
2341 3141 2532 3202 εἰπὼν,
2567 3141 2648 3193 ὅτι
2702 3140 2776 3194 Τὰ
2818 3137 2900 3209 μὴ
2935 3138 3078 3192 ὄντα
3109 3137 3424 3203 ἐξελέξατο
3457 3140 3490 3190 ὀ
3534 3138 3697 3202 Θεός.

2151 3232 2304 3284 Ἐπεὶ
2345 3231 2452 3302 γὰρ
2491 3230 2564 3283 ὢν
2595 3233 2688 3283 καὶ
2720 3231 2944 3302 ἀλήθεια
2979 3231 3072 3284 καὶ
3121 3227 3231 3300 ζωὴ
3258 3232 3286 3282 6
3311 3229 3460 3292 Θεὸς,
3521 3230 3569 3280 ol
3622 3227 3702 3298 τῷ

2137 3323 2255 3393 Θεῷ
2283 3323 2360 3392 τῷ
2387 3323 2500 3376 ὄντι
2552 3322 2626 3394 μὴ
2681 3323 2951 3394 ἡνωμένοι
2992 3322 3135 3375 κατὰ
3170 3321 3266 3392 τὴν
3309 3322 3509 3383 πίστιν,
3534 3321 3601 3390 τῇ
3644 3319 3703 3372 δὲ

2138 3414 2444 3485 ἀνυπαρξία
2477 3415 2570 3467 τοῦ
2617 3415 2845 3485 ψεύδους
2893 3413 3263 3476 οἱκειωθὲντες
3299 3413 3386 3466 διὰ
3420 3411 3520 3482 τῆς
3575 3413 3704 3483 περὶ

2135 3507 2203 3558 τὰ
2257 3506 2447 3560 aiatait:
2494 3506 2718 3577 πλάνης,
2774 3507 3016 3571 εἰκότως,
3047 3504 3220 3578 οἶμαι,
3254 3505 3340 3558 διὰ
3369 3504 3466 3574 τὴν
3506 3505 3702 3575 στέρη-

2141 3616 2223 3653 σιν
2260 3600 2358 3671 τῆς
2392 3598 2665 3670 ἀληθείας,
2697 3603 2791 3653 καὶ
2833 3601 2931 3672 τὴν
2965 3601 3072 3652 ἀπὸ
3109 3599 3209 3669 τῆς
3237 3598 3381 3667 ζωῆς
3408 3598 3702 3669 ἀλλοτρίω-

2139 3708 2241 3756 σιν,
2294 3693 2368 3762 μὴ
2414 3693 2560 3755 ὄντες
2638 3691 3175 3762 προσηγορεύθησαν.
3235 3689 3395 3743 Ἀλλὰ
3444 3690 3538 3742 καὶ
3587 3693 3702 3752 τοῖς

2149 3785 2416 3854 Ἐφεσίοις
2471 3785 2798 3837 ἐπιστέλλων
2855 3784 2930 3847 ὡς
2985 3783 3220 3855 γνησίως
3274 3783 3572 3854 ἡνωμένοις
3623 3781 3702 3852 τῷ

2137 3875 2249 3927 ὄντι
2281 3874 2346 3927 δι’
2382 3873 2746 3942 ἐπιγνώσεως,
2771 3873 2928 3935 ὄντας
2944 3874 3139 3936 αὐτοὺς
3160 3872 3468 3937 ἰδιαζόντως
3487 3873 3705 3942 ὠνόμα-

2136 3981 2248 4027 σεν,
2280 3963 2465 4016 εἰπών·
2499 3965 2606 4031 (57)
2635 3965 2759 4028 Τοῖς
2785 3965 2976 4032 ἁγίοις
2994 3963 3115 4027 τοῖς
3145 3958 3306 4024 οὖσι,
3331 3963 3429 4015 καὶ
3461 3963 3703 4026 πιστοῖς

2134 4055 2202 4106 ἐν
2230 4055 2460 4123 Χριστῷ
2504 4055 2724 4121 Ἰησοῦ.
2755 4055 2910 4107 Οῦτω
2936 4053 3044 4125 γὰρ
3070 4054 3164 4108 καὶ
3196 4055 3243 4106 οἱ
3279 4052 3386 4124 πρὸ
3413 4055 3442 4124 ἡ
3454 4053 3568 4123 μῶν
3597 4069 3704 4104 πα-

3179 4165 3225 4203 τ³
3257 4165 3446 4218 Esther
3474 4175 3581 4228 siv,
3612 4164 3698 4219 il.

465 754 683 824 suisque
729 755 932 807 sanctis
979 751 1155 805 Patris
1207 751 1416 805 nuntiet
1460 752 1811 808 voluntatem.
1853 755 2037 823 Itaque

462 847 552 918 qui
582 856 636 900 et
681 859 864 900 coram
900 845 1077 915 Moyse
1113 860 1171 899 se
1203 844 1316 914 ipsc
1346 861 1467 898 eum
1499 846 1588 914 qui
1615 856 1699 902 est
1723 847 2036 912 nominavit,

460 956 567 994 non
595 941 733 994 alius
761 950 955 1008 praeter
983 937 1432 1017 0W
1461 941 1551 1008 qui
1587 949 1705 994 erat
1747 941 1798 993 in
1836 942 2038 1010 princi-

462 1033 550 1102 pio
584 1029 934 1108 apgdﬁpeum.
965 1029 1188 1098 intelligi
1223 1032 1444 1097 poterit.

533 1122 618 1178 19.
649 1121 752 1176 Sed
778 1120 1111 1190 iniquitatem
1147 1121 1198 1172 in
1232 1121 1504 1174 exvelsum
1535 1122 1622 1190 qui
1660 1123 2034 1192 loquuntur”,

459 1218 616 1272 veriti
636 1233 738 1270 non
772 1226 897 1268 sunt
925 1231 1029 1268 non
1048 1215 1395 1268 exsistentem
1430 1218 1708 1268 nominare
1734 1216 1950 1271 Filium.
1975 1219 2039 1273 Et

458 1310 705 1376 insipiens
727 1308 941 1376 quidem
963 1307 1016 1360 in
1043 1309 1196 1360 corde
1216 1323 1306 1358 suo
1327 1308 1462 1359 dixit
1488 1322 1504 1359 :
1529 1306 1649 1361 Non
1675 1320 1749 1362 est
1781 1309 1915 1364 Deus
1946 1311 1990 1342 ⁶²
2019 1329 2034 1364 :

459 1399 514 1456 hi
539 1415 666 1454 vero
689 1414 792 1453 nou
815 1399 1117 1468 cogitavere
1146 1398 1336 1459 solum,
1355 1400 1446 1453 sed
1475 1398 1636 1454 locuti
1659 1403 1958 1456 suutetiam
1985 1403 2035 1456 in

459 1490 741 1557 pravitate.
762 1489 871 1543 imo
899 1488 1093 1543 futuris
1123 1491 1451 1558 temporibus
1475 1491 1674 1560 scripto
1699 1493 1910 1546 tradere
1932 1510 2035 1546 non

459 1591 734 1648 caverunt,
753 1583 916 1638 Deum
940 1582 1052 1636 ausi
1087 1599 1188 1636 non
1208 1584 1555 1638 cxsistcntem
1585 1599 1798 1638 vocare.
1824 1585 1886 1638 Et
1913 1601 2040 1655 quo-

459 1674 598 1728 niam
629 1687 696 1726 ne
728 1674 873 1742 ipsos
901 1671 1115 1740 quidem
1139 1671 1408 1726 drcmones
1432 1673 1613 1726 vident
1636 1672 1734 1726 hoc
1757 1675 2036 1742 negare",

459 1781 650 1835 nempe
697 1765 862 1820 Deum
914 1779 1032 1818 esse
1067 1779 1081 1815 :
1113 1765 1163 1817 hi
1203 1767 1268 1816 ad
1313 1766 1560 1832 superius
1608 1776 1820 1832 tempus
1859 1777 2038 1820 mente

455 1860 682 1924 reversi,
716 1858 823 1912 illic
854 1856 1072 1925 impiam
1103 1871 1255 1911 suam
1281 1856 1629 1922 cupiditatem
1662 1860 1902 1926 explent.
1927 1874 2031 1910 non
2070 1835 2108 1888 Β

460 1954 622 2007 fuisse
649 1951 938 2021 aliquando
967 1950 1158 2004 Filium
1191 1947 1506 2017 blaspheme
1537 1963 1633 2002 ore
1679 1950 2030 2015 allirmantes,

459 2046 612 2112 quasi
649 2061 745 2100 sua
776 2043 942 2113 ipsius
966 2053 1156 2095 natura
1198 2056 1302 2094 non
1333 2042 1424 2107 sit,
1459 2040 1552 2093 sed
1595 2041 1734 2094 dono
1763 2040 1887 2094 sita
1925 2042 2032 2096 Deo

458 2156 565 2194 esse
599 2137 910 2206 productus.
943 2135 1144 2190 Deinde
1173 2149 1334 2202 quam
1362 2132 1561 2186 Paulus
1583 2133 1648 2186 de
1676 2133 1833 2187 idolis
1855 2135 2030 2188 emisit

461 2245 667 2294 vocum,
699 2229 822 2283 dum
859 2229 932 2280 ait
967 2246 980 2280 ι
1021 2227 1313 2282 Servivislis
1347 2225 1410 2278 iis
1438 2225 1524 2294 qui
1555 2235 1744 2277 natura
1770 2241 1871 2278 non
1911 2234 2032 2277 sunt

457 2322 533 2375 dii
555 2322 635 2386 τίς
665 2328 719 2374 et
747 2317 1011 2374 Jeremias
1060 2338 1073 2372 :
1121 2315 1184 2368 Et
1235 2317 1544 2384 juraverunt
1581 2331 1673 2383 per
1714 2331 1799 2369 eos
1842 2317 1928 2386 qui
1959 2316 2034 2367 dii

461 2433 564 2470 non
613 2421 737 2469 sunt
764 2415 851 2478 ";
885 2421 941 2466 et
986 2411 1384 2480 sapientissimo
1433 2409 1651 2462 Esther:
1694 2405 1778 2460 Ne
1814 2409 1991 2459 tradas
2015 2447 2029 2470 ,

461 2506 696 2570 Domine,
718 2512 978 2571 sceptrum
996 2501 1060 2556 iis
1078 2503 1166 2571 qui
1199 2517 1303 2553 non
1335 2499 1550 2559 sunt";
1587 2499 1724 2551 hanc
1750 2497 1836 2550 isti
1862 2497 1903 2550 si
1924 2495 2032 2550 Deo

459 2612 590 2652 vero
621 2597 826 2658 dicant,
856 2592 1123 2662 quomodo
1170 2591 1377 2660 possint
1424 2590 1653 2660 amplius
1693 2588 2029 2642 Christiano-

456 2703 574 2742 rum
609 2686 710 2742 sibi
737 2682 1149 2755 appellationem
1190 2679 1312 2750 jure
1346 2680 1625 2734 vindicare
1658 2679 1680 2731 τ
1717 2678 1850 2731 Nam
1904 2677 2031 2732 alibi

457 2781 619 2834 etiam
651 2779 792 2835 idem
817 2777 904 2832 ille
928 2775 1233 2844 Apostolus,
1267 2773 1357 2840 qui
1388 2773 1441 2824 in
1471 2770 1673 2838 Spiritu
1715 2771 1806 2825 Dei
1847 2770 2030 2838 loque-

460 2875 638 2934 batur,
669 2884 774 2924 non
803 2869 1128 2923 exsistcntes
1155 2863 1388 2934 appellat
1432 2873 1642 2933 gentes,
1669 2861 1811 2931 quod
1851 2869 2032 2914 essent

454 2961 550 3014 Dei
591 2959 897 3028 cognitione
950 2957 1195 3023 privatae,
1234 2969 1356 3007 cum
1414 2953 1531 3004 ait:
1568 2952 1698 3015 Qum
1757 2967 1859 3003 non
1910 2958 2030 3002 sunt

453 3052 608 3120 elegit
643 3048 780 3102 Deus
809 3047 876 3103 ⁷⁸.
909 3044 1068 3112 Nam,
1115 3044 1368 3112 quoniam
1405 3042 1538 3094 Deus
1569 3051 1669 3104 est,
1703 3041 1790 3110 qui
1833 3049 1934 3104 est,
1978 3051 2032 3093 et

458 3139 672 3200 vei-itas,
690 3147 744 3190 et
767 3137 900 3201 vita,
928 3136 1231 3204 quicunque
1258 3131 1365 3188 Deo
1388 3133 1480 3200 qui
1501 3142 1603 3194 est,
1633 3130 1905 3198 conjuncti
1938 3143 2032 3199 per

461 3231 614 3284 tidem
643 3243 748 3282 non
771 3239 919 3290 sunt,
949 3227 1041 3280 sed
1073 3241 1170 3281 per
1193 3240 1348 3278 suum
1381 3223 1522 3277 circa
1561 3222 1846 3278 simulacra
1880 3239 2031 3277 erro-

459 3337 571 3376 rem
595 3320 792 3374 addicti
825 3330 948 3373 suut
979 3317 1259 3372 mendacio
1285 3331 1388 3384 non
1420 3317 1722 3380 exsiSIenti,
1747 3315 1889 3385 jure,
1918 3317 2033 3383 opi-

457 3430 576 3474 nor,
611 3421 830 3482 propter
863 3411 1108 3465 veritatis
1142 3408 1522 3480 privationem,
1543 3416 1597 3461 et
1625 3422 1656 3461 a
1692 3407 1799 3461 vita
1828 3408 2032 3460 aliena-

417 3550 439 3575 ,
459 3509 676 3569 tionem,
710 3522 816 3562 non
850 3505 1176 3559 exsistentes
1205 3501 1453 3572 appellati
1482 3512 1628 3554 sunt.
1658 3499 1762 3556 Sed
1784 3510 1836 3555 et
1860 3499 2030 3571 Ephe-

455 3597 551 3653 siis
579 3614 699 3652 cum
737 3596 1020 3658 scriberet,
1047 3609 1142 3650 eos
1185 3609 1279 3663 per
1319 3592 1690 3646 excellentiam
1737 3591 2032 3646 nominavit

454 3693 797 3753 exsisteutcs,
821 3698 1071 3757 tanquam
1113 3688 1203 3757 qui
1235 3687 1308 3752 ei,
1335 3687 1423 3755 qui
1453 3696 1554 3749 cst,
1585 3698 1708 3739 vere
1728 3695 1910 3738 essent
1937 3699 2033 3751 per

455 3784 781 3854 agnitionem
824 3781 1097 3850 conjuncti
1123 3781 1352 3850 :quippe
1378 3779 1483 3831 ait:
1511 3778 1721 3832 Sanctis
1765 3777 1849 3846 qui
1888 3786 2029 3842 sunt,

425 3876 502 3927 ἐι
530 3873 689 3944 255
705 3873 947 3942 ﬁdelibus
983 3876 1034 3925 in
1065 3871 1272 3925 Christo
1303 3869 1520 3923 Jesu”.
1550 3868 1639 3921 Sic
1668 3868 1810 3921 enim
1853 3878 1904 3920 et
1941 3868 2029 3932 qui

456 3977 580 4021 ante
613 3981 710 4020 nos
741 3965 888 4018 fuere
921 3965 1278 4026 tradiderunt,
1302 3973 1355 4016 et
1379 3977 1474 4016 uos
1510 3959 1829 4029 inantiquis
1845 3975 2025 4013 exeni—

458 4060 691 4125 ptaribus
719 4056 1042 4111 invenimus.
1087 4053 1182 4110 Hic
1205 4066 1382 4108 autem
1417 4067 1482 4106 ne
1509 4065 1568 4105 ea
1601 4050 1840 4119 quidem,
1873 4053 2026 4119 cujus

526 4173 572 4206 “
601 4171 745 4228 Psal.
776 4161 945 4233 Lsxu,
970 4172 1022 4224 8.
1098 4170 1141 4201 ⁶⁹
1170 4168 1311 4222 Psal:
1344 4168 1529 4232 xut,l.
1603 4165 1648 4196 "'°
1677 4162 1792 4219 Jac.
1815 4182 1874 4233 u,
1912 4167 1995 4220 l9.

455 4247 499 4278 ⁷³
531 4246 548 4299 l
588 4245 712 4298 Cor.
742 4259 779 4304 ι,
819 4241 909 4294 28.
986 4243 1032 4273 ⁷⁵
1075 4241 1272 4308 Ephes.
1301 4256 1340 4303 ι,
1373 4240 1422 4292 1.

521 4355 636 4481 (55)
661 4354 798 4439 Editi
825 4354 986 4407 Ὥστε
1014 4354 1107 4407 καὶ
1133 4353 1250 4434 ἐπί..
1280 4354 1351 4436 Α)
1380 4352 1492 4436 duo.
1512 4365 1641 4405 mss.
1680 4348 1844 4425 Ὥστε
1873 4351 1963 4434 καὶ
1993 4353 2021 4403 6

521 4448 566 4481 :.
623 4428 908 4481 Aliquanto
953 4435 1072 4481 post.
1128 4425 1276 4481 editi,
1311 4439 1392 4475 οτι
1442 4438 1541 4474 ουκ
1587 4420 1725 4472 ἔστι.
1779 4417 1884 4473 Vox
1937 4438 2018 4473 οτι

452 4417 566 4482 cui.
617 4417 908 4495 "Aliquanto
953 4435 1072 4493 post.
1128 4425 1276 4484 editi,
1311 4423 1392 4475 ὅτι
1442 4422 1541 4474 οὐκ
1587 4420 1725 4472 ἔστι.
1779 4417 1884 4473 Vox
1937 4422 2018 4473 ὅτι

455 4502 606 4553 deest
629 4498 681 4551 in
713 4494 1112 4564 antiquioribus
1154 4494 1449 4564 codicibus.

529 4567 640 4638 (54)
671 4566 819 4630 Illud,
845 4561 1337 4638 ἐὶςτὸνκατόπιν,
1372 4561 1834 4638 refercntlnmcst
1873 4563 1952 4638 ail_
1973 4563 2022 4615 id

460 4630 688 4707 tempus,
729 4651 834 4704 quo
874 4635 1104 4704 primum
1152 4635 1364 4703 genitus
1407 4630 1586 4685 fuerat
1644 4633 1813 4687 Filius
1842 4650 1869 4685 a
1923 4633 2025 4684 Pa-

458 4720 556 4760 tre.

497 4776 638 4845 .(55)
677 4776 816 4830 Editi
848 4785 900 4829 et
935 4782 1180 4829 recentes
1221 4772 1436 4841 quidam
1474 4786 1602 4845 mss.
1638 4772 1728 4825 τὸν
1770 4772 2021 4845 Υἱδν-τοῦ

453 4841 586 4900 θεοῦ
619 4841 1097 4916 βλασφημοῦντες.
1131 4845 1355 4898 Codices
1383 4841 1714 4910 antiquiores
1765 4843 1856 4895 τὸν
1900 4843 2023 4896 Υἱὸν

457 4920 650 4972 (stacta.

457 4925 650 5058 ρλῗέθῗ.
697 4985 808 5050 Illa,
854 4985 940 5055 μὴ
978 4982 1274 5058 παραδῷς,
1331 4990 1620 5058 ete.._n_on
1683 4983 2022 5058 reperiuntur

448 5052 671 5129 quidem
711 5059 762 5129 in
795 5052 1030 5129 editione
1058 5052 1319 5129 lltomaua
1349 5055 1492 5129 t-sed
1535 5054 1782 5123 leguntur
1812 5057 1862 5106 iu
1890 5052 2024 5106 Vul-

453 5125 597 5199 gata,
619 5127 806 5199 Latina
842 5127 935 5199 lib.
957 5126 1157 5199 Esther
1190 5141 1303 5199 .\:_tv,
1342 5125 1426 5177 Η.

528 5201 638 5269 (57)
667 5197 756 5250 Vir
777 5197 1169 5269 eruditissimus
1207 5195 1428 5269 Diligens
1458 5195 1546 5269 hic
1588 5195 1934 5269 vehementer
1968 5195 2019 5246 in

457 5263 648 5324 Bitiam
682 5269 968 5322 invehitur.
1005 5263 1172 5317 Miror
1199 5266 1458 5332 equidem.
1487 5267 1684 5331 inquit,
1733 5264 2020 5316 audaciam

455 5343 531 5394 vel
570 5343 741 5405 potius
772 5338 1149 5404 impudentiam
1175 5333 1348 5396 Beate,
1374 5337 1460 5400 qui
1513 5351 1705 5387 meram
1732 5345 1780 5386 et
1808 5336 2018 5387 inanem

453 5411 716 5478 argutiam
740 5423 847 5461 esse
869 5409 1012 5478 dicit:
1043 5421 1159 5475 qum
1179 5423 1209 5456 ιι
1232 5407 1574 5478 sanctissimo
1601 5405 1756 5456 Patre
1779 5405 1876 5456 hoc
1905 5406 2018 5455 loco

455 5474 811 5548 proferuntur,
847 5487 951 5534 etc.
989 5474 1094 5548 Par
1126 5486 1244 5528 erat
1276 5475 1501 5548 quidem
1541 5474 1734 5548 Belum
1771 5487 2022 5548 reveren-

453 5544 560 5606 iius
586 5552 651 5603 de
704 5549 1022 5619 gravissimo
1068 5544 1224 5619 Patre
1273 5557 1433 5611 atque
1473 5544 1782 5619 doctissimo
1818 5544 1962 5619 loqui
2001 5559 2015 5594 :

455 5621 548 5674 sed
574 5620 617 5673 si
653 5614 783 5671 salis
813 5619 1090 5673 habuisset
1127 5616 1268 5668 illius
1321 5614 1646 5666 sententiam
1680 5628 1784 5664 non
1821 5616 2018 5680 proba-

458 5705 535 5754 re,
565 5689 691 5742 nihil
714 5700 878 5752 esset,
907 5689 1118 5756 Opinor,
1139 5685 1284 5755 quod
1318 5694 1603 5756 tantopere
1627 5683 1903 5756 objurgari
1929 5683 2019 5736 de-

453 5752 677 5814 buisset.
708 5758 774 5811 Et
801 5752 954 5812 vero'
977 5752 1338 5824 Hieronymus
1375 5752 1779 5824 ipse_Basiliu_m
1834 5763 2020 5820 petere

456 5833 681 5892 videtur,
712 5840 871 5896 atque
897 5822 1219 5882 sententiam
1243 5826 1357 5896 ejus
1386 5822 1688 5878 coulutare.
1706 5822 1831 5892 Ejus
1856 5825 2016 5876 verba

2086 4167 2126 4196 ⁷¹
2153 4166 2330 4222 Galat.
2361 4183 2431 4232 tv,
2459 4168 2511 4222 8.

2613 4169 2656 4198 ⁷³
2684 4167 2878 4222 Jerem.
2916 4183 2967 4231 v,
3002 4166 3051 4218 7.

2129 4359 2254 4404 sunt
2288 4350 2402 4404 lucc
2436 4349 2590 4403 initio
2621 4349 3005 4402 Coi‘nntcntarii
3031 4349 3111 4402 sui
3134 4350 3186 4400 in
3227 4347 3396 4416 Epist.
3426 4347 3492 4399 ad
3530 4345 3699 4414 Ephe-

2127 4422 2230 4472 sios
2256 4436 2274 4472 :
2305 4420 2558 4484 Quidam,
2581 4421 2837 4472 curiosius
2874 4435 3027 4485 quant
3053 4435 3254 4471 necasse
3291 4429 3386 4474 est.
3417 4429 3602 4483 putant
3635 4434 3702 4471 ex

2059 4515 2099 4567 ο
2128 4509 2183 4567 eo
2216 4490 2352 4567 quod
2389 4488 2562 4567 Moysi
2611 4491 2806 4567 dictum
2843 4491 2907 4540 sit
2947 4505 2965 4541 :
2995 4487 3446 4567 lite-Cilicesliliis
3477 4488 3641 4541 Israel
3677 4506 3694 4567 ξ

2130 4557 2236 4626 Qui
2255 4571 2356 4618 est.
2397 4557 2540 4611 misit
2569 4574 2674 4622 me,
2707 4563 2864 4611 etiam
2892 4575 2977 4612 eos
3002 4560 3090 4627 qui
3119 4557 3308 4625 Ephesi
3359 4567 3480 4627 sunt
3529 4560 3701 4610 sancti

2127 4625 2169 4682 ei
2197 4631 2400 4696 fideles,
2425 4630 2662 4682 essentia:
2690 4629 2936 4681 vocabulo
2970 4625 3315 4694 nuncupatos.
3351 4625 3698 4692 thuomodo

2127 4720 2156 4751 ιι
2194 4712 2374 4752 sancto
2404 4701 2592 4762 sancti,
2621 4698 2817 4766 ajuslo
2845 4698 3003 4767 justi,
3043 4714 3072 4749 a
3108 4699 3360 4762 sapientia
3389 4699 3651 4764 sapientes
3678 4713 3696 4749 :

2127 4771 2200 4821 ita
2236 4771 2300 4821 ab
2343 4787 2402 4822 eo
2443 4771 2529 4837 qui
2567 4779 2640 4822 est
2663 4809 2678 4834 ,
2701 4767 2755 4820 hi
2788 4769 2879 4838 qui
2911 4779 3030 4821 sunt
3061 4768 3407 4834 appellentur,
3447 4779 3494 4819 et
3538 4768 3697 4834 juxta

2124 4843 2359 4892 mmdem
2395 4842 2699 4906 Apostolum
2728 4840 2947 4906 elegisse
2982 4839 3141 4890 Deum
3174 4855 3233 4888 ea
3262 4854 3378 4900 qua:
3394 4854 3495 4906 non
3526 4848 3694 4901 erant,

2127 4921 2180 4960 ut
2227 4905 2516 4964 destrueret
2563 4927 2622 4961 ea
2676 4905 3010 4976 quisierant.
3049 4909 3300 4960 Basiliam
3351 4907 3442 4974 qui
3480 4905 3694 4974 legerit,

2125 4996 2248 5032 eum
2285 4980 2353 5034 ab
2387 4975 2716 5048 Hieronymo
2753 4978 2935 5046 impeti
2983 4978 3140 5030 facile
3179 4975 3294 5048 sibi
3327 4978 3695 5044 persuadebit.

2128 5052 2231 5101 Sed
2265 5051 2316 5102 id
2371 5049 2499 5102 facit
2553 5047 2826 5105 modeste.
2876 5048 3223 5115 prudenter,
3254 5047 3645 5115 circumspecte
3681 5065 3696 5099 ι

2128 5135 2286 5184 quam
2330 5119 2692 5185 redarguendi
2723 5113 2990 5171 rationem
3030 5114 3229 5170 imitari
3255 5116 3510 5168 debuerat
3532 5113 3694 5168 Bcza.

2125 5190 2436 5244 Fatebimur
2469 5206 2587 5249 nos,
2622 5188 2791 5241 videri
2853 5187 3103 5240 Basiliqu
3151 5201 3261 5238 rem
3296 5201 3403 5238 non
3440 5187 3571 5238 satis
3616 5197 3696 5235 at-

2128 5261 2382 5313 tendisse.
2442 5259 2790 5312 Arbitrantur
2863 5259 3042 5324 itaque
3075 5294 3092 5321 ,
3145 5253 3426 5310 Usserium
3479 5255 3694 5324 secuti,

2126 5329 2273 5381 l‘attli
2333 5328 2400 5382 ad
2449 5329 2710 5396 Ephesios
2769 5323 3059 5395 Epistulam
3108 5327 3418 5380 circularem
3488 5323 3693 5385 fuisse.

2123 5413 2286 5467 atque
2339 5413 2403 5451 ex
2447 5414 2600 5465 aequo
2650 5401 2716 5450 ad
2753 5412 2940 5450 onines
2972 5396 3309 5467 Asiteurbes
3347 5396 3691 5467 pertinuisse.

2128 5464 2261 5522 l-liiie
2297 5464 2522 5536 contigit
2545 5476 2601 5520 ut
2623 5468 2942 5536 simpliciter
2968 5466 3223 5536 inscripta
3253 5467 3341 5525 sit,
3369 5466 3482 5527 τοῖς
3515 5464 3693 5536 ἁγίοις

2123 5543 2236 5600 τοῖς
2265 5533 2400 5603 οὖσι,
2430 5548 2488 5591 ιιι
2533 5553 2655 5591 cum
2692 5533 3000 5590 mitteretur
3025 5538 3092 5589 ad
3130 5535 3288 5587 aliam
3329 5537 3514 5589 urbem
3546 5574 3560 5596 ,
3589 5534 3692 5586 alio

2127 5611 2344 5664 nomine
2379 5609 2789 5662 inscriberetur.
2810 5607 2920 5660 lloc
2949 5607 3000 5658 in
3032 5621 3192 5660 causa
3226 5605 3344 5665 fuit,
3373 5615 3431 5656 ut
3455 5606 3689 5664 videtur,

2124 5695 2223 5734 cur
2261 5679 2460 5731 Marcio
2508 5678 2791 5745 epistolam
2841 5691 2959 5730 eam
2983 5691 3104 5743 qua:
3148 5675 3213 5728 ad
3246 5674 3507 5743 Ephesios
3529 5676 3690 5745 missa

2127 5749 2320 5812 fuerat,
2356 5742 2571 5802 nomine
2611 5746 2859 5814 Epistolze
2894 5745 2961 5799 ad
3003 5742 3340 5800 LaodicenOs
3361 5745 3510 5814 citet.
3549 5742 3692 5811 Lege

2128 5817 2513 5873 Tertullianqu
2560 5817 2613 5870 in
2646 5815 2967 5871 Marcionem
3007 5817 3098 5870 lib.
3137 5829 3190 5874 ν,
3217 5830 3334 5886 cap.
3371 5813 3458 5877 Η,
3483 5825 3540 5867 et
3573 5829 3693 5866 rur-
