4002 6408
314 435 418 489 813

1391 436 1757 491 ADVERSUS
1793 435 2156 493 EUNOMIUM
2198 437 2326 491 LIB.
2370 438 2431 490 ll.

3433 439 3535 490 οη

318 549 671 624 ραδεδώκασι,
702 553 794 603 καὶ
830 554 988 622 ἡμεῖς
1022 554 1077 605 ὲν
1140 556 1243 616 τοῖς
1297 554 1544 617 παλαιοῖς
1578 554 1683 607 τῶν
1730 555 1872 606 ἀντι-

2002 555 2112 608 ervi
2143 551 2344 609 Christi
2379 552 2662 622 participes
2698 561 2824 605 sunt
2859 554 3215 622 appellatione
3250 552 3413 607 Deum
3448 570 3535 605 no-

313 641 541 712 γράφων
564 640 893 711 εὑρήκαμεν.
951 644 1010 694 '0
1035 644 1089 696 δὲ
1121 644 1240 695 οὐδὲ
1266 639 1333 714 ἦς
1362 643 1473 713 (58)
1501 648 1550 698 οἱ
1583 645 1757 698 δοῦλοι
1779 643 1872 697 τοῦ

315 730 551 803 Χριστοῦ
575 734 941 804 προσηγορίας
973 734 1306 804 μετέχουσιν,
1334 735 1454 788 οὐδὲ
1483 736 1684 806 ταύτης
1714 735 1878 799 dett?)-

318 840 405 875 σαι
474 821 566 874 τὸν
614 822 743 874 θεὸν
808 823 961 893 ἡμῶν
1004 823 1287 893 ἠνέσχετο,
1336 824 1471 877 ἀλλὰ
1528 826 1615 879 τὸν
1671 827 1734 879 ὲκ
1785 826 1875 879 τοῦ

319 914 393 985 μὴ
423 913 573 976 ὄντος
604 915 682 975 εἰς
726 913 784 966 τὸ
828 911 965 968 εἶναι
1007 917 1393 985 παραγαγόντα
1422 917 1521 985 τὴν
1565 917 1760 981 κτίσιν,
1806 916 1878 986 μὴ

316 1005 442 1058 ὄντα
480 1008 758 1077 προσεῖπε.

322 1100 599 1169 σεμνύνειν
645 1102 734 1154 τὸν
766 1101 962 1173 Κύριον
994 1104 1121 1171 (59).

390 1193 547 1245 ΕΥΝ.
591 1194 664 1245 Οὑ
711 1195 1137 1265 κοινοποιούμεν,
1196 1197 1359 1267 φησι,
1404 1196 1494 1249 τοῦ
1542 1196 1878 1264 Μονογενοῦς

319 1284 414 1354 τὴν
447 1284 631 1337 ούσίαν
673 1284 807 1354 πρὸς
834 1286 899 1338 τὰ
931 1288 993 1338 ὲκ
1037 1288 1109 1358 μὴ
1133 1288 1296 1341 όντων
1329 1288 1613 1358 γενόμενα,
1651 1288 1877 1360 ἐπείπερ

318 1378 418 1430 οὑκ
446 1377 600 1429 ούσία
625 1377 686 1429 τὸ
738 1378 810 1447 μὴ
857 1378 915 1430 ὃν
939 1394 952 1407 ’
988 1378 1125 1432 ἀλλά
1170 1378 1435 1446 τοσαύτην
1466 1380 1613 1449 αὐτῷ
1644 1379 1877 1449 νέμομεν

320 1471 417 1539 τὴν
446 1469 736 1539 ὑπεροχὴν,
764 1470 893 1537 ὅσην
926 1469 1070 1539 ἔχειν
1099 1472 1391 1539 ἀναγκαῖον
1416 1471 1523 1523 τῶν
1560 1472 1704 1524 ἰδίων
1729 1488 1884 1541 ποιη-

323 1558 507 1628 μάτων
540 1558 629 1628 τρν
655 1558 904 1627 ποιητήν.

390 1647 537 1699 ΒΑΣ.
568 1622 672 1699 Κιά
716 1622 1222 1700 των-κατασκευῶν
1275 1650 1353 1711 εἰς
1384 1647 1539 1701 τοῦτο
1586 1649 1675 1701 τὸν
1731 1647 1884 1714 λόγον

321 1737 680 1809 προαγαγὼν,
741 1736 820 1807 τῷ
878 1739 1077 1808 ῥήματι
1132 1738 1288 1808 δῆθεν
1364 1738 1881 1809 φιλανθρωπεύεται,

1982 652 2153 697 strum
2188 642 2351 697 voluit
2376 642 2733 695 cohonestare
2771 660 2783 693 :
2822 643 2914 695 sed
2943 656 3087 706 eum,
3127 642 3216 711 qui
3252 657 3318 696 ex
3370 641 3539 695 nihilo

1983 736 2048 787 ad
2076 750 2186 788 esse
2212 743 2489 787 creaturas
2516 733 2789 801 produxit,
2839 748 2939 784 non
2978 733 3324 787 exsistentem
3360 732 3541 801 appel-

1983 824 2133 877 lavit.
2166 824 2270 877 Sed
2298 824 2477 890 quivis
2509 823 2633 876 inde
2659 823 2827 891 magis
2856 822 3103 875 didicerit
3146 822 3264 889 ejus
3300 833 3543 876 contem-

1988 924 2162 983 ptum,
2196 914 2336 966 unde
2369 914 2622 966 decorare
2656 927 2714 967 se
2755 911 3034 965 Dominum
3073 913 3312 965 simulat.

822 1007 987 1060 Πλέον
1049 1008 1094 1061 δ’
1143 1011 1207 1062 ἄν
1270 1027 1353 1072 τις
1408 1009 1569 1063 αὑτοῦ
1614 1009 1710 1081 τὴν
1772 1006 2173 1077 καταφρόνησιν
2226 1006 2559 1076 καταμάθοι,
2616 1006 2673 1071 ἐξ
2709 1001 2781 1060 ὧν
2821 1008 3192 1079 προσποιεῖται
3223 1006 3380 1078 δῆθεν
3407 1007 3542 1059 ἀπο-

2060 1187 2192 1241 Ευκ.
2219 1186 2581 1241 Substantiam
2628 1184 2919 1253 Unigeniti,
2948 1186 3137 1253 inquit,
3176 1201 3279 1239 non
3313 1186 3543 1243 facimus

1984 1292 2320 1333 communem
2379 1277 2442 1331 iis
2476 1292 2592 1345 qua:
2622 1294 2685 1331 cx
2731 1278 2896 1333 nihilo
2940 1279 3075 1332 facta
3142 1288 3288 1330 sunt.
3332 1278 3543 1333 Etenim

1983 1369 2285 1423 substantia
2342 1385 2443 1424 non
2480 1377 2561 1423 est
2595 1371 2735 1436 quod
2781 1386 2884 1424 non
2939 1378 3023 1424 est
3060 1386 3073 1423 :
3113 1372 3204 1423 sed
3253 1380 3453 1424 tantam
3494 1374 3541 1426 ei

1982 1460 2351 1529 praestantiam
2390 1461 2695 1523 tribuimus,
2727 1470 2979 1530 quantam
3022 1475 3242 1515 necesse
3275 1472 3360 1515 est
3383 1477 3545 1517 crea-

1980 1555 2152 1602 torem
2188 1562 2295 1615 pra:
2326 1548 2439 1601 suis
2468 1548 2635 1617 ipsius
2663 1548 2926 1602 creaturis
2973 1550 3192 1604 habere.

2058 1638 2182 1692 Bas.
2213 1638 2568 1708 Posteaquam
2597 1642 2931 1709 argumentis
2972 1643 3083 1696 suis
3114 1644 3217 1696 huc
3249 1642 3545 1697 orationem

1989 1730 2228 1791 deduxit,
2259 1729 2542 1783 humanior
2575 1730 2765 1793 factus,
2801 1734 2962 1785 verbo
2984 1733 3208 1797 scilicet,
3239 1735 3311 1787 ait
3334 1747 3391 1788 se
3420 1732 3551 1788 Uni-

321 1822 414 1874 καί
449 1838 599 1890 φησι,
637 1820 710 1890 μὴ
750 1824 1070 1874 κοινοποιεῖν
1104 1823 1239 1892 πρὸς
1270 1822 1337 1874 τά
1387 1825 1450 1875 ὲκ
1480 1822 1552 1892 μὴ
1592 1822 1757 1875 ὄντων
1788 1824 1885 1891 τὴν

2000 1820 2154 1890 geniti
2180 1821 2540 1875 substantiam
2586 1822 2653 1874 iis
2689 1838 2806 1890 quae
2837 1837 2902 1877 ex
2943 1823 3111 1877 nihilo
3145 1833 3289 1887 sunt,
3325 1839 3431 1879 non
3469 1825 3551 1876 fa-

319 1912 504 1967 οὐσίαν
543 1912 635 1965 τοῦ
679 1913 1034 1980 Μονογενοῦς.
1067 1912 1257 1966 Καίτοι
1305 1917 1351 1966 εἰ
1380 1916 1407 1966 ὁ
1436 1913 1564 1976 Θεὸς
1590 1914 1698 1966 τῶν
1728 1913 1883 1979 ὅλων,

319 2006 405 2059 διά
458 2008 520 2058 τὸ
561 2007 850 2078 ἀγέννητος
901 2003 1071 2072 εἶναι,
1110 2010 1410 2076 ἀναγκαίαν
1465 2008 1577 2078 ἕχει
1626 2008 1723 2078 τὴν
1754 2007 1889 2075 πρὸς

322 2096 390 2149 τὰ
445 2098 672 2167 γεννητά
706 2098 1079 2169 παραλλαγὴν,
1121 2099 1188 2152 τὰ
1233 2101 1289 2153 δὲ
1339 2101 1573 2169 γεννητά
1600 2100 1891 2171 σύμπαντα

324 2188 504 2260 κοινὴν
552 2187 664 2258 ἔχει
726 2189 823 2259 τὴν
873 2192 936 2241 ὲκ
985 2189 1058 2259 μὴ
1085 2190 1250 2243 όντων
1288 2191 1395 2262 (40)
1436 2191 1749 2253 ὑπόστασιν,
1774 2189 1890 2253 πῶς

322 2280 443 2349 οὑχὶ
483 2280 790 2348 ἀναγκαίως
832 2279 1005 2334 ταῦτα
1045 2281 1185 2335 κατὰ
1212 2282 1308 2353 τὴν
1336 2283 1495 2352 φύσιν
1524 2282 1847 2336 συνάπτεται
1875 2297 1888 2344 ;

333 2371 421 2433 Ὦς
450 2372 557 2443 γὰρ
600 2373 715 2425 ἐκεῖ
742 2372 802 2425 τὸ
836 2373 1128 2443 ἀπρόσιτον
1159 2373 1267 2444 (Μ)
1290 2374 1522 2444 διίστησι
1549 2374 1646 2438 τάς
1680 2373 1915 2443 φύσεις..

322 2460 495 2525 οὕτως
520 2462 750 2515 ἐνταῦθα
768 2463 828 2515 τδ
852 2465 1110 2533 ὁμότιμον
1134 2466 1213 2527 εἰς
1237 2466 1429 2539 ταυτὸν
1479 2464 1727 2535 ἀλλήλοις
1774 2481 1893 2517 συν-

326 2556 472 2623 άγει.
519 2556 613 2609 Ἐκ
649 2555 723 2626 μὴ
762 2555 927 2609 όντων
949 2556 1003 2609 δὲ
1033 2556 1281 2624 λέγοντες
1323 2557 1413 2610 τὸν
1440 2558 1562 2611 Υἰὸν
1588 2556 1772 2611 καὶτὰ
1803 2558 1892 2610 ὑπ’

324 2646 487 2700 αὑτοῦ
542 2644 835 2716 γενόμενα,
888 2648 981 2701 καὶ
1032 2649 1458 2715 κοινοποιοῦντες
1520 2648 1699 2703 αὑτῶν
1756 2648 1895 2702 κατά

323 2737 483 2791 τοῦτο
518 2740 615 2811 τὴν
657 2740 845 2809 φύσιν,
878 2740 938 2793 οὑ
968 2757 1130 2810 φασιν
1157 2743 1347 2811 ὁμοίαν
1379 2742 1527 2813 αὐτῷ
1561 2742 1697 2813 πρὸς
1728 2741 1799 2795 τά
1832 2743 1894 2795 ὲκ

329 2830 405 2899 μὴ
442 2830 607 2882 όντων
644 2829 839 2885 διδόναι
863 2831 959 2901 τὴν
991 2832 1195 2885 οὑσίαν.
1226 2834 1334 2885 Καὶ
1358 2834 1464 2903 γάρ
1496 2829 1561 2886 αὖ
1594 2834 1686 2886 καὶ
1715 2832 1892 2895 τοῦτο,

326 2920 403 2983 ὼς
438 2921 596 2984 αὑτὸς
629 2922 828 2992 Κύριος
850 2922 945 2987 ὣν,
969 2924 1090 2976 ὅσον
1130 2922 1373 2993 βούλεται
1404 2924 1659 2997 παρέχειν
1684 2924 1791 2996 (42)
1820 2925 1897 2995 τῷ

328 3012 621 3081 Μονογενεῖ
670 3013 769 3083 τῆς
817 3014 999 3080 ἀξίας,
1045 3014 1185 3068 οὑτω
1231 3018 1460 3069 ποιεῖται
1506 3018 1633 3081 τοὺς
1687 3017 1894 3086 λόγους·

327 3102 608 3174 Τοσαύτην
651 3105 760 3176 γὰρ
792 3106 938 3174 αύτῷ
966 3105 1233 3176 νέμομεν,
1278 3106 1444 3177 φησὶ,
1478 3108 1578 3177 τὴν
1607 3107 1895 3178 ὑπεροχὴν,

1994 1925 2116 1965 cere
2150 1925 2511 1964 communem.
2540 1912 2701 1980 Atqui
2731 1913 2774 1967 si
2803 1911 2942 1967 Deus
2978 1912 3375 1981 universorum,
3407 1920 3550 1987 quod

1991 2001 2255 2071 ingenitus
2283 2011 2386 2067 est,
2439 2016 2469 2055 a
2514 2002 2708 2070 genitis
2739 2006 3070 2060 Lnecessario
3104 2006 3315 2073 ditl‘ert,
3371 2009 3551 2077 genita

1990 2104 2167 2146 autem
2196 2092 2375 2145 omnia
2407 2107 2749 2149 communem
2778 2093 2977 2149 habent
2999 2110 3063 2150 ex
3100 2097 3267 2151 nihilo
3288 2099 3553 2153 exsisten-

1995 2182 2142 2245 tiam,
2195 2196 2371 2236 nonne
2402 2186 2516 2236 haec
2554 2182 2694 2237 inter
2742 2198 2801 2237 se
2850 2194 3038 2239 natura
3081 2187 3389 2242 necessario
3422 2202 3554 2242 con-

1986 2268 2322 2339 iunguntur?
2376 2270 2836 2337 Quemadmodum
2891 2275 3031 2327 enim
3066 2274 3176 2329 illic
3220 2276 3552 2332 inaccessum

1991 2361 2248 2430 quiddam
2306 2360 2536 2431 seiungit
2599 2374 2817 2418 naturas
2870 2384 2883 2417 :
2950 2366 3023 2419 ita
3084 2365 3172 2420 hic
3227 2367 3553 2422 conditionis

1992 2453 2297 2521 aequalitate
2322 2455 2463 2508 inter
2484 2469 2543 2509 se
2564 2455 2613 2507 in
2641 2471 2803 2509 unum
2825 2466 2880 2511 et
2913 2457 3050 2511 idem
3082 2459 3425 2527 colliguntur.
3442 2460 3555 2514 Etsi

1995 2546 2138 2599 enim
2166 2544 2358 2598 Filium
2400 2556 2453 2600 et
2476 2561 2538 2601 ea
2573 2562 2693 2616 qua:
2724 2548 2792 2602 ab
2814 2549 2927 2617 ipso
2952 2549 3093 2605 facta
3114 2560 3258 2615 sunt,
3291 2552 3474 2608 dicant
3498 2569 3555 2608 se

1994 2651 2058 2690 ex
2092 2636 2277 2703 nihilo,
2301 2652 2595 2708 eorumque
2622 2649 2868 2693 naturam
2902 2642 3195 2696 secundum
3223 2643 3325 2695 hoc
3358 2642 3557 2696 faciant

1997 2743 2360 2793 conuuunem,
2394 2740 2589 2798 negant
2621 2739 2797 2784 tamen
2829 2746 2888 2785 se
2916 2731 2965 2786 ei
3012 2733 3371 2787 substantiam
3402 2732 3558 2788 factis

1996 2834 2062 2874 ex
2100 2820 2266 2874 nihilo
2296 2821 2453 2876 rebus
2480 2822 2711 2876 similem
2747 2822 3005 2879 tribuere.
3041 2823 3173 2879 Nam
3196 2839 3403 2889 rursus,
3436 2834 3556 2879 tan-

1998 2926 2155 2977 quam
2197 2911 2241 2966 si
2278 2912 2391 2981 ipsc
2426 2912 2685 2965 Dominus
2707 2913 2800 2977 sit,
2830 2923 2888 2966 ut
2916 2923 3174 2983 quantum
3210 2916 3325 2969 vult
3371 2914 3562 2984 imper—

2002 3004 2099 3057 tiat
2125 3004 2400 3072 dignitatis
2440 3004 2747 3074 Unigenito,
2780 3006 2861 3060 sic
2887 3006 3161 3075 loquitur:
3203 3006 3454 3072 Tantam,
3479 3008 3563 3061 in-

1999 3097 2136 3165 quit,
2165 3097 2452 3152 tribuimus
2486 3097 2533 3151 ei
2562 3096 2955 3161 excellentiam,
2982 3108 3183 3168 quanto
3226 3111 3562 3171 necesseest

326 3196 450 3248 ὅσον
478 3197 763 3268 ὑπερέχειν
788 3200 1080 3268 ἀναγκαῖον
1119 3201 1226 3253 τῶν
1275 3201 1420 3254 ἰδίων
1466 3202 1785 3272 ποιημάτων
1808 3202 1895 3254 τὸν

2006 3198 2310 3242 creatorem
2339 3188 2589 3259 proprias
2620 3200 2898 3244 creaturas
2925 3205 3198 3259 superare.
3232 3189 3346 3245 Non
3385 3190 3558 3244 dixit:

330 3288 575 3358 ποιητήν.
620 3290 731 3341 Οὑκ
754 3284 903 3349 εἷπε,
936 3290 1350 3361 Κατειλήφαμεν
1376 3292 1409 3361 ἢ
1438 3290 1729 3361 δοξάζομεν
1761 3290 1891 3361 (45).

329 3380 405 3443 ὡς
440 3380 533 3433 ἐπὶ
574 3379 707 3432 Θεοῦ
753 3380 1023 3450 προσῆκον
1056 3377 1123 3447 ἦν
1147 3398 1161 3411 ’
1194 3381 1361 3447 ἀλλά,
1395 3382 1667 3453 Νέμομεν,
1701 3382 1773 3444 ὡς
1800 3384 1895 3434 αὑ-

329 3474 423 3535 τὸς
450 3472 541 3526 τοῦ
574 3474 769 3543 μέτρου
797 3474 895 3543 τῆς
914 3474 1174 3543 διανομῆς
1196 3476 1499 3546 κατάρχων.
1527 3476 1704 3545 Πόσην
1727 3476 1784 3528 δὲ
1808 3476 1899 3528 καὶ

332 3565 513 3618 δίδωσι
550 3564 644 3632 τὴν
681 3564 983 3636 ὑπεροχήν,
1018 3568 1180 3620 Ὅσον
1209 3568 1492 3639 ὑπερέχειν
1534 3568 1677 3637 (44),
1715 3569 1896 3639 φησὶν,

332 3657 627 3722 ἀναγκαῖον
651 3656 758 3707 τῶν
794 3655 935 3709 ἰδίων
971 3660 1287 3735 ποιημάτων
1320 3659 1409 3710 τὸν
1447 3660 1694 3727 ποιητήν.
1738 3656 1901 3710 Οὔπω

334 3748 489 3801 τοῦτο
524 3749 619 3817 τῆς
648 3746 787 3801 κατὰ
820 3747 917 3817 τὴν
946 3748 1131 3801 οὑσίαν
1164 3750 1423 3819 διαφορᾶς
1462 3750 1562 3818 τὴν
1598 3750 1901 3821 μαρτυρίαν

336 3839 468 3911 ἔχει.
504 3840 812 3910 ’Ἄνθρωποι
846 3841 953 3911 γὰρ
982 3840 1144 3913 τέχνῃ
1180 3842 1277 3911 μὲν
1316 3842 1638 3913 ὑπερέχουσι
1683 3843 1789 3894 τῶν
1823 3845 1901 3895 οἰ-

337 3931 501 3985 κείων
537 3930 729 4002 έργων,
765 3931 1037 4002 όμοούσιοι
1085 3933 1142 3985 δὲ
1172 3934 1320 4003 ὅμως
1351 3934 1532 3997 αὑτοῖς
1562 3932 1901 4003 καθεστήκα-

340 4038 457 4075 σιν’
490 4021 563 4085 ὡς
590 4024 619 4073 ὁ
662 4024 936 4093 κεραμεὺς
980 4021 1057 4093 τῷ
1086 4022 1241 4093 πηλῷ
1260 4062 1275 4086 ,
1303 4024 1396 4077 καὶ
1435 4024 1463 4076 ό
1494 4022 1767 4093 ναυπηγὸς
1797 4024 1905 4086 τοῖς

341 4112 534 4179 ξύλοις.
572 4111 807 4185 Σὼματα
843 4114 949 4187 γάρ
989 4113 1187 4186 ὁμοίως
1213 4115 1518 4187 ἀμφότερα,
1554 4114 1650 4168 καὶ
1676 4114 1905 4186 αἰσθητὰ

339 4206 561 4275 ὁμοίως,
584 4206 677 4259 καὶ
698 4208 878 4276 γήινα.

410 4296 499 4351 20.
543 4298 804 4351 Τοσοῦτον
840 4298 895 4351 δὲ
920 4298 997 4368 τῷ
1028 4300 1140 4369 ΥΞῷ
1172 4299 1306 4370 πρὸς
1326 4299 1423 4371 τὴν
1448 4300 1624 4352 κτίσιν
1647 4299 1707 4351 τὸ
1729 4298 1909 4368 διάφο-

345 4405 434 4458 ρον
469 4390 782 4461 συγχωρῶν,
824 4391 922 4461 ἤδη
970 4392 1062 4444 καὶ
1096 4392 1224 4462 περί
1261 4390 1431 4464 αὐτὴν
1457 4391 1555 4462 τὴν
1581 4390 1787 4443 ἔννοιαν
1817 4390 1907 4443 τοῦ

343 4480 677 4548 Μονογενοῦς
702 4485 1011 4552 κακουργεῖ.

416 4571 573 4624 ΕΥΝ.
612 4572 707 4625 Διὰ
747 4573 904 4625 τοῦτο
949 4572 1057 4645 γάρ
1079 4614 1093 4637 ,
1124 4573 1289 4644 φησὶ,
1328 4575 1668 4647 Μονογενὴς,
1700 4575 1903 4645 ἐπειδὴ,

349 4666 505 4735 μόνος
559 4664 706 4734 παρά
748 4665 907 4733 μόνου
935 4668 1000 4735 τῇ
1045 4664 1137 4717 τοῦ
1178 4665 1288 4735 (45)
1340 4667 1633 4736 ἁγεννήτου
1684 4666 1908 4735 δυνάμει

347 4757 623 4827 γεννηθεὶς
649 4757 742 4809 καὶ
782 4757 1037 4819 κτισθείς,
1077 4756 1408 4822 τελειότατος
1437 4758 1658 4826 γέγονεν
1697 4759 1912 4829 ὑπουρ-

346 4848 463 4918 γός.

362 4982 456 5019 sus
482 4980 599 5033 cap.
635 4966 720 5019 l7.
776 4963 881 5018 Nec
912 4964 1103 5017 mirum
1136 4965 1179 5017 si
1218 4964 1365 5017 Pauli
1424 4964 1648 5033 epistola
1708 4980 1901 5019 nomen

346 5038 598 5102 Epistula:
661 5037 725 5087 ad
794 5034 1053 5103 Ephesios
1116 5037 1423 5095 retinuerit.
1473 5051 1593 5087 cum
1637 5033 1900 5101 Ephesus,

347 5121 467 5177 quae
501 5108 661 5157 totius
692 5104 830 5156 Asite
864 5105 1173 5177 metropolis
1191 5114 1305 5177 est,
1328 5120 1487 5177 suum
1511 5106 1557 5159 ei
1586 5118 1776 5158 nomen
1804 5122 1902 5171 po-

356 5174 462 5232 ιῖιις
492 5191 649 5241 quam
682 5177 805 5226 urbs
826 5175 926 5226 alia
952 5176 1091 5241 dare
1122 5174 1385 5227 debuerit.

348 5314 381 5371 ᾗ
421 5239 531 5316 (58)
564 5246 700 5298 Editi
738 5245 795 5297 '0
824 5244 901 5308 δὲ,
942 5239 1027 5315 ἧς.
1064 5245 1282 5313 Antiqui
1324 5258 1416 5297 sex
1450 5243 1568 5295 libri
1607 5244 1664 5295 '0
1706 5244 1764 5297 δὲ
1794 5243 1913 5296 οὑδὲ

373 5354 434 5388 ὁδ’

422 5386 532 5455 (39)
563 5385 740 5439 (.odex
766 5399 903 5438 unus
929 5383 1441 5455 dnoosnvdvswabv
1477 5383 1627 5439 Υἰόν.

342 5480 343 5489 ι
424 5454 533 5527 (ιθ)
566 5458 773 5527 Ιάιιῆιίρι
804 5470 939 5508 unus
971 5471 1070 5508 tns.
1112 5458 1174 5507 ἐκ
1211 5454 1285 5526 μὴ
1320 5454 1490 5515 ὄντος.
1532 5456 1633 5508 Alii
1678 5456 1913 5524 quinque

352 5524 462 5582 mss
507 5529 569 5577 ἐκ
602 5525 673 5593 μὴ
706 5524 890 5576 ὄντων.

426 5596 667 5665 (inlita.
707 5593 943 5665 Ὠςγάμ
976 5605 1105 5661 etc.,
1155 5609 1281 5661 puto
1303 5595 1470 5663 accipi
1514 5594 1593 5646 sic
1646 5596 1843 5649 debere
1889 5610 1903 5646 :

353 5664 805 5733 Qtteutndmodum
840 5664 995 5717 Pater
1021 5676 1073 5718 ct
1108 5677 1371 5718 creatur-.1:
1400 5667 1513 5717 ideo
1540 5672 1730 5716 natura
1767 5666 1910 5718 inter

353 5738 709 5794 aediderunt,
736 5737 875 5802 quod
906 5733 1077 5788 Patris
1110 5747 1301 5787 natura
1329 5736 1631 5787 communis
1648 5750 1765 5788 esse
1802 5750 1908 5788 non

354 5808 521 5874 possit
550 5807 813 5858 creaturis
843 5821 856 5855 :
889 5805 984 5874 ita.
1012 5818 1075 5857 ex
1115 5806 1380 5859 sententia
1425 5806 1906 5865 Eunomianortttn,

356 5873 522 5931 Filius
546 5883 600 5930 et
627 5883 889 5929 creaturae
927 5873 1045 5929 ideo
1083 5883 1274 5927 natura
1309 5875 1450 5929 inter
1480 5890 1536 5929 se
1565 5876 1906 5940 convenient,

2000 3278 2369 3347 Cencipimus,
2417 3289 2508 3335 aut
2548 3281 2855 3349 opinamur,
2904 3282 3043 3337 sicut
3078 3297 3173 3353 par
3217 3289 3335 3337 erat
3357 3282 3425 3337 de
3455 3282 3563 3338 Deo

2000 3370 2178 3424 dicere
2209 3389 2221 3423 :
2248 3370 2361 3434 sed,
2404 3371 2733 3436 Trihuimus,
2760 3374 2910 3441 quasi
2943 3388 3193 3429 mensura
3227 3372 3564 3429 distributio-

2000 3461 2082 3514 nis
2111 3474 2274 3528 penes
2296 3462 2467 3529 ipsum
2486 3462 2573 3515 sit.
2598 3461 2864 3526 Quantam
2891 3479 3016 3518 vero
3042 3464 3288 3519 concedit
3306 3472 3565 3533 przestan-

2002 3552 2167 3605 tiam?
2194 3552 2421 3619 Quanta,
2450 3554 2655 3623 inquit,
2690 3569 2910 3610 necesse
2960 3565 3043 3611 est
3091 3566 3398 3611 creatorem
3437 3572 3564 3625 pro-

2000 3643 2151 3708 prius
2184 3656 2461 3699 creaturas
2492 3646 2836 3701 antecellere.
2860 3646 3104 3702 Nondum
3138 3649 3243 3703 hoc
3273 3648 3563 3702 diversita-

2003 3742 2109 3787 tem
2134 3734 2449 3791 substantia:
2472 3735 2735 3793 declarat.
2761 3736 3013 3793 Homines
3035 3740 3177 3792 enim
3210 3748 3327 3793 arte
3348 3738 3566 3807 quidem

2003 3836 2263 3896 superant
2296 3844 2392 3884 sua
2424 3830 2659 3897 ipsorum
2684 3844 2867 3899 opera,
2890 3840 2942 3883 et
2972 3838 3146 3884 tamen
3174 3828 3419 3883 eamdem
3443 3843 3565 3881 cum

2005 3920 2081 3973 eis
2108 3920 2305 3975 habent
2336 3921 2721 3983 substantiam,
2754 3930 2811 3974 ut
2843 3919 3031 3990 ﬁgulus
3072 3935 3192 3973 cum
3222 3919 3357 3981 luto,
3391 3931 3448 3972 ut
3473 3935 3569 3972 na-

2008 4012 2087 4065 vis
2118 4010 2410 4066 fabricator
2430 4028 2552 4065 cum
2586 4010 2764 4078 lignis.
2801 4008 3039 4080 Utraque
3079 4009 3222 4065 enim
3264 4020 3386 4066 sunt
3418 4010 3568 4065 simi-

2009 4099 2130 4156 liter
2161 4117 2414 4173 corpora,
2440 4102 2716 4158 sensibilia
2750 4102 2953 4172 pariter
2977 4112 3031 4156 et
3059 4111 3297 4156 terrena.

2080 4303 2168 4358 20.
2194 4304 2480 4372 Postquam
2517 4316 2695 4359 autem
2732 4302 2869 4358 Filio
2899 4302 3171 4357 concessit
3198 4301 3567 4356 diversitatem

2012 4406 2212 4449 tantam
2250 4412 2279 4449 a
2319 4395 2605 4455 creaturis.
2649 4394 2760 4462 jam
2796 4403 2853 4449 et
2886 4394 2938 4447 in
2967 4395 3138 4463 ipsam
3174 4391 3443 4461 Unigeniti
3475 4408 3573 4447 no-

2016 4488 2210 4541 tionem
2244 4486 2473 4558 maligne
2501 4487 2631 4555 agit.

2086 4578 2218 4634 Eux.
2256 4577 2390 4632 Nam
2432 4579 2653 4643 idcirco,
2690 4577 2888 4645 inquit,
2922 4576 3243 4647 Unigenitus
3276 4584 3393 4640 est,
3436 4589 3573 4646 quo-

2018 4670 2158 4723 niam
2185 4668 2332 4725 solus
2361 4684 2388 4721 a
2422 4668 2535 4722 solo
2558 4670 2795 4736 potentia
2837 4669 3058 4737 ingeniti
3083 4668 3299 4737 genitus
3330 4676 3384 4723 et
3410 4683 3567 4723 crea-

2018 4773 2125 4825 tus,
2151 4761 2574 4829 perfectissimus
2604 4760 2777 4815 factus
2803 4770 2887 4814 est
2922 4760 3187 4815 minister.

2013 4966 2153 5033 quod
2189 4966 2425 5036 ejusdem
2456 4967 2782 5020 conditionis
2804 4964 3250 5036 participessint.
3298 4964 3420 5021 Mox
3450 4966 3580 5020 editi

2014 5048 2067 5089 et
2093 5046 2201 5089 tres
2223 5035 2374 5089 mss.
2414 5045 2659 5089 recentes
2688 5036 2936 5105 ἀλλήλοις
2986 5035 3270 5089 συνάπτει.
3304 5036 3412 5089 Alii
3447 5051 3582 5104 quu-

2020 5118 2139 5160 tunr
2170 5120 2298 5159 tttss.
2326 5106 2658 5172 antiquiores
2690 5105 2938 5173 ἀλλήλοις
2971 5106 3213 5173 συνάγει.

2088 5175 2194 5241 (42)
2226 5174 2335 5239 Reg
2419 5187 2640 5246 quartus
2688 5173 2935 5246 παρέχει.
2981 5177 3082 5228 Alii
3109 5189 3395 5246 tnss.cum
3421 5173 3585 5246 editis

2016 5246 2297 5314 παρέχειν,
2332 5242 2499 5314 recte.
2556 5242 2905 5300 Construciio
2953 5247 3096 5300 enim
3148 5242 3581 5314 verborum‘haat:

2012 5310 2132 5367 esse
2164 5310 2326 5386 debet
2358 5332 2371 5366 :
2396 5312 2490 5386 ('2in
2506 5314 2707 5385 Κύριος
2733 5315 3014 5386 παρέχειν,
3040 5330 3156 5386 seu,
3186 5312 3281 5386 τοῦ
3315 5310 3583 5386 παρέχειν

2011 5386 2131 5437 ὅσον
2163 5383 2405 5455 βούλεται
2426 5384 2501 5453 τῷ
2530 5382 2843 5453 Μονογενεῖ,
2871 5382 3022 5455 quasi
3062 5384 3130 5436 sit
3172 5383 3427 5436 Dominus
3454 5449 3464 5455 _
3488 5382 3582 5433 tri-

2012 5449 2198 5507 buendi
2232 5449 2503 5522 Unigem‘to
2536 5449 2739 5507 tantum
2768 5449 3060 5523 dignitatis,
3100 5464 3351 5519 quantum
3378 5449 3507 5523 vult.

2085 5524 2197 5589 (43)
2235 5521 2427 5577 Verte:
2471 5524 2593 5578 Non
2624 5526 2783 5589 dixit,
2814 5521 3132 5583 concipimus
3172 5532 3263 5575 aut
3312 5521 3580 5589 gloriﬁca-

2008 5612 2141 5647 mus.
2180 5594 2387 5647 ΜΑιιΑΝ.

2010 5734 2033 5747 α
2079 5664 2190 5735 (Mi
2226 5665 2361 5717 Edtti
2398 5666 2529 5735 ὅσην
2559 5664 2864 5737 ὑπερέχειν.
2902 5662 3123 5733 Antiqui
3166 5672 3400 5731 quatuor
3459 5661 3578 5715 libri

2007 5751 2149 5787 οσον.

2074 5804 2196 5884 (45)
2240 5804 2696 5884 Regii_sec_umlns
2748 5814 2802 5857 et
2859 5805 3055 5884 tertius.
3082 5803 3286 5881 ἐπειδὴ,
3321 5802 3489 5884 μόνος⁸
3513 5803 3581 5871 τῇ

2009 5869 2101 5927 τοῦ
2132 5892 2144 5926 ;
2180 5869 2350 5939 quani
2400 5876 2684 5929 lectionem
2722 5885 2941 5931 secutus
2985 5875 3154 5931 fuisse
3206 5869 3415 5929 Videtur
3448 5869 3582 5924 Tra'é
