4002 6408
481 362 585 417 615

1793 373 1851 426 S.
1894 372 2138 429 BASlLll
2182 379 2395 439 MAGNI

3615 388 3725 443 616

548 480 671 536 Bas.
704 478 897 549 Ignoro
924 482 1051 551 quid
1081 498 1269 538 eorum
1306 499 1425 555 quae
1456 485 1612 547 dixit,
1641 500 1887 556 oporteat
1923 507 2010 546 mo

2112 546 2114 556 .
2216 501 2362 555 ΒΑΣ.
2402 503 2515 555 υῦκ
2562 496 2678 555 οἶδα
2707 501 2841 571 πρὸς
2894 502 2922 553 δ
2956 519 3009 553 τι
3039 502 3143 573 χρὴ
3178 502 3337 555 πλέον
3362 504 3470 557 τῶν
3496 509 3701 579 είρημέ

478 575 665 630 lestius
712 574 875 639 ferre,
928 587 1107 630 utrum
1140 578 1456 642 versutiam,
1509 594 1670 648 quam
1702 582 1844 635 circa
1881 582 2044 654 256

478 682 670 722 nomen
728 664 1001 735 Unigeniti
1039 669 1271 739 maligne
1322 671 1676 741 excogitavit,
1709 682 1816 726 tam
1847 685 2042 743 praeter

475 758 753 813 hominum
779 761 1253 825 consuetudinem,
1287 777 1448 829 qnam
1496 772 1693 832 praeter
1721 764 1862 831 piam
1897 765 2040 819 Scri-

474 858 753 916 pturarum
787 849 1125 903 traditionem
1150 865 1368 904 sensum
1416 850 1561 905 illius
1588 855 1857 919 accipiens
1887 854 2043 925 (Uni-

472 936 685 1006 genitus
713 937 856 991 enim
905 953 1009 992 non
1050 938 1138 1007 qui
1181 953 1209 991 a
1257 940 1372 994 solo
1415 941 1612 1001 lactus.
1654 945 1749 997 sed
1778 945 1867 1012 qui
1893 945 2041 1000 solus

472 1028 689 1097 genitus
718 1038 822 1093 est,
857 1030 909 1084 in
942 1030 1216 1083 communi
1266 1046 1361 1084 usu
1397 1033 1757 1106 appellatur);
1794 1052 1860 1090 an
1886 1053 2041 1092 crea-

476 1125 606 1176 turae
636 1120 1049 1190 blasphemiam,
1087 1137 1247 1190 quam
1302 1124 1424 1177 data
1470 1140 1633 1193 Opera
1671 1128 1789 1181 voci
1835 1130 2039 1197 genitus

466 1213 748 1282 wnjunxit
783 1231 797 1267 :
832 1223 889 1268 ut
920 1215 1163 1269 ostendat
1191 1216 1354 1285 geniti
1380 1219 1794 1289 appellationem
1830 1222 2039 1278 ratione

466 1304 637 1359 nihilo
666 1306 1039 1373 praestantiore
1068 1304 1296 1361 Domino
1334 1310 1521 1373 tribui,
1553 1328 1713 1380 quam
1746 1316 2032 1369 creaturis:

464 1400 558 1451 sed
586 1399 726 1452 sicut
748 1397 875 1452 illud
910 1414 925 1450 :
964 1396 1134 1453 Filios
1166 1403 1322 1470 genui
1350 1412 1397 1455 et
1424 1405 1649 1459 exaltavi
1678 1407 1725 1437 "
1752 1425 1764 1461 :
1795 1406 1921 1461 illud
1945 1409 2035 1461 iti-

463 1493 582 1544 dem
611 1508 627 1547 :
662 1489 835 1545 Filius
856 1493 1226 1562 primogenita:
1268 1511 1412 1548 meus
1450 1495 1619 1550 Israel
1643 1499 1721 1563 ⁷⁷;
1770 1499 1840 1551 ita
1872 1501 2032 1553 etiam

462 1582 746 1637 Dominum
780 1583 977 1638 Filium
1015 1585 1348 1639 nominatum
1380 1603 1519 1651 esse,
1545 1605 1648 1643 non
1673 1593 1813 1658 quod
1841 1592 2035 1646 habeat

461 1692 652 1733 nomen
691 1692 855 1747 super
884 1692 1044 1731 omne
1078 1693 1272 1732 nomen
1308 1679 1374 1744 ⁷⁸,
1404 1685 1495 1734 sed
1546 1683 1689 1750 quod
1726 1684 1934 1753 pariter
1966 1699 2031 1739 ac

460 1767 667 1835 reliqua
700 1766 1119 1837 appellationem
1145 1778 1467 1821 consecutus
1497 1772 1586 1823 sit.
1622 1771 1690 1824 At
1731 1787 1858 1826 vero
1884 1773 1935 1826 hi
1964 1774 2029 1827 ad

2145 612 2248 645 νων
2280 595 2685 665 ἀγανακτῆσαι·
2721 596 2945 666 πότερον
2987 594 3075 646 διὰ
3118 594 3221 665 τὴν
3254 598 3612 668 πανουργίαν,
3662 601 3729 670 ἣν

2146 688 2271 755 περὶ
2307 687 2366 739 τὸ
2395 687 2564 758 ὄνομα
2615 688 2708 740 τοῦ
2743 686 3079 754 Μονογενοῦς
3126 687 3503 759 ἐκακούργησε
3525 730 3542 751 ,
3578 694 3730 761 παρά

2144 796 2203 831 τε
2232 781 2329 850 τὴν
2362 782 2470 833 τῶν
2505 780 2806 852 ἀνθρώπων
2839 781 3157 851 συνήθειαν,
3192 781 3286 834 καὶ
3326 782 3476 853 παρὰ
3503 781 3606 853 τὴν
3635 782 3729 836 εὖ-

2143 868 2269 937 σεϐῆ
2304 868 2410 920 τῶν
2448 870 2676 941 Γραφῶν
2714 870 3008 940 παράδοσιν
3052 870 3407 940 ἐκλαμϐάνων
3434 872 3605 925 αὐτοῦ
3630 875 3729 945 τὴν

2139 957 2373 1013 διάνοιαν
2411 962 2742 1033 (Μονογενὴς
2780 962 2887 1033 γὰρ
2933 962 3030 1032 οὑχ
3058 962 3085 1015 ὁ
3123 962 3273 1031 παρὰ
3301 965 3463 1033 μόνου
3494 968 3729 1035 γενόμε-

2139 1068 2247 1113 νος,
2300 1051 2414 1104 ἀλλ’
2444 1055 2473 1105 ὁ
2532 1054 2692 1123 μόνος
2745 1053 3044 1124 γεννηθεὶς,
3085 1055 3144 1106 ὲν
3188 1058 3252 1124 τῇ
3316 1059 3469 1126 κοινῇ
3526 1061 3727 1129 χρήσει

2140 1144 2661 1214 προσαγορεύεται)·
2721 1146 2752 1215 ἢ
2808 1146 2936 1214 περὶ
2989 1145 3087 1215 τῆς
3138 1145 3247 1216 (46)
3276 1146 3367 1199 τοῦ
3420 1147 3729 1217 κτίσματος

2141 1235 2507 1306 βλασφημίας,
2540 1238 2605 1307 ἢν
2649 1237 2959 1307 ἐξεπίτηδες
3009 1238 3211 1307 συνῆψε
3253 1238 3333 1308 τῷ
3366 1241 3690 1307 γεννηθείς
3712 1259 3723 1268 ’

2138 1328 2222 1379 ἴνα
2261 1327 2430 1401 δείξῃ,
2465 1331 2545 1384 ὅτι
2588 1331 2737 1383 οὐδὲν
2766 1330 3126 1401 διαφερόντως
3161 1330 3311 1401 παρὰ
3343 1331 3409 1384 τὰ
3443 1333 3727 1403 κτίσματα

2135 1420 2232 1489 τῆς
2260 1421 2353 1473 τοῦ
2381 1422 2735 1492 γεγεννῆσθαι
2764 1423 3131 1492 προσηγορίας
3154 1424 3371 1492 μέτεστι
3395 1424 3473 1494 τῷ
3489 1425 3688 1496 Κυρίῳ
3706 1443 3722 1456 -

2135 1507 2249 1558 ἀλλ’
2274 1506 2462 1581 ὥσπερ
2488 1509 2567 1573 τὸ,
2592 1511 2759 1576 Υἱοὺς
2781 1510 3077 1580 ἐγέννησα
3110 1512 3207 1564 καὶ
3236 1513 3474 1580 ὕψωσα.
3500 1516 3595 1567 καὶ
3630 1515 3719 1575 τδ,

2143 1598 2275 1663 Υἱὸς
2301 1601 2673 1667 πρωτότοκός
2699 1619 2818 1670 μου
2864 1602 3108 1669 Ἰσραήλ
3129 1620 3143 1633 ’
3176 1604 3316 1658 οὕτω
3349 1608 3443 1658 καὶ
3467 1607 3560 1658 τὸν
3590 1608 3714 1659 Κύ-

2136 1707 2247 1760 ριον
2290 1692 2332 1743 Υ
2345 1692 2418 1743 ἱὸν
2442 1692 2773 1762 ὠνομάσθαι,
2807 1696 2925 1765 οὐχὶ
2959 1696 3148 1766 ἔχοντα
3188 1697 3250 1750 τὸ
3270 1697 3440 1768 ὄνομα
3475 1698 3540 1751 τὸ
3572 1696 3720 1769 ὑπὲρ

2132 1781 2239 1831 πᾶν
2262 1780 2430 1851 ὄνομα
2451 1821 2465 1841 ,
2497 1782 2609 1835 ἀλλ’
2638 1783 2696 1847 ἐξ
2733 1785 2847 1836 ίσου
2874 1789 2984 1849 τοῖς
3015 1787 3194 1850 ἄλλοις
3215 1788 3314 1858 τῆς
3343 1789 3720 1860 προσηγορίας

458 1859 767 1915 Salomonis
808 1858 1100 1912 dictionem
1127 1858 1469 1929 confugiunt,
1515 1872 1678 1928 atque
1716 1863 1863 1919 illinc
1912 1874 2011 1919 tan-

2128 1872 2445 1936 ἀξιωθέντα.
2480 1876 2544 1927 Οἱ
2569 1875 2624 1928 δὲ
2655 1876 2788 1947 πρὸς
2821 1876 2917 1947 τὴν
2937 1877 3028 1929 τοῦ
3066 1878 3408 1949 Σολομῶντος
3432 1881 3717 1947 καταφεύο

457 1968 618 2020 quam
642 1966 706 2005 ex
738 1950 912 2018 aliqua
938 1965 1063 2004 arce
1090 1950 1247 2003 tidem
1277 1951 1563 2020 impetum.
1598 1952 1732 2007 Nam
1760 1958 2021 2024 quoniam

455 2060 521 2098 ex
549 2058 777 2113 persona
812 2043 1104 2111 Sapientiae
1148 2043 1349 2098 dictum
1380 2054 1463 2099 est
1494 2064 1507 2098 :
1551 2045 1804 2103 Dominus
1827 2050 2023 2103 creavit

455 2154 536 2191 me
562 2138 630 2201 7’,
670 2136 836 2192 licere
864 2137 969 2192 sibi
993 2136 1247 2191 arbitrati
1291 2146 1438 2201 sunt,
1482 2138 1764 2194 Dominum
1808 2151 2022 2196 creatu-

455 2246 568 2283 ram
613 2230 808 2284 dicere.
863 2229 972 2299 Ego
1013 2243 1142 2283 vero
1168 2242 1290 2284 cum
1327 2230 1490 2285 multa
1528 2233 1594 2286 de
1620 2233 1722 2287 hac
1752 2248 1885 2289 voce
1938 2235 2021 2288 di-

452 2337 574 2376 cere
603 2322 850 2385 haheam,
876 2323 1128 2392 primum,
1156 2323 1297 2391 quod
1319 2323 1485 2378 semel
1509 2325 1562 2378 in
1597 2334 1705 2379 tota
1737 2325 2018 2397 Scriptura

453 2425 708 2484 usurpata
737 2425 821 2471 est
857 2435 870 2468 :
931 2415 1132 2470 deinde
1166 2415 1311 2485 quod
1351 2417 1404 2470 in
1456 2416 1596 2472 libro
1622 2419 1865 2475 adhibita
1912 2432 2014 2488 est,

451 2509 600 2577 cujus
628 2522 818 2562 sensus
841 2523 945 2561 non
970 2522 1160 2577 parum
1185 2509 1464 2563 reconditu
1478 2525 1520 2572 r,
1544 2512 1742 2579 quique
1770 2526 1869 2581 per
1891 2528 2019 2582 pro-

452 2600 629 2655 verbia
664 2599 1052 2669 paraliolasque
1089 2609 1143 2655 et
1166 2615 1445 2655 sermones
1489 2602 1749 2658 obscuros
1788 2620 1851 2657 ac
1888 2607 2019 2660 aani-

449 2705 625 2765 gmata
655 2704 712 2747 ut
740 2693 1027 2763 plurimum
1068 2693 1332 2762 procedit,
1362 2695 1493 2748 adeo
1511 2694 1712 2749 utniliil
1744 2696 1899 2760 certi,
1938 2698 2018 2751 ni-

447 2786 520 2841 hil
551 2784 716 2853 possit
772 2783 1041 2852 perspicui
1097 2798 1166 2838 ex
1217 2797 1284 2837 eo
1338 2784 1600 2853 cxcerni;
1662 2784 1845 2841 dicere
1903 2788 2016 2843 haec

444 2880 656 2944 omitto,
681 2886 738 2930 ut
763 2891 829 2932 ne
855 2874 1188 2945 longioribus
1217 2876 1644 2945 digressionibus
1702 2880 2013 2946 protrabam

446 2985 767 3033 sermonem,
812 2969 1106 3038 praesertim
1160 2984 1281 3023 cum
1331 2969 1610 3037 inquisitio
1659 2985 1848 3025 eorum
1893 2986 2014 3040 qua:

443 3063 579 3116 male
610 3061 678 3116 ab
711 3061 839 3129 ipsis
887 3060 1155 3114 intellecta
1207 3072 1352 3123 sunt,
1413 3061 1466 3114 in
1526 3061 1700 3116 locum
1732 3066 2008 3131 proprium

443 3153 598 3208 nobis
633 3151 794 3206 dilata
821 3151 911 3213 sit,
953 3152 1003 3204 in
1040 3166 1145 3219 quo
1178 3152 1293 3205 inec
1324 3167 1537 3221 quoque
1567 3168 1715 3222 pars,
1744 3154 1853 3208 Deo
1902 3156 2009 3209 lar-

2124 1979 2277 2030 γουσι
2320 1963 2494 2027 λέξιν’
2528 1964 2779 2018 κάκεῖθεν
2804 2007 2819 2030 ,
2860 1965 3048 2037 ὥσπερ
3085 1968 3140 2033 ἐξ
3170 1968 3504 2040 ὀρμητηρίου
3536 1970 3711 2033 τινὸς.

2128 2053 2227 2124 τῆς
2260 2055 2492 2120 πίστεως
2526 2057 2939 2128 κατατρέχουσι.
2970 2059 3067 2111 Διὰ
3108 2059 3216 2130 γὰρ
3234 2060 3295 2112 τὸ
3316 2062 3378 2113 ὲκ
3408 2064 3711 2130 προσώπου

2129 2147 2229 2217 τῆς
2254 2148 2452 2215 Σοφίας
2481 2147 2729 2219 εἰρῆσθαι
2750 2148 2830 2211 τὸ,
2852 2150 3065 2217 Κύριος
3087 2150 3286 2204 ἕκτισέ
3307 2168 3383 2219 με
3405 2152 3539 2220 (47),
3569 2152 3713 2215 ἐξεῖ-

2130 2250 2216 2287 ναι
2267 2236 2447 2297 αὐτοῖς
2482 2237 2683 2307 κτίσμα
2738 2237 2913 2305 λέγειν
2939 2238 3029 2290 τὸν
3081 2238 3282 2310 Κύριον
3317 2241 3707 2312 ὑπειλήφασιν.

2144 2326 2281 2395 Ἐγὼ
2312 2328 2367 2380 δὲ
2396 2326 2565 2381 πολλὰ
2585 2328 2722 2399 ἔχων
2753 2334 2924 2384 εἰπεῖν
2951 2332 3076 2403 περὶ
3107 2332 3207 2395 τῆς
3234 2334 3418 2403 φωνῆς
3459 2335 3666 2403 ταύτης
3686 2352 3704 2364 ⁶

2130 2419 2341 2490 πρῶτον
2370 2420 2489 2491 μὲν,
2511 2421 2594 2475 ὅτι
2620 2422 2765 2488 ἅπαξ
2807 2425 2863 2475 ὲν
2903 2424 3101 2486 πάσαις
3134 2427 3253 2487 ταῖς
3282 2425 3524 2497 Γραφαίς
3549 2427 3708 2496 εἶρηο

2124 2528 2242 2565 ται·
2271 2511 2464 2576 ἔπειθ’,
2504 2514 2585 2566 ὃτι
2629 2513 2737 2583 (48)
2788 2515 2846 2567 ὲν
2873 2513 3036 2584 βίϐλῳ
3064 2513 3195 2567 πολὺ
3231 2516 3288 2567 τὸ
3314 2519 3705 2587 κεκρυμμένον

2120 2606 2217 2673 τῆς
2246 2603 2483 2669 διανοίας
2507 2605 2727 2677 ἐχούσῃ,
2763 2608 2855 2658 καὶ
2880 2605 2967 2658 διὰ
3000 2606 3307 2677 παροιμιῶν
3327 2624 3384 2660 τε
3401 2610 3494 2662 καὶ
3516 2627 3703 2681 παρα-

2121 2696 2289 2750 ϐολῶν
2336 2696 2431 2750 καὶ
2482 2697 2770 2750 σκοτεινῶν
2806 2697 2974 2765 λόγων
3013 2700 3106 2751 καὶ
3136 2700 3470 2769 αἰνιγμάτων
3516 2701 3595 2765 ὡς
3623 2706 3699 2756 τὰ

2120 2787 2289 2840 πολλὰ
2317 2788 2658 2861 προηγμένῃ.
2689 2788 2828 2841 ὥστε
2866 2788 3031 2858 μηδὲν
3049 2790 3529 2861 ἀναμφισϐήτητον
3556 2794 3697 2863 μηδὲ

2116 2882 2379 2951 τηλαυγὲς
2395 2884 2490 2936 ἀπ’
2511 2884 2679 2953 αὐτῆς
2714 2878 2854 2935 εἶναι
2876 2882 3059 2935 λαϐεῖν
3079 2901 3091 2914 ·
3118 2886 3356 2958 παρίημι
3372 2886 3574 2955 λέγειν,
3604 2889 3693 2941 [να

2118 2974 2191 3045 μὴ
2221 2975 2577 3046 μακροτέροις
2600 2975 2920 3037 ἐπεισοδίοις
2946 2976 3035 3027 τὸν
3062 2975 3216 3046 λόγον
3232 2977 3642 3048 ἀπομηκύναιμι
3672 2996 3688 3006 ο

2112 3064 2285 3126 ἄλλως
2312 3081 2370 3117 τε
2397 3065 2491 3118 καὶ
2512 3066 2570 3116 ὲν
2600 3065 2715 3135 tam
2738 3069 2887 3135 τόπῳ
2914 3065 3024 3136 (49)
3067 3067 3163 3137 τῆς
3190 3068 3315 3139 περὶ
3359 3067 3468 3119 τῶν
3498 3067 3688 3131 κακῶς

2114 3156 2296 3218 αὐτοῖς
2324 3156 2618 3226 νοηθέντων
2640 3156 2934 3222 ἐξετάσεως
2964 3160 3096 3228 ἡμῖν
3120 3159 3527 3230 ὑπερτεθείσης,
3561 3163 3617 3212 ὲν

441 3245 641 3313 giente,
666 3241 1088 3296 examinabitnr.
1124 3242 1201 3295 Ac
1228 3219 1467 3311 quidem—
1492 3219 1744 3298 dictionis
1768 3246 2008 3315 proposi-

2112 3250 2202 3301 καὶ
2222 3249 2379 3302 τοῦτο
2398 3219 2458 3301 τὸ
2477 3250 2661 3320 μέρος,
2682 3219 2815 3302 Θεοῦ
2831 3219 3079 3315 διδόντος,
3099 3219 3553 3323 διευθυνθήσεται.
3570 3220 3685 3308 Καὶ

440 3348 507 3389 tm
534 3335 821 3403 quemdam
850 3347 1068 3389 sensum
1095 3333 1258 3403 (quod
1290 3332 1509 3388 favente
1539 3333 1647 3389 Deo
1672 3336 1873 3390 dictum
1914 3338 2018 3391 sit?

440 3429 608 3482 multo
638 3428 810 3497 magis
845 3427 1120 3490 idoneum,
1158 3437 1206 3482 et
1241 3427 1332 3497 qui
1364 3427 1500 3482 nihil
1541 3426 1730 3482 aﬂ'erat
1762 3429 2011 3499 periculi»

437 3530 566 3589 puto
603 3534 668 3572 ex
706 3517 1055 3588 inquisitione
1080 3532 1439 3572 emersurum.
1469 3518 1687 3573 Interim
1720 3528 1895 3574 tamen
1923 3536 1986 3571 ne

437 3628 540 3681 que
574 3612 701 3667 illud
735 3612 951 3666 silentio
1000 3619 1423 3687 praetereamus,
1478 3612 1799 3682 interpretes
1845 3614 2008 3670 alioso

436 3706 526 3774 qui
556 3704 972 3760 convenientius
996 3702 1385 3758 Hebraicarum
1439 3719 1630 3759 vocum
1680 3707 2003 3761 sententiam

502 3822 548 3856 ⁷⁸
575 3822 672 3874 Isa.
709 3836 744 3880 ι,
771 3819 824 3872 2.
920 3819 961 3849 "
996 3817 1166 3871 Exod.
1198 3834 1273 3881 tv,
1297 3818 1386 3874 22.

433 3942 733 4013 pezuutius,
758 3954 878 4013 cum
914 3940 991 3992 sic
1026 3938 1285 4013 verterit:
1326 3935 1467 4013 Nam
1492 3938 1710 4013 idcirco
1742 3937 1997 4013 Unigeni-

430 4008 513 4068 ius
558 4020 652 4072 est,
694 4009 941 4079 quoniam
983 4011 1124 4061 solus
1176 4008 1395 4079 ingeniti
1454 4009 1644 4061 virtute
1691 4010 1894 4079 genitus
1948 4020 1998 4063 et

433 4091 657 4139 creatus.
706 4078 813 4133 Sed
870 4080 1007 4132 hanc
1058 4078 1561 4149 interpretationet‘u
1606 4078 1703 4142 iis,
1743 4094 1862 4147 qua:
1907 4094 1993 4134 se-

432 4162 692 4225 quuntur,
753 4149 937 4204 Basilii
984 4147 1160 4225 verbis
1211 4147 1620 4225 accommodari
1666 4164 1776 4225 non
1815 4164 1991 4225 posse,

432 4218 512 4279 vel
543 4237 686 4278 cceco
708 4230 949 4289 apparet.
1007 4219 1184 4290 Editio
1211 4218 1382 4273 Paris.
1419 4218 1606 4290 ἐπειδὴ
1643 4218 1791 4288 παρὰ
1830 4219 1989 4288 μόνου

434 4300 491 4367 τῇ
516 4292 630 4357 τοῦ,
659 4288 972 4347 θιείΕιιὶιὶο
1004 4288 1133 4367 ven.
1162 4300 1215 4367 et
1272 4289 1422 4367 Regii
1474 4288 1701 4367 primi-Is,
1738 4302 1987 4367 quartus,

428 4358 644 4446 quintus
694 4371 750 4416 et
803 4372 989 4446 sextus
1050 4360 1233 4429 ἐπειδὴ
1296 4360 1454 4446 μόνος
1502 4358 1650 4446 παρά
1701 4360 1890 4446 μόνον
1923 4364 1987 4430 τῇ

2099 3336 2256 3410 οἶμαί
2304 3358 2390 3409 γε,
2414 3342 2442 3393 ὅ
2468 3359 2517 3394 τι
2553 3342 2649 3393 σὺν
2692 3342 2809 3412 6εῴ
2847 3343 2902 3396 δὲ
2938 3343 3194 3414 εἰρήσθω,
3237 3345 3413 3416 πολλῷ
3458 3345 3685 3400 ἀκολου-

2102 3435 2328 3504 θοτέραν
2354 3434 2560 3487 ἔννοιαν
2592 3437 2688 3505 τῆς
2709 3436 3072 3505 προκειμένης
3102 3436 3317 3501 λέξεως,
3358 3438 3451 3489 καὶ
3474 3438 3679 3509 μηδένα

2101 3526 2348 3579 κίνδυνον
2372 3526 2641 3597 φέρουσαν
2680 3527 3116 3598 ἀναφανήσεσθαι
3134 3530 3201 3599 τῇ
3235 3529 3498 3594 ἐξετάσει.
3524 3530 3676 3592 Τέως

2108 3634 2165 3684 ίε
2199 3618 2303 3687 μὴν
2352 3617 2485 3687 μηδὲ
2525 3618 2701 3669 ἐκεῖνο
2736 3618 3197 3689 ἁπαρασήμαντον
3252 3621 3635 3691 καταλίπωμεν
3657 3641 3671 3652 ο

2094 3710 2180 3762 ὅτι
2211 3710 2321 3779 (50)
2351 3709 2498 3763 ἄλλοι
2524 3708 2632 3763 τῶν
2659 3711 2961 3781 ἑρμηνέων,
2996 3713 3044 3764 ol
3077 3711 3427 3784 καιοιώτερον
3453 3715 3551 3785 τῆς
3580 3732 3676 3783 an-

1466 3818 1510 3849 ⁷⁸
1544 3818 1772 3889 Philipp.
1822 3837 1879 3883 It,
1912 3820 1963 3875 9.
2038 3821 2084 3854 ¹¹⁹
2141 3822 2297 3875 Prov.
2361 3838 2500 3887 vui,
2564 3822 2653 3876 2‘2.

2098 3939 2355 4011 Hexaplis
2419 3942 2796 4009 cognoscimus
2830 3982 2844 4004 ,
2899 3957 3127 4010 quorum
3176 3943 3667 4011 interpretationem

2097 4010 2503 4086 ltic‘ascribere
2545 4012 2933 4086 non__pigebit._
2958 4014 3179 4086 Aquilus
3226 4010 3386 4086 igitur
3412 4014 3666 4086 [Κύριος

2092 4082 2359 4153 ἐκτήσατο
2427 4099 2492 4155 με
2529 4082 2835 4155 κεφάλαιον
2866 4082 2973 4136 τῶν
3027 4082 3161 4135 ὁδῶν
3218 4083 3381 4137 αὑτοῦ
3430 4082 3669 4155 ἀρχῆθεν

2092 4153 2562 4223 κατεργασμάτων
2586 4153 2773 4215 αὑτοῦ,
2802 4153 3053 4206 Dominus
3084 4157 3309 4219 possedit
3343 4170 3421 4207 me
3458 4153 3667 4221 capitu-

2092 4221 2198 4275 lum
2235 4221 2461 4274 'viarum
2516 4239 2733 4275 suarum
2782 4240 2812 4275 a
2863 4225 3116 4290 principio
3166 4240 3376 4287 operum
3416 4242 3655 4277 suorum.

2092 4292 2450 4365 Symmachus
2495 4310 2506 4345 :
2542 4292 2742 4365 Κύριος
2781 4294 3049 4365 ἐκτήσατο
3086 4311 3151 4363 με
3188 4294 3363 4365 ἀρχὴν
3396 4294 3529 4348 ὁδῶν
3562 4296 3664 4348 αὐσ-

2087 4362 2179 4414 τοῦ
2211 4361 2316 4434 πρὸ
2343 4365 2441 4432 τῆς
2472 4363 2733 4431 ἐργασίας
2758 4364 2944 4427 αὑτοῦ,
3001 4361 3523 4429 Βοὴιὶηιιείἱοδεεάιι
3584 4381 3665 4419 me

429 4431 519 4494 τοῦ
557 4452 569 4487 :
607 4447 766 4502 quam
826 4431 1150 4502 scripturam
1200 4446 1379 4483 veram
1423 4445 1541 4483 esse
1595 4440 1646 4481 et
1672 4431 1980 4502 genuinam,
2017 4438 2061 4495 ι)
2088 4431 2405 4497 principium
2448 4450 2646 4484 murum
2683 4451 2900 4485 suarum
2937 4445 3054 4486 ante
3094 4436 3442 4493 onerationem
3488 4451 3659 4488 stram.

427 4509 509 4561 ve!
557 4500 667 4559 sola
715 4502 977 4557 orationis
1043 4500 1213 4554 series
1273 4510 1460 4567 aperte
1512 4502 1769 4553 ostendit.
1829 4500 1980 4564 Illud,

424 4574 578 4648 παρὰ
603 4574 784 4643 μόνου,
814 4572 1299 4648 _inepte__omissum
1342 4578 1425 4648 est
1451 4581 1562 4648 tum
1596 4568 1649 4622 iu
1675 4569 1991 4648 Colbertino

425 4638 631 4708 codice,
674 4653 784 4696 tum
814 4643 866 4696 in
898 4638 961 4697 eo
992 4643 1147 4702 libro,
1174 4641 1240 4693 ad
1267 4638 1423 4706 cujus
1445 4639 1603 4709 ﬁdem
1644 4656 1779 4709 opus
1814 4641 1993 4696 Euno-

428 4718 520 4771 mii
556 4728 726 4783 nuper
748 4714 916 4783 edidit
939 4712 1019 4765 vir
1048 4710 1449 4783 eruditissimus
1474 4707 1557 4762 Jo.
1588 4707 1863 4783 Alli—crtus
1891 4710 1992 4765 Fa-

424 4780 648 4843 bricius:
695 4782 950 4836 Basilium
1013 4783 1157 4835 enim
1206 4782 1361 4834 unice
1396 4780 1451 4833 in
1477 4795 1607 4835 voce
1659 4780 1819 4850 μόνου
1854 4782 1991 4836 insi-

422 4869 567 4914 stere
592 4862 824 4909 constat.

492 4925 605 4998 (46)
634 4926 716 4998 Ἦ-
741 4922 861 4991 τερὶ
885 4922 1039 4998 (πῆς,
1071 4937 1139 4998 an
1170 4931 1423 4974 creatura:
1442 4918 1993 4998 Δίζίιηρίιεηιὶαιζετμσς

421 4990 530 5059 est,
553 4990 636 5050 Att
668 4995 719 5047 id
752 4997 894 5061 quod
925 4993 1237 5059 blaspheme
1270 5008 1363 5046 ore
1403 4990 1695 5061 allirtnavit
1718 5034 1733 5055 ,
1791 4990 1987 5046 Filiutn

422 5068 629 5123 scilicet
652 5060 957 5119 creaturam
988 5076 1127 5115 esse.
1158 5062 1395 5129 Respicit
1420 5060 1653 5118 Basilius
1681 5063 1747 5115 ad
1800 5077 1986 5118 vocem

423 5137 680 5200 κτισθείς,
711 5150 814 5204 qua
855 5131 1148 5204 Eunomius
1177 5134 1447 5186 utebatur.

493 5209 603 5279 (t7)
646 5200 1186 5279 Monuitjampridem
1228 5204 1314 5279 vir_
1335 5204 1678 5279 doctissimus
1724 5200 1985 5279 ﬂebilius,

420 5271 788 5339 Ambrosium,
816 5271 876 5328 ut
904 5275 968 5328 de
996 5274 1115 5331 lide.
1147 5287 1264 5341 cap.
1288 5271 1323 5325 4
1343 5312 1359 5333 ,
1386 5275 1692 5341 scripsisse,
1728 5272 1986 5327 Dominus

418 5356 616 5404 creavit
642 5364 744 5402 me.
795 5344 955 5399 Plura
989 5343 1079 5412 qui
1116 5344 1283 5412 cupit,
1326 5342 1440 5410 ejus
1478 5345 1795 5398 utilissimas
1829 5355 1986 5398 notas

420 5423 579 5474 leaat.

472 5438 604 5558 εδδ)
634 5489 723 5543 Sic
770 5496 978 5542 veteres
1014 5492 1245 5553 quatuor
1296 5483 1435 5536 libri.
1475 5480 1583 5535 Vox
1613 5484 1692 5535 ὅτι
1743 5484 1793 5535 in
1827 5484 1985 5537 editis

419 5561 775 5616 desideratur.

491 5631 600 5702 (49)
630 5631 777 5702 Editi
819 5628 1253 5699 ἀπομηκύναιμι’
1293 5623 1406 5678 ἀλλ’
1455 5622 1594 5676 ὥστε
1629 5624 1722 5677 καὶ
1746 5624 1804 5677 ὲν
1839 5624 1979 5695 ἰδίῳ.

418 5701 643 5755 Atinss.
673 5702 745 5753 uti
771 5701 822 5752 in
848 5712 1123 5763 contextu,
1152 5707 1315 5752 recte.

491 5771 603 5839 (50)
638 5769 959 5839 Interpretes
986 5770 1123 5832 illos,
1164 5765 1707 5839 quoinOnnominat
1730 5763 1979 5829 Basilius,

417 5834 663 5907 Aquilam
732 5834 1111 5905 symmachum
1166 5834 1219 5893 et
1277 5834 1695 5891 Theodotionem
1736 5851 1874 5902 esse,
1912 5851 1977 5891 ex

2098 4502 2397 4574 Tlicodntio
2430 4517 2443 4554 :
2472 4502 2675 4574 Κύριος
2716 4504 2983 4574 ἐκτήσατο
3025 4521 3089 4572 με
3133 4504 3306 4574 ἀρχὴν
3335 4505 3452 4557 ὁδοῦ
3495 4504 3660 4557 αὐτοῦ

2096 4572 2200 4642 πρὸ
2226 4572 2325 4641 τῆς
2355 4572 2614 4644 ἐργασίας
2647 4573 2811 4626 αὑτοῦ
2832 4575 2940 4626 ἀπὸ
2971 4573 3113 4634 τότε,
3154 4572 3406 4626 Dominus
3437 4580 3661 4637 possedit

2094 4659 2174 4696 me
2200 4644 2509 4712 principium
2557 4646 2654 4697 via!
2706 4660 2814 4695 sua:
2855 4655 2974 4696 ante
3004 4646 3352 4711 operationem
3402 4661 3549 4696 suam
3598 4661 3663 4696 ex

2095 4724 2235 4766 (una
2284 4711 2475 4766 Notum
2529 4727 2611 4767 est
2672 4712 2812 4767 LXX
2866 4715 3183 4784 interpretes
3243 4729 3337 4781 pro
3391 4714 3661 4784 ἐκτήσατό

2097 4800 2184 4853 με,
2222 4786 2445 4849 possedit
2470 4800 2569 4845 me,
2600 4786 2881 4852 scripsisse
2924 4782 3103 4835 ἔκτισε
3155 4799 3243 4851 με,
3290 4788 3479 4837 crearit
3512 4782 3595 4835 me
3638 4801 3658 4839 :

2094 4870 2252 4920 quam
2294 4856 2576 4907 let-tionem
2610 4868 2862 4919 tanquam
2932 4854 3095 4921 impio
3134 4868 3233 4905 suo
3279 4854 3513 4923 dogmati
3543 4864 3659 4906 sta-

2098 4924 2331 4977 biliendo
2392 4923 3011 4978 accommodatissimam
3068 4924 3431 4990 sequebantur
3478 4924 3659 4976 Euno-

2095 4994 2278 5047 miani.
2316 4993 2498 5060 Neque
2526 5009 2652 5047 vitro
2704 4993 2903 5045 frustra
2933 4993 3143 5047 dixerat
3181 4992 3406 5047 Basilius
3431 5033 3445 5057 ,
3485 4994 3657 5046 inter-

2092 5072 2271 5131 pretes
2311 5079 2425 5127 eos,
2467 5062 2555 5131 qui
2586 5078 2774 5117 vocum
2806 5061 3189 5117 Hebraiearum
3214 5078 3431 5116 sensum
3464 5063 3659 5117 melius

2094 5134 2377 5200 veriusque
2445 5134 2719 5187 consecuti
2780 5132 3011 5198 fuerant,
3049 5134 3276 5186 vertisse
3329 5148 3431 5186 non
3472 5132 3659 5187 ἔκτισέ

2094 5220 2181 5272 με,
2209 5205 2399 5255 creavit
2436 5221 2514 5257 me
2549 5220 2567 5257 :
2602 5204 2997 5274 εειιηὲκτήσατό
3032 5219 3135 5273 με,
3170 5203 3400 5271 possedit
3430 5219 3529 5256 me.
3582 5205 3656 5257 Ita

2090 5276 2234 5326 enim
2281 5274 2537 5326 llehraiea
2600 5276 2652 5327 in
2688 5272 2942 5337 Hexaplis
2998 5279 3064 5326 ad
3098 5276 3318 5326 verbum
3347 5285 3656 5333 vertuntur,

2092 5342 2344 5396 Dominus
2364 5344 2603 5409 possedit.
2635 5360 2713 5397 me
2742 5344 3054 5413 principium
3096 5344 3192 5396 via?
3224 5360 3332 5396 sua:
3354 5352 3475 5396 ante
3499 5360 3658 5409 apere

2089 5431 2185 5466 sua
2212 5431 2275 5468 ex
2312 5422 2455 5466 tunc.
2484 5413 2649 5468 Paulo
2684 5415 2841 5469 aliter
2868 5417 2919 5467 in
2951 5413 3172 5481 Vulgata
3224 5415 3434 5482 legitur,
3463 5430 3659 5482 nempe

2093 5487 2191 5537 huc
2223 5486 2377 5538 modo
2410 5503 2423 5537 :
2460 5485 2711 5538 Dominus
2738 5485 2965 5550 possedit
3002 5500 3081 5535 me
3105 5485 3255 5536 initio
3286 5485 3488 5536 viarum
3513 5501 3648 5534 sua-

2092 5571 2228 5617 rum,
2252 5565 2528 5622 antequam
2580 5556 2864 5623 quidqnam
2894 5554 3083 5621 facere!
3135 5572 3165 5606 a
3204 5555 3478 5621 principio.
3514 5555 3653 5606 Sen»

2093 5627 2314 5677 tentiam
2368 5627 2550 5679 l‘t'atris
2601 5623 2908 5677 etiarissimi
2975 5624 3157 5677 Basilii
3230 5627 3653 5677 conlirn-aturus

2089 5694 2395 5763 Gregorius,
2449 5696 2585 5746 hunc
2640 5698 2888 5748 eumdem
2944 5694 3116 5748 locum
3148 5694 3400 5748 tractavit
3443 5694 3541 5747 liti.
3582 5706 3651 5747 ιιι

2087 5767 2333 5819 adversus
2369 5764 2702 5818 lt'unomium.
