  <div class='ocr_page' id='page_1' title='image "/cluster/home/n/w/nwhite01/storage/ocr_20150623/29/hvd.32044011320256/752.png"; bbox 0 0 4002 6408; ppageno 0'>
   <div class='ocr_carea' id='block_1_1' title="bbox 287 404 394 459">
    <p class='ocr_par' dir='ltr' id='par_1_1' title="bbox 287 404 394 459">
     <span class='ocr_line' id='line_1_1' title="bbox 287 404 394 459; baseline -0.009 0"><span class='ocrx_word' id='word_1_1' title='bbox 287 404 394 459; x_wconf 82' lang='grc'><strong>617</strong></span> 
     </span>
    </p>
   </div>
   <div class='ocr_carea' id='block_1_2' title="bbox 1383 384 2435 448">
    <p class='ocr_par' dir='ltr' id='par_1_2' title="bbox 1383 384 2435 448">
     <span class='ocr_line' id='line_1_2' title="bbox 1383 384 2435 448; baseline -0.007 -1"><span class='ocrx_word' id='word_1_2' title='bbox 1383 391 1751 447; x_wconf 64' lang='lat' dir='ltr'><strong>ADVERSIIS</strong></span> <span class='ocrx_word' id='word_1_3' title='bbox 1793 388 2159 448; x_wconf 79' lang='lat' dir='ltr'><strong>EUNOMIUM</strong></span> <span class='ocrx_word' id='word_1_4' title='bbox 2197 384 2324 442; x_wconf 83' lang='lat' dir='ltr'><strong>LIB.</strong></span> <span class='ocrx_word' id='word_1_5' title='bbox 2370 385 2435 440; x_wconf 82' lang='lat' dir='ltr'><strong>ll.</strong></span> 
     </span>
    </p>
   </div>
   <div class='ocr_carea' id='block_1_3' title="bbox 3417 381 3520 437">
    <p class='ocr_par' dir='ltr' id='par_1_3' title="bbox 3417 381 3520 437">
     <span class='ocr_line' id='line_1_3' title="bbox 3417 381 3520 437; baseline -0.01 0"><span class='ocrx_word' id='word_1_6' title='bbox 3417 381 3520 437; x_wconf 82' lang='grc' dir='ltr'>σιιι</span> 
     </span>
    </p>
   </div>
   <div class='ocr_carea' id='block_1_4' title="bbox 290 499 1870 593">
    <p class='ocr_par' dir='ltr' id='par_1_4' title="bbox 290 513 1863 593">
     <span class='ocr_line' id='line_1_4' title="bbox 290 513 1863 593; baseline -0.007 -18"><span class='ocrx_word' id='word_1_7' title='bbox 290 523 488 593; x_wconf 70' lang='grc' dir='ltr'>μασίας</span> <span class='ocrx_word' id='word_1_8' title='bbox 524 520 628 574; x_wconf 88' lang='grc' dir='ltr'><strong>τῶν</strong></span> <span class='ocrx_word' id='word_1_9' title='bbox 666 515 970 589; x_wconf 80' lang='grc' dir='ltr'>Ἐὅραῖκῶν</span> <span class='ocrx_word' id='word_1_10' title='bbox 1005 515 1378 586; x_wconf 76' lang='grc' dir='ltr'><strong>καθικόμενοι,</strong></span> <span class='ocrx_word' id='word_1_11' title='bbox 1407 513 1741 578; x_wconf 75' lang='grc' dir='ltr'>Ἐκτήσατό</span> <span class='ocrx_word' id='word_1_12' title='bbox 1767 529 1863 582; x_wconf 86' lang='grc' dir='ltr'><strong>με,</strong></span> 
     </span>
    </p>
   </div>
   <div class='ocr_carea' id='block_1_5' title="bbox 1968 499 3524 593">
    <p class='ocr_par' dir='ltr' id='par_1_5' title="bbox 1970 499 3524 570">
     <span class='ocr_line' id='line_1_5' title="bbox 1970 499 3524 570; baseline -0.005 -8"><span class='ocrx_word' id='word_1_13' title='bbox 1970 507 2204 564; x_wconf 87' lang='lat' dir='ltr'><strong>assecuti</strong></span> <span class='ocrx_word' id='word_1_14' title='bbox 2238 513 2382 567; x_wconf 85' lang='lat' dir='ltr'><strong>sunt,</strong></span> <span class='ocrx_word' id='word_1_15' title='bbox 2437 500 2670 555; x_wconf 87' lang='lat' dir='ltr'><strong>Possedit</strong></span> <span class='ocrx_word' id='word_1_16' title='bbox 2712 517 2792 554; x_wconf 85' lang='lat' dir='ltr'><strong>me</strong></span> <span class='ocrx_word' id='word_1_17' title='bbox 2827 515 2923 570; x_wconf 87' lang='lat' dir='ltr'><strong>pro</strong></span> <span class='ocrx_word' id='word_1_18' title='bbox 2973 500 3201 568; x_wconf 79' lang='lat' dir='ltr'><strong>Creasit,</strong></span> <span class='ocrx_word' id='word_1_19' title='bbox 3256 499 3524 555; x_wconf 64' lang='lat' dir='ltr'><strong>edidisse:</strong></span> 
     </span>
    </p>
   </div>
   <div class='ocr_carea' id='block_1_6' title="bbox 285 604 1860 678">
    <p class='ocr_par' dir='ltr' id='par_1_6' title="bbox 285 604 1860 678">
     <span class='ocr_line' id='line_1_6' title="bbox 285 604 1860 678; baseline -0.007 -11"><span class='ocrx_word' id='word_1_20' title='bbox 285 610 407 667; x_wconf 72' lang='grc' dir='ltr'>ἀντὶ</span> <span class='ocrx_word' id='word_1_21' title='bbox 448 612 564 677; x_wconf 77' lang='grc' dir='ltr'>τοῦ,</span> <span class='ocrx_word' id='word_1_22' title='bbox 601 615 895 674; x_wconf 66' lang='lat' dir='ltr'><strong>&quot;Eumer,</strong></span> <span class='ocrx_word' id='word_1_23' title='bbox 941 608 1316 662; x_wconf 83' lang='grc' dir='ltr'>ὲκδεδώκασιν.</span> <span class='ocrx_word' id='word_1_24' title='bbox 1375 607 1551 678; x_wconf 82' lang='grc' dir='ltr'><strong>Ὅπερ</strong></span> <span class='ocrx_word' id='word_1_25' title='bbox 1611 604 1860 676; x_wconf 84' lang='grc' dir='ltr'>μέγιστον</span> 
     </span>
    </p>
   </div>
   <div class='ocr_carea' id='block_1_7' title="bbox 287 695 1859 776">
    <p class='ocr_par' dir='ltr' id='par_1_7' title="bbox 287 695 1859 776">
     <span class='ocr_line' id='line_1_7' title="bbox 287 695 1859 776; baseline -0.007 -17"><span class='ocrx_word' id='word_1_26' title='bbox 287 708 470 768; x_wconf 71' lang='grc' dir='ltr'>αὐτοῖς</span> <span class='ocrx_word' id='word_1_27' title='bbox 499 705 755 776; x_wconf 79' lang='grc' dir='ltr'>ἐμπόδιον</span> <span class='ocrx_word' id='word_1_28' title='bbox 783 704 932 756; x_wconf 77' lang='grc' dir='ltr'>ἔσται</span> <span class='ocrx_word' id='word_1_29' title='bbox 961 702 1094 772; x_wconf 78' lang='grc' dir='ltr'>πρὸς</span> <span class='ocrx_word' id='word_1_30' title='bbox 1125 701 1223 771; x_wconf 77' lang='grc' dir='ltr'>τὴν</span> <span class='ocrx_word' id='word_1_31' title='bbox 1248 697 1590 770; x_wconf 75' lang='grc' dir='ltr'>βλασφημίαν</span> <span class='ocrx_word' id='word_1_32' title='bbox 1619 696 1711 750; x_wconf 83' lang='grc' dir='ltr'>τοῦ</span> <span class='ocrx_word' id='word_1_33' title='bbox 1743 695 1859 749; x_wconf 86' lang='grc' dir='ltr'>κτί-</span> 
     </span>
    </p>
   </div>
   <div class='ocr_carea' id='block_1_8' title="bbox 289 787 1862 868">
    <p class='ocr_par' dir='ltr' id='par_1_8' title="bbox 289 787 1862 868">
     <span class='ocr_line' id='line_1_8' title="bbox 289 787 1862 868; baseline -0.006 -18"><span class='ocrx_word' id='word_1_34' title='bbox 289 815 508 868; x_wconf 85' lang='grc' dir='ltr'>σματος.</span> <span class='ocrx_word' id='word_1_35' title='bbox 556 797 611 849; x_wconf 85' lang='grc'><strong>’0</strong></span> <span class='ocrx_word' id='word_1_36' title='bbox 634 796 738 867; x_wconf 82' lang='grc' dir='ltr'>γὰρ</span> <span class='ocrx_word' id='word_1_37' title='bbox 782 795 968 856; x_wconf 81' lang='grc' dir='ltr'>είπὼν,</span> <span class='ocrx_word' id='word_1_38' title='bbox 1011 790 1389 859; x_wconf 65' lang='grc' dir='ltr'>Ἐλίτησάμην</span> <span class='ocrx_word' id='word_1_39' title='bbox 1415 789 1728 856; x_wconf 76' lang='grc' dir='ltr'>ἄνθρωπον</span> <span class='ocrx_word' id='word_1_40' title='bbox 1767 787 1862 840; x_wconf 66' lang='grc' dir='ltr'>διὰ</span> 
     </span>
    </p>
   </div>
   <div class='ocr_carea' id='block_1_9' title="bbox 289 878 1859 955">
    <p class='ocr_par' dir='ltr' id='par_1_9' title="bbox 289 878 1859 955">
     <span class='ocr_line' id='line_1_9' title="bbox 289 878 1859 955; baseline -0.007 -15"><span class='ocrx_word' id='word_1_41' title='bbox 289 888 396 942; x_wconf 80' lang='grc' dir='ltr'>τοῦ</span> <span class='ocrx_word' id='word_1_42' title='bbox 433 887 578 941; x_wconf 82' lang='grc' dir='ltr'>Θεοῦ</span> <span class='ocrx_word' id='word_1_43' title='bbox 601 928 617 952; x_wconf 95' lang='grc'><strong>,</strong></span> <span class='ocrx_word' id='word_1_44' title='bbox 653 886 772 955; x_wconf 74' lang='grc' dir='ltr'>οὐχὶ</span> <span class='ocrx_word' id='word_1_45' title='bbox 816 885 1004 946; x_wconf 79' lang='grc' dir='ltr'>κτίσας</span> <span class='ocrx_word' id='word_1_46' title='bbox 1055 882 1143 934; x_wconf 77' lang='grc' dir='ltr'><strong>τὸν</strong></span> <span class='ocrx_word' id='word_1_47' title='bbox 1176 882 1334 943; x_wconf 85' lang='grc' dir='ltr'>Κὰῐν,</span> <span class='ocrx_word' id='word_1_48' title='bbox 1385 878 1519 932; x_wconf 80' lang='grc' dir='ltr'>ἀλλὰ</span> <span class='ocrx_word' id='word_1_49' title='bbox 1572 879 1859 946; x_wconf 74' lang='grc' dir='ltr'><strong>γεννήσας,</strong></span> 
     </span>
    </p>
   </div>
   <div class='ocr_carea' id='block_1_10' title="bbox 289 973 1415 1050">
    <p class='ocr_par' dir='ltr' id='par_1_10' title="bbox 289 973 1415 1050">
     <span class='ocr_line' id='line_1_10' title="bbox 289 973 1415 1050; baseline -0.009 -18"><span class='ocrx_word' id='word_1_50' title='bbox 289 980 464 1050; x_wconf 80' lang='grc' dir='ltr'>ταύτῃ</span> <span class='ocrx_word' id='word_1_51' title='bbox 491 978 739 1047; x_wconf 79' lang='grc' dir='ltr'>φαίνεται</span> <span class='ocrx_word' id='word_1_52' title='bbox 772 975 1112 1045; x_wconf 83' lang='grc' dir='ltr'>χρησάμενος</span> <span class='ocrx_word' id='word_1_53' title='bbox 1142 975 1205 1042; x_wconf 77' lang='grc' dir='ltr'>τῇ</span> <span class='ocrx_word' id='word_1_54' title='bbox 1243 973 1415 1040; x_wconf 69' lang='grc' dir='ltr'>φωνῇ.</span> 
     </span>
    </p>
   </div>
   <div class='ocr_carea' id='block_1_11' title="bbox 246 1061 1524 1134">
    <p class='ocr_par' dir='ltr' id='par_1_11' title="bbox 246 1061 1524 1134">
     <span class='ocr_line' id='line_1_11' title="bbox 246 1061 1524 1134; baseline -0.01 -11"><span class='ocrx_word' id='word_1_55' title='bbox 246 1065 250 1075; x_wconf 84' lang='grc'><em>’</em></span> <span class='ocrx_word' id='word_1_56' title='bbox 363 1069 452 1122; x_wconf 66' lang='lat' dir='ltr'><strong>il.</strong></span> <span class='ocrx_word' id='word_1_57' title='bbox 500 1067 636 1122; x_wconf 81' lang='grc' dir='ltr'>Ἀλλ’</span> <span class='ocrx_word' id='word_1_58' title='bbox 665 1067 756 1118; x_wconf 69' lang='grc' dir='ltr'><strong>ἐπὶ</strong></span> <span class='ocrx_word' id='word_1_59' title='bbox 787 1065 846 1118; x_wconf 80' lang='grc' dir='ltr'><strong>τὸ</strong></span> <span class='ocrx_word' id='word_1_60' title='bbox 881 1063 938 1128; x_wconf 79' lang='grc' dir='ltr'><strong>ἐξ</strong></span> <span class='ocrx_word' id='word_1_61' title='bbox 989 1063 1163 1134; x_wconf 72' lang='grc' dir='ltr'>ἀρχῆς</span> <span class='ocrx_word' id='word_1_62' title='bbox 1196 1061 1524 1130; x_wconf 81' lang='grc' dir='ltr'>ἐπανίωμεν.</span> 
     </span>
    </p>
   </div>
   <div class='ocr_carea' id='block_1_12' title="bbox 365 1147 1862 1224">
    <p class='ocr_par' dir='ltr' id='par_1_12' title="bbox 365 1147 1862 1224">
     <span class='ocr_line' id='line_1_12' title="bbox 365 1147 1862 1224; baseline -0.007 -14"><span class='ocrx_word' id='word_1_63' title='bbox 365 1154 520 1210; x_wconf 75' lang='grc' dir='ltr'><strong>ΕΥΝ.</strong></span> <span class='ocrx_word' id='word_1_64' title='bbox 549 1155 646 1209; x_wconf 74' lang='grc' dir='ltr'><strong>Διὰ</strong></span> <span class='ocrx_word' id='word_1_65' title='bbox 670 1154 827 1207; x_wconf 76' lang='grc' dir='ltr'>τοῦτο</span> <span class='ocrx_word' id='word_1_66' title='bbox 848 1193 860 1216; x_wconf 85' lang='grc'><strong>,</strong></span> <span class='ocrx_word' id='word_1_67' title='bbox 897 1153 1058 1224; x_wconf 74' lang='grc' dir='ltr'>φησὶ,</span> <span class='ocrx_word' id='word_1_68' title='bbox 1094 1150 1428 1220; x_wconf 81' lang='grc' dir='ltr'>Μονογενὴς,</span> <span class='ocrx_word' id='word_1_69' title='bbox 1468 1148 1649 1219; x_wconf 76' lang='grc' dir='ltr'>ἐπειδὴ</span> <span class='ocrx_word' id='word_1_70' title='bbox 1672 1187 1686 1210; x_wconf 94' lang='grc'><strong>,</strong></span> <span class='ocrx_word' id='word_1_71' title='bbox 1718 1147 1862 1214; x_wconf 79' lang='grc' dir='ltr'>παρᾶ</span> 
     </span>
    </p>
   </div>
   <div class='ocr_carea' id='block_1_13' title="bbox 296 1242 1862 1320">
    <p class='ocr_par' dir='ltr' id='par_1_13' title="bbox 296 1242 1862 1320">
     <span class='ocr_line' id='line_1_13' title="bbox 296 1242 1862 1320; baseline -0.007 -18"><span class='ocrx_word' id='word_1_72' title='bbox 296 1251 460 1320; x_wconf 84' lang='grc' dir='ltr'>μόνου</span> <span class='ocrx_word' id='word_1_73' title='bbox 493 1247 774 1318; x_wconf 65' lang='grc' dir='ltr'>γεννηθεὶς</span> <span class='ocrx_word' id='word_1_74' title='bbox 821 1248 913 1300; x_wconf 74' lang='grc' dir='ltr'>καὶ</span> <span class='ocrx_word' id='word_1_75' title='bbox 963 1244 1219 1307; x_wconf 79' lang='grc' dir='ltr'>κτισθεὶς,</span> <span class='ocrx_word' id='word_1_76' title='bbox 1268 1243 1597 1305; x_wconf 80' lang='grc' dir='ltr'><strong>τελειότατος</strong></span> <span class='ocrx_word' id='word_1_77' title='bbox 1645 1242 1862 1310; x_wconf 84' lang='grc' dir='ltr'>γέγονεν</span> 
     </span>
    </p>
   </div>
   <div class='ocr_carea' id='block_1_14' title="bbox 293 1340 586 1412">
    <p class='ocr_par' dir='ltr' id='par_1_14' title="bbox 293 1340 586 1412">
     <span class='ocr_line' id='line_1_14' title="bbox 293 1340 586 1412; baseline -0.01 -17"><span class='ocrx_word' id='word_1_78' title='bbox 293 1340 586 1412; x_wconf 74' lang='grc' dir='ltr'>ὑπουργός.</span> 
     </span>
    </p>
   </div>
   <div class='ocr_carea' id='block_1_15' title="bbox 366 1425 1860 1499">
    <p class='ocr_par' dir='ltr' id='par_1_15' title="bbox 366 1425 1860 1499">
     <span class='ocr_line' id='line_1_15' title="bbox 366 1425 1860 1499; baseline -0.005 -16"><span class='ocrx_word' id='word_1_79' title='bbox 366 1431 514 1484; x_wconf 82' lang='grc' dir='ltr'><strong>ΒΑΣ.</strong></span> <span class='ocrx_word' id='word_1_80' title='bbox 545 1430 604 1482; x_wconf 85' lang='lat' dir='ltr'><strong>El</strong></span> <span class='ocrx_word' id='word_1_81' title='bbox 654 1429 831 1482; x_wconf 81' lang='grc' dir='ltr'>τοίνυν</span> <span class='ocrx_word' id='word_1_82' title='bbox 874 1429 948 1499; x_wconf 76' lang='grc' dir='ltr'>μὴ</span> <span class='ocrx_word' id='word_1_83' title='bbox 993 1427 1140 1498; x_wconf 71' lang='grc' dir='ltr'>παρὰ</span> <span class='ocrx_word' id='word_1_84' title='bbox 1182 1427 1241 1480; x_wconf 84' lang='grc' dir='ltr'>τὸ</span> <span class='ocrx_word' id='word_1_85' title='bbox 1288 1427 1445 1496; x_wconf 83' lang='grc' dir='ltr'>μόνος</span> <span class='ocrx_word' id='word_1_86' title='bbox 1488 1425 1860 1495; x_wconf 82' lang='grc' dir='ltr'>γεγεννῆσθαι,</span> 
     </span>
    </p>
   </div>
   <div class='ocr_carea' id='block_1_16' title="bbox 295 1513 1863 1590">
    <p class='ocr_par' dir='ltr' id='par_1_16' title="bbox 295 1513 1863 1590">
     <span class='ocr_line' id='line_1_16' title="bbox 295 1513 1863 1590; baseline -0.006 -15"><span class='ocrx_word' id='word_1_87' title='bbox 295 1523 429 1576; x_wconf 81' lang='grc' dir='ltr'>ἀλλὰ</span> <span class='ocrx_word' id='word_1_88' title='bbox 459 1521 547 1574; x_wconf 69' lang='grc' dir='ltr'>διὰ</span> <span class='ocrx_word' id='word_1_89' title='bbox 584 1521 645 1572; x_wconf 86' lang='grc' dir='ltr'><strong>τὸ</strong></span> <span class='ocrx_word' id='word_1_90' title='bbox 691 1517 844 1590; x_wconf 83' lang='grc' dir='ltr'>παρὰ</span> <span class='ocrx_word' id='word_1_91' title='bbox 876 1519 1035 1588; x_wconf 91' lang='grc' dir='ltr'>μόνου</span> <span class='ocrx_word' id='word_1_92' title='bbox 1069 1516 1372 1585; x_wconf 80' lang='grc' dir='ltr'>Μονογενὴς</span> <span class='ocrx_word' id='word_1_93' title='bbox 1410 1515 1641 1586; x_wconf 75' lang='grc' dir='ltr'>εἴρηται,</span> <span class='ocrx_word' id='word_1_94' title='bbox 1673 1513 1863 1566; x_wconf 79' lang='grc' dir='ltr'>ταυτὸν</span> 
     </span>
    </p>
   </div>
   <div class='ocr_carea' id='block_1_17' title="bbox 292 1604 1865 1686">
    <p class='ocr_par' dir='ltr' id='par_1_17' title="bbox 292 1604 1865 1686">
     <span class='ocr_line' id='line_1_17' title="bbox 292 1604 1865 1686; baseline -0.008 -17"><span class='ocrx_word' id='word_1_95' title='bbox 292 1617 352 1669; x_wconf 84' lang='grc' dir='ltr'>δέ</span> <span class='ocrx_word' id='word_1_96' title='bbox 381 1613 493 1686; x_wconf 81' lang='grc'><strong>(51)</strong></span> <span class='ocrx_word' id='word_1_97' title='bbox 523 1616 636 1667; x_wconf 77' lang='grc' dir='ltr'>ἐστι</span> <span class='ocrx_word' id='word_1_98' title='bbox 689 1611 828 1665; x_wconf 86' lang='grc' dir='ltr'>κατὰ</span> <span class='ocrx_word' id='word_1_99' title='bbox 854 1610 913 1663; x_wconf 79' lang='grc' dir='ltr'>σὲ</span> <span class='ocrx_word' id='word_1_100' title='bbox 945 1610 1004 1663; x_wconf 84' lang='grc' dir='ltr'><strong>τὸ</strong></span> <span class='ocrx_word' id='word_1_101' title='bbox 1026 1607 1269 1662; x_wconf 78' lang='grc' dir='ltr'>ἐκτίσθαι</span> <span class='ocrx_word' id='word_1_102' title='bbox 1295 1606 1369 1678; x_wconf 80' lang='grc' dir='ltr'><strong>τῷ</strong></span> <span class='ocrx_word' id='word_1_103' title='bbox 1398 1604 1781 1676; x_wconf 77' lang='grc' dir='ltr'>γεγεννῆσθαι·</span> <span class='ocrx_word' id='word_1_104' title='bbox 1813 1605 1865 1657; x_wconf 86' lang='grc' dir='ltr'><strong>τί</strong></span> 
     </span>
    </p>
   </div>
   <div class='ocr_carea' id='block_1_18' title="bbox 294 1692 1863 1775">
    <p class='ocr_par' dir='ltr' id='par_1_18' title="bbox 294 1692 1863 1775">
     <span class='ocr_line' id='line_1_18' title="bbox 294 1692 1863 1775; baseline -0.005 -17"><span class='ocrx_word' id='word_1_105' title='bbox 294 1706 416 1775; x_wconf 61' lang='grc' dir='ltr'><strong>οὐχ).</strong></span> <span class='ocrx_word' id='word_1_106' title='bbox 460 1705 551 1758; x_wconf 72' lang='grc' dir='ltr'><strong>καὶ</strong></span> <span class='ocrx_word' id='word_1_107' title='bbox 599 1703 943 1774; x_wconf 88' lang='grc' dir='ltr'>μονόκτιστον</span> <span class='ocrx_word' id='word_1_108' title='bbox 981 1701 1139 1753; x_wconf 78' lang='grc' dir='ltr'>αὑτὸν</span> <span class='ocrx_word' id='word_1_109' title='bbox 1173 1695 1488 1768; x_wconf 77' lang='grc' dir='ltr'>ὀνομάζεις,</span> <span class='ocrx_word' id='word_1_110' title='bbox 1521 1692 1566 1751; x_wconf 77' lang='grc' dir='ltr'><strong>ὦ</strong></span> <span class='ocrx_word' id='word_1_111' title='bbox 1595 1697 1770 1751; x_wconf 87' lang='grc' dir='ltr'>πάντα</span> <span class='ocrx_word' id='word_1_112' title='bbox 1801 1699 1863 1750; x_wconf 76' lang='grc' dir='ltr'><strong>σὺ</strong></span> 
     </span>
    </p>
   </div>
   <div class='ocr_carea' id='block_1_19' title="bbox 299 1786 1860 1868">
    <p class='ocr_par' dir='ltr' id='par_1_19' title="bbox 299 1786 1860 1868">
     <span class='ocr_line' id='line_1_19' title="bbox 299 1786 1860 1868; baseline -0.006 -21"><span class='ocrx_word' id='word_1_113' title='bbox 299 1795 495 1868; x_wconf 74' lang='grc' dir='ltr'>ῥᾳδίως</span> <span class='ocrx_word' id='word_1_114' title='bbox 523 1795 614 1846; x_wconf 77' lang='grc' dir='ltr'><strong>καὶ</strong></span> <span class='ocrx_word' id='word_1_115' title='bbox 634 1792 1004 1862; x_wconf 81' lang='grc' dir='ltr'>διανοούμενος</span> <span class='ocrx_word' id='word_1_116' title='bbox 1025 1790 1117 1843; x_wconf 75' lang='grc' dir='ltr'><strong>καὶ</strong></span> <span class='ocrx_word' id='word_1_117' title='bbox 1146 1788 1389 1860; x_wconf 68' lang='grc' dir='ltr'>ἐκφέρων</span> <span class='ocrx_word' id='word_1_118' title='bbox 1413 1804 1426 1853; x_wconf 92' lang='grc'><strong>;</strong></span> <span class='ocrx_word' id='word_1_119' title='bbox 1457 1788 1764 1858; x_wconf 82' lang='grc' dir='ltr'>Μονογενὴς</span> <span class='ocrx_word' id='word_1_120' title='bbox 1786 1786 1860 1844; x_wconf 81' lang='grc' dir='ltr'>δὲ.</span> 
     </span>
    </p>
   </div>
   <div class='ocr_carea' id='block_1_20' title="bbox 1965 597 3528 669">
    <p class='ocr_par' dir='ltr' id='par_1_20' title="bbox 1965 597 3528 669">
     <span class='ocr_line' id='line_1_20' title="bbox 1965 597 3528 669; baseline -0.001 -19"><span class='ocrx_word' id='word_1_121' title='bbox 1965 600 2106 669; x_wconf 89' lang='lat' dir='ltr'><strong>quod</strong></span> <span class='ocrx_word' id='word_1_122' title='bbox 2155 600 2234 654; x_wconf 91' lang='lat' dir='ltr'><strong>eis</strong></span> <span class='ocrx_word' id='word_1_123' title='bbox 2273 599 2377 651; x_wconf 90' lang='lat' dir='ltr'><strong>erit</strong></span> <span class='ocrx_word' id='word_1_124' title='bbox 2431 597 2665 650; x_wconf 81' lang='lat' dir='ltr'><strong>maximo</strong></span> <span class='ocrx_word' id='word_1_125' title='bbox 2720 597 3102 665; x_wconf 82' lang='lat' dir='ltr'><strong>impedimento</strong></span> <span class='ocrx_word' id='word_1_126' title='bbox 3138 597 3203 650; x_wconf 84' lang='lat' dir='ltr'><strong>ad</strong></span> <span class='ocrx_word' id='word_1_127' title='bbox 3267 606 3528 652; x_wconf 76' lang='lat' dir='ltr'><strong>creatura:</strong></span> 
     </span>
    </p>
   </div>
   <div class='ocr_carea' id='block_1_21' title="bbox 1969 683 3526 758">
    <p class='ocr_par' dir='ltr' id='par_1_21' title="bbox 1969 683 3526 758">
     <span class='ocr_line' id='line_1_21' title="bbox 1969 683 3526 758; baseline -0.005 -12"><span class='ocrx_word' id='word_1_128' title='bbox 1969 689 2386 758; x_wconf 80' lang='lat' dir='ltr'><strong>blasphemiam.</strong></span> <span class='ocrx_word' id='word_1_129' title='bbox 2424 687 2527 753; x_wconf 87' lang='lat' dir='ltr'><strong>Qui</strong></span> <span class='ocrx_word' id='word_1_130' title='bbox 2573 686 2714 742; x_wconf 90' lang='lat' dir='ltr'><strong>enim</strong></span> <span class='ocrx_word' id='word_1_131' title='bbox 2775 685 2956 740; x_wconf 75' lang='lat' dir='ltr'><strong>dixit:</strong></span> <span class='ocrx_word' id='word_1_132' title='bbox 3011 683 3228 740; x_wconf 80' lang='lat' dir='ltr'><strong>Possedi</strong></span> <span class='ocrx_word' id='word_1_133' title='bbox 3269 685 3526 739; x_wconf 71' lang='lat' dir='ltr'><strong>hominem</strong></span> 
     </span>
    </p>
   </div>
   <div class='ocr_carea' id='block_1_22' title="bbox 1963 779 3526 850">
    <p class='ocr_par' dir='ltr' id='par_1_22' title="bbox 1963 779 3526 850">
     <span class='ocr_line' id='line_1_22' title="bbox 1963 779 3526 850; baseline -0.003 -17"><span class='ocrx_word' id='word_1_134' title='bbox 1963 799 2053 850; x_wconf 84' lang='lat' dir='ltr'><strong>per</strong></span> <span class='ocrx_word' id='word_1_135' title='bbox 2085 782 2248 835; x_wconf 85' lang='lat' dir='ltr'><strong>Deum</strong></span> <span class='ocrx_word' id='word_1_136' title='bbox 2271 780 2338 843; x_wconf 59' lang='lat'><strong>5°,</strong></span> <span class='ocrx_word' id='word_1_137' title='bbox 2363 789 2572 833; x_wconf 89' lang='lat' dir='ltr'><strong>constat</strong></span> <span class='ocrx_word' id='word_1_138' title='bbox 2592 793 2712 832; x_wconf 90' lang='lat' dir='ltr'><strong>eum</strong></span> <span class='ocrx_word' id='word_1_139' title='bbox 2743 779 2845 833; x_wconf 88' lang='lat' dir='ltr'><strong>hac</strong></span> <span class='ocrx_word' id='word_1_140' title='bbox 2867 792 2996 832; x_wconf 89' lang='lat' dir='ltr'><strong>voce</strong></span> <span class='ocrx_word' id='word_1_141' title='bbox 3031 792 3184 829; x_wconf 90' lang='lat' dir='ltr'><strong>usum</strong></span> <span class='ocrx_word' id='word_1_142' title='bbox 3229 791 3364 840; x_wconf 82' lang='lat' dir='ltr'><strong>esse,</strong></span> <span class='ocrx_word' id='word_1_143' title='bbox 3421 793 3526 831; x_wconf 79' lang='lat' dir='ltr'><strong>non</strong></span> 
     </span>
    </p>
   </div>
   <div class='ocr_carea' id='block_1_23' title="bbox 1964 871 3194 944">
    <p class='ocr_par' dir='ltr' id='par_1_23' title="bbox 1964 871 3194 944">
     <span class='ocr_line' id='line_1_23' title="bbox 1964 871 3194 944; baseline -0.003 -17"><span class='ocrx_word' id='word_1_144' title='bbox 1964 875 2104 944; x_wconf 83' lang='lat' dir='ltr'><strong>quod</strong></span> <span class='ocrx_word' id='word_1_145' title='bbox 2142 881 2378 928; x_wconf 83' lang='lat' dir='ltr'><strong>creasset</strong></span> <span class='ocrx_word' id='word_1_146' title='bbox 2413 871 2567 936; x_wconf 78' lang='lat' dir='ltr'><strong>Cain,</strong></span> <span class='ocrx_word' id='word_1_147' title='bbox 2609 871 2702 926; x_wconf 89' lang='lat' dir='ltr'><strong>sed</strong></span> <span class='ocrx_word' id='word_1_148' title='bbox 2731 871 3194 940; x_wconf 84' lang='lat' dir='ltr'><strong>quod&#39;genuisset.</strong></span> 
     </span>
    </p>
   </div>
   <div class='ocr_carea' id='block_1_24' title="bbox 2031 1056 3084 1126">
    <p class='ocr_par' dir='ltr' id='par_1_24' title="bbox 2031 1056 3084 1126">
     <span class='ocr_line' id='line_1_24' title="bbox 2031 1056 3084 1126; baseline -0.005 -14"><span class='ocrx_word' id='word_1_149' title='bbox 2031 1059 2121 1113; x_wconf 70' lang='lat'><strong>2!.</strong></span> <span class='ocrx_word' id='word_1_150' title='bbox 2151 1058 2254 1114; x_wconf 89' lang='lat' dir='ltr'><strong>Sed</strong></span> <span class='ocrx_word' id='word_1_151' title='bbox 2288 1058 2427 1112; x_wconf 87' lang='lat' dir='ltr'><strong>unde</strong></span> <span class='ocrx_word' id='word_1_152' title='bbox 2454 1056 2750 1126; x_wconf 85' lang='lat' dir='ltr'><strong>incepimus</strong></span> <span class='ocrx_word' id='word_1_153' title='bbox 2785 1057 3084 1110; x_wconf 88' lang='lat' dir='ltr'><strong>redeamus.</strong></span> 
     </span>
    </p>
   </div>
   <div class='ocr_carea' id='block_1_25' title="bbox 2035 1145 3526 1219">
    <p class='ocr_par' dir='ltr' id='par_1_25' title="bbox 2035 1145 3526 1219">
     <span class='ocr_line' id='line_1_25' title="bbox 2035 1145 3526 1219; baseline -0.004 -13"><span class='ocrx_word' id='word_1_154' title='bbox 2035 1154 2167 1208; x_wconf 70' lang='lat' dir='ltr'><strong>Eua.</strong></span> <span class='ocrx_word' id='word_1_155' title='bbox 2203 1151 2428 1214; x_wconf 93' lang='lat' dir='ltr'><strong>Idcirco,</strong></span> <span class='ocrx_word' id='word_1_156' title='bbox 2459 1151 2668 1219; x_wconf 84' lang='lat' dir='ltr'><strong>inquit,&quot;</strong></span> <span class='ocrx_word' id='word_1_157' title='bbox 2700 1148 3038 1217; x_wconf 88' lang='lat' dir='ltr'><strong>Uuigeuitus,</strong></span> <span class='ocrx_word' id='word_1_158' title='bbox 3077 1145 3328 1216; x_wconf 89' lang='lat' dir='ltr'><strong>quoniam</strong></span> <span class='ocrx_word' id='word_1_159' title='bbox 3356 1160 3384 1199; x_wconf 87' lang='lat' dir='ltr'><strong>a</strong></span> <span class='ocrx_word' id='word_1_160' title='bbox 3411 1145 3526 1200; x_wconf 85' lang='lat' dir='ltr'><strong>solo</strong></span> 
     </span>
    </p>
   </div>
   <div class='ocr_carea' id='block_1_26' title="bbox 1964 1239 3524 1314">
    <p class='ocr_par' dir='ltr' id='par_1_26' title="bbox 1964 1239 3524 1314">
     <span class='ocr_line' id='line_1_26' title="bbox 1964 1239 3524 1314; baseline -0.004 -16"><span class='ocrx_word' id='word_1_161' title='bbox 1964 1247 2176 1314; x_wconf 82' lang='lat' dir='ltr'><strong>genitus</strong></span> <span class='ocrx_word' id='word_1_162' title='bbox 2234 1253 2287 1298; x_wconf 93' lang='lat' dir='ltr'><strong>et</strong></span> <span class='ocrx_word' id='word_1_163' title='bbox 2340 1253 2578 1306; x_wconf 91' lang='lat' dir='ltr'><strong>creatus,</strong></span> <span class='ocrx_word' id='word_1_164' title='bbox 2630 1239 3058 1312; x_wconf 82' lang='lat' dir='ltr'><strong>perfectiSsimus</strong></span> <span class='ocrx_word' id='word_1_165' title='bbox 3104 1239 3275 1292; x_wconf 88' lang='lat' dir='ltr'><strong>factus</strong></span> <span class='ocrx_word' id='word_1_166' title='bbox 3302 1246 3385 1292; x_wconf 84' lang='lat' dir='ltr'><strong>est</strong></span> <span class='ocrx_word' id='word_1_167' title='bbox 3425 1239 3524 1292; x_wconf 87' lang='lat' dir='ltr'><strong>mi-</strong></span> 
     </span>
    </p>
   </div>
   <div class='ocr_carea' id='block_1_27' title="bbox 1965 1340 2147 1392">
    <p class='ocr_par' dir='ltr' id='par_1_27' title="bbox 1965 1340 2147 1392">
     <span class='ocr_line' id='line_1_27' title="bbox 1965 1340 2147 1392; baseline -0.011 -1"><span class='ocrx_word' id='word_1_168' title='bbox 1965 1340 2147 1392; x_wconf 76' lang='lat' dir='ltr'><strong>nister.</strong></span> 
     </span>
    </p>
   </div>
   <div class='ocr_carea' id='block_1_28' title="bbox 2035 1409 3521 1496">
    <p class='ocr_par' dir='ltr' id='par_1_28' title="bbox 2035 1409 3521 1496">
     <span class='ocr_line' id='line_1_28' title="bbox 2035 1409 3521 1496; baseline -0.003 -14"><span class='ocrx_word' id='word_1_169' title='bbox 2035 1430 2159 1482; x_wconf 63' lang='lat' dir='ltr'><strong>Bas.</strong></span> <span class='ocrx_word' id='word_1_170' title='bbox 2189 1427 2242 1482; x_wconf 81' lang='lat' dir='ltr'><strong>Si</strong></span> <span class='ocrx_word' id='word_1_171' title='bbox 2289 1443 2418 1496; x_wconf 80' lang='lat' dir='ltr'><strong>ergo</strong></span> <span class='ocrx_word' id='word_1_172' title='bbox 2448 1445 2552 1483; x_wconf 88' lang='lat' dir='ltr'><strong>non</strong></span> <span class='ocrx_word' id='word_1_173' title='bbox 2573 1409 2858 1495; x_wconf 36' lang='lat' dir='ltr'><strong>’quouiam</strong></span> <span class='ocrx_word' id='word_1_174' title='bbox 2883 1426 3030 1480; x_wconf 87' lang='lat' dir='ltr'><strong>solus</strong></span> <span class='ocrx_word' id='word_1_175' title='bbox 3052 1425 3264 1495; x_wconf 84' lang='lat' dir='ltr'><strong>genitus</strong></span> <span class='ocrx_word' id='word_1_176' title='bbox 3294 1432 3398 1488; x_wconf 87' lang='lat' dir='ltr'><strong>est,</strong></span> <span class='ocrx_word' id='word_1_177' title='bbox 3428 1423 3521 1478; x_wconf 85' lang='lat' dir='ltr'><strong>sed</strong></span> 
     </span>
    </p>
   </div>
   <div class='ocr_carea' id='block_1_29' title="bbox 1963 1517 3526 1593">
    <p class='ocr_par' dir='ltr' id='par_1_29' title="bbox 1963 1517 3526 1593">
     <span class='ocr_line' id='line_1_29' title="bbox 1963 1517 3526 1593; baseline -0.002 -20"><span class='ocrx_word' id='word_1_178' title='bbox 1963 1523 2214 1593; x_wconf 85' lang='lat' dir='ltr'><strong>quOuiatn</strong></span> <span class='ocrx_word' id='word_1_179' title='bbox 2277 1536 2305 1575; x_wconf 89' lang='lat' dir='ltr'><strong>a</strong></span> <span class='ocrx_word' id='word_1_180' title='bbox 2337 1522 2469 1584; x_wconf 86' lang='lat' dir='ltr'><strong>solo,</strong></span> <span class='ocrx_word' id='word_1_181' title='bbox 2524 1521 2837 1587; x_wconf 79' lang='lat' dir='ltr'><strong>Uuigenitus</strong></span> <span class='ocrx_word' id='word_1_182' title='bbox 2893 1520 3066 1572; x_wconf 89' lang='lat' dir='ltr'><strong>dictus</strong></span> <span class='ocrx_word' id='word_1_183' title='bbox 3093 1517 3210 1584; x_wconf 61' lang='lat' dir='ltr'><strong>estf,</strong></span> <span class='ocrx_word' id='word_1_184' title='bbox 3253 1517 3297 1572; x_wconf 88' lang='lat' dir='ltr'><strong>si</strong></span> <span class='ocrx_word' id='word_1_185' title='bbox 3339 1531 3526 1570; x_wconf 87' lang='lat' dir='ltr'><strong>rursus</strong></span> 
     </span>
    </p>
   </div>
   <div class='ocr_carea' id='block_1_30' title="bbox 1965 1613 3518 1680">
    <p class='ocr_par' dir='ltr' id='par_1_30' title="bbox 1965 1613 3518 1680">
     <span class='ocr_line' id='line_1_30' title="bbox 1965 1613 3518 1680; baseline -0.005 -11"><span class='ocrx_word' id='word_1_186' title='bbox 1965 1617 2103 1670; x_wconf 90' lang='lat' dir='ltr'><strong>idem</strong></span> <span class='ocrx_word' id='word_1_187' title='bbox 2130 1625 2210 1668; x_wconf 88' lang='lat' dir='ltr'><strong>est</strong></span> <span class='ocrx_word' id='word_1_188' title='bbox 2233 1615 2526 1668; x_wconf 89' lang='lat' dir='ltr'><strong>secundum</strong></span> <span class='ocrx_word' id='word_1_189' title='bbox 2559 1624 2610 1666; x_wconf 88' lang='lat' dir='ltr'><strong>te</strong></span> <span class='ocrx_word' id='word_1_190' title='bbox 2632 1613 2866 1680; x_wconf 82' lang='lat' dir='ltr'><strong>genitum</strong></span> <span class='ocrx_word' id='word_1_191' title='bbox 2897 1626 3015 1666; x_wconf 87' lang='lat' dir='ltr'><strong>esse</strong></span> <span class='ocrx_word' id='word_1_192' title='bbox 3031 1621 3082 1666; x_wconf 92' lang='lat' dir='ltr'><strong>et</strong></span> <span class='ocrx_word' id='word_1_193' title='bbox 3101 1621 3342 1665; x_wconf 85' lang='lat' dir='ltr'><strong>creatqu</strong></span> <span class='ocrx_word' id='word_1_194' title='bbox 3369 1623 3518 1670; x_wconf 88' lang='lat' dir='ltr'><strong>esse;</strong></span> 
     </span>
    </p>
   </div>
   <div class='ocr_carea' id='block_1_31' title="bbox 1964 1703 3522 1772">
    <p class='ocr_par' dir='ltr' id='par_1_31' title="bbox 1964 1703 3522 1772">
     <span class='ocr_line' id='line_1_31' title="bbox 1964 1703 3522 1772; baseline -0.006 -11"><span class='ocrx_word' id='word_1_195' title='bbox 1964 1722 2061 1761; x_wconf 83' lang='lat' dir='ltr'><strong>our</strong></span> <span class='ocrx_word' id='word_1_196' title='bbox 2093 1722 2196 1760; x_wconf 89' lang='lat' dir='ltr'><strong>non</strong></span> <span class='ocrx_word' id='word_1_197' title='bbox 2245 1707 2408 1760; x_wconf 89' lang='lat' dir='ltr'><strong>etiam</strong></span> <span class='ocrx_word' id='word_1_198' title='bbox 2460 1705 2793 1758; x_wconf 87' lang='lat' dir='ltr'><strong>unicreatum</strong></span> <span class='ocrx_word' id='word_1_199' title='bbox 2848 1719 2968 1758; x_wconf 92' lang='lat' dir='ltr'><strong>eum</strong></span> <span class='ocrx_word' id='word_1_200' title='bbox 3029 1703 3262 1772; x_wconf 87' lang='lat' dir='ltr'><strong>appellas</strong></span> <span class='ocrx_word' id='word_1_201' title='bbox 3292 1713 3382 1765; x_wconf 92' lang='lat' dir='ltr'><strong>tu,</strong></span> <span class='ocrx_word' id='word_1_202' title='bbox 3434 1704 3522 1771; x_wconf 86' lang='lat' dir='ltr'><strong>qui</strong></span> 
     </span>
    </p>
   </div>
   <div class='ocr_carea' id='block_1_32' title="bbox 1965 1793 3524 1864">
    <p class='ocr_par' dir='ltr' id='par_1_32' title="bbox 1965 1793 3524 1864">
     <span class='ocr_line' id='line_1_32' title="bbox 1965 1793 3524 1864; baseline -0.003 -13"><span class='ocrx_word' id='word_1_203' title='bbox 1965 1797 2143 1851; x_wconf 90' lang='lat' dir='ltr'><strong>omnia</strong></span> <span class='ocrx_word' id='word_1_204' title='bbox 2174 1796 2330 1850; x_wconf 78' lang='lat' dir='ltr'><strong>facile</strong></span> <span class='ocrx_word' id='word_1_205' title='bbox 2371 1806 2424 1850; x_wconf 86' lang='lat' dir='ltr'><strong>et</strong></span> <span class='ocrx_word' id='word_1_206' title='bbox 2455 1799 2730 1864; x_wconf 83' lang='lat' dir='ltr'><strong>excogitas</strong></span> <span class='ocrx_word' id='word_1_207' title='bbox 2757 1805 2810 1849; x_wconf 86' lang='lat' dir='ltr'><strong>et</strong></span> <span class='ocrx_word' id='word_1_208' title='bbox 2854 1793 3099 1864; x_wconf 75' lang='lat' dir='ltr'><strong>profers?</strong></span> <span class='ocrx_word' id='word_1_209' title='bbox 3130 1793 3296 1848; x_wconf 85' lang='lat' dir='ltr'><strong>Nemo</strong></span> <span class='ocrx_word' id='word_1_210' title='bbox 3347 1804 3524 1848; x_wconf 87' lang='lat' dir='ltr'><strong>autem</strong></span> 
     </span>
    </p>
   </div>
   <div class='ocr_carea' id='block_1_33' title="bbox 294 1858 1870 1956">
    <p class='ocr_par' dir='ltr' id='par_1_33' title="bbox 294 1880 1865 1954">
     <span class='ocr_line' id='line_1_33' title="bbox 294 1880 1865 1954; baseline -0.004 -16"><span class='ocrx_word' id='word_1_211' title='bbox 294 1888 369 1950; x_wconf 85' lang='grc' dir='ltr'>ὼς</span> <span class='ocrx_word' id='word_1_212' title='bbox 394 1885 588 1946; x_wconf 80' lang='grc' dir='ltr'>ἔοικεν,</span> <span class='ocrx_word' id='word_1_213' title='bbox 631 1882 929 1954; x_wconf 72' lang='grc' dir='ltr'>ἀνθρώπων</span> <span class='ocrx_word' id='word_1_214' title='bbox 966 1882 1170 1944; x_wconf 74' lang='grc' dir='ltr'>οὐδεὶς,</span> <span class='ocrx_word' id='word_1_215' title='bbox 1215 1882 1354 1934; x_wconf 87' lang='grc' dir='ltr'>κατά</span> <span class='ocrx_word' id='word_1_216' title='bbox 1380 1897 1441 1948; x_wconf 85' lang='grc' dir='ltr'><strong>γε</strong></span> <span class='ocrx_word' id='word_1_217' title='bbox 1470 1881 1558 1932; x_wconf 83' lang='grc' dir='ltr'><strong>τὸν</strong></span> <span class='ocrx_word' id='word_1_218' title='bbox 1600 1880 1865 1950; x_wconf 81' lang='grc' dir='ltr'>ἡμέτερον</span> 
     </span>
    </p>
   </div>
   <div class='ocr_carea' id='block_1_34' title="bbox 1968 1858 3523 1956">
    <p class='ocr_par' dir='ltr' id='par_1_34' title="bbox 1968 1885 3523 1956">
     <span class='ocr_line' id='line_1_34' title="bbox 1968 1885 3523 1956; baseline -0.001 -14"><span class='ocrx_word' id='word_1_219' title='bbox 1968 1885 2148 1952; x_wconf 77' lang='lat' dir='ltr'><strong>ho&#39;iuo,</strong></span> <span class='ocrx_word' id='word_1_220' title='bbox 2188 1900 2244 1942; x_wconf 92' lang='lat' dir='ltr'><strong>ut</strong></span> <span class='ocrx_word' id='word_1_221' title='bbox 2279 1888 2454 1950; x_wconf 71' lang='lat' dir='ltr'><strong>video,</strong></span> <span class='ocrx_word' id='word_1_222' title='bbox 2478 1905 2542 1941; x_wconf 78' lang='lat' dir='ltr'><strong>ex</strong></span> <span class='ocrx_word' id='word_1_223' title='bbox 2579 1897 2753 1942; x_wconf 78' lang='lat' dir='ltr'><strong>vestra</strong></span> <span class='ocrx_word' id='word_1_224' title='bbox 2783 1887 3046 1940; x_wconf 73' lang='lat' dir='ltr'><strong>sententia</strong></span> <span class='ocrx_word' id='word_1_225' title='bbox 3080 1897 3164 1941; x_wconf 87' lang='lat' dir='ltr'><strong>est</strong></span> <span class='ocrx_word' id='word_1_226' title='bbox 3193 1885 3523 1956; x_wconf 80' lang='lat' dir='ltr'><strong>unigenitus,</strong></span> 
     </span>
    </p>
   </div>
   <div class='ocr_carea' id='block_1_35' title="bbox 295 1971 1865 2046">
    <p class='ocr_par' dir='ltr' id='par_1_35' title="bbox 295 1971 1865 2046">
     <span class='ocr_line' id='line_1_35' title="bbox 295 1971 1865 2046; baseline -0.004 -17"><span class='ocrx_word' id='word_1_227' title='bbox 295 1978 453 2046; x_wconf 83' lang='grc' dir='ltr'>λόγον</span> <span class='ocrx_word' id='word_1_228' title='bbox 477 1975 564 2030; x_wconf 85' lang='grc' dir='ltr'>διὰ</span> <span class='ocrx_word' id='word_1_229' title='bbox 590 1976 649 2029; x_wconf 75' lang='grc' dir='ltr'>τὸ</span> <span class='ocrx_word' id='word_1_230' title='bbox 676 1977 738 2028; x_wconf 84' lang='grc' dir='ltr'>ὲκ</span> <span class='ocrx_word' id='word_1_231' title='bbox 765 1973 1096 2044; x_wconf 66' lang='grc' dir='ltr'>συνδυασμοῦ</span> <span class='ocrx_word' id='word_1_232' title='bbox 1129 1975 1290 2026; x_wconf 79' lang='grc' dir='ltr'>πᾶσιν</span> <span class='ocrx_word' id='word_1_233' title='bbox 1323 1972 1584 2042; x_wconf 74' lang='grc' dir='ltr'>ὑπάρχειν</span> <span class='ocrx_word' id='word_1_234' title='bbox 1620 1972 1716 2041; x_wconf 72' lang='grc' dir='ltr'><strong>τὴν</strong></span> <span class='ocrx_word' id='word_1_235' title='bbox 1746 1971 1865 2037; x_wconf 83' lang='grc' dir='ltr'>γέν-</span> 
     </span>
    </p>
   </div>
   <div class='ocr_carea' id='block_1_36' title="bbox 298 2059 1862 2138">
    <p class='ocr_par' dir='ltr' id='par_1_36' title="bbox 298 2059 1862 2138">
     <span class='ocr_line' id='line_1_36' title="bbox 298 2059 1862 2138; baseline -0.002 -18"><span class='ocrx_word' id='word_1_236' title='bbox 298 2085 474 2138; x_wconf 84' lang='grc' dir='ltr'>νησιν.</span> <span class='ocrx_word' id='word_1_237' title='bbox 523 2067 656 2120; x_wconf 78' lang='grc' dir='ltr'>Οὐδὲ</span> <span class='ocrx_word' id='word_1_238' title='bbox 701 2069 732 2138; x_wconf 83' lang='grc' dir='ltr'>ὴ</span> <span class='ocrx_word' id='word_1_239' title='bbox 777 2067 924 2137; x_wconf 83' lang='grc' dir='ltr'>Σάρα</span> <span class='ocrx_word' id='word_1_240' title='bbox 969 2067 1150 2136; x_wconf 83' lang='grc' dir='ltr'><strong>μήτηρ</strong></span> <span class='ocrx_word' id='word_1_241' title='bbox 1202 2064 1520 2135; x_wconf 80' lang='grc' dir='ltr'>μονογενοῦς</span> <span class='ocrx_word' id='word_1_242' title='bbox 1544 2059 1612 2135; x_wconf 78' lang='grc' dir='ltr'>ἦν</span> <span class='ocrx_word' id='word_1_243' title='bbox 1652 2065 1862 2128; x_wconf 80' lang='grc' dir='ltr'>παιδὸς,</span> 
     </span>
    </p>
   </div>
   <div class='ocr_carea' id='block_1_37' title="bbox 293 2155 1862 2230">
    <p class='ocr_par' dir='ltr' id='par_1_37' title="bbox 293 2155 1862 2230">
     <span class='ocr_line' id='line_1_37' title="bbox 293 2155 1862 2230; baseline -0.003 -17"><span class='ocrx_word' id='word_1_244' title='bbox 293 2161 428 2213; x_wconf 84' lang='grc' dir='ltr'>διότι</span> <span class='ocrx_word' id='word_1_245' title='bbox 461 2159 582 2229; x_wconf 72' lang='grc' dir='ltr'>οὐχ).</span> <span class='ocrx_word' id='word_1_246' title='bbox 628 2159 759 2230; x_wconf 90' lang='grc' dir='ltr'>μόνη</span> <span class='ocrx_word' id='word_1_247' title='bbox 784 2157 965 2219; x_wconf 72' lang='grc' dir='ltr'>αὐτὸν,</span> <span class='ocrx_word' id='word_1_248' title='bbox 995 2157 1129 2210; x_wconf 78' lang='grc' dir='ltr'>ἀλλὰ</span> <span class='ocrx_word' id='word_1_249' title='bbox 1167 2157 1301 2227; x_wconf 79' lang='grc' dir='ltr'>μετὰ</span> <span class='ocrx_word' id='word_1_250' title='bbox 1334 2156 1426 2209; x_wconf 80' lang='grc' dir='ltr'>τοῦ</span> <span class='ocrx_word' id='word_1_251' title='bbox 1464 2155 1714 2227; x_wconf 77' lang='grc' dir='ltr'>Ἀϐραὰμ</span> <span class='ocrx_word' id='word_1_252' title='bbox 1745 2157 1862 2208; x_wconf 71' lang='grc' dir='ltr'>ὲτεο</span> 
     </span>
    </p>
   </div>
   <div class='ocr_carea' id='block_1_38' title="bbox 295 2247 1864 2320">
    <p class='ocr_par' dir='ltr' id='par_1_38' title="bbox 295 2247 1864 2320">
     <span class='ocr_line' id='line_1_38' title="bbox 295 2247 1864 2320; baseline -0.003 -16"><span class='ocrx_word' id='word_1_253' title='bbox 295 2250 559 2305; x_wconf 85' lang='grc' dir='ltr'>κνὼσατο.</span> <span class='ocrx_word' id='word_1_254' title='bbox 593 2252 700 2304; x_wconf 79' lang='grc' dir='ltr'><strong>Καὶ</strong></span> <span class='ocrx_word' id='word_1_255' title='bbox 722 2251 815 2304; x_wconf 82' lang='grc' dir='ltr'><strong>ἐάν</strong></span> <span class='ocrx_word' id='word_1_256' title='bbox 846 2266 902 2318; x_wconf 81' lang='grc' dir='ltr'><strong>γε</strong></span> <span class='ocrx_word' id='word_1_257' title='bbox 933 2251 1104 2320; x_wconf 82' lang='grc' dir='ltr'>κρατῇ</span> <span class='ocrx_word' id='word_1_258' title='bbox 1128 2248 1194 2301; x_wconf 87' lang='grc' dir='ltr'>τὰ</span> <span class='ocrx_word' id='word_1_259' title='bbox 1214 2249 1474 2319; x_wconf 83' lang='grc' dir='ltr'>ὑμέτερα,</span> <span class='ocrx_word' id='word_1_260' title='bbox 1507 2248 1717 2316; x_wconf 83' lang='grc' dir='ltr'>ἀνάγκη</span> <span class='ocrx_word' id='word_1_261' title='bbox 1747 2247 1864 2300; x_wconf 80' lang='grc' dir='ltr'>ὅλον</span> 
     </span>
    </p>
   </div>
   <div class='ocr_carea' id='block_1_39' title="bbox 296 2339 1863 2414">
    <p class='ocr_par' dir='ltr' id='par_1_39' title="bbox 296 2339 1863 2414">
     <span class='ocr_line' id='line_1_39' title="bbox 296 2339 1863 2414; baseline -0.005 -16"><span class='ocrx_word' id='word_1_262' title='bbox 296 2344 387 2398; x_wconf 83' lang='grc' dir='ltr'><strong>τὸν</strong></span> <span class='ocrx_word' id='word_1_263' title='bbox 438 2343 552 2414; x_wconf 87' lang='grc' dir='ltr'>βίον</span> <span class='ocrx_word' id='word_1_264' title='bbox 615 2342 944 2414; x_wconf 73' lang='grc' dir='ltr'>μεταμαθεῖν</span> <span class='ocrx_word' id='word_1_265' title='bbox 968 2341 1100 2411; x_wconf 73' lang='lat'><strong>(59.),</strong></span> <span class='ocrx_word' id='word_1_266' title='bbox 1141 2342 1214 2412; x_wconf 87' lang='grc' dir='ltr'>μὴ</span> <span class='ocrx_word' id='word_1_267' title='bbox 1268 2339 1549 2411; x_wconf 82' lang='grc' dir='ltr'>μονώσεως</span> <span class='ocrx_word' id='word_1_268' title='bbox 1603 2339 1863 2408; x_wconf 72' lang='grc' dir='ltr'>ἀδελφῶν,</span> 
     </span>
    </p>
   </div>
   <div class='ocr_carea' id='block_1_40' title="bbox 295 2428 1864 2508">
    <p class='ocr_par' dir='ltr' id='par_1_40' title="bbox 295 2428 1864 2508">
     <span class='ocr_line' id='line_1_40' title="bbox 295 2428 1864 2508; baseline -0.003 -20"><span class='ocrx_word' id='word_1_269' title='bbox 295 2435 411 2488; x_wconf 78' lang='grc' dir='ltr'>ἀλλ’</span> <span class='ocrx_word' id='word_1_270' title='bbox 447 2436 679 2508; x_wconf 76' lang='grc' dir='ltr'>ἐρημίας</span> <span class='ocrx_word' id='word_1_271' title='bbox 710 2435 814 2486; x_wconf 88' lang='grc' dir='ltr'><strong>τῶν</strong></span> <span class='ocrx_word' id='word_1_272' title='bbox 845 2433 1229 2486; x_wconf 85' lang='grc' dir='ltr'>συντικτόντων</span> <span class='ocrx_word' id='word_1_273' title='bbox 1254 2431 1543 2502; x_wconf 78' lang='grc' dir='ltr'>δηλωτικὸν</span> <span class='ocrx_word' id='word_1_274' title='bbox 1575 2428 1713 2485; x_wconf 78' lang='grc' dir='ltr'>εἶναι</span> <span class='ocrx_word' id='word_1_275' title='bbox 1747 2429 1864 2484; x_wconf 77' lang='grc' dir='ltr'><strong>τοῦ-</strong></span> 
     </span>
    </p>
   </div>
   <div class='ocr_carea' id='block_1_41' title="bbox 299 2522 1865 2598">
    <p class='ocr_par' dir='ltr' id='par_1_41' title="bbox 299 2522 1865 2598">
     <span class='ocr_line' id='line_1_41' title="bbox 299 2522 1865 2598; baseline -0.003 -18"><span class='ocrx_word' id='word_1_276' title='bbox 299 2544 458 2598; x_wconf 80' lang='grc' dir='ltr'>νομα.</span> <span class='ocrx_word' id='word_1_277' title='bbox 489 2527 628 2596; x_wconf 80' lang='grc' dir='ltr'>Ἤδη</span> <span class='ocrx_word' id='word_1_278' title='bbox 650 2527 704 2578; x_wconf 82' lang='grc' dir='ltr'>δὲ</span> <span class='ocrx_word' id='word_1_279' title='bbox 738 2527 829 2578; x_wconf 76' lang='grc' dir='ltr'>καὶ</span> <span class='ocrx_word' id='word_1_280' title='bbox 861 2527 893 2595; x_wconf 74' lang='grc' dir='ltr'>ἡ</span> <span class='ocrx_word' id='word_1_281' title='bbox 929 2525 1101 2589; x_wconf 82' lang='grc' dir='ltr'>κτίσις</span> <span class='ocrx_word' id='word_1_282' title='bbox 1128 2524 1278 2596; x_wconf 78' lang='grc' dir='ltr'>παρὰ</span> <span class='ocrx_word' id='word_1_283' title='bbox 1306 2525 1404 2595; x_wconf 78' lang='grc' dir='ltr'>τὴν</span> <span class='ocrx_word' id='word_1_284' title='bbox 1425 2525 1602 2578; x_wconf 80' lang='grc' dir='ltr'>αἰτίαν</span> <span class='ocrx_word' id='word_1_285' title='bbox 1620 2523 1714 2576; x_wconf 74' lang='grc' dir='ltr'>τοῦ</span> <span class='ocrx_word' id='word_1_286' title='bbox 1731 2522 1865 2576; x_wconf 88' lang='grc' dir='ltr'><strong>Θεοῦ</strong></span> 
     </span>
    </p>
   </div>
   <div class='ocr_carea' id='block_1_42' title="bbox 297 2616 1866 2690">
    <p class='ocr_par' dir='ltr' id='par_1_42' title="bbox 297 2616 1866 2690">
     <span class='ocr_line' id='line_1_42' title="bbox 297 2616 1866 2690; baseline -0.004 -16"><span class='ocrx_word' id='word_1_287' title='bbox 297 2621 466 2688; x_wconf 88' lang='grc' dir='ltr'>Λόγον</span> <span class='ocrx_word' id='word_1_288' title='bbox 489 2619 621 2690; x_wconf 84' lang='grc' dir='ltr'>πρὸς</span> <span class='ocrx_word' id='word_1_289' title='bbox 645 2619 742 2689; x_wconf 79' lang='grc' dir='ltr'>τὴν</span> <span class='ocrx_word' id='word_1_290' title='bbox 773 2618 925 2682; x_wconf 79' lang='grc' dir='ltr'>ἀξίαν</span> <span class='ocrx_word' id='word_1_291' title='bbox 960 2619 1290 2687; x_wconf 70' lang='grc' dir='ltr'>ἠλάττωται,</span> <span class='ocrx_word' id='word_1_292' title='bbox 1328 2617 1478 2689; x_wconf 82' lang='grc' dir='ltr'>παρὰ</span> <span class='ocrx_word' id='word_1_293' title='bbox 1505 2616 1752 2669; x_wconf 76' lang='grc' dir='ltr'>τοσοῦτον</span> <span class='ocrx_word' id='word_1_294' title='bbox 1773 2616 1866 2669; x_wconf 76' lang='grc' dir='ltr'>τοῦ</span> 
     </span>
    </p>
   </div>
   <div class='ocr_carea' id='block_1_43' title="bbox 299 2706 1868 2782">
    <p class='ocr_par' dir='ltr' id='par_1_43' title="bbox 299 2706 1868 2782">
     <span class='ocr_line' id='line_1_43' title="bbox 299 2706 1868 2782; baseline -0.003 -17"><span class='ocrx_word' id='word_1_295' title='bbox 299 2715 396 2765; x_wconf 75' lang='grc' dir='ltr'><strong>καὶ</strong></span> <span class='ocrx_word' id='word_1_296' title='bbox 429 2711 565 2782; x_wconf 80' lang='grc' dir='ltr'>αὐτὴ</span> <span class='ocrx_word' id='word_1_297' title='bbox 615 2712 908 2782; x_wconf 75' lang='grc' dir='ltr'>μονογενὴς</span> <span class='ocrx_word' id='word_1_298' title='bbox 945 2706 1081 2762; x_wconf 79' lang='grc' dir='ltr'>εἶναι</span> <span class='ocrx_word' id='word_1_299' title='bbox 1121 2709 1510 2781; x_wconf 84' lang='grc' dir='ltr'>διαμαρτοῦσα,</span> <span class='ocrx_word' id='word_1_300' title='bbox 1542 2710 1668 2779; x_wconf 79' lang='grc' dir='ltr'>παρ’</span> <span class='ocrx_word' id='word_1_301' title='bbox 1695 2709 1816 2761; x_wconf 84' lang='grc' dir='ltr'>ὅσον</span> <span class='ocrx_word' id='word_1_302' title='bbox 1840 2709 1868 2760; x_wconf 83' lang='grc' dir='ltr'>ὁ</span> 
     </span>
    </p>
   </div>
   <div class='ocr_carea' id='block_1_44' title="bbox 304 2799 1870 2875">
    <p class='ocr_par' dir='ltr' id='par_1_44' title="bbox 304 2799 1870 2875">
     <span class='ocr_line' id='line_1_44' title="bbox 304 2799 1870 2875; baseline -0.003 -19"><span class='ocrx_word' id='word_1_303' title='bbox 304 2804 427 2866; x_wconf 78' lang='grc' dir='ltr'>Υἱὸς</span> <span class='ocrx_word' id='word_1_304' title='bbox 471 2803 567 2873; x_wconf 77' lang='grc' dir='ltr'>τῆς</span> <span class='ocrx_word' id='word_1_305' title='bbox 593 2803 952 2875; x_wconf 79' lang='grc' dir='ltr'>δημιουργίας</span> <span class='ocrx_word' id='word_1_306' title='bbox 996 2801 1072 2872; x_wconf 82' lang='grc' dir='ltr'>τῷ</span> <span class='ocrx_word' id='word_1_307' title='bbox 1108 2801 1280 2872; x_wconf 76' lang='grc' dir='ltr'>Πατρὶ</span> <span class='ocrx_word' id='word_1_308' title='bbox 1321 2799 1662 2872; x_wconf 71' lang='grc' dir='ltr'>συνεφήψατο</span> <span class='ocrx_word' id='word_1_309' title='bbox 1686 2817 1699 2831; x_wconf 87' lang='grc'><strong>·</strong></span> <span class='ocrx_word' id='word_1_310' title='bbox 1753 2801 1870 2853; x_wconf 83' lang='grc' dir='ltr'>καί·</span> 
     </span>
    </p>
   </div>
   <div class='ocr_carea' id='block_1_45' title="bbox 301 2894 1866 2967">
    <p class='ocr_par' dir='ltr' id='par_1_45' title="bbox 301 2894 1866 2967">
     <span class='ocr_line' id='line_1_45' title="bbox 301 2894 1866 2967; baseline 0 -17"><span class='ocrx_word' id='word_1_311' title='bbox 301 2913 450 2965; x_wconf 80' lang='grc' dir='ltr'>τοιγε</span> <span class='ocrx_word' id='word_1_312' title='bbox 497 2897 615 2950; x_wconf 78' lang='grc' dir='ltr'>οὐδὲ</span> <span class='ocrx_word' id='word_1_313' title='bbox 659 2897 817 2949; x_wconf 79' lang='grc' dir='ltr'>τοῦτο</span> <span class='ocrx_word' id='word_1_314' title='bbox 881 2899 1007 2967; x_wconf 84' lang='grc' dir='ltr'>παρ’</span> <span class='ocrx_word' id='word_1_315' title='bbox 1066 2895 1244 2949; x_wconf 78' lang='grc' dir='ltr'>αὐτῶν</span> <span class='ocrx_word' id='word_1_316' title='bbox 1311 2894 1420 2965; x_wconf 82' lang='grc'><strong>(55)</strong></span> <span class='ocrx_word' id='word_1_317' title='bbox 1484 2897 1866 2965; x_wconf 82' lang='grc' dir='ltr'>συγχωρεῖται.</span> 
     </span>
    </p>
   </div>
   <div class='ocr_carea' id='block_1_46' title="bbox 313 2984 1870 3059">
    <p class='ocr_par' dir='ltr' id='par_1_46' title="bbox 313 2984 1870 3059">
     <span class='ocr_line' id='line_1_46' title="bbox 313 2984 1870 3059; baseline -0.002 -19"><span class='ocrx_word' id='word_1_318' title='bbox 313 2987 617 3059; x_wconf 80' lang='grc' dir='ltr'>’Υπουργὸν</span> <span class='ocrx_word' id='word_1_319' title='bbox 669 2990 776 3058; x_wconf 80' lang='grc' dir='ltr'><strong>γὰρ</strong></span> <span class='ocrx_word' id='word_1_320' title='bbox 809 2986 1139 3042; x_wconf 83' lang='grc' dir='ltr'>τελειότατον</span> <span class='ocrx_word' id='word_1_321' title='bbox 1187 2987 1344 3038; x_wconf 76' lang='grc' dir='ltr'>αὐτὸν</span> <span class='ocrx_word' id='word_1_322' title='bbox 1378 2985 1720 3055; x_wconf 79' lang='grc' dir='ltr'>ὀνομάζουσι.</span> <span class='ocrx_word' id='word_1_323' title='bbox 1747 2984 1870 3048; x_wconf 87' lang='grc' dir='ltr'><strong>Πῶς</strong></span> 
     </span>
    </p>
   </div>
   <div class='ocr_carea' id='block_1_47' title="bbox 301 3075 1869 3151">
    <p class='ocr_par' dir='ltr' id='par_1_47' title="bbox 301 3075 1869 3151">
     <span class='ocr_line' id='line_1_47' title="bbox 301 3075 1869 3151; baseline -0.002 -19"><span class='ocrx_word' id='word_1_324' title='bbox 301 3075 394 3133; x_wconf 76' lang='grc' dir='ltr'><strong>οὖν</strong></span> <span class='ocrx_word' id='word_1_325' title='bbox 423 3079 543 3150; x_wconf 72' lang='grc' dir='ltr'>οὐχὶ</span> <span class='ocrx_word' id='word_1_326' title='bbox 573 3081 722 3150; x_wconf 74' lang='grc' dir='ltr'>παρὰ</span> <span class='ocrx_word' id='word_1_327' title='bbox 762 3080 922 3150; x_wconf 85' lang='grc' dir='ltr'>μόνου</span> <span class='ocrx_word' id='word_1_328' title='bbox 951 3080 1043 3133; x_wconf 73' lang='grc' dir='ltr'><strong>καὶ</strong></span> <span class='ocrx_word' id='word_1_329' title='bbox 1071 3081 1106 3151; x_wconf 71' lang='grc' dir='ltr'><strong>ἡ</strong></span> <span class='ocrx_word' id='word_1_330' title='bbox 1143 3080 1316 3142; x_wconf 87' lang='grc' dir='ltr'>κτίσις</span> <span class='ocrx_word' id='word_1_331' title='bbox 1345 3076 1675 3146; x_wconf 60' lang='grc' dir='ltr'>γέγονεςκαθ⁴</span> <span class='ocrx_word' id='word_1_332' title='bbox 1704 3078 1869 3146; x_wconf 77' lang='grc' dir='ltr'>ὑμᾶς,</span> 
     </span>
    </p>
   </div>
   <div class='ocr_carea' id='block_1_48' title="bbox 302 3167 1869 3244">
    <p class='ocr_par' dir='ltr' id='par_1_48' title="bbox 302 3167 1869 3244">
     <span class='ocr_line' id='line_1_48' title="bbox 302 3167 1869 3244; baseline -0.003 -18"><span class='ocrx_word' id='word_1_333' title='bbox 302 3167 411 3226; x_wconf 73' lang='grc' dir='ltr'>οἶόν</span> <span class='ocrx_word' id='word_1_334' title='bbox 451 3190 501 3225; x_wconf 89' lang='grc' dir='ltr'><strong>τι</strong></span> <span class='ocrx_word' id='word_1_335' title='bbox 553 3173 778 3244; x_wconf 74' lang='grc' dir='ltr'>ὄργανον</span> <span class='ocrx_word' id='word_1_336' title='bbox 823 3172 1026 3243; x_wconf 75' lang='grc' dir='ltr'>ἄψυχον</span> <span class='ocrx_word' id='word_1_337' title='bbox 1080 3173 1169 3225; x_wconf 83' lang='grc' dir='ltr'><strong>τὸν</strong></span> <span class='ocrx_word' id='word_1_338' title='bbox 1205 3171 1334 3224; x_wconf 75' lang='grc' dir='ltr'>Θεὸν</span> <span class='ocrx_word' id='word_1_339' title='bbox 1369 3172 1537 3239; x_wconf 86' lang='grc' dir='ltr'>Λόγον</span> <span class='ocrx_word' id='word_1_340' title='bbox 1571 3169 1648 3240; x_wconf 79' lang='grc' dir='ltr'>τῷ</span> <span class='ocrx_word' id='word_1_341' title='bbox 1695 3169 1869 3240; x_wconf 81' lang='grc' dir='ltr'>Πατρὶ</span> 
     </span>
    </p>
   </div>
   <div class='ocr_carea' id='block_1_49' title="bbox 303 3262 1865 3336">
    <p class='ocr_par' dir='ltr' id='par_1_49' title="bbox 303 3262 1865 3336">
     <span class='ocr_line' id='line_1_49' title="bbox 303 3262 1865 3336; baseline -0.001 -19"><span class='ocrx_word' id='word_1_342' title='bbox 303 3263 688 3336; x_wconf 76' lang='grc' dir='ltr'>προστιθέντας</span> <span class='ocrx_word' id='word_1_343' title='bbox 707 3305 721 3327; x_wconf 91' lang='grc'><strong>,</strong></span> <span class='ocrx_word' id='word_1_344' title='bbox 758 3266 804 3317; x_wconf 85' lang='grc' dir='ltr'><strong>εί</strong></span> <span class='ocrx_word' id='word_1_345' title='bbox 851 3265 923 3335; x_wconf 77' lang='grc' dir='ltr'>μὴ</span> <span class='ocrx_word' id='word_1_346' title='bbox 953 3266 1043 3319; x_wconf 72' lang='grc' dir='ltr'><strong>καὶ</strong></span> <span class='ocrx_word' id='word_1_347' title='bbox 1071 3265 1161 3318; x_wconf 76' lang='grc' dir='ltr'><strong>τὸν</strong></span> <span class='ocrx_word' id='word_1_348' title='bbox 1199 3264 1474 3333; x_wconf 54' lang='grc' dir='ltr'>ναυπηγὸν</span> <span class='ocrx_word' id='word_1_349' title='bbox 1503 3262 1865 3334; x_wconf 77' lang='grc' dir='ltr'>ἀφαιρήσεταί</span> 
     </span>
    </p>
   </div>
   <div class='ocr_carea' id='block_1_50' title="bbox 308 3354 1867 3426">
    <p class='ocr_par' dir='ltr' id='par_1_50' title="bbox 308 3354 1867 3426">
     <span class='ocr_line' id='line_1_50' title="bbox 308 3354 1867 3426; baseline -0.003 -16"><span class='ocrx_word' id='word_1_350' title='bbox 308 3373 386 3418; x_wconf 80' lang='grc' dir='ltr'><strong>τις</strong></span> <span class='ocrx_word' id='word_1_351' title='bbox 445 3357 601 3426; x_wconf 85' lang='grc' dir='ltr'>μόνον</span> <span class='ocrx_word' id='word_1_352' title='bbox 660 3357 1009 3424; x_wconf 78' lang='grc' dir='ltr'>πεποιηκέναι</span> <span class='ocrx_word' id='word_1_353' title='bbox 1061 3356 1156 3425; x_wconf 80' lang='grc' dir='ltr'><strong>τὴν</strong></span> <span class='ocrx_word' id='word_1_354' title='bbox 1205 3355 1355 3416; x_wconf 82' lang='grc' dir='ltr'>ναῦν,</span> <span class='ocrx_word' id='word_1_355' title='bbox 1404 3356 1485 3407; x_wconf 82' lang='grc' dir='ltr'><strong>ὄτι</strong></span> <span class='ocrx_word' id='word_1_356' title='bbox 1529 3354 1591 3424; x_wconf 78' lang='grc' dir='ltr'>δὴ</span> <span class='ocrx_word' id='word_1_357' title='bbox 1620 3354 1867 3425; x_wconf 79' lang='grc' dir='ltr'>ὀργάνοις</span> 
     </span>
    </p>
   </div>
   <div class='ocr_carea' id='block_1_51' title="bbox 304 3443 1877 3517">
    <p class='ocr_par' dir='ltr' id='par_1_51' title="bbox 304 3443 1877 3517">
     <span class='ocr_line' id='line_1_51' title="bbox 304 3443 1877 3517; baseline -0.001 -20"><span class='ocrx_word' id='word_1_358' title='bbox 304 3443 439 3517; x_wconf 56' lang='grc' dir='ltr'>πρὶς</span> <span class='ocrx_word' id='word_1_359' title='bbox 459 3443 555 3514; x_wconf 82' lang='grc' dir='ltr'>τὴν</span> <span class='ocrx_word' id='word_1_360' title='bbox 587 3445 928 3514; x_wconf 79' lang='grc' dir='ltr'>κατασκευὴν</span> <span class='ocrx_word' id='word_1_361' title='bbox 960 3446 1360 3514; x_wconf 73' lang='grc' dir='ltr'>συνεχρήσατος</span> <span class='ocrx_word' id='word_1_362' title='bbox 1394 3444 1555 3496; x_wconf 84' lang='grc' dir='ltr'>Ὥστε</span> <span class='ocrx_word' id='word_1_363' title='bbox 1588 3443 1877 3514; x_wconf 77' lang='grc' dir='ltr'>μονογενὴς</span> 
     </span>
    </p>
   </div>
   <div class='ocr_carea' id='block_1_52' title="bbox 305 3536 1878 3608">
    <p class='ocr_par' dir='ltr' id='par_1_52' title="bbox 305 3536 1878 3608">
     <span class='ocr_line' id='line_1_52' title="bbox 305 3536 1878 3608; baseline 0.001 -19"><span class='ocrx_word' id='word_1_364' title='bbox 305 3537 400 3589; x_wconf 69' lang='grc' dir='ltr'><strong>καὶ</strong></span> <span class='ocrx_word' id='word_1_365' title='bbox 445 3538 478 3607; x_wconf 86' lang='grc' dir='ltr'>ἡ</span> <span class='ocrx_word' id='word_1_366' title='bbox 523 3539 715 3600; x_wconf 79' lang='grc' dir='ltr'>κτίσις,</span> <span class='ocrx_word' id='word_1_367' title='bbox 745 3536 838 3589; x_wconf 70' lang='grc' dir='ltr'>καὶ</span> <span class='ocrx_word' id='word_1_368' title='bbox 857 3537 926 3589; x_wconf 78' lang='grc' dir='ltr'>τὰ</span> <span class='ocrx_word' id='word_1_369' title='bbox 962 3537 1100 3608; x_wconf 81' lang='grc' dir='ltr'>μέρη</span> <span class='ocrx_word' id='word_1_370' title='bbox 1129 3537 1330 3607; x_wconf 77' lang='grc' dir='ltr'>ταύτης</span> <span class='ocrx_word' id='word_1_371' title='bbox 1359 3536 1498 3606; x_wconf 75' lang='grc'><strong>(54)·</strong></span> <span class='ocrx_word' id='word_1_372' title='bbox 1541 3538 1602 3590; x_wconf 83' lang='grc' dir='ltr'><strong>οὑ</strong></span> <span class='ocrx_word' id='word_1_373' title='bbox 1637 3537 1797 3607; x_wconf 87' lang='grc' dir='ltr'>μόνον</span> <span class='ocrx_word' id='word_1_374' title='bbox 1822 3551 1878 3590; x_wconf 84' lang='grc' dir='ltr'><strong>αι</strong></span> 
     </span>
    </p>
   </div>
   <div class='ocr_carea' id='block_1_53' title="bbox 303 3627 1878 3700">
    <p class='ocr_par' dir='ltr' id='par_1_53' title="bbox 303 3627 1878 3700">
     <span class='ocr_line' id='line_1_53' title="bbox 303 3627 1878 3700; baseline 0.001 -18"><span class='ocrx_word' id='word_1_375' title='bbox 303 3629 525 3699; x_wconf 84' lang='grc' dir='ltr'>ἀόρατοι</span> <span class='ocrx_word' id='word_1_376' title='bbox 557 3627 830 3697; x_wconf 82' lang='grc' dir='ltr'>δυνάμεις,</span> <span class='ocrx_word' id='word_1_377' title='bbox 863 3628 996 3681; x_wconf 79' lang='grc' dir='ltr'>ἀλλὰ</span> <span class='ocrx_word' id='word_1_378' title='bbox 1029 3629 1120 3681; x_wconf 72' lang='grc' dir='ltr'><strong>καὶ</strong></span> <span class='ocrx_word' id='word_1_379' title='bbox 1149 3629 1215 3681; x_wconf 88' lang='grc' dir='ltr'>τὰ</span> <span class='ocrx_word' id='word_1_380' title='bbox 1245 3628 1477 3699; x_wconf 79' lang='grc' dir='ltr'>αἰσθητὰ</span> <span class='ocrx_word' id='word_1_381' title='bbox 1505 3628 1751 3700; x_wconf 85' lang='grc' dir='ltr'>σώματα,</span> <span class='ocrx_word' id='word_1_382' title='bbox 1787 3631 1878 3683; x_wconf 71' lang='grc' dir='ltr'><strong>καὶ</strong></span> 
     </span>
    </p>
   </div>
   <div class='ocr_carea' id='block_1_54' title="bbox 306 3719 1878 3793">
    <p class='ocr_par' dir='ltr' id='par_1_54' title="bbox 306 3719 1878 3793">
     <span class='ocr_line' id='line_1_54' title="bbox 306 3719 1878 3793; baseline 0.003 -22"><span class='ocrx_word' id='word_1_383' title='bbox 306 3719 513 3773; x_wconf 83' lang='grc' dir='ltr'>τούτων</span> <span class='ocrx_word' id='word_1_384' title='bbox 546 3719 614 3773; x_wconf 81' lang='grc' dir='ltr'><strong>τὰ</strong></span> <span class='ocrx_word' id='word_1_385' title='bbox 658 3719 1032 3783; x_wconf 75' lang='grc' dir='ltr'>εὐτελέστατα,</span> <span class='ocrx_word' id='word_1_386' title='bbox 1068 3723 1308 3784; x_wconf 85' lang='grc' dir='ltr'>σκνῖπες,</span> <span class='ocrx_word' id='word_1_387' title='bbox 1358 3721 1451 3774; x_wconf 74' lang='grc' dir='ltr'>καὶ</span> <span class='ocrx_word' id='word_1_388' title='bbox 1497 3722 1734 3793; x_wconf 83' lang='grc' dir='ltr'>ἀκρίδες,</span> <span class='ocrx_word' id='word_1_389' title='bbox 1784 3723 1878 3775; x_wconf 74' lang='grc' dir='ltr'><strong>καὶ</strong></span> 
     </span>
    </p>
   </div>
   <div class='ocr_carea' id='block_1_55' title="bbox 308 3809 1875 3886">
    <p class='ocr_par' dir='ltr' id='par_1_55' title="bbox 308 3809 1875 3886">
     <span class='ocr_line' id='line_1_55' title="bbox 308 3809 1875 3886; baseline 0.004 -25"><span class='ocrx_word' id='word_1_390' title='bbox 308 3809 586 3882; x_wconf 67' lang='grc' dir='ltr'>βάτραχοι.</span> <span class='ocrx_word' id='word_1_391' title='bbox 613 3812 798 3877; x_wconf 74' lang='grc' dir='ltr'>Αὐτός</span> <span class='ocrx_word' id='word_1_392' title='bbox 841 3812 949 3882; x_wconf 75' lang='grc' dir='ltr'>γὰρ</span> <span class='ocrx_word' id='word_1_393' title='bbox 994 3809 1152 3876; x_wconf 69' lang='grc' dir='ltr'>εἷπε,</span> <span class='ocrx_word' id='word_1_394' title='bbox 1194 3813 1289 3867; x_wconf 80' lang='grc' dir='ltr'>καὶ</span> <span class='ocrx_word' id='word_1_395' title='bbox 1332 3813 1708 3883; x_wconf 78' lang='grc' dir='ltr'>ἐγενήθησαν</span> <span class='ocrx_word' id='word_1_396' title='bbox 1742 3816 1875 3886; x_wconf 64' lang='grc'><strong>(55).</strong></span> 
     </span>
    </p>
   </div>
   <div class='ocr_carea' id='block_1_56' title="bbox 314 3902 1879 3978">
    <p class='ocr_par' dir='ltr' id='par_1_56' title="bbox 314 3902 1879 3978">
     <span class='ocr_line' id='line_1_56' title="bbox 314 3902 1879 3978; baseline 0.002 -23"><span class='ocrx_word' id='word_1_397' title='bbox 314 3902 472 3965; x_wconf 86' lang='grc' dir='ltr'>Τίνος</span> <span class='ocrx_word' id='word_1_398' title='bbox 503 3902 611 3974; x_wconf 77' lang='grc' dir='ltr'>γὰρ</span> <span class='ocrx_word' id='word_1_399' title='bbox 641 3903 708 3956; x_wconf 80' lang='grc' dir='ltr'><strong>ἂν</strong></span> <span class='ocrx_word' id='word_1_400' title='bbox 757 3904 851 3958; x_wconf 71' lang='grc' dir='ltr'>καὶ</span> <span class='ocrx_word' id='word_1_401' title='bbox 884 3905 1182 3976; x_wconf 75' lang='grc' dir='ltr'>ὑπουργίας</span> <span class='ocrx_word' id='word_1_402' title='bbox 1220 3905 1390 3958; x_wconf 79' lang='grc' dir='ltr'>δέοιτο</span> <span class='ocrx_word' id='word_1_403' title='bbox 1430 3906 1458 3957; x_wconf 84' lang='grc' dir='ltr'>ὁ</span> <span class='ocrx_word' id='word_1_404' title='bbox 1492 3905 1753 3976; x_wconf 84' lang='grc' dir='ltr'>θελήματι</span> <span class='ocrx_word' id='word_1_405' title='bbox 1785 3907 1879 3978; x_wconf 89' lang='grc' dir='ltr'>μό-</span> 
     </span>
    </p>
   </div>
   <div class='ocr_carea' id='block_1_57' title="bbox 307 3993 1882 4066">
    <p class='ocr_par' dir='ltr' id='par_1_57' title="bbox 307 3993 1882 4066">
     <span class='ocr_line' id='line_1_57' title="bbox 307 3993 1882 4066; baseline 0.004 -23"><span class='ocrx_word' id='word_1_406' title='bbox 307 4010 384 4062; x_wconf 84' lang='grc' dir='ltr'>νῳ</span> <span class='ocrx_word' id='word_1_407' title='bbox 435 3993 544 4062; x_wconf 75' lang='lat'><strong>(56)</strong></span> <span class='ocrx_word' id='word_1_408' title='bbox 573 3993 938 4065; x_wconf 82' lang='grc' dir='ltr'>δημιουργῶν,</span> <span class='ocrx_word' id='word_1_409' title='bbox 976 3994 1109 4064; x_wconf 79' lang='grc' dir='ltr'>όμοῦ</span> <span class='ocrx_word' id='word_1_410' title='bbox 1155 3998 1219 4066; x_wconf 81' lang='grc' dir='ltr'>τῇ</span> <span class='ocrx_word' id='word_1_411' title='bbox 1268 3994 1515 4066; x_wconf 76' lang='grc' dir='ltr'>βουλήσει</span> <span class='ocrx_word' id='word_1_412' title='bbox 1555 4013 1882 4064; x_wconf 62' lang='grc' dir='ltr'>συνυᾳιστα-</span> 
     </span>
    </p>
   </div>
   <div class='ocr_carea' id='block_1_58' title="bbox 310 4085 1883 4160">
    <p class='ocr_par' dir='ltr' id='par_1_58' title="bbox 310 4085 1883 4160">
     <span class='ocr_line' id='line_1_58' title="bbox 310 4085 1883 4160; baseline 0.004 -22"><span class='ocrx_word' id='word_1_413' title='bbox 310 4085 479 4156; x_wconf 83' lang='grc' dir='ltr'>μένης</span> <span class='ocrx_word' id='word_1_414' title='bbox 506 4085 604 4157; x_wconf 80' lang='grc' dir='ltr'>τῆς</span> <span class='ocrx_word' id='word_1_415' title='bbox 635 4087 861 4150; x_wconf 85' lang='grc' dir='ltr'>κτίσεως</span> <span class='ocrx_word' id='word_1_416' title='bbox 879 4104 892 4152; x_wconf 92' lang='grc'>;</span> <span class='ocrx_word' id='word_1_417' title='bbox 912 4087 1070 4140; x_wconf 84' lang='grc' dir='ltr'>Ἀλλὰ</span> <span class='ocrx_word' id='word_1_418' title='bbox 1090 4089 1176 4153; x_wconf 87' lang='grc' dir='ltr'>τί;</span> <span class='ocrx_word' id='word_1_419' title='bbox 1210 4088 1324 4152; x_wconf 86' lang='grc' dir='ltr'><strong>πῶς</strong></span> <span class='ocrx_word' id='word_1_420' title='bbox 1352 4088 1463 4155; x_wconf 75' lang='grc'><strong>(5⁸1)</strong></span> <span class='ocrx_word' id='word_1_421' title='bbox 1482 4091 1576 4142; x_wconf 75' lang='lat' dir='ltr'><strong>mi.</strong></span> <span class='ocrx_word' id='word_1_422' title='bbox 1597 4089 1716 4142; x_wconf 87' lang='grc' dir='ltr'>καθ’</span> <span class='ocrx_word' id='word_1_423' title='bbox 1735 4093 1883 4160; x_wconf 81' lang='grc' dir='ltr'>ἡμᾶς</span> 
     </span>
    </p>
   </div>
   <div class='ocr_carea' id='block_1_59' title="bbox 308 4177 1884 4252">
    <p class='ocr_par' dir='ltr' id='par_1_59' title="bbox 308 4177 1884 4252">
     <span class='ocr_line' id='line_1_59' title="bbox 308 4177 1884 4252; baseline 0.004 -22"><span class='ocrx_word' id='word_1_424' title='bbox 308 4177 401 4231; x_wconf 83' lang='grc' dir='ltr'>διὰ</span> <span class='ocrx_word' id='word_1_425' title='bbox 427 4177 520 4231; x_wconf 79' lang='grc' dir='ltr'>τοῦ</span> <span class='ocrx_word' id='word_1_426' title='bbox 550 4177 678 4232; x_wconf 88' lang='grc' dir='ltr'><strong>Υίοῦ</strong></span> <span class='ocrx_word' id='word_1_427' title='bbox 704 4179 772 4233; x_wconf 79' lang='grc' dir='ltr'>τὰ</span> <span class='ocrx_word' id='word_1_428' title='bbox 807 4181 1019 4247; x_wconf 75' lang='grc' dir='ltr'>πάντας</span> <span class='ocrx_word' id='word_1_429' title='bbox 1055 4181 1176 4234; x_wconf 86' lang='grc' dir='ltr'>Ὅτι</span> <span class='ocrx_word' id='word_1_430' title='bbox 1209 4181 1268 4234; x_wconf 82' lang='grc' dir='ltr'>τὸ</span> <span class='ocrx_word' id='word_1_431' title='bbox 1305 4181 1445 4234; x_wconf 79' lang='grc' dir='ltr'>θεῖον</span> <span class='ocrx_word' id='word_1_432' title='bbox 1480 4181 1741 4252; x_wconf 79' lang='grc' dir='ltr'>βούλημα,</span> <span class='ocrx_word' id='word_1_433' title='bbox 1775 4177 1884 4236; x_wconf 72' lang='grc' dir='ltr'>οἷον</span> 
     </span>
    </p>
   </div>
   <div class='ocr_carea' id='block_1_60' title="bbox 311 4269 1885 4344">
    <p class='ocr_par' dir='ltr' id='par_1_60' title="bbox 311 4269 1885 4344">
     <span class='ocr_line' id='line_1_60' title="bbox 311 4269 1885 4344; baseline -0.007 -8"><span class='ocrx_word' id='word_1_434' title='bbox 311 4269 496 4341; x_wconf 71' lang='grc' dir='ltr'><strong>πηγῆς</strong></span> <span class='ocrx_word' id='word_1_435' title='bbox 532 4287 674 4334; x_wconf 77' lang='grc' dir='ltr'>τινος</span> <span class='ocrx_word' id='word_1_436' title='bbox 711 4271 807 4342; x_wconf 77' lang='grc' dir='ltr'><strong>τῆς</strong></span> <span class='ocrx_word' id='word_1_437' title='bbox 841 4270 1059 4342; x_wconf 78' lang='grc' dir='ltr'>πρώτης</span> <span class='ocrx_word' id='word_1_438' title='bbox 1101 4271 1278 4334; x_wconf 86' lang='grc' dir='ltr'>αἰτίας</span> <span class='ocrx_word' id='word_1_439' title='bbox 1315 4271 1650 4344; x_wconf 56' lang='grc' dir='ltr'>άξορμηθὲν,</span> <span class='ocrx_word' id='word_1_440' title='bbox 1679 4272 1764 4326; x_wconf 84' lang='grc' dir='ltr'>διὰ</span> <span class='ocrx_word' id='word_1_441' title='bbox 1787 4273 1885 4342; x_wconf 79' lang='grc' dir='ltr'>τῆς</span> 
     </span>
    </p>
   </div>
   <div class='ocr_carea' id='block_1_61' title="bbox 377 4467 1530 4538">
    <p class='ocr_par' dir='ltr' id='par_1_61' title="bbox 377 4467 1530 4538">
     <span class='ocr_line' id='line_1_61' title="bbox 377 4467 1530 4538; baseline 0.002 -16"><span class='ocrx_word' id='word_1_442' title='bbox 377 4469 428 4500; x_wconf 77' lang='grc' dir='ltr'><strong>³ο</strong></span> <span class='ocrx_word' id='word_1_443' title='bbox 460 4467 588 4522; x_wconf 87' lang='lat' dir='ltr'><strong>Gen.</strong></span> <span class='ocrx_word' id='word_1_444' title='bbox 652 4484 702 4522; x_wconf 80' lang='lat' dir='ltr'><strong>IV</strong></span> <span class='ocrx_word' id='word_1_445' title='bbox 737 4511 751 4533; x_wconf 92' lang='lat'><strong>,</strong></span> <span class='ocrx_word' id='word_1_446' title='bbox 816 4471 867 4525; x_wconf 78' lang='grc'><strong>1.</strong></span> <span class='ocrx_word' id='word_1_447' title='bbox 952 4471 995 4502; x_wconf 86' lang='grc'><strong>⁸¹</strong></span> <span class='ocrx_word' id='word_1_448' title='bbox 1045 4470 1181 4526; x_wconf 75' lang='lat' dir='ltr'><strong>l’sal.</strong></span> <span class='ocrx_word' id='word_1_449' title='bbox 1225 4487 1445 4538; x_wconf 60' lang='grc' dir='ltr'>ειν-ιιι,</span> <span class='ocrx_word' id='word_1_450' title='bbox 1475 4471 1530 4526; x_wconf 86' lang='lat'><strong>5.</strong></span> 
     </span>
    </p>
   </div>
   <div class='ocr_carea' id='block_1_62' title="bbox 382 4666 1657 4736">
    <p class='ocr_par' dir='ltr' id='par_1_62' title="bbox 382 4666 1657 4736">
     <span class='ocr_line' id='line_1_62' title="bbox 382 4666 1657 4736; baseline 0.005 -17"><span class='ocrx_word' id='word_1_451' title='bbox 382 4666 495 4736; x_wconf 77' lang='lat'><strong>(51)</strong></span> <span class='ocrx_word' id='word_1_452' title='bbox 532 4666 668 4720; x_wconf 78' lang='lat' dir='ltr'><strong>Edili</strong></span> <span class='ocrx_word' id='word_1_453' title='bbox 700 4669 747 4720; x_wconf 80' lang='grc' dir='ltr'>τ’</span> <span class='ocrx_word' id='word_1_454' title='bbox 781 4669 910 4722; x_wconf 82' lang='grc' dir='ltr'>αὐτὸ</span> <span class='ocrx_word' id='word_1_455' title='bbox 937 4669 1014 4723; x_wconf 85' lang='grc' dir='ltr'><strong>δέ.</strong></span> <span class='ocrx_word' id='word_1_456' title='bbox 1039 4669 1181 4723; x_wconf 88' lang='lat' dir='ltr'><strong>Libri</strong></span> <span class='ocrx_word' id='word_1_457' title='bbox 1209 4682 1418 4724; x_wconf 85' lang='lat' dir='ltr'><strong>veteres</strong></span> <span class='ocrx_word' id='word_1_458' title='bbox 1440 4672 1657 4726; x_wconf 89' lang='grc' dir='ltr'>ταυτόν.</span> 
     </span>
    </p>
   </div>
   <div class='ocr_carea' id='block_1_63' title="bbox 382 4737 1873 4810">
    <p class='ocr_par' dir='ltr' id='par_1_63' title="bbox 382 4737 1873 4810">
     <span class='ocr_line' id='line_1_63' title="bbox 382 4737 1873 4810; baseline 0.003 -19"><span class='ocrx_word' id='word_1_459' title='bbox 382 4738 494 4806; x_wconf 74' lang='grc'><strong>(52)</strong></span> <span class='ocrx_word' id='word_1_460' title='bbox 521 4737 722 4792; x_wconf 88' lang='lat' dir='ltr'><strong>Horum</strong></span> <span class='ocrx_word' id='word_1_461' title='bbox 756 4742 1060 4803; x_wconf 82' lang='lat' dir='ltr'><strong>verborum,</strong></span> <span class='ocrx_word' id='word_1_462' title='bbox 1079 4738 1307 4810; x_wconf 76' lang='grc' dir='ltr'>ἀνάγκη</span> <span class='ocrx_word' id='word_1_463' title='bbox 1335 4741 1480 4795; x_wconf 71' lang='grc' dir='ltr'><strong>ὅλον</strong></span> <span class='ocrx_word' id='word_1_464' title='bbox 1493 4744 1618 4809; x_wconf 86' lang='grc' dir='ltr'>τόν,</span> <span class='ocrx_word' id='word_1_465' title='bbox 1640 4755 1766 4803; x_wconf 88' lang='lat' dir='ltr'><strong>etc..</strong></span> <span class='ocrx_word' id='word_1_466' title='bbox 1792 4743 1873 4796; x_wconf 87' lang='lat' dir='ltr'><strong>iu-</strong></span> 
     </span>
    </p>
   </div>
   <div class='ocr_carea' id='block_1_64' title="bbox 314 4810 1873 4879">
    <p class='ocr_par' dir='ltr' id='par_1_64' title="bbox 314 4810 1873 4879">
     <span class='ocr_line' id='line_1_64' title="bbox 314 4810 1873 4879; baseline 0.003 -17"><span class='ocrx_word' id='word_1_467' title='bbox 314 4810 760 4879; x_wconf 80' lang='lat' dir='ltr'><strong>terpretationem</strong></span> <span class='ocrx_word' id='word_1_468' title='bbox 794 4819 1026 4863; x_wconf 84' lang='lat' dir='ltr'><strong>veterem</strong></span> <span class='ocrx_word' id='word_1_469' title='bbox 1065 4825 1168 4868; x_wconf 89' lang='lat' dir='ltr'><strong>non</strong></span> <span class='ocrx_word' id='word_1_470' title='bbox 1209 4814 1442 4879; x_wconf 87' lang='lat' dir='ltr'><strong>probans</strong></span> <span class='ocrx_word' id='word_1_471' title='bbox 1495 4813 1873 4875; x_wconf 78' lang='lat' dir='ltr'><strong>Cotnhelisius,</strong></span> 
     </span>
    </p>
   </div>
   <div class='ocr_carea' id='block_1_65' title="bbox 314 4878 1874 4946">
    <p class='ocr_par' dir='ltr' id='par_1_65' title="bbox 314 4878 1874 4946">
     <span class='ocr_line' id='line_1_65' title="bbox 314 4878 1874 4946; baseline 0.002 -14"><span class='ocrx_word' id='word_1_472' title='bbox 314 4882 432 4946; x_wconf 76' lang='lat' dir='ltr'><strong>eius</strong></span> <span class='ocrx_word' id='word_1_473' title='bbox 489 4878 606 4931; x_wconf 84' lang='lat' dir='ltr'><strong>loco</strong></span> <span class='ocrx_word' id='word_1_474' title='bbox 651 4879 790 4932; x_wconf 89' lang='lat' dir='ltr'><strong>hanc</strong></span> <span class='ocrx_word' id='word_1_475' title='bbox 837 4881 1114 4933; x_wconf 89' lang='lat' dir='ltr'><strong>substituit</strong></span> <span class='ocrx_word' id='word_1_476' title='bbox 1152 4897 1164 4932; x_wconf 88' lang='lat'><strong>:</strong></span> <span class='ocrx_word' id='word_1_477' title='bbox 1208 4878 1430 4934; x_wconf 82' lang='lat' dir='ltr'><strong>Necesse</strong></span> <span class='ocrx_word' id='word_1_478' title='bbox 1486 4891 1561 4935; x_wconf 83' lang='lat' dir='ltr'><strong>est</strong></span> <span class='ocrx_word' id='word_1_479' title='bbox 1624 4884 1874 4935; x_wconf 83' lang='lat' dir='ltr'><strong>mundum</strong></span> 
     </span>
    </p>
   </div>
   <div class='ocr_carea' id='block_1_66' title="bbox 313 4947 1874 5018">
    <p class='ocr_par' dir='ltr' id='par_1_66' title="bbox 313 4947 1874 5018">
     <span class='ocr_line' id='line_1_66' title="bbox 313 4947 1874 5018; baseline 0.002 -18"><span class='ocrx_word' id='word_1_480' title='bbox 313 4965 539 5010; x_wconf 83' lang='lat' dir='ltr'><strong>onmem,</strong></span> <span class='ocrx_word' id='word_1_481' title='bbox 572 4947 750 5001; x_wconf 80' lang='lat' dir='ltr'><strong>relicto</strong></span> <span class='ocrx_word' id='word_1_482' title='bbox 775 4964 859 5010; x_wconf 83' lang='lat' dir='ltr'><strong>eo,</strong></span> <span class='ocrx_word' id='word_1_483' title='bbox 895 4951 1031 5018; x_wconf 83' lang='lat' dir='ltr'><strong>quod</strong></span> <span class='ocrx_word' id='word_1_484' title='bbox 1053 4950 1294 5002; x_wconf 83' lang='lat' dir='ltr'><strong>Immanis</strong></span> <span class='ocrx_word' id='word_1_485' title='bbox 1327 4952 1615 5005; x_wconf 73' lang='lat' dir='ltr'><strong>rationibus</strong></span> <span class='ocrx_word' id='word_1_486' title='bbox 1645 4953 1874 5015; x_wconf 85' lang='lat' dir='ltr'><strong>sedebat,</strong></span> 
     </span>
    </p>
   </div>
   <div class='ocr_carea' id='block_1_67' title="bbox 313 5018 1874 5090">
    <p class='ocr_par' dir='ltr' id='par_1_67' title="bbox 313 5018 1874 5090">
     <span class='ocr_line' id='line_1_67' title="bbox 313 5018 1874 5090; baseline 0.003 -20"><span class='ocrx_word' id='word_1_487' title='bbox 313 5035 502 5090; x_wconf 78' lang='lat' dir='ltr'><strong>novum</strong></span> <span class='ocrx_word' id='word_1_488' title='bbox 519 5018 805 5090; x_wconf 79' lang='lat' dir='ltr'><strong>addiscere,</strong></span> <span class='ocrx_word' id='word_1_489' title='bbox 833 5021 1086 5090; x_wconf 76' lang='lat' dir='ltr'><strong>unigeniti</strong></span> <span class='ocrx_word' id='word_1_490' title='bbox 1127 5036 1311 5072; x_wconf 81' lang='lat' dir='ltr'><strong>nomen</strong></span> <span class='ocrx_word' id='word_1_491' title='bbox 1337 5037 1438 5073; x_wconf 83' lang='lat' dir='ltr'><strong>non</strong></span> <span class='ocrx_word' id='word_1_492' title='bbox 1478 5023 1530 5073; x_wconf 87' lang='lat' dir='ltr'><strong>id</strong></span> <span class='ocrx_word' id='word_1_493' title='bbox 1556 5021 1874 5090; x_wconf 76' lang='lat' dir='ltr'><strong>signiﬁcare,</strong></span> 
     </span>
    </p>
   </div>
   <div class='ocr_carea' id='block_1_68' title="bbox 312 5087 1876 5159">
    <p class='ocr_par' dir='ltr' id='par_1_68' title="bbox 312 5087 1876 5159">
     <span class='ocr_line' id='line_1_68' title="bbox 312 5087 1876 5159; baseline 0.001 -19"><span class='ocrx_word' id='word_1_494' title='bbox 312 5089 454 5158; x_wconf 84' lang='lat' dir='ltr'><strong>quod</strong></span> <span class='ocrx_word' id='word_1_495' title='bbox 479 5087 650 5140; x_wconf 85' lang='lat' dir='ltr'><strong>nullos</strong></span> <span class='ocrx_word' id='word_1_496' title='bbox 675 5088 790 5152; x_wconf 83' lang='lat' dir='ltr'><strong>quis</strong></span> <span class='ocrx_word' id='word_1_497' title='bbox 815 5089 1006 5156; x_wconf 78' lang='lat' dir='ltr'><strong>fratres</strong></span> <span class='ocrx_word' id='word_1_498' title='bbox 1026 5088 1236 5151; x_wconf 83' lang='lat' dir='ltr'><strong>habeat,</strong></span> <span class='ocrx_word' id='word_1_499' title='bbox 1264 5093 1351 5143; x_wconf 84' lang='lat' dir='ltr'><strong>sed</strong></span> <span class='ocrx_word' id='word_1_500' title='bbox 1393 5094 1530 5159; x_wconf 78' lang='lat' dir='ltr'><strong>quod</strong></span> <span class='ocrx_word' id='word_1_501' title='bbox 1573 5087 1674 5144; x_wconf 67' lang='lat' dir='ltr'><strong>uno</strong></span> <span class='ocrx_word' id='word_1_502' title='bbox 1694 5087 1699 5088; x_wconf 44' lang='grc'><strong><em>⁷</em></strong></span> <span class='ocrx_word' id='word_1_503' title='bbox 1718 5104 1762 5143; x_wconf 88' lang='lat' dir='ltr'><strong>et</strong></span> <span class='ocrx_word' id='word_1_504' title='bbox 1796 5092 1876 5142; x_wconf 91' lang='lat' dir='ltr'><strong>al-</strong></span> 
     </span>
    </p>
   </div>
   <div class='ocr_carea' id='block_1_69' title="bbox 313 5159 1877 5226">
    <p class='ocr_par' dir='ltr' id='par_1_69' title="bbox 313 5159 1877 5226">
     <span class='ocr_line' id='line_1_69' title="bbox 313 5159 1877 5226; baseline 0.003 -17"><span class='ocrx_word' id='word_1_505' title='bbox 313 5170 425 5210; x_wconf 88' lang='lat' dir='ltr'><strong>tero</strong></span> <span class='ocrx_word' id='word_1_506' title='bbox 467 5170 678 5224; x_wconf 81' lang='lat' dir='ltr'><strong>parente</strong></span> <span class='ocrx_word' id='word_1_507' title='bbox 719 5171 1004 5226; x_wconf 82' lang='lat' dir='ltr'><strong>prognatus</strong></span> <span class='ocrx_word' id='word_1_508' title='bbox 1061 5168 1286 5213; x_wconf 84' lang='lat' dir='ltr'><strong>nonest.</strong></span> <span class='ocrx_word' id='word_1_509' title='bbox 1334 5159 1445 5213; x_wconf 86' lang='lat' dir='ltr'><strong>llue</strong></span> <span class='ocrx_word' id='word_1_510' title='bbox 1475 5171 1577 5224; x_wconf 86' lang='lat' dir='ltr'><strong>est,</strong></span> <span class='ocrx_word' id='word_1_511' title='bbox 1632 5163 1877 5214; x_wconf 75' lang='lat' dir='ltr'><strong>homines</strong></span> 
     </span>
    </p>
   </div>
   <div class='ocr_carea' id='block_1_70' title="bbox 315 5227 1872 5293">
    <p class='ocr_par' dir='ltr' id='par_1_70' title="bbox 315 5227 1872 5293">
     <span class='ocr_line' id='line_1_70' title="bbox 315 5227 1872 5293; baseline 0.001 -15"><span class='ocrx_word' id='word_1_512' title='bbox 315 5242 525 5290; x_wconf 88' lang='lat' dir='ltr'><strong>onmes,</strong></span> <span class='ocrx_word' id='word_1_513' title='bbox 554 5227 596 5280; x_wconf 90' lang='lat' dir='ltr'><strong>si</strong></span> <span class='ocrx_word' id='word_1_514' title='bbox 659 5230 824 5282; x_wconf 86' lang='lat' dir='ltr'><strong>semel</strong></span> <span class='ocrx_word' id='word_1_515' title='bbox 859 5227 1122 5283; x_wconf 77' lang='lat' dir='ltr'><strong>Eunomia</strong></span> <span class='ocrx_word' id='word_1_516' title='bbox 1178 5229 1310 5283; x_wconf 86' lang='lat' dir='ltr'><strong>fides</strong></span> <span class='ocrx_word' id='word_1_517' title='bbox 1362 5230 1640 5293; x_wconf 87' lang='lat' dir='ltr'><strong>habeatur,</strong></span> <span class='ocrx_word' id='word_1_518' title='bbox 1675 5242 1872 5283; x_wconf 78' lang='lat' dir='ltr'><strong>mutata</strong></span> 
     </span>
    </p>
   </div>
   <div class='ocr_carea' id='block_1_71' title="bbox 316 5297 1879 5368">
    <p class='ocr_par' dir='ltr' id='par_1_71' title="bbox 316 5297 1879 5368">
     <span class='ocr_line' id='line_1_71' title="bbox 316 5297 1879 5368; baseline 0.003 -18"><span class='ocrx_word' id='word_1_519' title='bbox 316 5297 587 5368; x_wconf 71' lang='lat' dir='ltr'><strong>sententia</strong></span> <span class='ocrx_word' id='word_1_520' title='bbox 608 5297 815 5351; x_wconf 85' lang='lat' dir='ltr'><strong>discam</strong></span> <span class='ocrx_word' id='word_1_521' title='bbox 846 5308 1072 5367; x_wconf 87' lang='lat' dir='ltr'><strong>oportet,</strong></span> <span class='ocrx_word' id='word_1_522' title='bbox 1106 5299 1363 5368; x_wconf 85' lang='lat' dir='ltr'><strong>uuigeniti</strong></span> <span class='ocrx_word' id='word_1_523' title='bbox 1393 5303 1606 5353; x_wconf 71' lang='lat' dir='ltr'><strong>nomine</strong></span> <span class='ocrx_word' id='word_1_524' title='bbox 1636 5315 1740 5354; x_wconf 90' lang='lat' dir='ltr'><strong>non</strong></span> <span class='ocrx_word' id='word_1_525' title='bbox 1775 5300 1879 5356; x_wconf 87' lang='lat' dir='ltr'><strong>hoc</strong></span> 
     </span>
    </p>
   </div>
   <div class='ocr_carea' id='block_1_72' title="bbox 317 5364 1874 5436">
    <p class='ocr_par' dir='ltr' id='par_1_72' title="bbox 317 5364 1874 5436">
     <span class='ocr_line' id='line_1_72' title="bbox 317 5364 1874 5436; baseline 0.003 -17"><span class='ocrx_word' id='word_1_526' title='bbox 317 5364 635 5436; x_wconf 76' lang='lat' dir='ltr'><strong>signiﬁcari,</strong></span> <span class='ocrx_word' id='word_1_527' title='bbox 671 5368 810 5436; x_wconf 82' lang='lat' dir='ltr'><strong>quod</strong></span> <span class='ocrx_word' id='word_1_528' title='bbox 839 5364 976 5422; x_wconf 84' lang='lat' dir='ltr'><strong>unus</strong></span> <span class='ocrx_word' id='word_1_529' title='bbox 1005 5364 1307 5436; x_wconf 47' lang='lat' dir='ltr'><strong>aliquis—sit</strong></span> <span class='ocrx_word' id='word_1_530' title='bbox 1362 5370 1507 5424; x_wconf 88' lang='lat' dir='ltr'><strong>solus</strong></span> <span class='ocrx_word' id='word_1_531' title='bbox 1542 5372 1658 5424; x_wconf 90' lang='lat' dir='ltr'><strong>sine</strong></span> <span class='ocrx_word' id='word_1_532' title='bbox 1688 5372 1874 5435; x_wconf 79' lang='lat' dir='ltr'><strong>fratre,</strong></span> 
     </span>
    </p>
   </div>
   <div class='ocr_carea' id='block_1_73' title="bbox 287 5435 1878 5509">
    <p class='ocr_par' dir='ltr' id='par_1_73' title="bbox 287 5435 1878 5509">
     <span class='ocr_line' id='line_1_73' title="bbox 287 5435 1878 5509; baseline 0.001 -18"><span class='ocrx_word' id='word_1_533' title='bbox 287 5437 410 5491; x_wconf 69' lang='lat' dir='ltr'><strong>.sed</strong></span> <span class='ocrx_word' id='word_1_534' title='bbox 442 5435 585 5509; x_wconf 81' lang='lat' dir='ltr'><strong>quod</strong></span> <span class='ocrx_word' id='word_1_535' title='bbox 616 5435 718 5488; x_wconf 88' lang='lat' dir='ltr'><strong>non</strong></span> <span class='ocrx_word' id='word_1_536' title='bbox 750 5438 859 5490; x_wconf 89' lang='lat' dir='ltr'><strong>sint</strong></span> <span class='ocrx_word' id='word_1_537' title='bbox 885 5435 1177 5507; x_wconf 87' lang='lat' dir='ltr'><strong>genitores,</strong></span> <span class='ocrx_word' id='word_1_538' title='bbox 1209 5441 1300 5508; x_wconf 82' lang='lat' dir='ltr'><strong>qui</strong></span> <span class='ocrx_word' id='word_1_539' title='bbox 1341 5439 1502 5494; x_wconf 80' lang='lat' dir='ltr'><strong>simul</strong></span> <span class='ocrx_word' id='word_1_540' title='bbox 1537 5441 1607 5495; x_wconf 89' lang='lat' dir='ltr'><strong>ad</strong></span> <span class='ocrx_word' id='word_1_541' title='bbox 1639 5456 1762 5495; x_wconf 89' lang='lat' dir='ltr'><strong>eum</strong></span> <span class='ocrx_word' id='word_1_542' title='bbox 1799 5443 1878 5509; x_wconf 89' lang='lat' dir='ltr'><strong>gi-</strong></span> 
     </span>
    </p>
   </div>
   <div class='ocr_carea' id='block_1_74' title="bbox 316 5508 1047 5578">
    <p class='ocr_par' dir='ltr' id='par_1_74' title="bbox 316 5508 1047 5578">
     <span class='ocr_line' id='line_1_74' title="bbox 316 5508 1047 5578; baseline -0.001 -18"><span class='ocrx_word' id='word_1_543' title='bbox 316 5508 586 5578; x_wconf 60' lang='lat' dir='ltr'><strong>gnendum</strong></span> <span class='ocrx_word' id='word_1_544' title='bbox 616 5512 1007 5578; x_wconf 82' lang='lat' dir='ltr'><strong>concurrerint.</strong></span> <span class='ocrx_word' id='word_1_545' title='bbox 1045 5527 1047 5530; x_wconf 94' lang='grc'>·</span> 
     </span>
    </p>
   </div>
   <div class='ocr_carea' id='block_1_75' title="bbox 391 5575 1877 5656">
    <p class='ocr_par' dir='ltr' id='par_1_75' title="bbox 391 5575 1877 5656">
     <span class='ocr_line' id='line_1_75' title="bbox 391 5575 1877 5656; baseline 0.004 -29"><span class='ocrx_word' id='word_1_546' title='bbox 391 5575 502 5656; x_wconf 53' lang='lat'><strong>(5-5)</strong></span> <span class='ocrx_word' id='word_1_547' title='bbox 533 5577 707 5656; x_wconf 45' lang='lat' dir='ltr'><strong>liditio</strong></span> <span class='ocrx_word' id='word_1_548' title='bbox 725 5577 894 5656; x_wconf 71' lang='lat' dir='ltr'><strong>Paris.</strong></span> <span class='ocrx_word' id='word_1_549' title='bbox 917 5577 1035 5656; x_wconf 64' lang='grc' dir='ltr'>οὐδε</span> <span class='ocrx_word' id='word_1_550' title='bbox 1058 5578 1219 5656; x_wconf 66' lang='grc' dir='ltr'>τοῦτο</span> <span class='ocrx_word' id='word_1_551' title='bbox 1233 5580 1293 5633; x_wconf 85' lang='grc' dir='ltr'><strong>τὸ</strong></span> <span class='ocrx_word' id='word_1_552' title='bbox 1320 5580 1726 5656; x_wconf 61' lang='grc' dir='ltr'>συνεφάψασθαι</span> <span class='ocrx_word' id='word_1_553' title='bbox 1747 5582 1877 5652; x_wconf 78' lang='grc' dir='ltr'>παρ’</span> 
     </span>
    </p>
   </div>
   <div class='ocr_carea' id='block_1_76' title="bbox 319 5645 1879 5718">
    <p class='ocr_par' dir='ltr' id='par_1_76' title="bbox 319 5645 1879 5718">
     <span class='ocr_line' id='line_1_76' title="bbox 319 5645 1879 5718; baseline 0.001 -18"><span class='ocrx_word' id='word_1_554' title='bbox 319 5645 709 5718; x_wconf 17' lang='grc' dir='ltr'>αὐτῶνεῄιιιιιιί,</span> <span class='ocrx_word' id='word_1_555' title='bbox 745 5647 806 5699; x_wconf 80' lang='grc' dir='ltr'>τὸ</span> <span class='ocrx_word' id='word_1_556' title='bbox 839 5648 1242 5718; x_wconf 70' lang='grc' dir='ltr'>συνεφάψασθαι</span> <span class='ocrx_word' id='word_1_557' title='bbox 1265 5691 1278 5713; x_wconf 85' lang='grc'><strong>,</strong></span> <span class='ocrx_word' id='word_1_558' title='bbox 1309 5645 1578 5706; x_wconf 77' lang='lat' dir='ltr'><strong>addidisse</strong></span> <span class='ocrx_word' id='word_1_559' title='bbox 1610 5666 1669 5706; x_wconf 88' lang='lat' dir='ltr'><strong>se</strong></span> <span class='ocrx_word' id='word_1_560' title='bbox 1701 5666 1764 5705; x_wconf 86' lang='lat' dir='ltr'><strong>ex</strong></span> <span class='ocrx_word' id='word_1_561' title='bbox 1788 5645 1879 5705; x_wconf 74' lang='lat' dir='ltr'><strong>cu-</strong></span> 
     </span>
    </p>
   </div>
   <div class='ocr_carea' id='block_1_77' title="bbox 323 5715 1876 5785">
    <p class='ocr_par' dir='ltr' id='par_1_77' title="bbox 323 5715 1876 5785">
     <span class='ocr_line' id='line_1_77' title="bbox 323 5715 1876 5785; baseline 0.005 -17"><span class='ocrx_word' id='word_1_562' title='bbox 323 5718 444 5770; x_wconf 84' lang='lat' dir='ltr'><strong>dice</strong></span> <span class='ocrx_word' id='word_1_563' title='bbox 505 5715 849 5784; x_wconf 85' lang='lat' dir='ltr'><strong>llenriciano,</strong></span> <span class='ocrx_word' id='word_1_564' title='bbox 887 5715 1068 5774; x_wconf 81' lang='lat' dir='ltr'><strong>monet</strong></span> <span class='ocrx_word' id='word_1_565' title='bbox 1121 5723 1363 5775; x_wconf 58' lang='lat' dir='ltr'><strong>Ducat-us.</strong></span> <span class='ocrx_word' id='word_1_566' title='bbox 1423 5722 1551 5785; x_wconf 87' lang='lat' dir='ltr'><strong>Sed,</strong></span> <span class='ocrx_word' id='word_1_567' title='bbox 1577 5723 1702 5776; x_wconf 90' lang='lat' dir='ltr'><strong>dum</strong></span> <span class='ocrx_word' id='word_1_568' title='bbox 1735 5722 1876 5776; x_wconf 86' lang='lat' dir='ltr'><strong>hunc</strong></span> 
     </span>
    </p>
   </div>
   <div class='ocr_carea' id='block_1_78' title="bbox 323 5787 1877 5861">
    <p class='ocr_par' dir='ltr' id='par_1_78' title="bbox 323 5787 1877 5861">
     <span class='ocr_line' id='line_1_78' title="bbox 323 5787 1877 5861; baseline 0.004 -21"><span class='ocrx_word' id='word_1_569' title='bbox 323 5787 563 5861; x_wconf 73' lang='lat' dir='ltr'><strong>codicem</strong></span> <span class='ocrx_word' id='word_1_570' title='bbox 630 5787 908 5861; x_wconf 64' lang='grc' dir='ltr'><strong>ίεςειίειιι,Δ</strong></span> <span class='ocrx_word' id='word_1_571' title='bbox 951 5790 1305 5861; x_wconf 81' lang='lat' dir='ltr'><strong>animadverti</strong></span> <span class='ocrx_word' id='word_1_572' title='bbox 1361 5792 1414 5845; x_wconf 90' lang='lat' dir='ltr'><strong>in</strong></span> <span class='ocrx_word' id='word_1_573' title='bbox 1462 5807 1526 5846; x_wconf 88' lang='lat' dir='ltr'><strong>eo</strong></span> <span class='ocrx_word' id='word_1_574' title='bbox 1561 5808 1666 5846; x_wconf 91' lang='lat' dir='ltr'><strong>non</strong></span> <span class='ocrx_word' id='word_1_575' title='bbox 1709 5806 1877 5861; x_wconf 85' lang='lat' dir='ltr'><strong>pauca</strong></span> 
     </span>
    </p>
   </div>
   <div class='ocr_carea' id='block_1_79' title="bbox 328 5857 1876 5922">
    <p class='ocr_par' dir='ltr' id='par_1_79' title="bbox 328 5857 1876 5922">
     <span class='ocr_line' id='line_1_79' title="bbox 328 5857 1876 5922; baseline 0.006 -12"><span class='ocrx_word' id='word_1_576' title='bbox 328 5857 574 5922; x_wconf 85' lang='lat' dir='ltr'><strong>reperiri,</strong></span> <span class='ocrx_word' id='word_1_577' title='bbox 600 5872 720 5919; x_wconf 61' lang='lat' dir='ltr'><strong>quae</strong></span> <span class='ocrx_word' id='word_1_578' title='bbox 741 5858 830 5921; x_wconf 82' lang='lat' dir='ltr'><strong>qui</strong></span> <span class='ocrx_word' id='word_1_579' title='bbox 862 5857 1058 5914; x_wconf 82' lang='lat' dir='ltr'><strong>dixerit</strong></span> <span class='ocrx_word' id='word_1_580' title='bbox 1087 5859 1450 5917; x_wconf 88' lang='lat' dir='ltr'><strong>additamenta</strong></span> <span class='ocrx_word' id='word_1_581' title='bbox 1481 5877 1601 5918; x_wconf 87' lang='lat' dir='ltr'><strong>esse</strong></span> <span class='ocrx_word' id='word_1_582' title='bbox 1625 5857 1876 5918; x_wconf 70' lang='lat' dir='ltr'><strong>librario-</strong></span> 
     </span>
    </p>
   </div>
   <div class='ocr_carea' id='block_1_80' title="bbox 1967 1975 3526 2049">
    <p class='ocr_par' dir='ltr' id='par_1_80' title="bbox 1967 1975 3526 2049">
     <span class='ocr_line' id='line_1_80' title="bbox 1967 1975 3526 2049; baseline 0 -17"><span class='ocrx_word' id='word_1_583' title='bbox 1967 1996 2086 2033; x_wconf 92' lang='lat' dir='ltr'><strong>cum</strong></span> <span class='ocrx_word' id='word_1_584' title='bbox 2117 1983 2392 2049; x_wconf 64' lang='lat' dir='ltr'><strong>generatio</strong></span> <span class='ocrx_word' id='word_1_585' title='bbox 2419 1997 2483 2033; x_wconf 78' lang='lat' dir='ltr'><strong>ex</strong></span> <span class='ocrx_word' id='word_1_586' title='bbox 2513 1981 2738 2034; x_wconf 90' lang='lat' dir='ltr'><strong>duorum</strong></span> <span class='ocrx_word' id='word_1_587' title='bbox 2764 1978 2904 2032; x_wconf 87' lang='lat' dir='ltr'><strong>coitu</strong></span> <span class='ocrx_word' id='word_1_588' title='bbox 2952 1979 3079 2032; x_wconf 88' lang='lat' dir='ltr'><strong>insit</strong></span> <span class='ocrx_word' id='word_1_589' title='bbox 3113 1978 3384 2032; x_wconf 84' lang='lat' dir='ltr'><strong>omnibus.</strong></span> <span class='ocrx_word' id='word_1_590' title='bbox 3418 1975 3526 2032; x_wconf 85' lang='lat' dir='ltr'><strong>Nec</strong></span> 
     </span>
    </p>
   </div>
   <div class='ocr_carea' id='block_1_81' title="bbox 1968 2069 3518 2141">
    <p class='ocr_par' dir='ltr' id='par_1_81' title="bbox 1968 2069 3518 2141">
     <span class='ocr_line' id='line_1_81' title="bbox 1968 2069 3518 2141; baseline -0.002 -16"><span class='ocrx_word' id='word_1_591' title='bbox 1968 2070 2102 2125; x_wconf 89' lang='lat' dir='ltr'><strong>Sara</strong></span> <span class='ocrx_word' id='word_1_592' title='bbox 2131 2071 2388 2141; x_wconf 86' lang='lat' dir='ltr'><strong>uuigeniti</strong></span> <span class='ocrx_word' id='word_1_593' title='bbox 2423 2073 2514 2125; x_wconf 88' lang='lat' dir='ltr'><strong>lilii</strong></span> <span class='ocrx_word' id='word_1_594' title='bbox 2543 2069 2703 2141; x_wconf 75' lang='grc'><strong>257</strong></span> <span class='ocrx_word' id='word_1_595' title='bbox 2739 2083 2910 2124; x_wconf 86' lang='lat' dir='ltr'><strong>mater</strong></span> <span class='ocrx_word' id='word_1_596' title='bbox 2936 2078 3075 2135; x_wconf 87' lang='lat' dir='ltr'><strong>erat,</strong></span> <span class='ocrx_word' id='word_1_597' title='bbox 3105 2084 3225 2124; x_wconf 88' lang='lat' dir='ltr'><strong>cum</strong></span> <span class='ocrx_word' id='word_1_598' title='bbox 3272 2085 3376 2124; x_wconf 92' lang='lat' dir='ltr'><strong>non</strong></span> <span class='ocrx_word' id='word_1_599' title='bbox 3405 2069 3518 2123; x_wconf 85' lang='lat' dir='ltr'><strong>sola</strong></span> 
     </span>
    </p>
   </div>
   <div class='ocr_carea' id='block_1_82' title="bbox 1965 2160 3528 2232">
    <p class='ocr_par' dir='ltr' id='par_1_82' title="bbox 1965 2160 3528 2232">
     <span class='ocr_line' id='line_1_82' title="bbox 1965 2160 3528 2232; baseline -0.003 -14"><span class='ocrx_word' id='word_1_600' title='bbox 1965 2180 2109 2229; x_wconf 90' lang='lat' dir='ltr'><strong>eum,</strong></span> <span class='ocrx_word' id='word_1_601' title='bbox 2147 2165 2238 2218; x_wconf 76' lang='lat' dir='ltr'><strong>sed</strong></span> <span class='ocrx_word' id='word_1_602' title='bbox 2267 2178 2386 2218; x_wconf 88' lang='lat' dir='ltr'><strong>cum</strong></span> <span class='ocrx_word' id='word_1_603' title='bbox 2413 2164 2683 2216; x_wconf 76' lang='lat' dir='ltr'><strong>Abraham</strong></span> <span class='ocrx_word' id='word_1_604' title='bbox 2724 2162 2991 2232; x_wconf 82' lang='lat' dir='ltr'><strong>genuerit.</strong></span> <span class='ocrx_word' id='word_1_605' title='bbox 3023 2160 3088 2215; x_wconf 88' lang='lat' dir='ltr'><strong>Et</strong></span> <span class='ocrx_word' id='word_1_606' title='bbox 3121 2171 3292 2224; x_wconf 87' lang='lat' dir='ltr'><strong>certe,</strong></span> <span class='ocrx_word' id='word_1_607' title='bbox 3335 2160 3378 2214; x_wconf 91' lang='lat' dir='ltr'><strong>si</strong></span> <span class='ocrx_word' id='word_1_608' title='bbox 3412 2160 3528 2228; x_wconf 76' lang='lat' dir='ltr'><strong>opi-</strong></span> 
     </span>
    </p>
   </div>
   <div class='ocr_carea' id='block_1_83' title="bbox 1968 2252 3526 2321">
    <p class='ocr_par' dir='ltr' id='par_1_83' title="bbox 1968 2252 3526 2321">
     <span class='ocr_line' id='line_1_83' title="bbox 1968 2252 3526 2321; baseline -0.004 -9"><span class='ocrx_word' id='word_1_609' title='bbox 1968 2260 2058 2313; x_wconf 87' lang='lat' dir='ltr'><strong>nio</strong></span> <span class='ocrx_word' id='word_1_610' title='bbox 2096 2265 2276 2311; x_wconf 87' lang='lat' dir='ltr'><strong>vestra</strong></span> <span class='ocrx_word' id='word_1_611' title='bbox 2299 2255 2527 2315; x_wconf 88' lang='lat' dir='ltr'><strong>obtinet,</strong></span> <span class='ocrx_word' id='word_1_612' title='bbox 2559 2269 2779 2308; x_wconf 87' lang='lat' dir='ltr'><strong>necesse</strong></span> <span class='ocrx_word' id='word_1_613' title='bbox 2807 2263 2890 2307; x_wconf 88' lang='lat' dir='ltr'><strong>est</strong></span> <span class='ocrx_word' id='word_1_614' title='bbox 2917 2266 3078 2307; x_wconf 87' lang='lat' dir='ltr'><strong>omne</strong></span> <span class='ocrx_word' id='word_1_615' title='bbox 3122 2252 3396 2307; x_wconf 87' lang='lat' dir='ltr'><strong>hominum</strong></span> <span class='ocrx_word' id='word_1_616' title='bbox 3434 2265 3526 2321; x_wconf 85' lang='lat' dir='ltr'><strong>ge-</strong></span> 
     </span>
    </p>
   </div>
   <div class='ocr_carea' id='block_1_84' title="bbox 1968 2343 3526 2408">
    <p class='ocr_par' dir='ltr' id='par_1_84' title="bbox 1968 2343 3526 2408">
     <span class='ocr_line' id='line_1_84' title="bbox 1968 2343 3526 2408; baseline -0.004 -5"><span class='ocrx_word' id='word_1_617' title='bbox 1968 2366 2067 2404; x_wconf 92' lang='lat' dir='ltr'><strong>uus</strong></span> <span class='ocrx_word' id='word_1_618' title='bbox 2094 2347 2359 2402; x_wconf 89' lang='lat' dir='ltr'><strong>sententia</strong></span> <span class='ocrx_word' id='word_1_619' title='bbox 2395 2357 2597 2400; x_wconf 86' lang='lat' dir='ltr'><strong>mutata</strong></span> <span class='ocrx_word' id='word_1_620' title='bbox 2637 2347 2867 2408; x_wconf 88' lang='lat' dir='ltr'><strong>discere,</strong></span> <span class='ocrx_word' id='word_1_621' title='bbox 2905 2359 3009 2399; x_wconf 90' lang='lat' dir='ltr'><strong>non</strong></span> <span class='ocrx_word' id='word_1_622' title='bbox 3038 2358 3157 2399; x_wconf 89' lang='lat' dir='ltr'><strong>eam</strong></span> <span class='ocrx_word' id='word_1_623' title='bbox 3183 2343 3526 2400; x_wconf 83' lang='lat' dir='ltr'><strong>solitudinem</strong></span> 
     </span>
    </p>
   </div>
   <div class='ocr_carea' id='block_1_85' title="bbox 1966 2436 3527 2510">
    <p class='ocr_par' dir='ltr' id='par_1_85' title="bbox 1966 2436 3527 2510">
     <span class='ocr_line' id='line_1_85' title="bbox 1966 2436 3527 2510; baseline -0.003 -16"><span class='ocrx_word' id='word_1_624' title='bbox 1966 2457 2086 2510; x_wconf 69' lang='lat' dir='ltr'><strong>qua:</strong></span> <span class='ocrx_word' id='word_1_625' title='bbox 2115 2440 2375 2493; x_wconf 83' lang='lat' dir='ltr'><strong>fratribus</strong></span> <span class='ocrx_word' id='word_1_626' title='bbox 2401 2448 2571 2504; x_wconf 89' lang='lat' dir='ltr'><strong>caret,</strong></span> <span class='ocrx_word' id='word_1_627' title='bbox 2613 2439 2705 2493; x_wconf 88' lang='lat' dir='ltr'><strong>sed</strong></span> <span class='ocrx_word' id='word_1_628' title='bbox 2733 2453 2851 2491; x_wconf 91' lang='lat' dir='ltr'><strong>eam</strong></span> <span class='ocrx_word' id='word_1_629' title='bbox 2884 2452 3001 2507; x_wconf 67' lang='lat' dir='ltr'><strong>quae</strong></span> <span class='ocrx_word' id='word_1_630' title='bbox 3023 2436 3397 2507; x_wconf 82' lang='lat' dir='ltr'><strong>congenitores</strong></span> <span class='ocrx_word' id='word_1_631' title='bbox 3422 2450 3527 2489; x_wconf 93' lang='lat' dir='ltr'><strong>non</strong></span> 
     </span>
    </p>
   </div>
   <div class='ocr_carea' id='block_1_86' title="bbox 1969 2528 3530 2603">
    <p class='ocr_par' dir='ltr' id='par_1_86' title="bbox 1969 2528 3530 2603">
     <span class='ocr_line' id='line_1_86' title="bbox 1969 2528 3530 2603; baseline -0.004 -15"><span class='ocrx_word' id='word_1_632' title='bbox 1969 2534 2166 2598; x_wconf 87' lang='lat' dir='ltr'><strong>habet,</strong></span> <span class='ocrx_word' id='word_1_633' title='bbox 2225 2535 2324 2587; x_wconf 91' lang='lat' dir='ltr'><strong>hoc</strong></span> <span class='ocrx_word' id='word_1_634' title='bbox 2381 2533 2484 2587; x_wconf 92' lang='lat' dir='ltr'><strong>isto</strong></span> <span class='ocrx_word' id='word_1_635' title='bbox 2536 2534 2750 2587; x_wconf 87' lang='lat' dir='ltr'><strong>nomine</strong></span> <span class='ocrx_word' id='word_1_636' title='bbox 2806 2531 3119 2603; x_wconf 82' lang='lat' dir='ltr'><strong>significari.</strong></span> <span class='ocrx_word' id='word_1_637' title='bbox 3167 2528 3285 2585; x_wconf 81' lang='lat' dir='ltr'><strong>Jam</strong></span> <span class='ocrx_word' id='word_1_638' title='bbox 3323 2546 3448 2586; x_wconf 82' lang='lat' dir='ltr'><strong>vero</strong></span> <span class='ocrx_word' id='word_1_639' title='bbox 3476 2541 3530 2584; x_wconf 90' lang='lat' dir='ltr'><strong>et</strong></span> 
     </span>
    </p>
   </div>
   <div class='ocr_carea' id='block_1_87' title="bbox 1967 2623 3532 2694">
    <p class='ocr_par' dir='ltr' id='par_1_87' title="bbox 1967 2623 3532 2694">
     <span class='ocr_line' id='line_1_87' title="bbox 1967 2623 3532 2694; baseline -0.004 -14"><span class='ocrx_word' id='word_1_640' title='bbox 1967 2637 2211 2680; x_wconf 86' lang='lat' dir='ltr'><strong>creatura</strong></span> <span class='ocrx_word' id='word_1_641' title='bbox 2251 2626 2356 2680; x_wconf 88' lang='lat' dir='ltr'><strong>Deo</strong></span> <span class='ocrx_word' id='word_1_642' title='bbox 2399 2623 2574 2679; x_wconf 84' lang='lat' dir='ltr'><strong>Verbo</strong></span> <span class='ocrx_word' id='word_1_643' title='bbox 2625 2625 2888 2694; x_wconf 74' lang='lat' dir='ltr'><strong>dignitate</strong></span> <span class='ocrx_word' id='word_1_644' title='bbox 2947 2623 3168 2678; x_wconf 83' lang='lat' dir='ltr'><strong>inferior</strong></span> <span class='ocrx_word' id='word_1_645' title='bbox 3223 2633 3306 2677; x_wconf 90' lang='lat' dir='ltr'><strong>est</strong></span> <span class='ocrx_word' id='word_1_646' title='bbox 3350 2637 3532 2677; x_wconf 62' lang='lat' dir='ltr'><strong>causa:</strong></span> 
     </span>
    </p>
   </div>
   <div class='ocr_carea' id='block_1_88' title="bbox 1970 2708 3525 2785">
    <p class='ocr_par' dir='ltr' id='par_1_88' title="bbox 1970 2708 3525 2785">
     <span class='ocr_line' id='line_1_88' title="bbox 1970 2708 3525 2785; baseline -0.004 -13"><span class='ocrx_word' id='word_1_647' title='bbox 1970 2719 2208 2780; x_wconf 87' lang='lat' dir='ltr'><strong>nomine,</strong></span> <span class='ocrx_word' id='word_1_648' title='bbox 2239 2733 2360 2773; x_wconf 86' lang='lat' dir='ltr'><strong>eum</strong></span> <span class='ocrx_word' id='word_1_649' title='bbox 2388 2719 2457 2772; x_wconf 89' lang='lat' dir='ltr'><strong>ob</strong></span> <span class='ocrx_word' id='word_1_650' title='bbox 2479 2718 2528 2772; x_wconf 91' lang='lat' dir='ltr'><strong>id</strong></span> <span class='ocrx_word' id='word_1_651' title='bbox 2557 2716 2728 2771; x_wconf 88' lang='lat' dir='ltr'><strong>solum</strong></span> <span class='ocrx_word' id='word_1_652' title='bbox 2768 2727 2822 2771; x_wconf 91' lang='lat' dir='ltr'><strong>et</strong></span> <span class='ocrx_word' id='word_1_653' title='bbox 2857 2717 2968 2785; x_wconf 89' lang='lat' dir='ltr'><strong>ipsa</strong></span> <span class='ocrx_word' id='word_1_654' title='bbox 2997 2715 3266 2784; x_wconf 82' lang='lat' dir='ltr'><strong>unigenita</strong></span> <span class='ocrx_word' id='word_1_655' title='bbox 3295 2708 3525 2778; x_wconf 63' lang='lat' dir='ltr'><strong>non&#39;sit;</strong></span> 
     </span>
    </p>
   </div>
   <div class='ocr_carea' id='block_1_89' title="bbox 1969 2808 3532 2883">
    <p class='ocr_par' dir='ltr' id='par_1_89' title="bbox 1969 2808 3532 2883">
     <span class='ocr_line' id='line_1_89' title="bbox 1969 2808 3532 2883; baseline -0.004 -17"><span class='ocrx_word' id='word_1_656' title='bbox 1969 2811 2109 2883; x_wconf 89' lang='lat' dir='ltr'><strong>quod</strong></span> <span class='ocrx_word' id='word_1_657' title='bbox 2143 2811 2313 2867; x_wconf 87' lang='lat' dir='ltr'><strong>Filius</strong></span> <span class='ocrx_word' id='word_1_658' title='bbox 2342 2825 2444 2866; x_wconf 89' lang='lat' dir='ltr'><strong>una</strong></span> <span class='ocrx_word' id='word_1_659' title='bbox 2471 2827 2590 2865; x_wconf 91' lang='lat' dir='ltr'><strong>cum</strong></span> <span class='ocrx_word' id='word_1_660' title='bbox 2614 2809 2776 2865; x_wconf 85' lang='lat' dir='ltr'><strong>Patre</strong></span> <span class='ocrx_word' id='word_1_661' title='bbox 2802 2809 3128 2865; x_wconf 88' lang='lat' dir='ltr'><strong>creationem</strong></span> <span class='ocrx_word' id='word_1_662' title='bbox 3147 2808 3532 2877; x_wconf 79' lang='lat' dir='ltr'><strong>attigit,quan-</strong></span> 
     </span>
    </p>
   </div>
   <div class='ocr_carea' id='block_1_90' title="bbox 1969 2901 3530 2974">
    <p class='ocr_par' dir='ltr' id='par_1_90' title="bbox 1969 2901 3530 2974">
     <span class='ocr_line' id='line_1_90' title="bbox 1969 2901 3530 2974; baseline -0.003 -17"><span class='ocrx_word' id='word_1_663' title='bbox 1969 2920 2127 2972; x_wconf 85' lang='lat' dir='ltr'><strong>quam</strong></span> <span class='ocrx_word' id='word_1_664' title='bbox 2165 2920 2229 2959; x_wconf 90' lang='lat' dir='ltr'><strong>ne</strong></span> <span class='ocrx_word' id='word_1_665' title='bbox 2266 2905 2364 2958; x_wconf 90' lang='lat' dir='ltr'><strong>hoc</strong></span> <span class='ocrx_word' id='word_1_666' title='bbox 2391 2904 2606 2973; x_wconf 89' lang='lat' dir='ltr'><strong>quidem</strong></span> <span class='ocrx_word' id='word_1_667' title='bbox 2641 2903 2709 2958; x_wconf 87' lang='lat' dir='ltr'><strong>ab</strong></span> <span class='ocrx_word' id='word_1_668' title='bbox 2736 2903 2864 2974; x_wconf 86' lang='lat' dir='ltr'><strong>ipsis</strong></span> <span class='ocrx_word' id='word_1_669' title='bbox 2897 2902 3228 2958; x_wconf 86' lang='lat' dir='ltr'><strong>conceditur.</strong></span> <span class='ocrx_word' id='word_1_670' title='bbox 3249 2901 3380 2954; x_wconf 81' lang='lat' dir='ltr'><strong>Nam</strong></span> <span class='ocrx_word' id='word_1_671' title='bbox 3407 2915 3530 2970; x_wconf 89' lang='lat' dir='ltr'><strong>per-</strong></span> 
     </span>
    </p>
   </div>
   <div class='ocr_carea' id='block_1_91' title="bbox 1971 2988 3527 3056">
    <p class='ocr_par' dir='ltr' id='par_1_91' title="bbox 1971 2988 3527 3056">
     <span class='ocr_line' id='line_1_91' title="bbox 1971 2988 3527 3056; baseline -0.001 -11"><span class='ocrx_word' id='word_1_672' title='bbox 1971 2991 2321 3048; x_wconf 73' lang='lat' dir='ltr'><strong>fectissimum</strong></span> <span class='ocrx_word' id='word_1_673' title='bbox 2354 2993 2656 3046; x_wconf 87' lang='lat' dir='ltr'><strong>ministrum</strong></span> <span class='ocrx_word' id='word_1_674' title='bbox 2709 3007 2829 3045; x_wconf 89' lang='lat' dir='ltr'><strong>eum</strong></span> <span class='ocrx_word' id='word_1_675' title='bbox 2897 2990 3191 3045; x_wconf 83' lang='lat' dir='ltr'><strong>numiuaut.</strong></span> <span class='ocrx_word' id='word_1_676' title='bbox 3249 2988 3527 3056; x_wconf 83' lang='lat' dir='ltr'><strong>Quomodo</strong></span> 
     </span>
    </p>
   </div>
   <div class='ocr_carea' id='block_1_92' title="bbox 1971 3081 3524 3156">
    <p class='ocr_par' dir='ltr' id='par_1_92' title="bbox 1971 3081 3524 3156">
     <span class='ocr_line' id='line_1_92' title="bbox 1971 3081 3524 3156; baseline -0.002 -18"><span class='ocrx_word' id='word_1_677' title='bbox 1971 3087 2132 3156; x_wconf 87' lang='lat' dir='ltr'><strong>igitur</strong></span> <span class='ocrx_word' id='word_1_678' title='bbox 2155 3101 2258 3139; x_wconf 89' lang='lat' dir='ltr'><strong>non</strong></span> <span class='ocrx_word' id='word_1_679' title='bbox 2284 3103 2313 3139; x_wconf 88' lang='lat' dir='ltr'><strong>a</strong></span> <span class='ocrx_word' id='word_1_680' title='bbox 2338 3084 2448 3140; x_wconf 89' lang='lat' dir='ltr'><strong>sola</strong></span> <span class='ocrx_word' id='word_1_681' title='bbox 2477 3095 2722 3139; x_wconf 82' lang='lat' dir='ltr'><strong>creatura</strong></span> <span class='ocrx_word' id='word_1_682' title='bbox 2753 3083 2913 3138; x_wconf 89' lang='lat' dir='ltr'><strong>etiam</strong></span> <span class='ocrx_word' id='word_1_683' title='bbox 2953 3081 3092 3136; x_wconf 86' lang='lat' dir='ltr'><strong>facta</strong></span> <span class='ocrx_word' id='word_1_684' title='bbox 3115 3092 3196 3136; x_wconf 88' lang='lat' dir='ltr'><strong>est</strong></span> <span class='ocrx_word' id='word_1_685' title='bbox 3231 3081 3524 3137; x_wconf 88' lang='lat' dir='ltr'><strong>secundum</strong></span> 
     </span>
    </p>
   </div>
   <div class='ocr_carea' id='block_1_93' title="bbox 1897 3175 3528 3268">
    <p class='ocr_par' dir='ltr' id='par_1_93' title="bbox 1897 3175 3528 3268">
     <span class='ocr_line' id='line_1_93' title="bbox 1897 3175 3528 3268; baseline -0.001 -40"><span class='ocrx_word' id='word_1_686' title='bbox 1897 3212 1938 3268; x_wconf 64' lang='grc' dir='ltr'>Ο</span> <span class='ocrx_word' id='word_1_687' title='bbox 1972 3191 2084 3240; x_wconf 80' lang='lat' dir='ltr'><strong>vos,</strong></span> <span class='ocrx_word' id='word_1_688' title='bbox 2110 3177 2200 3245; x_wconf 90' lang='lat' dir='ltr'><strong>qui</strong></span> <span class='ocrx_word' id='word_1_689' title='bbox 2228 3177 2367 3230; x_wconf 84' lang='lat' dir='ltr'><strong>velut</strong></span> <span class='ocrx_word' id='word_1_690' title='bbox 2399 3176 2750 3230; x_wconf 86' lang='lat' dir='ltr'><strong>inauimatum</strong></span> <span class='ocrx_word' id='word_1_691' title='bbox 2800 3175 3066 3245; x_wconf 85' lang='lat' dir='ltr'><strong>quoddam</strong></span> <span class='ocrx_word' id='word_1_692' title='bbox 3113 3176 3528 3228; x_wconf 88' lang='lat' dir='ltr'><strong>instrumentum</strong></span> 
     </span>
    </p>
   </div>
   <div class='ocr_carea' id='block_1_94' title="bbox 1973 3265 3526 3340">
    <p class='ocr_par' dir='ltr' id='par_1_94' title="bbox 1973 3265 3526 3340">
     <span class='ocr_line' id='line_1_94' title="bbox 1973 3265 3526 3340; baseline -0.003 -17"><span class='ocrx_word' id='word_1_693' title='bbox 1973 3270 2137 3324; x_wconf 86' lang='lat' dir='ltr'><strong>Deum</strong></span> <span class='ocrx_word' id='word_1_694' title='bbox 2163 3268 2393 3322; x_wconf 79' lang='lat' dir='ltr'><strong>Verbum</strong></span> <span class='ocrx_word' id='word_1_695' title='bbox 2422 3267 2564 3322; x_wconf 82' lang='lat' dir='ltr'><strong>Patri</strong></span> <span class='ocrx_word' id='word_1_696' title='bbox 2593 3266 2878 3340; x_wconf 85' lang='lat' dir='ltr'><strong>adjungitis</strong></span> <span class='ocrx_word' id='word_1_697' title='bbox 2896 3267 2920 3321; x_wconf 64' lang='grc' dir='ltr'><em>ἲ</em></span> <span class='ocrx_word' id='word_1_698' title='bbox 2937 3266 3048 3321; x_wconf 84' lang='lat' dir='ltr'><strong>Nisi</strong></span> <span class='ocrx_word' id='word_1_699' title='bbox 3071 3267 3192 3337; x_wconf 89' lang='lat' dir='ltr'><strong>quis</strong></span> <span class='ocrx_word' id='word_1_700' title='bbox 3221 3265 3372 3320; x_wconf 87' lang='lat' dir='ltr'><strong>navis</strong></span> <span class='ocrx_word' id='word_1_701' title='bbox 3389 3278 3526 3334; x_wconf 79' lang='lat' dir='ltr'><strong>quo-</strong></span> 
     </span>
    </p>
   </div>
   <div class='ocr_carea' id='block_1_95' title="bbox 1970 3356 3527 3430">
    <p class='ocr_par' dir='ltr' id='par_1_95' title="bbox 1970 3356 3527 3430">
     <span class='ocr_line' id='line_1_95' title="bbox 1970 3356 3527 3430; baseline 0 -20"><span class='ocrx_word' id='word_1_702' title='bbox 1970 3375 2076 3430; x_wconf 84' lang='lat' dir='ltr'><strong>que</strong></span> <span class='ocrx_word' id='word_1_703' title='bbox 2109 3359 2487 3413; x_wconf 86' lang='lat' dir='ltr'><strong>fabricatorem</strong></span> <span class='ocrx_word' id='word_1_704' title='bbox 2519 3357 2734 3427; x_wconf 78' lang='lat' dir='ltr'><strong>negabit</strong></span> <span class='ocrx_word' id='word_1_705' title='bbox 2763 3357 2932 3411; x_wconf 90' lang='lat' dir='ltr'><strong>solum</strong></span> <span class='ocrx_word' id='word_1_706' title='bbox 2963 3371 3152 3411; x_wconf 81' lang='lat' dir='ltr'><strong>navem</strong></span> <span class='ocrx_word' id='word_1_707' title='bbox 3209 3356 3527 3419; x_wconf 83' lang='lat' dir='ltr'><strong>fabricasse,</strong></span> 
     </span>
    </p>
   </div>
   <div class='ocr_carea' id='block_1_96' title="bbox 1973 3447 3529 3516">
    <p class='ocr_par' dir='ltr' id='par_1_96' title="bbox 1973 3447 3529 3516">
     <span class='ocr_line' id='line_1_96' title="bbox 1973 3447 3529 3516; baseline -0.001 -19"><span class='ocrx_word' id='word_1_708' title='bbox 1973 3449 2116 3516; x_wconf 64' lang='lat' dir='ltr'><strong>quod</strong></span> <span class='ocrx_word' id='word_1_709' title='bbox 2142 3448 2516 3502; x_wconf 88' lang='lat' dir='ltr'><strong>instrumentis</strong></span> <span class='ocrx_word' id='word_1_710' title='bbox 2549 3449 2615 3500; x_wconf 88' lang='lat' dir='ltr'><strong>ad</strong></span> <span class='ocrx_word' id='word_1_711' title='bbox 2644 3461 2765 3501; x_wconf 83' lang='lat' dir='ltr'><strong>eam</strong></span> <span class='ocrx_word' id='word_1_712' title='bbox 2811 3447 3231 3500; x_wconf 79' lang='lat' dir='ltr'><strong>construendum</strong></span> <span class='ocrx_word' id='word_1_713' title='bbox 3270 3461 3397 3499; x_wconf 91' lang='lat' dir='ltr'><strong>usus</strong></span> <span class='ocrx_word' id='word_1_714' title='bbox 3427 3455 3529 3498; x_wconf 86' lang='lat' dir='ltr'><strong>est.</strong></span> 
     </span>
    </p>
   </div>
   <div class='ocr_carea' id='block_1_97' title="bbox 1972 3536 3532 3608">
    <p class='ocr_par' dir='ltr' id='par_1_97' title="bbox 1972 3536 3532 3608">
     <span class='ocr_line' id='line_1_97' title="bbox 1972 3536 3532 3608; baseline -0.004 -15"><span class='ocrx_word' id='word_1_715' title='bbox 1972 3541 2148 3607; x_wconf 83' lang='lat' dir='ltr'><strong>Quare</strong></span> <span class='ocrx_word' id='word_1_716' title='bbox 2177 3539 2447 3608; x_wconf 84' lang='lat' dir='ltr'><strong>unigenita</strong></span> <span class='ocrx_word' id='word_1_717' title='bbox 2471 3547 2553 3593; x_wconf 91' lang='lat' dir='ltr'><strong>est</strong></span> <span class='ocrx_word' id='word_1_718' title='bbox 2574 3548 2628 3592; x_wconf 91' lang='lat' dir='ltr'><strong>et</strong></span> <span class='ocrx_word' id='word_1_719' title='bbox 2647 3548 2914 3602; x_wconf 85' lang='lat' dir='ltr'><strong>creatura,</strong></span> <span class='ocrx_word' id='word_1_720' title='bbox 2940 3539 3049 3592; x_wconf 85' lang='lat' dir='ltr'><strong>imo</strong></span> <span class='ocrx_word' id='word_1_721' title='bbox 3078 3545 3131 3592; x_wconf 88' lang='lat' dir='ltr'><strong>et</strong></span> <span class='ocrx_word' id='word_1_722' title='bbox 3163 3536 3303 3590; x_wconf 91' lang='lat' dir='ltr'><strong>illius</strong></span> <span class='ocrx_word' id='word_1_723' title='bbox 3328 3545 3532 3604; x_wconf 83' lang='lat' dir='ltr'><strong>partes,</strong></span> 
     </span>
    </p>
   </div>
   <div class='ocr_carea' id='block_1_98' title="bbox 1974 3627 3532 3705">
    <p class='ocr_par' dir='ltr' id='par_1_98' title="bbox 1974 3627 3532 3705">
     <span class='ocr_line' id='line_1_98' title="bbox 1974 3627 3532 3705; baseline -0.004 -22"><span class='ocrx_word' id='word_1_724' title='bbox 1974 3644 2079 3684; x_wconf 86' lang='lat' dir='ltr'><strong>non</strong></span> <span class='ocrx_word' id='word_1_725' title='bbox 2104 3628 2402 3705; x_wconf 83' lang='lat' dir='ltr'><strong>invisibiles</strong></span> <span class='ocrx_word' id='word_1_726' title='bbox 2431 3630 2660 3683; x_wconf 81' lang='lat' dir='ltr'><strong>virtutes</strong></span> <span class='ocrx_word' id='word_1_727' title='bbox 2701 3629 2896 3692; x_wconf 88' lang='lat' dir='ltr'><strong>solum,</strong></span> <span class='ocrx_word' id='word_1_728' title='bbox 2954 3629 3046 3683; x_wconf 88' lang='lat' dir='ltr'><strong>sed</strong></span> <span class='ocrx_word' id='word_1_729' title='bbox 3095 3642 3318 3694; x_wconf 89' lang='lat' dir='ltr'><strong>corpora</strong></span> <span class='ocrx_word' id='word_1_730' title='bbox 3366 3627 3532 3680; x_wconf 87' lang='lat' dir='ltr'><strong>etiam</strong></span> 
     </span>
    </p>
   </div>
   <div class='ocr_carea' id='block_1_99' title="bbox 1975 3718 3533 3784">
    <p class='ocr_par' dir='ltr' id='par_1_99' title="bbox 1975 3718 3533 3784">
     <span class='ocr_line' id='line_1_99' title="bbox 1975 3718 3533 3784; baseline -0.004 -8"><span class='ocrx_word' id='word_1_731' title='bbox 1975 3720 2272 3784; x_wconf 88' lang='lat' dir='ltr'><strong>sensibilia,</strong></span> <span class='ocrx_word' id='word_1_732' title='bbox 2315 3729 2369 3774; x_wconf 90' lang='lat' dir='ltr'><strong>et</strong></span> <span class='ocrx_word' id='word_1_733' title='bbox 2422 3720 2611 3774; x_wconf 91' lang='lat' dir='ltr'><strong>horum</strong></span> <span class='ocrx_word' id='word_1_734' title='bbox 2649 3720 2967 3784; x_wconf 89' lang='lat' dir='ltr'><strong>humillima,</strong></span> <span class='ocrx_word' id='word_1_735' title='bbox 3020 3718 3237 3780; x_wconf 74' lang='lat' dir='ltr'><strong>culices,</strong></span> <span class='ocrx_word' id='word_1_736' title='bbox 3276 3718 3533 3781; x_wconf 68' lang='lat' dir='ltr'><strong>locustm,</strong></span> 
     </span>
    </p>
   </div>
   <div class='ocr_carea' id='block_1_100' title="bbox 1976 3811 3532 3883">
    <p class='ocr_par' dir='ltr' id='par_1_100' title="bbox 1976 3811 3532 3883">
     <span class='ocr_line' id='line_1_100' title="bbox 1976 3811 3532 3883; baseline -0.003 -14"><span class='ocrx_word' id='word_1_737' title='bbox 1976 3830 2137 3869; x_wconf 66' lang='lat' dir='ltr'><strong>ranae.</strong></span> <span class='ocrx_word' id='word_1_738' title='bbox 2175 3813 2296 3883; x_wconf 80' lang='lat' dir='ltr'><strong>Ipse</strong></span> <span class='ocrx_word' id='word_1_739' title='bbox 2324 3815 2461 3868; x_wconf 84' lang='lat' dir='ltr'><strong>enim</strong></span> <span class='ocrx_word' id='word_1_740' title='bbox 2496 3815 2652 3877; x_wconf 72' lang='lat' dir='ltr'><strong>dixit,</strong></span> <span class='ocrx_word' id='word_1_741' title='bbox 2701 3824 2748 3867; x_wconf 89' lang='lat' dir='ltr'><strong>et</strong></span> <span class='ocrx_word' id='word_1_742' title='bbox 2781 3813 2924 3882; x_wconf 83' lang='lat' dir='ltr'><strong>facta</strong></span> <span class='ocrx_word' id='word_1_743' title='bbox 2970 3824 3090 3866; x_wconf 83' lang='lat' dir='ltr'><strong>sunt</strong></span> <span class='ocrx_word' id='word_1_744' title='bbox 3124 3812 3191 3866; x_wconf 80' lang='lat'><strong>&quot;.</strong></span> <span class='ocrx_word' id='word_1_745' title='bbox 3229 3811 3344 3877; x_wconf 86' lang='lat' dir='ltr'><strong>Quo</strong></span> <span class='ocrx_word' id='word_1_746' title='bbox 3387 3813 3532 3865; x_wconf 90' lang='lat' dir='ltr'><strong>enim</strong></span> 
     </span>
    </p>
   </div>
   <div class='ocr_carea' id='block_1_101' title="bbox 1978 3891 3534 3977">
    <p class='ocr_par' dir='ltr' id='par_1_101' title="bbox 1978 3891 3534 3977">
     <span class='ocr_line' id='line_1_101' title="bbox 1978 3891 3534 3977; baseline -0.003 -17"><span class='ocrx_word' id='word_1_747' title='bbox 1978 3891 2281 3960; x_wconf 56' lang='lat' dir='ltr'><strong>ministerio</strong></span> <span class='ocrx_word' id='word_1_748' title='bbox 2305 3905 2552 3977; x_wconf 84' lang='lat' dir='ltr'><strong>indigere</strong></span> <span class='ocrx_word' id='word_1_749' title='bbox 2581 3906 2775 3976; x_wconf 88' lang='lat' dir='ltr'><strong>possit,</strong></span> <span class='ocrx_word' id='word_1_750' title='bbox 2807 3907 2895 3974; x_wconf 88' lang='lat' dir='ltr'><strong>qui</strong></span> <span class='ocrx_word' id='word_1_751' title='bbox 2925 3915 3054 3958; x_wconf 90' lang='lat' dir='ltr'><strong>nutu</strong></span> <span class='ocrx_word' id='word_1_752' title='bbox 3079 3906 3193 3958; x_wconf 89' lang='lat' dir='ltr'><strong>solo</strong></span> <span class='ocrx_word' id='word_1_753' title='bbox 3225 3913 3393 3966; x_wconf 88' lang='lat' dir='ltr'><strong>creat,</strong></span> <span class='ocrx_word' id='word_1_754' title='bbox 3431 3920 3534 3956; x_wconf 87' lang='lat' dir='ltr'><strong>una</strong></span> 
     </span>
    </p>
   </div>
   <div class='ocr_carea' id='block_1_102' title="bbox 1986 3994 3537 4065">
    <p class='ocr_par' dir='ltr' id='par_1_102' title="bbox 1986 3994 3537 4065">
     <span class='ocr_line' id='line_1_102' title="bbox 1986 3994 3537 4065; baseline -0.003 -12"><span class='ocrx_word' id='word_1_755' title='bbox 1986 4013 2107 4053; x_wconf 89' lang='lat' dir='ltr'><strong>cum</strong></span> <span class='ocrx_word' id='word_1_756' title='bbox 2165 3998 2436 4054; x_wconf 87' lang='lat' dir='ltr'><strong>voluntate</strong></span> <span class='ocrx_word' id='word_1_757' title='bbox 2488 4008 2736 4053; x_wconf 85' lang='lat' dir='ltr'><strong>creatura</strong></span> <span class='ocrx_word' id='word_1_758' title='bbox 2781 3997 3154 4052; x_wconf 82' lang='lat' dir='ltr'><strong>subsistente?</strong></span> <span class='ocrx_word' id='word_1_759' title='bbox 3205 3994 3310 4050; x_wconf 89' lang='lat' dir='ltr'><strong>Sed</strong></span> <span class='ocrx_word' id='word_1_760' title='bbox 3362 3994 3537 4065; x_wconf 85' lang='lat' dir='ltr'><strong>quid?</strong></span> 
     </span>
    </p>
   </div>
   <div class='ocr_carea' id='block_1_103' title="bbox 1978 4085 3533 4160">
    <p class='ocr_par' dir='ltr' id='par_1_103' title="bbox 1978 4085 3533 4160">
     <span class='ocr_line' id='line_1_103' title="bbox 1978 4085 3533 4160; baseline -0.003 -17"><span class='ocrx_word' id='word_1_761' title='bbox 1978 4090 2247 4160; x_wconf 82' lang='lat' dir='ltr'><strong>quomodo</strong></span> <span class='ocrx_word' id='word_1_762' title='bbox 2279 4092 2442 4145; x_wconf 87' lang='lat' dir='ltr'><strong>etiam</strong></span> <span class='ocrx_word' id='word_1_763' title='bbox 2480 4093 2772 4146; x_wconf 82' lang='lat' dir='ltr'><strong>secundum</strong></span> <span class='ocrx_word' id='word_1_764' title='bbox 2804 4106 2902 4146; x_wconf 90' lang='lat' dir='ltr'><strong>uos</strong></span> <span class='ocrx_word' id='word_1_765' title='bbox 2936 4091 3115 4144; x_wconf 87' lang='lat' dir='ltr'><strong>omnia</strong></span> <span class='ocrx_word' id='word_1_766' title='bbox 3149 4096 3274 4144; x_wconf 91' lang='lat' dir='ltr'><strong>sunt</strong></span> <span class='ocrx_word' id='word_1_767' title='bbox 3315 4085 3533 4158; x_wconf 73' lang='lat' dir='ltr'><strong>pcr‘Fi-</strong></span> 
     </span>
    </p>
   </div>
   <div class='ocr_carea' id='block_1_104' title="bbox 1981 4180 3541 4250">
    <p class='ocr_par' dir='ltr' id='par_1_104' title="bbox 1981 4180 3541 4250">
     <span class='ocr_line' id='line_1_104' title="bbox 1981 4180 3541 4250; baseline -0.006 -13"><span class='ocrx_word' id='word_1_768' title='bbox 1981 4182 2152 4237; x_wconf 84' lang='lat' dir='ltr'><strong>lium?</strong></span> <span class='ocrx_word' id='word_1_769' title='bbox 2176 4183 2437 4250; x_wconf 81' lang='lat' dir='ltr'><strong>Quoniam</strong></span> <span class='ocrx_word' id='word_1_770' title='bbox 2467 4181 2646 4236; x_wconf 86' lang='lat' dir='ltr'><strong>divina</strong></span> <span class='ocrx_word' id='word_1_771' title='bbox 2676 4183 2923 4235; x_wconf 83' lang='lat' dir='ltr'><strong>voluntas</strong></span> <span class='ocrx_word' id='word_1_772' title='bbox 2952 4196 2980 4232; x_wconf 89' lang='lat' dir='ltr'><strong>a</strong></span> <span class='ocrx_word' id='word_1_773' title='bbox 3014 4180 3190 4248; x_wconf 88' lang='lat' dir='ltr'><strong>prima</strong></span> <span class='ocrx_word' id='word_1_774' title='bbox 3238 4193 3396 4232; x_wconf 89' lang='lat' dir='ltr'><strong>causa</strong></span> <span class='ocrx_word' id='word_1_775' title='bbox 3431 4187 3541 4229; x_wconf 88' lang='lat' dir='ltr'><strong>tau-</strong></span> 
     </span>
    </p>
   </div>
   <div class='ocr_carea' id='block_1_105' title="bbox 1980 4267 3538 4347">
    <p class='ocr_par' dir='ltr' id='par_1_105' title="bbox 1980 4267 3538 4347">
     <span class='ocr_line' id='line_1_105' title="bbox 1980 4267 3538 4347; baseline -0.005 -19"><span class='ocrx_word' id='word_1_776' title='bbox 1980 4291 2140 4346; x_wconf 86' lang='lat' dir='ltr'><strong>quam</strong></span> <span class='ocrx_word' id='word_1_777' title='bbox 2171 4293 2200 4330; x_wconf 90' lang='lat' dir='ltr'><strong>a</strong></span> <span class='ocrx_word' id='word_1_778' title='bbox 2233 4276 2462 4347; x_wconf 85' lang='lat' dir='ltr'><strong>quodam</strong></span> <span class='ocrx_word' id='word_1_779' title='bbox 2485 4275 2629 4330; x_wconf 88' lang='lat' dir='ltr'><strong>fonte</strong></span> <span class='ocrx_word' id='word_1_780' title='bbox 2658 4273 2918 4346; x_wconf 82' lang='lat' dir='ltr'><strong>profecta,</strong></span> <span class='ocrx_word' id='word_1_781' title='bbox 2946 4287 3040 4342; x_wconf 88' lang='lat' dir='ltr'><strong>per</strong></span> <span class='ocrx_word' id='word_1_782' title='bbox 3069 4286 3224 4327; x_wconf 89' lang='lat' dir='ltr'><strong>suam</strong></span> <span class='ocrx_word' id='word_1_783' title='bbox 3254 4267 3538 4338; x_wconf 84' lang='lat' dir='ltr'><strong>imaginem</strong></span> 
     </span>
    </p>
   </div>
   <div class='ocr_carea' id='block_1_106' title="bbox 1904 4656 3543 4741">
    <p class='ocr_par' dir='ltr' id='par_1_106' title="bbox 1904 4656 3543 4741">
     <span class='ocr_line' id='line_1_106' title="bbox 1904 4656 3543 4741; baseline -0.005 -13"><span class='ocrx_word' id='word_1_784' title='bbox 1904 4656 1948 4710; x_wconf 73' lang='grc' dir='ltr'><strong>θ</strong></span> <span class='ocrx_word' id='word_1_785' title='bbox 1985 4689 2244 4736; x_wconf 85' lang='lat' dir='ltr'><strong>rum.non</strong></span> <span class='ocrx_word' id='word_1_786' title='bbox 2275 4673 2498 4727; x_wconf 81' lang='lat' dir='ltr'><strong>errabit.</strong></span> <span class='ocrx_word' id='word_1_787' title='bbox 2532 4671 2740 4741; x_wconf 76' lang='lat' dir='ltr'><strong>Reliqui</strong></span> <span class='ocrx_word' id='word_1_788' title='bbox 2769 4685 2857 4725; x_wconf 79' lang='lat' dir='ltr'><strong>sex</strong></span> <span class='ocrx_word' id='word_1_789' title='bbox 2889 4685 3020 4725; x_wconf 81' lang='lat' dir='ltr'><strong>mss.</strong></span> <span class='ocrx_word' id='word_1_790' title='bbox 3048 4669 3364 4738; x_wconf 84' lang='lat' dir='ltr'><strong>simpliciter</strong></span> <span class='ocrx_word' id='word_1_791' title='bbox 3386 4667 3543 4720; x_wconf 83' lang='grc' dir='ltr'>τοῦτο</span> 
     </span>
    </p>
   </div>
   <div class='ocr_carea' id='block_1_107' title="bbox 1980 4743 2340 4798">
    <p class='ocr_par' dir='ltr' id='par_1_107' title="bbox 1980 4743 2340 4798">
     <span class='ocr_line' id='line_1_107' title="bbox 1980 4743 2340 4798; baseline -0.008 0"><span class='ocrx_word' id='word_1_792' title='bbox 1980 4747 2108 4798; x_wconf 81' lang='grc' dir='ltr'>παρ’</span> <span class='ocrx_word' id='word_1_793' title='bbox 2142 4743 2340 4797; x_wconf 80' lang='grc' dir='ltr'>αὐτῶν.</span> 
     </span>
    </p>
   </div>
   <div class='ocr_carea' id='block_1_108' title="bbox 2049 4761 3542 4884">
    <p class='ocr_par' dir='ltr' id='par_1_108' title="bbox 2049 4761 3542 4884">
     <span class='ocr_line' id='line_1_108' title="bbox 2049 4761 3542 4884; baseline -0.006 -16"><span class='ocrx_word' id='word_1_794' title='bbox 2377 4811 2476 4866; x_wconf 83' lang='grc' dir='ltr'><strong>1οοί</strong></span> <span class='ocrx_word' id='word_1_795' title='bbox 2506 4813 2772 4884; x_wconf 83' lang='lat' dir='ltr'><strong>sententia</strong></span> <span class='ocrx_word' id='word_1_796' title='bbox 2805 4810 2921 4884; x_wconf 73' lang='lat' dir='ltr'><strong>haec</strong></span> <span class='ocrx_word' id='word_1_797' title='bbox 2959 4820 3040 4884; x_wconf 83' lang='lat' dir='ltr'><strong>est</strong></span> <span class='ocrx_word' id='word_1_798' title='bbox 3071 4826 3085 4862; x_wconf 91' lang='lat'><strong>:</strong></span> <span class='ocrx_word' id='word_1_799' title='bbox 3114 4807 3187 4884; x_wconf 92' lang='lat' dir='ltr'><strong>_Ut</strong></span> <span class='ocrx_word' id='word_1_800' title='bbox 3231 4809 3460 4884; x_wconf 84' lang='lat' dir='ltr'><strong>mundus</strong></span> <span class='ocrx_word' id='word_1_801' title='bbox 3489 4810 3542 4860; x_wconf 90' lang='lat' dir='ltr'><strong>in</strong></span> 
     </span>
    </p>
   </div>
   <div class='ocr_carea' id='block_1_109' title="bbox 1977 4880 3550 4951">
    <p class='ocr_par' dir='ltr' id='par_1_109' title="bbox 1977 4880 3550 4951">
     <span class='ocr_line' id='line_1_109' title="bbox 1977 4880 3550 4951; baseline -0.005 -13"><span class='ocrx_word' id='word_1_802' title='bbox 1977 4880 2294 4938; x_wconf 86' lang='lat' dir='ltr'><strong>universum</strong></span> <span class='ocrx_word' id='word_1_803' title='bbox 2329 4884 2432 4936; x_wconf 87' lang='lat' dir='ltr'><strong>erit</strong></span> <span class='ocrx_word' id='word_1_804' title='bbox 2463 4882 2773 4950; x_wconf 89' lang='lat' dir='ltr'><strong>unigenitus</strong></span> <span class='ocrx_word' id='word_1_805' title='bbox 2800 4919 2816 4946; x_wconf 91' lang='lat'><strong>,</strong></span> <span class='ocrx_word' id='word_1_806' title='bbox 2849 4882 2920 4935; x_wconf 92' lang='lat' dir='ltr'><strong>ita</strong></span> <span class='ocrx_word' id='word_1_807' title='bbox 2952 4881 3174 4951; x_wconf 69' lang='lat' dir='ltr'><strong>singulae</strong></span> <span class='ocrx_word' id='word_1_808' title='bbox 3199 4880 3314 4950; x_wconf 83' lang='lat' dir='ltr'><strong>ejus</strong></span> <span class='ocrx_word' id='word_1_809' title='bbox 3359 4888 3550 4949; x_wconf 79' lang='lat' dir='ltr'><strong>partes</strong></span> 
     </span>
    </p>
   </div>
   <div class='ocr_carea' id='block_1_110' title="bbox 1977 4953 2723 5022">
    <p class='ocr_par' dir='ltr' id='par_1_110' title="bbox 1977 4953 2723 5022">
     <span class='ocr_line' id='line_1_110' title="bbox 1977 4953 2723 5022; baseline -0.007 -13"><span class='ocrx_word' id='word_1_810' title='bbox 1977 4966 2132 5010; x_wconf 86' lang='lat' dir='ltr'><strong>erunt</strong></span> <span class='ocrx_word' id='word_1_811' title='bbox 2163 4968 2379 5022; x_wconf 88' lang='lat' dir='ltr'><strong>quoque</strong></span> <span class='ocrx_word' id='word_1_812' title='bbox 2411 4953 2723 5022; x_wconf 65' lang='lat' dir='ltr'><strong>unigenitaa.</strong></span> 
     </span>
    </p>
   </div>
   <div class='ocr_carea' id='block_1_111' title="bbox 2049 5015 3542 5095">
    <p class='ocr_par' dir='ltr' id='par_1_111' title="bbox 2049 5015 3542 5095">
     <span class='ocr_line' id='line_1_111' title="bbox 2049 5015 3542 5095; baseline -0.007 -18"><span class='ocrx_word' id='word_1_813' title='bbox 2049 5015 2416 5095; x_wconf 36' lang='lat' dir='ltr'><strong>(55)_&#39;\&quot;eteres</strong></span> <span class='ocrx_word' id='word_1_814' title='bbox 2439 5015 2677 5090; x_wconf 81' lang='lat' dir='ltr'><strong>quinque</strong></span> <span class='ocrx_word' id='word_1_815' title='bbox 2703 5020 2823 5095; x_wconf 80' lang='lat' dir='ltr'><strong>libri</strong></span> <span class='ocrx_word' id='word_1_816' title='bbox 2850 5031 2905 5077; x_wconf 83' lang='lat' dir='ltr'><strong>et</strong></span> <span class='ocrx_word' id='word_1_817' title='bbox 2932 5019 3058 5075; x_wconf 83' lang='lat' dir='ltr'><strong>editi</strong></span> <span class='ocrx_word' id='word_1_818' title='bbox 3082 5020 3230 5095; x_wconf 45' lang='lat' dir='ltr'><strong>_staih</strong></span> <span class='ocrx_word' id='word_1_819' title='bbox 3253 5015 3542 5095; x_wconf 52' lang='grc' dir='ltr'>ἐγεννήθη-</span> 
     </span>
    </p>
   </div>
   <div class='ocr_carea' id='block_1_112' title="bbox 1979 5088 3544 5161">
    <p class='ocr_par' dir='ltr' id='par_1_112' title="bbox 1979 5088 3544 5161">
     <span class='ocr_line' id='line_1_112' title="bbox 1979 5088 3544 5161; baseline -0.007 -13"><span class='ocrx_word' id='word_1_820' title='bbox 1979 5088 2098 5148; x_wconf 81' lang='grc' dir='ltr'>σαν.</span> <span class='ocrx_word' id='word_1_821' title='bbox 2134 5088 2603 5161; x_wconf 59' lang='lat' dir='ltr'><strong>Undeiuterpres,</strong></span> <span class='ocrx_word' id='word_1_822' title='bbox 2623 5101 2671 5142; x_wconf 88' lang='lat' dir='ltr'><strong>et</strong></span> <span class='ocrx_word' id='word_1_823' title='bbox 2709 5093 2882 5160; x_wconf 84' lang='lat' dir='ltr'><strong>genita</strong></span> <span class='ocrx_word' id='word_1_824' title='bbox 2908 5099 3049 5144; x_wconf 87' lang='lat' dir='ltr'><strong>sunt.</strong></span> <span class='ocrx_word' id='word_1_825' title='bbox 3082 5088 3232 5158; x_wconf 71' lang='lat' dir='ltr'><strong>Regii</strong></span> <span class='ocrx_word' id='word_1_826' title='bbox 3272 5089 3463 5161; x_wconf 81' lang='lat' dir='ltr'><strong>tertius</strong></span> <span class='ocrx_word' id='word_1_827' title='bbox 3487 5095 3544 5138; x_wconf 93' lang='lat' dir='ltr'><strong>et</strong></span> 
     </span>
    </p>
   </div>
   <div class='ocr_carea' id='block_1_113' title="bbox 1975 5156 3546 5283">
    <p class='ocr_par' dir='ltr' id='par_1_113' title="bbox 1975 5156 3546 5283">
     <span class='ocr_line' id='line_1_113' title="bbox 1975 5156 3546 5283; baseline -0.006 -67"><span class='ocrx_word' id='word_1_828' title='bbox 1975 5173 2200 5232; x_wconf 84' lang='lat' dir='ltr'><strong>quartus</strong></span> <span class='ocrx_word' id='word_1_829' title='bbox 2248 5162 2342 5215; x_wconf 78' lang='grc' dir='ltr'>καὶ</span> <span class='ocrx_word' id='word_1_830' title='bbox 2395 5156 2755 5283; x_wconf 46' lang='grc' dir='ltr'>ἐγενηθησαν,</span> <span class='ocrx_word' id='word_1_831' title='bbox 2781 5173 2826 5213; x_wconf 89' lang='lat' dir='ltr'><strong>et</strong></span> <span class='ocrx_word' id='word_1_832' title='bbox 2863 5161 3003 5230; x_wconf 80' lang='lat' dir='ltr'><strong>facta</strong></span> <span class='ocrx_word' id='word_1_833' title='bbox 3047 5156 3190 5220; x_wconf 61' lang='lat' dir='ltr'><strong>sunt,</strong></span> <span class='ocrx_word' id='word_1_834' title='bbox 3254 5171 3354 5212; x_wconf 83' lang='lat' dir='ltr'><strong>nec</strong></span> <span class='ocrx_word' id='word_1_835' title='bbox 3387 5156 3546 5208; x_wconf 76' lang='lat' dir='ltr'><strong>aliter</strong></span> 
     </span>
     <span class='ocr_line' id='line_1_114' title="bbox 1977 5227 3542 5283; baseline -0.003 0"><span class='ocrx_word' id='word_1_836' title='bbox 1977 5235 2171 5283; x_wconf 71' lang='lat' dir='ltr'><strong>legitur</strong></span> <span class='ocrx_word' id='word_1_837' title='bbox 2231 5231 2370 5283; x_wconf 84' lang='lat' dir='ltr'><strong>anud</strong></span> <span class='ocrx_word' id='word_1_838' title='bbox 2421 5230 2536 5283; x_wconf 74' lang='lat' dir='ltr'><strong>LX.</strong></span> <span class='ocrx_word' id='word_1_839' title='bbox 2570 5271 2583 5283; x_wconf 89' lang='lat'><strong>.</strong></span> <span class='ocrx_word' id='word_1_840' title='bbox 2612 5242 2618 5249; x_wconf 87' lang='lat'><strong><em>‘</em></strong></span> <span class='ocrx_word' id='word_1_841' title='bbox 2647 5232 2700 5283; x_wconf 90' lang='lat' dir='ltr'><strong>In</strong></span> <span class='ocrx_word' id='word_1_842' title='bbox 2740 5232 2975 5283; x_wconf 85' lang='lat' dir='ltr'><strong>editione</strong></span> <span class='ocrx_word' id='word_1_843' title='bbox 3040 5228 3334 5282; x_wconf 80' lang='lat' dir='ltr'><strong>Parisiensi</strong></span> <span class='ocrx_word' id='word_1_844' title='bbox 3384 5237 3439 5280; x_wconf 90' lang='lat' dir='ltr'><strong>et</strong></span> <span class='ocrx_word' id='word_1_845' title='bbox 3488 5227 3542 5278; x_wconf 75' lang='grc' dir='ltr'>ῑιι</span> 
     </span>
    </p>
   </div>
   <div class='ocr_carea' id='block_1_114' title="bbox 1977 5227 3542 5300">
    <p class='ocr_par' dir='ltr' id='par_1_114' title="bbox 1977 5227 3542 5300">
     <span class='ocr_line' id='line_1_115' title="bbox 1977 5227 3542 5300; baseline -0.006 -13"><span class='ocrx_word' id='word_1_846' title='bbox 1977 5227 2171 5300; x_wconf 77' lang='lat' dir='ltr'><strong>legitur</strong></span> <span class='ocrx_word' id='word_1_847' title='bbox 2231 5231 2370 5300; x_wconf 89' lang='lat' dir='ltr'><strong>apud</strong></span> <span class='ocrx_word' id='word_1_848' title='bbox 2421 5227 2583 5285; x_wconf 74' lang='lat' dir='ltr'><strong>LXX.</strong></span> <span class='ocrx_word' id='word_1_849' title='bbox 2612 5227 2700 5284; x_wconf 72' lang='lat' dir='ltr'><strong>&quot;in</strong></span> <span class='ocrx_word' id='word_1_850' title='bbox 2740 5227 2982 5300; x_wconf 84' lang='lat' dir='ltr'><strong>editione</strong></span> <span class='ocrx_word' id='word_1_851' title='bbox 3040 5228 3334 5300; x_wconf 80' lang='lat' dir='ltr'><strong>Parisiensi</strong></span> <span class='ocrx_word' id='word_1_852' title='bbox 3384 5237 3439 5280; x_wconf 90' lang='lat' dir='ltr'><strong>et</strong></span> <span class='ocrx_word' id='word_1_853' title='bbox 3467 5227 3542 5300; x_wconf 61' lang='grc' dir='ltr'><strong>Δῑιι</strong></span> 
     </span>
    </p>
   </div>
   <div class='ocr_carea' id='block_1_115' title="bbox 1977 5293 3548 5372">
    <p class='ocr_par' dir='ltr' id='par_1_115' title="bbox 1977 5293 3548 5372">
     <span class='ocr_line' id='line_1_116' title="bbox 1977 5293 3548 5372; baseline -0.008 -14"><span class='ocrx_word' id='word_1_854' title='bbox 1977 5293 2183 5358; x_wconf 76' lang='lat' dir='ltr'><strong>duobus</strong></span> <span class='ocrx_word' id='word_1_855' title='bbox 2221 5293 2512 5372; x_wconf 11' lang='lat' dir='ltr'><strong>misspost</strong></span> <span class='ocrx_word' id='word_1_856' title='bbox 2545 5315 2726 5372; x_wconf 79' lang='lat' dir='ltr'><strong>vocem</strong></span> <span class='ocrx_word' id='word_1_857' title='bbox 2770 5299 3148 5372; x_wconf 78' lang='grc' dir='ltr'>ἐγεννήθησαν</span> <span class='ocrx_word' id='word_1_858' title='bbox 3178 5298 3416 5372; x_wconf 66' lang='lat' dir='ltr'><strong>additum</strong></span> <span class='ocrx_word' id='word_1_859' title='bbox 3467 5293 3548 5347; x_wconf 85' lang='lat' dir='ltr'><strong>in-</strong></span> 
     </span>
    </p>
   </div>
   <div class='ocr_carea' id='block_1_116' title="bbox 1977 5365 3554 5436">
    <p class='ocr_par' dir='ltr' id='par_1_116' title="bbox 1977 5365 3554 5436">
     <span class='ocr_line' id='line_1_117' title="bbox 1977 5365 3554 5436; baseline -0.006 -9"><span class='ocrx_word' id='word_1_860' title='bbox 1977 5374 2183 5426; x_wconf 88' lang='lat' dir='ltr'><strong>venitur</strong></span> <span class='ocrx_word' id='word_1_861' title='bbox 2247 5371 2375 5423; x_wconf 85' lang='lat' dir='ltr'><strong>illud</strong></span> <span class='ocrx_word' id='word_1_862' title='bbox 2390 5365 2413 5434; x_wconf 78' lang='grc'>’,</span> <span class='ocrx_word' id='word_1_863' title='bbox 2455 5371 2617 5434; x_wconf 79' lang='grc' dir='ltr'>αὐτὸς</span> <span class='ocrx_word' id='word_1_864' title='bbox 2658 5365 2980 5435; x_wconf 77' lang='grc' dir='ltr'>ἐνετείλατο,</span> <span class='ocrx_word' id='word_1_865' title='bbox 3021 5365 3148 5421; x_wconf 71' lang='grc' dir='ltr'>’καὶσ</span> <span class='ocrx_word' id='word_1_866' title='bbox 3190 5365 3554 5436; x_wconf 71' lang='grc' dir='ltr'>ἐκτίσθησαν,</span> 
     </span>
    </p>
   </div>
   <div class='ocr_carea' id='block_1_117' title="bbox 1977 5436 3548 5512">
    <p class='ocr_par' dir='ltr' id='par_1_117' title="bbox 1977 5436 3548 5512">
     <span class='ocr_line' id='line_1_118' title="bbox 1977 5436 3548 5512; baseline -0.006 -16"><span class='ocrx_word' id='word_1_867' title='bbox 1977 5446 2084 5512; x_wconf 83' lang='lat' dir='ltr'><strong>ipse</strong></span> <span class='ocrx_word' id='word_1_868' title='bbox 2130 5441 2442 5512; x_wconf 70' lang='lat' dir='ltr'><strong>mandauit,</strong></span> <span class='ocrx_word' id='word_1_869' title='bbox 2471 5453 2518 5497; x_wconf 87' lang='lat' dir='ltr'><strong>et</strong></span> <span class='ocrx_word' id='word_1_870' title='bbox 2571 5453 2748 5494; x_wconf 83' lang='lat' dir='ltr'><strong>creata</strong></span> <span class='ocrx_word' id='word_1_871' title='bbox 2804 5453 2981 5512; x_wconf 75' lang='lat' dir='ltr'><strong>sunt;</strong></span> <span class='ocrx_word' id='word_1_872' title='bbox 3028 5447 3205 5512; x_wconf 76' lang='lat' dir='ltr'><strong>tamen</strong></span> <span class='ocrx_word' id='word_1_873' title='bbox 3264 5453 3385 5490; x_wconf 91' lang='lat' dir='ltr'><strong>cum</strong></span> <span class='ocrx_word' id='word_1_874' title='bbox 3433 5436 3548 5512; x_wconf 68' lang='lat' dir='ltr'><strong>haec</strong></span> 
     </span>
    </p>
   </div>
   <div class='ocr_carea' id='block_1_118' title="bbox 1980 5507 3546 5579">
    <p class='ocr_par' dir='ltr' id='par_1_118' title="bbox 1980 5507 3546 5579">
     <span class='ocr_line' id='line_1_119' title="bbox 1980 5507 3546 5579; baseline -0.007 -11"><span class='ocrx_word' id='word_1_875' title='bbox 1980 5507 2139 5568; x_wconf 69' lang='lat' dir='ltr'><strong>verba</strong></span> <span class='ocrx_word' id='word_1_876' title='bbox 2174 5512 2226 5563; x_wconf 90' lang='lat' dir='ltr'><strong>iu</strong></span> <span class='ocrx_word' id='word_1_877' title='bbox 2258 5509 2480 5578; x_wconf 86' lang='lat' dir='ltr'><strong>reliquis</strong></span> <span class='ocrx_word' id='word_1_878' title='bbox 2508 5513 2748 5579; x_wconf 83' lang='lat' dir='ltr'><strong>quinque</strong></span> <span class='ocrx_word' id='word_1_879' title='bbox 2775 5508 3282 5579; x_wconf 81' lang='lat' dir='ltr'><strong>codicibusdesint,</strong></span> <span class='ocrx_word' id='word_1_880' title='bbox 3311 5516 3367 5560; x_wconf 92' lang='lat' dir='ltr'><strong>et</strong></span> <span class='ocrx_word' id='word_1_881' title='bbox 3411 5507 3546 5579; x_wconf 80' lang='lat' dir='ltr'><strong>alio-</strong></span> 
     </span>
    </p>
   </div>
   <div class='ocr_carea' id='block_1_119' title="bbox 1977 5577 3549 5653">
    <p class='ocr_par' dir='ltr' id='par_1_119' title="bbox 1977 5577 3549 5653">
     <span class='ocr_line' id='line_1_120' title="bbox 1977 5577 3549 5653; baseline -0.008 -16"><span class='ocrx_word' id='word_1_882' title='bbox 1977 5585 2106 5653; x_wconf 83' lang='lat' dir='ltr'><strong>quin</strong></span> <span class='ocrx_word' id='word_1_883' title='bbox 2128 5580 2357 5634; x_wconf 86' lang='lat' dir='ltr'><strong>Basilius</strong></span> <span class='ocrx_word' id='word_1_884' title='bbox 2378 5577 2558 5653; x_wconf 74' lang='lat' dir='ltr'><strong>brevis</strong></span> <span class='ocrx_word' id='word_1_885' title='bbox 2583 5577 2705 5653; x_wconf 81' lang='lat' dir='ltr'><strong>esse</strong></span> <span class='ocrx_word' id='word_1_886' title='bbox 2735 5580 2968 5634; x_wconf 79' lang='lat' dir='ltr'><strong>maxime</strong></span> <span class='ocrx_word' id='word_1_887' title='bbox 2999 5578 3364 5653; x_wconf 79' lang='lat' dir='ltr'><strong>studeat,_uo_u</strong></span> <span class='ocrx_word' id='word_1_888' title='bbox 3395 5577 3549 5653; x_wconf 63' lang='lat' dir='ltr'><strong>valde</strong></span> 
     </span>
    </p>
   </div>
   <div class='ocr_carea' id='block_1_120' title="bbox 1980 5647 3546 5719">
    <p class='ocr_par' dir='ltr' id='par_1_120' title="bbox 1980 5647 3546 5719">
     <span class='ocr_line' id='line_1_121' title="bbox 1980 5647 3546 5719; baseline -0.005 -14"><span class='ocrx_word' id='word_1_889' title='bbox 1980 5647 2266 5706; x_wconf 77' lang='lat' dir='ltr'><strong>admodum</strong></span> <span class='ocrx_word' id='word_1_890' title='bbox 2306 5651 2568 5715; x_wconf 85' lang='lat' dir='ltr'><strong>dubitavi,</strong></span> <span class='ocrx_word' id='word_1_891' title='bbox 2601 5651 2730 5719; x_wconf 77' lang='lat' dir='ltr'><strong>quin</strong></span> <span class='ocrx_word' id='word_1_892' title='bbox 2783 5649 3014 5718; x_wconf 77' lang='lat' dir='ltr'><strong>expungi</strong></span> <span class='ocrx_word' id='word_1_893' title='bbox 3067 5656 3119 5700; x_wconf 85' lang='lat' dir='ltr'><strong>et</strong></span> <span class='ocrx_word' id='word_1_894' title='bbox 3175 5648 3340 5701; x_wconf 81' lang='lat' dir='ltr'><strong>deleri</strong></span> <span class='ocrx_word' id='word_1_895' title='bbox 3379 5647 3546 5700; x_wconf 79' lang='lat' dir='ltr'><strong>debe-</strong></span> 
     </span>
    </p>
   </div>
   <div class='ocr_carea' id='block_1_121' title="bbox 1981 5732 2120 5778">
    <p class='ocr_par' dir='ltr' id='par_1_121' title="bbox 1981 5732 2120 5778">
     <span class='ocr_line' id='line_1_122' title="bbox 1981 5732 2120 5778; baseline -0.014 0"><span class='ocrx_word' id='word_1_896' title='bbox 1981 5732 2120 5778; x_wconf 88' lang='lat' dir='ltr'><strong>rent.</strong></span> 
     </span>
    </p>
   </div>
   <div class='ocr_carea' id='block_1_122' title="bbox 2052 5789 3164 5861">
    <p class='ocr_par' dir='ltr' id='par_1_122' title="bbox 2052 5789 3164 5861">
     <span class='ocr_line' id='line_1_123' title="bbox 2052 5789 3164 5861; baseline -0.004 -16"><span class='ocrx_word' id='word_1_897' title='bbox 2052 5791 2164 5861; x_wconf 78' lang='grc'><strong>(56)</strong></span> <span class='ocrx_word' id='word_1_898' title='bbox 2195 5791 2423 5847; x_wconf 82' lang='lat' dir='ltr'><strong>Codices</strong></span> <span class='ocrx_word' id='word_1_899' title='bbox 2457 5791 2659 5861; x_wconf 84' lang='lat' dir='ltr'><strong>aliquot</strong></span> <span class='ocrx_word' id='word_1_900' title='bbox 2681 5789 2946 5861; x_wconf 75' lang='grc' dir='ltr'>θελήματι</span> <span class='ocrx_word' id='word_1_901' title='bbox 2980 5789 3164 5861; x_wconf 75' lang='grc' dir='ltr'>μόνον.</span> 
     </span>
    </p>
   </div>
   <div class='ocr_carea' id='block_1_123' title="bbox 2055 5852 3548 5930">
    <p class='ocr_par' dir='ltr' id='par_1_123' title="bbox 2055 5852 3548 5930">
     <span class='ocr_line' id='line_1_124' title="bbox 2055 5852 3548 5930; baseline -0.005 -14"><span class='ocrx_word' id='word_1_902' title='bbox 2055 5852 2168 5930; x_wconf 77' lang='grc'><strong>(57)</strong></span> <span class='ocrx_word' id='word_1_903' title='bbox 2205 5864 2341 5918; x_wconf 75' lang='grc' dir='ltr'><strong>Ειίὶιὶ</strong></span> <span class='ocrx_word' id='word_1_904' title='bbox 2385 5852 2559 5914; x_wconf 72' lang='grc' dir='ltr'><strong>Ἀλλᾶ</strong></span> <span class='ocrx_word' id='word_1_905' title='bbox 2584 5876 2664 5914; x_wconf 81' lang='grc' dir='ltr'><strong>τοι</strong></span> <span class='ocrx_word' id='word_1_906' title='bbox 2697 5852 2833 5924; x_wconf 62' lang='grc' dir='ltr'><strong>πῶξξ</strong></span> <span class='ocrx_word' id='word_1_907' title='bbox 2864 5862 2936 5915; x_wconf 80' lang='lat' dir='ltr'><strong>At</strong></span> <span class='ocrx_word' id='word_1_908' title='bbox 2967 5852 3104 5914; x_wconf 76' lang='lat' dir='ltr'><strong>mss.</strong></span> <span class='ocrx_word' id='word_1_909' title='bbox 3137 5857 3295 5910; x_wconf 79' lang='grc' dir='ltr'>Ἀλλά</span> <span class='ocrx_word' id='word_1_910' title='bbox 3326 5874 3376 5909; x_wconf 81' lang='grc' dir='ltr'><strong>τι</strong></span> <span class='ocrx_word' id='word_1_911' title='bbox 3409 5852 3548 5917; x_wconf 80' lang='grc' dir='ltr'>πῶς.</span> 
     </span>
    </p>
   </div>
  </div>
