4002 6408
515 313 619 367 611)

1818 309 1876 365 S.
1919 307 2161 364 BASILII
2202 310 2416 367 MAGNl

3635 313 3741 369 σεο

519 428 688 480 Deum
723 423 954 481 Verbum
989 426 1054 482 ad
1082 427 1455 495 operationem
1502 425 1863 496 progreditur.
1897 427 2073 480 Euno-

2182 428 2380 489 οἰκείας
2425 427 2627 489 εἰκόνος
2675 425 2767 478 τοῦ
2805 425 2937 480 Θεοῦ
2977 426 3149 494 Λόγου
3187 411 3428 496 πρόεισιν
3474 428 3558 488 εις
3589 427 3745 496 ἐνέρ-

519 517 657 572 mius
691 531 820 571 vero
844 516 1180 585 unigenitum
1208 515 1401 570 Filium
1434 517 1736 574 ministrum
1769 517 2074 587 appellavit,

517 613 619 664 hoc
673 612 722 665 ei
781 624 1032 680 magnum
1073 611 1398 676 attribuens,
1452 610 1594 680 quod
1637 614 1703 664 ad
1733 626 1920 666 eorum
1957 627 2074 679 qua:

518 700 909 770 praecipiuntur
939 701 1296 755 ministerium
1331 700 1556 754 idoneus
1587 711 1689 755 est.
1720 699 1776 755 Si
1804 701 1947 753 enim
1971 715 2073 754 non

517 793 570 844 in
595 805 660 844 eo
687 791 833 859 quod
869 789 1012 844 Deus
1046 791 1317 858 perfectus
1337 791 1427 852 sit,
1455 792 1789 860 maiestatem
1821 792 2071 860 possidet,

517 882 610 936 sed
639 882 692 936 in
720 898 785 936 eo
802 883 946 952 quod
969 883 1187 936 sedulus
1205 884 1277 936 sit
1304 883 1574 946 minister,
1598 882 1711 950 jam
1742 898 1773 936 a
1807 883 2077 936 ministra-

520 974 672 1027 toriis
699 973 1004 1042 spiritibus,
1032 974 1123 1042 qui
1155 973 1424 1044 inculpate
1469 975 1754 1028 ministerii
1789 989 1923 1044 opus
1950 990 2073 1044 per-

520 1064 728 1130 tit-iunt,
758 1064 937 1134 quain
973 1079 1031 1119 re
1061 1064 1309 1120 din‘eret?
1335 1065 1428 1121 His
1465 1067 1533 1120 de
1565 1066 1744 1122 causis
1781 1067 1896 1121 voci
1941 1070 2078 1135 geni-

515 1169 600 1212 ωε
626 1172 812 1212 vocem
859 1167 1067 1210 creatus
1105 1157 1406 1226 conjunxit,
1443 1167 1500 1213 ut
1531 1159 1691 1212 etiam
1724 1158 1848 1212 hinc
1875 1159 2074 1212 nullam

518 1251 660 1304 inter
687 1249 880 1303 Filium
913 1258 967 1301 et
991 1257 1295 1302 creaturam
1336 1249 1700 1304 diversitatem
1740 1264 1861 1304 esse
1895 1260 2078 1305 osten-

514 1344 623 1396 dat.

587 1434 673 1489 2'2.
707 1433 824 1488 1am
853 1449 978 1490 vero
1007 1449 1186 1504 operae
1220 1435 1451 1505 pretium
1487 1433 1650 1489 fuerit
1690 1433 1832 1487 illius
1863 1448 2078 1503 quoque

516 1526 935 1582 admonitionem
965 1527 1176 1581 audire.

583 1617 716 1671 Eun.
750 1616 865 1672 Non
900 1625 1133 1686 oportet,
1163 1617 1357 1684 inquit,
1392 1631 1513 1671 cum
1545 1614 1720 1672 Patris
1747 1634 1810 1674 ac
1835 1617 1954 1673 Filii
1977 1635 2076 1688 ap-

513 1708 858 1777 pellationem
904 1708 1176 1771 audimus,
1207 1706 1324 1776 ejus
1351 1707 1748 1778 generationem
1785 1709 2070 1764 humanam

514 1799 853 1869 intelligere:
907 1813 1008 1854 nec
1067 1800 1344 1853 hominum
1395 1801 1741 1869 generatione
1769 1802 2073 1869 adductos,

516 1893 681 1946 Deum
711 1891 1108 1946 communionis
1136 1893 1442 1948 nominibus
1470 1902 1564 1946 aut
1587 1893 1925 1962 passionibus
1952 1895 2076 1950 sub-

509 1987 698 2054 jicere.

589 2074 712 2130 Bas.
774 2072 956 2129 Monet
1017 2072 1210 2128 Filium
1275 2073 1422 2128 Patri
1473 2078 1766 2130 secundum
1825 2077 2077 2131 substan-

515 2170 644 2222 tiam
678 2168 908 2221 similem
946 2166 1171 2238 intelligi
1209 2182 1316 2222 non
1360 2179 1628 2238 oportere.
1667 2167 1780 2222 Hoc
1802 2170 1946 2222 enim
1975 2169 2076 2225 sibi

515 2259 628 2312 vult
665 2259 748 2312 illa
798 2258 1226 2328 participationis
1269 2260 1504 2328 negatio,
1554 2260 1707 2326 quasi
1759 2260 2062 2314 substantia

516 2349 694 2402 Patris
739 2365 862 2403 cum
900 2349 1202 2403 substantia
1238 2348 1359 2402 Filii
1408 2364 1513 2404 non
1546 2358 1711 2418 queat
1743 2352 2079 2406 communio-

515 2455 636 2493 nem
671 2440 830 2494 ullam
881 2441 1104 2495 habere.
1154 2439 1445 2510 Propterea
1483 2442 1753 2509 praeclara:
1788 2440 1914 2510 illae,
1948 2459 2080 2512 qua-

517 2550 633 2588 rum
683 2549 780 2588 nos
842 2534 1055 2589 turbam
1099 2534 1575 2601 praetermisimus,
1625 2535 1901 2590 nominum
1960 2538 2076 2592 dis-

517 2625 828 2688 tinctiones,
893 2624 1037 2694 quod
1068 2623 1321 2678 videlicet
1355 2639 1460 2678 non
1501 2640 1944 2696 quorttmcunqne
1976 2643 2078 2682 ea:—

516 2715 638 2768 dem
687 2726 813 2769 sunt
862 2715 1296 2783 enuntiationes,
1343 2732 1406 2770 ea
1443 2719 1706 2773 continuo
1752 2734 1810 2775 re
1865 2736 2078 2791 quoque

512 2806 810 2875 signiﬁcata
842 2808 1030 2861 eadem
1061 2807 1170 2861 sint
1198 2826 1211 2860 :
1249 2817 1306 2861 ut
1339 2818 1562 2878 prOpter
1593 2826 1686 2866 eos
1721 2813 1812 2880 qui
1847 2814 1898 2866 in
1935 2824 2075 2868 terra

515 2908 694 2964 patres
722 2897 1092 2963 nominantur,
1130 2909 1288 2968 neget
1327 2900 1494 2954 Deum
1530 2899 1652 2953 Filii
1689 2901 1903 2957 Patrem
1934 2920 2074 2959 esse.

514 2988 627 3059 Ego
665 3003 814 3054 vero,
861 3005 982 3043 cum
1026 2989 1190 3044 multa
1241 2990 1349 3044 sint
1395 3005 1515 3058 qua:
1563 2991 1728 3062 258
1763 2993 2077 3048 christiani-

2180 536 2350 586 γειαν.
2396 518 2452 570 '0
2499 517 2554 570 δὲ
2592 517 2680 569 τὸν
2719 516 2980 586 μονογενῆ
3022 516 3146 569 Υίδν
3167 517 3436 589 ὑπουργὸν
3463 517 3743 585 προσηγό-

2183 626 2356 680 ρευσε,
2385 609 2539 662 τοῦτο
2572 607 2719 679 αὑτῷ
2744 608 2852 679 (58)
2881 607 3186 678 προστιθεὶς
3221 608 3379 678 μέγα,
3403 608 3490 660 ὅτι
3525 606 3744 670 εὔθετος

2179 701 2312 770 πρὸς
2333 699 2428 770 τὴν
2448 698 2718 751 διακονίαν
2746 699 2850 751 τῶν
2871 698 3305 767 ὲπιτασσομένων
3333 699 3498 750 ἐστίν.
3536 697 3600 750 Ei
3635 697 3744 766 γὰρ

2177 789 2274 840 οὑκ
2301 789 2357 841 ἐν
2378 787 2456 858 τῷ
2477 787 2607 850 Θεὸς
2632 783 2769 840 εἶναι
2793 787 2992 849 τέλειος
3018 785 3114 856 τὴν
3140 784 3293 848 δόξαν
3315 784 3598 854 κέκτηται,
3628 783 3742 836 ἀλλ’

2178 883 2234 932 ἐν
2263 879 2338 949 τῷ
2365 880 2632 951 ὑπουργὸς
2661 877 2912 949 ἀκριϐὴς,
2936 879 2987 930 τί
3013 875 3198 930 διοίσει
3225 876 3331 930 τῶν
3353 874 3745 945 λειτουργικῶν

2179 972 2500 1040 πνευμάτων
2526 1013 2541 1038 ,
2587 970 2887 1040 ἀμέμπτως
2920 970 2979 1022 τὸ
3009 969 3166 1039 ἔργον
3193 969 3290 1037 τῆς
3319 967 3592 1031 διακονίας
3627 968 3743 1019 ἑπι-

2176 1058 2508 1124 τελούντων;
2541 1059 2640 1110 Διά
2685 1057 2858 1110 ταῦτα
2906 1057 2983 1127 τῷ
3041 1056 3346 1125 γεννηθεὶς
3375 1055 3440 1108 τὸ
3476 1059 3750 1119 κτισθεις

2179 1152 2428 1223 συνῆψεν,
2477 1152 2563 1204 ἵνα
2614 1151 2901 1204 κάντεῦθεν
2961 1148 3227 1219 μηδεμίαν
3269 1144 3431 1202 οὖσαν
3479 1148 3615 1202 Υίοῦ
3655 1150 3750 1202 καὶ

2176 1242 2464 1311 κτίσματος
2491 1240 2750 1313 διαφορὰν
2779 1240 3039 1312 ἐπιδείξῃ.

2247 1428 2336 1482 22.
2377 1428 2557 1494 ’Λξιον
2581 1426 2636 1480 δὲ
2659 1426 2885 1480 ἀκοῦσαι
2918 1428 3009 1480 καὶ
3027 1426 3126 1496 τῆς
3157 1427 3547 1496 παραινέσεως.

2245 1613 2403 1668 ΕΥΝ.
2466 1611 2540 1666 Οὑ
2587 1612 2712 1682 χρὴ,
2773 1612 2925 1682 φησὶ,
2968 1614 3033 1683 τῇ
3071 1608 3163 1663 τοῦ
3220 1609 3432 1680 Πατρὸς
3493 1611 3588 1661 καὶ
3647 1607 3745 1662 τοῦ

2175 1705 2305 1760 Υίοῦ
2329 1705 2438 1778 (59)
2461 1705 2821 1779 προσέχοντας
2846 1706 3182 1779 προσηγορία
3205 1706 3555 1777 ἁνθρωπικὴν
3572 1703 3744 1757 αὑτοῦ

2177 1799 2272 1870 τὴν
2308 1799 2558 1870 γέννησιν
2591 1799 2808 1863 ἐννοεῖν,
2861 1800 2968 1853 κάκ
3003 1800 3109 1853 τῶν
3140 1800 3196 1852 ὲν
3233 1798 3541 1870 ἀνθρώποις
3579 1801 3744 1866 γενέο

2179 1905 2314 1941 σεων
2360 1887 2750 1957 ἀναγομένους,
2775 1891 2886 1954 τοῖς
2910 1889 3010 1958 τῆς
3045 1889 3327 1959 μετουσίας
3371 1887 3478 1960 (60)
3512 1889 3744 1960 ὀνόμασι

2178 1982 2273 2034 καὶ
2305 1980 2534 2035 πάθεσιν
2552 1981 2783 2048 ὑπάγειν
2813 1981 2903 2032 τὸν
2927 1979 3077 2034 Θεόν.

2248 2072 2393 2126 ΒΑΣ.
2448 2072 2511 2124 Ἦ
2559 2073 2654 2142 μὲν
2713 2072 3058 2144 παραίνεσις.
3099 2071 3172 2142 μὴ
3209 2071 3316 2125 δεῖν
3350 2071 3446 2143 τὴν
3485 2071 3605 2124 κατ’
3653 2073 3746 2123 οὐ·

2181 2163 2299 2215 σίαν
2335 2162 2462 2214 Υίοῢ
2514 2163 2606 2214 καὶ
2638 2162 2849 2232 Πατρὸς
2873 2162 3161 2233 ὁμοιότητα
3198 2165 3412 2217 ἐννοεῖν.
3441 2161 3609 2215 Τοῦτο
3630 2162 3744 2231 γὰρ

2178 2255 2322 2326 αὐτῷ
2374 2255 2614 2326 βούλεται
2655 2257 2686 2326 ἠ
2735 2256 2831 2325 τῆς
2885 2255 3167 2326 μετουσίας
3215 2256 3611 2326 ἀπαγόρευσις,
3664 2255 3743 2316 ὡς

2177 2349 2534 2418 ἁκοινωνήτου
2586 2347 2684 2416 τῆς
2718 2347 2808 2400 τοῦ
2862 2346 3071 2418 Πατρὸς
3105 2347 3290 2410 οὑσίας
3335 2347 3467 2418 πρὸς
3499 2347 3598 2416 τὴν
3643 2346 3742 2399 τοῦ

2179 2436 2511 2507 Μονογενοῦς
2546 2437 2911 2509 ὑπαρχούσης.
2947 2437 3044 2490 Διά
3088 2436 3258 2491 ταῦτα
3297 2438 3408 2508 (61)
3440 2439 3495 2490 αἱ
3544 2441 3745 2506 σεμναὶ

2180 2533 2381 2583 ἐκεῖναι
2417 2530 2524 2583 τῶν
2557 2531 2832 2601 ὀνομάτων
2865 2529 3155 2595 διαστολαὶ,
3186 2524 3260 2584 ὧν
3285 2531 3374 2584 τὸν
3400 2530 3555 2600 ὄχλον
3580 2532 3745 2600 ἡμεῖς

2180 2624 2544 2695 ὑπερέϐημεν·
2574 2623 2649 2688 ὡς
2692 2623 2812 2692 οὑχ).
2839 2623 2976 2676 ὅσων
3027 2624 3081 2675 αἱ
3115 2624 3442 2694 ἐκφωνήσεις
3469 2625 3524 2675 ai
3555 2623 3741 2682 αὑταὶ,

2176 2718 2344 2770 ταῦτα
2385 2717 2479 2770 καὶ
2503 2714 2581 2785 τῷ
2615 2717 2990 2786 σημαινομένῳ
3030 2716 3126 2787 ήδη
3166 2716 3364 2779 ταυτὰ,
3405 2716 3489 2769 ἵνα
3524 2715 3585 2768 τὸ
3628 2717 3745 2769 Πα-

2177 2814 2308 2883 τέρα
2338 2809 2473 2865 εἶναι
2505 2811 2598 2865 τοῦ
2633 2811 2762 2865 Υίοῦ
2793 2811 2881 2865 τὸν
2913 2811 3042 2864 Θεὸν
3085 2810 3171 2863 διὰ
3200 2811 3325 2872 τοὺς
3360 2809 3452 2862 ἐπὶ
3489 2811 3593 2880 γῆς
3638 2828 3742 2863 παρ

2177 2906 2339 2975 τέρας
2393 2903 2817 2974 ὀνομαζομένους
2869 2902 3152 2972 ἀφέληται.
3208 2900 3344 2969 Ἐγὼ
3389 2901 3477 2964 δὲ,
3529 2901 3742 2954 πολλῶν

2178 2997 2366 3057 ὄντων,
2405 2995 2440 3050 ἃ
2499 2995 2588 3049 τὸν
2640 2994 3063 3066 Χριστιανισμδν
3113 2991 3222 3046 ἀπὸ
3275 2995 3373 3065 τῆς
3425 2992 3743 3062 Ἑλληνικῆς

517 3097 692 3136 smum
725 3098 754 3134 a
803 3082 989 3152 gentili
1029 3097 1219 3136 errore
1248 3097 1310 3136 ac
1338 3079 1559 3137 Iudaica
1597 3085 1899 3154 ignorantia
1947 3087 2077 3141 diri-

2182 3087 2386 3156 πλὸινης
2421 3087 2513 3141 καὶ
2557 3087 2653 3157 τῆς
2693 3085 2988 3156 Ἰουδαϊκῆς
3029 3085 3298 3152 ἀγνωσίας
3335 3085 3617 3155 διίστησιν.
3648 3085 3738 3139 0-3-

515 3183 682 3239 mant,
711 3173 915 3230 nullum
951 3173 1190 3228 arbitror
1217 3174 1268 3227 in
1316 3183 1512 3228 nostra:
1552 3175 1741 3231 salutis
1787 3177 2076 3248 Evangelio

517 3263 695 3318 inesse
742 3264 918 3331 potius
956 3276 1021 3316 ac
1061 3259 1235 3331 majus
1285 3263 1498 3328 dogma,
1548 3278 1709 3332 quam
1755 3264 1810 3318 in
1861 3263 2074 3320 Patrem

515 3368 568 3410 et
603 3354 799 3410 Filium
837 3352 1016 3408 Iidem.
1045 3350 1180 3407 Nam
1222 3352 1304 3408 vel
1338 3352 1374 3406 ii
1407 3354 1498 3424 qui
1539 3369 1861 3426 quocunque
1894 3371 2080 3412 errore

517 3446 676 3501 scissi
708 3455 856 3510 sunt,
900 3446 1066 3499 Deum
1097 3455 1396 3500 creatorem
1432 3461 1495 3498 ac
1526 3446 1772 3515 opiﬁcem
1803 3462 1922 3504 esse
1950 3463 2080 3505 con-

521 3541 764 3591 titentur.
818 3537 920 3604 Qui
976 3552 1105 3592 vero
1165 3535 1300 3592 falso
1353 3539 1680 3608 appellatum
1720 3539 1976 3608 Patrem,
2029 3552 2082 3598 et

514 3632 710 3686 Filium
745 3633 888 3686 nuda
943 3632 1305 3702 appellatione
1354 3633 1649 3701 praedicat,
1686 3634 1927 3705 nihilque
1975 3635 2078 3688 dif-

515 3728 661 3782 ferre
708 3726 1025 3791 arbitratur,
1061 3726 1140 3780 vel
1175 3723 1388 3778 Patrem
1431 3723 1514 3777 vel
1569 3734 1867 3780 creatorem
1918 3725 2082 3794 proli-

516 3820 638 3882 teri,
662 3827 716 3871 et
743 3827 836 3872 aut
863 3819 1058 3872 Filium
1089 3826 1181 3870 aut
1216 3816 1479 3870 facturam
1509 3816 1710 3881 dicere,
1745 3818 1832 3871 ubi
1867 3833 1897 3870 a
1929 3818 2082 3873 nobis

516 3911 904 3965 collocahitur?
940 3921 1033 3964 aut
1081 3926 1187 3979 qua
1236 3910 1288 3963 in
1338 3921 1482 3964 secta
1535 3910 1940 3964 numerabitur?
1984 3909 2080 3964 Ju-

515 4002 822 4058 dmorumue
863 4019 930 4056 au
974 4003 1258 4072 gentium?
1308 4000 1417 4057 Nec
1466 4003 1610 4057 enim
1656 4000 1982 4057 Christianis
2025 4019 2083 4057 se

517 4094 788 4165 adiunget,
819 4096 908 4165 qui
945 4095 1159 4164 pietatis
1194 4096 1358 4149 robur
1381 4104 1432 4149 et
1471 4095 1617 4148 velut
1669 4093 1944 4163 religionis
1986 4112 2084 4149 no-

518 4197 641 4242 stne
671 4189 1038 4243 characterem
1069 4187 1358 4243 inliciatur.
1403 4186 1518 4241 Non
1556 4187 1700 4242 enim
1738 4189 1788 4242 in
1836 4188 2080 4257 Opiﬁcem

519 4279 868 4345 credidimus,
898 4290 953 4333 et
991 4281 1042 4332 in
1076 4278 1338 4333 facturam
1369 4297 1382 4332 :
1426 4280 1519 4333 sed
1565 4281 1615 4332 in
1654 4279 1866 4335 Patrem
1899 4291 1953 4334 et
1999 4282 2084 4335 Fi-

521 4371 649 4422 lium
681 4383 776 4438 per
801 4368 1053 4438 baptismi
1085 4369 1314 4438 gratiam
1353 4368 1620 4437 obsignati
1654 4384 1860 4423 sumus.
1891 4369 2083 4436 Quam-

2177 3180 2262 3232 δὲν
2294 3179 2529 3250 ἠγοῦμαι
2577 3177 2905 3249 κυριώτερον
2953 3177 3128 3248 δόγμα
3157 3177 3253 3247 τῆς
3279 3177 3360 3240 είς
3389 3176 3603 3247 Πατέρα
3647 3178 3745 3230 καὶ

2180 3273 2304 3326 Υἱὸν
2353 3273 2587 3334 πίστεως
2640 3271 2716 3341 τῷ
2763 3269 3079 3340 Εὑαγγελίῳ
3134 3270 3228 3341 τῆς
3276 3269 3546 3340 σωτηρίας
3583 3269 3746 3337 ἡμῶν

2182 3367 2502 3436 ἐνυπάρχειν
2533 3365 2661 3435 (6‘2).
2703 3363 2851 3415 Ἐπεὶ
2887 3363 2944 3414 τό
2973 3379 3036 3430 γε
3073 3362 3293 3432 κτίστην
3333 3355 3470 3414 εἶναι
3517 3360 3613 3412 καὶ
3644 3359 3745 3430 δη-

2183 3457 2436 3529 μιουργὸν
2475 3456 2566 3509 τὸν
2595 3455 2726 3508 Θεὸν
2753 3455 2846 3507 καὶ
2872 3455 2922 3506 οἱ
2951 3453 3070 3507 καθ’
3107 3452 3495 3523 ὁποιανδήποτε
3529 3451 3746 3519 πλάνην

2179 3549 2563 3619 ἀπεσχισμένοι
2610 3545 2959 3599 συντίθενται.
2998 3545 3054 3596 '0
3104 3543 3158 3596 δὲ
3210 3543 3427 3614 Πατέρα
3474 3541 3750 3612 ψευδώνυ-

2183 3659 2299 3713 μον,
2333 3641 2426 3694 καὶ
2482 3637 2802 3708 Υἰὸν⁶μέχρι
2848 3636 3216 3708 προσηγορίας
3251 3633 3412 3704 ψιλῆς
3465 3634 3578 3706 (65)
3611 3652 3748 3688 κατ-

2181 3733 2473 3802 αγγέλλων,
2537 3731 2630 3784 καὶ
2689 3729 2838 3782 οὐδὲν
2890 3726 3186 3799 ἡγούμενος
3234 3727 3522 3798 διαφέρειν,
3563 3726 3596 3798 ἢ
3632 3727 3749 3779 Πα-

2181 3827 2311 3898 τέρα
2367 3823 2643 3895 ὁμολογεῖν
2714 3821 2747 3892 ἣ
2829 3819 3071 3889 κτίστην,
3142 3821 3232 3874 καὶ
3293 3821 3410 3890 ἦτοι
3468 3819 3593 3872 Υἱδν
3656 3818 3745 3870 λὲο

2181 3933 2297 3985 γειν
2339 3914 2372 3985 ἢ
2408 3911 2649 3983 ποίημα,
2692 3909 2792 3964 ποῦ
2837 3910 3112 3976 τετάξεται
3164 3913 3289 3981 παρ’
3330 3909 3514 3980 ἡμῶν;
3566 3909 3598 3978 ἢ
3640 3909 3747 3977 τῆς

2184 4007 2340 4070 ποίας
2393 4001 2528 4058 εἶναι
2571 4003 2785 4074 μερίδος
2818 4002 3252 4075 ἀριθμηθήσεται
3285 4003 3429 4072 (64);
3472 4003 3569 4071 τῆς
3613 4001 3748 4054 Ἰου-

2181 4099 2362 4160 δαίων,
2410 4097 2442 4166 ἢ
2501 4097 2598 4168 τῆς
2652 4093 2948 4165 Ἑλλήνων;
2999 4096 3073 4147 Οὑ
3135 4093 3243 4165 γὰρ
3295 4092 3357 4164 δὴ
3402 4093 3748 4164 Χριπιανοίς

2183 4191 2368 4244 ἑαυτὸν
2402 4189 2718 4259 είσποιήσεε,
2743 4188 2771 4240 ὁ
2804 4187 2900 4258 τὴν
2928 4187 3152 4258 δύναμιν
3182 4187 3281 4255 τῆς
3314 4185 3615 4248 εὐσεϐείας,
3643 4186 3746 4238 καὶ

2181 4283 2271 4335 τὸν
2313 4282 2471 4335 οἱονεὶ
2505 4279 2822 4352 χαρακτῆρα
2851 4279 2947 4348 τῆς
2991 4278 3236 4350 λατρείας
3280 4276 3436 4347 ἡμῶν
3471 4277 3746 4346 ἀρνούμε-

2182 4391 2269 4436 νος
2296 4373 2425 4442 (65).
2451 4372 2524 4424 Οὑ
2553 4371 2661 4440 γὰρ
2685 4373 2764 4432 είς
2795 4370 3119 4441 δημιουργὸν
3148 4369 3242 4421 καὶ
3269 4367 3478 4438 ποίημα
3506 4367 3750 4419 ἐπιστεύ-

517 4465 702 4516 obrem
741 4461 832 4529 qui
865 4463 961 4517 has
994 4461 1222 4530 rejicere
1253 4474 1414 4512 voces
1447 4460 1630 4522 audet,
1674 4474 1886 4514 omnem
1921 4461 2077 4514 simul

2186 4481 2383 4534 σαμεν·
2435 4463 2548 4518 ἀλλ’
2587 4464 2667 4525 είς
2719 4461 2936 4532 Πατέρα
2985 4462 3076 4515 καὶ
3129 4460 3254 4513 Υίδν
3295 4459 3382 4512 διὰ
3427 4459 3524 4528 τῆς
3573 4460 3630 4510 ὲν
3668 4459 3749 4528 τῷ

519 4553 924 4624 Evangeliorum
967 4552 1071 4606 vim
1118 4552 1246 4607 facit
1293 4552 1524 4613 irritam,
1559 4567 1678 4604 cum
1725 4567 1826 4606 nec
1865 4551 2076 4608 Patrem

518 4657 895 4711 generantem,
943 4661 1040 4699 nec
1086 4643 1280 4697 Filium
1347 4643 1584 4712 genitum
1652 4644 1922 4712 praedicet.
1974 4646 2077 4699 Sed

519 4739 631 4792 hinc
693 4737 834 4800 dico,
885 4737 1091 4806 inquit,
1148 4744 1205 4790 ut
1255 4736 1526 4806 passionis
1592 4736 1998 4808 intelligentiam
2050 4754 2079 4790 e

589 4954 699 5038 (58)
735 4953 873 5038 [aditi
904 4953 1061 5007 τοῦτο
1093 4954 1148 5007 δὲ
1183 4954 1350 5026 αὐτῷ.
1379 4953 1578 5010 Vocula
1623 4955 1677 5006 δέ
1712 4956 1870 5012 abest
1900 4973 1928 5008 a
1988 4972 2085 5011 n0-

520 5025 647 5080 stris
675 5025 969 5080 codicibus.

591 5095 702 5168 (59)
733 5093 1148 5168 Librihvcteres,
1183 5097 1279 5168 mi.
1306 5094 1459 5168 Ἰξίοὖ.
1494 5095 1657 5168 Editi,
1685 5095 1776 5168 καὶ
1804 5094 1895 5148 τοῦ
1933 5095 2082 5148 Υἰοῦ.

523 5165 722 5222 lhidem
747 5166 799 5218 in
833 5166 992 5219 editis
1024 5165 1221 5234 legitur
1255 5165 1644 5236 ἀνθρωπίνηνς
1679 5167 1768 5219 sed
1801 5169 1851 5220 in
1888 5169 2086 5222 uosuis

521 5237 797 5306 rudicibus
814 5237 1070 5304 scriptum
1106 5237 1432 5300 invenimus,
1457 5235 1836 5306 ἀνθρωπικήν.

589 5307 704 5377 (60)
745 5305 978 5377 Basilius
1009 5307 1164 5377 docet
1218 5306 1495 5377 aliquanto
1527 5305 1666 5358 infra
1697 5347 1710 5369 ,
1763 5306 2085 5359 Eunomium

519 5375 702 5432 vocem
729 5376 986 5447 μετουσία
1017 5391 1121 5428 non
1147 5375 1220 5426 ita
1244 5376 1511 5444 accipere,
1546 5383 1602 5430 υι
1633 5377 1902 5447 signiticet
1938 5392 2088 5431 cont-

525 5445 832 5502 munionem
886 5447 1204 5515 quamlibet,
1259 5447 1353 5501 sed
1403 5445 1837 5499 communionem
1896 5461 2084 5501 essen-

588 5586 702 5655 (οι)
739 5586 920 5640 Codex
970 5602 1106 5640 unus
1149 5601 1270 5642 cum
1303 5586 1463 5642 editis
1514 5584 1600 5637 διὰ
1649 5585 1823 5637 τοῦτο.
1877 5584 2085 5654 Reliqui

519 5671 611 5710 set
648 5672 775 5710 mss.
804 5657 890 5709 διὰ
919 5657 1111 5710 ταῦτα.
1503 5703 1512 5717 ,

591 5725 702 5795 (62)
743 5727 881 5780 Editi
910 5729 1255 5800 ἐνυπάρχειν,
1293 5728 1468 5783 Editio
1498 5726 1625 5781 Ven.
1655 5736 1708 5780 et
1755 5735 1960 5794 septem
2001 5741 2089 5780 no-

2189 4554 2521 4625 βαπτίσματι
2548 4551 2765 4622 χάριτος
2797 4549 3251 4621 ὲσφραγίσθημεν.
3281 4549 3445 4600 Ὥστε
3481 4550 3509 4600 ὁ
3543 4547 3748 4610 ταυτας

2185 4645 2396 4716 τολμῶν
2435 4644 2645 4698 ἀθετεῖν
2679 4641 2778 4704 τὰς
2829 4641 3010 4710 φωνὰς
3053 4643 3229 4694 πᾶσαν
3270 4640 3403 4711 ὁμοῦ
3461 4639 3747 4708 παραγρά-

2188 4757 2276 4808 φει
2320 4737 2428 4807 (66)
2459 4736 2566 4789 τῶν
2595 4733 2938 4804 Εὑαγγελίων
2984 4734 3082 4804 τὴν
3112 4733 3358 4803 δύναμιν,
3405 4732 3623 4803 Πατέρα
3674 4732 3748 4802 μὴ

2181 4958 2441 5028 strimss.
2466 4957 2747 5028 ὑπάρχειν.

2254 5027 2366 5097 (65)
2415 5029 2548 5094 Reg.
2582 5021 2815 5095 quartus
2863 5025 2914 5097 in
2971 5035 3252 5097 contextu,
3300 5021 3461 5093 ψιλῆς
3517 5025 3744 5095 φωνῆςε

2185 5099 2238 5153 in
2263 5093 2372 5151 ‘ora
2403 5093 2547 5161 libri,
2576 5093 2944 5168 προσηγορίας
2975 5094 3156 5168 ψιλῆς.

2257 5168 2369 5238 (64)
2407 5168 2585 5222 Codex
2621 5162 2843 5238 unus—et
2887 5162 3014 5238 editi
3063 5162 3615 5238 συναριθμηθήσεται.
3645 5162 3744 5217 Alii

2185 5231 2278 5294 sei
2330 5231 2459 5310 mss.
2488 5236 2936 5310 ἀριθμηθήσεται.
2974 5235 3086 5290 Vox
3124 5231 3263 5288 εἶναι
3293 5231 3465 5290 diceat
3519 5235 3572 5288 in
3619 5251 3747 5303 qua-

2186 5318 2308 5363 tuor
2337 5308 2632 5362 codicibus.

2257 5379 2370 5447 (65)
2411 5378 2627 5446 Antiqui
2673 5393 2764 5432 sex
2795 5377 2929 5447 libri
2979 5392 3106 5447 cum
3151 5376 3386 5429 editione
3415 5373 3548 5447 Ven.
3589 5374 3750 5447 ήμῶν

2185 5443 2534 5532 ἀρνούμενος.
2557 5443 2757 5501 Ἐιίὶιὶο
2789 5446 2957 5504 Paris.
2983 5455 3038 5502 et
3081 5445 3213 5518 Reg.
3241 5446 3511 5502 secundus
3541 5443 3627 5516 μὴ’
3647 5443 3746 5516 ἁςο

2186 5536 2462 5583 νουμενος.

2217 5537 2632 5712 ῗῖὺῗξῖοᾶοόίςεε
2662 5606 2765 5644 non
2802 5589 2954 5659 pauci
2985 5588 3292 5660 διαγράφει,
3318 5602 3477 5643 sensu
3509 5599 3614 5640 non
3651 5584 3749 5640 dis-

2217 5677 2304 5712 llnl
2333 5677 2367 5712 Ι.

2186 5676 2367 5714 5119111.
