  <div class='ocr_page' id='page_1' title='image "/cluster/home/n/w/nwhite01/storage/ocr_20150623/29/hvd.32044011320256/754.png"; bbox 0 0 4002 6408; ppageno 0'>
   <div class='ocr_carea' id='block_1_1' title="bbox 283 387 385 443">
    <p class='ocr_par' dir='ltr' id='par_1_1' title="bbox 283 387 385 443">
     <span class='ocr_line' id='line_1_1' title="bbox 283 387 385 443; baseline 0 0"><span class='ocrx_word' id='word_1_1' title='bbox 283 387 385 443; x_wconf 60' lang='lat' dir='ltr'><strong>Gil</strong></span> 
     </span>
    </p>
   </div>
   <div class='ocr_carea' id='block_1_2' title="bbox 1379 373 2439 458">
    <p class='ocr_par' dir='ltr' id='par_1_2' title="bbox 1379 373 2439 458">
     <span class='ocr_line' id='line_1_2' title="bbox 1379 373 2439 458; baseline 0.002 -4"><span class='ocrx_word' id='word_1_2' title='bbox 1379 399 1755 456; x_wconf 65' lang='lat' dir='ltr'><strong>aovsnscs</strong></span> <span class='ocrx_word' id='word_1_3' title='bbox 1796 373 2166 458; x_wconf 64' lang='grc' dir='ltr'>ιεῑιςοιιιυιι</span> <span class='ocrx_word' id='word_1_4' title='bbox 2207 401 2334 455; x_wconf 85' lang='lat' dir='ltr'><strong>LlB.</strong></span> <span class='ocrx_word' id='word_1_5' title='bbox 2377 401 2439 456; x_wconf 88' lang='lat' dir='ltr'><strong>tl.</strong></span> 
     </span>
    </p>
   </div>
   <div class='ocr_carea' id='block_1_3' title="bbox 3426 403 3534 460">
    <p class='ocr_par' dir='ltr' id='par_1_3' title="bbox 3426 403 3534 460">
     <span class='ocr_line' id='line_1_3' title="bbox 3426 403 3534 460; baseline 0.019 -2"><span class='ocrx_word' id='word_1_6' title='bbox 3426 403 3534 460; x_wconf 70' lang='lat'><strong>6!!</strong></span> 
     </span>
    </p>
   </div>
   <div class='ocr_carea' id='block_1_4' title="bbox 283 512 1870 592">
    <p class='ocr_par' dir='ltr' id='par_1_4' title="bbox 283 512 1854 592">
     <span class='ocr_line' id='line_1_4' title="bbox 283 512 1854 592; baseline 0.008 -28"><span class='ocrx_word' id='word_1_7' title='bbox 283 512 650 582; x_wconf 73' lang='grc' dir='ltr'><strong>γεννήσαντα,</strong></span> <span class='ocrx_word' id='word_1_8' title='bbox 704 516 797 568; x_wconf 74' lang='grc' dir='ltr'><strong>καὶ</strong></span> <span class='ocrx_word' id='word_1_9' title='bbox 851 516 977 568; x_wconf 89' lang='grc' dir='ltr'>Υίὸν</span> <span class='ocrx_word' id='word_1_10' title='bbox 1033 517 1107 588; x_wconf 81' lang='grc' dir='ltr'>μὴ</span> <span class='ocrx_word' id='word_1_11' title='bbox 1155 519 1482 590; x_wconf 78' lang='grc' dir='ltr'>γεννηθέντα</span> <span class='ocrx_word' id='word_1_12' title='bbox 1545 523 1854 592; x_wconf 76' lang='grc' dir='ltr'><strong>κηρύσσων.</strong></span> 
     </span>
    </p>
   </div>
   <div class='ocr_carea' id='block_1_5' title="bbox 1979 512 3534 592">
    <p class='ocr_par' dir='ltr' id='par_1_5' title="bbox 1979 521 3534 590">
     <span class='ocr_line' id='line_1_5' title="bbox 1979 521 3534 590; baseline 0.002 -15"><span class='ocrx_word' id='word_1_13' title='bbox 1979 525 2140 578; x_wconf 60' lang='lat' dir='ltr'><strong>T’atris</strong></span> <span class='ocrx_word' id='word_1_14' title='bbox 2175 540 2307 578; x_wconf 75' lang='lat' dir='ltr'><strong>voce</strong></span> <span class='ocrx_word' id='word_1_15' title='bbox 2335 531 2680 577; x_wconf 84' lang='lat' dir='ltr'><strong>enascentem</strong></span> <span class='ocrx_word' id='word_1_16' title='bbox 2719 521 2940 590; x_wconf 74' lang='lat' dir='ltr'><strong>fugiam.</strong></span> <span class='ocrx_word' id='word_1_17' title='bbox 2995 523 3192 578; x_wconf 81' lang='lat' dir='ltr'><strong>Verum</strong></span> <span class='ocrx_word' id='word_1_18' title='bbox 3243 524 3534 590; x_wconf 75' lang='lat' dir='ltr'><strong>oportebat</strong></span> 
     </span>
    </p>
   </div>
   <div class='ocr_carea' id='block_1_6' title="bbox 296 599 1858 678">
    <p class='ocr_par' dir='ltr' id='par_1_6' title="bbox 296 599 1858 678">
     <span class='ocr_line' id='line_1_6' title="bbox 296 599 1858 678; baseline 0.006 -25"><span class='ocrx_word' id='word_1_19' title='bbox 296 599 458 653; x_wconf 73' lang='grc' dir='ltr'>Ἄ).λά</span> <span class='ocrx_word' id='word_1_20' title='bbox 491 600 658 655; x_wconf 72' lang='grc' dir='ltr'>ταῦτα</span> <span class='ocrx_word' id='word_1_21' title='bbox 699 603 841 672; x_wconf 83' lang='grc' dir='ltr'>λέγω</span> <span class='ocrx_word' id='word_1_22' title='bbox 875 605 1018 674; x_wconf 88' lang='grc'><strong>(67),</strong></span> <span class='ocrx_word' id='word_1_23' title='bbox 1060 609 1210 675; x_wconf 68' lang='grc' dir='ltr'>φησι,</span> <span class='ocrx_word' id='word_1_24' title='bbox 1245 609 1342 678; x_wconf 79' lang='grc' dir='ltr'>τὴν</span> <span class='ocrx_word' id='word_1_25' title='bbox 1381 609 1475 664; x_wconf 77' lang='grc' dir='ltr'>τοῦ</span> <span class='ocrx_word' id='word_1_26' title='bbox 1525 612 1728 676; x_wconf 87' lang='grc' dir='ltr'>πάθους</span> <span class='ocrx_word' id='word_1_27' title='bbox 1771 615 1858 665; x_wconf 69' lang='grc' dir='ltr'><strong>ἔνο</strong></span> 
     </span>
    </p>
   </div>
   <div class='ocr_carea' id='block_1_7' title="bbox 283 694 1858 775">
    <p class='ocr_par' dir='ltr' id='par_1_7' title="bbox 283 694 1858 775">
     <span class='ocr_line' id='line_1_7' title="bbox 283 694 1858 775; baseline 0.01 -32"><span class='ocrx_word' id='word_1_28' title='bbox 283 707 432 744; x_wconf 85' lang='grc' dir='ltr'>νοιαν</span> <span class='ocrx_word' id='word_1_29' title='bbox 467 694 565 764; x_wconf 85' lang='grc' dir='ltr'>τὴν</span> <span class='ocrx_word' id='word_1_30' title='bbox 608 696 679 748; x_wconf 81' lang='grc' dir='ltr'>ὲκ</span> <span class='ocrx_word' id='word_1_31' title='bbox 712 697 810 765; x_wconf 79' lang='grc' dir='ltr'><strong>τῆς</strong></span> <span class='ocrx_word' id='word_1_32' title='bbox 865 697 958 750; x_wconf 74' lang='grc' dir='ltr'>τοῦ</span> <span class='ocrx_word' id='word_1_33' title='bbox 1002 699 1212 770; x_wconf 84' lang='grc' dir='ltr'>Πατρὸς</span> <span class='ocrx_word' id='word_1_34' title='bbox 1267 701 1448 771; x_wconf 75' lang='grc' dir='ltr'>φωνῆς</span> <span class='ocrx_word' id='word_1_35' title='bbox 1505 704 1858 775; x_wconf 81' lang='grc' dir='ltr'>ἐγγινομένην</span> 
     </span>
    </p>
   </div>
   <div class='ocr_carea' id='block_1_8' title="bbox 281 784 1857 863">
    <p class='ocr_par' dir='ltr' id='par_1_8' title="bbox 281 784 1857 863">
     <span class='ocr_line' id='line_1_8' title="bbox 281 784 1857 863; baseline 0.01 -28"><span class='ocrx_word' id='word_1_36' title='bbox 281 784 565 838; x_wconf 70' lang='grc' dir='ltr'>ἐκκλίνων.</span> <span class='ocrx_word' id='word_1_37' title='bbox 605 787 802 859; x_wconf 81' lang='grc' dir='ltr'><strong>Ἐχρῆν</strong></span> <span class='ocrx_word' id='word_1_38' title='bbox 849 789 906 842; x_wconf 81' lang='grc' dir='ltr'><strong>δὲ</strong></span> <span class='ocrx_word' id='word_1_39' title='bbox 951 789 1122 860; x_wconf 82' lang='grc' dir='ltr'>δήπου</span> <span class='ocrx_word' id='word_1_40' title='bbox 1169 791 1261 847; x_wconf 85' lang='grc' dir='ltr'>τόν</span> <span class='ocrx_word' id='word_1_41' title='bbox 1305 811 1368 861; x_wconf 89' lang='grc' dir='ltr'><strong>γε</strong></span> <span class='ocrx_word' id='word_1_42' title='bbox 1403 795 1647 848; x_wconf 75' lang='grc' dir='ltr'>εὐσεϐεῖν</span> <span class='ocrx_word' id='word_1_43' title='bbox 1689 797 1857 863; x_wconf 74' lang='grc' dir='ltr'>ἐγνω-</span> 
     </span>
    </p>
   </div>
   <div class='ocr_carea' id='block_1_9' title="bbox 283 875 1860 954">
    <p class='ocr_par' dir='ltr' id='par_1_9' title="bbox 283 875 1860 954">
     <span class='ocr_line' id='line_1_9' title="bbox 283 875 1860 954; baseline 0.006 -25"><span class='ocrx_word' id='word_1_44' title='bbox 283 875 450 936; x_wconf 87' lang='grc' dir='ltr'>κότα,</span> <span class='ocrx_word' id='word_1_45' title='bbox 493 877 552 929; x_wconf 86' lang='grc' dir='ltr'><strong>τὸ</strong></span> <span class='ocrx_word' id='word_1_46' title='bbox 603 878 942 949; x_wconf 83' lang='grc' dir='ltr'>ἀπεμφαῖνον</span> <span class='ocrx_word' id='word_1_47' title='bbox 987 880 1087 950; x_wconf 91' lang='grc' dir='ltr'><strong>τῆς</strong></span> <span class='ocrx_word' id='word_1_48' title='bbox 1137 883 1194 934; x_wconf 76' lang='grc' dir='ltr'>ἐν</span> <span class='ocrx_word' id='word_1_49' title='bbox 1235 887 1344 947; x_wconf 81' lang='grc' dir='ltr'>τοῖς</span> <span class='ocrx_word' id='word_1_50' title='bbox 1393 886 1598 954; x_wconf 71' lang='grc' dir='ltr'>ῥήμασι</span> <span class='ocrx_word' id='word_1_51' title='bbox 1654 885 1860 949; x_wconf 79' lang='grc' dir='ltr'>τούτοις</span> 
     </span>
    </p>
   </div>
   <div class='ocr_carea' id='block_1_10' title="bbox 279 963 1855 1045">
    <p class='ocr_par' dir='ltr' id='par_1_10' title="bbox 279 963 1855 1045">
     <span class='ocr_line' id='line_1_10' title="bbox 279 963 1855 1045; baseline 0.006 -28"><span class='ocrx_word' id='word_1_52' title='bbox 279 963 542 1029; x_wconf 81' lang='grc' dir='ltr'><strong>διανοίας,</strong></span> <span class='ocrx_word' id='word_1_53' title='bbox 573 967 624 1018; x_wconf 76' lang='grc' dir='ltr'>εἴ</span> <span class='ocrx_word' id='word_1_54' title='bbox 648 984 700 1019; x_wconf 88' lang='grc' dir='ltr'><strong>τι</strong></span> <span class='ocrx_word' id='word_1_55' title='bbox 742 969 848 1040; x_wconf 83' lang='grc' dir='ltr'>ἄρα</span> <span class='ocrx_word' id='word_1_56' title='bbox 884 970 979 1023; x_wconf 70' lang='grc' dir='ltr'><strong>καὶ</strong></span> <span class='ocrx_word' id='word_1_57' title='bbox 1025 973 1312 1043; x_wconf 79' lang='grc' dir='ltr'>ἑνυπῆρχε,</span> <span class='ocrx_word' id='word_1_58' title='bbox 1360 974 1855 1045; x_wconf 77' lang='grc' dir='ltr'><strong>παραιτησάμενον,</strong></span> 
     </span>
    </p>
   </div>
   <div class='ocr_carea' id='block_1_11' title="bbox 285 1057 1860 1136">
    <p class='ocr_par' dir='ltr' id='par_1_11' title="bbox 285 1057 1860 1136">
     <span class='ocr_line' id='line_1_11' title="bbox 285 1057 1860 1136; baseline 0.009 -29"><span class='ocrx_word' id='word_1_59' title='bbox 285 1059 361 1125; x_wconf 77' lang='grc' dir='ltr'>μὴ</span> <span class='ocrx_word' id='word_1_60' title='bbox 397 1057 574 1109; x_wconf 81' lang='grc' dir='ltr'>πᾶσαν</span> <span class='ocrx_word' id='word_1_61' title='bbox 617 1057 826 1127; x_wconf 76' lang='grc' dir='ltr'>ἀθρόως</span> <span class='ocrx_word' id='word_1_62' title='bbox 859 1059 956 1130; x_wconf 82' lang='grc' dir='ltr'>τὴν</span> <span class='ocrx_word' id='word_1_63' title='bbox 991 1061 1172 1132; x_wconf 77' lang='grc' dir='ltr'>φωνὴν</span> <span class='ocrx_word' id='word_1_64' title='bbox 1199 1063 1428 1126; x_wconf 86' lang='grc' dir='ltr'>ἀθετεῖν,</span> <span class='ocrx_word' id='word_1_65' title='bbox 1464 1065 1599 1134; x_wconf 74' lang='grc' dir='ltr'>μηδὲ</span> <span class='ocrx_word' id='word_1_66' title='bbox 1628 1070 1694 1136; x_wconf 76' lang='grc' dir='ltr'>τῇ</span> <span class='ocrx_word' id='word_1_67' title='bbox 1727 1083 1860 1136; x_wconf 78' lang='grc' dir='ltr'>προ-</span> 
     </span>
    </p>
   </div>
   <div class='ocr_carea' id='block_1_12' title="bbox 285 1146 1856 1230">
    <p class='ocr_par' dir='ltr' id='par_1_12' title="bbox 285 1146 1856 1230">
     <span class='ocr_line' id='line_1_12' title="bbox 285 1146 1856 1230; baseline 0.008 -31"><span class='ocrx_word' id='word_1_68' title='bbox 285 1146 448 1216; x_wconf 75' lang='grc' dir='ltr'>φάσει</span> <span class='ocrx_word' id='word_1_69' title='bbox 476 1149 570 1201; x_wconf 73' lang='grc' dir='ltr'>τοῦ</span> <span class='ocrx_word' id='word_1_70' title='bbox 599 1151 878 1220; x_wconf 78' lang='grc' dir='ltr'>ἀπρεποῦς</span> <span class='ocrx_word' id='word_1_71' title='bbox 921 1154 1014 1204; x_wconf 74' lang='grc' dir='ltr'><strong>καὶ</strong></span> <span class='ocrx_word' id='word_1_72' title='bbox 1046 1154 1106 1206; x_wconf 90' lang='grc' dir='ltr'><strong>τὸ</strong></span> <span class='ocrx_word' id='word_1_73' title='bbox 1150 1155 1272 1208; x_wconf 84' lang='grc' dir='ltr'>ὅσον</span> <span class='ocrx_word' id='word_1_74' title='bbox 1311 1157 1405 1210; x_wconf 82' lang='grc' dir='ltr'>ἀπ’</span> <span class='ocrx_word' id='word_1_75' title='bbox 1450 1158 1620 1228; x_wconf 77' lang='grc' dir='ltr'>αὐτῆς</span> <span class='ocrx_word' id='word_1_76' title='bbox 1668 1163 1856 1230; x_wconf 77' lang='grc' dir='ltr'>χρησι-</span> 
     </span>
    </p>
   </div>
   <div class='ocr_carea' id='block_1_13' title="bbox 287 1241 1859 1316">
    <p class='ocr_par' dir='ltr' id='par_1_13' title="bbox 287 1241 1859 1316">
     <span class='ocr_line' id='line_1_13' title="bbox 287 1241 1859 1316; baseline 0.009 -26"><span class='ocrx_word' id='word_1_77' title='bbox 287 1255 386 1308; x_wconf 77' lang='grc' dir='ltr'><strong>μον</strong></span> <span class='ocrx_word' id='word_1_78' title='bbox 427 1241 837 1294; x_wconf 56' lang='grc' dir='ltr'>συνεκϐάλλειν</span> <span class='ocrx_word' id='word_1_79' title='bbox 871 1243 984 1295; x_wconf 74' lang='grc' dir='ltr'>ἀλλ’</span> <span class='ocrx_word' id='word_1_80' title='bbox 1018 1244 1125 1296; x_wconf 86' lang='grc' dir='ltr'><strong>ἀπὸ</strong></span> <span class='ocrx_word' id='word_1_81' title='bbox 1171 1245 1266 1316; x_wconf 80' lang='grc' dir='ltr'><strong>μὲν</strong></span> <span class='ocrx_word' id='word_1_82' title='bbox 1302 1246 1409 1298; x_wconf 83' lang='grc' dir='ltr'><strong>τῶν</strong></span> <span class='ocrx_word' id='word_1_83' title='bbox 1454 1250 1720 1302; x_wconf 80' lang='grc' dir='ltr'>ταπεινῶν</span> <span class='ocrx_word' id='word_1_84' title='bbox 1768 1253 1859 1304; x_wconf 79' lang='grc' dir='ltr'>κα).</span> 
     </span>
    </p>
   </div>
   <div class='ocr_carea' id='block_1_14' title="bbox 286 1330 1860 1412">
    <p class='ocr_par' dir='ltr' id='par_1_14' title="bbox 286 1330 1860 1412">
     <span class='ocr_line' id='line_1_14' title="bbox 286 1330 1860 1412; baseline 0.009 -30"><span class='ocrx_word' id='word_1_85' title='bbox 286 1330 564 1402; x_wconf 78' lang='grc' dir='ltr'>σαρκικῶν</span> <span class='ocrx_word' id='word_1_86' title='bbox 592 1334 874 1403; x_wconf 77' lang='grc' dir='ltr'>νοημάτων</span> <span class='ocrx_word' id='word_1_87' title='bbox 910 1341 967 1387; x_wconf 80' lang='grc' dir='ltr'><strong>εν</strong></span> <span class='ocrx_word' id='word_1_88' title='bbox 999 1338 1110 1398; x_wconf 80' lang='grc' dir='ltr'>τοῖς</span> <span class='ocrx_word' id='word_1_89' title='bbox 1151 1339 1276 1408; x_wconf 71' lang='grc' dir='ltr'>περ).</span> <span class='ocrx_word' id='word_1_90' title='bbox 1309 1339 1441 1393; x_wconf 81' lang='grc' dir='ltr'>Θεοῦ</span> <span class='ocrx_word' id='word_1_91' title='bbox 1480 1341 1710 1410; x_wconf 80' lang='grc' dir='ltr'>δόγμασι</span> <span class='ocrx_word' id='word_1_92' title='bbox 1733 1407 1736 1412; x_wconf 86' lang='lat'><strong>_</strong></span> <span class='ocrx_word' id='word_1_93' title='bbox 1759 1360 1860 1396; x_wconf 88' lang='grc' dir='ltr'>κα-</span> 
     </span>
    </p>
   </div>
   <div class='ocr_carea' id='block_1_15' title="bbox 289 1423 1860 1507">
    <p class='ocr_par' dir='ltr' id='par_1_15' title="bbox 289 1423 1860 1507">
     <span class='ocr_line' id='line_1_15' title="bbox 289 1423 1860 1507; baseline 0.009 -32"><span class='ocrx_word' id='word_1_94' title='bbox 289 1423 576 1494; x_wconf 78' lang='grc' dir='ltr'>θαρεύειν,</span> <span class='ocrx_word' id='word_1_95' title='bbox 615 1426 866 1496; x_wconf 80' lang='grc' dir='ltr'>γέννησιν</span> <span class='ocrx_word' id='word_1_96' title='bbox 895 1428 950 1482; x_wconf 79' lang='grc' dir='ltr'><strong>δὲ</strong></span> <span class='ocrx_word' id='word_1_97' title='bbox 995 1431 1061 1500; x_wconf 79' lang='grc' dir='ltr'>τῇ</span> <span class='ocrx_word' id='word_1_98' title='bbox 1089 1431 1366 1503; x_wconf 70' lang='grc' dir='ltr'>ἁγιωσύνῃ</span> <span class='ocrx_word' id='word_1_99' title='bbox 1396 1433 1490 1486; x_wconf 76' lang='grc' dir='ltr'>καὶ</span> <span class='ocrx_word' id='word_1_100' title='bbox 1530 1437 1595 1504; x_wconf 82' lang='grc' dir='ltr'>τῇ</span> <span class='ocrx_word' id='word_1_101' title='bbox 1633 1436 1860 1507; x_wconf 68' lang='grc' dir='ltr'>ἀποθεία</span> 
     </span>
    </p>
   </div>
   <div class='ocr_carea' id='block_1_16' title="bbox 287 1517 1858 1606">
    <p class='ocr_par' dir='ltr' id='par_1_16' title="bbox 287 1517 1858 1606">
     <span class='ocr_line' id='line_1_16' title="bbox 287 1517 1858 1606; baseline 0.008 -37"><span class='ocrx_word' id='word_1_102' title='bbox 287 1517 383 1570; x_wconf 73' lang='grc' dir='ltr'>τοῦ</span> <span class='ocrx_word' id='word_1_103' title='bbox 422 1517 556 1572; x_wconf 79' lang='grc' dir='ltr'>Θεοῦ</span> <span class='ocrx_word' id='word_1_104' title='bbox 597 1521 914 1590; x_wconf 74' lang='grc' dir='ltr'>πρέπουσαν</span> <span class='ocrx_word' id='word_1_105' title='bbox 942 1523 1173 1576; x_wconf 77' lang='grc' dir='ltr'>ὲννοεῐνο</span> <span class='ocrx_word' id='word_1_106' title='bbox 1210 1525 1300 1578; x_wconf 81' lang='grc' dir='ltr'><strong>τὸν</strong></span> <span class='ocrx_word' id='word_1_107' title='bbox 1345 1527 1442 1595; x_wconf 78' lang='grc' dir='ltr'><strong>μὲν</strong></span> <span class='ocrx_word' id='word_1_108' title='bbox 1475 1528 1694 1606; x_wconf 72' lang='grc' dir='ltr'>τρόπον,</span> <span class='ocrx_word' id='word_1_109' title='bbox 1740 1529 1858 1582; x_wconf 75' lang='grc' dir='ltr'>καθ’</span> 
     </span>
    </p>
   </div>
   <div class='ocr_carea' id='block_1_17' title="bbox 285 1611 1860 1689">
    <p class='ocr_par' dir='ltr' id='par_1_17' title="bbox 285 1611 1860 1689">
     <span class='ocr_line' id='line_1_17' title="bbox 285 1611 1860 1689; baseline 0.006 -26"><span class='ocrx_word' id='word_1_110' title='bbox 285 1612 346 1664; x_wconf 80' lang='grc' dir='ltr'>ὃν</span> <span class='ocrx_word' id='word_1_111' title='bbox 393 1612 680 1680; x_wconf 78' lang='grc' dir='ltr'>ἐγέννησεν</span> <span class='ocrx_word' id='word_1_112' title='bbox 711 1615 739 1666; x_wconf 99' lang='lat'><strong>6</strong></span> <span class='ocrx_word' id='word_1_113' title='bbox 775 1613 924 1678; x_wconf 86' lang='grc' dir='ltr'>Θεὸς,</span> <span class='ocrx_word' id='word_1_114' title='bbox 966 1615 1040 1678; x_wconf 86' lang='grc' dir='ltr'>ὡς</span> <span class='ocrx_word' id='word_1_115' title='bbox 1073 1615 1308 1686; x_wconf 73' lang='grc' dir='ltr'>ἄρρητον</span> <span class='ocrx_word' id='word_1_116' title='bbox 1359 1618 1451 1670; x_wconf 80' lang='grc' dir='ltr'>καὶ</span> <span class='ocrx_word' id='word_1_117' title='bbox 1505 1611 1860 1689; x_wconf 81' lang='grc' dir='ltr'>ἀπερινόητον</span> 
     </span>
    </p>
   </div>
   <div class='ocr_carea' id='block_1_18' title="bbox 287 1698 1859 1779">
    <p class='ocr_par' dir='ltr' id='par_1_18' title="bbox 287 1698 1859 1779">
     <span class='ocr_line' id='line_1_18' title="bbox 287 1698 1859 1779; baseline 0.003 -20"><span class='ocrx_word' id='word_1_118' title='bbox 287 1704 540 1775; x_wconf 76' lang='grc' dir='ltr'>ἀφιέντα,</span> <span class='ocrx_word' id='word_1_119' title='bbox 570 1705 703 1776; x_wconf 84' lang='grc' dir='ltr'>πρὸς</span> <span class='ocrx_word' id='word_1_120' title='bbox 729 1703 784 1758; x_wconf 82' lang='grc' dir='ltr'><strong>δὲ</strong></span> <span class='ocrx_word' id='word_1_121' title='bbox 810 1698 912 1775; x_wconf 76' lang='grc' dir='ltr'><strong>¹τὴν</strong></span> <span class='ocrx_word' id='word_1_122' title='bbox 944 1707 1060 1760; x_wconf 84' lang='grc' dir='ltr'>κατ’</span> <span class='ocrx_word' id='word_1_123' title='bbox 1105 1707 1292 1760; x_wconf 81' lang='grc' dir='ltr'>οὐσίαν</span> <span class='ocrx_word' id='word_1_124' title='bbox 1331 1708 1626 1778; x_wconf 81' lang='grc' dir='ltr'>ὁμοιότητα</span> <span class='ocrx_word' id='word_1_125' title='bbox 1656 1711 1719 1762; x_wconf 80' lang='grc' dir='ltr'>ὲκ</span> <span class='ocrx_word' id='word_1_126' title='bbox 1763 1711 1859 1779; x_wconf 80' lang='grc' dir='ltr'><strong>τῆς</strong></span> 
     </span>
    </p>
   </div>
   <div class='ocr_carea' id='block_1_19' title="bbox 285 1796 1862 1870">
    <p class='ocr_par' dir='ltr' id='par_1_19' title="bbox 285 1796 1862 1870">
     <span class='ocr_line' id='line_1_19' title="bbox 285 1796 1862 1870; baseline 0.003 -20"><span class='ocrx_word' id='word_1_127' title='bbox 285 1796 382 1850; x_wconf 80' lang='grc' dir='ltr'>τοῦ</span> <span class='ocrx_word' id='word_1_128' title='bbox 426 1799 618 1866; x_wconf 75' lang='grc' dir='ltr'>γεννᾷν</span> <span class='ocrx_word' id='word_1_129' title='bbox 653 1797 1022 1868; x_wconf 78' lang='grc' dir='ltr'>προσηγορίας</span> <span class='ocrx_word' id='word_1_130' title='bbox 1044 1799 1424 1870; x_wconf 81' lang='grc' dir='ltr'>ὁδηγούμενον.</span> <span class='ocrx_word' id='word_1_131' title='bbox 1464 1800 1720 1869; x_wconf 82' lang='grc' dir='ltr'>Καίτοιγε</span> <span class='ocrx_word' id='word_1_132' title='bbox 1759 1819 1862 1870; x_wconf 80' lang='grc' dir='ltr'><strong>φα-</strong></span> 
     </span>
    </p>
   </div>
   <div class='ocr_carea' id='block_1_20' title="bbox 1967 613 3538 684">
    <p class='ocr_par' dir='ltr' id='par_1_20' title="bbox 1967 613 3538 684">
     <span class='ocr_line' id='line_1_20' title="bbox 1967 613 3538 684; baseline 0 -18"><span class='ocrx_word' id='word_1_133' title='bbox 1967 629 2088 666; x_wconf 92' lang='lat' dir='ltr'><strong>eum</strong></span> <span class='ocrx_word' id='word_1_134' title='bbox 2116 613 2208 684; x_wconf 87' lang='lat' dir='ltr'><strong>qui</strong></span> <span class='ocrx_word' id='word_1_135' title='bbox 2242 613 2326 682; x_wconf 84' lang='lat' dir='ltr'><strong>pie</strong></span> <span class='ocrx_word' id='word_1_136' title='bbox 2373 628 2534 680; x_wconf 81' lang='lat' dir='ltr'><strong>agere</strong></span> <span class='ocrx_word' id='word_1_137' title='bbox 2564 615 2866 675; x_wconf 82' lang='lat' dir='ltr'><strong>statuisset,</strong></span> <span class='ocrx_word' id='word_1_138' title='bbox 2896 613 3157 667; x_wconf 83' lang='lat' dir='ltr'><strong>absonum</strong></span> <span class='ocrx_word' id='word_1_139' title='bbox 3194 613 3384 668; x_wconf 85' lang='lat' dir='ltr'><strong>horum</strong></span> <span class='ocrx_word' id='word_1_140' title='bbox 3420 629 3538 667; x_wconf 78' lang='lat' dir='ltr'><strong>rer-</strong></span> 
     </span>
    </p>
   </div>
   <div class='ocr_carea' id='block_1_21' title="bbox 1968 704 3535 774">
    <p class='ocr_par' dir='ltr' id='par_1_21' title="bbox 1968 704 3535 774">
     <span class='ocr_line' id='line_1_21' title="bbox 1968 704 3535 774; baseline 0.001 -18"><span class='ocrx_word' id='word_1_141' title='bbox 1968 705 2157 758; x_wconf 77' lang='lat' dir='ltr'><strong>liornm</strong></span> <span class='ocrx_word' id='word_1_142' title='bbox 2192 719 2432 768; x_wconf 84' lang='lat' dir='ltr'><strong>sensum,</strong></span> <span class='ocrx_word' id='word_1_143' title='bbox 2461 704 2504 757; x_wconf 87' lang='lat' dir='ltr'><strong>si</strong></span> <span class='ocrx_word' id='word_1_144' title='bbox 2538 705 2627 774; x_wconf 83' lang='lat' dir='ltr'><strong>qui</strong></span> <span class='ocrx_word' id='word_1_145' title='bbox 2665 715 2843 759; x_wconf 80' lang='lat' dir='ltr'><strong>tamen</strong></span> <span class='ocrx_word' id='word_1_146' title='bbox 2881 706 3070 766; x_wconf 88' lang='lat' dir='ltr'><strong>inerat,</strong></span> <span class='ocrx_word' id='word_1_147' title='bbox 3100 707 3397 772; x_wconf 82' lang='lat' dir='ltr'><strong>adversari,</strong></span> <span class='ocrx_word' id='word_1_148' title='bbox 3428 723 3535 760; x_wconf 87' lang='lat' dir='ltr'><strong>non</strong></span> 
     </span>
    </p>
   </div>
   <div class='ocr_carea' id='block_1_22' title="bbox 1969 790 3569 866">
    <p class='ocr_par' dir='ltr' id='par_1_22' title="bbox 1969 790 3569 866">
     <span class='ocr_line' id='line_1_22' title="bbox 1969 790 3569 866; baseline 0.001 -18"><span class='ocrx_word' id='word_1_149' title='bbox 1969 803 2136 850; x_wconf 86' lang='lat' dir='ltr'><strong>lotam</strong></span> <span class='ocrx_word' id='word_1_150' title='bbox 2197 797 2358 850; x_wconf 84' lang='lat' dir='ltr'><strong>simul</strong></span> <span class='ocrx_word' id='word_1_151' title='bbox 2414 812 2600 852; x_wconf 85' lang='lat' dir='ltr'><strong>vocem</strong></span> <span class='ocrx_word' id='word_1_152' title='bbox 2673 800 3004 866; x_wconf 77' lang='lat' dir='ltr'><strong>reprohare;</strong></span> <span class='ocrx_word' id='word_1_153' title='bbox 3062 811 3237 866; x_wconf 87' lang='lat' dir='ltr'><strong>neque</strong></span> <span class='ocrx_word' id='word_1_154' title='bbox 3298 790 3569 852; x_wconf 31' lang='lat' dir='ltr'><strong>indecori&#39;</strong></span> 
     </span>
    </p>
   </div>
   <div class='ocr_carea' id='block_1_23' title="bbox 1966 886 3535 958">
    <p class='ocr_par' dir='ltr' id='par_1_23' title="bbox 1966 886 3535 958">
     <span class='ocr_line' id='line_1_23' title="bbox 1966 886 3535 958; baseline -0.001 -16"><span class='ocrx_word' id='word_1_155' title='bbox 1966 889 2213 955; x_wconf 87' lang='lat' dir='ltr'><strong>obtentu,</strong></span> <span class='ocrx_word' id='word_1_156' title='bbox 2242 890 2505 958; x_wconf 78' lang='lat' dir='ltr'><strong>quidquid</strong></span> <span class='ocrx_word' id='word_1_157' title='bbox 2537 891 2605 941; x_wconf 85' lang='lat' dir='ltr'><strong>ab</strong></span> <span class='ocrx_word' id='word_1_158' title='bbox 2635 905 2697 943; x_wconf 88' lang='lat' dir='ltr'><strong>ea</strong></span> <span class='ocrx_word' id='word_1_159' title='bbox 2727 891 2936 944; x_wconf 86' lang='lat' dir='ltr'><strong>accedit</strong></span> <span class='ocrx_word' id='word_1_160' title='bbox 2983 889 3256 953; x_wconf 69' lang='lat' dir='ltr'><strong>utilitatis,</strong></span> <span class='ocrx_word' id='word_1_161' title='bbox 3289 890 3340 942; x_wconf 89' lang='lat' dir='ltr'><strong>id</strong></span> <span class='ocrx_word' id='word_1_162' title='bbox 3375 886 3535 942; x_wconf 83' lang='lat' dir='ltr'><strong>simul</strong></span> 
     </span>
    </p>
   </div>
   <div class='ocr_carea' id='block_1_24' title="bbox 1969 981 3536 1048">
    <p class='ocr_par' dir='ltr' id='par_1_24' title="bbox 1969 981 3536 1048">
     <span class='ocr_line' id='line_1_24' title="bbox 1969 981 3536 1048; baseline 0 -16"><span class='ocrx_word' id='word_1_163' title='bbox 1969 981 2195 1048; x_wconf 82' lang='lat' dir='ltr'><strong>rejicere</strong></span> <span class='ocrx_word' id='word_1_164' title='bbox 2236 999 2251 1035; x_wconf 89' lang='lat'><strong>:</strong></span> <span class='ocrx_word' id='word_1_165' title='bbox 2287 982 2382 1036; x_wconf 81' lang='lat' dir='ltr'><strong>sed</strong></span> <span class='ocrx_word' id='word_1_166' title='bbox 2423 990 2481 1035; x_wconf 90' lang='lat' dir='ltr'><strong>ut</strong></span> <span class='ocrx_word' id='word_1_167' title='bbox 2520 983 2588 1035; x_wconf 87' lang='lat' dir='ltr'><strong>ah</strong></span> <span class='ocrx_word' id='word_1_168' title='bbox 2645 982 2941 1036; x_wconf 90' lang='lat' dir='ltr'><strong>humilibus</strong></span> <span class='ocrx_word' id='word_1_169' title='bbox 2981 981 3395 1048; x_wconf 79' lang='lat' dir='ltr'><strong>carnalibusqne</strong></span> <span class='ocrx_word' id='word_1_170' title='bbox 3445 995 3536 1033; x_wconf 80' lang='lat' dir='ltr'><strong>co-</strong></span> 
     </span>
    </p>
   </div>
   <div class='ocr_carea' id='block_1_25' title="bbox 1967 1072 3542 1142">
    <p class='ocr_par' dir='ltr' id='par_1_25' title="bbox 1967 1072 3542 1142">
     <span class='ocr_line' id='line_1_25' title="bbox 1967 1072 3542 1142; baseline 0 -18"><span class='ocrx_word' id='word_1_171' title='bbox 1967 1072 2316 1141; x_wconf 85' lang='lat' dir='ltr'><strong>gitationibus</strong></span> <span class='ocrx_word' id='word_1_172' title='bbox 2357 1073 2408 1127; x_wconf 91' lang='lat' dir='ltr'><strong>in</strong></span> <span class='ocrx_word' id='word_1_173' title='bbox 2457 1073 2659 1126; x_wconf 82' lang='lat' dir='ltr'><strong>divinis</strong></span> <span class='ocrx_word' id='word_1_174' title='bbox 2715 1073 2980 1142; x_wconf 78' lang='lat' dir='ltr'><strong>dogmatis</strong></span> <span class='ocrx_word' id='word_1_175' title='bbox 3025 1089 3215 1142; x_wconf 87' lang='lat' dir='ltr'><strong>purqu</strong></span> <span class='ocrx_word' id='word_1_176' title='bbox 3264 1088 3414 1136; x_wconf 85' lang='lat' dir='ltr'><strong>esse,</strong></span> <span class='ocrx_word' id='word_1_177' title='bbox 3463 1073 3542 1124; x_wconf 70' lang='lat' dir='ltr'><strong>ita</strong></span> 
     </span>
    </p>
   </div>
   <div class='ocr_carea' id='block_1_26' title="bbox 1972 1164 3540 1234">
    <p class='ocr_par' dir='ltr' id='par_1_26' title="bbox 1972 1164 3540 1234">
     <span class='ocr_line' id='line_1_26' title="bbox 1972 1164 3540 1234; baseline 0 -18"><span class='ocrx_word' id='word_1_178' title='bbox 1972 1165 2376 1232; x_wconf 82' lang='lat' dir='ltr'><strong>generationem</strong></span> <span class='ocrx_word' id='word_1_179' title='bbox 2411 1166 2682 1218; x_wconf 79' lang='lat' dir='ltr'><strong>sanctitati</strong></span> <span class='ocrx_word' id='word_1_180' title='bbox 2724 1177 2885 1234; x_wconf 86' lang='lat' dir='ltr'><strong>atque</strong></span> <span class='ocrx_word' id='word_1_181' title='bbox 2930 1165 3159 1233; x_wconf 68' lang='lat' dir='ltr'><strong>apathia&#39;</strong></span> <span class='ocrx_word' id='word_1_182' title='bbox 3208 1164 3296 1218; x_wconf 65' lang='lat' dir='ltr'><strong>Dei</strong></span> <span class='ocrx_word' id='word_1_183' title='bbox 3343 1176 3540 1216; x_wconf 69' lang='lat' dir='ltr'><strong>conre-</strong></span> 
     </span>
    </p>
   </div>
   <div class='ocr_carea' id='block_1_27' title="bbox 1969 1241 3537 1327">
    <p class='ocr_par' dir='ltr' id='par_1_27' title="bbox 1969 1241 3537 1327">
     <span class='ocr_line' id='line_1_27' title="bbox 1969 1241 3537 1327; baseline -0.003 -17"><span class='ocrx_word' id='word_1_184' title='bbox 1969 1261 2204 1313; x_wconf 80' lang='lat' dir='ltr'><strong>nientem</strong></span> <span class='ocrx_word' id='word_1_185' title='bbox 2258 1258 2593 1327; x_wconf 81' lang='lat' dir='ltr'><strong>intelligere:</strong></span> <span class='ocrx_word' id='word_1_186' title='bbox 2628 1259 2760 1310; x_wconf 90' lang='lat' dir='ltr'><strong>adeo</strong></span> <span class='ocrx_word' id='word_1_187' title='bbox 2813 1266 2871 1308; x_wconf 89' lang='grc' dir='ltr'><strong>ιιι</strong></span> <span class='ocrx_word' id='word_1_188' title='bbox 2905 1258 3123 1310; x_wconf 89' lang='lat' dir='ltr'><strong>modum</strong></span> <span class='ocrx_word' id='word_1_189' title='bbox 3178 1241 3392 1322; x_wconf 83' lang='lat' dir='ltr'><strong>quidem</strong></span> <span class='ocrx_word' id='word_1_190' title='bbox 3431 1269 3537 1322; x_wconf 80' lang='lat' dir='ltr'><strong>quo</strong></span> 
     </span>
    </p>
   </div>
   <div class='ocr_carea' id='block_1_28' title="bbox 1971 1347 3539 1417">
    <p class='ocr_par' dir='ltr' id='par_1_28' title="bbox 1971 1347 3539 1417">
     <span class='ocr_line' id='line_1_28' title="bbox 1971 1347 3539 1417; baseline -0.003 -13"><span class='ocrx_word' id='word_1_191' title='bbox 1971 1350 2109 1404; x_wconf 80' lang='lat' dir='ltr'><strong>Dens</strong></span> <span class='ocrx_word' id='word_1_192' title='bbox 2152 1350 2355 1416; x_wconf 73' lang='lat' dir='ltr'><strong>genuit,</strong></span> <span class='ocrx_word' id='word_1_193' title='bbox 2400 1360 2654 1417; x_wconf 83' lang='lat' dir='ltr'><strong>tanquam</strong></span> <span class='ocrx_word' id='word_1_194' title='bbox 2687 1351 2776 1416; x_wconf 83' lang='lat' dir='ltr'><strong>qui</strong></span> <span class='ocrx_word' id='word_1_195' title='bbox 2798 1347 3104 1401; x_wconf 61' lang='lat' dir='ltr'><strong>int-ﬂabilis</strong></span> <span class='ocrx_word' id='word_1_196' title='bbox 3135 1362 3197 1401; x_wconf 84' lang='lat' dir='ltr'><strong>ac</strong></span> <span class='ocrx_word' id='word_1_197' title='bbox 3231 1348 3539 1415; x_wconf 81' lang='lat' dir='ltr'><strong>incompre-</strong></span> 
     </span>
    </p>
   </div>
   <div class='ocr_carea' id='block_1_29' title="bbox 1970 1435 3539 1510">
    <p class='ocr_par' dir='ltr' id='par_1_29' title="bbox 1970 1435 3539 1510">
     <span class='ocr_line' id='line_1_29' title="bbox 1970 1435 3539 1510; baseline -0.003 -14"><span class='ocrx_word' id='word_1_198' title='bbox 1970 1442 2252 1496; x_wconf 83' lang='lat' dir='ltr'><strong>hensibilis</strong></span> <span class='ocrx_word' id='word_1_199' title='bbox 2285 1443 2377 1506; x_wconf 89' lang='lat' dir='ltr'><strong>sit,</strong></span> <span class='ocrx_word' id='word_1_200' title='bbox 2426 1435 2902 1510; x_wconf 70' lang='lat' dir='ltr'><strong>praetermitteret,</strong></span> <span class='ocrx_word' id='word_1_201' title='bbox 2951 1440 3017 1494; x_wconf 85' lang='lat' dir='ltr'><strong>ad</strong></span> <span class='ocrx_word' id='word_1_202' title='bbox 3060 1438 3378 1493; x_wconf 77' lang='lat' dir='ltr'><strong>substantia:</strong></span> <span class='ocrx_word' id='word_1_203' title='bbox 3409 1451 3539 1491; x_wconf 73' lang='lat' dir='ltr'><strong>vero</strong></span> 
     </span>
    </p>
   </div>
   <div class='ocr_carea' id='block_1_30' title="bbox 1968 1529 3540 1603">
    <p class='ocr_par' dir='ltr' id='par_1_30' title="bbox 1968 1529 3540 1603">
     <span class='ocr_line' id='line_1_30' title="bbox 1968 1529 3540 1603; baseline -0.004 -17"><span class='ocrx_word' id='word_1_204' title='bbox 1968 1534 2370 1588; x_wconf 84' lang='lat' dir='ltr'><strong>similitudinem</strong></span> <span class='ocrx_word' id='word_1_205' title='bbox 2419 1547 2516 1601; x_wconf 81' lang='lat' dir='ltr'><strong>per</strong></span> <span class='ocrx_word' id='word_1_206' title='bbox 2564 1533 2857 1603; x_wconf 72' lang='lat' dir='ltr'><strong>generandi</strong></span> <span class='ocrx_word' id='word_1_207' title='bbox 2911 1530 3320 1601; x_wconf 74' lang='lat' dir='ltr'><strong>appellationem</strong></span> <span class='ocrx_word' id='word_1_208' title='bbox 3369 1529 3540 1584; x_wconf 70' lang='lat' dir='ltr'><strong>dedu-</strong></span> 
     </span>
    </p>
   </div>
   <div class='ocr_carea' id='block_1_31' title="bbox 1969 1621 3536 1693">
    <p class='ocr_par' dir='ltr' id='par_1_31' title="bbox 1969 1621 3536 1693">
     <span class='ocr_line' id='line_1_31' title="bbox 1969 1621 3536 1693; baseline -0.003 -15"><span class='ocrx_word' id='word_1_209' title='bbox 1969 1635 2204 1678; x_wconf 84' lang='lat' dir='ltr'><strong>ceretur.</strong></span> <span class='ocrx_word' id='word_1_210' title='bbox 2234 1623 2551 1692; x_wconf 83' lang='lat' dir='ltr'><strong>Quanquam</strong></span> <span class='ocrx_word' id='word_1_211' title='bbox 2586 1625 2932 1693; x_wconf 74' lang='lat' dir='ltr'><strong>perspicuum</strong></span> <span class='ocrx_word' id='word_1_212' title='bbox 2963 1632 3048 1677; x_wconf 87' lang='lat' dir='ltr'><strong>est</strong></span> <span class='ocrx_word' id='word_1_213' title='bbox 3084 1621 3376 1690; x_wconf 78' lang='lat' dir='ltr'><strong>reputanti,</strong></span> <span class='ocrx_word' id='word_1_214' title='bbox 3424 1621 3536 1674; x_wconf 61' lang='lat' dir='ltr'><strong>haec</strong></span> 
     </span>
    </p>
   </div>
   <div class='ocr_carea' id='block_1_32' title="bbox 1970 1715 3534 1788">
    <p class='ocr_par' dir='ltr' id='par_1_32' title="bbox 1970 1715 3534 1788">
     <span class='ocr_line' id='line_1_32' title="bbox 1970 1715 3534 1788; baseline -0.003 -16"><span class='ocrx_word' id='word_1_215' title='bbox 1970 1720 2222 1781; x_wconf 89' lang='lat' dir='ltr'><strong>nomina,</strong></span> <span class='ocrx_word' id='word_1_216' title='bbox 2281 1729 2433 1788; x_wconf 87' lang='lat' dir='ltr'><strong>pater</strong></span> <span class='ocrx_word' id='word_1_217' title='bbox 2476 1728 2532 1773; x_wconf 88' lang='lat' dir='ltr'><strong>et</strong></span> <span class='ocrx_word' id='word_1_218' title='bbox 2567 1717 2730 1779; x_wconf 85' lang='lat' dir='ltr'><strong>tilius,</strong></span> <span class='ocrx_word' id='word_1_219' title='bbox 2775 1717 3136 1786; x_wconf 83' lang='lat' dir='ltr'><strong>corporalium</strong></span> <span class='ocrx_word' id='word_1_220' title='bbox 3191 1715 3534 1770; x_wconf 69' lang='lat' dir='ltr'><strong>allectionnm</strong></span> 
     </span>
    </p>
   </div>
   <div class='ocr_carea' id='block_1_33' title="bbox 1969 1809 3539 1880">
    <p class='ocr_par' dir='ltr' id='par_1_33' title="bbox 1969 1809 3539 1880">
     <span class='ocr_line' id='line_1_33' title="bbox 1969 1809 3539 1880; baseline -0.002 -16"><span class='ocrx_word' id='word_1_221' title='bbox 1969 1810 2350 1879; x_wconf 76' lang='lat' dir='ltr'><strong>cogitationem</strong></span> <span class='ocrx_word' id='word_1_222' title='bbox 2412 1810 2628 1880; x_wconf 84' lang='lat' dir='ltr'><strong>proprie</strong></span> <span class='ocrx_word' id='word_1_223' title='bbox 2669 1825 2732 1864; x_wconf 75' lang='lat' dir='ltr'><strong>ac</strong></span> <span class='ocrx_word' id='word_1_224' title='bbox 2767 1809 3028 1877; x_wconf 89' lang='lat' dir='ltr'><strong>primario</strong></span> <span class='ocrx_word' id='word_1_225' title='bbox 3073 1823 3262 1877; x_wconf 87' lang='lat' dir='ltr'><strong>parere</strong></span> <span class='ocrx_word' id='word_1_226' title='bbox 3296 1822 3400 1862; x_wconf 92' lang='lat' dir='ltr'><strong>non</strong></span> <span class='ocrx_word' id='word_1_227' title='bbox 3448 1823 3539 1861; x_wconf 82' lang='lat' dir='ltr'><strong>so-</strong></span> 
     </span>
    </p>
   </div>
   <div class='ocr_carea' id='block_1_34' title="bbox 288 1890 1870 1969">
    <p class='ocr_par' dir='ltr' id='par_1_34' title="bbox 288 1890 1864 1961">
     <span class='ocr_line' id='line_1_34' title="bbox 288 1890 1864 1961; baseline 0.004 -20"><span class='ocrx_word' id='word_1_228' title='bbox 288 1890 444 1961; x_wconf 81' lang='grc' dir='ltr'>νερὸν</span> <span class='ocrx_word' id='word_1_229' title='bbox 477 1890 850 1960; x_wconf 81' lang='grc' dir='ltr'>σκοπουμένῳ,</span> <span class='ocrx_word' id='word_1_230' title='bbox 877 1893 957 1944; x_wconf 82' lang='grc' dir='ltr'>ὅτι</span> <span class='ocrx_word' id='word_1_231' title='bbox 992 1893 1052 1944; x_wconf 81' lang='grc' dir='ltr'><strong>οὐ</strong></span> <span class='ocrx_word' id='word_1_232' title='bbox 1086 1893 1412 1959; x_wconf 83' lang='grc' dir='ltr'>σωματικῶν</span> <span class='ocrx_word' id='word_1_233' title='bbox 1439 1893 1629 1948; x_wconf 84' lang='grc' dir='ltr'>παθῶν</span> <span class='ocrx_word' id='word_1_234' title='bbox 1659 1893 1864 1960; x_wconf 82' lang='grc' dir='ltr'>κυρίως</span> 
     </span>
    </p>
   </div>
   <div class='ocr_carea' id='block_1_35' title="bbox 1979 1890 3540 1969">
    <p class='ocr_par' dir='ltr' id='par_1_35' title="bbox 1985 1899 3540 1969">
     <span class='ocr_line' id='line_1_35' title="bbox 1985 1899 3540 1969; baseline -0.003 -14"><span class='ocrx_word' id='word_1_235' title='bbox 1985 1915 2079 1955; x_wconf 87' lang='lat' dir='ltr'><strong>ere</strong></span> <span class='ocrx_word' id='word_1_236' title='bbox 2117 1919 2130 1954; x_wconf 88' lang='lat'><strong>:</strong></span> <span class='ocrx_word' id='word_1_237' title='bbox 2169 1904 2264 1956; x_wconf 86' lang='lat' dir='ltr'><strong>sed</strong></span> <span class='ocrx_word' id='word_1_238' title='bbox 2297 1916 2420 1956; x_wconf 90' lang='lat' dir='ltr'><strong>cum</strong></span> <span class='ocrx_word' id='word_1_239' title='bbox 2468 1917 2564 1969; x_wconf 86' lang='lat' dir='ltr'><strong>per</strong></span> <span class='ocrx_word' id='word_1_240' title='bbox 2608 1917 2668 1956; x_wconf 86' lang='lat' dir='ltr'><strong>se</strong></span> <span class='ocrx_word' id='word_1_241' title='bbox 2711 1903 2826 1955; x_wconf 90' lang='lat' dir='ltr'><strong>sola</strong></span> <span class='ocrx_word' id='word_1_242' title='bbox 2862 1901 3137 1963; x_wconf 84' lang='lat' dir='ltr'><strong>dicuntur,</strong></span> <span class='ocrx_word' id='word_1_243' title='bbox 3178 1901 3352 1954; x_wconf 89' lang='lat' dir='ltr'><strong>solum</strong></span> <span class='ocrx_word' id='word_1_244' title='bbox 3387 1899 3540 1954; x_wconf 80' lang='lat' dir='ltr'><strong>habi-&#39;</strong></span> 
     </span>
    </p>
   </div>
   <div class='ocr_carea' id='block_1_36' title="bbox 289 1981 1860 2056">
    <p class='ocr_par' dir='ltr' id='par_1_36' title="bbox 289 1981 1860 2056">
     <span class='ocr_line' id='line_1_36' title="bbox 289 1981 1860 2056; baseline 0.003 -22"><span class='ocrx_word' id='word_1_245' title='bbox 289 1982 385 2035; x_wconf 77' lang='grc' dir='ltr'>καὶ</span> <span class='ocrx_word' id='word_1_246' title='bbox 425 1982 654 2053; x_wconf 82' lang='grc' dir='ltr'>πρώτως</span> <span class='ocrx_word' id='word_1_247' title='bbox 687 1981 894 2056; x_wconf 76' lang='grc' dir='ltr'>ἔννοιαν</span> <span class='ocrx_word' id='word_1_248' title='bbox 933 1985 1180 2053; x_wconf 76' lang='grc' dir='ltr'>ἐμποιεῖν</span> <span class='ocrx_word' id='word_1_249' title='bbox 1217 1986 1373 2038; x_wconf 69' lang='grc' dir='ltr'>ταυτὶ</span> <span class='ocrx_word' id='word_1_250' title='bbox 1411 1984 1619 2054; x_wconf 81' lang='grc' dir='ltr'>πέφυκε</span> <span class='ocrx_word' id='word_1_251' title='bbox 1653 1985 1719 2038; x_wconf 79' lang='grc' dir='ltr'><strong>τὰ</strong></span> <span class='ocrx_word' id='word_1_252' title='bbox 1749 1985 1860 2039; x_wconf 82' lang='grc' dir='ltr'>ὀνό-</span> 
     </span>
    </p>
   </div>
   <div class='ocr_carea' id='block_1_37' title="bbox 293 2073 1864 2146">
    <p class='ocr_par' dir='ltr' id='par_1_37' title="bbox 293 2073 1864 2146">
     <span class='ocr_line' id='line_1_37' title="bbox 293 2073 1864 2146; baseline 0.003 -18"><span class='ocrx_word' id='word_1_253' title='bbox 293 2091 461 2144; x_wconf 86' lang='grc' dir='ltr'>ματα,</span> <span class='ocrx_word' id='word_1_254' title='bbox 488 2076 517 2127; x_wconf 93' lang='lat'><strong>6</strong></span> <span class='ocrx_word' id='word_1_255' title='bbox 546 2073 746 2146; x_wconf 78' lang='grc' dir='ltr'>πατὴρ,</span> <span class='ocrx_word' id='word_1_256' title='bbox 789 2075 952 2143; x_wconf 82' lang='grc' dir='ltr'>λέγω,</span> <span class='ocrx_word' id='word_1_257' title='bbox 993 2075 1086 2130; x_wconf 75' lang='grc' dir='ltr'>καὶ</span> <span class='ocrx_word' id='word_1_258' title='bbox 1125 2077 1154 2128; x_wconf 83' lang='lat'><strong>6</strong></span> <span class='ocrx_word' id='word_1_259' title='bbox 1181 2077 1295 2139; x_wconf 82' lang='grc' dir='ltr'>υἱός</span> <span class='ocrx_word' id='word_1_260' title='bbox 1316 2094 1327 2107; x_wconf 94' lang='grc'><strong>·</strong></span> <span class='ocrx_word' id='word_1_261' title='bbox 1364 2077 1500 2130; x_wconf 84' lang='grc' dir='ltr'><strong>ἁλλά</strong></span> <span class='ocrx_word' id='word_1_262' title='bbox 1547 2078 1668 2131; x_wconf 86' lang='grc' dir='ltr'>καθ’</span> <span class='ocrx_word' id='word_1_263' title='bbox 1696 2080 1864 2133; x_wconf 73' lang='grc' dir='ltr'>ἑαυτὰ</span> 
     </span>
    </p>
   </div>
   <div class='ocr_carea' id='block_1_38' title="bbox 294 2166 1863 2240">
    <p class='ocr_par' dir='ltr' id='par_1_38' title="bbox 294 2166 1863 2240">
     <span class='ocr_line' id='line_1_38' title="bbox 294 2166 1863 2240; baseline 0.005 -22"><span class='ocrx_word' id='word_1_264' title='bbox 294 2167 394 2236; x_wconf 77' lang='grc' dir='ltr'>μὲν</span> <span class='ocrx_word' id='word_1_265' title='bbox 435 2166 722 2238; x_wconf 83' lang='grc' dir='ltr'>λεγόμενα,</span> <span class='ocrx_word' id='word_1_266' title='bbox 766 2168 865 2238; x_wconf 84' lang='grc' dir='ltr'>τὴν</span> <span class='ocrx_word' id='word_1_267' title='bbox 920 2169 1054 2240; x_wconf 86' lang='grc' dir='ltr'>πρὸς</span> <span class='ocrx_word' id='word_1_268' title='bbox 1102 2168 1307 2239; x_wconf 77' lang='grc' dir='ltr'>ἄλληλα</span> <span class='ocrx_word' id='word_1_269' title='bbox 1369 2171 1552 2240; x_wconf 85' lang='grc' dir='ltr'>σχέσιν</span> <span class='ocrx_word' id='word_1_270' title='bbox 1595 2171 1863 2227; x_wconf 71' lang='grc' dir='ltr'>ἐνδείκνυμ</span> 
     </span>
    </p>
   </div>
   <div class='ocr_carea' id='block_1_39' title="bbox 291 2260 1866 2336">
    <p class='ocr_par' dir='ltr' id='par_1_39' title="bbox 291 2260 1866 2336">
     <span class='ocr_line' id='line_1_39' title="bbox 291 2260 1866 2336; baseline 0.004 -24"><span class='ocrx_word' id='word_1_271' title='bbox 291 2276 382 2312; x_wconf 83' lang='grc' dir='ltr'><strong>ται</strong></span> <span class='ocrx_word' id='word_1_272' title='bbox 425 2260 535 2329; x_wconf 81' lang='grc'><strong>(68)</strong></span> <span class='ocrx_word' id='word_1_273' title='bbox 572 2261 758 2332; x_wconf 79' lang='grc' dir='ltr'>μόνην.</span> <span class='ocrx_word' id='word_1_274' title='bbox 806 2261 994 2332; x_wconf 76' lang='grc' dir='ltr'>Πατὴρ</span> <span class='ocrx_word' id='word_1_275' title='bbox 1036 2262 1132 2331; x_wconf 84' lang='grc' dir='ltr'>μὲν</span> <span class='ocrx_word' id='word_1_276' title='bbox 1167 2262 1274 2332; x_wconf 82' lang='grc' dir='ltr'><strong>γάρ</strong></span> <span class='ocrx_word' id='word_1_277' title='bbox 1319 2265 1466 2316; x_wconf 73' lang='grc' dir='ltr'>ἐστιν</span> <span class='ocrx_word' id='word_1_278' title='bbox 1498 2267 1526 2318; x_wconf 90' lang='lat'><strong>6</strong></span> <span class='ocrx_word' id='word_1_279' title='bbox 1565 2266 1736 2336; x_wconf 79' lang='grc' dir='ltr'>ἑτέρῳ</span> <span class='ocrx_word' id='word_1_280' title='bbox 1772 2264 1866 2318; x_wconf 80' lang='grc' dir='ltr'>τοῦ</span> 
     </span>
    </p>
   </div>
   <div class='ocr_carea' id='block_1_40' title="bbox 1971 1987 3536 2059">
    <p class='ocr_par' dir='ltr' id='par_1_40' title="bbox 1971 1987 3536 2059">
     <span class='ocr_line' id='line_1_40' title="bbox 1971 1987 3536 2059; baseline -0.002 -14"><span class='ocrx_word' id='word_1_281' title='bbox 1971 2001 2083 2046; x_wconf 84' lang='lat' dir='ltr'><strong>tum</strong></span> <span class='ocrx_word' id='word_1_282' title='bbox 2119 2005 2360 2046; x_wconf 84' lang='lat' dir='ltr'><strong>mutuum</strong></span> <span class='ocrx_word' id='word_1_283' title='bbox 2397 1994 2656 2047; x_wconf 79' lang='lat' dir='ltr'><strong>indicare.</strong></span> <span class='ocrx_word' id='word_1_284' title='bbox 2711 1991 2870 2044; x_wconf 76' lang='lat' dir='ltr'><strong>Pater</strong></span> <span class='ocrx_word' id='word_1_285' title='bbox 2903 1990 3047 2046; x_wconf 87' lang='lat' dir='ltr'><strong>enim</strong></span> <span class='ocrx_word' id='word_1_286' title='bbox 3079 1999 3189 2053; x_wconf 90' lang='lat' dir='ltr'><strong>est,</strong></span> <span class='ocrx_word' id='word_1_287' title='bbox 3238 1988 3327 2059; x_wconf 89' lang='lat' dir='ltr'><strong>qui</strong></span> <span class='ocrx_word' id='word_1_288' title='bbox 3381 1987 3536 2043; x_wconf 72' lang='lat' dir='ltr'><strong>alteri</strong></span> 
     </span>
    </p>
   </div>
   <div class='ocr_carea' id='block_1_41' title="bbox 1969 2081 3536 2154">
    <p class='ocr_par' dir='ltr' id='par_1_41' title="bbox 1969 2081 3536 2154">
     <span class='ocr_line' id='line_1_41' title="bbox 1969 2081 3536 2154; baseline -0.003 -14"><span class='ocrx_word' id='word_1_289' title='bbox 1969 2086 2267 2142; x_wconf 83' lang='lat' dir='ltr'><strong>exsistendi</strong></span> <span class='ocrx_word' id='word_1_290' title='bbox 2329 2085 2652 2154; x_wconf 88' lang='lat' dir='ltr'><strong>principium</strong></span> <span class='ocrx_word' id='word_1_291' title='bbox 2701 2083 2998 2139; x_wconf 85' lang='lat' dir='ltr'><strong>secundum</strong></span> <span class='ocrx_word' id='word_1_292' title='bbox 3051 2082 3284 2138; x_wconf 87' lang='lat' dir='ltr'><strong>similem</strong></span> <span class='ocrx_word' id='word_1_293' title='bbox 3330 2081 3536 2151; x_wconf 74' lang='lat' dir='ltr'><strong>sibiipsi</strong></span> 
     </span>
    </p>
   </div>
   <div class='ocr_carea' id='block_1_42' title="bbox 1979 2175 3536 2244">
    <p class='ocr_par' dir='ltr' id='par_1_42' title="bbox 1979 2175 3536 2244">
     <span class='ocr_line' id='line_1_42' title="bbox 1979 2175 3536 2244; baseline -0.005 -13"><span class='ocrx_word' id='word_1_294' title='bbox 1979 2187 2227 2231; x_wconf 85' lang='lat' dir='ltr'><strong>naturam</strong></span> <span class='ocrx_word' id='word_1_295' title='bbox 2258 2176 2489 2231; x_wconf 86' lang='lat' dir='ltr'><strong>contulit</strong></span> <span class='ocrx_word' id='word_1_296' title='bbox 2515 2193 2530 2228; x_wconf 87' lang='lat'><strong>:</strong></span> <span class='ocrx_word' id='word_1_297' title='bbox 2557 2175 2698 2230; x_wconf 84' lang='lat' dir='ltr'><strong>lilius</strong></span> <span class='ocrx_word' id='word_1_298' title='bbox 2725 2191 2874 2240; x_wconf 83' lang='lat' dir='ltr'><strong>vero,</strong></span> <span class='ocrx_word' id='word_1_299' title='bbox 2903 2175 2993 2242; x_wconf 87' lang='lat' dir='ltr'><strong>qui</strong></span> <span class='ocrx_word' id='word_1_300' title='bbox 3018 2190 3080 2226; x_wconf 74' lang='grc' dir='ltr'><strong>ιιι</strong></span> <span class='ocrx_word' id='word_1_301' title='bbox 3113 2175 3218 2228; x_wconf 91' lang='lat' dir='ltr'><strong>alio</strong></span> <span class='ocrx_word' id='word_1_302' title='bbox 3250 2187 3347 2241; x_wconf 75' lang='lat' dir='ltr'><strong>per</strong></span> <span class='ocrx_word' id='word_1_303' title='bbox 3374 2188 3536 2244; x_wconf 74' lang='lat' dir='ltr'><strong>gerie-</strong></span> 
     </span>
    </p>
   </div>
   <div class='ocr_carea' id='block_1_43' title="bbox 1977 2266 3028 2336">
    <p class='ocr_par' dir='ltr' id='par_1_43' title="bbox 1977 2266 3028 2336">
     <span class='ocr_line' id='line_1_43' title="bbox 1977 2266 3028 2336; baseline -0.001 -15"><span class='ocrx_word' id='word_1_304' title='bbox 1977 2267 2237 2322; x_wconf 88' lang='lat' dir='ltr'><strong>rationem</strong></span> <span class='ocrx_word' id='word_1_305' title='bbox 2274 2267 2597 2336; x_wconf 88' lang='lat' dir='ltr'><strong>principimn</strong></span> <span class='ocrx_word' id='word_1_306' title='bbox 2626 2277 2684 2319; x_wconf 90' lang='lat' dir='ltr'><strong>ut</strong></span> <span class='ocrx_word' id='word_1_307' title='bbox 2713 2266 2786 2321; x_wconf 86' lang='lat' dir='ltr'><strong>sit</strong></span> <span class='ocrx_word' id='word_1_308' title='bbox 2819 2266 3028 2322; x_wconf 84' lang='lat' dir='ltr'><strong>habuit.</strong></span> 
     </span>
    </p>
   </div>
   <div class='ocr_carea' id='block_1_44' title="bbox 292 2350 3538 2434">
    <p class='ocr_par' dir='ltr' id='par_1_44' title="bbox 292 2350 3538 2434">
     <span class='ocr_line' id='line_1_44' title="bbox 292 2350 3538 2434; baseline 0.002 -26"><span class='ocrx_word' id='word_1_309' title='bbox 292 2350 432 2410; x_wconf 75' lang='grc' dir='ltr'>εἶναι</span> <span class='ocrx_word' id='word_1_310' title='bbox 462 2357 600 2412; x_wconf 81' lang='grc' dir='ltr'>κατὰ</span> <span class='ocrx_word' id='word_1_311' title='bbox 627 2355 724 2427; x_wconf 79' lang='grc' dir='ltr'><strong>τὴν</strong></span> <span class='ocrx_word' id='word_1_312' title='bbox 757 2357 947 2428; x_wconf 78' lang='grc' dir='ltr'>ὁμοίαν</span> <span class='ocrx_word' id='word_1_313' title='bbox 993 2358 1170 2429; x_wconf 78' lang='grc' dir='ltr'>ἐαυτῷ</span> <span class='ocrx_word' id='word_1_314' title='bbox 1199 2358 1359 2428; x_wconf 74' lang='grc' dir='ltr'>φύσιν</span> <span class='ocrx_word' id='word_1_315' title='bbox 1409 2361 1509 2432; x_wconf 82' lang='grc' dir='ltr'>τὴν</span> <span class='ocrx_word' id='word_1_316' title='bbox 1551 2360 1722 2432; x_wconf 79' lang='grc' dir='ltr'>ἀρχὴν</span> <span class='ocrx_word' id='word_1_317' title='bbox 1791 2363 2118 2434; x_wconf 85' lang='grc' dir='ltr'>παρασχών·</span> <span class='ocrx_word' id='word_1_318' title='bbox 2153 2361 2266 2426; x_wconf 77' lang='grc' dir='ltr'>υίὸς</span> <span class='ocrx_word' id='word_1_319' title='bbox 2297 2363 2352 2416; x_wconf 82' lang='grc' dir='ltr'><strong>δὲ</strong></span> <span class='ocrx_word' id='word_1_320' title='bbox 2415 2365 2444 2416; x_wconf 90' lang='lat'><strong>6</strong></span> <span class='ocrx_word' id='word_1_321' title='bbox 2505 2360 2564 2427; x_wconf 76' lang='grc' dir='ltr'><strong>ἐξ</strong></span> <span class='ocrx_word' id='word_1_322' title='bbox 2629 2362 2814 2432; x_wconf 76' lang='grc' dir='ltr'>ἑτέρου</span> <span class='ocrx_word' id='word_1_323' title='bbox 2841 2362 3112 2433; x_wconf 88' lang='grc' dir='ltr'>γεννητῶς</span> <span class='ocrx_word' id='word_1_324' title='bbox 3135 2360 3229 2414; x_wconf 74' lang='grc' dir='ltr'>τοῦ</span> <span class='ocrx_word' id='word_1_325' title='bbox 3268 2355 3402 2416; x_wconf 68' lang='grc' dir='ltr'>εἶναι</span> <span class='ocrx_word' id='word_1_326' title='bbox 3442 2363 3538 2430; x_wconf 79' lang='grc' dir='ltr'>τὴν</span> 
     </span>
    </p>
   </div>
   <div class='ocr_carea' id='block_1_45' title="bbox 291 2449 766 2522">
    <p class='ocr_par' dir='ltr' id='par_1_45' title="bbox 291 2449 766 2522">
     <span class='ocr_line' id='line_1_45' title="bbox 291 2449 766 2522; baseline 0.004 -20"><span class='ocrx_word' id='word_1_327' title='bbox 291 2449 468 2522; x_wconf 80' lang='grc' dir='ltr'>ἀρχὴν</span> <span class='ocrx_word' id='word_1_328' title='bbox 499 2452 766 2522; x_wconf 77' lang='grc' dir='ltr'>ἐσχηκώς.</span> 
     </span>
    </p>
   </div>
   <div class='ocr_carea' id='block_1_46' title="bbox 363 2539 1871 2617">
    <p class='ocr_par' dir='ltr' id='par_1_46' title="bbox 363 2539 1871 2617">
     <span class='ocr_line' id='line_1_46' title="bbox 363 2539 1871 2617; baseline 0.005 -22"><span class='ocrx_word' id='word_1_329' title='bbox 363 2540 454 2595; x_wconf 74' lang='grc'><strong>25.</strong></span> <span class='ocrx_word' id='word_1_330' title='bbox 499 2542 667 2596; x_wconf 83' lang='grc' dir='ltr'>Ὅταν</span> <span class='ocrx_word' id='word_1_331' title='bbox 703 2543 800 2612; x_wconf 81' lang='grc' dir='ltr'><strong>μὲν</strong></span> <span class='ocrx_word' id='word_1_332' title='bbox 828 2539 918 2596; x_wconf 82' lang='grc' dir='ltr'>οὖν</span> <span class='ocrx_word' id='word_1_333' title='bbox 947 2542 1290 2614; x_wconf 81' lang='grc' dir='ltr'>ἀκούσωμεν,</span> <span class='ocrx_word' id='word_1_334' title='bbox 1319 2545 1400 2600; x_wconf 84' lang='grc' dir='ltr'><strong>ὅτι</strong></span> <span class='ocrx_word' id='word_1_335' title='bbox 1441 2545 1724 2617; x_wconf 82' lang='grc' dir='ltr'>ἄνθρωπος</span> <span class='ocrx_word' id='word_1_336' title='bbox 1760 2546 1871 2617; x_wconf 84' lang='grc'><strong>(69)</strong></span> 
     </span>
    </p>
   </div>
   <div class='ocr_carea' id='block_1_47' title="bbox 293 2633 1870 2710">
    <p class='ocr_par' dir='ltr' id='par_1_47' title="bbox 293 2633 1870 2710">
     <span class='ocr_line' id='line_1_47' title="bbox 293 2633 1870 2710; baseline 0.004 -23"><span class='ocrx_word' id='word_1_337' title='bbox 293 2633 495 2705; x_wconf 82' lang='grc' dir='ltr'>πατὴρ,</span> <span class='ocrx_word' id='word_1_338' title='bbox 536 2634 656 2687; x_wconf 76' lang='grc' dir='ltr'>τότε</span> <span class='ocrx_word' id='word_1_339' title='bbox 695 2636 786 2687; x_wconf 78' lang='grc' dir='ltr'><strong>καί</strong></span> <span class='ocrx_word' id='word_1_340' title='bbox 825 2636 923 2708; x_wconf 69' lang='grc' dir='ltr'>τὴν</span> <span class='ocrx_word' id='word_1_341' title='bbox 961 2635 1054 2689; x_wconf 75' lang='grc' dir='ltr'>τοῦ</span> <span class='ocrx_word' id='word_1_342' title='bbox 1090 2636 1295 2701; x_wconf 87' lang='grc' dir='ltr'>πάθους</span> <span class='ocrx_word' id='word_1_343' title='bbox 1328 2637 1537 2692; x_wconf 80' lang='grc' dir='ltr'>ἔννοιαν</span> <span class='ocrx_word' id='word_1_344' title='bbox 1582 2639 1870 2710; x_wconf 86' lang='grc' dir='ltr'>προσλαμ-</span> 
     </span>
    </p>
   </div>
   <div class='ocr_carea' id='block_1_48' title="bbox 295 2727 1870 2802">
    <p class='ocr_par' dir='ltr' id='par_1_48' title="bbox 295 2727 1870 2802">
     <span class='ocr_line' id='line_1_48' title="bbox 295 2727 1870 2802; baseline 0.004 -24"><span class='ocrx_word' id='word_1_345' title='bbox 295 2727 530 2796; x_wconf 72' lang='grc' dir='ltr'>ϐάνομεν</span> <span class='ocrx_word' id='word_1_346' title='bbox 549 2743 562 2756; x_wconf 88' lang='grc'><strong>·</strong></span> <span class='ocrx_word' id='word_1_347' title='bbox 597 2727 722 2781; x_wconf 88' lang='grc' dir='ltr'>ὃταν</span> <span class='ocrx_word' id='word_1_348' title='bbox 750 2727 838 2792; x_wconf 84' lang='grc' dir='ltr'><strong>δὲ,</strong></span> <span class='ocrx_word' id='word_1_349' title='bbox 867 2729 950 2781; x_wconf 75' lang='grc' dir='ltr'><strong>ὅτι</strong></span> <span class='ocrx_word' id='word_1_350' title='bbox 984 2730 1012 2780; x_wconf 92' lang='lat'><strong>6</strong></span> <span class='ocrx_word' id='word_1_351' title='bbox 1044 2728 1176 2792; x_wconf 86' lang='grc' dir='ltr'>Θεὸς</span> <span class='ocrx_word' id='word_1_352' title='bbox 1213 2730 1424 2801; x_wconf 72' lang='grc' dir='ltr'>Πατὴρ,</span> <span class='ocrx_word' id='word_1_353' title='bbox 1452 2731 1545 2784; x_wconf 73' lang='grc' dir='ltr'>ἐπὶ</span> <span class='ocrx_word' id='word_1_354' title='bbox 1565 2732 1663 2802; x_wconf 84' lang='grc' dir='ltr'>τὴν</span> <span class='ocrx_word' id='word_1_355' title='bbox 1684 2732 1870 2802; x_wconf 82' lang='grc' dir='ltr'>ἀπαθῆ</span> 
     </span>
    </p>
   </div>
   <div class='ocr_carea' id='block_1_49' title="bbox 295 2817 1871 2893">
    <p class='ocr_par' dir='ltr' id='par_1_49' title="bbox 295 2817 1871 2893">
     <span class='ocr_line' id='line_1_49' title="bbox 295 2817 1871 2893; baseline 0.003 -23"><span class='ocrx_word' id='word_1_356' title='bbox 295 2817 478 2871; x_wconf 80' lang='grc' dir='ltr'>αἰτίαν</span> <span class='ocrx_word' id='word_1_357' title='bbox 510 2821 621 2881; x_wconf 88' lang='grc' dir='ltr'>τοῖς</span> <span class='ocrx_word' id='word_1_358' title='bbox 671 2818 952 2889; x_wconf 84' lang='grc' dir='ltr'>λογισμοῖς</span> <span class='ocrx_word' id='word_1_359' title='bbox 1003 2820 1394 2891; x_wconf 81' lang='grc' dir='ltr'>ἀνατρέχομεν.</span> <span class='ocrx_word' id='word_1_360' title='bbox 1433 2821 1489 2875; x_wconf 88' lang='grc' dir='ltr'><strong>Ὀ</strong></span> <span class='ocrx_word' id='word_1_361' title='bbox 1517 2822 1596 2884; x_wconf 84' lang='grc' dir='ltr'>δὲ,</span> <span class='ocrx_word' id='word_1_362' title='bbox 1631 2823 1725 2874; x_wconf 76' lang='grc' dir='ltr'>ἐπὶ</span> <span class='ocrx_word' id='word_1_363' title='bbox 1773 2822 1871 2893; x_wconf 87' lang='grc' dir='ltr'><strong>τῆς</strong></span> 
     </span>
    </p>
   </div>
   <div class='ocr_carea' id='block_1_50' title="bbox 296 2908 1866 2985">
    <p class='ocr_par' dir='ltr' id='par_1_50' title="bbox 296 2908 1866 2985">
     <span class='ocr_line' id='line_1_50' title="bbox 296 2908 1866 2985; baseline 0.002 -23"><span class='ocrx_word' id='word_1_364' title='bbox 296 2908 577 2978; x_wconf 76' lang='grc' dir='ltr'>ὲμπαθοῦς</span> <span class='ocrx_word' id='word_1_365' title='bbox 601 2909 814 2978; x_wconf 81' lang='grc' dir='ltr'>φύσεως</span> <span class='ocrx_word' id='word_1_366' title='bbox 841 2913 904 2981; x_wconf 80' lang='grc' dir='ltr'>τῇ</span> <span class='ocrx_word' id='word_1_367' title='bbox 939 2912 1281 2983; x_wconf 77' lang='grc' dir='ltr'>προσηγορία</span> <span class='ocrx_word' id='word_1_368' title='bbox 1311 2911 1482 2985; x_wconf 80' lang='grc' dir='ltr'>ταύτῃ</span> <span class='ocrx_word' id='word_1_369' title='bbox 1513 2911 1866 2976; x_wconf 65' lang='grc' dir='ltr'>συνεθισθεὶς,</span> 
     </span>
    </p>
   </div>
   <div class='ocr_carea' id='block_1_51' title="bbox 296 3001 1870 3074">
    <p class='ocr_par' dir='ltr' id='par_1_51' title="bbox 296 3001 1870 3074">
     <span class='ocr_line' id='line_1_51' title="bbox 296 3001 1870 3074; baseline 0.002 -22"><span class='ocrx_word' id='word_1_370' title='bbox 296 3001 361 3052; x_wconf 88' lang='grc' dir='ltr'><strong>τὸ</strong></span> <span class='ocrx_word' id='word_1_371' title='bbox 407 3001 548 3071; x_wconf 82' lang='grc' dir='ltr'>ὑπὲρ</span> <span class='ocrx_word' id='word_1_372' title='bbox 601 3001 699 3072; x_wconf 80' lang='grc' dir='ltr'>τὴν</span> <span class='ocrx_word' id='word_1_373' title='bbox 735 3002 1037 3072; x_wconf 72' lang='grc' dir='ltr'>κατάληψιν</span> <span class='ocrx_word' id='word_1_374' title='bbox 1089 3003 1195 3057; x_wconf 90' lang='grc' dir='ltr'><strong>τῶν</strong></span> <span class='ocrx_word' id='word_1_375' title='bbox 1246 3003 1434 3057; x_wconf 76' lang='grc' dir='ltr'>ἑαυτοῦ</span> <span class='ocrx_word' id='word_1_376' title='bbox 1487 3002 1764 3074; x_wconf 83' lang='grc' dir='ltr'>λογισμῶν</span> <span class='ocrx_word' id='word_1_377' title='bbox 1795 3001 1870 3066; x_wconf 86' lang='grc' dir='ltr'><strong>ῶς</strong></span> 
     </span>
    </p>
   </div>
   <div class='ocr_carea' id='block_1_52' title="bbox 2039 2543 3537 2614">
    <p class='ocr_par' dir='ltr' id='par_1_52' title="bbox 2039 2543 3537 2614">
     <span class='ocr_line' id='line_1_52' title="bbox 2039 2543 3537 2614; baseline 0.001 -15"><span class='ocrx_word' id='word_1_378' title='bbox 2039 2545 2132 2599; x_wconf 74' lang='lat'><strong>25.</strong></span> <span class='ocrx_word' id='word_1_379' title='bbox 2154 2544 2362 2614; x_wconf 84' lang='lat' dir='ltr'><strong>Itaque,</strong></span> <span class='ocrx_word' id='word_1_380' title='bbox 2390 2559 2512 2598; x_wconf 90' lang='lat' dir='ltr'><strong>cum</strong></span> <span class='ocrx_word' id='word_1_381' title='bbox 2545 2543 2816 2607; x_wconf 86' lang='lat' dir='ltr'><strong>audimus,</strong></span> <span class='ocrx_word' id='word_1_382' title='bbox 2849 2544 3117 2598; x_wconf 80' lang='lat' dir='ltr'><strong>hominem</strong></span> <span class='ocrx_word' id='word_1_383' title='bbox 3150 2553 3358 2611; x_wconf 82' lang='lat' dir='ltr'><strong>patrem</strong></span> <span class='ocrx_word' id='word_1_384' title='bbox 3389 2558 3537 2608; x_wconf 80' lang='lat' dir='ltr'><strong>esse.</strong></span> 
     </span>
    </p>
   </div>
   <div class='ocr_carea' id='block_1_53' title="bbox 1973 2634 3527 2704">
    <p class='ocr_par' dir='ltr' id='par_1_53' title="bbox 1973 2634 3527 2704">
     <span class='ocr_line' id='line_1_53' title="bbox 1973 2634 3527 2704; baseline -0.002 -12"><span class='ocrx_word' id='word_1_385' title='bbox 1973 2649 2100 2692; x_wconf 92' lang='lat' dir='ltr'><strong>tunc</strong></span> <span class='ocrx_word' id='word_1_386' title='bbox 2133 2637 2322 2691; x_wconf 89' lang='lat' dir='ltr'><strong>incidit</strong></span> <span class='ocrx_word' id='word_1_387' title='bbox 2369 2637 2526 2691; x_wconf 88' lang='lat' dir='ltr'><strong>nobis</strong></span> <span class='ocrx_word' id='word_1_388' title='bbox 2556 2634 2778 2691; x_wconf 66' lang='lat' dir='ltr'><strong>allectus</strong></span> <span class='ocrx_word' id='word_1_389' title='bbox 2810 2637 3106 2704; x_wconf 76' lang='lat' dir='ltr'><strong>cogitatio:</strong></span> <span class='ocrx_word' id='word_1_390' title='bbox 3147 2645 3203 2688; x_wconf 91' lang='lat' dir='ltr'><strong>at</strong></span> <span class='ocrx_word' id='word_1_391' title='bbox 3250 2651 3380 2691; x_wconf 78' lang='lat' dir='ltr'><strong>vero</strong></span> <span class='ocrx_word' id='word_1_392' title='bbox 3405 2652 3527 2691; x_wconf 82' lang='lat' dir='ltr'><strong>eum</strong></span> 
     </span>
    </p>
   </div>
   <div class='ocr_carea' id='block_1_54' title="bbox 1973 2725 3536 2796">
    <p class='ocr_par' dir='ltr' id='par_1_54' title="bbox 1973 2725 3536 2796">
     <span class='ocr_line' id='line_1_54' title="bbox 1973 2725 3536 2796; baseline 0.001 -16"><span class='ocrx_word' id='word_1_393' title='bbox 1973 2725 2140 2781; x_wconf 89' lang='lat' dir='ltr'><strong>Deum</strong></span> <span class='ocrx_word' id='word_1_394' title='bbox 2169 2725 2403 2791; x_wconf 83' lang='lat' dir='ltr'><strong>Patrem,</strong></span> <span class='ocrx_word' id='word_1_395' title='bbox 2429 2736 2540 2782; x_wconf 93' lang='lat' dir='ltr'><strong>tum</strong></span> <span class='ocrx_word' id='word_1_396' title='bbox 2569 2727 2636 2780; x_wconf 89' lang='lat' dir='ltr'><strong>ad</strong></span> <span class='ocrx_word' id='word_1_397' title='bbox 2665 2728 3051 2796; x_wconf 72' lang='lat' dir='ltr'><strong>impassiliilem</strong></span> <span class='ocrx_word' id='word_1_398' title='bbox 3085 2742 3303 2782; x_wconf 84' lang='lat' dir='ltr'><strong>causam</strong></span> <span class='ocrx_word' id='word_1_399' title='bbox 3353 2739 3536 2782; x_wconf 82' lang='lat' dir='ltr'><strong>mento</strong></span> 
     </span>
    </p>
   </div>
   <div class='ocr_carea' id='block_1_55' title="bbox 1976 2821 3540 2891">
    <p class='ocr_par' dir='ltr' id='par_1_55' title="bbox 1976 2821 3540 2891">
     <span class='ocr_line' id='line_1_55' title="bbox 1976 2821 3540 2891; baseline 0.003 -17"><span class='ocrx_word' id='word_1_400' title='bbox 1976 2821 2297 2876; x_wconf 87' lang='lat' dir='ltr'><strong>attollimur.</strong></span> <span class='ocrx_word' id='word_1_401' title='bbox 2325 2821 2619 2876; x_wconf 83' lang='lat' dir='ltr'><strong>Eunomius</strong></span> <span class='ocrx_word' id='word_1_402' title='bbox 2649 2831 2827 2878; x_wconf 89' lang='lat' dir='ltr'><strong>autem</strong></span> <span class='ocrx_word' id='word_1_403' title='bbox 2861 2822 2998 2876; x_wconf 88' lang='lat' dir='ltr'><strong>hanc</strong></span> <span class='ocrx_word' id='word_1_404' title='bbox 3029 2822 3440 2891; x_wconf 80' lang='lat' dir='ltr'><strong>appellationem</strong></span> <span class='ocrx_word' id='word_1_405' title='bbox 3472 2822 3540 2878; x_wconf 73' lang='lat' dir='ltr'><strong>de</strong></span> 
     </span>
    </p>
   </div>
   <div class='ocr_carea' id='block_1_56' title="bbox 1978 2911 3534 2982">
    <p class='ocr_par' dir='ltr' id='par_1_56' title="bbox 1978 2911 3534 2982">
     <span class='ocr_line' id='line_1_56' title="bbox 1978 2911 3534 2982; baseline 0.001 -18"><span class='ocrx_word' id='word_1_406' title='bbox 1978 2911 2212 2979; x_wconf 87' lang='lat' dir='ltr'><strong>subjecta</strong></span> <span class='ocrx_word' id='word_1_407' title='bbox 2275 2911 2649 2966; x_wconf 85' lang='lat' dir='ltr'><strong>atl&#39;ectionibus</strong></span> <span class='ocrx_word' id='word_1_408' title='bbox 2717 2924 2905 2967; x_wconf 85' lang='lat' dir='ltr'><strong>natura</strong></span> <span class='ocrx_word' id='word_1_409' title='bbox 2968 2915 3214 2982; x_wconf 85' lang='lat' dir='ltr'><strong>accipere</strong></span> <span class='ocrx_word' id='word_1_410' title='bbox 3267 2922 3534 2977; x_wconf 68' lang='lat' dir='ltr'><strong>assuetus,</strong></span> 
     </span>
    </p>
   </div>
   <div class='ocr_carea' id='block_1_57' title="bbox 1979 3003 3539 3074">
    <p class='ocr_par' dir='ltr' id='par_1_57' title="bbox 1979 3003 3539 3074">
     <span class='ocr_line' id='line_1_57' title="bbox 1979 3003 3539 3074; baseline 0.001 -19"><span class='ocrx_word' id='word_1_411' title='bbox 1979 3005 2120 3074; x_wconf 87' lang='lat' dir='ltr'><strong>quod</strong></span> <span class='ocrx_word' id='word_1_412' title='bbox 2157 3003 2379 3058; x_wconf 88' lang='lat' dir='ltr'><strong>rationis</strong></span> <span class='ocrx_word' id='word_1_413' title='bbox 2405 3004 2524 3071; x_wconf 78' lang='lat' dir='ltr'><strong>ejus</strong></span> <span class='ocrx_word' id='word_1_414' title='bbox 2560 3011 2773 3072; x_wconf 81' lang='lat' dir='ltr'><strong>captum</strong></span> <span class='ocrx_word' id='word_1_415' title='bbox 2819 3013 3058 3074; x_wconf 81' lang='lat' dir='ltr'><strong>superat,</strong></span> <span class='ocrx_word' id='word_1_416' title='bbox 3108 3005 3158 3056; x_wconf 86' lang='lat' dir='ltr'><strong>id</strong></span> <span class='ocrx_word' id='word_1_417' title='bbox 3195 3013 3253 3056; x_wconf 95' lang='lat' dir='ltr'><strong>ut</strong></span> <span class='ocrx_word' id='word_1_418' title='bbox 3288 3003 3539 3072; x_wconf 85' lang='lat' dir='ltr'><strong>impossi-</strong></span> 
     </span>
    </p>
   </div>
   <div class='ocr_carea' id='block_1_58' title="bbox 297 3089 1870 3172">
    <p class='ocr_par' dir='ltr' id='par_1_58' title="bbox 297 3089 1870 3166">
     <span class='ocr_line' id='line_1_58' title="bbox 297 3089 1870 3166; baseline 0.001 -20"><span class='ocrx_word' id='word_1_419' title='bbox 297 3089 558 3146; x_wconf 78' lang='grc' dir='ltr'>ἀδύνατον</span> <span class='ocrx_word' id='word_1_420' title='bbox 591 3093 936 3164; x_wconf 87' lang='grc' dir='ltr'>ἀπαρνεῖται.</span> <span class='ocrx_word' id='word_1_421' title='bbox 971 3094 1045 3146; x_wconf 85' lang='grc' dir='ltr'><strong>Οὐ</strong></span> <span class='ocrx_word' id='word_1_422' title='bbox 1079 3093 1208 3164; x_wconf 77' lang='grc' dir='ltr'>γὰρ,</span> <span class='ocrx_word' id='word_1_423' title='bbox 1239 3093 1316 3165; x_wconf 81' lang='grc' dir='ltr'>τῷ</span> <span class='ocrx_word' id='word_1_424' title='bbox 1349 3093 1511 3148; x_wconf 85' lang='grc' dir='ltr'>πάθει</span> <span class='ocrx_word' id='word_1_425' title='bbox 1557 3094 1666 3148; x_wconf 83' lang='grc' dir='ltr'><strong>τῶν</strong></span> <span class='ocrx_word' id='word_1_426' title='bbox 1699 3094 1870 3166; x_wconf 76' lang='grc' dir='ltr'>φθαρ-</span> 
     </span>
    </p>
   </div>
   <div class='ocr_carea' id='block_1_59' title="bbox 1979 3089 3539 3172">
    <p class='ocr_par' dir='ltr' id='par_1_59' title="bbox 1979 3094 3539 3166">
     <span class='ocr_line' id='line_1_59' title="bbox 1979 3094 3539 3166; baseline 0 -16"><span class='ocrx_word' id='word_1_427' title='bbox 1979 3095 2084 3150; x_wconf 90' lang='lat' dir='ltr'><strong>bile</strong></span> <span class='ocrx_word' id='word_1_428' title='bbox 2122 3104 2403 3165; x_wconf 82' lang='lat' dir='ltr'><strong>pernegat.</strong></span> <span class='ocrx_word' id='word_1_429' title='bbox 2453 3094 2567 3149; x_wconf 80' lang='lat' dir='ltr'><strong>Non</strong></span> <span class='ocrx_word' id='word_1_430' title='bbox 2615 3096 2759 3151; x_wconf 89' lang='lat' dir='ltr'><strong>enim</strong></span> <span class='ocrx_word' id='word_1_431' title='bbox 2798 3111 2896 3166; x_wconf 86' lang='lat' dir='ltr'><strong>par</strong></span> <span class='ocrx_word' id='word_1_432' title='bbox 2929 3107 3043 3150; x_wconf 85' lang='lat' dir='ltr'><strong>erat</strong></span> <span class='ocrx_word' id='word_1_433' title='bbox 3077 3110 3229 3162; x_wconf 88' lang='lat' dir='ltr'><strong>eum,</strong></span> <span class='ocrx_word' id='word_1_434' title='bbox 3273 3098 3539 3165; x_wconf 82' lang='lat' dir='ltr'><strong>corrupti-</strong></span> 
     </span>
    </p>
   </div>
   <div class='ocr_carea' id='block_1_60' title="bbox 295 3183 1875 3258">
    <p class='ocr_par' dir='ltr' id='par_1_60' title="bbox 295 3183 1875 3258">
     <span class='ocr_line' id='line_1_60' title="bbox 295 3183 1875 3258; baseline 0.002 -21"><span class='ocrx_word' id='word_1_435' title='bbox 295 3185 407 3237; x_wconf 82' lang='grc' dir='ltr'><strong>τῶν</strong></span> <span class='ocrx_word' id='word_1_436' title='bbox 456 3185 815 3256; x_wconf 84' lang='grc' dir='ltr'>προσέχοντα,</span> <span class='ocrx_word' id='word_1_437' title='bbox 857 3189 924 3258; x_wconf 82' lang='grc' dir='ltr'>τῇ</span> <span class='ocrx_word' id='word_1_438' title='bbox 979 3183 1216 3256; x_wconf 78' lang='grc' dir='ltr'>ἀπαθείᾳ</span> <span class='ocrx_word' id='word_1_439' title='bbox 1277 3183 1370 3239; x_wconf 76' lang='grc' dir='ltr'>τοῦ</span> <span class='ocrx_word' id='word_1_440' title='bbox 1429 3185 1564 3240; x_wconf 80' lang='grc' dir='ltr'>Θεοῦ</span> <span class='ocrx_word' id='word_1_441' title='bbox 1626 3189 1875 3241; x_wconf 84' lang='grc' dir='ltr'>ἀπιστεῖν</span> 
     </span>
    </p>
   </div>
   <div class='ocr_carea' id='block_1_61' title="bbox 299 3275 1876 3349">
    <p class='ocr_par' dir='ltr' id='par_1_61' title="bbox 299 3275 1876 3349">
     <span class='ocr_line' id='line_1_61' title="bbox 299 3275 1876 3349; baseline 0.004 -21"><span class='ocrx_word' id='word_1_442' title='bbox 299 3275 596 3346; x_wconf 86' lang='grc' dir='ltr'>προσῆκεν,</span> <span class='ocrx_word' id='word_1_443' title='bbox 638 3275 776 3340; x_wconf 78' lang='grc' dir='ltr'>οὐδὲ,</span> <span class='ocrx_word' id='word_1_444' title='bbox 806 3279 870 3347; x_wconf 83' lang='grc' dir='ltr'>τῇ</span> <span class='ocrx_word' id='word_1_445' title='bbox 912 3279 1108 3347; x_wconf 76' lang='grc' dir='ltr'>ῥευστῇ</span> <span class='ocrx_word' id='word_1_446' title='bbox 1151 3276 1307 3346; x_wconf 79' lang='grc' dir='ltr'>φύσει.</span> <span class='ocrx_word' id='word_1_447' title='bbox 1339 3279 1433 3331; x_wconf 73' lang='grc' dir='ltr'><strong>καὶ</strong></span> <span class='ocrx_word' id='word_1_448' title='bbox 1473 3279 1695 3349; x_wconf 86' lang='grc' dir='ltr'>μυρίαις</span> <span class='ocrx_word' id='word_1_449' title='bbox 1744 3279 1876 3334; x_wconf 84' lang='grc' dir='ltr'>ὑπο-</span> 
     </span>
    </p>
   </div>
   <div class='ocr_carea' id='block_1_62' title="bbox 302 3367 1876 3440">
    <p class='ocr_par' dir='ltr' id='par_1_62' title="bbox 302 3367 1876 3440">
     <span class='ocr_line' id='line_1_62' title="bbox 302 3367 1876 3440; baseline 0.001 -20"><span class='ocrx_word' id='word_1_450' title='bbox 302 3367 532 3440; x_wconf 75' lang='grc' dir='ltr'>κειμένῃ</span> <span class='ocrx_word' id='word_1_451' title='bbox 568 3367 916 3438; x_wconf 73' lang='grc' dir='ltr'>μεταϐολαῖς,</span> <span class='ocrx_word' id='word_1_452' title='bbox 947 3368 1046 3439; x_wconf 81' lang='grc' dir='ltr'>τὴν</span> <span class='ocrx_word' id='word_1_453' title='bbox 1079 3369 1343 3440; x_wconf 85' lang='grc' dir='ltr'>ἄτρεπτον</span> <span class='ocrx_word' id='word_1_454' title='bbox 1380 3371 1475 3424; x_wconf 75' lang='grc' dir='ltr'>καὶ</span> <span class='ocrx_word' id='word_1_455' title='bbox 1525 3370 1876 3424; x_wconf 77' lang='grc' dir='ltr'>ἀναλλοίωτον</span> 
     </span>
    </p>
   </div>
   <div class='ocr_carea' id='block_1_63' title="bbox 297 3459 1877 3534">
    <p class='ocr_par' dir='ltr' id='par_1_63' title="bbox 297 3459 1877 3534">
     <span class='ocr_line' id='line_1_63' title="bbox 297 3459 1877 3534; baseline 0.001 -19"><span class='ocrx_word' id='word_1_456' title='bbox 297 3461 485 3516; x_wconf 71' lang='grc' dir='ltr'>οὐσίαν</span> <span class='ocrx_word' id='word_1_457' title='bbox 517 3459 883 3532; x_wconf 77' lang='grc' dir='ltr'>παρατιθέντα</span> <span class='ocrx_word' id='word_1_458' title='bbox 917 3461 1046 3530; x_wconf 88' lang='lat'><strong>(70).</strong></span> <span class='ocrx_word' id='word_1_459' title='bbox 1093 3463 1229 3532; x_wconf 63' lang='grc' dir='ltr'><strong>Μτβ</strong></span> <span class='ocrx_word' id='word_1_460' title='bbox 1252 3463 1332 3515; x_wconf 84' lang='grc' dir='ltr'><strong>ὅτι</strong></span> <span class='ocrx_word' id='word_1_461' title='bbox 1357 3463 1424 3516; x_wconf 62' lang='grc' dir='ltr'><strong>τι</strong></span> <span class='ocrx_word' id='word_1_462' title='bbox 1452 3462 1623 3534; x_wconf 89' lang='grc' dir='ltr'>θνητὰ</span> <span class='ocrx_word' id='word_1_463' title='bbox 1653 3462 1765 3528; x_wconf 81' lang='grc' dir='ltr'>ζῶα</span> <span class='ocrx_word' id='word_1_464' title='bbox 1793 3463 1877 3516; x_wconf 76' lang='grc' dir='ltr'><strong>διὰ</strong></span> 
     </span>
    </p>
   </div>
   <div class='ocr_carea' id='block_1_64' title="bbox 302 3552 1872 3626">
    <p class='ocr_par' dir='ltr' id='par_1_64' title="bbox 302 3552 1872 3626">
     <span class='ocr_line' id='line_1_64' title="bbox 302 3552 1872 3626; baseline 0.002 -20"><span class='ocrx_word' id='word_1_465' title='bbox 302 3552 507 3617; x_wconf 80' lang='grc' dir='ltr'>πάθους</span> <span class='ocrx_word' id='word_1_466' title='bbox 555 3555 746 3624; x_wconf 84' lang='grc' dir='ltr'>γεννᾷ,</span> <span class='ocrx_word' id='word_1_467' title='bbox 791 3554 885 3607; x_wconf 77' lang='grc' dir='ltr'><strong>καὶ</strong></span> <span class='ocrx_word' id='word_1_468' title='bbox 924 3553 1016 3607; x_wconf 88' lang='grc' dir='ltr'><strong>τὸν</strong></span> <span class='ocrx_word' id='word_1_469' title='bbox 1050 3554 1181 3608; x_wconf 85' lang='grc' dir='ltr'>Θεὸν</span> <span class='ocrx_word' id='word_1_470' title='bbox 1216 3557 1389 3626; x_wconf 76' lang='grc' dir='ltr'>ἐχρῆν</span> <span class='ocrx_word' id='word_1_471' title='bbox 1418 3555 1590 3619; x_wconf 75' lang='grc' dir='ltr'>οὕτως</span> <span class='ocrx_word' id='word_1_472' title='bbox 1637 3557 1872 3610; x_wconf 75' lang='grc' dir='ltr'>οἴεσθαι’</span> 
     </span>
    </p>
   </div>
   <div class='ocr_carea' id='block_1_65' title="bbox 301 3646 1876 3721">
    <p class='ocr_par' dir='ltr' id='par_1_65' title="bbox 301 3646 1876 3721">
     <span class='ocr_line' id='line_1_65' title="bbox 301 3646 1876 3721; baseline 0.002 -21"><span class='ocrx_word' id='word_1_473' title='bbox 301 3647 422 3700; x_wconf 84' lang='grc' dir='ltr'>ἀλλ’</span> <span class='ocrx_word' id='word_1_474' title='bbox 447 3646 695 3700; x_wconf 76' lang='grc' dir='ltr'>ἐντεῦθεν</span> <span class='ocrx_word' id='word_1_475' title='bbox 729 3647 927 3718; x_wconf 84' lang='grc' dir='ltr'>μᾶλλον</span> <span class='ocrx_word' id='word_1_476' title='bbox 954 3649 1262 3719; x_wconf 79' lang='grc' dir='ltr'>ὀδηγεῖσθαι</span> <span class='ocrx_word' id='word_1_477' title='bbox 1295 3649 1431 3721; x_wconf 86' lang='grc' dir='ltr'>πρὸς</span> <span class='ocrx_word' id='word_1_478' title='bbox 1462 3649 1558 3720; x_wconf 82' lang='grc' dir='ltr'>τὴν</span> <span class='ocrx_word' id='word_1_479' title='bbox 1588 3649 1876 3719; x_wconf 78' lang='grc' dir='ltr'><strong>ἀλήθειαν⁸</strong></span> 
     </span>
    </p>
   </div>
   <div class='ocr_carea' id='block_1_66' title="bbox 303 3740 1876 3813">
    <p class='ocr_par' dir='ltr' id='par_1_66' title="bbox 303 3740 1876 3813">
     <span class='ocr_line' id='line_1_66' title="bbox 303 3740 1876 3813; baseline 0.001 -20"><span class='ocrx_word' id='word_1_480' title='bbox 303 3742 411 3806; x_wconf 86' lang='grc' dir='ltr'>ὅτι,</span> <span class='ocrx_word' id='word_1_481' title='bbox 444 3741 633 3810; x_wconf 79' lang='grc' dir='ltr'>ἐπειδὴ</span> <span class='ocrx_word' id='word_1_482' title='bbox 665 3740 732 3794; x_wconf 76' lang='grc' dir='ltr'>τὰ</span> <span class='ocrx_word' id='word_1_483' title='bbox 762 3740 977 3813; x_wconf 81' lang='grc' dir='ltr'>φθαρτὰ</span> <span class='ocrx_word' id='word_1_484' title='bbox 1013 3742 1206 3805; x_wconf 73' lang='grc' dir='ltr'>οὔτως,</span> <span class='ocrx_word' id='word_1_485' title='bbox 1235 3744 1264 3793; x_wconf 82' lang='lat'><strong>6</strong></span> <span class='ocrx_word' id='word_1_486' title='bbox 1297 3741 1572 3812; x_wconf 66' lang='grc' dir='ltr'>ἄφθαρτος</span> <span class='ocrx_word' id='word_1_487' title='bbox 1600 3743 1876 3805; x_wconf 74' lang='grc' dir='ltr'>ἐναντίως.</span> 
     </span>
    </p>
   </div>
   <div class='ocr_carea' id='block_1_67' title="bbox 305 3831 1881 3904">
    <p class='ocr_par' dir='ltr' id='par_1_67' title="bbox 305 3831 1881 3904">
     <span class='ocr_line' id='line_1_67' title="bbox 305 3831 1881 3904; baseline 0.001 -20"><span class='ocrx_word' id='word_1_488' title='bbox 305 3833 418 3884; x_wconf 74' lang='grc' dir='ltr'>Καὶ</span> <span class='ocrx_word' id='word_1_489' title='bbox 453 3833 559 3903; x_wconf 77' lang='grc' dir='ltr'>μὴν</span> <span class='ocrx_word' id='word_1_490' title='bbox 614 3832 733 3885; x_wconf 79' lang='grc' dir='ltr'>οὐδὲ</span> <span class='ocrx_word' id='word_1_491' title='bbox 767 3832 944 3886; x_wconf 80' lang='grc' dir='ltr'>ἐκεῖνὸ</span> <span class='ocrx_word' id='word_1_492' title='bbox 981 3850 1044 3902; x_wconf 88' lang='grc' dir='ltr'><strong>γε</strong></span> <span class='ocrx_word' id='word_1_493' title='bbox 1092 3832 1157 3886; x_wconf 83' lang='grc' dir='ltr'>ἂν</span> <span class='ocrx_word' id='word_1_494' title='bbox 1206 3833 1367 3893; x_wconf 72' lang='grc' dir='ltr'>εἴποι,</span> <span class='ocrx_word' id='word_1_495' title='bbox 1419 3833 1494 3894; x_wconf 86' lang='grc' dir='ltr'>ὼς</span> <span class='ocrx_word' id='word_1_496' title='bbox 1540 3831 1742 3904; x_wconf 87' lang='grc' dir='ltr'>κυρίως</span> <span class='ocrx_word' id='word_1_497' title='bbox 1787 3835 1881 3886; x_wconf 77' lang='grc' dir='ltr'><strong>καὶ</strong></span> 
     </span>
    </p>
   </div>
   <div class='ocr_carea' id='block_1_68' title="bbox 304 3922 1880 3996">
    <p class='ocr_par' dir='ltr' id='par_1_68' title="bbox 304 3922 1880 3996">
     <span class='ocr_line' id='line_1_68' title="bbox 304 3922 1880 3996; baseline 0 -18"><span class='ocrx_word' id='word_1_498' title='bbox 304 3922 539 3996; x_wconf 74' lang='grc' dir='ltr'>πρώτως</span> <span class='ocrx_word' id='word_1_499' title='bbox 590 3925 682 3978; x_wconf 76' lang='grc' dir='ltr'><strong>ἐπὶ</strong></span> <span class='ocrx_word' id='word_1_500' title='bbox 727 3923 835 3978; x_wconf 89' lang='grc' dir='ltr'><strong>τῶν</strong></span> <span class='ocrx_word' id='word_1_501' title='bbox 873 3923 1174 3996; x_wconf 85' lang='grc' dir='ltr'>ἀνθρώπων</span> <span class='ocrx_word' id='word_1_502' title='bbox 1215 3924 1567 3994; x_wconf 79' lang='grc' dir='ltr'>τεταγμένων</span> <span class='ocrx_word' id='word_1_503' title='bbox 1611 3924 1720 3978; x_wconf 87' lang='grc' dir='ltr'><strong>τῶν</strong></span> <span class='ocrx_word' id='word_1_504' title='bbox 1759 3925 1880 3978; x_wconf 84' lang='grc' dir='ltr'>ὀνο-</span> 
     </span>
    </p>
   </div>
   <div class='ocr_carea' id='block_1_69' title="bbox 311 4016 1880 4089">
    <p class='ocr_par' dir='ltr' id='par_1_69' title="bbox 311 4016 1880 4089">
     <span class='ocr_line' id='line_1_69' title="bbox 311 4016 1880 4089; baseline -0.001 -19"><span class='ocrx_word' id='word_1_505' title='bbox 311 4018 498 4087; x_wconf 82' lang='grc' dir='ltr'>μάτων</span> <span class='ocrx_word' id='word_1_506' title='bbox 521 4017 744 4079; x_wconf 74' lang='grc' dir='ltr'>τούτων,</span> <span class='ocrx_word' id='word_1_507' title='bbox 767 4017 1216 4089; x_wconf 82' lang='grc' dir='ltr'>καταχρηστικῶς</span> <span class='ocrx_word' id='word_1_508' title='bbox 1238 4017 1399 4088; x_wconf 74' lang='grc' dir='ltr'>ἡμεῖς</span> <span class='ocrx_word' id='word_1_509' title='bbox 1422 4017 1742 4087; x_wconf 81' lang='grc' dir='ltr'>ὲπιλέγομεν</span> <span class='ocrx_word' id='word_1_510' title='bbox 1766 4016 1880 4085; x_wconf 82' lang='grc'><strong>(71)</strong></span> 
     </span>
    </p>
   </div>
   <div class='ocr_carea' id='block_1_70' title="bbox 308 4105 1879 4180">
    <p class='ocr_par' dir='ltr' id='par_1_70' title="bbox 308 4105 1879 4180">
     <span class='ocr_line' id='line_1_70' title="bbox 308 4105 1879 4180; baseline -0.001 -20"><span class='ocrx_word' id='word_1_511' title='bbox 308 4108 388 4178; x_wconf 79' lang='grc' dir='ltr'><strong>τῷ</strong></span> <span class='ocrx_word' id='word_1_512' title='bbox 416 4108 554 4177; x_wconf 81' lang='grc' dir='ltr'>Θεῷ.</span> <span class='ocrx_word' id='word_1_513' title='bbox 597 4109 654 4160; x_wconf 88' lang='lat'><strong>&#39;0</strong></span> <span class='ocrx_word' id='word_1_514' title='bbox 686 4111 794 4180; x_wconf 88' lang='grc' dir='ltr'><strong>γάρ</strong></span> <span class='ocrx_word' id='word_1_515' title='bbox 824 4127 904 4162; x_wconf 92' lang='grc' dir='ltr'><strong>τοι</strong></span> <span class='ocrx_word' id='word_1_516' title='bbox 951 4109 1150 4178; x_wconf 77' lang='grc' dir='ltr'>Κύριος</span> <span class='ocrx_word' id='word_1_517' title='bbox 1194 4107 1350 4177; x_wconf 69' lang='grc' dir='ltr'>ἡμῶν</span> <span class='ocrx_word' id='word_1_518' title='bbox 1387 4105 1593 4177; x_wconf 82' lang='grc' dir='ltr'>Ἰησοῦς</span> <span class='ocrx_word' id='word_1_519' title='bbox 1625 4107 1879 4176; x_wconf 75' lang='grc' dir='ltr'>Χριστὸς,</span> 
     </span>
    </p>
   </div>
   <div class='ocr_carea' id='block_1_71' title="bbox 309 4199 1882 4274">
    <p class='ocr_par' dir='ltr' id='par_1_71' title="bbox 309 4199 1882 4274">
     <span class='ocr_line' id='line_1_71' title="bbox 309 4199 1882 4274; baseline -0.001 -21"><span class='ocrx_word' id='word_1_520' title='bbox 309 4204 446 4272; x_wconf 78' lang='grc' dir='ltr'>πρὸς</span> <span class='ocrx_word' id='word_1_521' title='bbox 479 4202 577 4272; x_wconf 81' lang='grc' dir='ltr'>τὴν</span> <span class='ocrx_word' id='word_1_522' title='bbox 612 4202 840 4255; x_wconf 82' lang='grc' dir='ltr'>πάντων</span> <span class='ocrx_word' id='word_1_523' title='bbox 875 4203 1048 4274; x_wconf 78' lang='grc' dir='ltr'>ἀρχὴν</span> <span class='ocrx_word' id='word_1_524' title='bbox 1091 4202 1185 4254; x_wconf 72' lang='grc' dir='ltr'><strong>καὶ</strong></span> <span class='ocrx_word' id='word_1_525' title='bbox 1219 4201 1317 4270; x_wconf 73' lang='grc' dir='ltr'>τὴν</span> <span class='ocrx_word' id='word_1_526' title='bbox 1348 4199 1518 4270; x_wconf 82' lang='grc' dir='ltr'>ἀληθῆ</span> <span class='ocrx_word' id='word_1_527' title='bbox 1564 4199 1673 4252; x_wconf 86' lang='grc' dir='ltr'><strong>τῶν</strong></span> <span class='ocrx_word' id='word_1_528' title='bbox 1714 4199 1882 4252; x_wconf 79' lang='grc' dir='ltr'>ὄντων</span> 
     </span>
    </p>
   </div>
   <div class='ocr_carea' id='block_1_72' title="bbox 307 4289 1876 4363">
    <p class='ocr_par' dir='ltr' id='par_1_72' title="bbox 307 4289 1876 4363">
     <span class='ocr_line' id='line_1_72' title="bbox 307 4289 1876 4363; baseline -0.001 -19"><span class='ocrx_word' id='word_1_529' title='bbox 307 4293 490 4345; x_wconf 80' lang='grc' dir='ltr'>αἰτίαν</span> <span class='ocrx_word' id='word_1_530' title='bbox 537 4294 824 4360; x_wconf 82' lang='grc' dir='ltr'>ἐπανάγων</span> <span class='ocrx_word' id='word_1_531' title='bbox 868 4295 1035 4363; x_wconf 81' lang='grc' dir='ltr'>ἡμᾶς,</span> <span class='ocrx_word' id='word_1_532' title='bbox 1077 4291 1275 4361; x_wconf 81' lang='grc' dir='ltr'>Ὑμεῖς</span> <span class='ocrx_word' id='word_1_533' title='bbox 1317 4290 1384 4344; x_wconf 84' lang='grc' dir='ltr'><strong>δὲ</strong></span> <span class='ocrx_word' id='word_1_534' title='bbox 1424 4289 1511 4359; x_wconf 79' lang='grc' dir='ltr'>μὴ</span> <span class='ocrx_word' id='word_1_535' title='bbox 1560 4289 1876 4356; x_wconf 76' lang='grc' dir='ltr'>καλέσητε,</span> 
     </span>
    </p>
   </div>
   <div class='ocr_carea' id='block_1_73' title="bbox 311 4373 1880 4453">
    <p class='ocr_par' dir='ltr' id='par_1_73' title="bbox 311 4373 1880 4453">
     <span class='ocr_line' id='line_1_73' title="bbox 311 4373 1880 4453; baseline -0.002 -20"><span class='ocrx_word' id='word_1_536' title='bbox 311 4382 464 4453; x_wconf 71' lang='grc' dir='ltr'>φησι,</span> <span class='ocrx_word' id='word_1_537' title='bbox 507 4382 732 4450; x_wconf 81' lang='grc' dir='ltr'>πατέρα</span> <span class='ocrx_word' id='word_1_538' title='bbox 788 4381 952 4450; x_wconf 84' lang='grc' dir='ltr'>ὑμῶν</span> <span class='ocrx_word' id='word_1_539' title='bbox 1002 4381 1099 4434; x_wconf 78' lang='grc' dir='ltr'><strong>ἐπὶ</strong></span> <span class='ocrx_word' id='word_1_540' title='bbox 1153 4379 1263 4449; x_wconf 82' lang='grc' dir='ltr'><strong>τῆς</strong></span> <span class='ocrx_word' id='word_1_541' title='bbox 1314 4379 1455 4449; x_wconf 78' lang='grc' dir='ltr'>τῆς·</span> <span class='ocrx_word' id='word_1_542' title='bbox 1485 4373 1572 4444; x_wconf 83' lang='grc' dir='ltr'>εἴς</span> <span class='ocrx_word' id='word_1_543' title='bbox 1608 4378 1718 4448; x_wconf 73' lang='grc' dir='ltr'><strong>γάρ</strong></span> <span class='ocrx_word' id='word_1_544' title='bbox 1751 4379 1880 4432; x_wconf 87' lang='grc' dir='ltr'>ἐστι</span> 
     </span>
    </p>
   </div>
   <div class='ocr_carea' id='block_1_74' title="bbox 1978 3185 3541 3258">
    <p class='ocr_par' dir='ltr' id='par_1_74' title="bbox 1978 3185 3541 3258">
     <span class='ocr_line' id='line_1_74' title="bbox 1978 3185 3541 3258; baseline 0.001 -16"><span class='ocrx_word' id='word_1_545' title='bbox 1978 3187 2163 3243; x_wconf 88' lang='lat' dir='ltr'><strong>bilium</strong></span> <span class='ocrx_word' id='word_1_546' title='bbox 2216 3185 2558 3242; x_wconf 81' lang='lat' dir='ltr'><strong>atl&#39;ectionem</strong></span> <span class='ocrx_word' id='word_1_547' title='bbox 2617 3187 3024 3256; x_wconf 83' lang='lat' dir='ltr'><strong>attendentem,</strong></span> <span class='ocrx_word' id='word_1_548' title='bbox 3069 3198 3232 3258; x_wconf 87' lang='lat' dir='ltr'><strong>atque</strong></span> <span class='ocrx_word' id='word_1_549' title='bbox 3283 3189 3541 3244; x_wconf 77' lang='lat' dir='ltr'><strong>substan-</strong></span> 
     </span>
    </p>
   </div>
   <div class='ocr_carea' id='block_1_75' title="bbox 1978 3279 3542 3337">
    <p class='ocr_par' dir='ltr' id='par_1_75' title="bbox 1978 3279 3542 3337">
     <span class='ocr_line' id='line_1_75' title="bbox 1978 3279 3542 3337; baseline 0 -1"><span class='ocrx_word' id='word_1_550' title='bbox 1978 3282 2107 3336; x_wconf 86' lang='lat' dir='ltr'><strong>tiam</strong></span> <span class='ocrx_word' id='word_1_551' title='bbox 2153 3279 2542 3336; x_wconf 89' lang='lat' dir='ltr'><strong>immutabilem</strong></span> <span class='ocrx_word' id='word_1_552' title='bbox 2593 3296 2659 3336; x_wconf 87' lang='lat' dir='ltr'><strong>ac</strong></span> <span class='ocrx_word' id='word_1_553' title='bbox 2697 3280 3089 3336; x_wconf 86' lang='lat' dir='ltr'><strong>inalterabilem</strong></span> <span class='ocrx_word' id='word_1_554' title='bbox 3139 3292 3345 3337; x_wconf 75' lang='lat' dir='ltr'><strong>natura:</strong></span> <span class='ocrx_word' id='word_1_555' title='bbox 3385 3279 3542 3336; x_wconf 63' lang='lat' dir='ltr'><strong>ﬂuxa</strong></span> 
     </span>
    </p>
   </div>
   <div class='ocr_carea' id='block_1_76' title="bbox 1977 3370 3539 3440">
    <p class='ocr_par' dir='ltr' id='par_1_76' title="bbox 1977 3370 3539 3440">
     <span class='ocr_line' id='line_1_76' title="bbox 1977 3370 3539 3440; baseline -0.001 -17"><span class='ocrx_word' id='word_1_556' title='bbox 1977 3383 2032 3424; x_wconf 88' lang='lat' dir='ltr'><strong>et</strong></span> <span class='ocrx_word' id='word_1_557' title='bbox 2071 3370 2374 3425; x_wconf 84' lang='lat' dir='ltr'><strong>innumeris</strong></span> <span class='ocrx_word' id='word_1_558' title='bbox 2408 3370 2796 3425; x_wconf 88' lang='lat' dir='ltr'><strong>mutationibus</strong></span> <span class='ocrx_word' id='word_1_559' title='bbox 2827 3371 3074 3426; x_wconf 68' lang='lat' dir='ltr'><strong>obnoxiae</strong></span> <span class='ocrx_word' id='word_1_560' title='bbox 3111 3381 3539 3440; x_wconf 83' lang='lat' dir='ltr'><strong>comparantem,</strong></span> 
     </span>
    </p>
   </div>
   <div class='ocr_carea' id='block_1_77' title="bbox 1979 3459 3544 3518">
    <p class='ocr_par' dir='ltr' id='par_1_77' title="bbox 1979 3459 3544 3518">
     <span class='ocr_line' id='line_1_77' title="bbox 1979 3459 3544 3518; baseline 0.003 -5"><span class='ocrx_word' id='word_1_561' title='bbox 1979 3459 2144 3514; x_wconf 89' lang='lat' dir='ltr'><strong>Deum</strong></span> <span class='ocrx_word' id='word_1_562' title='bbox 2201 3476 2304 3514; x_wconf 90' lang='lat' dir='ltr'><strong>non</strong></span> <span class='ocrx_word' id='word_1_563' title='bbox 2361 3462 2582 3516; x_wconf 89' lang='lat' dir='ltr'><strong>credere</strong></span> <span class='ocrx_word' id='word_1_564' title='bbox 2645 3461 3016 3516; x_wconf 68' lang='lat' dir='ltr'><strong>aliectionibus</strong></span> <span class='ocrx_word' id='word_1_565' title='bbox 3069 3464 3378 3518; x_wconf 87' lang='lat' dir='ltr'><strong>immunem.</strong></span> <span class='ocrx_word' id='word_1_566' title='bbox 3433 3462 3544 3518; x_wconf 82' lang='lat' dir='ltr'><strong>Nec</strong></span> 
     </span>
    </p>
   </div>
   <div class='ocr_carea' id='block_1_78' title="bbox 1978 3550 3534 3623">
    <p class='ocr_par' dir='ltr' id='par_1_78' title="bbox 1978 3550 3534 3623">
     <span class='ocr_line' id='line_1_78' title="bbox 1978 3550 3534 3623; baseline 0 -19"><span class='ocrx_word' id='word_1_567' title='bbox 1978 3551 2230 3617; x_wconf 89' lang='lat' dir='ltr'><strong>quoniam</strong></span> <span class='ocrx_word' id='word_1_568' title='bbox 2271 3550 2518 3606; x_wconf 82' lang='lat' dir='ltr'><strong>mortalia</strong></span> <span class='ocrx_word' id='word_1_569' title='bbox 2549 3552 2799 3605; x_wconf 88' lang='lat' dir='ltr'><strong>animalia</strong></span> <span class='ocrx_word' id='word_1_570' title='bbox 2837 3566 2933 3622; x_wconf 91' lang='lat' dir='ltr'><strong>per</strong></span> <span class='ocrx_word' id='word_1_571' title='bbox 2968 3551 3214 3606; x_wconf 77' lang='lat' dir='ltr'><strong>allectum</strong></span> <span class='ocrx_word' id='word_1_572' title='bbox 3247 3563 3534 3623; x_wconf 81' lang='lat' dir='ltr'><strong>generant,</strong></span> 
     </span>
    </p>
   </div>
   <div class='ocr_carea' id='block_1_79' title="bbox 1979 3639 3544 3712">
    <p class='ocr_par' dir='ltr' id='par_1_79' title="bbox 1979 3639 3544 3712">
     <span class='ocr_line' id='line_1_79' title="bbox 1979 3639 3544 3712; baseline 0.002 -17"><span class='ocrx_word' id='word_1_573' title='bbox 1979 3642 2052 3696; x_wconf 91' lang='lat' dir='ltr'><strong>ita</strong></span> <span class='ocrx_word' id='word_1_574' title='bbox 2090 3655 2306 3710; x_wconf 82' lang='lat' dir='ltr'><strong>quoque</strong></span> <span class='ocrx_word' id='word_1_575' title='bbox 2355 3641 2424 3695; x_wconf 89' lang='lat' dir='ltr'><strong>de</strong></span> <span class='ocrx_word' id='word_1_576' title='bbox 2472 3639 2582 3697; x_wconf 86' lang='lat' dir='ltr'><strong>Deo</strong></span> <span class='ocrx_word' id='word_1_577' title='bbox 2630 3641 2834 3696; x_wconf 86' lang='lat' dir='ltr'><strong>sentire</strong></span> <span class='ocrx_word' id='word_1_578' title='bbox 2887 3643 3167 3712; x_wconf 85' lang='lat' dir='ltr'><strong>oportebat</strong></span> <span class='ocrx_word' id='word_1_579' title='bbox 3209 3659 3225 3694; x_wconf 91' lang='lat'><strong>:</strong></span> <span class='ocrx_word' id='word_1_580' title='bbox 3271 3643 3366 3698; x_wconf 72' lang='lat' dir='ltr'><strong>sed</strong></span> <span class='ocrx_word' id='word_1_581' title='bbox 3417 3642 3544 3698; x_wconf 81' lang='lat' dir='ltr'><strong>hinc</strong></span> 
     </span>
    </p>
   </div>
   <div class='ocr_carea' id='block_1_80' title="bbox 1979 3731 3543 3803">
    <p class='ocr_par' dir='ltr' id='par_1_80' title="bbox 1979 3731 3543 3803">
     <span class='ocr_line' id='line_1_80' title="bbox 1979 3731 3543 3803; baseline -0.002 -13"><span class='ocrx_word' id='word_1_582' title='bbox 1979 3735 2158 3800; x_wconf 68' lang='lat' dir='ltr'><strong>magis</strong></span> <span class='ocrx_word' id='word_1_583' title='bbox 2205 3734 2395 3789; x_wconf 85' lang='lat' dir='ltr'><strong>deduci</strong></span> <span class='ocrx_word' id='word_1_584' title='bbox 2430 3731 2500 3788; x_wconf 91' lang='lat' dir='ltr'><strong>ad</strong></span> <span class='ocrx_word' id='word_1_585' title='bbox 2550 3733 2855 3795; x_wconf 71' lang='lat' dir='ltr'><strong>verittem.</strong></span> <span class='ocrx_word' id='word_1_586' title='bbox 2897 3734 3038 3803; x_wconf 90' lang='lat' dir='ltr'><strong>quod</strong></span> <span class='ocrx_word' id='word_1_587' title='bbox 3070 3735 3320 3802; x_wconf 87' lang='lat' dir='ltr'><strong>quoniam</strong></span> <span class='ocrx_word' id='word_1_588' title='bbox 3357 3748 3543 3789; x_wconf 83' lang='lat' dir='ltr'><strong>corru-</strong></span> 
     </span>
    </p>
   </div>
   <div class='ocr_carea' id='block_1_81' title="bbox 1980 3824 3543 3897">
    <p class='ocr_par' dir='ltr' id='par_1_81' title="bbox 1980 3824 3543 3897">
     <span class='ocr_line' id='line_1_81' title="bbox 1980 3824 3543 3897; baseline 0.001 -18"><span class='ocrx_word' id='word_1_589' title='bbox 1980 3825 2184 3897; x_wconf 74' lang='lat' dir='ltr'><strong>ptibilis</strong></span> <span class='ocrx_word' id='word_1_590' title='bbox 2221 3825 2323 3881; x_wconf 87' lang='lat' dir='ltr'><strong>hoc</strong></span> <span class='ocrx_word' id='word_1_591' title='bbox 2352 3825 2534 3889; x_wconf 86' lang='lat' dir='ltr'><strong>modo,</strong></span> <span class='ocrx_word' id='word_1_592' title='bbox 2565 3824 2612 3880; x_wconf 87' lang='lat' dir='ltr'><strong>is</strong></span> <span class='ocrx_word' id='word_1_593' title='bbox 2649 3825 2742 3894; x_wconf 89' lang='lat' dir='ltr'><strong>qui</strong></span> <span class='ocrx_word' id='word_1_594' title='bbox 2781 3824 3208 3894; x_wconf 72' lang='lat' dir='ltr'><strong>incorruptitiilis</strong></span> <span class='ocrx_word' id='word_1_595' title='bbox 3235 3834 3340 3887; x_wconf 85' lang='lat' dir='ltr'><strong>est,</strong></span> <span class='ocrx_word' id='word_1_596' title='bbox 3386 3827 3543 3881; x_wconf 83' lang='lat' dir='ltr'><strong>modo</strong></span> 
     </span>
    </p>
   </div>
   <div class='ocr_carea' id='block_1_82' title="bbox 1980 3918 3542 3990">
    <p class='ocr_par' dir='ltr' id='par_1_82' title="bbox 1980 3918 3542 3990">
     <span class='ocr_line' id='line_1_82' title="bbox 1980 3918 3542 3990; baseline -0.003 -13"><span class='ocrx_word' id='word_1_597' title='bbox 1980 3921 2256 3977; x_wconf 87' lang='lat' dir='ltr'><strong>contrario</strong></span> <span class='ocrx_word' id='word_1_598' title='bbox 2303 3929 2545 3990; x_wconf 76' lang='lat' dir='ltr'><strong>generat.</strong></span> <span class='ocrx_word' id='word_1_599' title='bbox 2596 3919 2780 3990; x_wconf 79' lang='lat' dir='ltr'><strong>Neque</strong></span> <span class='ocrx_word' id='word_1_600' title='bbox 2826 3933 2955 3974; x_wconf 75' lang='lat' dir='ltr'><strong>vero</strong></span> <span class='ocrx_word' id='word_1_601' title='bbox 2989 3919 3118 3974; x_wconf 89' lang='lat' dir='ltr'><strong>illud</strong></span> <span class='ocrx_word' id='word_1_602' title='bbox 3163 3918 3395 3983; x_wconf 80' lang='lat' dir='ltr'><strong>dixerit,</strong></span> <span class='ocrx_word' id='word_1_603' title='bbox 3441 3933 3542 3972; x_wconf 85' lang='lat' dir='ltr'><strong>no-</strong></span> 
     </span>
    </p>
   </div>
   <div class='ocr_carea' id='block_1_83' title="bbox 1982 4011 3546 4084">
    <p class='ocr_par' dir='ltr' id='par_1_83' title="bbox 1982 4011 3546 4084">
     <span class='ocr_line' id='line_1_83' title="bbox 1982 4011 3546 4084; baseline 0 -17"><span class='ocrx_word' id='word_1_604' title='bbox 1982 4013 2124 4068; x_wconf 86' lang='lat' dir='ltr'><strong>mina</strong></span> <span class='ocrx_word' id='word_1_605' title='bbox 2150 4013 2265 4068; x_wconf 71' lang='lat' dir='ltr'><strong>tunc</strong></span> <span class='ocrx_word' id='word_1_606' title='bbox 2287 4028 2406 4083; x_wconf 60' lang='lat' dir='ltr'><strong>qua;</strong></span> <span class='ocrx_word' id='word_1_607' title='bbox 2437 4011 2602 4083; x_wconf 64' lang='lat'><strong>259</strong></span> <span class='ocrx_word' id='word_1_608' title='bbox 2630 4013 2848 4084; x_wconf 89' lang='lat' dir='ltr'><strong>proprie</strong></span> <span class='ocrx_word' id='word_1_609' title='bbox 2880 4027 2945 4068; x_wconf 89' lang='lat' dir='ltr'><strong>ac</strong></span> <span class='ocrx_word' id='word_1_610' title='bbox 2987 4011 3247 4083; x_wconf 79' lang='lat' dir='ltr'><strong>primario</strong></span> <span class='ocrx_word' id='word_1_611' title='bbox 3276 4013 3342 4068; x_wconf 81' lang='lat' dir='ltr'><strong>de</strong></span> <span class='ocrx_word' id='word_1_612' title='bbox 3371 4013 3546 4068; x_wconf 80' lang='lat' dir='ltr'><strong>homi-</strong></span> 
     </span>
    </p>
   </div>
   <div class='ocr_carea' id='block_1_84' title="bbox 1983 4104 3549 4175">
    <p class='ocr_par' dir='ltr' id='par_1_84' title="bbox 1983 4104 3549 4175">
     <span class='ocr_line' id='line_1_84' title="bbox 1983 4104 3549 4175; baseline -0.003 -14"><span class='ocrx_word' id='word_1_613' title='bbox 1983 4105 2137 4161; x_wconf 81' lang='lat' dir='ltr'><strong>nibus</strong></span> <span class='ocrx_word' id='word_1_614' title='bbox 2188 4114 2444 4175; x_wconf 87' lang='lat' dir='ltr'><strong>usurpata</strong></span> <span class='ocrx_word' id='word_1_615' title='bbox 2489 4115 2644 4172; x_wconf 91' lang='lat' dir='ltr'><strong>sunt,</strong></span> <span class='ocrx_word' id='word_1_616' title='bbox 2681 4107 2748 4160; x_wconf 88' lang='lat' dir='ltr'><strong>de</strong></span> <span class='ocrx_word' id='word_1_617' title='bbox 2798 4105 2907 4159; x_wconf 87' lang='lat' dir='ltr'><strong>Deo</strong></span> <span class='ocrx_word' id='word_1_618' title='bbox 2935 4121 2961 4158; x_wconf 91' lang='lat' dir='ltr'><strong>a</strong></span> <span class='ocrx_word' id='word_1_619' title='bbox 3001 4104 3156 4159; x_wconf 81' lang='lat' dir='ltr'><strong>nobis</strong></span> <span class='ocrx_word' id='word_1_620' title='bbox 3186 4104 3292 4159; x_wconf 90' lang='lat' dir='ltr'><strong>dici</strong></span> <span class='ocrx_word' id='word_1_621' title='bbox 3323 4118 3419 4175; x_wconf 79' lang='lat' dir='ltr'><strong>per</strong></span> <span class='ocrx_word' id='word_1_622' title='bbox 3460 4105 3549 4158; x_wconf 87' lang='lat' dir='ltr'><strong>ab-</strong></span> 
     </span>
    </p>
   </div>
   <div class='ocr_carea' id='block_1_85' title="bbox 1981 4195 3545 4262">
    <p class='ocr_par' dir='ltr' id='par_1_85' title="bbox 1981 4195 3545 4262">
     <span class='ocr_line' id='line_1_85' title="bbox 1981 4195 3545 4262; baseline -0.003 -8"><span class='ocrx_word' id='word_1_623' title='bbox 1981 4216 2163 4254; x_wconf 85' lang='lat' dir='ltr'><strong>usum.</strong></span> <span class='ocrx_word' id='word_1_624' title='bbox 2212 4198 2420 4253; x_wconf 86' lang='lat' dir='ltr'><strong>Etenim</strong></span> <span class='ocrx_word' id='word_1_625' title='bbox 2460 4198 2718 4254; x_wconf 88' lang='lat' dir='ltr'><strong>Domiuus</strong></span> <span class='ocrx_word' id='word_1_626' title='bbox 2756 4208 2939 4252; x_wconf 89' lang='lat' dir='ltr'><strong>noster</strong></span> <span class='ocrx_word' id='word_1_627' title='bbox 2967 4195 3125 4252; x_wconf 83' lang='lat' dir='ltr'><strong>Jesus</strong></span> <span class='ocrx_word' id='word_1_628' title='bbox 3168 4196 3433 4262; x_wconf 82' lang='lat' dir='ltr'><strong>Christus,</strong></span> <span class='ocrx_word' id='word_1_629' title='bbox 3478 4197 3545 4250; x_wconf 89' lang='lat' dir='ltr'><strong>ad</strong></span> 
     </span>
    </p>
   </div>
   <div class='ocr_carea' id='block_1_86' title="bbox 1980 4289 3546 4358">
    <p class='ocr_par' dir='ltr' id='par_1_86' title="bbox 1980 4289 3546 4358">
     <span class='ocr_line' id='line_1_86' title="bbox 1980 4289 3546 4358; baseline -0.003 -14"><span class='ocrx_word' id='word_1_630' title='bbox 1980 4291 2220 4344; x_wconf 89' lang='lat' dir='ltr'><strong>omnium</strong></span> <span class='ocrx_word' id='word_1_631' title='bbox 2267 4289 2586 4358; x_wconf 87' lang='lat' dir='ltr'><strong>principium</strong></span> <span class='ocrx_word' id='word_1_632' title='bbox 2629 4299 2682 4343; x_wconf 92' lang='lat' dir='ltr'><strong>et</strong></span> <span class='ocrx_word' id='word_1_633' title='bbox 2727 4303 2910 4342; x_wconf 84' lang='lat' dir='ltr'><strong>veram</strong></span> <span class='ocrx_word' id='word_1_634' title='bbox 2960 4303 3139 4342; x_wconf 85' lang='lat' dir='ltr'><strong>rerum</strong></span> <span class='ocrx_word' id='word_1_635' title='bbox 3183 4301 3403 4342; x_wconf 84' lang='lat' dir='ltr'><strong>causam</strong></span> <span class='ocrx_word' id='word_1_636' title='bbox 3451 4299 3546 4340; x_wconf 88' lang='lat' dir='ltr'><strong>nos</strong></span> 
     </span>
    </p>
   </div>
   <div class='ocr_carea' id='block_1_87' title="bbox 1985 4378 3548 4446">
    <p class='ocr_par' dir='ltr' id='par_1_87' title="bbox 1985 4378 3548 4446">
     <span class='ocr_line' id='line_1_87' title="bbox 1985 4378 3548 4446; baseline -0.004 -11"><span class='ocrx_word' id='word_1_637' title='bbox 1985 4383 2246 4436; x_wconf 86' lang='lat' dir='ltr'><strong>reducens</strong></span> <span class='ocrx_word' id='word_1_638' title='bbox 2274 4399 2287 4434; x_wconf 89' lang='lat'><strong>:</strong></span> <span class='ocrx_word' id='word_1_639' title='bbox 2334 4380 2434 4434; x_wconf 83' lang='lat' dir='ltr'><strong>Vos</strong></span> <span class='ocrx_word' id='word_1_640' title='bbox 2474 4391 2648 4435; x_wconf 80' lang='lat' dir='ltr'><strong>autem</strong></span> <span class='ocrx_word' id='word_1_641' title='bbox 2683 4380 2844 4434; x_wconf 77' lang='lat' dir='ltr'><strong>nolite</strong></span> <span class='ocrx_word' id='word_1_642' title='bbox 2886 4394 3090 4441; x_wconf 77' lang='lat' dir='ltr'><strong>vocare,</strong></span> <span class='ocrx_word' id='word_1_643' title='bbox 3124 4378 3315 4446; x_wconf 88' lang='lat' dir='ltr'><strong>inquit,</strong></span> <span class='ocrx_word' id='word_1_644' title='bbox 3348 4387 3548 4446; x_wconf 82' lang='lat' dir='ltr'><strong>patrem</strong></span> 
     </span>
    </p>
   </div>
   <div class='ocr_carea' id='block_1_88' title="bbox 307 4466 1870 4542">
    <p class='ocr_par' dir='ltr' id='par_1_88' title="bbox 307 4466 1870 4542">
     <span class='ocr_line' id='line_1_88' title="bbox 307 4466 1870 4542; baseline -0.004 -14"><span class='ocrx_word' id='word_1_645' title='bbox 307 4473 513 4541; x_wconf 76' lang='grc' dir='ltr'>Πατὴρ</span> <span class='ocrx_word' id='word_1_646' title='bbox 541 4473 652 4542; x_wconf 72' lang='grc'><strong>(72)</strong></span> <span class='ocrx_word' id='word_1_647' title='bbox 686 4471 852 4542; x_wconf 73' lang='grc' dir='ltr'>ὑμῶν</span> <span class='ocrx_word' id='word_1_648' title='bbox 883 4477 916 4527; x_wconf 82' lang='grc' dir='ltr'><em>ὁ</em></span> <span class='ocrx_word' id='word_1_649' title='bbox 948 4472 1250 4540; x_wconf 77' lang='grc' dir='ltr'>οὐράνισς.</span> <span class='ocrx_word' id='word_1_650' title='bbox 1295 4471 1417 4534; x_wconf 86' lang='grc' dir='ltr'>Πῶς</span> <span class='ocrx_word' id='word_1_651' title='bbox 1456 4466 1548 4524; x_wconf 85' lang='grc' dir='ltr'><strong>οὖν</strong></span> <span class='ocrx_word' id='word_1_652' title='bbox 1579 4469 1654 4532; x_wconf 85' lang='grc' dir='ltr'><strong>ὡς</strong></span> <span class='ocrx_word' id='word_1_653' title='bbox 1698 4487 1870 4541; x_wconf 84' lang='grc' dir='ltr'>σαρκι-</span> 
     </span>
    </p>
   </div>
   <div class='ocr_carea' id='block_1_89' title="bbox 1979 4466 3546 4542">
    <p class='ocr_par' dir='ltr' id='par_1_89' title="bbox 1984 4470 3546 4537">
     <span class='ocr_line' id='line_1_89' title="bbox 1984 4470 3546 4537; baseline 0 -11"><span class='ocrx_word' id='word_1_654' title='bbox 1984 4484 2210 4527; x_wconf 76' lang='lat' dir='ltr'><strong>vestrum</strong></span> <span class='ocrx_word' id='word_1_655' title='bbox 2250 4475 2303 4526; x_wconf 83' lang='lat' dir='ltr'><strong>in</strong></span> <span class='ocrx_word' id='word_1_656' title='bbox 2339 4484 2517 4537; x_wconf 84' lang='lat' dir='ltr'><strong>terra;</strong></span> <span class='ocrx_word' id='word_1_657' title='bbox 2556 4487 2691 4527; x_wconf 76' lang='lat' dir='ltr'><strong>unus</strong></span> <span class='ocrx_word' id='word_1_658' title='bbox 2731 4473 2869 4526; x_wconf 80' lang='lat' dir='ltr'><strong>enim</strong></span> <span class='ocrx_word' id='word_1_659' title='bbox 2917 4482 2992 4526; x_wconf 76' lang='lat' dir='ltr'><strong>est</strong></span> <span class='ocrx_word' id='word_1_660' title='bbox 3029 4470 3191 4525; x_wconf 81' lang='lat' dir='ltr'><strong>Pater</strong></span> <span class='ocrx_word' id='word_1_661' title='bbox 3236 4483 3399 4525; x_wconf 73' lang='lat' dir='ltr'><strong>vester</strong></span> <span class='ocrx_word' id='word_1_662' title='bbox 3442 4486 3546 4526; x_wconf 74' lang='grc' dir='ltr'><strong>εω-</strong></span> 
     </span>
    </p>
   </div>
   <div class='ocr_carea' id='block_1_90' title="bbox 308 4562 1882 4636">
    <p class='ocr_par' dir='ltr' id='par_1_90' title="bbox 308 4562 1882 4636">
     <span class='ocr_line' id='line_1_90' title="bbox 308 4562 1882 4636; baseline -0.003 -17"><span class='ocrx_word' id='word_1_663' title='bbox 308 4565 420 4619; x_wconf 87' lang='grc' dir='ltr'><strong>κῶν</strong></span> <span class='ocrx_word' id='word_1_664' title='bbox 448 4565 637 4617; x_wconf 84' lang='grc' dir='ltr'>παθῶν</span> <span class='ocrx_word' id='word_1_665' title='bbox 669 4565 1092 4636; x_wconf 85' lang='grc' dir='ltr'>προηγουμένως</span> <span class='ocrx_word' id='word_1_666' title='bbox 1133 4563 1464 4625; x_wconf 77' lang='grc' dir='ltr'>ὲνδεικτικάς</span> <span class='ocrx_word' id='word_1_667' title='bbox 1496 4562 1699 4625; x_wconf 80' lang='grc' dir='ltr'>ταύτας</span> <span class='ocrx_word' id='word_1_668' title='bbox 1734 4563 1882 4632; x_wconf 76' lang='grc' dir='ltr'>ἡμᾶς</span> 
     </span>
    </p>
   </div>
   <div class='ocr_carea' id='block_1_91' title="bbox 310 4655 1879 4728">
    <p class='ocr_par' dir='ltr' id='par_1_91' title="bbox 310 4655 1879 4728">
     <span class='ocr_line' id='line_1_91' title="bbox 310 4655 1879 4728; baseline -0.003 -14"><span class='ocrx_word' id='word_1_669' title='bbox 310 4660 452 4726; x_wconf 79' lang='grc' dir='ltr'>ἀξιοῖ</span> <span class='ocrx_word' id='word_1_670' title='bbox 479 4658 578 4721; x_wconf 82' lang='grc' dir='ltr'><strong>τάς</strong></span> <span class='ocrx_word' id='word_1_671' title='bbox 621 4659 804 4727; x_wconf 79' lang='grc' dir='ltr'>φωνὰς</span> <span class='ocrx_word' id='word_1_672' title='bbox 841 4657 1296 4728; x_wconf 86' lang='grc' dir='ltr'>ἀποπέμπεσθαι,</span> <span class='ocrx_word' id='word_1_673' title='bbox 1344 4657 1409 4720; x_wconf 76' lang='grc' dir='ltr'>ἃς</span> <span class='ocrx_word' id='word_1_674' title='bbox 1439 4657 1468 4708; x_wconf 78' lang='lat'><strong>6</strong></span> <span class='ocrx_word' id='word_1_675' title='bbox 1497 4655 1698 4726; x_wconf 85' lang='grc' dir='ltr'>Κύριος</span> <span class='ocrx_word' id='word_1_676' title='bbox 1749 4655 1879 4725; x_wconf 80' lang='grc'><strong>(75),</strong></span> 
     </span>
    </p>
   </div>
   <div class='ocr_carea' id='block_1_92' title="bbox 308 4745 1883 4822">
    <p class='ocr_par' dir='ltr' id='par_1_92' title="bbox 308 4745 1883 4822">
     <span class='ocr_line' id='line_1_92' title="bbox 308 4745 1883 4822; baseline -0.003 -19"><span class='ocrx_word' id='word_1_677' title='bbox 308 4751 386 4812; x_wconf 82' lang='grc' dir='ltr'>ὡς</span> <span class='ocrx_word' id='word_1_678' title='bbox 429 4753 492 4822; x_wconf 80' lang='grc' dir='ltr'>τῇ</span> <span class='ocrx_word' id='word_1_679' title='bbox 531 4749 765 4820; x_wconf 70' lang='grc' dir='ltr'>ἀπαθείᾳ.</span> <span class='ocrx_word' id='word_1_680' title='bbox 799 4749 890 4801; x_wconf 85' lang='grc' dir='ltr'>τοῦ</span> <span class='ocrx_word' id='word_1_681' title='bbox 936 4748 1070 4800; x_wconf 75' lang='grc' dir='ltr'>Θεοῦ</span> <span class='ocrx_word' id='word_1_682' title='bbox 1122 4747 1454 4820; x_wconf 80' lang='grc' dir='ltr'>πρεπούσας,</span> <span class='ocrx_word' id='word_1_683' title='bbox 1499 4747 1606 4800; x_wconf 88' lang='grc' dir='ltr'><strong>ἀπὸ</strong></span> <span class='ocrx_word' id='word_1_684' title='bbox 1641 4745 1748 4799; x_wconf 84' lang='grc' dir='ltr'><strong>τῶν</strong></span> <span class='ocrx_word' id='word_1_685' title='bbox 1788 4745 1883 4800; x_wconf 84' lang='grc' dir='ltr'>ἀν-</span> 
     </span>
    </p>
   </div>
   <div class='ocr_carea' id='block_1_93' title="bbox 310 4837 1890 4913">
    <p class='ocr_par' dir='ltr' id='par_1_93' title="bbox 310 4837 1890 4913">
     <span class='ocr_line' id='line_1_93' title="bbox 310 4837 1890 4913; baseline -0.003 -20"><span class='ocrx_word' id='word_1_686' title='bbox 310 4839 548 4913; x_wconf 86' lang='grc' dir='ltr'>θρώπων</span> <span class='ocrx_word' id='word_1_687' title='bbox 591 4841 727 4912; x_wconf 84' lang='grc' dir='ltr'>πρὸς</span> <span class='ocrx_word' id='word_1_688' title='bbox 775 4839 937 4893; x_wconf 79' lang='grc' dir='ltr'>αὑτὸν</span> <span class='ocrx_word' id='word_1_689' title='bbox 991 4839 1104 4911; x_wconf 74' lang='grc'><strong>(74)</strong></span> <span class='ocrx_word' id='word_1_690' title='bbox 1161 4839 1544 4911; x_wconf 86' lang='grc' dir='ltr'>μετατίθησιν;</span> <span class='ocrx_word' id='word_1_691' title='bbox 1580 4838 1643 4890; x_wconf 81' lang='lat' dir='ltr'><strong>Et</strong></span> <span class='ocrx_word' id='word_1_692' title='bbox 1694 4837 1750 4891; x_wconf 81' lang='grc' dir='ltr'><strong>δὲ</strong></span> <span class='ocrx_word' id='word_1_693' title='bbox 1797 4839 1890 4890; x_wconf 77' lang='grc' dir='ltr'>κα).</span> 
     </span>
    </p>
   </div>
   <div class='ocr_carea' id='block_1_94' title="bbox 381 4954 923 5021">
    <p class='ocr_par' dir='ltr' id='par_1_94' title="bbox 381 4954 923 5021">
     <span class='ocr_line' id='line_1_94' title="bbox 381 4954 923 5021; baseline 0.009 -15"><span class='ocrx_word' id='word_1_694' title='bbox 381 4955 427 4986; x_wconf 81' lang='grc'><strong>⁸¹</strong></span> <span class='ocrx_word' id='word_1_695' title='bbox 469 4954 657 5008; x_wconf 82' lang='lat' dir='ltr'><strong>Matth.</strong></span> <span class='ocrx_word' id='word_1_696' title='bbox 688 4970 842 5021; x_wconf 72' lang='lat' dir='ltr'><strong>unt,</strong></span> <span class='ocrx_word' id='word_1_697' title='bbox 869 4955 923 5011; x_wconf 92' lang='lat'><strong>9.</strong></span> 
     </span>
    </p>
   </div>
   <div class='ocr_carea' id='block_1_95' title="bbox 382 5067 1880 5138">
    <p class='ocr_par' dir='ltr' id='par_1_95' title="bbox 382 5067 1880 5138">
     <span class='ocr_line' id='line_1_95' title="bbox 382 5067 1880 5138; baseline 0.003 -16"><span class='ocrx_word' id='word_1_698' title='bbox 382 5068 494 5138; x_wconf 84' lang='lat'><strong>(67)</strong></span> <span class='ocrx_word' id='word_1_699' title='bbox 539 5067 686 5138; x_wconf 85' lang='lat' dir='ltr'><strong>Unus</strong></span> <span class='ocrx_word' id='word_1_700' title='bbox 729 5079 821 5120; x_wconf 91' lang='lat' dir='ltr'><strong>ant</strong></span> <span class='ocrx_word' id='word_1_701' title='bbox 856 5069 993 5123; x_wconf 87' lang='lat' dir='ltr'><strong>alter</strong></span> <span class='ocrx_word' id='word_1_702' title='bbox 1029 5083 1125 5124; x_wconf 82' lang='lat' dir='ltr'><strong>ms.</strong></span> <span class='ocrx_word' id='word_1_703' title='bbox 1154 5085 1274 5123; x_wconf 89' lang='lat' dir='ltr'><strong>cum</strong></span> <span class='ocrx_word' id='word_1_704' title='bbox 1321 5071 1478 5125; x_wconf 82' lang='lat' dir='ltr'><strong>editis</strong></span> <span class='ocrx_word' id='word_1_705' title='bbox 1509 5070 1682 5138; x_wconf 83' lang='grc' dir='ltr'>λέγων</span> <span class='ocrx_word' id='word_1_706' title='bbox 1703 5111 1715 5122; x_wconf 96' lang='grc'><strong>.</strong></span> <span class='ocrx_word' id='word_1_707' title='bbox 1743 5113 1754 5124; x_wconf 95' lang='grc'><strong>.</strong></span> <span class='ocrx_word' id='word_1_708' title='bbox 1780 5111 1792 5124; x_wconf 95' lang='grc'><strong>.</strong></span> <span class='ocrx_word' id='word_1_709' title='bbox 1823 5111 1837 5125; x_wconf 93' lang='grc'><strong>.</strong></span> <span class='ocrx_word' id='word_1_710' title='bbox 1865 5113 1880 5127; x_wconf 90' lang='grc'><strong>.</strong></span> 
     </span>
    </p>
   </div>
   <div class='ocr_carea' id='block_1_96' title="bbox 310 5137 1740 5209">
    <p class='ocr_par' dir='ltr' id='par_1_96' title="bbox 310 5137 1740 5209">
     <span class='ocr_line' id='line_1_96' title="bbox 310 5137 1740 5209; baseline -0.001 -15"><span class='ocrx_word' id='word_1_711' title='bbox 310 5137 576 5209; x_wconf 65' lang='grc' dir='ltr'>ἐκκλίνω.</span> <span class='ocrx_word' id='word_1_712' title='bbox 598 5137 701 5192; x_wconf 78' lang='lat' dir='ltr'><strong>Alii</strong></span> <span class='ocrx_word' id='word_1_713' title='bbox 730 5139 970 5207; x_wconf 86' lang='lat' dir='ltr'><strong>quinque</strong></span> <span class='ocrx_word' id='word_1_714' title='bbox 1011 5155 1138 5194; x_wconf 86' lang='lat' dir='ltr'><strong>mss.</strong></span> <span class='ocrx_word' id='word_1_715' title='bbox 1169 5140 1428 5209; x_wconf 86' lang='grc' dir='ltr'>λέγω.....</span> <span class='ocrx_word' id='word_1_716' title='bbox 1457 5137 1740 5200; x_wconf 75' lang='grc' dir='ltr'>ἐκκλίνων.</span> 
     </span>
    </p>
   </div>
   <div class='ocr_carea' id='block_1_97' title="bbox 369 5207 1883 5334">
    <p class='ocr_par' dir='ltr' id='par_1_97' title="bbox 369 5207 1883 5334">
     <span class='ocr_line' id='line_1_97' title="bbox 369 5207 1883 5334; baseline 0.001 -71"><span class='ocrx_word' id='word_1_717' title='bbox 369 5211 498 5334; x_wconf 48' lang='lat'><strong>6(6&#39;8)</strong></span> <span class='ocrx_word' id='word_1_718' title='bbox 539 5207 679 5262; x_wconf 83' lang='lat' dir='ltr'><strong>Editi</strong></span> <span class='ocrx_word' id='word_1_719' title='bbox 729 5209 1119 5264; x_wconf 71' lang='grc' dir='ltr'>ἐνδείκνυνται.</span> <span class='ocrx_word' id='word_1_720' title='bbox 1178 5207 1404 5265; x_wconf 68' lang='lat' dir='ltr'><strong>Veteres</strong></span> <span class='ocrx_word' id='word_1_721' title='bbox 1473 5213 1711 5280; x_wconf 83' lang='lat' dir='ltr'><strong>quinque</strong></span> <span class='ocrx_word' id='word_1_722' title='bbox 1760 5210 1883 5266; x_wconf 88' lang='lat' dir='ltr'><strong>libri</strong></span> 
     </span>
     <span class='ocr_line' id='line_1_98' title="bbox 403 5296 668 5332; baseline -0.008 0"><span class='ocrx_word' id='word_1_723' title='bbox 403 5296 668 5332; x_wconf 82' lang='grc' dir='ltr'>εικνυται.</span> 
     </span>
    </p>
   </div>
   <div class='ocr_carea' id='block_1_98' title="bbox 309 5296 668 5336">
    <p class='ocr_par' dir='ltr' id='par_1_98' title="bbox 309 5296 668 5336">
     <span class='ocr_line' id='line_1_99' title="bbox 309 5296 668 5336; baseline -0.017 0"><span class='ocrx_word' id='word_1_724' title='bbox 309 5296 423 5336; x_wconf 80' lang='grc' dir='ltr'>ενοε</span> <span class='ocrx_word' id='word_1_725' title='bbox 435 5296 668 5332; x_wconf 84' lang='grc' dir='ltr'>ικνυται.</span> 
     </span>
    </p>
   </div>
   <div class='ocr_carea' id='block_1_99' title="bbox 387 5349 1886 5424">
    <p class='ocr_par' dir='ltr' id='par_1_99' title="bbox 387 5349 1886 5424">
     <span class='ocr_line' id='line_1_100' title="bbox 387 5349 1886 5424; baseline 0.002 -21"><span class='ocrx_word' id='word_1_726' title='bbox 387 5351 500 5420; x_wconf 80' lang='lat'><strong>(69)</strong></span> <span class='ocrx_word' id='word_1_727' title='bbox 542 5349 682 5404; x_wconf 83' lang='lat' dir='ltr'><strong>Editi</strong></span> <span class='ocrx_word' id='word_1_728' title='bbox 712 5349 881 5424; x_wconf 84' lang='lat' dir='ltr'><strong>Paris.</strong></span> <span class='ocrx_word' id='word_1_729' title='bbox 904 5351 1246 5424; x_wconf 75' lang='grc' dir='ltr'>ἀκούσωμεν,</span> <span class='ocrx_word' id='word_1_730' title='bbox 1271 5353 1350 5424; x_wconf 68' lang='grc' dir='ltr'>τ’ξτι</span> <span class='ocrx_word' id='word_1_731' title='bbox 1379 5351 1682 5424; x_wconf 79' lang='grc' dir='ltr'>ἄνθρωπος.</span> <span class='ocrx_word' id='word_1_732' title='bbox 1711 5351 1886 5406; x_wconf 88' lang='lat' dir='ltr'><strong>Editio</strong></span> 
     </span>
    </p>
   </div>
   <div class='ocr_carea' id='block_1_100' title="bbox 315 5421 1882 5494">
    <p class='ocr_par' dir='ltr' id='par_1_100' title="bbox 315 5421 1882 5494">
     <span class='ocr_line' id='line_1_101' title="bbox 315 5421 1882 5494; baseline 0.001 -19"><span class='ocrx_word' id='word_1_733' title='bbox 315 5423 447 5476; x_wconf 77' lang='lat' dir='ltr'><strong>Ven.</strong></span> <span class='ocrx_word' id='word_1_734' title='bbox 476 5431 529 5475; x_wconf 86' lang='lat' dir='ltr'><strong>ct</strong></span> <span class='ocrx_word' id='word_1_735' title='bbox 564 5436 656 5475; x_wconf 79' lang='lat' dir='ltr'><strong>sex</strong></span> <span class='ocrx_word' id='word_1_736' title='bbox 692 5435 818 5494; x_wconf 78' lang='lat' dir='ltr'><strong>mss.</strong></span> <span class='ocrx_word' id='word_1_737' title='bbox 846 5421 1168 5494; x_wconf 75' lang='grc' dir='ltr'>ἀκούσωμεν</span> <span class='ocrx_word' id='word_1_738' title='bbox 1213 5421 1514 5494; x_wconf 72' lang='grc' dir='ltr'>ἄνθρωπος.</span> <span class='ocrx_word' id='word_1_739' title='bbox 1557 5423 1661 5476; x_wconf 89' lang='lat' dir='ltr'><strong>Sed</strong></span> <span class='ocrx_word' id='word_1_740' title='bbox 1699 5438 1882 5476; x_wconf 82' lang='lat' dir='ltr'><strong>vocem</strong></span> 
     </span>
    </p>
   </div>
   <div class='ocr_carea' id='block_1_101' title="bbox 311 5491 1883 5563">
    <p class='ocr_par' dir='ltr' id='par_1_101' title="bbox 311 5491 1883 5563">
     <span class='ocr_line' id='line_1_102' title="bbox 311 5491 1883 5563; baseline -0.001 -16"><span class='ocrx_word' id='word_1_741' title='bbox 311 5495 395 5547; x_wconf 80' lang='grc' dir='ltr'>ὅτι</span> <span class='ocrx_word' id='word_1_742' title='bbox 428 5494 622 5563; x_wconf 83' lang='lat' dir='ltr'><strong>inepte</strong></span> <span class='ocrx_word' id='word_1_743' title='bbox 669 5491 921 5563; x_wconf 77' lang='lat' dir='ltr'><strong>omissam</strong></span> <span class='ocrx_word' id='word_1_744' title='bbox 954 5491 1098 5563; x_wconf 74' lang='lat' dir='ltr'><strong>esse</strong></span> <span class='ocrx_word' id='word_1_745' title='bbox 1148 5509 1212 5547; x_wconf 79' lang='lat' dir='ltr'><strong>ex</strong></span> <span class='ocrx_word' id='word_1_746' title='bbox 1260 5491 1330 5547; x_wconf 75' lang='lat' dir='ltr'><strong>eo</strong></span> <span class='ocrx_word' id='word_1_747' title='bbox 1360 5493 1698 5562; x_wconf 79' lang='lat' dir='ltr'><strong>intelligitur,</strong></span> <span class='ocrx_word' id='word_1_748' title='bbox 1741 5495 1883 5563; x_wconf 86' lang='lat' dir='ltr'><strong>quod</strong></span> 
     </span>
    </p>
   </div>
   <div class='ocr_carea' id='block_1_102' title="bbox 314 5561 1602 5634">
    <p class='ocr_par' dir='ltr' id='par_1_102' title="bbox 314 5561 1602 5634">
     <span class='ocr_line' id='line_1_103' title="bbox 314 5561 1602 5634; baseline 0 -18"><span class='ocrx_word' id='word_1_749' title='bbox 314 5562 494 5634; x_wconf 72' lang='lat' dir='ltr'><strong>statim</strong></span> <span class='ocrx_word' id='word_1_750' title='bbox 528 5561 768 5634; x_wconf 56' lang='lat' dir='ltr'><strong>legamus</strong></span> <span class='ocrx_word' id='word_1_751' title='bbox 794 5561 921 5615; x_wconf 77' lang='grc' dir='ltr'>ὅταν</span> <span class='ocrx_word' id='word_1_752' title='bbox 947 5561 1022 5625; x_wconf 81' lang='grc' dir='ltr'>δὲ,</span> <span class='ocrx_word' id='word_1_753' title='bbox 1053 5565 1133 5616; x_wconf 80' lang='grc' dir='ltr'><strong>ὅτι</strong></span> <span class='ocrx_word' id='word_1_754' title='bbox 1160 5565 1188 5616; x_wconf 92' lang='lat'><strong>6</strong></span> <span class='ocrx_word' id='word_1_755' title='bbox 1227 5563 1358 5625; x_wconf 87' lang='grc' dir='ltr'>Θεὸς</span> <span class='ocrx_word' id='word_1_756' title='bbox 1391 5561 1602 5634; x_wconf 83' lang='grc' dir='ltr'>Πατήρ.</span> 
     </span>
    </p>
   </div>
   <div class='ocr_carea' id='block_1_103' title="bbox 385 5631 1886 5705">
    <p class='ocr_par' dir='ltr' id='par_1_103' title="bbox 385 5631 1886 5705">
     <span class='ocr_line' id='line_1_104' title="bbox 385 5631 1886 5705; baseline 0.001 -21"><span class='ocrx_word' id='word_1_757' title='bbox 385 5632 498 5700; x_wconf 82' lang='grc'><strong>(70)</strong></span> <span class='ocrx_word' id='word_1_758' title='bbox 543 5631 762 5705; x_wconf 64' lang='lat' dir='ltr'><strong>Veteres</strong></span> <span class='ocrx_word' id='word_1_759' title='bbox 808 5645 1038 5701; x_wconf 84' lang='lat' dir='ltr'><strong>quatuor</strong></span> <span class='ocrx_word' id='word_1_760' title='bbox 1097 5634 1213 5686; x_wconf 85' lang='lat' dir='ltr'><strong>libri</strong></span> <span class='ocrx_word' id='word_1_761' title='bbox 1271 5649 1392 5705; x_wconf 79' lang='lat' dir='ltr'><strong>eum</strong></span> <span class='ocrx_word' id='word_1_762' title='bbox 1447 5631 1606 5705; x_wconf 74' lang='lat' dir='ltr'><strong>editis</strong></span> <span class='ocrx_word' id='word_1_763' title='bbox 1655 5650 1886 5705; x_wconf 84' lang='grc' dir='ltr'>παρατι-</span> 
     </span>
    </p>
   </div>
   <div class='ocr_carea' id='block_1_104' title="bbox 315 5702 1884 5775">
    <p class='ocr_par' dir='ltr' id='par_1_104' title="bbox 315 5702 1884 5775">
     <span class='ocr_line' id='line_1_105' title="bbox 315 5702 1884 5775; baseline 0.002 -20"><span class='ocrx_word' id='word_1_764' title='bbox 315 5702 495 5775; x_wconf 76' lang='grc' dir='ltr'>θέντα.</span> <span class='ocrx_word' id='word_1_765' title='bbox 551 5703 652 5755; x_wconf 73' lang='lat' dir='ltr'><strong>Alii</strong></span> <span class='ocrx_word' id='word_1_766' title='bbox 708 5707 812 5757; x_wconf 87' lang='lat' dir='ltr'><strong>duo</strong></span> <span class='ocrx_word' id='word_1_767' title='bbox 880 5719 1007 5775; x_wconf 79' lang='lat' dir='ltr'><strong>mss.</strong></span> <span class='ocrx_word' id='word_1_768' title='bbox 1055 5704 1436 5775; x_wconf 65' lang='grc' dir='ltr'>παρατιθέναι.</span> <span class='ocrx_word' id='word_1_769' title='bbox 1503 5704 1700 5775; x_wconf 82' lang='lat' dir='ltr'><strong>Ibidem</strong></span> <span class='ocrx_word' id='word_1_770' title='bbox 1740 5702 1884 5758; x_wconf 54' lang='lat' dir='ltr'><strong>&#39;editi</strong></span> 
     </span>
    </p>
   </div>
   <div class='ocr_carea' id='block_1_105' title="bbox 318 5771 1846 5898">
    <p class='ocr_par' dir='ltr' id='par_1_105' title="bbox 318 5771 1846 5898">
     <span class='ocr_line' id='line_1_106' title="bbox 318 5771 1846 5898; baseline 0.002 -74"><span class='ocrx_word' id='word_1_771' title='bbox 318 5773 476 5898; x_wconf 57' lang='grc' dir='ltr'>μηδὲᾱ</span> <span class='ocrx_word' id='word_1_772' title='bbox 492 5775 573 5827; x_wconf 84' lang='grc' dir='ltr'><strong>ὅτι</strong></span> <span class='ocrx_word' id='word_1_773' title='bbox 593 5813 606 5827; x_wconf 94' lang='grc'><strong>.</strong></span> <span class='ocrx_word' id='word_1_774' title='bbox 631 5813 642 5826; x_wconf 94' lang='grc'><strong>.</strong></span> <span class='ocrx_word' id='word_1_775' title='bbox 670 5816 680 5827; x_wconf 95' lang='grc'><strong>.</strong></span> <span class='ocrx_word' id='word_1_776' title='bbox 709 5812 720 5825; x_wconf 92' lang='grc'><strong>.</strong></span> <span class='ocrx_word' id='word_1_777' title='bbox 743 5813 756 5826; x_wconf 90' lang='grc'><strong>.</strong></span> <span class='ocrx_word' id='word_1_778' title='bbox 802 5774 1014 5844; x_wconf 79' lang='grc' dir='ltr'>γεννᾷν.</span> <span class='ocrx_word' id='word_1_779' title='bbox 1047 5771 1193 5830; x_wconf 39' lang='lat' dir='ltr'><strong>Lib-ri</strong></span> <span class='ocrx_word' id='word_1_780' title='bbox 1228 5777 1432 5847; x_wconf 85' lang='lat' dir='ltr'><strong>antiqui</strong></span> <span class='ocrx_word' id='word_1_781' title='bbox 1467 5774 1588 5845; x_wconf 79' lang='grc' dir='ltr'>μηδ’</span> <span class='ocrx_word' id='word_1_782' title='bbox 1617 5776 1698 5828; x_wconf 79' lang='grc' dir='ltr'><strong>ὅτι</strong></span> <span class='ocrx_word' id='word_1_783' title='bbox 1718 5813 1731 5827; x_wconf 91' lang='grc'><strong>.</strong></span> <span class='ocrx_word' id='word_1_784' title='bbox 1759 5814 1772 5828; x_wconf 96' lang='grc'><strong>.</strong></span> <span class='ocrx_word' id='word_1_785' title='bbox 1795 5812 1808 5828; x_wconf 93' lang='grc'><strong>.</strong></span> <span class='ocrx_word' id='word_1_786' title='bbox 1833 5813 1846 5828; x_wconf 93' lang='grc'><strong>.</strong></span> 
     </span>
     <span class='ocr_line' id='line_1_107' title="bbox 318 5860 496 5898; baseline 0 0"><span class='ocrx_word' id='word_1_787' title='bbox 318 5860 442 5898; x_wconf 87' lang='grc' dir='ltr'>γενν</span> <span class='ocrx_word' id='word_1_788' title='bbox 483 5884 496 5898; x_wconf 90' lang='grc'><strong>.</strong></span> 
     </span>
    </p>
   </div>
   <div class='ocr_carea' id='block_1_106' title="bbox 315 5860 496 5914">
    <p class='ocr_par' dir='ltr' id='par_1_106' title="bbox 315 5860 496 5914">
     <span class='ocr_line' id='line_1_108' title="bbox 315 5860 496 5914; baseline 0.011 -18"><span class='ocrx_word' id='word_1_789' title='bbox 315 5860 496 5914; x_wconf 74' lang='grc' dir='ltr'>γεννᾳ.</span> 
     </span>
    </p>
   </div>
   <div class='ocr_carea' id='block_1_107' title="bbox 1989 4563 3548 4635">
    <p class='ocr_par' dir='ltr' id='par_1_107' title="bbox 1989 4563 3548 4635">
     <span class='ocr_line' id='line_1_109' title="bbox 1989 4563 3548 4635; baseline -0.003 -17"><span class='ocrx_word' id='word_1_790' title='bbox 1989 4567 2131 4619; x_wconf 74' lang='lat' dir='ltr'><strong>leuis</strong></span> <span class='ocrx_word' id='word_1_791' title='bbox 2154 4566 2219 4618; x_wconf 81' lang='lat'><strong>&quot;.</strong></span> <span class='ocrx_word' id='word_1_792' title='bbox 2271 4565 2552 4630; x_wconf 78' lang='lat' dir='ltr'><strong>Quomodo</strong></span> <span class='ocrx_word' id='word_1_793' title='bbox 2602 4563 2764 4635; x_wconf 84' lang='lat' dir='ltr'><strong>igitur</strong></span> <span class='ocrx_word' id='word_1_794' title='bbox 2815 4578 2974 4619; x_wconf 81' lang='lat' dir='ltr'><strong>voces</strong></span> <span class='ocrx_word' id='word_1_795' title='bbox 3019 4563 3152 4624; x_wconf 87' lang='lat' dir='ltr'><strong>bas.</strong></span> <span class='ocrx_word' id='word_1_796' title='bbox 3201 4571 3454 4632; x_wconf 78' lang='lat' dir='ltr'><strong>tanquam</strong></span> <span class='ocrx_word' id='word_1_797' title='bbox 3503 4563 3548 4617; x_wconf 90' lang='lat' dir='ltr'><strong>si</strong></span> 
     </span>
    </p>
   </div>
   <div class='ocr_carea' id='block_1_108' title="bbox 1990 4652 3550 4725">
    <p class='ocr_par' dir='ltr' id='par_1_108' title="bbox 1990 4652 3550 4725">
     <span class='ocr_line' id='line_1_110' title="bbox 1990 4652 3550 4725; baseline -0.002 -17"><span class='ocrx_word' id='word_1_798' title='bbox 1990 4655 2259 4725; x_wconf 74' lang='lat' dir='ltr'><strong>praecipue</strong></span> <span class='ocrx_word' id='word_1_799' title='bbox 2313 4653 2563 4707; x_wconf 88' lang='lat' dir='ltr'><strong>carnales</strong></span> <span class='ocrx_word' id='word_1_800' title='bbox 2630 4652 2852 4708; x_wconf 73' lang='lat' dir='ltr'><strong>allectus</strong></span> <span class='ocrx_word' id='word_1_801' title='bbox 2926 4652 3324 4723; x_wconf 86' lang='lat' dir='ltr'><strong>signiﬁcarent,</strong></span> <span class='ocrx_word' id='word_1_802' title='bbox 3388 4666 3550 4721; x_wconf 79' lang='lat' dir='ltr'><strong>repu-</strong></span> 
     </span>
    </p>
   </div>
   <div class='ocr_carea' id='block_1_109' title="bbox 1993 4743 3553 4816">
    <p class='ocr_par' dir='ltr' id='par_1_109' title="bbox 1993 4743 3553 4816">
     <span class='ocr_line' id='line_1_111' title="bbox 1993 4743 3553 4816; baseline -0.003 -15"><span class='ocrx_word' id='word_1_803' title='bbox 1993 4746 2216 4801; x_wconf 86' lang='lat' dir='ltr'><strong>dieudas</strong></span> <span class='ocrx_word' id='word_1_804' title='bbox 2262 4756 2444 4802; x_wconf 88' lang='lat' dir='ltr'><strong>censet</strong></span> <span class='ocrx_word' id='word_1_805' title='bbox 2485 4761 2669 4816; x_wconf 84' lang='lat' dir='ltr'><strong>:quas</strong></span> <span class='ocrx_word' id='word_1_806' title='bbox 2719 4745 2998 4800; x_wconf 70' lang='lat' dir='ltr'><strong>Dominns‘</strong></span> <span class='ocrx_word' id='word_1_807' title='bbox 3026 4755 3209 4800; x_wconf 86' lang='lat' dir='ltr'><strong>noster</strong></span> <span class='ocrx_word' id='word_1_808' title='bbox 3257 4743 3404 4800; x_wconf 83' lang='lat' dir='ltr'><strong>velut</strong></span> <span class='ocrx_word' id='word_1_809' title='bbox 3461 4743 3553 4797; x_wconf 74' lang='lat' dir='ltr'><strong>Dei</strong></span> 
     </span>
    </p>
   </div>
   <div class='ocr_carea' id='block_1_110' title="bbox 1999 4836 3551 4906">
    <p class='ocr_par' dir='ltr' id='par_1_110' title="bbox 1999 4836 3551 4906">
     <span class='ocr_line' id='line_1_112' title="bbox 1999 4836 3551 4906; baseline -0.001 -16"><span class='ocrx_word' id='word_1_810' title='bbox 1999 4841 2266 4906; x_wconf 82' lang='lat' dir='ltr'><strong>apathiam</strong></span> <span class='ocrx_word' id='word_1_811' title='bbox 2317 4839 2571 4893; x_wconf 82' lang='lat' dir='ltr'><strong>decentes</strong></span> <span class='ocrx_word' id='word_1_812' title='bbox 2601 4838 2670 4892; x_wconf 88' lang='lat' dir='ltr'><strong>ab</strong></span> <span class='ocrx_word' id='word_1_813' title='bbox 2705 4836 3010 4892; x_wconf 87' lang='lat' dir='ltr'><strong>hominibus</strong></span> <span class='ocrx_word' id='word_1_814' title='bbox 3053 4837 3118 4890; x_wconf 85' lang='lat' dir='ltr'><strong>ad</strong></span> <span class='ocrx_word' id='word_1_815' title='bbox 3154 4837 3327 4906; x_wconf 85' lang='lat' dir='ltr'><strong>ipsum</strong></span> <span class='ocrx_word' id='word_1_816' title='bbox 3374 4844 3551 4890; x_wconf 85' lang='lat' dir='ltr'><strong>trans-</strong></span> 
     </span>
    </p>
   </div>
   <div class='ocr_carea' id='block_1_111' title="bbox 2055 5063 3552 5140">
    <p class='ocr_par' dir='ltr' id='par_1_111' title="bbox 2055 5063 3552 5140">
     <span class='ocr_line' id='line_1_113' title="bbox 2055 5063 3552 5140; baseline -0.002 -16"><span class='ocrx_word' id='word_1_817' title='bbox 2055 5070 2168 5140; x_wconf 76' lang='grc'><strong>(⁸71)</strong></span> <span class='ocrx_word' id='word_1_818' title='bbox 2212 5069 2359 5140; x_wconf 83' lang='lat' dir='ltr'><strong>Editi</strong></span> <span class='ocrx_word' id='word_1_819' title='bbox 2403 5077 2459 5122; x_wconf 90' lang='lat' dir='ltr'><strong>et</strong></span> <span class='ocrx_word' id='word_1_820' title='bbox 2503 5083 2634 5125; x_wconf 90' lang='lat' dir='ltr'><strong>mss.</strong></span> <span class='ocrx_word' id='word_1_821' title='bbox 2681 5083 2788 5122; x_wconf 89' lang='lat' dir='ltr'><strong>non</strong></span> <span class='ocrx_word' id='word_1_822' title='bbox 2830 5068 2983 5137; x_wconf 83' lang='lat' dir='ltr'><strong>pnnci</strong></span> <span class='ocrx_word' id='word_1_823' title='bbox 3035 5065 3378 5136; x_wconf 79' lang='grc' dir='ltr'>ὲπιλέγομεν.</span> <span class='ocrx_word' id='word_1_824' title='bbox 3420 5063 3552 5136; x_wconf 60' lang='lat' dir='ltr'><strong>Reg.</strong></span> 
     </span>
    </p>
   </div>
   <div class='ocr_carea' id='block_1_112' title="bbox 1985 5139 2576 5208">
    <p class='ocr_par' dir='ltr' id='par_1_112' title="bbox 1985 5139 2576 5208">
     <span class='ocr_line' id='line_1_114' title="bbox 1985 5139 2576 5208; baseline -0.002 -14"><span class='ocrx_word' id='word_1_825' title='bbox 1985 5139 2174 5195; x_wconf 78' lang='lat' dir='ltr'><strong>tertius</strong></span> <span class='ocrx_word' id='word_1_826' title='bbox 2212 5139 2576 5208; x_wconf 84' lang='grc' dir='ltr'>ὲπιλέγωμεν.</span> 
     </span>
    </p>
   </div>
   <div class='ocr_carea' id='block_1_113' title="bbox 2055 5203 3553 5281">
    <p class='ocr_par' dir='ltr' id='par_1_113' title="bbox 2055 5203 3553 5281">
     <span class='ocr_line' id='line_1_115' title="bbox 2055 5203 3553 5281; baseline -0.003 -21"><span class='ocrx_word' id='word_1_827' title='bbox 2055 5211 2169 5279; x_wconf 75' lang='lat'><strong>(72)</strong></span> <span class='ocrx_word' id='word_1_828' title='bbox 2209 5209 2349 5263; x_wconf 81' lang='lat' dir='ltr'><strong>Editi</strong></span> <span class='ocrx_word' id='word_1_829' title='bbox 2379 5203 2408 5263; x_wconf 80' lang='grc' dir='ltr'><strong>ὸ</strong></span> <span class='ocrx_word' id='word_1_830' title='bbox 2433 5203 2645 5281; x_wconf 75' lang='grc' dir='ltr'>Πατήρ.</span> <span class='ocrx_word' id='word_1_831' title='bbox 2677 5208 2952 5264; x_wconf 82' lang='lat' dir='ltr'><strong>Articulus</strong></span> <span class='ocrx_word' id='word_1_832' title='bbox 2983 5208 3036 5262; x_wconf 90' lang='lat' dir='ltr'><strong>in</strong></span> <span class='ocrx_word' id='word_1_833' title='bbox 3069 5222 3196 5260; x_wconf 89' lang='lat' dir='ltr'><strong>mss.</strong></span> <span class='ocrx_word' id='word_1_834' title='bbox 3221 5203 3421 5260; x_wconf 69' lang='lat' dir='ltr'><strong>noetris</strong></span> <span class='ocrx_word' id='word_1_835' title='bbox 3448 5221 3553 5258; x_wconf 93' lang='lat' dir='ltr'><strong>non</strong></span> 
     </span>
    </p>
   </div>
   <div class='ocr_carea' id='block_1_114' title="bbox 1985 5281 2272 5336">
    <p class='ocr_par' dir='ltr' id='par_1_114' title="bbox 1985 5281 2272 5336">
     <span class='ocr_line' id='line_1_116' title="bbox 1985 5281 2272 5336; baseline -0.014 0"><span class='ocrx_word' id='word_1_836' title='bbox 1985 5281 2272 5336; x_wconf 77' lang='lat' dir='ltr'><strong>invenitur.</strong></span> 
     </span>
    </p>
   </div>
   <div class='ocr_carea' id='block_1_115' title="bbox 1988 5345 3554 5479">
    <p class='ocr_par' dir='ltr' id='par_1_115' title="bbox 1988 5345 3554 5479">
     <span class='ocr_line' id='line_1_117' title="bbox 1988 5345 3554 5479; baseline -0.004 -76"><span class='ocrx_word' id='word_1_837' title='bbox 1988 5423 2021 5479; x_wconf 60' lang='grc' dir='ltr'><em>ά</em></span> <span class='ocrx_word' id='word_1_838' title='bbox 2055 5350 2168 5472; x_wconf 54' lang='lat'><strong>(7.?)</strong></span> <span class='ocrx_word' id='word_1_839' title='bbox 2211 5349 2350 5405; x_wconf 79' lang='lat' dir='ltr'><strong>Editi</strong></span> <span class='ocrx_word' id='word_1_840' title='bbox 2410 5349 2618 5422; x_wconf 78' lang='grc' dir='ltr'>Κύριος</span> <span class='ocrx_word' id='word_1_841' title='bbox 2673 5351 2850 5421; x_wconf 78' lang='grc' dir='ltr'>ἡμῶν.</span> <span class='ocrx_word' id='word_1_842' title='bbox 2908 5349 3017 5402; x_wconf 74' lang='lat' dir='ltr'><strong>Vox</strong></span> <span class='ocrx_word' id='word_1_843' title='bbox 3077 5347 3262 5400; x_wconf 89' lang='lat' dir='ltr'><strong>ultima</strong></span> <span class='ocrx_word' id='word_1_844' title='bbox 3307 5345 3364 5399; x_wconf 89' lang='lat' dir='ltr'><strong>in</strong></span> <span class='ocrx_word' id='word_1_845' title='bbox 3424 5360 3554 5397; x_wconf 85' lang='lat' dir='ltr'><strong>mss.</strong></span> 
     </span>
     <span class='ocr_line' id='line_1_118' title="bbox 2025 5439 2156 5476; baseline -0.015 -1"><span class='ocrx_word' id='word_1_846' title='bbox 2025 5439 2112 5476; x_wconf 63' lang='grc' dir='ltr'>(τες</span> <span class='ocrx_word' id='word_1_847' title='bbox 2145 5461 2156 5473; x_wconf 88' lang='grc'><strong>.</strong></span> 
     </span>
    </p>
   </div>
   <div class='ocr_carea' id='block_1_116' title="bbox 2025 5432 2156 5476">
    <p class='ocr_par' dir='ltr' id='par_1_116' title="bbox 2025 5432 2156 5476">
     <span class='ocr_line' id='line_1_119' title="bbox 2025 5432 2156 5476; baseline -0.015 -1"><span class='ocrx_word' id='word_1_848' title='bbox 2025 5432 2156 5476; x_wconf 68' lang='grc' dir='ltr'>εεςι.</span> 
     </span>
    </p>
   </div>
   <div class='ocr_carea' id='block_1_117' title="bbox 2064 5483 3606 5561">
    <p class='ocr_par' dir='ltr' id='par_1_117' title="bbox 2064 5483 3606 5561">
     <span class='ocr_line' id='line_1_120' title="bbox 2064 5483 3606 5561; baseline -0.007 -15"><span class='ocrx_word' id='word_1_849' title='bbox 2064 5493 2175 5561; x_wconf 72' lang='grc'><strong>(74)</strong></span> <span class='ocrx_word' id='word_1_850' title='bbox 2216 5489 2355 5546; x_wconf 83' lang='lat' dir='ltr'><strong>Editi</strong></span> <span class='ocrx_word' id='word_1_851' title='bbox 2387 5501 2441 5546; x_wconf 87' lang='lat' dir='ltr'><strong>et</strong></span> <span class='ocrx_word' id='word_1_852' title='bbox 2465 5491 2571 5545; x_wconf 88' lang='lat' dir='ltr'><strong>dno</strong></span> <span class='ocrx_word' id='word_1_853' title='bbox 2603 5505 2730 5544; x_wconf 85' lang='lat' dir='ltr'><strong>mss.</strong></span> <span class='ocrx_word' id='word_1_854' title='bbox 2759 5491 2893 5561; x_wconf 87' lang='grc' dir='ltr'>πρὸς</span> <span class='ocrx_word' id='word_1_855' title='bbox 2933 5488 3141 5542; x_wconf 80' lang='grc' dir='ltr'>ἑαυτὸν.</span> <span class='ocrx_word' id='word_1_856' title='bbox 3192 5483 3349 5561; x_wconf 72' lang='lat' dir='ltr'><strong>Unde</strong></span> <span class='ocrx_word' id='word_1_857' title='bbox 3388 5484 3558 5561; x_wconf 74' lang='lat' dir='ltr'><strong>intcr-</strong></span> <span class='ocrx_word' id='word_1_858' title='bbox 3597 5537 3606 5544; x_wconf 91' lang='lat'><strong>_</strong></span> 
     </span>
    </p>
   </div>
   <div class='ocr_carea' id='block_1_118' title="bbox 1992 5557 3601 5632">
    <p class='ocr_par' dir='ltr' id='par_1_118' title="bbox 1992 5557 3601 5632">
     <span class='ocr_line' id='line_1_121' title="bbox 1992 5557 3601 5632; baseline -0.006 -17"><span class='ocrx_word' id='word_1_859' title='bbox 1992 5557 2116 5630; x_wconf 81' lang='lat' dir='ltr'><strong>pres</strong></span> <span class='ocrx_word' id='word_1_860' title='bbox 2143 5557 2166 5616; x_wconf 70' lang='grc' dir='ltr'><strong>ε’</strong></span> <span class='ocrx_word' id='word_1_861' title='bbox 2199 5565 2267 5616; x_wconf 84' lang='lat' dir='ltr'><strong>ad</strong></span> <span class='ocrx_word' id='word_1_862' title='bbox 2304 5580 2358 5616; x_wconf 77' lang='lat' dir='ltr'><strong>re</strong></span> <span class='ocrx_word' id='word_1_863' title='bbox 2394 5564 2563 5627; x_wconf 80' lang='lat' dir='ltr'><strong>ipsum</strong></span> <span class='ocrx_word' id='word_1_864' title='bbox 2614 5557 2910 5629; x_wconf 72' lang='lat' dir='ltr'><strong>transfert:</strong></span> <span class='ocrx_word' id='word_1_865' title='bbox 2945 5561 3084 5632; x_wconf 71' lang='lat' dir='ltr'><strong>quod</strong></span> <span class='ocrx_word' id='word_1_866' title='bbox 3131 5559 3258 5632; x_wconf 78' lang='lat' dir='ltr'><strong>quin</strong></span> <span class='ocrx_word' id='word_1_867' title='bbox 3300 5557 3557 5632; x_wconf 52' lang='lat' dir='ltr'><strong>gitiosnm</strong></span> <span class='ocrx_word' id='word_1_868' title='bbox 3580 5567 3601 5632; x_wconf 56' lang='lat'>“</span> 
     </span>
    </p>
   </div>
   <div class='ocr_carea' id='block_1_119' title="bbox 1992 5626 3597 5700">
    <p class='ocr_par' dir='ltr' id='par_1_119' title="bbox 1992 5626 3597 5700">
     <span class='ocr_line' id='line_1_122' title="bbox 1992 5626 3597 5700; baseline -0.006 -12"><span class='ocrx_word' id='word_1_869' title='bbox 1992 5626 2084 5695; x_wconf 82' lang='lat' dir='ltr'><strong>sit,</strong></span> <span class='ocrx_word' id='word_1_870' title='bbox 2114 5634 2345 5688; x_wconf 88' lang='lat' dir='ltr'><strong>dubitari</strong></span> <span class='ocrx_word' id='word_1_871' title='bbox 2377 5626 2522 5686; x_wconf 89' lang='lat' dir='ltr'><strong>nullo</strong></span> <span class='ocrx_word' id='word_1_872' title='bbox 2554 5635 2710 5686; x_wconf 84' lang='lat' dir='ltr'><strong>modo</strong></span> <span class='ocrx_word' id='word_1_873' title='bbox 2743 5626 2938 5700; x_wconf 84' lang='lat' dir='ltr'><strong>potest.</strong></span> <span class='ocrx_word' id='word_1_874' title='bbox 2972 5629 3087 5681; x_wconf 80' lang='lat' dir='ltr'><strong>Non</strong></span> <span class='ocrx_word' id='word_1_875' title='bbox 3115 5626 3260 5682; x_wconf 90' lang='lat' dir='ltr'><strong>enim</strong></span> <span class='ocrx_word' id='word_1_876' title='bbox 3300 5626 3597 5700; x_wconf 60' lang='lat' dir='ltr'><strong>quinusi</strong></span> 
     </span>
    </p>
   </div>
   <div class='ocr_carea' id='block_1_120' title="bbox 1994 5692 3629 5773">
    <p class='ocr_par' dir='ltr' id='par_1_120' title="bbox 1994 5692 3629 5773">
     <span class='ocr_line' id='line_1_123' title="bbox 1994 5692 3629 5773; baseline -0.008 -15"><span class='ocrx_word' id='word_1_877' title='bbox 1994 5692 2199 5773; x_wconf 82' lang='lat' dir='ltr'><strong>seipse</strong></span> <span class='ocrx_word' id='word_1_878' title='bbox 2231 5713 2384 5758; x_wconf 85' lang='lat' dir='ltr'><strong>vocat</strong></span> <span class='ocrx_word' id='word_1_879' title='bbox 2426 5703 2637 5757; x_wconf 85' lang='lat' dir='ltr'><strong>Patrem</strong></span> <span class='ocrx_word' id='word_1_880' title='bbox 2669 5719 2684 5755; x_wconf 93' lang='lat'><strong>:</strong></span> <span class='ocrx_word' id='word_1_881' title='bbox 2715 5692 2808 5754; x_wconf 73' lang='lat' dir='ltr'><strong>scd</strong></span> <span class='ocrx_word' id='word_1_882' title='bbox 2851 5701 2907 5773; x_wconf 87' lang='lat' dir='ltr'><strong>id</strong></span> <span class='ocrx_word' id='word_1_883' title='bbox 2958 5712 3150 5773; x_wconf 76' lang='lat' dir='ltr'><strong>nomen</strong></span> <span class='ocrx_word' id='word_1_884' title='bbox 3195 5692 3456 5773; x_wconf 60' lang='lat' dir='ltr'><strong>transfert</strong></span> <span class='ocrx_word' id='word_1_885' title='bbox 3493 5697 3560 5755; x_wconf 67' lang='lat' dir='ltr'><strong>ad</strong></span> <span class='ocrx_word' id='word_1_886' title='bbox 3603 5693 3629 5721; x_wconf 65' lang='grc' dir='ltr'><strong>θ</strong></span> 
     </span>
    </p>
   </div>
   <div class='ocr_carea' id='block_1_121' title="bbox 1996 5765 3560 5837">
    <p class='ocr_par' dir='ltr' id='par_1_121' title="bbox 1996 5765 3560 5837">
     <span class='ocr_line' id='line_1_124' title="bbox 1996 5765 3560 5837; baseline -0.008 -9"><span class='ocrx_word' id='word_1_887' title='bbox 1996 5765 2161 5828; x_wconf 79' lang='lat' dir='ltr'><strong>Deum</strong></span> <span class='ocrx_word' id='word_1_888' title='bbox 2199 5777 2609 5833; x_wconf 78' lang='lat' dir='ltr'><strong>universorum.</strong></span> <span class='ocrx_word' id='word_1_889' title='bbox 2658 5786 2750 5824; x_wconf 86' lang='lat' dir='ltr'><strong>seu</strong></span> <span class='ocrx_word' id='word_1_890' title='bbox 2799 5771 2863 5823; x_wconf 92' lang='lat' dir='ltr'><strong>ad</strong></span> <span class='ocrx_word' id='word_1_891' title='bbox 2903 5786 3057 5823; x_wconf 89' lang='lat' dir='ltr'><strong>suum</strong></span> <span class='ocrx_word' id='word_1_892' title='bbox 3111 5769 3278 5837; x_wconf 78' lang='lat' dir='ltr'><strong>ipsius</strong></span> <span class='ocrx_word' id='word_1_893' title='bbox 3324 5765 3560 5820; x_wconf 82' lang='lat' dir='ltr'><strong>Patrem.</strong></span> 
     </span>
    </p>
   </div>
   <div class='ocr_carea' id='block_1_122' title="bbox 1996 5840 3279 5907">
    <p class='ocr_par' dir='ltr' id='par_1_122' title="bbox 1996 5840 3279 5907">
     <span class='ocr_line' id='line_1_125' title="bbox 1996 5840 3279 5907; baseline -0.002 -8"><span class='ocrx_word' id='word_1_894' title='bbox 1996 5845 2174 5900; x_wconf 66' lang='lat' dir='ltr'><strong>Codex</strong></span> <span class='ocrx_word' id='word_1_895' title='bbox 2207 5844 2356 5899; x_wconf 88' lang='lat' dir='ltr'><strong>Colb.</strong></span> <span class='ocrx_word' id='word_1_896' title='bbox 2387 5853 2439 5899; x_wconf 88' lang='lat' dir='ltr'><strong>et</strong></span> <span class='ocrx_word' id='word_1_897' title='bbox 2471 5843 2558 5898; x_wconf 88' lang='lat' dir='ltr'><strong>alii</strong></span> <span class='ocrx_word' id='word_1_898' title='bbox 2600 5851 2710 5897; x_wconf 83' lang='lat' dir='ltr'><strong>tres</strong></span> <span class='ocrx_word' id='word_1_899' title='bbox 2739 5841 2872 5907; x_wconf 84' lang='grc' dir='ltr'>πρὸς</span> <span class='ocrx_word' id='word_1_900' title='bbox 2901 5840 3085 5903; x_wconf 68' lang='grc' dir='ltr'>αὐτόν,</span> <span class='ocrx_word' id='word_1_901' title='bbox 3113 5851 3279 5896; x_wconf 81' lang='lat' dir='ltr'><strong>recte.</strong></span> 
     </span>
    </p>
   </div>
  </div>
