4002 6408
291 401 397 456 625

1412 401 1781 458 ADVERSUS
1821 402 2185 459 EUNOMIUM
2227 404 2352 458 LIB.
2396 402 2458 457 ll.

3452 408 3556 465 6’38

294 518 574 571 δεικνύναι
598 518 712 584 (84)
738 518 835 589 τὴν
869 519 1054 572 ούσίαν
1080 521 1401 588 ἐφιλονείκει
1422 538 1437 551 ο
1464 522 1578 573 νυν)
1611 522 1689 584 δὲ,
1723 521 1872 575 πάλικ

1987 524 2111 575 tiam
2165 525 2464 595 genlturam
2524 537 2643 577 esse
2700 524 2983 578 ostendere
3036 525 3348 577 conabatur.
3408 524 3559 580 Nunc

293 612 393 679 τὴν
422 611 522 680 τῆς
547 610 733 675 ούσίας
765 613 1035 665 οίκείωσιν
1076 613 1161 665 διὰ
1198 613 1293 681 τῆς
1322 613 1505 681 φωνῆς
1543 613 1743 683 ταύτης
1783 631 1875 683 ση-

299 703 632 772 μαινομένην
682 703 843 774 ὁρῶν,
894 706 955 756 τὸ
999 705 1357 773 γεγεννῆσθαι
1402 704 1495 774 τού
1541 708 1875 774 γεννήματος

292 771 609 863 ἀφαιρεῖται
642 771 775 860 (83).
819 796 928 846 Καὶ
960 771 1085 863 μὴν
1107 771 1339 857 είῆτούτο
1368 794 1443 856 ὡς
1457 771 1873 864 ’πάθους-δηλω-

292 884 445 937 τικὸν
477 887 839 956 παραιτεῖται,
864 885 920 955 ίτί
956 885 1151 937 κωλύει
1189 886 1283 938 κα).
1317 887 1374 939 τὸ
1418 887 1746 957 δημιουργὸν
1778 888 1875 939 αύο

292 977 383 1027 τὸν
415 970 554 1027 εἶναι
600 974 687 1027 διὰ
734 975 831 1038 τάς
875 976 1042 1038 αὑτὰς
1089 978 1266 1039 αίτίας
1312 978 1385 1048 μὴ
1440 979 1870 1049 παραδέχεσθαι;

292 1067 439 1120 Διότι
488 1067 690 1128 πάσαις
732 1070 849 1129 ταῖς
888 1071 1224 1136 σωματικαῖς
1259 1068 1558 1138 ἐνεργείαις
1608 1070 1637 1139 ἢ
1675 1069 1873 1121 πλείων

299 1175 376 1222 τις
409 1158 627 1221 πάντως
659 1159 691 1227 ἢ
727 1160 962 1212 ἐλάττων
992 1160 1155 1222 κόπος
1200 1161 1569 1224 συνέζευκται,
1606 1160 1745 1213 κατὰ
1776 1161 1873 1231 τὴν

293 1251 585 1320 ἀναλογίαν
618 1253 717 1321 τῆς
741 1252 834 1304 τοῦ
868 1252 1145 1315 ποιοῦντος
1170 1254 1448 1324 δυνάμεως
1481 1256 1573 1306 κα).
1608 1255 1708 1324 τῆς
1738 1255 1873 1324 πρὸς

291 1343 362 1394 τὰ
391 1342 593 1414 μεγέθη
621 1341 729 1395 τῶν
760 1343 1164 1413 ἐνεργουμένων
1192 1344 1472 1415 διαφορᾶς.
1515 1344 1624 1415 Τήν
1656 1361 1717 1411 γε
1770 1344 1873 1413 μὴν

294 1436 444 1491 θείαν
473 1435 565 1487 καὶ
593 1434 865 1505 μακαρίαν
895 1434 1053 1502 φύσιν
1088 1435 1319 1505 καμάτῳ
1344 1434 1522 1500 λέγειν
1558 1433 1873 1503 συνέχεσθαι

294 1528 391 1595 οὐχ
414 1521 577 1595 ἦττον
620 1524 834 1589 ἀσεϐὲς,
879 1523 910 1593 ἥ
960 1526 1069 1587 τοῖς
1100 1524 1397 1594 αἰσχίστοις
1440 1525 1609 1595 αὐτὴν
1649 1524 1872 1576 πάθεσιν

298 1618 639 1673 ὑποϐάλλειν.
675 1618 735 1670 El
765 1617 821 1670 δὲ
848 1617 1073 1681 ἀπαθῶς
1112 1618 1302 1683 κτίζει,
1337 1616 1520 1688 ἀπαθῆ
1548 1613 1682 1670 εἶναι
1718 1617 1871 1683 δέξα-

299 1711 391 1765 σθε
413 1713 508 1765 καὶ
528 1711 624 1781 τὴν
646 1710 918 1779 γέννησιν.

367 1803 456 1857 21.
500 1804 585 1865 Ὠς
632 1803 727 1873 μὲν
762 1797 855 1855 οὖν
899 1802 1101 1871 κυρίως
1142 1802 1233 1854 καὶ
1273 1802 1656 1871 προσηκόντως
1686 1803 1871 1874 Πατὴρ

294 1894 509 1959 λέγεται
538 1893 565 1942 ὁ
589 1892 739 1956 Θεὸς,
772 1892 865 1944 καὶ
889 1891 963 1954 ὡς
991 1892 1111 1960 οὐχὶ
1146 1890 1370 1954 πάθους,
1405 1891 1516 1945 ἁλλ’
1547 1891 1871 1956 οίκειὼσεὼς

294 1988 441 2038 ἐστιν
475 1985 663 2055 ὄνομα,
704 1984 735 2053 ἢ
776 1984 874 2053 τῆς
902 1984 1043 2035 κατᾶ
1071 1985 1250 2054 χάριν,
1286 1985 1359 2045 ὡς
1388 1986 1477 2036 ἐπὶ
1512 1984 1619 2035 τῶν
1662 1984 1866 2055 ἀνθρώ-

295 2097 433 2140 πων,
466 2078 497 2147 ἧ
528 2079 627 2147 τῆς
654 2076 797 2130 κατά
824 2077 1005 2145 φύσιν,
1033 2078 1107 2139 ὡς
1137 2079 1229 2129 ἐπὶ
1258 2076 1351 2129 τοῦ
1380 2078 1736 2145 Μονογενούς,
1762 2080 1874 2130 ἱκα-

294 2173 400 2236 νῶς
429 2171 674 2241 εἴρηται·
714 2170 893 2239 δῶμεν
923 2168 978 2221 δὲ
1008 2164 1144 2221 εἶναι
1170 2168 1453 2239 τροπικὴν,
1488 2171 1579 2223 καὶ
1612 2172 1675 2221 ὲκ
1710 2187 1873 2239 μετα-

294 2264 469 2332 φορᾶς
506 2259 758 2327 λέγεσθαι
806 2259 940 2328 (86),
978 2258 1163 2328 ῶσπερ
1212 2259 1305 2310 καὶ
1352 2257 1515 2320 ἄλλας
1544 2259 1741 2329 μυρίας
1778 2258 1872 2311 καὶ

292 2357 391 2424 τὴν
446 2352 627 2423 φωνὴν
680 2351 899 2422 ταύτην.
972 2351 1057 2412 Ὠς
1103 2351 1304 2412 τοίνυν,
1352 2349 1722 2421 ὀργιζόμενον,
1780 2353 1872 2404 καὶ

294 2445 587 2504 ύπνοῧντα,
633 2446 725 2496 καὶ
759 2443 1051 2512 πετόμενον
1102 2442 1393 2505 ἀκούοντες
1450 2444 1537 2495 τὸν
1581 2444 1728 2506 Θεὸν,
1780 2444 1871 2497 καὶ

292 2539 468 2591 ἀλλων
494 2536 748 2590 τοιούτων
765 2537 1029 2605 ἀπρεπεῖς
1049 2537 1187 2589 κατά
1210 2536 1299 2587 τὸν
1319 2535 1605 2603 πρόχειρον
1629 2533 1751 2587 νοῦν
1776 2535 1873 2598 τὰς

293 2629 562 2699 ἐμφάσεις
585 2626 990 2697 παρεχομένων,
1026 2626 1147 2678 οὔτε
1172 2625 1270 2688 τὰς
1292 2626 1473 2693 φωνὰς
1500 2625 1593 2678 τοῦ
1624 2625 1873 2694 Πνεύμα-

292 2739 384 2783 τος
442 2721 830 2791 διαγράφομεν,
876 2717 999 2771 οὔτε
1051 2718 1377 2788 σωματικῶς
1409 2718 1516 2775 τῶν
1569 2720 1872 2789 λεγομένων

294 2814 563 2884 ἀκούομεν
586 2831 600 2844 ·
633 2812 686 2864 τί
718 2813 911 2883 δήποτε
940 2814 1061 2882 οὐχὶ
1092 2814 1204 2873 καὶ,
1236 2813 1333 2883 τῆς
1357 2812 1540 2881 φωνῆς
1564 2812 1766 2883 ταύτης
1785 2810 1874 2865 οὖ-

293 2923 373 2957 τω
404 2904 641 2973 συνεχῶς
670 2902 1116 2974 παραληφθείσης
1151 2903 1253 2954 ὑπὸ
1282 2902 1373 2954 τοῦ
1397 2901 1533 2954 Πνεύ
1544 2919 1709 2969 ματος
1737 2902 1869 2970 (87),

292 2997 394 3059 τάς
424 2996 742 3066 θεοπρεπεῖς
764 2994 931 3064 αὐτῆς
954 2996 1162 3057 ἐννοίας
1188 2994 1614 3066 διερευνώμεθα;
1643 2994 1673 3065 ἦ
1709 2994 1873 3065 μόνην

294 3090 500 3159 ταύτην
521 3088 619 3157 τῆς
644 3088 866 3159 Γραφῆς
893 3086 1263 3159 ἀπαλείψόμεν
1295 3089 1429 3158 (88),
1466 3090 1527 3141 ὲκ
1549 3090 1647 3158 τῆς
1669 3089 1873 3160 ἀνθρω-

296 3197 459 3251 πινης
506 3181 756 3251 χρήσεως
800 3180 1260 3249 συκοφαντοῦντες
1316 3181 1517 3251 αύτήν;
1578 3180 1788 3233 Ούτωσὶ
1817 3181 1873 3233 δὲ

296 3274 611 3345 σκοπῶμεν.
671 3274 772 3326 Δύο
819 3274 1230 3345 σημαινομένων
1282 3274 1344 3326 ὲκ
1395 3273 1495 3343 τῆς
1540 3272 1631 3325 τοῦ
1680 3275 1871 3344 γεννᾷν

296 3367 667 3438 προσηγορίας
698 3366 838 3419 κατὰ
868 3354 967 3437 τήν
990 3361 1090 3419 ὦδε
1124 3366 1429 3437 συνήθειαν,
1457 3365 1659 3436 πάθους
1690 3383 1749 3417 τε
1780 3365 1869 3418 τοῦ

295 3460 592 3529 γεννῶν-τος
631 3460 725 3511 καὶ
761 3460 859 3527 τῆς
891 3459 1026 3528 πρὸς
1056 3460 1115 3510 τὸ
1153 3458 1485 3528 γεννώμενον
1527 3458 1871 3521 οίκειώσεως,

294 3555 424 3606 ὅταν
450 3551 599 3623 παρά
622 3550 716 3602 τοῦ
750 3551 957 3619 Πατρὸς
988 3549 1066 3618 τῷ
1096 3552 1387 3617 Μονογενεῖ
1414 3550 1636 3618 λέγηται
1665 3550 1743 3612 τὸ,
1778 3550 1871 3601 Ἐκ

296 3644 558 3714 γαστρὸς
586 3642 699 3710 πρὸ
727 3643 1032 3710 ἑωσφόρον
1058 3640 1358 3710 ἐγέννησά
1385 3658 1477 3704 σε,
1511 3641 1606 3693 καὶ
1630 3641 1710 3705 τὸ,
1742 3642 1873 3706 Υἱός

292 3754 414 3806 μου
443 3732 503 3789 εἴ
528 3735 631 3800 σὺ,
671 3733 785 3803 ἐγὼ
818 3733 1082 3803 σήμερον
1115 3733 1443 3804 γεγέννηκά
1487 3750 1558 3787 σε
1579 3752 1590 3763 ·
1648 3735 1873 3803 πότερον

296 3831 502 3883 τούτων
528 3828 888 3900 παρίστασθαι
925 3829 1113 3898 φῶμεν
1142 3828 1228 3881 διὰ
1254 3828 1347 3880 τοῦ
1385 3830 1658 3899 ρήματος;
1684 3828 1743 3879 τὸ
1772 3828 1871 3897 ἐμ-

300 3922 471 3986 παθὲς
500 3921 605 3974 τῶν
629 3920 960 3989 γεννώντων.
991 3920 1022 3989 ἢ
1052 3920 1149 3991 τὴν
1169 3921 1267 3988 τῆς
1291 3918 1502 3987 φύσεως
1536 3919 1870 3987 οίκειότητα;

314 4011 455 4080 Ἐγὼ
488 4012 585 4081 μὲν
606 4012 715 4081 γὰρ
746 4010 901 4062 τοῦτό
926 4026 1066 4078 φημι
1086 4025 1097 4038 ⁸
1133 4010 1225 4061 καὶ
1257 4009 1375 4061 οὐδὲ
1395 4008 1613 4071 τούτους
1639 4007 1873 4078 ἡγουμαί

300 4122 432 4158 ποτε
469 4103 543 4175 μὴ
580 4104 699 4173 οὐχὶ
721 4105 800 4165 είς
830 4101 1086 4171 λαμπράν
1125 4101 1482 4171 μελαγχολίαν
1515 4101 1872 4171 παρενεχθέν-

294 4216 399 4261 τας
436 4195 853 4250 ἐναντιώσεσθαι
878 4196 1009 4259 (89ι.
1049 4196 1208 4247 Ὥστε
1237 4198 1282 4247 εί
1317 4196 1413 4265 μὲν
1443 4197 1615 4247 οἰκεία
1646 4194 1721 4263 τῷ
1759 4194 1876 4264 Θεῷ

301 4293 334 4358 ἡ
365 4289 537 4358 φωνὴ,
570 4288 621 4340 τί
648 4288 929 4357 ἀτιμάζεις
952 4287 1025 4349 ῶς
1054 4286 1332 4359 ἀλλοτρίαν
1357 4304 1370 4351 ;
1395 4290 1442 4339 εἰ
1474 4286 1528 4339 δὲ
1561 4288 1622 4339 ἐκ
1644 4288 1751 4338 τῶν
1785 4288 1876 4339 ἁν-

302 4382 592 4450 θρωπίνων
636 4380 1117 4449 μετακεκόμισται,
1158 4380 1218 4430 τὸ
1272 4379 1421 4447 ὑγιὲς
1451 4381 1617 4448 αὐτῆς
1651 4378 1872 4444 ἐκλεξά-

308 4489 486 4543 μενος,
529 4470 665 4539 φύγε
700 4471 758 4523 τὸ
785 4474 960 4542 χεῖρον
982 4471 1089 4523 τῶν
1116 4471 1476 4541 δηλουμένων.
1518 4472 1734 4536 Ἔξεστι
1767 4470 1874 4540 γὰρ

1979 624 2157 667 autem
2210 630 2402 667 rursus
2447 613 2759 668 substantia:
2795 616 2958 684 260
2987 616 3418 683 conjunctionem
3456 618 3559 671 bac

1979 720 2110 759 voce
2168 706 2460 775 signiﬁcari
2515 722 2634 759 cum
2693 706 2909 770 videat,
2965 710 3265 775 genituram
3321 707 3555 775 genitam

1978 812 2097 851 esse
2149 806 2325 866 negat.
2368 797 2527 863 Atqui
2575 798 2619 851 si
2674 797 2776 851 hoc
2827 809 3080 864 tanquam
3115 797 3255 864 quod
3306 798 3554 851 atfectum

1983 888 2269 953 signiticet,
2307 889 2569 955 repudiat,
2600 889 2729 958 quid
2760 889 3003 957 prohibet
3036 890 3240 943 eisdem
3273 891 3339 943 de
3376 891 3556 943 causis

1976 978 2138 1029 etiam
2173 985 2472 1030 creatorem
2522 977 2694 1045 ipsum
2744 992 2862 1031 esse
2904 978 3148 1047 negare?
3180 978 3311 1031 Nam
3342 994 3437 1048 pro
3465 994 3553 1031 ra-

1978 1069 2123 1121 tione
2155 1068 2348 1123 virium
2380 1071 2494 1138 ejus
2532 1070 2621 1138 qui
2673 1070 2824 1134 facit,
2854 1081 2906 1125 et
2955 1086 3051 1139 pro
3095 1071 3410 1125 discrimine
3439 1076 3555 1124 ma;

1975 1161 2269 1228 gnitudinis
2316 1177 2503 1215 eorum
2552 1178 2673 1233 qua:
2726 1162 2883 1227 ﬁunt,
2918 1164 3222 1217 necessario
3256 1173 3343 1216 aut
3383 1164 3557 1231 major

1976 1263 2066 1305 aut
2114 1254 2289 1307 minor
2336 1252 2487 1307 labor
2532 1256 2811 1323 corporeis
2858 1255 3107 1309 omnibus
3150 1255 3557 1323 operationibus

1974 1344 2340 1412 cnnjuugitur.
2386 1344 2629 1398 Divinam
2688 1356 2865 1399 autent
2924 1362 2987 1400 ac
3036 1346 3243 1399 beatam
3298 1355 3549 1399 naturam

1974 1436 2152 1489 dicere
2184 1435 2368 1490 labore
2402 1437 2593 1505 premi,
2628 1452 2732 1490 non
2775 1438 2949 1491 minus
2995 1436 3217 1505 impium
3256 1448 3355 1499 est,
3392 1451 3551 1504 quam

1974 1544 2091 1581 eam
2150 1527 2430 1583 affectibus
2494 1530 2817 1599 turpissimis
2879 1528 3162 1597 subjicere.
3220 1526 3311 1581 Sin
3374 1536 3550 1581 autem

1975 1623 2109 1673 citra
2150 1619 2399 1673 allectum
2449 1630 2625 1684 creat,
2668 1622 3068 1691 generationem
3114 1632 3325 1687 quoque
3357 1614 3553 1671 aﬂ'ectu

1976 1727 2100 1765 vaca
2114 1725 2168 1764 re
2198 1710 2494 1769 fateamini.

2045 1799 2135 1853 Ἡ.
2177 1799 2329 1865 Quod
2375 1802 2540 1870 igitur
2590 1802 2805 1870 proprie
2848 1818 2911 1854 ac
2957 1803 3149 1855 merito
3183 1800 3321 1856 Deus
3356 1800 3555 1855 dicitur

1905 1866 1946 1923 Β
1977 1893 2156 1958 Pater,
2195 1866 2420 1963 etquod
2466 1909 2572 1948 non
2592 1866 2855 1960 alit—actas,
2893 1896 2983 1949 Sed
3031 1894 3425 1963 conjunctionis
3460 1908 3553 1946 no-

1980 1999 2099 2038 men
2134 1995 2239 2049 est,
2273 1994 2368 2038 aut
2400 1984 2515 2051 ejus
2549 2000 2668 2053 qure
2698 1985 2756 2038 ﬁt
2788 2001 2882 2054 per
2911 1987 3161 2055 gratiam,
3197 1998 3253 2040 ut
3285 1987 3336 2040 iu
3374 1988 3548 2041 bomi-

1978 2077 2158 2142 nibus,
2192 2087 2283 2129 aut
2329 2076 2445 2145 ejus
2479 2092 2598 2146 quae
2644 2064 2938 2131 secundum
2984 2090 3229 2131 naturam
3262 2089 3364 2142 est,
3395 2088 3453 2132 ut
3497 2078 3550 2131 iu

1983 2168 2287 2238 Unigenito,
2322 2168 2456 2224 satis
2512 2168 2713 2222 dictum
2771 2178 2873 2223 est.
2923 2170 3026 2223 Sed
3074 2170 3262 2223 demus
3310 2180 3363 2223 et
3413 2172 3554 2226 banc

1978 2275 2161 2314 vocem
2192 2259 2449 2327 tropicam
2478 2274 2621 2323 esse,
2648 2276 2895 2329 eamque,
2927 2261 3135 2315 sicutet
3162 2262 3295 2317 alias
3325 2277 3549 2317 sexcen-

1983 2364 2084 2415 tas,
2114 2367 2211 2422 per
2258 2351 2663 2405 translationem
2700 2352 2825 2405 dici.
2868 2352 3324 2419 Quemadmodum
3366 2354 3551 2422 igitur,

1976 2461 2097 2500 cum
2130 2446 2293 2498 Deum
2329 2443 2580 2497 audimus
2623 2444 2806 2509 irasci,
2839 2445 3094 2509 dormire,
3124 2444 3323 2510 volare,
3358 2456 3412 2499 et
3446 2445 3552 2499 alia

1976 2540 2027 2593 id
2075 2553 2264 2608 genus,
2300 2552 2421 2606 qua:
2477 2552 2637 2589 sensu
2679 2537 2839 2589 obvio
2878 2535 3282 2603 intelligentiam
3336 2537 3559 2590 indecoo

1978 2620 2101 2682 ram'
2143 2644 2252 2698 prae
2302 2644 2359 2682 se
2415 2628 2612 2690 ferunt,
2645 2642 2748 2681 non
2788 2636 2962 2680 tamen
2999 2642 3159 2682 voces
3191 2628 3422 2697 Spiritus
3454 2643 3549 2682 ex-

1978 2721 2286 2789 pungimus,
2316 2734 2413 2773 nec
2438 2718 2595 2773 modo
2623 2732 2881 2786 corporeo
2908 2718 3021 2771 haec
3045 2718 3183 2772 dicta
3215 2719 3545 2786 accipimus;

1975 2828 2132 2881 quam
2186 2812 2397 2865 tandem
2440 2812 2509 2865 ob
2555 2825 2797 2874 causam,
2827 2825 2945 2863 cum
2981 2810 3092 2863 ba:c
3126 2825 3224 2863 vox
3260 2811 3392 2864 adeo
3432 2809 3549 2864 fre-

1976 2912 2201 2972 quenter
2230 2917 2258 2956 a
2292 2902 2491 2971 Spiritu
2531 2911 2786 2970 usurpata
2836 2903 2926 2964 sit,
2971 2915 3073 2954 non
3128 2902 3291 2955 etiam
3344 2917 3543 2957 conve-

1977 2998 2205 3062 nientem
2273 2994 2384 3050 Deo
2448 2994 2850 3065 intelligentiam
2929 2994 3352 3065 investigamus?
3422 3013 3553 3050 nunt

1977 3088 2115 3141 hanc
2161 3086 2331 3139 solam
2386 3101 2452 3138 ex
2502 3084 2780 3154 Scriptura
2830 3084 3151 3148 delebimus,
3184 3100 3301 3139 eam
3343 3100 3405 3140 ex
3447 3088 3554 3141 lm-

1979 3194 2137 3232 mano
2166 3193 2263 3231 usu
2306 3176 2740 3231 calumniantes?
2767 3177 2834 3228 At
2862 3192 2973 3230 rem
3010 3176 3089 3231 sic
3122 3178 3549 3233 consideremus.

1980 3272 2111 3325 Cum
2149 3271 2254 3324 duo
2297 3269 2672 3337 signiticentur
2706 3268 2997 3338 generandi
3032 3283 3161 3323 voce
3201 3284 3264 3323 ex
3318 3272 3552 3326 humano

1981 3376 2153 3427 more,
2206 3364 2517 3431 generautis
2572 3361 2779 3415 scilicet
2832 3359 3075 3425 allectus,
3133 3371 3187 3415 et
3248 3366 3554 3433 conjunctio

1980 3468 2099 3507 cum
2129 3454 2341 3522 genito;
2373 3452 2586 3521 quando
2610 3468 2638 3505 a
2663 3451 2823 3506 Patre
2850 3452 2913 3504 ad
2948 3450 3286 3517 Unigeuitum
3322 3454 3553 3507 dicitur:

1984 3545 2067 3597 Ea:
2094 3553 2237 3598 utero
2263 3555 2383 3598 ante
2408 3545 2687 3611 luci/erum
2722 3547 2875 3612 genui
2909 3553 2957 3596 te
2986 3545 3061 3605 ’7;
3096 3556 3177 3599 et:
3209 3544 3380 3599 Filius
3414 3563 3557 3601 metu

1965 3656 2032 3691 es
2066 3648 2142 3699 tu,
2177 3655 2267 3707 ego
2298 3638 2449 3691 hodie
2475 3639 2630 3706 genui
2657 3648 2704 3690 te
2732 3637 2811 3699 3‘;
2846 3647 3022 3689 utram
3060 3637 3247 3690 barum
3283 3639 3554 3708 signiﬁca-

1983 3733 2185 3785 tionum
2220 3733 2324 3785 boc
2354 3731 2521 3783 verbo
2550 3730 2776 3784 indicari
2809 3729 3089 3783 dicemus?
3113 3735 3557 3798 generantiumne

1981 3823 2250 3889 affectum,
2288 3838 2354 3875 an
2403 3831 2607 3875 natura:
2641 3822 3115 3889 conjunctionem?
3145 3820 3253 3889 Ego
3287 3822 3388 3877 hoc
3430 3837 3556 3877 ceu-

1981 3931 2107 3979 seo;
2143 3925 2199 3967 et
2244 3929 2310 3969 ne
2353 3913 2450 3967 hos
2495 3913 2736 3983 quidem,
2772 3914 2873 3968 nisi
2926 3914 2979 3967 in
3028 3914 3373 3969 manifestum
3424 3927 3557 3969 atra:

1981 4008 2102 4061 bilis
2150 4008 2393 4062 morbum
2456 4005 2792 4070 incidissent,
2828 4008 3263 4062 contradicturos
3316 4022 3553 4077 unquam

1981 4099 2149 4154 fuisse
2181 4100 2433 4153 arbitror.
2462 4098 2663 4165 Quare,
2696 4099 2740 4152 si
2770 4099 3020 4152 convenit
3040 4099 3145 4154 Deo
3163 4101 3273 4153 bazc
3303 4115 3425 4165 vox,
3458 4114 3559 4153 cur

1982 4195 2121 4247 sicut
2170 4193 2399 4246 alienam
2450 4190 2697 4257 spernis?
2753 4188 2847 4243 Sin
2898 4200 3075 4243 autem
3129 4207 3193 4244 ex
3247 4192 3557 4245 hominibus

1984 4284 2242 4339 translata
2292 4292 2397 4346 est,
2432 4298 2563 4335 sano
2611 4282 2916 4350 signiﬁcatu
2975 4282 3202 4347 delecto,
3238 4284 3359 4352 fuge
3407 4284 3556 4337 dete-

1984 4378 2201 4431 riorem.
2239 4373 2373 4428 Nam
2412 4374 2653 4442 profecto
2684 4374 2736 4427 in
2767 4374 3004 4427 dictione
3039 4389 3156 4441 qua:
3190 4376 3355 4427 multa
3388 4375 3559 4443 signi-

1985 4469 2127 4532 licat,
2158 4480 2277 4519 cum
2323 4467 2388 4519 ad
2424 4476 2619 4518 rectam
2680 4465 2951 4520 notionem
3010 4479 3105 4533 per
3150 4465 3316 4533 ipsam
3368 4479 3554 4517 vocem

302 4564 474 4632 δήπου
504 4564 560 4614 ὲν
594 4560 892 4631 πολυσήμῳ
917 4565 980 4631 τῇ
1008 4561 1170 4626 λέξει,
1197 4561 1333 4631 πρὸς
1354 4562 1452 4633 τὴν
1480 4561 1645 4631 ὀρθὴν
1670 4560 1872 4613 ἔννοιαν

1981 4556 2243 4611 deductus
2290 4554 2478 4620 fueris,
2523 4556 2649 4609 licet
2692 4555 2947 4609 humilem
2993 4567 3311 4623 turpemque
3357 4553 3557 4607 intelli-

301 4654 635 4723 66nm8év1a
661 4652 748 4705 διὰ
771 4653 862 4705 τοῦ
887 4655 1147 4723 ῥήματος,
1182 4653 1243 4705 τὸ
1265 4653 1516 4705 ταπεινὸν
1542 4654 1632 4706 καὶ
1654 4652 1873 4722 αἰσχρὸν

301 4747 399 4817 τῆς
432 4744 719 4816 ἐμφάσεως
749 4744 1071 4814 ὕπερόἧναι.
1115 4747 1223 4798 Καὶ
1269 4746 1341 4815 μή
1378 4763 1465 4815 μοι
1498 4745 1649 4812 λέγε·
1692 4743 1786 4806 Τίς
1817 4743 1872 4795 δὲ

376 4925 420 4956 ⁸⁷
454 4924 595 4979 Psal.
623 4940 733 4988 ent,
761 4924 815 4976 3.
894 4922 937 4953 ⁸⁸
963 4922 1103 4976 Psal.
1138 4940 1197 4988 ιι,
1228 4922 1279 4975 7.

378 5080 489 5150 (84)
524 5078 658 5132 Editi
686 5076 824 5133 εἶναι
848 5078 1141 5132 δεικνύναι.
1195 5078 1413 5132 Veteres
1466 5080 1701 5150 quinque
1751 5078 1876 5132 libri

302 5146 785 5205 οὖσανδεικνύναι.
824 5150 938 5202 Mox
979 5165 1109 5202 mss.
1147 5149 1385 5201 nonnulli
1421 5149 1733 5217 φιλονεικεῖ.

383 5221 495 5289 (85)
531 5220 680 5282 Illud,
724 5222 1073 5291 ἀφαιρεῖται,
1115 5220 1181 5271 ad
1234 5220 1464 5291 verbum
1519 5221 1879 5287 interpretans

306 5292 721 5359 Trapezuntius.
762 5292 840 5345 sic
868 5289 1082 5345 vertit:
1128 5289 1355 5359 genitum
1389 5306 1500 5343 esse
1538 5307 1568 5340 a
1618 5292 1877 5359 genintine

306 5372 547 5417 removet.
585 5359 696 5414 Hoc
724 5374 827 5423 est,
860 5369 1010 5429 negat
1052 5361 1170 5428 ﬁeri
1223 5361 1486 5423 potuisse,
1532 5370 1585 5412 ut
1637 5362 1879 5428 genitura

305 5432 482 5501 genita
520 5431 698 5497 fuerit.
732 5429 807 5485 Eo
839 5441 1048 5496 spectat
1075 5442 1181 5485 tota
1210 5429 1386 5483 Basilii
1426 5430 1786 5501 ratiocinatio,
1822 5442 1877 5481 ut

306 5500 497 5569 probet
545 5502 836 5569 pugnantia
874 5503 1017 5569 loqui
1058 5501 1396 5554 Eunomium.
1434 5500 1498 5553 Et
1538 5515 1664 5554 vero
1714 5501 1872 5564 proii-

308 5575 405 5625 teri
444 5571 637 5625 Filium
668 5572 967 5637 genituram
997 5588 1134 5633 esse,
1154 5580 1207 5625 et
1245 5582 1421 5624 tamen
1461 5584 1656 5638 negare
1685 5569 1877 5623 Filium

306 5644 545 5709 genitum
580 5641 764 5702 fuisse,
792 5642 919 5709 quid
950 5654 1053 5707 est,
1088 5656 1290 5709 qmeso,
1342 5643 1442 5696 nisi
1476 5643 1767 5712 pugnantia
1801 5642 1878 5695 lo-

306 5714 418 5783 qui,
440 5723 490 5765 et
521 5727 703 5783 secum
735 5730 837 5765 non
872 5715 1220 5765 consentire?

380 5782 492 5849 :86)
523 5782 698 5837 Codex
732 5797 869 5836 unus
900 5792 954 5834 ct
978 5784 1103 5834 editi
1147 5785 1209 5836 ὲκ
1267 5786 1574 5854 μεταφορᾶς
1607 5782 1875 5853 εἰρῆσθαι.

302 5853 513 5921 Reliqui
548 5870 638 5908 ses
675 5870 802 5907 mss.
840 5853 1108 5919 λέγεςϋαε.
1157 5853 1274 5908 ιιοκ
1314 5853 1505 5923 legitur
1546 5857 1595 5907 iu
1650 5855 1878 5921 vulgatis

1981 4651 2218 4722 gentiam
2265 4649 2563 4721 praeterire.
2606 4648 2716 4703 Nec
2760 4649 2890 4701 mihi
2927 4648 3073 4700 dicas
3107 4663 3122 4700 ι
3155 4645 3283 4712 Quae
3317 4661 3442 4700 vero
3472 4658 3556 4701 est

1983 4744 2283 4813 generatio,
2320 4752 2371 4797 et
2407 4742 2603 4810 qualis,
2637 4750 2693 4793 et
2719 4739 2988 4808 quomodo
3032 4740 3148 4792 lieri
3190 4738 3403 4809 potuit?
3439 4737 3552 4792 Non

1978 5078 2026 5130 εί
2078 5075 2256 5128 τοίνυν
2295 5093 2306 5126 :
2350 5073 2443 5127 sed
2501 5086 2595 5136 pro
2640 5070 2688 5122 εἰ
2740 5070 2920 5122 τοίνυν
2967 5068 3225 5136 scriptum
3265 5068 3317 5121 in
3355 5068 3555 5121 nostris

1979 5156 2184 5215 septem
2226 5143 2517 5215 codicibus
2543 5141 2967 5215 invenimus'ﬂ;
2992 5138 3198 5215 ἐτόρυνε

2052 5205 2164 5281 (87)
2204 5214 2429 5269 Codices
2474 5213 2676 5278 aliquot
2728 5212 2879 5280 παρά
2924 5209 3018 5262 τοῦ
3060 5208 3397 5278 Πνεύματος.
3436 5205 3552 5259 Vox

1980 5287 2194 5356 αὐτῆς,
2252 5302 2371 5355 quae
2433 5283 2613 5338 statim
2676 5284 2958 5350 sequitur,
3006 5282 3060 5333 in
3109 5282 3352 5348 quinque
3414 5294 3545 5332 mss.

1978 5361 2150 5412 deest.
2853 5380 2859 5389 ι

2051 5428 2161 5497 (88)
2204 5426 2324 5479 llam
2352 5425 2563 5497 diverse
2620 5423 2671 5476 in
2710 5422 2941 5497 diversis
2970 5420 3391 5497 distinguuntur.
3419 5415 3550 5469 Nam

1986 5490 2297 5566 invulgatis
2336 5506 2390 5550 et
2429 5496 2480 5548 in
2531 5510 2637 5547 uno
2668 5494 2854 5546 codice
2884 5491 3085 5566 virgula
3124 5490 3294 5566 posita
3333 5497 3417 5566 est
3465 5503 3553 5538 so-

1984 5569 2089 5622 lum
2142 5559 2260 5636 post
2291 5582 2473 5621 vocent
2512 5566 2798 5636 χρήσεωςε
2834 5571 2899 5636 at_
2934 5559 2984 5613 in
3012 5559 3191 5636 Regiis
3215 5559 3455 5636 secundo
3500 5568 3555 5636 et

1983 5628 2176 5705 quarto
2212 5636 2417 5705 virgula
2444 5628 2621 5688 statim
2650 5644 2771 5702 post
2793 5633 3010 5705 verbum
3038 5628 3416 5699 ἀπαλείψομεν
3445 5628 3555 5681 col—

1985 5703 2213 5763 locatur.
2254 5703 2485 5761 Primam
2517 5703 2877 5770 distinguendi
2926 5706 3189 5753 rationem
3226 5710 3443 5754 secutus
3470 5705 3556 5752 est.

1985 5782 2249 5847 interpres
2275 5789 2427 5831 vetus
2454 5793 2467 5827 :
2504 5792 2599 5827 nos
2624 5774 3001 5847 posteriorem.

2056 5840 2165 5921 (89)
2210 5849 2427 5903 Veteres
2454 5840 2656 5913 aliquot
2692 5844 2808 5895 libri
2864 5840 3306 5894 ἐναντιώσασθαι.
