4002 6408
482 348 588 406 697

1798 357 1855 415 S.
1899 356 2148 413 BASILII
2190 356 2405 413 MAGM

3649 346 3755 401 623

480 469 625 523 enim
656 470 908 537 quoniam
957 470 1178 525 omnino
1227 469 1512 527 incﬂ‘abilis
1561 471 1749 525 modus
1783 481 1865 525 est
1905 481 2064 538 atque

2185 473 2200 538 ⁵]
2230 470 2516 540 γέννησιςς
2563 467 2656 521 καὶ
2681 468 2928 537 ποταπή;
2960 465 3053 520 καὶ
3091 465 3208 528 πῶς
3240 464 3305 518 ἂν
3340 464 3555 531 γένοινο
3580 464 3754 534 αὖττμ

484 561 1067 630 incomprehensibilis,
1100 563 1357 618 continuo
1389 564 1554 617 etiam
1590 564 1797 617 ﬁrmam
1839 577 1904 616 ac
1949 573 2059 617 sta-

485 650 644 706 bilem
677 653 729 708 in
760 652 973 709 Patrem
1021 663 1073 710 et
1097 654 1289 709 Filium
1320 656 1476 710 [idem
1528 655 1865 724 abjiciemus.
1903 654 2059 714 Nam,

487 743 532 797 si
582 743 939 815 intelligentia
984 756 1165 802 nostra
1202 746 1529 803 voluerimus
1564 747 1739 801 metiri
1776 747 1978 808 omnia,
2009 756 2061 799 et

488 836 631 903 quod
676 846 856 891 mente
904 838 1020 907 capi
1073 852 1176 893 non
1233 846 1425 907 potest,
1463 837 1512 891 id
1552 836 1804 890 arbitrari
1844 836 2063 889 omnino

489 942 597 983 non
641 943 783 994 esse,
816 930 1010 998 peribit
1060 930 1205 993 ﬁdei,
1240 931 1436 998 peribit
1483 930 1595 999 spei
1649 942 1876 983 merces.
1922 927 2064 992 Quu-

494 1022 653 1079 modo
682 1032 861 1081 autem
895 1023 1154 1078 fuerimus
1186 1023 1414 1091 amplius
1447 1023 1591 1091 digni
1622 1020 2062 1084 beatitudinibus,

492 1126 614 1182 qua:
641 1114 693 1169 in
728 1114 833 1175 ﬁde
864 1131 1039 1171 rerum
1075 1130 1181 1169 non
1227 1115 1600 1184 apparentium
1633 1115 1881 1179 repositae
1916 1124 2061 1175 sunt,

493 1206 539 1263 si
568 1206 725 1276 261
762 1207 826 1261 iis
858 1208 985 1261 solis
1011 1223 1131 1276 quae
1167 1209 1359 1263 rationi
1408 1208 1669 1262 evidentia
1717 1214 1860 1270 sunt,
1908 1206 2062 1259 tidem

498 1297 790 1359 habemus?
822 1297 973 1354 Unde
1008 1314 1155 1355 vana:
1203 1297 1359 1354 facta:
1412 1308 1535 1353 sunt
1582 1308 1791 1368 gentes,
1824 1308 1878 1351 et
1926 1308 2068 1351 leue~

496 1388 608 1441 bris
659 1388 944 1444 obductum
991 1400 1073 1445 est
1129 1390 1365 1446 insciens
1404 1405 1496 1444 cor
1535 1404 1719 1443 eorum
1752 1389 1834 1441 8'?
1859 1388 2064 1455 Nonne,

497 1481 753 1549 quoniam
787 1481 913 1535 dum
946 1497 1012 1536 ea
1049 1491 1366 1549 sequuntur,
1397 1496 1516 1547 quae
1567 1481 1761 1534 rationi
1806 1480 2069 1534 verisimi-

497 1570 568 1625 lia
601 1572 872 1634 videntnr,
906 1573 1270 1641 praedicationi
1307 1573 1543 1641 Spiritus
1576 1573 1731 1627 [idem
1779 1587 1882 1629 non
1917 1552 2069 1626 adhi-

498 1661 671 1718 bent?
712 1661 857 1729 Quos
916 1672 1092 1716 autem
1140 1663 1306 1717 Isaias
1371 1671 1429 1716 ut
1491 1663 1731 1730 perditos
1790 1660 2069 1731 deplorat?

508 1754 599 1811 Va:
641 1756 963 1825 sapientibus
1009 1756 1061 1809 in
1107 1757 1311 1823 seipsis,
1344 1766 1391 1809 et
1427 1771 1603 1808 coram
1644 1755 1829 1822 seipsis
1860 1754 2071 1809 scienti-

2169 563 2241 616 Οὐ
2289 561 2415 630 γὰρ,
2456 558 2641 629 ἐπειδὴ
2675 560 2703 611 ό
2733 559 2929 629 τρόπος
2976 557 3213 628 ἄρῤητος
3258 559 3351 610 καὶ
3389 558 3760 627 ἀπερινόητος

2170 654 2470 717 παντελῶς,
2520 654 2621 722 ἤδη
2654 652 2746 706 καὶ
2792 651 2854 706 τὸ
2901 651 3095 719 πάγων
3131 652 3229 721 τῆς
3282 652 3365 713 εἰς
3408 650 3637 719 Πατέρα
3665 655 3756 704 κει

2170 749 2295 801 Υἱὸν
2328 743 2563 810 πίστεως
2605 745 2965 816 ἐκϐαλοῦμεν.
3004 747 3065 797 Εἰ
3106 744 3215 815 γὰρ
3251 743 3542 815 μέλλοιμεν
3578 745 3759 796 πάντα

2170 843 2233 911 τῇ
2276 839 2573 910 καταλήψει
2612 842 2849 912 μετρεῖν,
2890 840 2984 891 καὶ
3017 840 3077 891 τὸ
3111 841 3221 900 τοῖς
3251 838 3531 906 λογισμοῖς
3558 839 3755 906 ἀπερί-

2170 931 2370 1000 ληπτον
2398 932 2531 1002 μηδέ
2562 927 2702 984 εἶναι
2728 932 2787 985 τὸ
2809 931 3069 1001 παράπαν
3096 929 3522 999 ὑπολαμϐάνειν,
3539 931 3758 998 οἰχήσε-

2168 1038 2259 1073 ται
2292 1024 2388 1091 μὲν
2412 1022 2519 1092 (90)
2552 1024 2579 1075 ὁ
2604 1022 2701 1091 τῆς
2729 1022 2983 1085 πίστεως,
3012 1022 3290 1092 οἰχήσεται
3315 1022 3371 1074 δέ
3402 1024 3429 1073 ὁ
3470 1022 3572 1092 τῆς
3605 1022 3757 1073 ἐλπίς

2171 1118 2257 1180 δος
2296 1116 2504 1187 μισθός.
2538 1114 2658 1178 Πῶς
2702 1115 2744 1167 δ’
2772 1116 2837 1167 ἂν
2866 1115 3057 1184 εἴημεν
3092 1115 3170 1167 ἔτι
3216 1114 3323 1169 τῶν
3386 1116 3758 1185 μακαρισμῶν

2173 1210 2331 1273 ἄξιοι.
2362 1207 2469 1261 τῶν
2513 1209 2607 1260 ἐπὶ
2642 1210 2707 1278 τῇ
2737 1209 2915 1259 πίστει
2939 1206 3045 1259 τῶν
3069 1208 3313 1277 ἀοράτων
3348 1208 3755 1277 ἀποκειμένων,

2172 1303 2219 1353 οἱ
2273 1301 2452 1371 μόνοις
2485 1301 2594 1363 τοῖς
2624 1298 2764 1353 κατὰ
2802 1298 3055 1368 λογισμὸν
3112 1299 3365 1369 ἐναργέσι
3401 1296 3756 1369 πειθόμενοις

2175 1394 2344 1446 Πόθεν
2373 1391 2683 1463 ἐματαιὼθη
2713 1393 2780 1445 τὰ
2810 1391 2957 1462 ἔθνη,
2986 1392 3081 1445 καὶ
3112 1390 3396 1462 ἐσκοτίσθη
3428 1395 3459 1461 ή
3496 1392 3761 1454 ἀσύνετος

2174 1484 2353 1538 αὐτῶν
2383 1483 2577 1554 καρδία
2603 1499 2616 1546 ;
2641 1483 2751 1535 Οὐκ
2768 1482 2951 1552 ἐπειδὴ
2978 1485 3085 1545 τοῖς
3111 1484 3172 1535 ἐκ
3195 1482 3301 1535 τῶν
3333 1482 3614 1552 λογισμῶν
3646 1483 3757 1549 (91)

2176 1576 2519 1644 φαινομένοις
2546 1574 2981 1635 ἀκολουθοῦντες,
3014 1572 3090 1643 τῷ
3113 1574 3425 1643 κηρύγματι
3462 1573 3559 1626 τοῦ
3584 1575 3761 1627 Πνεῦ-

2179 1684 2345 1737 ματος
2380 1666 2697 1729 ὰπειθοῦσι;
2734 1666 2897 1728 Τίνας
2935 1665 2989 1719 δὲ
3033 1667 3061 1717 ό
3100 1666 3323 1727 Ἡσαΐας
3366 1666 3442 1729 ὡς
3484 1666 3755 1718 ἀπολωλό-

2173 1776 2272 1822 τας
2305 1757 2582 1830 ὀδύρεταις
2624 1757 2768 1812 Οὐαὶ
2805 1761 2858 1811 οι
2900 1759 3077 1827 σοφοὶ
3107 1759 3175 1810 ἐν
3204 1759 3438 1824 ἑαυτοῖς
3490 1758 3626 1828 (92),
3662 1762 3761 1813 καὶ

498 1850 593 1909 bus
624 1849 690 1903 '°.
742 1846 929 1903 Nonne
979 1847 1120 1902 hos?
1162 1847 1342 1903 Multis
1384 1847 1549 1917 igilur
1573 1862 1636 1900 ex
1677 1847 1744 1902 iis
1767 1862 1884 1915 qua:
1913 1847 2076 1900 inter-

2185 1849 2431 1904 ἐνώπιον
2466 1847 2662 1903 αὐτῶν
2705 1849 3120 1918 ἐπιστήμονες.
3174 1850 3248 1903 Οὐ
3281 1851 3407 1913 τοὺς
3444 1849 3756 1913 τοιούτουςς

458 1950 459 1953 ‘
506 1940 686 1995 media
738 1949 883 2003 sunt,
922 1940 1319 2006 praetermissis,
1363 1948 1473 1993 tum
1524 1939 1591 1995 iis
1642 1940 1840 2008 quibus
1894 1948 2077 2006 aperte

505 2030 792 2088 aﬂirmavit
816 2030 1011 2085 Filium
1044 2026 1281 2101 genitum
1331 2046 1437 2085 non
1474 2029 1662 2096 fuisse,
1692 2038 1803 2084 tum
1851 2030 1917 2086 iis
1959 2044 2077 2099 qua:

506 2124 802 2185 artiﬁciose
831 2125 1179 2195 excogitavit,
1212 2124 1313 2178 hoc
1344 2133 1401 2178 ut
1442 2124 1704 2187 obtineat,
1735 2121 2075 2192 Unigenitunt

506 2202 716 2270 scilicet
759 2221 1061 2270 creaturam
1107 2229 1171 2268 ac
1213 2201 1477 2267 iacturam
1521 2228 1665 2278 esse,
1698 2214 1762 2267 ad
1813 2211 2075 2281 praecipua

508 2306 807 2376 impietatis
869 2306 1042 2376 capita
1106 2320 1193 2359 me
1249 2314 1582 2369 convertam,
1623 2303 1668 2360 si
1717 2303 1869 2373 prius
1904 2301 1971 2355 de
2014 2302 2078 2355 iis

505 2413 624 2467 qua:
657 2397 859 2451 omissa
910 2406 1053 2460 sunt,
1086 2396 1188 2451 hoc
1238 2396 1411 2451 solum
1460 2404 1718 2450 notavero
1744 2394 1883 2463 quod
1916 2408 2076 2463 quam

505 2489 559 2542 in
616 2498 953 2543 antecessum
1012 2488 1186 2557 reipsa
1246 2485 2076 2553 concinnavit‘blasphemiam,

505 2581 643 2635 hanc
686 2580 851 2635 verbo
902 2582 1191 2649 obtegere,
1252 2579 1632 2648 sermonisque
1690 2577 2077 2647 impudentiam

507 2669 752 2734 delinire,
782 2686 903 2724 cum
936 2670 1115 2735 vellet,
1142 2685 1247 2724 non
1280 2684 1617 2723 communem
1648 2667 1824 2722 facere
1854 2683 1913 2723 se
1946 2668 2081 2720 dixit

505 2761 769 2816 creaturis
813 2760 1177 2830 Unigenitum,
1216 2776 1437 2816 suorum
1492 2761 1719 2829 ipsemet
1771 2762 2079 2828 dogmatum

506 2855 727 2923 oblitus,
750 2870 868 2924 quae
910 2856 962 2909 in
1010 2854 1377 2924 superioribus
1418 2853 1564 2910 clara
1610 2868 1673 2906 ac
1723 2862 1905 2920 aperta
1950 2868 2079 2905 voce

505 2948 829 3018 exponebat.
887 2953 931 3002 A
990 2948 1186 3017 quibus
1244 2963 1432 3003 rursus
1484 2948 1539 3000 in
1604 2945 1964 3015 impudentem
2017 2961 2080 3000 ac

512 3038 1003 3095 manifestissimum
1054 3038 1467 3108 repugnantiam
1516 3035 1725 3092 incidit.
1761 3034 1851 3089 Sic
1901 3044 2077 3088 autem

510 3137 699 3191 scribit
727 3156 741 3191 :

581 3228 716 3283 Eun.
760 3227 928 3282 Nemo
979 3234 1157 3281 autem
1211 3241 1331 3279 cum
1391 3225 1583 3279 Filium
1638 3223 1901 3277 iacturam
1959 3236 2079 3276 esse

512 3322 683 3388 audit,
718 3320 941 3374 moleste
988 3319 1142 3381 ferat,
1179 3318 1332 3386 quasi
1385 3318 1659 3372 nominum
1697 3316 2085 3373 communitate

513 3412 815 3467 communis
846 3411 938 3465 iiat
972 3410 1289 3465 substantia.

586 3504 712 3559 Bas.
755 3502 1035 3572 Quomodo
1082 3503 1266 3573 igitur,
1313 3518 1346 3555 ο
1390 3502 1808 3572 sapientissime,
1858 3502 1902 3556 si
1957 3501 2086 3554 sub-

516 3599 731 3653 Stantia:
776 3596 1064 3651 diversitas
1109 3595 1477 3650 diversitatem
1524 3595 1799 3648 nominum
1847 3610 2089 3649 necessa-

519 3693 599 3745 rio
632 3690 879 3760 sequitur
908 3688 1281 3760 (recordamur
1307 3691 1448 3743 enim
1482 3698 1533 3743 te
1567 3690 1681 3742 tunc
1710 3688 1763 3741 in
1791 3689 2084 3757 superiori-

518 3785 617 3843 bus
644 3782 1049 3854 pertractasse),
1083 3796 1188 3835 non
1221 3796 1363 3836 nunc
1389 3780 1701 3836 substantia:
1727 3780 2087 3835 communitas

515 3876 956 3931 communitatem
1016 3874 1295 3929 nominum
1353 3872 1649 3943 sequetur?
1702 3870 1886 3939 Neque
1945 3872 2085 3925 enim

517 3969 705 4035 semel,
734 3984 905 4037 neque
938 3970 1111 4023 obiter
1142 3969 1225 4023 bis
1260 3968 1438 4023 verbis
1480 3981 1608 4021 usus
1658 3964 1825 4020 fuisse
1872 3980 2087 4033 compe-

2180 1942 2354 1997 Πολλὰ
2392 1944 2570 1996 τοίνυν
2598 1942 2841 2013 ὑπερϐὰς
2868 1943 2975 1995 τῶν
3002 1944 3058 1995 ἐν
3083 1943 3252 2013 μέσῳ,
3286 1944 3385 1996 ὅσα
3412 1960 3471 1996 τε
3502 1945 3635 2014 περὶ
3667 1942 3759 1996 τοῦ

2182 2039 2255 2108 μὴ
2281 2036 2634 2107 γεγεννῆσθαι
2665 2036 2755 2088 τὸν
2778 2035 2905 2088 Υἱὸν
2937 2037 2999 2087 ἐκ
3030 2035 3123 2088 τοῦ
3156 2034 3467 2106 προφανοῦς
3495 2035 3757 2088 διετείνα-

2177 2148 2257 2194 το,
2304 2131 2396 2184 καὶ
2441 2131 2543 2183 ὅσα
2583 2130 2711 2199 περὶ
2754 2129 2846 2181 τοῦ
2905 2127 3309 2199 παραδεχϐἧναι
3357 2128 3509 2199 αὐτῷ
3552 2129 3671 2197 (93)
3704 2128 3762 2181 τὸ

2179 2225 2384 2294 κτίσμα
2419 2217 2561 2275 εἶναι
2594 2221 2689 2274 καὶ
2719 2220 2928 2293 ποίημα
2964 2222 3055 2274 τὸν
3084 2221 3358 2290 Μονογενῆ
3405 2221 3761 2290 ἐτεχνὰσατο,

2178 2316 2268 2368 ἐπὶ
2299 2315 2367 2367 τὰ
2398 2312 2733 2384 καιριώτατα
2762 2314 2860 2381 τῆς
2894 2312 3145 2375 ἀσεϐείας
3178 2313 3471 2384 τρέψομαι,
3502 2313 3765 2366 τοσοῦτον

2182 2408 2340 2478 μόνον
2386 2408 2499 2470 τοῖς
2540 2404 2855 2476 παρεθεῖσιν
2885 2404 2995 2474 (94)
3031 2406 3537 2475 ἐπισημηνάμενος,
3574 2407 3663 2459 ὅτι
3699 2408 3766 2477 ἦν

2181 2495 2461 2565 προλαϐὼν
2490 2495 2567 2565 τῷ
2592 2494 2737 2566 ἔργῳ
2764 2494 3133 2548 κατεσκεύασε
3165 2493 3533 2565 βλασφημίαν,
3556 2498 3765 2567 ταύτην

2182 2584 2460 2656 βουληθεὶς
2489 2585 2804 2638 ἐπισκιάσαι
2832 2583 2911 2654 τῷ
2937 2586 3164 2655 ῥήματι,
3194 2585 3289 2637 καὶ
3321 2585 3382 2637 τὸ
3418 2586 3640 2651 ἀναιδὲς
3667 2587 3764 2640 τοῦ

2179 2680 2336 2746 λόγου
2382 2677 2787 2747 καταπραῧναι,
2830 2675 2934 2747 ἔφη
2984 2680 3303 2730 κοινοποιεῖν
3347 2678 3438 2733 τὸν
3478 2679 3763 2747 Μονογενῆ

2180 2772 2315 2840 πρὸς
2344 2771 2438 2840 τὴν
2464 2770 2660 2835 κτίσιν,
2693 2768 3077 2838 ἐπιλαθόμενος
3105 2769 3267 2832 αὐτὸς
3293 2769 3403 2838 (95)
3425 2769 3537 2823 τῶν
3567 2772 3767 2825 ἑαυτοῦ

2180 2864 2485 2933 δογμάτων,
2519 2860 2554 2914 ἃ
2584 2862 2640 2914 ἐν
2668 2864 2779 2924 τοῖς
2804 2862 3031 2915 κατόπιν
3065 2861 3245 2929 λόγοις
3279 2864 3459 2932 γυμνῇ
3492 2864 3588 2915 καὶ
3619 2865 3769 2916 ἀπε-

2186 2956 2514 3027 ρακαλύπτῳ
2533 2958 2599 3025 τῇ
2632 2958 2781 3026 φωνῇ
2817 2954 3100 3019 ἐξετίθετο.
3136 2954 3257 3024 Ὑφ’
3282 2949 3355 3008 ὧν
3383 2955 3491 3025 (96)
3520 2957 3659 3027 πρὸς
3680 2960 3770 3011 ἀν-

2181 3050 2465 3119 αίσχυντον
2512 3048 2673 3101 πάλιν
2715 3049 2807 3101 καὶ
2856 3048 3325 3120 περιφανεστάτην
3363 3049 3770 3118 ἐναντιολογίαν

2181 3140 2423 3200 ἐξέπεσε.
2449 3142 2653 3212 Γράφει
2682 3141 2739 3194 δὲ
2771 3140 2940 3204 οὕτως
2960 3159 2972 3171 ·

2252 3236 2408 3288 ΕΥΝ.
2451 3234 2653 3304 Μηδεὶς
2678 3234 2756 3295 δὲ,
2796 3235 2886 3287 τὸν
2914 3235 3039 3288 Υίὸν
3073 3236 3285 3289 ἁκούων
3307 3236 3536 3306 ποίημα,
3571 3238 3770 3307 δυσχε-

2187 3325 2429 3396 ραινέτω,
2453 3324 2527 3388 ὡς
2558 3342 2855 3379 κοινοποιου
2866 3326 3029 3396 μένης
3056 3310 3156 3396 τῆς
3178 3327 3362 3390 οὐσίας
3392 3328 3498 3381 ὑπὸ
3522 3328 3623 3398 τῆς
3649 3329 3770 3381 τῶν

2184 3419 2270 3471 ὀνο
2279 3418 2460 3485 μάτων
2495 3416 2797 3479 κοινωνίας.

2254 3510 2399 3562 ΒΛΣ.
2440 3509 2563 3572 Πῶς
2616 3506 2728 3572 οὖν,
2764 3504 2808 3562 ὦ
2842 3510 3140 3577 σοφώτατε.
3190 3512 3239 3563 εί
3280 3513 3343 3581 τῇ
3371 3511 3602 3582 διαφορᾷ
3647 3512 3764 3564 τῶν

2185 3603 2464 3673 ὀνομάτων
2494 3602 2553 3654 τὸ
2583 3603 3033 3672 παρηλλαγμένον
3073 3603 3173 3673 τῆς
3209 3604 3395 3667 οὐσίας
3425 3604 3485 3668 ἐξ
3515 3605 3766 3675 ἀνάγκης

2181 3694 2371 3747 ἕπεται
2397 3695 2746 3765 (μεμνήμεθα
2769 3695 2877 3766 γὰρ
2904 3696 3075 3766 δήπου
3102 3698 3156 3747 ἐν
3178 3698 3287 3759 τοῖς
3310 3695 3419 3749 ἄνω
3439 3696 3619 3765 λόγοις
3645 3695 3764 3763 (97)

2184 3784 2352 3837 ταῦτα
2371 3784 2705 3852 διεξιόντος),
2730 3787 2849 3855 οὐχ)
2874 3785 2968 3838 νῦν
2993 3789 3057 3857 τῇ
3084 3786 3332 3857 κοινωνίᾳ
3346 3785 3451 3838 τῶν
3479 3786 3771 3856 ὀνομάτων

2184 3874 2244 3926 τὸ
2284 3874 2460 3927 κοινδν
2491 3874 2589 3942 τῆς
2625 3874 2812 3936 οὐσίας
2856 3874 3234 3944 ἀκολουθήσει;
3287 3874 3420 3926 Οὐδὲ
3448 3875 3559 3945 γὰρ
3592 3877 3766 3941 ἅπαξ,

2186 3965 2304 4019 οὑδέ
2341 3967 2403 4018 ἐκ
2437 3966 2709 4038 παρέργου
2753 3966 2937 4019 τοῦτον
2976 3967 3067 4019 τὸν
3110 3966 3265 4035 λόγον
3298 3966 3766 4039 παραφθεγξάμε-

521 4059 681 4119 ritur.
714 4057 916 4114 Deinde
957 4069 1010 4113 et
1052 4075 1216 4126 nunc,
1241 4059 1392 4127 quasi
1422 4057 1571 4112 illum
1598 4071 1782 4111 eorum
1814 4071 1931 4125 qua:
1959 4056 2077 4110 dixit

2192 4074 2280 4120 νος
2327 4058 2595 4118 φαίνεται.
2646 4058 2798 4110 Ἐπεὶ
2830 4059 2924 4111 καὶ
2958 4057 3050 4110 νῦν
3082 4058 3263 4122 εὐθὺς,
3298 4059 3484 4131 ῶσπερ
3525 4077 3770 4131 μεταμεο

520 4148 892 4217 ρωηὶιυὶεεει,
952 4149 1093 4218 quod
1169 4149 1444 4203 nominum
1502 4146 1920 4202 communicatio
1988 4161 2092 4200 non

2192 4146 2373 4217 ληθεὶς
2403 4147 2485 4217 ἐφ’
2517 4142 2597 4211 οἷς
2633 4147 2874 4220 εἴρηκεν,
2902 4150 2983 4201 ὅτι
3013 4151 3046 4219 ἡ
3073 4148 3181 4201 τῶν
3200 4150 3479 4221 ὀνομάτων
3508 4152 3767 4203 κοινωνία

519 4256 834 4296 communes
881 4242 1043 4296 etiam
1091 4241 1257 4319 faciat
1307 4226 1663 4302 substantias,
1704 4254 1891 4294 rursus
1939 4238 2077 4309 pauit

2191 4239 2249 4293 οὐ
2317 4240 2677 4310 κοινοποιήσει
2742 4242 2835 4292 καὶ
2900 4238 2998 4302 τὰς
3052 4241 3273 4304 οὐσίας,
3342 4241 3501 4293 πάλιν
3566 4244 3767 4308 ἐπάγει

522 4344 663 4407 post,
695 4336 1034 4391 adversarios
1064 4351 1191 4391 suos
1221 4335 1534 4406 objurgans,
1571 4334 1657 4388 illa
1691 4332 1916 4388 inducit.

590 4542 634 4574 "
660 4542 814 4598 Rom.
847 4559 885 4611 ι,
915 4542 1006 4596 21.
1083 4544 1128 4575 ⁸ο
1156 4541 1262 4599 Isa.
1296 4559 1350 4609 v,
1380 4544 1469 4599 21.

603 4746 704 4817 (90)
727 4747 949 4803 Codices
984 4749 1088 4817 duo
1120 4747 1218 4817 μὲν
1246 4748 1400 4817 ἡμῖν.

605 4816 705 4885 (9-1)
736 4818 914 4871 Codex
968 4813 1131 4872 Coll).
1148 4817 1227 4887 τῷ
1268 4813 1544 4887 λογισμῷ,
1583 4814 1722 4869 haud
1758 4814 1917 4869 male.
1948 4814 2086 4869 Editi

518 4898 575 4942 et
607 4904 734 4940 mss.
767 4904 869 4939 nou
906 4889 1057 4955 pauci
1085 4890 1148 4941 ἐκ
1170 4885 1278 4941 τῶν
1305 4885 1600 4955 λογισμῶν.

596 4956 707 5025 (92)
738 4957 872 5010 Editi
904 4968 956 5009 et
986 4956 1119 5026 Reg.
1160 4960 1381 5027 quintus
1408 4957 1465 5007 ἐν
1506 4956 1833 5027 ἑαυτοῖςε-ἱῃ
1857 4973 1917 5027 se,
1935 4955 2084 5018 ipsis,

522 5039 576 5082 et
608 5031 679 5081 ita
714 5042 927 5094 quoque
950 5028 1152 5080 editum
1180 5025 1463 5082 invenitur
1492 5028 1631 5095 apud
1674 5025 1836 5081 LXX.
1861 5026 1963 5079 Alii
1996 5042 2088 5080 sex

525 5116 654 5152 mss.
692 5098 817 5168 παρ’
843 5098 1074 5159 ἑαυτοῖς,
1111 5101 1252 5163 apud
1278 5116 1331 5152 se
1353 5101 1510 5168 ipsos.

596 5170 706 5239 (95)
742 5167 877 5222 Editi
905 5168 1307 5239 παραδεχθῆναι
1350 5167 1499 5239 αὑτό.
1538 5169 1757 5239 Antiqui
1806 5167 1927 5224 libri
1977 5182 2090 5222 om-

527 5256 623 5293 nes
672 5239 840 5311 αὑτῷ.
896 5238 1002 5311 Nec
1064 5238 1446 5311 omittendum,
1487 5238 1589 5307 legi
1638 5238 1794 5309 paulo
1847 5248 1972 5295 ante
2038 5239 2088 5290 iu

526 5312 794 5375 aliquibus
823 5326 951 5364 mss.
980 5310 1284 5365 διετείνετο.

600 5383 711 5451 (9ά)
734 5383 875 5436 Editi
924 5390 976 5435 et
1002 5382 1107 5436 duo
1143 5397 1269 5434 mss.
1304 5383 1462 5453 μόνον
1499 5400 1611 5447 τοις
1658 5379 2043 5453 παρατεθεῖσιν
2076 5390 2090 5430 :

530 5468 689 5517 quam
747 5454 1033 5507 lectionem
1088 5451 1311 5506 secutus
1373 5452 1692 5516 Cornarius,
1743 5451 1827 5506 ita
1879 5451 2086 5504 vertit:

532 5523 633 5577 Ubi
686 5524 780 5576 hoc
829 5526 995 5577 solum
1040 5523 1293 5591 appositis
1328 5524 1615 5581 addidero.
1662 5540 1723 5575 ac
1772 5522 2088 5575 indicavero.

532 5594 894 5665 Aliiiquinque
928 5611 1057 5649 mss.
1092 5593 1250 5663 μόνον
1296 5597 1408 5656 τοῖς
1457 5594 1792 5665 παρεθείσιν,
1824 5602 1877 5644 et
1904 5592 1973 5665 i_t_:i
1998 5593 2092 5665 ilej

536 5664 611 5733 git
641 5659 1048 5731 Tratpcetttttiits,
1081 5659 1202 5718 cum
1228 5667 1296 5719 ita
1330 5659 1716 5733 interpretatus
1743 5664 1814 5716 sit
1851 5681 1863 5715 :
1909 5659 2006 5714 Ubi
2043 5660 2096 5713 id

536 5732 702 5784 solum
724 5737 1130 5805 eprwtermissis
1165 5736 1436 5805 collegero.
1460 5732 1526 5774 9-—
1549 5734 1853 5805 Legeudum
1883 5733 2095 5805 videtur

539 5804 938 5870 παρατεθεῖσιν.
1000 5806 1132 5861 Illud
1191 5802 1331 5863 enini
1384 5804 1862 5877 ἐπισημηνάμενος
1896 5802 2096 5872 aliqu“

2196 4332 2331 4402 μετὰ
2371 4331 2584 4404 μικρὸν,
2626 4332 2734 4384 τῶν
2775 4330 3282 4402 ἁντιδιατιθεμένων
3322 4334 3470 4403 αὐτῷ
3501 4333 3771 4387 καθαπτιὲ-

2198 4441 2356 4494 μενος

2122 4728 2166 4781 Ῑ)
2195 4743 2315 4796 addi
2345 4741 2601 4803 ostendit,
2630 4754 2693 4792 ac
2735 4739 2959 4809 proinde
2984 4755 3086 4790 non
3116 4738 3182 4791 iis
3209 4737 3339 4809 addi
3372 4751 3490 4809 quae
3527 4747 3757 4809 praeter-

2197 4812 2571 4873 mittebantur,
2608 4812 2701 4863 sed
2736 4806 2827 4863 ’iis
2884 4825 3000 4876 quae
3044 4809 3155 4878 jam
3189 4807 3333 4860 dicta
3390 4806 3616 4861 fuerant.
3650 4806 3763 4861 ΜΑ-

2197 4900 2319 4937 ΒΑΝ.
2514 4932 2517 4935 λ

2272 4952 2383 5021 (95)
2410 4950 2636 5005 Codices
2672 4965 2773 5003 non
2811 4949 2961 5017 pauci
2987 4946 3386 5021 ἐπιλαθόμενος
3426 4946 3607 5010 αὑτός.
3644 4946 3763 5003 Vox

2191 5019 2437 5086 αὐτός’ίιι
2474 5022 2693 5077 excusis
2732 5019 3157 5074 desiderabatur.

2196 5161 2222 5183 τ
2263 5080 2370 5163 (Siti)
2431 5092 2647 5161 Antiqui
2710 5104 2914 5161 septeni
2970 5089 3091 5143 libri
3154 5088 3242 5157 ὑφ’
3292 5080 3389 5145 ὧν.
3452 5088 3594 5145 Editi
3666 5091 3760 5159 ἀφ’

2188 5186 2281 5221 ων.

2261 5235 2370 5305 (97)
2403 5234 2526 5288 Post
2564 5249 2747 5287 vocem
2775 5233 2964 5305 λόγοις
2996 5230 3234 5305 additum
3263 5230 3531 5305 invenitur
3562 5231 3629 5305 ἰηῇ
3649 5233 3761 5305 edi:

2192 5300 2334 5362 tione
2359 5305 2647 5359 Parisiensi
2684 5314 2739 5358 et
2773 5303 2824 5355 in
2860 5304 2989 5369 Heg.
3025 5300 3260 5372 secundo
3295 5301 3352 5372 ἐν
3398 5303 3463 5371 τῇ
3494 5302 3635 5372 ἀρχῇ
3670 5301 3762 5354 τοῦ

2194 5375 2459 5448 παρόντος
2487 5374 2664 5448 λόγον.
2695 5374 2798 5448 Sed
2825 5373 2973 5448 idem
3002 5371 3180 5448 sentio
3209 5371 3349 5448 quod
3380 5372 3463 5424 vir
3507 5375 3762 5425 doctissi-

2193 5441 2310 5503 nnis
2342 5441 2590 5507 Dircaeus,
2621 5447 2721 5499 hoc
2751 5444 3000 5496 videlicet
3034 5442 3177 5494 inter
3220 5441 3542 5508 glossemata
3583 5456 3765 5495 recen-

2191 5520 2296 5573 seri
2335 5518 2525 5571 merito
2552 5530 2730 5585 posse.
2760 5513 2893 5567 Nam
2922 5521 3307 5585 prmterquatn
3327 5512 3464 5585 quod
3497 5511 3609 5564 haec
3645 5526 3766 5585 ver-

2193 5592 2255 5645 ba
2295 5589 2345 5643 in
2382 5580 2602 5655 reliquis
2641 5601 2731 5639 sex
2768 5600 2897 5639 mss.
2953 5587 3172 5645 desunt,
3230 5580 3464 5655 arbitror
3512 5582 3764 5635 cazcutire

2194 5662 2282 5729 qui
2316 5675 2419 5712 non
2457 5651 3058 5729 vidct‘adttitaezt_esse
3081 5667 3150 5729 eo
3174 5651 3397 5729 consilio
3430 5661 3487 5729 ut
3518 5666 3764 5729 mouere-

2198 5722 2337 5788 mur.
2381 5730 2551 5793 ipsum
2613 5724 2922 5796 hujuslibt'i
2978 5722 3188 5778 initium
3221 5722 3304 5779 itis
3341 5722 3621 5796 verbis,“
3654 5723 3763 5783 τοῖς

2195 5801 2305 5856 ἄνω
2338 5798 2534 5865 λόγοις,
2576 5795 2820 5851 indicari.
