4002 6408
271 384 378 442 £99

1389 384 1763 442 ADVERSUS
1802 383 2168 442 EUNOMIUM
2207 385 2335 440 LIB.
2380 387 2446 440 ll.

3403 385 3510 442 630

340 503 502 559 ΕΥΝ.
543 506 666 560 Ὀτι
715 505 900 578 ἐχρῆν,
948 507 1104 578 εἴπερ
1137 507 1318 570 αὐτοῖς
1360 501 1552 591 ἦνοτῆς
1588 505 1872 577 ἀληθείας,

2021 507 2154 562 Eun.
2191 507 2502 575 Oportebat,
2536 505 2727 574 inquit,
2761 505 2803 558 si
2836 518 2939 574 qua
2974 504 3052 560 eis
3094 512 3233 560 esset
3266 504 3510 560 veritatis

271 597 514 666 φροντὶς,
565 597 1031 669 παρηλλαγμένων
1081 598 1190 651 τῶν
1231 598 1527 669 ὀνομάτων,
1567 598 1839 669 παρηλλα-

269 685 480 756 γμένας
506 686 782 755 ὁμολογεῖν
807 689 901 739 καὶ
931 687 1028 749 τὰς
1059 686 1264 750 οὐσίας.

347 777 492 828 ΒΑΣ.
523 777 646 840 Πῶς
666 777 730 831 ἄν
749 796 830 841 τις
859 775 1217 848 εὐκολώτερον
1257 777 1516 848 χρήσαιτο
1547 776 1754 845 λόγοις;
1783 779 1842 840 ὃς

274 886 361 936 γε,
391 867 456 920 δι’
482 867 661 938 ὀλίγου
693 869 826 940 πρὸς
862 870 929 922 τὰ
976 869 1191 922 ἐναντία
1227 868 1708 940 περιτρεπόμενος,
1747 867 1844 921 νῦν

277 957 378 1027 μέν
404 973 535 1028 φησι
558 958 658 1028 τὴν
679 956 938 1028 διαφορὰν
965 958 1071 1010 τῶν
1097 958 1372 1028 ὀνομάτων
1399 958 1711 1027 ἀναγκαίως
1739 957 1845 1012 τῶν

275 1046 475 1100 οὐσιῶν
515 1047 614 1116 τὴν
646 1047 999 1119 παραλλαγὴν
1041 1049 1389 1118 ὑποφαίνειν·
1447 1048 1540 1102 νῦν
1580 1048 1635 1102 δὲ
1689 1048 1846 1102 πάλιν

275 1139 376 1210 τὴν
411 1139 693 1194 κοινωνίαν
733 1139 808 1212 μὴ
837 1143 1154 1194 κοινοποιείν
1186 1141 1283 1205 τὰς
1313 1141 1530 1207 οὐσίας;
1589 1141 1746 1208 Ἀλλ’,
1773 1139 1849 1195 οἷ-

283 1247 402 1301 μαι,
440 1229 764 1302 προσόμοιόν
795 1249 847 1282 τι
879 1231 1138 1302 ποιοῦμεν
1176 1235 1286 1296 τοῖς
1311 1233 1404 1286 τὸν
1431 1233 1749 1306 ἀνδροφόνον
1786 1234 1850 1286 ὲκ

280 1320 562 1393 λοιδορίας,
584 1320 616 1393 ἢ
640 1321 870 1393 πληγῆς,
897 1323 932 1393 ἦ
961 1340 1103 1387 τινος
1125 1323 1232 1376 τῶν
1252 1323 1504 1377 τοιούτων
1531 1325 1853 1396 ἀμαρτημά⁶

282 1429 389 1466 των
415 1413 710 1484 κρίνουσιν.

353 1503 444 1557 25.
489 1504 609 1556 Ἐπὶ
647 1501 741 1559 οὖν
770 1506 829 1558 τὸ
862 1506 1151 1575 κεφάλαιον
1182 1508 1290 1561 τῶν
1330 1508 1514 1562 κακῶν
1565 1508 1727 1562 αὐτοῦ
1757 1527 1852 1580 με·

285 1595 559 1666 ταδῶμεν.
616 1596 957 1668 Θεασάμενος
990 1591 1165 1664 οὗτος,
1213 1602 1294 1654 ὅτι
1332 1600 1485 1672 κοινὴ
1523 1602 1556 1672 ἡ
1589 1601 1854 1672 πρόληψις

286 1687 453 1740 πᾶσιν
510 1688 711 1758 ὁμοίως
754 1689 1096 1759 Χριπιανοῖς
1146 1691 1439 1763 ἐνυπάρχει
1481 1693 1621 1760 (τοῖς
1665 1707 1728 1759 γε
1780 1690 1855 1753 ὡς

285 1778 500 1848 ἀληθῶς
552 1780 653 1851 τῆς
704 1783 1071 1854 προσηγορίας
1103 1783 1305 1855 ταύτης
1349 1785 1541 1851 ἀξίοις]
1594 1785 1720 1852 περὶ
1760 1783 1853 1836 τοῦ

1943 614 2094 665 cura,
2143 613 2263 652 cum
2328 597 2544 653 nomina
2605 597 2814 651 diversa
2871 597 2998 661 sint,
3051 594 3291 651 diversas
3347 595 3509 650 etiam

1943 690 2275 747 substantias
2304 689 2569 744 conﬁteri.

1963 812 1967 819 -
2017 780 2141 839 Bas.
2184 779 2460 846 Quomodo
2509 778 2629 848 quis
2678 775 2891 832 facilius
2945 776 3124 834 verbis
3173 776 3247 830 uti
3300 773 3514 844 possit?

1946 876 2036 942 qui
2090 873 2299 928 scilicet
2349 871 2495 926 brevi
2548 872 2614 924 ad
2672 870 2943 926 contraria
2992 883 3320 935 conversus,
3372 882 3513 926 nunc

1948 964 2164 1033 quidem
2212 964 2390 1024 dicat,
2450 963 2726 1016 nominum
2781 960 3148 1016 diversitatem
3207 959 3514 1016 necessario

1949 1053 2374 1109 substantiarum
2416 1052 2784 1107 diversitatem
2831 1051 3164 1108 ostendere:
3197 1065 3337 1116 nunc
3388 1063 3514 1102 vero

1950 1161 1980 1200 e
2029 1145 2323 1208 contrario,
2378 1159 2565 1216 eorum
2618 1143 3160 1199 communicationem
3209 1157 3312 1201 non
3363 1155 3514 1195 com-

1952 1254 2141 1293 munes
2199 1237 2528 1292 substantias
2584 1234 2797 1290 facere?
2856 1231 2981 1296 Sed,
3033 1234 3249 1304 opinor,
3299 1231 3518 1304 perinde

1953 1329 2181 1384 facimus
2221 1341 2380 1399 atque
2412 1329 2487 1392 hi,
2515 1328 2605 1398 qui
2635 1326 2956 1380 homicidam
2986 1324 3237 1392 c0nvicii,
3274 1332 3368 1380 aut
3401 1323 3520 1380 vul-

1953 1422 2120 1483 neris,
2153 1430 2246 1473 aut
2281 1418 2584 1489 hujusmodi
2619 1417 2825 1487 peccati
2855 1424 3131 1470 accusant.

2021 1512 2111 1566 25.
2153 1511 2236 1564 Ad
2281 1519 2444 1578 caput
2490 1509 2652 1578 igitur
2695 1507 2957 1560 malorum
3007 1504 3121 1573 ejus
3161 1513 3518 1564 transeamus.

1956 1607 2051 1660 llic
2075 1603 2160 1658 ille
2185 1620 2306 1656 cum
2327 1601 2544 1655 vidisset
2567 1598 2915 1667 anticipatam
2941 1596 3248 1666 opinionem
3272 1591 3522 1647 omnibus

1956 1697 2155 1766 pariter
2199 1693 2543 1758 Christianis,
2573 1692 2663 1760 Qui
2703 1705 2827 1744 vere
2855 1690 2959 1744 hac
2987 1688 3343 1760 appellatione
3375 1685 3521 1756 digni

1957 1795 2102 1851 sunt,
2132 1799 2470 1840 communem
2502 1797 2642 1846 esse,
2671 1780 2863 1835 Filium
2894 1781 3141 1835 videlicet
3176 1778 3346 1834 lucem
3375 1777 3524 1852 geni.

285 1869 403 1939 φῶς
464 1868 601 1925 εἶναι
657 1873 747 1926 τὸν
804 1874 930 1929 rem
986 1875 1262 1947 γεννητὸν,
1323 1878 1384 1928 ἐκ
1434 1875 1526 1928 τοῦ
1557 1877 1853 1945 ἀγεννήτου

1974 1895 2065 1932 .um
2115 1892 2256 1942 esse,
2287 1892 2351 1932 ex
2387 1875 2624 1946 ingenita
2674 1875 2794 1930 luce
2838 1873 3287 1944 resplendentem,
3315 1880 3368 1926 et
3404 1885 3524 1925 esse

286 1964 465 2032 φωτὸς
511 1967 908 2038 ἁπολάμψαντα
936 1967 1070 2040 (98),
1109 1970 1203 2023 καὶ
1232 1969 1530 2040 αὑτοζωὴν,
1575 1971 1668 2022 καὶ
1701 1969 1857 2023 αὑτο-

286 2054 488 2122 άγαθον
511 2060 574 2110 ἐκ
597 2059 696 2129 τῆς
731 2058 993 2123 ζωοποιοῦ
1025 2061 1206 2133 πηγῆς
1234 2062 1330 2131 τῆς
1362 2062 1631 2132 πατρικῆς
1658 2061 1856 2130 ἀγαθό-

284 2162 450 2217 ςητος
480 2149 806 2220 προελθόντα
825 2169 840 2183 ’
878 2149 996 2207 εἷτα
1021 2153 1362 2224 ἐνθυμηθεὶςν
1392 2145 1495 2216 δυ’
1539 2155 1587 2205 ει
1632 2152 1706 2224 μὴ
1731 2152 1859 2206 ταὼ

287 2259 387 2306 τας
432 2243 585 2315 ἡμῶν
629 2245 726 2308 τὰς
771 2246 978 2310 ἑννοίας
1025 2245 1448 2310 διασαλεύσειεν,
1507 2244 1658 2299 οὐδὲν
1713 2244 1859 2314 αὐτῷ

292 2333 452 2388 πλέον
477 2335 583 2388 τῶν
610 2338 952 2408 σοφισμάτων
974 2339 1260 2410 γενήσεται
1286 2338 1417 2407 (99),
1445 2337 1519 2402 ὡς
1543 2336 1637 2390 τοῦ
1660 2354 1722 2406 γε
1747 2337 1860 2406 φῶς

288 2427 675 2498 ὁμολογοῦντος
718 2430 806 2483 τὸν
858 2431 1092 2502 Πατέρα,
1145 2430 1260 2500 φῶς
1298 2431 1354 2483 δὲ
1414 2431 1509 2484 καὶ
1564 2430 1657 2483 τὸν
1711 2430 1858 2496 Υίὸν,

291 2519 390 2588 τῆς
444 2518 539 2572 τοῦ
588 2520 769 2589 φωτὸς
799 2523 1003 2586 ἐννοίας
1047 2524 1174 2594 μιᾶς
1211 2521 1434 2592 καὶτῆς
1475 2522 1646 2592 αὐτῆς
1685 2523 1862 2593 ὑπαρ-

292 2612 513 2684 χούσης,
555 2615 873 2686 αὐτομάτως
922 2619 1000 2682 είς
1052 2616 1148 2689 τὴν
1212 2618 1501 2689 ὁμολογίαν
1563 2619 1661 2690 τῆς
1723 2616 1863 2670 κατά

295 2703 391 2773 τὴν
415 2704 599 2760 οὐσίαν
621 2707 947 2778 οἰκειότητος
973 2707 1422 2781 ὑπαχθησομένου
1452 2708 1526 2780 (1)
1550 2726 1563 2738 '
1596 2708 1733 2778 φωτὶ
1756 2708 1864 2780 γάρ

297 2793 436 2865 πρὸς
482 2795 617 2864 φῶς,
649 2799 767 2850 κατ’
803 2799 962 2853 αὑτὸν
999 2800 1089 2853 τὸν
1127 2799 1220 2852 τοῦ
1271 2802 1446 2868 eme;
1498 2801 1674 2870 λόγον,
1720 2800 1866 2854 οὐδε-

298 2887 420 2955 μία,
451 2887 573 2940 οὔτε
610 2892 750 2944 κατά
775 2891 870 2962 τὴν
911 2892 1209 2963 προφορὰν,
1241 2891 1364 2945 οὔτε
1393 2893 1514 2946 κατ’
1549 2892 1717 2965 αὐτὴν
1763 2895 1863 2964 τὴν

299 2977 505 3030 ἔννοιαν
545 2979 643 3050 (2),
681 2983 794 3034 ἐστὶ
841 2983 1194 3055 παραλλαγήο
1250 2985 1336 3036 ἵνα
1388 2980 1480 3037 οὖν
1517 2984 1675 3037 τοῦτο
1709 2984 1866 3054 ἡμῶν

299 3072 586 3145 ἀφέληται,
623 3080 735 3140 τοῖς
777 3077 885 3130 τῶν
931 3079 1320 3150 τεχνασμάτων
1365 3078 1600 3142 δικτύοις
1638 3079 1726 3130 τὸν
1769 3078 1870 3148 τῆς

299 3166 538 3230 πίστεως
595 3167 750 3237 λόγον
804 3169 1277 3242 περιστοιχίζεται,
1313 3169 1636 3241 ἀσύμϐλητα
1697 3171 1868 3223 ταῦτα

303 3257 399 3309 καὶ
442 3257 777 3332 ἀκοινώνητα
842 3261 1118 3326 παντελῶς
1148 3262 1396 3334 ἀλλήλοις
1424 3258 1562 3316 εἶναι
1589 3262 1871 3325 διδάσκων,

303 3349 398 3401 καὶ
429 3349 527 3414 τὴν
557 3349 652 3404 τοῦ
685 3352 978 3424 ἀγεννήτου
1028 3355 1164 3426 πρὸς
1196 3355 1254 3408 τὸ
1296 3356 1552 3426 γεννητὸν
1582 3355 1871 3418 ἀντίθεσιν,

302 3439 505 3511 ταύτην
553 3443 647 3494 καὶ
696 3442 773 3513 τῷ
807 3447 944 3512 φωτὶ
986 3447 1121 3516 πρὸς
1162 3447 1222 3499 τὸ
1257 3446 1371 3516 φῶς
1425 3442 1561 3499 εἶναι
1599 3445 1790 3514 λέγων,
1840 3445 1872 3514 ἢ

303 3531 464 3584 τοῦτο
503 3532 796 3603 φεύγοντας
845 3538 990 3606 ἡμᾶς
1035 3539 1111 3605 (⁵5)
1149 3538 1400 3591 σύνθετον
1437 3534 1577 3592 εἶναι
1610 3539 1701 3591 τὸν
1744 3538 1876 3591 Θεὸν

305 3625 589 3693 ὁμολογεῖν
624 3627 966 3695 ἀναγκάζων.
1004 3630 1219 3682 Μᾶλλον
1257 3629 1313 3682 δὲ
1352 3631 1522 3700 αὐτῆς
1565 3629 1728 3682 αὑτοῦ
1778 3629 1878 3699 τῆς

307 3714 363 3768 λέ
372 3715 505 3780 ξεως
533 3718 874 3790 ἀκούσωμεν.

382 3808 541 3863 ΕΥΝ.
579 3811 812 3882 Πότερον
840 3812 967 3866 ἄλλο
991 3831 1043 3866 τι
1070 3815 1344 3885 σημαίνει,
1381 3815 1535 3885 φησὶ,
1563 3813 1624 3866 τὸ
1649 3813 1763 3882 φῶς
1795 3811 1878 3865 ἐπ’

313 3905 606 3976 ὰγεννήτου
631 3905 706 3976 (4)
739 3906 886 3977 παρά
910 3906 970 3959 τὸ
996 3907 1270 3978 γεννητὸν,
1301 3907 1334 3978 ἢ
1363 3906 1554 3960 ταυτὸν
1585 3905 1878 3976 ὲκάτερον;

315 3997 378 4049 Et
415 3997 510 4066 μὲν
554 3999 663 4070 γὰρ
710 3999 786 4068 (5)
829 3998 1015 4070 ἕτερόν
1043 4016 1096 4052 τι
1146 4001 1241 4052 καὶ
1275 3999 1492 4068 ἕτερον,
1531 3995 1770 4068 εὔδηλον,
1800 3997 1882 4049 ὃτι

315 4089 410 4141 καὶ
446 4087 698 4141 σύνθετον
731 4090 793 4142 τὸ
821 4089 878 4156 ἐξ
912 4089 1096 4162 ἐτέρου
1137 4091 1230 4143 καὶ
1261 4090 1446 4160 ἐτέρου
1490 4088 1842 4159 συγκείμενον
1867 4102 1880 4115 '

317 4181 376 4232 τὸ
429 4181 485 4234 δὲ
532 4181 780 4235 σύνθετον
834 4183 932 4234 οὒκ
989 4183 1309 4253 ἀγέννητον·
1342 4182 1478 4235 εἰδὲ
1510 4181 1725 4247 ταυοὸν,
1761 4181 1885 4233 ὅσον

321 4272 692 4344 παρῇλλακται
723 4273 784 4325 τὸ
817 4274 1072 4344 γεννητὸν
1101 4275 1236 4344 πρὸς
1268 4271 1326 4327 τὸ
1354 4274 1668 4344 ἀγέννητον,
1703 4271 1887 4325 τοσοῦ-

321 4382 412 4417 τον
451 4365 663 4436 ἀνάγκη
701 4365 1075 4437 παρηλλάχθαι
1106 4367 1164 4419 τὸ
1195 4366 1308 4434 φῶς
1355 4366 1488 4438 πρὸς
1529 4366 1590 4418 τὸ
1620 4365 1756 4434 φῶς,
1795 4366 1889 4418 καὶ

324 4460 424 4528 τὴν
463 4457 608 4530 ζωὴν
636 4459 770 4529 πρὸς
797 4459 896 4530 τὴν
926 4457 1090 4530 ζωὴν,
1127 4459 1220 4511 καὶ
1249 4457 1347 4529 τὴν
1372 4458 1599 4528 δύναμιν
1629 4456 1766 4530 πρὸς
1791 4456 1889 4527 τὴν

324 4549 570 4622 δύναμιν.

1960 1975 2130 2043 ipsam
2159 1987 2256 2040 per
2279 1988 2338 2026 se
2366 1972 2553 2034 vitam,
2581 1970 2866 2039 ipsumque
2895 1983 2988 2037 per
3014 1981 3072 2020 se
3098 1968 3313 2026 bonum,
3341 1980 3406 2024 ex
3439 1963 3518 2018 vi-

1962 2069 2215 2124 viﬁcante
2260 2065 2408 2120 fonte
2462 2075 2700 2134 paterna:
2753 2060 3013 2116 bonitatis
3059 2058 3464 2129 provenientem
3507 2073 3520 2109 :

1959 2159 2153 2216 deinde
2183 2175 2304 2214 cum
2340 2156 2713 2218 intellexisset,
2749 2155 2846 2208 has
2881 2162 3094 2206 nostras
3135 2147 3522 2220 notioncsnisi

1960 2253 2342 2315 concussisset,
2379 2249 2517 2312 fore,
2565 2257 2622 2302 ut
2663 2246 2823 2318 262
2867 2244 3001 2298 nihil
3033 2243 3256 2299 omnino
3302 2241 3402 2300 sibi
3434 2255 3528 2296 su-

1940 2344 2130 2413 ‘persit
2161 2350 2358 2413 praeter
2388 2341 2717 2411 sophismata
2754 2338 2866 2407 (qui
2898 2336 3038 2389 enim
3068 2335 3280 2389 Patrem
3311 2333 3529 2388 conﬁte-

1967 2448 2052 2494 tur
2081 2436 2252 2489 lucem
2285 2449 2426 2496 esse,
2455 2443 2509 2484 et
2555 2429 2748 2484 Filium
2780 2441 2995 2497 quoque
3024 2440 3143 2480 esse
3182 2424 3377 2490 lucem,
3403 2437 3525 2476 cum

1966 2528 2099 2582 lucis
2124 2527 2196 2580 sit
2225 2540 2326 2578 una
2356 2532 2410 2579 et
2440 2522 2627 2576 eadem
2656 2519 2830 2585 n0tio,
2860 2516 3181 2572 naturaliter
3208 2529 3272 2569 eo
3305 2513 3532 2568 deduce-

1967 2633 2074 2682 tur,
2097 2629 2156 2673 ut
2183 2615 2617 2687 conjunctionem
2648 2611 2941 2668 secundum
2987 2607 3344 2664 substantiam
3371 2604 3531 2660 conli-

1971 2723 2147 2768 teatut‘
2171 2729 2187 2767 :
2212 2726 2335 2765 nam
2365 2709 2539 2762 lucem
2570 2708 2709 2765 inter
2732 2713 2786 2760 et
2814 2704 3007 2766 lucem,
3036 2700 3332 2756 secundum
3361 2698 3530 2767 ipsam

1969 2806 2103 2859 lucis
2140 2805 2428 2872 rationem,
2457 2800 2599 2854 nulla
2626 2811 2798 2868 neque
2821 2797 2874 2850 in
2904 2794 3239 2866 prolatione,
3272 2805 3446 2862 neque
3476 2790 3528 2843 in

1969 2900 2081 2966 ipsa
2131 2894 2526 2966 signiﬁcatione
2578 2891 2866 2946 diversitas
2908 2889 3076 2957 est):
3125 2895 3182 2940 ut
3223 2885 3386 2956 igitur
3432 2885 3534 2938 hoc

1971 2989 2128 3044 nobis
2159 2987 2399 3050 adimat,
2437 2983 2793 3038 artificiorum
2831 2979 3034 3034 retibus
3075 2976 3197 3032 ﬁdei
3233 2974 3533 3029 doctrinam

1971 3079 2376 3145 circumvallat,
2422 3081 2536 3132 lucc
2573 3076 2712 3130 inter
2742 3089 2800 3129 se
2836 3087 3009 3142 neque
3054 3069 3214 3124 ullam
3254 3082 3538 3138 compara-

1977 3174 2214 3234 tionem,
2269 3184 2442 3238 neque
2492 3167 2654 3220 ullam
2705 3163 3142 3220 communionem
3193 3162 3394 3215 docens
3441 3159 3539 3214 lia-

1976 3264 2145 3320 berc:
2179 3269 2232 3316 et
2257 3275 2373 3330 qua:
2397 3267 2478 3313 est
2506 3257 2744 3328 genitum
2779 3255 2918 3310 inter
2949 3262 3004 3309 et
3044 3252 3338 3324 ingenitum
3369 3263 3538 3320 oppo-

1974 3357 2120 3421 sitio,
2154 3355 2295 3409 hanc
2323 3352 2510 3406 dicens
2536 3350 2697 3404 etiam
2723 3363 2843 3402 esse
2880 3346 3052 3400 lucem
3088 3346 3231 3398 inter
3256 3349 3311 3397 et
3340 3342 3538 3406 lucem,

1975 3457 2062 3502 aut
2098 3446 2144 3502 si
2174 3447 2274 3500 hoc
2304 3457 2638 3507 aversantur,
2675 3440 3030 3510 compositum
3065 3452 3185 3492 esse
3215 3436 3379 3492 Deum
3411 3448 3541 3488 con-

1977 3538 2117 3594 [lteri
2147 3550 2368 3608 cogens.
2402 3535 2510 3590 Sed
2553 3533 2733 3603 potius
2761 3533 2930 3602 ipsam
2976 3530 3092 3600 ejus
3121 3528 3414 3584 dictionem
3447 3539 3540 3579 au-

1979 3630 2210 3685 diamus.

2056 3816 2187 3870 Eun.
2234 3813 2424 3868 Utrum
2459 3811 2600 3865 aliud
2643 3810 2768 3879 quid
2810 3806 3096 3877 signiﬁcat,
3139 3803 3331 3875 inquit,
3367 3803 3457 3856 tux
3490 3801 3543 3855 in

1983 3911 2219 3980 ingenito
2251 3916 2444 3978 pra-ter
2474 3905 2735 3976 genitum,
2769 3918 2838 3956 an
2869 3899 3008 3954 idem
3036 3894 3360 3965 utrumque?
3388 3893 3544 3958 Nam,

1985 4005 2030 4057 si
2065 4001 2208 4056 aliud
2249 4010 2412 4070 atque
2442 3997 2586 4054 aliud
2609 4036 2624 4060 ,
2669 3995 2844 4067 palam
2886 4002 2968 4048 est
2998 3992 3158 4046 etiam
3189 3989 3548 4057 compositum

1986 4097 2037 4149 id
2066 4109 2190 4149 esse
2211 4133 2227 4158 ,
2261 4092 2402 4161 quod
2431 4107 2497 4145 ex
2539 4090 2643 4144 alio
2670 4099 2831 4157 atque
2870 4085 2975 4139 alio
3004 4093 3235 4142 constat.
3268 4080 3419 4148 Quod
3447 4095 3544 4134 au-

1988 4197 2094 4242 tent
2124 4186 2478 4256 compositum
2515 4193 2632 4248 est,
2685 4180 2978 4252 ingenitum
3027 4193 3133 4234 non
3181 4185 3284 4232 est.
3329 4174 3383 4229 Si
3425 4189 3554 4227 vero

1989 4279 2151 4343 idem,
2188 4288 2451 4348 quantum
2483 4277 2758 4334 diversum
2793 4282 2874 4327 est
2903 4271 3142 4341 genitum
3172 4269 3239 4323 ab
3277 4265 3554 4336 ingenito,

1993 4373 2201 4419 tantum
2233 4379 2456 4418 necesse
2493 4373 2576 4417 est
2607 4363 2780 4414 lucem
2814 4375 2841 4412 a
2880 4359 2999 4412 luce
3034 4357 3301 4414 diversam
3329 4367 3471 4417 esse,
3501 4357 3559 4406 et

1992 4461 2155 4514 vitam
2185 4477 2214 4513 a
2246 4461 2380 4523 vita,
2411 4466 2468 4513 et
2495 4455 2789 4527 potentiam
2821 4470 2848 4508 a
2879 4451 3140 4523 potentia.

399 4619 542 4695 ΒᾸΣ.
605 4642 795 4711 Ὁρᾶτε
839 4642 932 4695 καὶ
975 4642 1181 4696 συνίετε
1234 4643 1294 4696 τὸ
1329 4643 1428 4712 τῆς
1476 4641 1728 4706 ἀσεϐείας
1770 4660 1872 4713 φρι-

2068 4641 2192 4696 Bas.
2237 4640 2423 4695 Videte
2455 4648 2509 4692 et
2534 4636 2816 4702 intelligile
2846 4631 3173 4690 horrendam
3204 4628 3562 4695 impietatem.

327 4735 469 4790 κτόν.
503 4735 686 4798 Ὅσον,
719 4735 870 4804 φησὶ,
896 4733 955 4786 τὸ
985 4734 1278 4805 ἀγέννητον
1307 4735 1401 4787 τοῦ
1438 4734 1691 4805 γεννητοῦ
1718 4734 1894 4806 διενή-

405 4981 516 5051 (98)
553 4981 770 5051 Antiqui
811 4981 915 5033 tluo
947 4980 1064 5051 libri
1107 4978 1455 5051 ἀπολάμψαν.
1507 4977 1608 5032 Alii
1664 4993 1792 5051 mss.
1838 4984 1894 5051 et.

333 5049 463 5105 mliti
494 5050 910 5121 ἀπολάμψαντα.
973 5050 1186 5121 Statim
1211 5049 1340 5118 lteg.
1377 5052 1650 5121 secundus
1674 5049 1895 5121 perinde

334 5133 499 5189 atque
530 5123 654 5176 editi
677 5117 867 5192 ⁷πηγῆς
894 5121 1014 5191 τῆς,
1058 5137 1121 5173 ea:
1163 5117 1310 5192 [ante
1363 5129 1596 5192 paterna:
1633 5117 1900 5192 bonitatis.

340 5194 548 5261 llcliqui
604 5189 758 5246 mss.’
786 5189 968 5262 πηγῆς
1001 5193 1095 5245 καὶ
1123 5191 1342 5262 ﬁge:
1404 5189 1693 5255 viviﬁcante
1740 5189 1903 5258 fonte,

336 5279 503 5332 exque
541 5273 756 5332 paterna
783 5261 1015 5332 bonitate
1047 5261 1480 5332 progredientem.

410 5328 520 5403 (99)
542 5328 753 5385 οὐδὲν
779 5331 937 5398 αὐτῷ
962 5328 1156 5388 πλέον’
1172 5331 1288 5384 τῶν
1310 5328 1902 5403 σοφισμάτωνΝετιε,

345 5401 606 5457 Νἱίιὶίξιίί
637 5403 920 5468 proderunt
961 5405 1301 5472 soli/tisntata.
1336 5401 1546 5454 MARAN.

418 5474 490 5543 (t)
533 5473 668 5524 lCtliti
701 5482 753 5525 et
796 5473 924 5539 llcg.
976 5469 1198 5538 quintus
1245 5472 1597 5543 σοφισμάτων
1627 5469 1902 5543 ἕσταιηὈ

341 5540 450 5656 γὰρ
475 5540 611 5611 ’φῶς
646 5542 917 5612 ὁμολογῶν
951 5543 1038 5595 τὸν
1074 5540 1764 5614 Πατέρα.....ήοίκειότητος
1810 5540 1905 5593 ὑπ-

343 5633 410 5656 η’]
434 5615 661 5656 hirneam-
687 5617 749 5656 ΔΙ.
773 5615 1008 5656 nntium"!
1042 5629 1148 5656 me:
1188 5627 1238 5656 nl
1273 5617 1321 5656 in
1341 5616 1611 5656 onnlt'xlrt-
1643 5612 1740 5656 nisi
1761 5613 1904 5656 mimi

343 5612 749 5686 αχῢήσεταιτΑι
773 5615 1008 5681 quinque
1041 5612 1239 5686 mss.tti
1273 5617 1322 5666 in
1341 5616 1613 5686 contextu,
1643 5612 1740 5663 nisi
1761 5613 1904 5680 quod

350 5681 483 5755 lii-g.
551 5685 739 5755 tertius
797 5700 891 5755 pro
925 5700 988 5752 γε
1025 5685 1216 5738 habeat
1245 5701 1325 5747 τε,
1351 5695 1404 5737 ct
1467 5685 1516 5755 in
1554 5681 1682 5747 Iicg.
1712 5691 1906 5755 quarto

348 5753 454 5824 ιιι-ο⁷
474 5753 799 5826 οἰκειότητος
837 5754 1044 5823 legatur
1094 5755 1439 5826 ταυτότητος.
1495 5753 1688 5807 Parum
1746 5753 1910 5806 refert

353 5839 472 5882 utro
499 5825 656 5880 modo
687 5828 854 5894 legas,
878 5842 997 5881 cum
1025 5835 1254 5894 utroque
1284 5825 1438 5882 modo
1466 5826 1652 5881 eadem
1696 5833 1906 5878 senten-

2000 4735 2289 4801 Quantum,
2321 4731 2531 4801 inquit,
2566 4727 2860 4798 ingenitum
2899 4741 2928 4780 a
2954 4722 3138 4792 genito
3184 4721 3402 4786 ditl'ert,
3440 4728 3562 4775 tan-

2002 4911 2069 4962 tia
2104 4906 2387 4959 eiliciatur.

2070 4979 2146 5047 (ΞΣ)
2177 4977 2315 5031 Editi
2369 4973 2523 5047 mea
2562 4971 2661 5043 τὴν
2713 4971 2976 5047 ἔννοιαν...
3005 4968 3225 5036 Antiqui
3290 4978 3395 5047 tres
3442 4966 3563 5046 libri

2004 5036 2138 5102 κατ’
2169 5047 2338 5118 αὐτὴν
2368 5046 2468 5115 τὴν
2501 5036 2726 5096 ἔννοιαν.
2759 5042 2878 5118 Mox
2940 5039 3092 5118 Reg._
3109 5040 3377 5118 secuit-(lus
3408 5036 3567 5118 τοῦτο

2002 5121 2167 5191 ἡμᾶς.
2224 5106 2343 5191 Alii
2387 5106 2490 5170 duo
2546 5131 2674 5167 mss.
2731 5111 2921 5165 τούτου
2978 5106 3144 5182 ἡμᾶς.
3178 5109 3319 5164 Editi
3349 5117 3403 5162 et
3431 5106 3565 5175 Reg.

2001 5189 2220 5260 quintus
2249 5198 2305 5260 ut
2333 5189 2382 5260 in
2415 5195 2690 5260 contextu.

2071 5259 2148 5328 (5)
2176 5258 2326 5319 Illud,
2356 5257 2526 5328 ἡμᾶς,
2561 5271 2627 5310 ex
2651 5263 2880 5328 quatuor
2909 5269 3038 5308 mss.
3068 5249 3392 5328 addidimus.

2071 5316 2146 5400 (alii
2179 5316 2359 5382 Nullus
2378 5316 2834 5400 ἓιοὶιτεειιδυὲῂιιὶιεῑίΔ
2852 5325 3111 5400 legamus,
3143 5318 3296 5400 παρὰ
3322 5316 3384 5400 το
3412 5317 3575 5400 ἀγένς

2002 5389 2181 5486 νητρν,
2215 5413 2477 5486 non‘vero
2502 5395 2756 5482 γεννητόν
2782 5389 3060 5479 ἠίιςιξρῃίιιι
3087 5392 3243 5486 paullo
3273 5389 3494 5486 ρρειῦτὸ
3514 5389 3572 5442 δὲ

2005 5459 2258 5526 σύνθετον
2291 5470 2389 5522 οὐκ
2418 5459 2732 5537 ἀγέννητον.
2785 5467 2872 5520 Sic
2907 5459 3358 5537 igiturieddetitla
3389 5461 3572 5537 Eunu-

2003 5546 2095 5597 mii
2127 5543 2284 5597 verba
2317 5555 2328 5592 ε
2366 5530 2550 5594 Utrum
2573 5530 2664 5592 lita:
2687 5539 2741 5590 in
2773 5530 3000 5606 ingenito
3031 5533 3194 5606 aliud
3209 5530 3334 5600 quid
3366 5531 3577 5601 signi/i-

2005 5624 2086 5666 cal
2113 5631 2173 5665 ac
2199 5611 2505 5682 ingenitum,
2530 5609 2772 5682 arrident
2796 5601 3115 5682 uirumque?
3149 5601 3364 5682 blattam.

2078 5683 2154 5755 (5)
2174 5670 2396 5736 Codices
2430 5670 2537 5736 tres
2571 5680 2669 5750 μὲν
2698 5676 2826 5747 γάρ.
2865 5670 3061 5732 Vocula
3100 5672 3208 5745 γάρ
3243 5674 3294 5728 iu
3359 5670 3583 5728 excusis

2008 5755 2363 5810 desideratur.

2045 5760 2363 5810 esideratur.
