4002 6408
519 399 616 453 6’5!

1819 382 1876 440 5.
1922 381 2161 437 BASlLll
2201 379 2412 435 MAGNI

3657 374 3764 428 σέ

3705 391 3714 400 .

3699 409 3720 422 ἰ

3705 391 3714 400 ν

521 525 634 571 tum
665 511 877 566 dill'eret
913 508 1003 563 lux
1036 524 1065 562 a
1097 509 1234 570 luce,
1267 517 1320 562 et
1357 507 1463 560 vita
1509 523 1536 558 a
1585 505 1718 570 vita,
1751 512 1805 557 et
1843 503 2080 572 polentia

2188 516 2322 569 νοχε,
2372 497 2617 550 τοσοῦτον
2657 497 2843 550 διοίσει
2889 494 2950 548 τὸ
2983 495 3099 564 φῶς
3146 493 3282 566 πρὸς
3319 493 3380 546 τὺ
3420 494 3561 563 φῶς,
3597 492 3693 544 καὶ
3734 497 3766 564 η

520 623 548 658 a
579 603 838 675 petentia.
878 600 1277 670 lnterrogemus
1305 599 1468 668 igitur
1503 599 1676 666 ipsum
1700 639 1713 658 ,
1746 596 1958 662 Quanto
2006 595 2085 648 in-

520 695 1065 765 tervalloiugenitum
1096 708 1126 744 a
1171 691 1353 762 genito
1393 689 1693 758 sejunctum
1738 688 1858 742 est?
1907 695 2083 740 utrum

520 800 687 854 parvo
725 783 924 853 aliquo,
965 792 1018 838 et
1052 783 1181 845 tali,
1225 791 1282 835 ut
1325 792 1524 851 queant
1551 779 1762 834 tandem
1799 777 2086 848 aliquando

521 879 574 931 in
603 878 740 931 i‘dem
773 877 915 930 inter
943 891 1001 932 se
1028 875 1360 930 convenire?
1389 890 1456 928 an
1495 876 1595 929 hoc
1621 873 1848 927 omnino
1885 873 2086 942 impos-

520 965 696 1030 sibile,
723 975 778 1021 et
802 967 991 1034 magis,
1014 981 1178 1036 quam
1208 966 1456 1020 eumdem
1486 975 1756 1018 mortuum
1780 981 1903 1019 esse
1927 964 2084 1018 simul

519 1067 574 1111 et
605 1057 824 1122 vivere,
879 1072 1036 1126 quam
1084 1073 1273 1110 sanum
1316 1057 1472 1110 simul
1527 1072 1644 1111 esse
1689 1067 1745 1110 et
1789 1067 2082 1127 aegrotare,

521 1164 680 1216 quam
716 1150 937 1220 vigilare
963 1150 1124 1203 simul
1150 1159 1204 1202 et
1228 1150 1497 1204 dormire?
1530 1149 1677 1204 Talia
1703 1165 1936 1217 namque
1961 1161 2086 1203 sunt

521 1257 852 1311 quacunque
897 1242 998 1296 sibi
1031 1242 1257 1294 invicem
1291 1257 1500 1295 summa
1525 1243 1864 1310 oppositione
1892 1244 2084 1294 adver-

521 1343 730 1397 santur,
759 1335 894 1387 adeo
923 1342 980 1387 ut
1008 1345 1274 1403 praesente
1304 1333 1474 1387 altero
1502 1334 1729 1387 alterum
1763 1335 1954 1388 abesse
1991 1349 2082 1388 ne—

522 1439 678 1480 cesse
704 1426 813 1479 sit:
849 1440 970 1493 qua)
1007 1427 1080 1478 ita
1113 1435 1421 1493 comparata
1465 1435 1609 1487 sunt,
1648 1435 1705 1478 ut
1735 1425 1956 1478 omnino
1987 1440 2085 1480 nec

521 1516 680 1572 simul
707 1531 846 1585 esse,
875 1533 975 1574 nec
1001 1519 1142 1574 inter
1171 1535 1229 1574 se
1261 1519 1536 1573 conciliari
1570 1520 1800 1587 possint.

591 1693 680 1751 26.
725 1695 909 1765 Itaque
942 1712 1063 1751 cum
1113 1699 1176 1751 ad
1215 1699 1355 1753 hunc
1387 1700 1601 1754 modum
1639 1699 1822 1769 genito
1871 1700 2084 1770 ingeni-

2185 588 2295 660 ζωὴ
2343 591 2478 662 πρὸς
2504 591 2600 661 τὴν
2630 589 2792 660 ζωὴν,
2834 589 2925 641 καὶ
2968 590 3001 658 ἡ
3041 589 3267 658 δύναμις
3303 587 3438 658 πρὸς
3471 587 3575 656 τὴν
3611 585 3771 638 δύνα-

2189 705 2295 756 μιν.
2362 686 2753 756 Ἐρωτήσωμεν
2791 682 2969 734 τοίνυν
3013 682 3207 734 αὐτόν·
3244 679 3315 733 Τὸ
3355 681 3412 733 δὲ
3465 680 3768 749 ἀγέννητον

2184 777 2273 831 τοῦ
2315 776 2558 846 γεννητοῦ
2586 776 2734 845 πόσῳ
2753 775 2933 844 μέτρῳ
2955 775 3232 845 διώρισται
3254 790 3268 838 ;
3293 770 3401 845 ἆρα
3427 773 3620 844 μικρῷ
3642 790 3768 833 τινι,

2185 872 2278 924 καὶ
2306 871 2542 942 τοσούτῳ
2579 869 2676 937 (6),
2707 869 2845 922 ὥστε
2879 867 3136 922 δύνασθαί
3172 884 3297 920 ποτε
3332 867 3424 919 καὶ
3459 866 3542 928 εἰς
3569 865 3770 917 ταυτὸν

2185 963 2431 1034 ἀλλήλοις
2462 962 2734 1033 συμϐῆναι
2756 981 2769 1024 ;
2795 962 2827 1034 ἢ
2853 960 3010 1013 τοῦτο
3036 957 3311 1019 παντελῶς
3337 959 3653 1028 ἀμήχανον,
3680 959 3768 1009 καὶ

2187 1056 2346 1109 πλέον
2378 1053 2780 1124 ἀδυνατώτερον
2824 1052 2916 1105 τοῦ
2951 1053 3040 1104 τὸν
3077 1051 3234 1104 αὑτὸν
3281 1048 3378 1120 ζῇν
3407 1051 3468 1100 ἐν
3502 1049 3581 1118 τῷ
3619 1047 3772 1116 αὑτῷ

2185 1131 2276 1201 καὶ
2304 1145 2577 1208 τεθνάναι,
2616 1145 2709 1199 καὶ
2736 1145 2994 1213 ὑγιαίνειν
3035 1143 3173 1196 κοιτά
3205 1143 3400 1194 ταυτὸν
3434 1141 3534 1194 καὶ
3562 1143 3767 1200 νοσεῖ-ι,

2186 1242 2277 1293 καὶ
2315 1241 2670 1312 ἐγρηγορέναι
2704 1237 2837 1309 ὁμοῦ
2887 1237 2979 1291 καὶ
3018 1235 3331 1298 καθεύδειν;
3379 1232 3627 1286 Τοιαῦτα
3662 1237 3772 1304 γὰρ

2184 1333 2280 1386 ὅσα
2307 1332 2446 1385 κατά
2470 1331 2566 1402 τὴν
2597 1331 2769 1401 ἀκραν
2798 1325 3065 1383 ἀντίθεσιν
3091 1327 3336 1398 ἀλληλοις
3365 1328 3774 1396 ἀντικαθεστη-

2184 1443 2300 1486 κεν,
2340 1424 2478 1477 ὥστε
2516 1424 2777 1495 παρόντος
2805 1421 2896 1474 τοῦ
2951 1419 3134 1492 ἐτέρου
3186 1418 3500 1487 ἀναγκαίως
3544 1420 3770 1474 ἀπεῖναι

2185 1518 2429 1588 θάτερον,
2471 1517 2505 1571 ἃ
2549 1518 2640 1570 καὶ
2672 1516 3059 1588 ἀσυνύπαρκτα
3117 1514 3391 1578 παντελῶς
3442 1515 3540 1566 καὶ
3585 1515 3768 1584 ἀσύμ-

2185 1609 2322 1663 ϐατα
2356 1609 2429 1678 (7)
2457 1605 2593 1661 εἶναι
2623 1608 2851 1676 πέφυκε.

2253 1699 2342 1753 ἓϐ.
2379 1699 2533 1752 Κατὰ
2563 1698 2626 1770 δὴ
2658 1695 2749 1752 οὖν
2786 1697 2972 1751 τοῦτον
3007 1699 3095 1750 τὸν
3135 1697 3330 1766 τρόπον
3362 1695 3499 1768 πρὸς
3540 1697 3602 1748 τὸ
3643 1713 3768 1762 γεν-

523 1791 632 1838 tum
662 1798 982 1856 opponatur,
1029 1789 1117 1858 qui
1150 1791 1364 1842 l’atrem
1397 1789 1569 1844 lucem
1602 1791 1883 1855 nominat,
1914 1790 2083 1845 lucem

2188 1791 2345 1860 νητὺν
2371 1790 2447 1860 τῷ
2479 1791 2755 1862 ἀγεννήτῳ
2785 1789 2884 1858 τῆς
2912 1787 3232 1850 ἀντιθέσεως
3255 1786 3440 1854 οὔσης,
3469 1790 3499 1839 ὁ
3523 1787 3618 1839 τὸν
3655 1787 3765 1840 Πα-

525 1876 706 1930 itidem
742 1876 959 1944 Filium,
992 1879 1190 1948 quique
1221 1881 1360 1933 hanc
1397 1881 1570 1935 lucem
1608 1881 1675 1935 ab
1707 1880 1794 1935 illa
1820 1880 1936 1935 luce
1968 1892 2087 1935 tan-

526 1977 636 2021 tum
685 1969 890 2024 distare
929 1970 1082 2036 dicit,
1133 1981 1396 2039 quantum
1445 1974 1686 2042 genitum
1727 1974 1795 2026 ab
1847 1974 2090 2042 ingenito

524 2049 844 2123 distat,'ille
887 2077 1194 2130 quanquam
1226 2063 1599 2118 humaniorem
1633 2081 1692 2119 se
1724 2067 1888 2118 verbo
1917 2067 2086 2119 simu-

523 2149 618 2214 lat,
647 2149 817 2206 lucem
850 2153 1055 2207 scilicet
1084 2153 1276 2207 Filium
1311 2169 1524 2223 quoque
1561 2157 1872 2222 nominans,
1910 2171 2088 2211 nonne

521 2243 712 2297 saltem
739 2245 788 2298 vi
813 2246 1097 2298 verborum
1121 2247 1444 2301 sententiam
1472 2247 1521 2301 in
1547 2250 1878 2302 contrarium
1904 2261 2088 2318 aperte

522 2334 1143 2391 abducit?Considerate
1163 2339 1304 2392 enim
1329 2339 1455 2408 quid
1492 2349 1793 2407 opponatur
1830 2321 2084 2408 ingenito,

521 2427 736 2482 aliudue
765 2429 1085 2500 ingenitum,
1133 2447 1200 2485 an
1251 2433 1534 2501 genitum?
1577 2432 1830 2487 Genitum
1877 2435 2082 2504 utique.

521 2516 658 2584 Quid
697 2534 822 2575 vero
851 2521 1140 2590 opponitur
1172 2522 1318 2575 luci?
1346 2523 1509 2576 luxne
1551 2523 1677 2588 alia,
1713 2541 1780 2577 an
1813 2527 2088 2580 tenebrae?

521 2609 777 2666 Tenebrae
804 2614 1066 2682 profecto.
1117 2615 1325 2684 Itaque,
1357 2617 1397 2668 si
1428 2627 1687 2684 quantum
1723 2616 1898 2672 dill'ert
1932 2620 2084 2686 geni-

523 2711 631 2754 tum
663 2705 731 2756 ab
766 2703 1020 2773 ingenito,
1071 2713 1274 2758 tantmn
1319 2721 1542 2761 necesse
1585 2716 1667 2760 est
1696 2705 1868 2760 lucem
1903 2723 1932 2761 a
1967 2707 2086 2763 luce

521 2791 755 2860 diﬂ‘erre,
781 2795 866 2847 cui
894 2810 960 2849 ex
988 2795 1238 2850 omnibus
1268 2797 1514 2866 impietas
1537 2809 1810 2868 comperta
1837 2814 1942 2852 non
1979 2809 2081 2862 est,

520 2883 661 2949 quod
713 2884 767 2936 in
811 2885 1165 2956 appellatione
1209 2887 1342 2942 lucis
1394 2889 1726 2944 interserens
1784 2893 1926 2958 quod
1979 2891 2082 2945 luci

521 2975 828 3043 oppositum
872 2987 975 3042 est,
1017 2977 1286 3048 Unigeniti
1323 2981 1678 3035 substantiam
1713 2992 1918 3036 natura:
1948 2983 2085 3038 lucis

521 3067 854 3122 contrariam
907 3084 1028 3124 esse
1085 3071 1412 3126 submonet?
1456 3074 1564 3126 Aut
1611 3075 1859 3128 ostendat
1926 3077 2079 3130 nobis

2189 1882 2319 1952 τέρα
2366 1882 2482 1951 φῶς
2519 1881 2816 1952 ὀνομάζων,
2863 1879 2976 1949 φῶς
2999 1880 3054 1933 δὲ
3084 1882 3174 1932 καὶ
3203 1880 3292 1932 τὸν
3324 1879 3468 1940 Υἱὸν,
3505 1879 3766 1932 τοσοῦτον

2188 1973 2243 2026 δὲ
2269 1973 2424 2026 τοῦτο
2455 1975 2514 2026 τὸ
2544 1972 2658 2040 φῶς
2693 1971 2900 2024 ἐκείνου
2925 1971 3016 2023 τοῦ
3049 1971 3221 2038 φωτὸς
3248 1969 3530 2041 διωρίσθαι
3563 1970 3760 2038 λέγων,

2187 2068 2308 2120 ὅσον
2341 2066 2399 2118 τὸ
2439 2065 2690 2135 γεννητὸν
2719 2065 2824 2118 ἀπὸ
2853 2064 2944 2117 τοῦ
2972 2064 3260 2133 ἀγεννήτου
3292 2059 3598 2132 διώρισται,
3641 2062 3762 2130 calt

2187 2155 2342 2226 δῆλός
2379 2157 2513 2217 ὲστι,
2554 2154 2653 2208 κᾶν
2682 2153 2760 2225 τῷ
2809 2157 3011 2225 ῥήματι
3052 2151 3410 2225 προσποιῆται
3448 2150 3758 2222 φιλανθρωο

2189 2247 2466 2313 πεύεσθαι,
2499 2246 2614 2316 φῶς
2651 2243 2928 2316 ὀνομάζων
2970 2244 3129 2315 δῆθεν
3176 2245 3269 2298 καὶ
3299 2245 3389 2296 τὸν
3431 2243 3582 2306 Υίδν,
3625 2243 3761 2296 ἀλλά

2193 2343 2258 2412 τῇ
2298 2357 2361 2408 γε
2391 2341 2616 2410 δυνάμει
2645 2338 2718 2409 (8)
2753 2337 2859 2391 τῶν
2906 2338 3208 2407 λεγομένων
3244 2339 3376 2408 προς
3409 2337 3470 2389 τὸ
3514 2337 3756 2390 ὲναντῐον

2187 2433 2413 2499 ἀπάγων
2439 2431 2534 2502 τὴν
2564 2431 2799 2493 έννοιαν;
2835 2430 3090 2482 Σκοπεῖτε
3125 2427 3227 2500 γάρ
3257 2429 3308 2481 τί
3344 2427 3650 2480 ἀντίκειται
3681 2428 3756 2498 τῷ

2187 2523 2485 2593 ἀγεννήτῳ,
2524 2522 2647 2575 ἄλλο
2685 2521 2997 2591 ἀγέννητον,
3033 2519 3066 2589 ἢ
3108 2519 3169 2582 τὸ
3211 2521 3500 2590 γεννητόνς
3532 2519 3608 2572 Τὸ
3637 2535 3757 2587 γεν-

2187 2615 2343 2685 νητὸν
2371 2614 2632 2684 δηλονότι.
2679 2615 2742 2666 Τί
2769 2614 2825 2668 δὲ
2857 2613 3151 2667 ἀντίκειται
3178 2611 3254 2682 τῷ
3289 2611 3461 2680 geni;
3495 2611 3613 2680 φῶς
3646 2611 3757 2664 ἔτεα

2187 2725 2299 2780 ρον,
2342 2707 2373 2777 ἢ
2413 2706 2472 2758 τὸ
2506 2706 2720 2769 σκότος;
2757 2705 2828 2758 Τὸ
2857 2704 3045 2767 σκότος
3078 2703 3308 2766 πάντως.
3342 2703 3400 2754 Εἰ
3428 2702 3610 2755 τοίνυν
3635 2701 3756 2755 ὅσον

2186 2799 2561 2871 παρήλλακται
2586 2799 2646 2850 τὸ
2678 2797 2931 2866 γεννητὸν
2976 2797 3108 2868 πρὸς
3136 2796 3194 2848 τδ
3223 2797 3538 2866 ἀγέννητον,
3569 2795 3754 2848 τοσοῦ-

2184 2908 2274 2945 τον
2321 2890 2530 2960 ἀνάγκη
2562 2887 2938 2958 παρηλλάχθαι
2975 2887 3036 2939 τὸ
3069 2887 3182 2955 φῶς
3211 2888 3346 2957 πρὸς
3373 2886 3434 2938 τὸ
3476 2885 3615 2954 φῶς,
3653 2889 3752 2938 τίνι
3799 2931 3802 2934 λ

2183 2985 2291 3037 τῶν
2323 2985 2573 3037 ἀπάντων
2610 2981 2801 3052 ἄδηλος
2828 2982 2860 3051 ή
2896 2979 3139 3043 ἀσέϐεια,
3173 2979 3274 3042 ὅτι,
3324 2980 3380 3030 ἐν
3410 2979 3752 3050 προσηγορίᾳ

2187 3077 2362 3146 φωτὸς
2389 3077 2448 3129 τὸ
2489 3074 2859 3144 ἀντικείμενον
2902 3071 2979 3142 τῷ
3014 3071 3150 3141 φωτὶ
3187 3071 3557 3144 παρεισάγων,
3603 3073 3755 3123 ἐνανο

522 3159 692 3214 lucem
721 3177 840 3230 quae
881 3163 982 3218 luci
1013 3177 1335 3234 Opponatur,
1378 3184 1602 3237 qua‘que
1628 3185 1750 3222 eum
1785 3172 2079 3238 oppositio-

2188 3169 2303 3221 τίαν
2327 3164 2464 3220 εἶναι
2492 3171 2555 3237 τῇ
2585 3165 2677 3219 τοῦ
2709 3165 2884 3235 φωτὸς
2913 3164 3069 3233 φύσει
3103 3165 3200 3234 τὴν
3234 3162 3417 3216 οὐσίαν
3450 3162 3544 3215 τοῦ
3582 3164 3753 3216 Μονο-

523 3251 608 3304 nis
639 3254 854 3306 modum
888 3256 1115 3320 habeat,
1145 3260 1234 3327 qui
1275 3261 1455 3329 genitu
1481 3276 1602 3314 cum
1639 3262 1879 3331 ingenito
1912 3263 2079 3318 inter-

521 3345 684 3397 cedit.
711 3342 860 3411 Quod
885 3348 929 3402 si
957 3348 1071 3402 haac
1111 3367 1206 3402 nec
1237 3364 1338 3414 est,
1375 3369 1474 3408 nec
1509 3354 1624 3423 ipse
1653 3370 1888 3424 unquam
1921 3371 2081 3410 exco-

522 3435 693 3502 gitare
724 3438 945 3505 poterit;
977 3455 1041 3493 ne
1071 3440 1234 3510 263
1264 3442 1540 3512 ignoretur
1561 3460 1671 3512 ars,
1697 3460 1803 3515 qua
1833 3447 2083 3516 blasphe-

523 3526 682 3579 tniam
711 3527 816 3582 alte
846 3531 1089 3585 adornat.
1117 3530 1250 3586 Nam
1282 3573 1297 3598 ,
1325 3538 1576 3603 quoniam
1614 3547 1765 3606 putat
1791 3539 2080 3608 ingenitum

522 3618 703 3681 genito
745 3633 810 3673 ex
844 3621 1068 3677 adverso
1099 3627 1332 3694 opponi,
1363 3630 1609 3682 eamdem
1646 3629 1748 3683 luci
1802 3645 1922 3685 cum
1967 3631 2083 3686 luce

521 3709 914 3776 oppositionem
938 3713 1198 3781 adaptat;
1229 3727 1284 3769 ut
1311 3715 1486 3772 Patris
1517 3721 1875 3775 substantiam
1901 3731 2082 3776 osten-

523 3802 611 3854 dat
635 3802 947 3860 substantia:
981 3807 1248 3877 Uuigemti
1278 3825 1370 3878 per
1395 3813 1574 3867 omnia
1605 3818 1932 3871 contrariam
1964 3833 2084 3874 esse

524 3905 685 3963 atque
715 3898 1016 3954 adversam.
1047 3899 1335 3971 Propterea
1363 3921 1497 3960 nova
1524 3907 1638 3960 inec
1661 3919 1742 3963 est
1769 3909 2078 3979 dogmatunt

522 3983 762 4046 sanctio,
786 4000 888 4052 qua
919 3987 1052 4039 dicit
1080 4003 1094 4040 :
1129 3991 1397 4053 Quantum
1424 3993 1696 4047 diversum
1729 4005 1812 4048 est
1843 3997 2080 4064 genitum

524 4077 591 4127 ab
630 4075 884 4146 ingenito,
915 4088 1122 4132 tantum
1152 4095 1371 4138 necesse
1397 4097 1478 4139 est
1503 4085 1672 4140 lucem
1707 4100 1734 4138 a
1763 4087 1880 4142 luce
1907 4081 2082 4144 diver1

522 4181 633 4220 sam
657 4181 794 4221 esse.
825 4167 894 4221 At
924 4171 1216 4238 ingenitum
1243 4190 1364 4226 cum
1390 4177 1570 4241 genito
1587 4175 1750 4231 habet
1769 4180 2078 4246 quamdam,

523 4259 786 4326 positione
813 4262 1120 4328 verborum,
1156 4280 1259 4319 non
1303 4281 1490 4321 natura
1539 4282 1738 4333 rerum,
1788 4272 2081 4338 oppositio-

523 4365 667 4417 nem,
690 4353 829 4419 quod
856 4363 1028 4407 tamen
1058 4357 1106 4408 lll
1136 4355 1396 4410 aliirmant
1425 4375 1438 4410 :
1472 4357 1606 4412 lucis
1629 4369 1803 4413 autem
1824 4377 1942 4414 cum
1970 4363 2084 4417 luce

2181 3259 2371 3329 γενοῦς
2405 3258 2726 3323 ὑποϐάλλει;
2759 3259 2828 3310 Ἦ
2860 3257 3118 3310 δεικνύτω
3140 3258 3270 3327 ἡμῖν
3298 3255 3409 3326 φῶς
3442 3255 3752 3324 ἀντικείμε-

2182 3371 2269 3406 νον
2316 3352 2392 3423 τῷ
2438 3352 2595 3420 φωτὶ,
2651 3351 2869 3404 κάκεῖνο
2920 3351 2979 3401 τὸ
3033 3349 3230 3420 μέτρον
3277 3348 3374 3416 τῆς
3425 3346 3753 3408 ἀντιθέσεως

2183 3446 2321 3516 ἔχον,
2348 3445 2375 3497 ὃ
2407 3443 2484 3515 τῷ
2523 3441 2765 3514 γεννητῷ
2799 3443 2933 3514 πρὸς
2973 3442 3032 3494 τὸ
3061 3441 3350 3509 ἀγέννητον
3393 3441 3557 3494 ἐστιν.
3595 3439 3656 3492 Εἰ
3696 3438 3754 3490 δὲ

2180 3536 2340 3590 τοῦτο
2381 3535 2500 3589 οὒτε
2541 3535 2683 3586 ἐστὶν
2719 3533 2813 3604 (9),
2848 3531 2957 3585 οὔτ’
2992 3531 3055 3584 ἂν
3099 3530 3260 3592 αὐτὸς
3304 3531 3643 3598 ἐπινοήσειε,
3677 3528 3760 3596 μὴν

2183 3627 2479 3697 ἀγνοείσθω
2507 3629 2539 3698 ἡ
2570 3626 2730 3696 τέχνη
2771 3625 2886 3695 μεθ’
2929 3620 2996 3696 ἦς
3025 3623 3230 3693 βαθέως
3264 3620 3658 3682 κατασκευάζει
3692 3622 3754 3672 τὸ
3804 3620 3807 3622 ’

2218 3721 2519 3791 λάσφημον.
2568 3719 2786 3790 Ἐπειδὴ
2819 3717 2927 3788 γὰρ
2955 3719 3122 3769 οἴεται
3149 3715 3227 3786 τῷ
3253 3717 3528 3785 ἀγεννήτῳ
3549 3714 3610 3766 τὸ
3637 3727 3698 3780 γε
3711 3732 3754 3764 δ·

2185 3813 2341 3884 νητὺν
2397 3813 2513 3865 κατ’
2547 3811 2856 3864 ἐναντίωσιν
2909 3808 3255 3870 ἀντικεῖσθαι,
3308 3807 3404 3878 τὴν
3456 3807 3626 3876 αὐτὴν

2185 3903 2323 3972 φωτὶ
2360 3902 2494 3972 πρὸς
2518 3902 2576 3954 τὸ
2609 3901 2722 3971 φῶς
2747 3899 3017 3953 ἀντίθεσιν
3044 3897 3357 3970 ἐφαρμόζει,
3392 3898 3477 3949 ἶνα
3501 3896 3590 3949 διὰ
3619 3896 3755 3949 πάν-

2181 4015 2289 4050 των
2328 3997 2426 4066 τὴν
2453 3995 2545 4048 τοῦ
2573 3995 2780 4067 Πατρὸς
2812 3993 2999 4047 οὐσίαν
3029 3991 3316 4046 ἀντίπαλον
3350 3991 3444 4042 καὶ
3485 3990 3753 4060 πολεμίαν

2182 4093 2247 4161 τῇ
2276 4089 2369 4142 τοῦ
2400 4087 2730 4157 Μονογενοῦς
2761 4085 3022 4156 ἐπιδείξῃ.
3054 4083 3150 4138 Διά
3182 4083 3352 4136 ταῦτα
3389 4084 3421 4152 ἡ
3451 4084 3611 4146 καινὴ
3639 4081 3749 4149 (l0;

2183 4182 2321 4253 αὕτη
2357 4177 2462 4234 τῶν
2503 4180 2787 4252 δογμάτων
2823 4178 3142 4248 νομοθεσία-
3175 4175 3337 4229 Ὂσον
3373 4173 3751 4246 παρήλλακται

2183 4275 2242 4328 τὸ
2275 4273 2528 4344 γεννητὸν
2557 4271 2651 4325 τοῦ
2681 4273 2992 4342 ἀγεννήτου,
3027 4267 3275 4322 τοσοῦτον
3303 4266 3518 4334 ἀνάγκη
3545 4265 3752 4334 παρηλ-

2183 4367 2376 4437 λάχθαι
2418 4367 2478 4420 τὸ
2511 4365 2625 4436 φῶς
2663 4364 2797 4435 πρὸς
2840 4364 2900 4417 τὸ
2943 4363 3076 4432 φῶς.
3115 4361 3304 4413 Καίτοι
3337 4358 3414 4430 τῷ
3458 4359 3556 4431 μὲν
3595 4361 3750 4426 ἀγεν-

522 4458 620 4498 nec
639 4447 934 4500 secundum
965 4447 1315 4516 prolationem
1343 4465 1440 4503 nec
1464 4453 1760 4504 secundum
1788 4452 2082 4521 intelligen-

2188 4463 2326 4532 νήτῳ
2359 4460 2496 4530 πρὸς
2527 4458 2586 4511 τὸ
2617 4456 2869 4527 γεννητόν
2896 4455 3008 4507 ἐστί
3038 4471 3142 4516 τις,
3174 4450 3316 4505 κατὰ
3343 4452 3440 4521 τὴν
3469 4451 3617 4503 θέσιν
3643 4449 3748 4502 τῶν

526 4539 650 4589 tiam
673 4541 1029 4593 contrarietas
1056 4541 1158 4594 ulla
1189 4542 1483 4611 excogitari
1513 4552 1711 4611 potest.
1740 4543 1845 4598 Sed
1869 4546 2082 4600 videtur

523 4627 713 4683 fucatis
729 4630 1159 4686 cavillationibus
1177 4649 1233 4687 se
1258 4635 1429 4702 ipsum
1453 4634 1719 4702 decipere.
1738 4635 1893 4691 Putat
1912 4639 2076 4704 enim,

524 4735 643 4788 qua:
671 4736 735 4774 ex
764 4724 1053 4777 contrariis
1080 4737 1400 4792 sequuntur,
1430 4728 1672 4780 eamdem
1715 4727 1858 4782 inter
1889 4743 1948 4784 se
1982 4745 2080 4799 pu-

523 4826 680 4882 gnam
713 4814 934 4878 habere,
957 4830 1118 4882 quam
1146 4816 1343 4870 habent
1365 4826 1416 4871 et
1442 4818 1755 4887 principalia
1785 4823 2079 4886 contraria,

522 4915 578 4957 et
615 4919 735 4958 cum
768 4909 1098 4960 contrarium
1142 4907 1283 4962 inest
1332 4911 1486 4964 alteri
1531 4915 1952 4979 contrariorum,
2016 4931 2081 4969 ex

526 4998 694 5051 altero
735 4998 896 5052 etiam
922 5001 1249 5054 contrarium
1282 5005 1592 5060 necessario
1619 5016 1951 5062 secuturum.
1993 5005 2085 5070 Ut,

595 5175 669 5246 (6)
736 5172 843 5228 Vox
909 5175 1160 5240 τοσοῦτος
1218 5181 1412 5236 usitate
1473 5182 1683 5249 quidem
1739 5183 1938 5238 dicitur
1987 5199 2087 5252 pro

521 5257 688 5324 tanto,
715 5260 808 5324 seu
848 5262 944 5313 pro
971 5257 1078 5299 tam
1105 5265 1346 5324 magno:
1397 5253 1487 5307 sed
1521 5252 1607 5307 hic
1640 5255 1778 5308 sumi
1807 5255 1964 5309 debet
1995 5271 2089 5324 pro

519 5315 812 5391 tum_bre_pi,
835 5333 924 5391 seu
957 5331 1052 5391 pro
1077 5315 1429 5391 tum'exiguo.

520 5387 668 5508 aug)
720 5387 861 5441 Editi
925 5388 1020 5440 ml.
1074 5387 1420 5461 ἀσύμὸαντα.
1486 5392 1630 5448 Libri
1681 5405 1889 5449 veteres
1912 5393 2091 5464 ἀσύμ-

556 5475 678 5510 ατα.

599 5529 675 5605 18_)
715 5527 853 5605 Editi
887 5529 1044 5605 am
1074 5536 1139 5605 τῇ
1199 5533 1461 5605 δυνάμει,
1514 5535 1643 5603 Reg.
1686 5537 1952 5590 secundus
1980 5537 2091 5589 ἀλλ’

530 5598 664 5676 αὺξῇ
698 5614 762 5676 χε
793 5603 859 5676 τῇ
881 5602 994 5676 δυν.
1029 5598 1179 5676 Alius
1211 5621 1308 5676 ms.
1335 5598 1478 5658 ⁷ἀλλά
1501 5607 1568 5676 τῇ
1594 5598 1665 5674 Τγε
1698 5605 1810 5659 δυν.

591 5655 666 5748 (9‘;
695 5655 763 5748 ita
787 5655 859 5722 δὲ
870 5673 1043 5748 τοῦτο
1055 5675 1191 5728 οὔτε
1207 5655 1627 5748 έάτίῲᾖιιὸρίέὲιζ
1647 5655 1941 5744 εἰδὲ-φῶς,
1957 5687 2086 5741 οιοη

519 5742 656 5804 quod
680 5742 722 5812 si
747 5757 853 5812 non
887 5754 959 5794 est
993 5743 1086 5795 lux
1127 5745 1308 5799 mundi
1344 5747 1525 5812 hujus.

596 5808 704 5877 (tit)
733 5811 949 5878 Antiqui
988 5815 1092 5868 duo
1122 5815 1238 5870 libri
1271 5817 1302 5885 ἡ
1337 5808 1489 5887 κενή,
1523 5817 1679 5874 male.
1741 5817 1890 5873 Alius
1918 5819 2082 5873 codex

2188 4551 2463 4621 ῥημάτων,
2492 4553 2538 4602 εἰ
2567 4551 2658 4604 καὶ
2688 4549 2762 4620 μὴ
2793 4547 2933 4601 κατά
2957 4546 3054 4618 τὴν
3082 4543 3240 4613 φύσιν
3265 4541 3373 4596 τῶν
3395 4543 3748 4614 πραγμάτων,

2186 4641 2471 4704 ἀντίθεσις,
2500 4642 2636 4708 ὅπερ
2672 4633 2814 4693 οὗτοι
2848 4639 3341 4705 κατασκευάζουσι·
3375 4643 3512 4709 φωτὶ
3535 4641 3589 4693 δὲ
3620 4640 3748 4709 πρὸς

2183 4734 2244 4786 τὸ
2277 4733 2390 4802 φῶς
2420 4731 2542 4786 οὕτε
2586 4732 2726 4786 κατά
2751 4732 2848 4802 τὴν
2889 4734 3166 4805 προφορὰν
3198 4733 3320 4786 οὔτε
3362 4731 3502 4786 κατὰ
3537 4733 3636 4800 τὴν
3669 4732 3748 4782 ἐν·

2189 4842 2334 4879 νοιαν
2365 4825 2643 4894 ὲπινοῆσαί
2667 4842 2788 4878 τινα
2813 4825 3034 4877 δυνατὸν
3067 4826 3396 4879 ἐναντίωσιν.
3446 4823 3604 4877 Ἀλλά
3648 4822 3751 4892 γὰρ

2191 4916 2333 4969 ἔοικε
2403 4916 2726 4986 σοφίσμασιν
2801 4915 3094 4985 ἀπατηλοῖς
3173 4917 3365 4969 ἑαυτὸν
3440 4913 3751 4985 παρακρού-

2194 5008 2346 5061 εσθαι
2366 5009 2499 5079 (Η).
2527 5008 2708 5062 Οῖεται
2739 5007 2867 5081 γὰρ,
2893 5009 2973 5061 ὅτι
3001 5006 3066 5060 τά
3096 5010 3205 5069 τοῖς
3231 5007 3491 5070 ἐναντίοις
3517 5006 3750 5076 ἑπόμενα

2195 5190 2226 5257 ἡ
2259 5187 2438 5257 κοινή,
2462 5185 2646 5257 pejus.
2668 5185 2773 5240 Alii
2796 5185 2903 5257 duo
2933 5194 2994 5257 _et
3013 5184 3152 5257 editi
3179 5185 3364 5256 καινή,
3397 5184 3552 5257 bene.

2258 5259 2367 5329 (tl)
2401 5254 2538 5329 Nihil
2584 5256 2777 5329 mirum
2815 5255 2860 5308 si
2894 5255 2981 5329 hic
3013 5254 3337 5329 locus,___qu_i
3366 5254 3754 5329 pltilosophicis

2189 5323 2574 5382 subtilitatibus
2607 5327 2890 5379 intricatus
2921 5323 3260 5387 sit,diilitilis
3285 5323 3556 5378 intellectu
3591 5335 3753 5393 atque

2189 5401 2453 5453 obscurus
2483 5412 2603 5450 esse
2632 5397 2900 5448 videatur.
2941 5393 3171 5447 Basilius
3201 5396 3474 5462 impugnat
3501 5394 3752 5449 Eunomii

2191 5467 2546 5531 sententiam,
2606 5482 2667 5520 ex
2720 5481 2823 5535 qua
2876 5475 3061 5533 aperte
3107 5464 3434 5519 elliciebatur
3478 5467 3752 5518 contraria

2195 5537 2532 5608 principalia,
2565 5546 2618 5590 et
2650 5550 2731 5608 ea
2762 5551 2881 5608 qua:
2918 5549 3024 5588 non
3055 5547 3199 5608 sunt;
3233 5535 3570 5608 principalia,
3595 5549 3754 5608 βψω

2194 5603 2293 5663 sibi
2334 5603 2558 5660 invicem
2596 5603 2867 5658 adversari
2908 5621 2921 5656 :
2983 5607 3125 5673 quod
3179 5606 3372 5673 falsum,
3429 5618 3547 5657 esse
3595 5603 3755 5656 Pater

2192 5678 2543 5747 gravissimus
2577 5676 2843 5747 ostendit,
2867 5672 3293 5744 Itoct'exemplo:
3325 5672 3434 5727 Nec
3467 5674 3626 5747 enim,
3671 5675 3754 5726 in-

2191 5745 2326 5817 quit,
2363 5746 2612 5815 quoniam
2634 5763 2696 5800 ea:
2726 5745 2914 5817 vigiliis
2938 5747 3043 5800 vita
3071 5747 3322 5812 sequitur.
3363 5745 3755 5817 necessariae:

2190 5813 2382 5873 a'onmo
2406 5820 2640 5885 sequitur
2675 5813 2832 5873 mors.
2875 5815 2984 5872 Hoc
3011 5827 3117 5881 est,
3149 5817 3191 5870 si
3240 5817 3361 5884 quis
3395 5813 3597 5883 vigilat,
3627 5815 3751 5868 hinc
