4002 6408
277 390 385 445 653

1373 387 1737 442 ADVERSUS
1776 386 2140 442 EUNOMIUM
2185 388 2310 440 LIB.
2358 386 2417 437 ll.

3406 388 3511 441 654

274 512 375 579 τὴν
403 509 569 578 αὐτὴν
612 508 724 578 ἔχει
754 508 888 579 πρὸς
933 508 1133 578 ἄλληλα
1182 508 1381 578 μάχην.
1428 508 1601 579 ἤνπερ
1646 507 1708 561 ἂν
1740 507 1842 577 ἔχει

1953 507 1995 560 si
2028 522 2090 560 ex
2120 508 2236 560 visu
2274 507 2362 559 lux
2394 505 2659 572 sequitur,
2687 518 2752 558 ex
2780 503 3021 559 caecitate
3053 504 3288 562 tenebrae
3316 524 3329 561 :
3367 509 3410 563 si
3448 526 3513 564 ex

275 602 375 655 καὶ
404 599 470 654 τά
500 598 776 669 ἡγούμενα
797 616 809 627 ι
848 600 940 651 καὶ
977 600 1101 651 ὅταν
1140 596 1214 667 τῷ
1246 599 1415 669 ἑτέρῳ
1455 600 1561 651 τῶν
1594 600 1846 652 ἐναντίων

275 691 341 746 τὸ
365 691 599 744 ἐναντίον
632 690 869 761 ὑπάρχῃ,
912 690 1004 742 καὶ
1044 690 1119 760 τῷ
1151 690 1319 761 ἑτέρῳ
1348 691 1562 753 πάντως
1602 692 1661 744 τὸ
1694 693 1845 745 ἐναν-

275 782 393 838 τίον
418 780 790 852 ἀκολουθήσει.
825 776 969 843 Οἶον,
1001 783 1048 833 εἰ
1076 784 1140 851 τῇ
1170 782 1356 852 ὁράσει
1385 781 1445 834 τὸ
1474 782 1587 851 φῶς
1630 784 1841 850 ἕπεται,

276 879 344 947 τῇ
385 874 671 944 τυφλότητι
708 872 767 924 τὸ
810 872 1027 935 σκότος’
1058 875 1103 925 εί
1135 873 1210 943 τῷ
1243 874 1341 944 ζῇν
1374 875 1434 927 τὸ
1471 874 1842 941 αἰσθάνεσθαι,

274 970 357 1042 τῷ
378 968 689 1038 τεθνηκέναι
712 966 773 1018 τὸ
798 965 1138 1036 ἀναισθητεῖν
1160 966 1292 1036 (12).
1316 966 1484 1019 Τοῦτο
1509 968 1563 1020 δὲ
1589 968 1663 1030 ὡς
1686 970 1843 1022 ἀσθε-

277 1062 367 1125 νὲς
406 1060 497 1112 καὶ
523 1058 809 1110 διαπῖπτον
847 1056 907 1110 τὸ
948 1058 1339 1128 παρατήρημα,
1376 1060 1538 1111 παντὶ
1570 1058 1842 1130 γνώριμον

274 1154 354 1223 τῷ
383 1155 475 1206 καὶ
506 1151 698 1222 μικρὸν
729 1152 1098 1220 ὲπιστήσαντι.
1130 1153 1203 1204 Ού
1234 1151 1341 1223 γάρ
1367 1153 1549 1222 ἐπειδὴ
1576 1152 1651 1222 τῷ
1679 1156 1841 1223 ἐγρη-

275 1244 496 1315 γορέναι
528 1242 588 1294 τὸ
617 1242 715 1312 ζῇν
742 1241 953 1302 ἕπεται,
986 1242 1063 1311 τῷ
1095 1242 1682 1296 καθεύδειννάκολῶυθεῖ
1712 1245 1841 1297 πάν-

276 1354 386 1399 τως
416 1336 477 1388 τὸ
499 1335 768 1389 τεθνάναι.
820 1334 953 1387 Ἀλλ’
992 1335 1113 1388 οὔτε
1149 1337 1402 1399 ἐναντίως
1431 1337 1541 1407 ἔχει
1571 1338 1629 1390 τὸ
1653 1355 1841 1410 γεννη-

275 1428 367 1479 τὸν
391 1426 524 1497 πρὸς
552 1426 611 1478 τὸ
639 1426 951 1496 ἀγέννητον.
984 1428 1044 1478 Εἰ
1076 1427 1182 1498 γὰρ
1208 1429 1422 1481 ἐναντία
1448 1429 1540 1481 καὶ
1568 1428 1837 1499 φθαρτικὰ

278 1517 541 1587 ἀλλήλων,
581 1517 713 1587 ὅπερ
753 1517 829 1579 εἰς
888 1515 1123 1586 κεφαλὴν
1158 1518 1269 1579 τοῖς
1307 1516 1685 1587 βλασφημοῦσι
1715 1516 1836 1587 τρέη

1954 602 2059 652 vita
2108 615 2319 661 sensus,
2358 614 2422 652 ex
2455 608 2629 651 morte
2674 598 2902 665 privatio
2946 613 3225 655 sensuum.
3268 600 3394 656 Hec
3422 618 3515 655 an-

1950 702 2053 745 tem
2083 691 2389 745 observatio
2422 704 2582 759 quam
2612 688 2803 744 debilis
2833 687 2925 753 sit,
2956 703 3226 756 quamque
3259 690 3509 756 evanida,

1945 783 2163 837 cuilibet
2194 781 2275 836 vel
2316 780 2589 851 paululum
2644 780 2944 834 attendenti
3004 781 3346 849 perspicumn
3405 793 3511 836 est.

1944 873 2053 928 Nec
2100 874 2241 926 enim
2286 873 2538 943 quoniam
2590 887 2652 927 ex
2700 871 2897 941 vigiliis
2941 872 3048 925 vita
3091 874 3366 940 sequitur,
3421 864 3513 927 ne-

1942 968 2179 1023 ccssario
2220 982 2281 1021 ex
2345 982 2534 1021 somno
2570 982 2717 1020 mors
2766 967 3030 1033 sequitur.
3074 965 3180 1020 Sed
3236 981 3334 1020 nec
3386 982 3513 1021 con-

1944 1061 2109 1115 trario
2154 1060 2311 1113 modo
2371 1073 2428 1113 se
2472 1060 2631 1112 habet
2680 1058 2918 1128 genitum
2963 1074 3085 1112 cum
3114 1058 3376 1127 ingenito.
3419 1058 3513 1113 Et-

1940 1154 2083 1207 enim
2131 1152 2174 1206 si
2230 1150 2500 1205 contraria
2552 1159 2695 1211 sunt,
2736 1149 2846 1217 jam
2895 1159 3082 1204 mutuo
3126 1164 3185 1203 se
3232 1152 3511 1205 destruent

1940 1242 2121 1312 (quod
2178 1242 2229 1295 in
2287 1251 2450 1309 caput
2505 1241 2992 1310 blaspliemantium
3057 1243 3362 1306 vertatur),
3402 1243 3511 1295 imo

1941 1350 2112 1403 neque
2153 1343 2343 1387 natura
2376 1335 2595 1387 adversa
2630 1341 2784 1399 sunt,
2816 1350 2988 1403 neque
3022 1350 3140 1402 qua:
3166 1351 3508 1404 consequun-

1946 1435 2053 1491 tur,
2075 1426 2316 1479 eamdem
2343 1427 2646 1479 necessario
2679 1427 2951 1481 habebunt
2978 1427 3311 1491 diSLantiam,
3345 1442 3505 1496 quam

1942 1526 1994 1571 et
2024 1516 2332 1584 principalia
2359 1517 2874 1568 demonstrabantur
2904 1516 3120 1569 habere.

279 1630 452 1675 ποιτο,
478 1612 588 1665 ἀλλ’
613 1609 735 1663 οὔτε
761 1614 826 1682 τῇ
858 1614 1015 1680 φύσει
1049 1610 1300 1681 πολέμια,
1329 1609 1450 1663 οὗτε
1484 1612 1589 1682 μὴν
1617 1611 1683 1663 τὰ
1714 1612 1954 1682 ἑπόμενα
1995 1611 2207 1674 τούτοις
2247 1610 2345 1682 τὴν
2379 1610 2549 1681 αὐτὴν
2587 1611 2900 1679 ἀναγκαίως
2947 1611 3057 1675 ἕξει
3105 1612 3405 1679 διάστασιν,
3441 1613 3509 1683 ἣν

279 1709 550 1761 ἐδείκνυτο
582 1708 723 1778 ἔχειν
754 1710 846 1761 καὶ
884 1708 951 1761 τά
990 1707 1286 1779 ἡγούμενα,

348 1800 437 1853 27.
481 1802 548 1852 Ἢ
595 1800 769 1852 τοίνυν
810 1800 1102 1869 άπάλειψόν
1139 1818 1229 1853 σου
1280 1800 1338 1853 τὸ
1394 1802 1633 1871 ῥήματα,
1686 1801 1717 1872 ἢ
1766 1802 1838 1871 μὴ
1874 1792 1913 1845 Β

277 1879 441 1965 ἀρνῖδῦ
481 1896 577 1965 τὴν
616 1893 883 1946 ἀσέϐειαν.
923 1893 995 1963 Σὴ
1030 1895 1134 1965 γάρ
1161 1895 1305 1946 ἐστιν
1337 1896 1369 1964 ἡ
1402 1892 1715 1963 βλασφημία
1745 1893 1839 1946 τοῦ

278 1988 521 2050 εἰπόντος
542 2005 553 2015 ’
587 1984 746 2040 Ὅσον
786 1987 1159 2057 παρήλλακται
1187 1985 1278 2038 τοῦ
1311 1985 1565 2055 γεννητοῦ
1597 1985 1657 2037 τὸ
1680 1986 1839 2053 ἀγέν-

277 2096 466 2151 νητον,
495 2078 743 2131 τοσοῦτον
784 2078 995 2145 ἀνάγκη
1044 2076 1419 2149 παρηλλάχθαι
1463 2077 1522 2130 τὸ
1557 2076 1670 2145 φῶς
1706 2076 1841 2147 πρὸς

276 2170 337 2223 τὸ
387 2169 520 2238 φῶς.
565 2168 769 2222 Οὐκοῦν
808 2169 882 2231 ὡς
929 2168 1176 2221 οὐδέποτε
1223 2168 1432 2237 μεθέξει
1484 2168 1582 2238 τῆς
1614 2170 1842 2237 ἀγεννη-

279 2263 397 2326 σίας
423 2262 531 2332 (l5)
553 2264 582 2315 ὁ
603 2262 872 2332 γεννητὸς,
898 2261 1067 2324 οὕτως
1096 2263 1345 2315 οὐδέποτε
1369 2260 1519 2331 αύτῷ
1548 2260 1639 2313 τοῦ
1666 2260 1841 2329 φωτὸς

280 2353 608 2423 μεταδώσεις
640 2354 771 2423 (H).
824 2354 930 2406 Καὶ
962 2354 1135 2419 ἔσται,
1174 2355 1312 2407 κατά
1355 2354 1436 2416 σὲ,
1484 2353 1698 2423 ήούσία
1746 2351 1838 2404 τοῦ

276 2445 611 2513 Μονογενούς
658 2444 768 2497 ἴσον
806 2446 1081 2514 ἀπέχουσα
1117 2444 1211 2498 τοῦ
1244 2462 1307 2514 γε
1355 2445 1642 2515 ἀγέννητος
1680 2441 1838 2506 εἶναι,

277 2536 371 2589 καὶ
400 2535 494 2588 τοῦ
530 2535 643 2605 φῶς
672 2536 905 2589 νοεῖσθαι
933 2538 1026 2590 καὶ
1049 2536 1427 2607 ὀνομάζεσθαι.
1469 2536 1626 2589 Ἀλλά
1666 2537 1843 2589 Ἰωάν-

276 2648 372 2699 νης
420 2630 516 2699 μὲν
549 2631 612 2699 τῇ
651 2628 1028 2699 μεγαλοφωνίᾳ
1074 2628 1166 2681 τοῦ
1217 2627 1529 2698 Πνεύματος
1556 2627 1725 2698 ἐμϐοᾷ
1760 2644 1839 2681 σοι

276 2722 448 2789 λέγων
474 2737 487 2749 ⁸
519 2717 628 2775 Ἦν
661 2722 725 2773 τό
759 2720 881 2789 φῶς
920 2719 986 2772 τὸ
1015 2720 1331 2786 ἀληθινόν-ο
1362 2720 1443 2772 σοὶ
1475 2720 1532 2772 δὲ
1573 2720 1670 2772 οὐκ
1696 2720 1842 2772 ἐστιν

274 2807 390 2864 ὦτα
426 2811 517 2864 τοῦ
568 2810 804 2874 ἀκούειν,
842 2812 960 2864 οὐδὲ
1010 2812 1202 2882 καρδία
1244 2812 1337 2864 τοῦ
1383 2812 1648 2865 συνιέναι·
1708 2811 1841 2865 ἀλλὰ

279 2904 415 2974 πρὸς
451 2904 547 2973 τὴν
588 2902 873 2955 ἀντίπαλον
926 2904 1105 2972 φύσιν,
1166 2904 1257 2956 καὶ
1311 2903 1722 2973 ἀσυνύπαρκτον
1764 2902 1842 2973 τῷ

276 2998 416 3065 φωτὶ
458 2997 554 3067 τὴν
605 2996 789 3048 οὐσίαν
839 2996 933 3049 τοῦ
964 2995 1320 3063 Μονογενοῦς,
1364 2999 1477 3059 τοῖς
1517 2996 1840 3066 σοφίσμασιν

275 3088 619 3149 ἀπελαύνεις.
655 3089 729 3142 Ού
773 3088 879 3159 γάρ
924 3088 987 3159 δὴ
1033 3091 1207 3141 ἐκεῖνο
1254 3088 1472 3160 ἰσχυρὸν
1519 3088 1630 3158 (15)
1675 3090 1836 3161 ἐρεῖς.
1868 3127 1909 3183 C

273 3183 356 3233 ὅτι
414 3181 506 3234 καὶ
550 3180 640 3232 ἐπὶ
671 3180 764 3233 τοῦ
813 3179 1146 3248 Μονογενοῦς
1187 3180 1283 3252 τὴν
1334 3182 1701 3251 προσηγορίαν
1745 3180 1835 3233 τοῦ

275 3274 451 3341 φωτὸς
488 3275 586 3326 οὐκ
621 3272 856 3341 ἀφείλου.
895 3274 968 3326 Οὐ
1007 3272 1113 3343 γὰρ
1144 3274 1200 3323 ὲν
1228 3273 1385 3342 ψόφῳ
1411 3272 1591 3341 ἀέρος,
1633 3272 1745 3326 ἀλλ’
1780 3274 1838 3325 ὲν

272 3367 341 3435 τῇ
366 3364 590 3433 δυνάμει
620 3363 724 3416 τῶν
762 3364 1168 3433 σημαινομένων
1200 3364 1261 3416 τὸ
1286 3364 1525 3427 εὐσεϐές.
1572 3365 1629 3416 '0
1660 3365 1715 3416 δὲ
1741 3365 1839 3417 οὐκ

274 3457 371 3509 ἐπὶ
411 3454 617 3509 τούτων
654 3455 781 3524 ἔστη
824 3454 954 3524 (16),
997 3455 1131 3507 ἀλλά
1160 3457 1253 3508 καὶ
1293 3457 1392 3526 τὴν
1423 3457 1566 3527 ζωὴν
1616 3457 1708 3509 καὶ
1741 3457 1839 3528 τὴν

272 3548 502 3617 δύναμιν
542 3546 619 3615 τῷ
653 3546 801 3616 αὐτῷ
844 3546 1023 3616 μέτρῳ
1050 3547 1145 3615 τῆς
1175 3550 1252 3610 είς
1285 3549 1524 3601 ἐναντίον
1556 3550 1663 3619 (17)
1705 3550 1838 3602 ἀπο-

274 3640 518 3700 στάσεως
569 3638 881 3705 συνεπάγει,
930 3636 1128 3689 εἰπών·
1162 3639 1324 3692 Ὅσον
1371 3640 1747 3711 παρήλλακται
1780 3639 1841 3692 τὸ

273 3729 530 3799 γεννητὸν
570 3728 705 3797 πρὸς
742 3728 803 3781 τὸ
840 3728 1151 3797 ἀγέννητον,
1181 3728 1429 3783 τοσοῦτον
1458 3731 1669 3799 ἀνάγκη
1697 3748 1837 3800 παρ-

272 3820 540 3891 ηλλάχθαι
590 3822 650 3873 τὸ
701 3822 814 3890 φῶς
846 3821 980 3892 πρὸς
1017 3823 1077 3875 τὸ
1108 3823 1243 3890 φῶς.
1286 3824 1379 3876 καὶ
1408 3823 1504 3894 τὴν
1534 3824 1676 3895 ζωὴν
1708 3826 1842 3894 πρὸς

274 3916 375 3984 τὴν
402 3914 566 3983 ζωὴν,
591 3916 685 3967 καὶ
704 3914 800 3983 τὴν
829 3915 1055 3985 δύναμιν
1080 3915 1213 3986 πρὸς
1233 3916 1331 3985 τὴν
1357 3915 1604 3985 δύναμιν.
1636 3916 1842 3971 Οὐκοῦν

272 4006 397 4061 οὔτε
426 4006 556 4077 ζωὴ,
582 4008 720 4060 κατά
750 4008 828 4070 σὲ,
858 4007 978 4060 οὕτε
1006 4007 1230 4077 δύναμις
1259 4008 1287 4059 ὁ
1316 4009 1644 4079 Μονογενής.
1684 4008 1843 4063 ’Λλλά

276 4101 612 4170 παραγράφῃ
663 4100 758 4169 μὲν
800 4100 959 4152 αὑτὸν
991 4099 1080 4152 τὸν
1134 4100 1333 4170 Κύριον
1384 4098 1639 4168 λέγοντα·
1707 4101 1844 4171 Ἐγώ

267 4195 391 4261 ειμι
446 4192 484 4258 ἡ
523 4189 666 4257 (wi-
707 4192 1040 4265 παραγράφῃ
1087 4192 1142 4244 δὲ
1185 4192 1394 4245 Παῦλον
1458 4194 1548 4245 τὸν
1588 4194 1841 4247 εἰπόν-ια’

275 4285 522 4353 Χριστὸς
554 4284 699 4338 Θεοῦ
719 4284 985 4353 δύναμις.
1025 4285 1087 4335 Ἃ
1114 4284 1221 4354 γὰρ
1252 4286 1309 4337 ἐν
1331 4288 1442 4349 τοῖς
1465 4287 1688 4339 κατόπιν
1712 4286 1844 4339 ἐδεί-

275 4396 459 4441 κνυτο,
488 4378 655 4432 ταῦτα
686 4381 776 4433 καὶ
802 4382 912 4441 τοῖς
936 4378 1030 4431 νῦν
1055 4380 1372 4450 ἐφαρμόσει.
1404 4379 1540 4433 Οὔτε
1567 4381 1674 4451 γάρ
1698 4381 1841 4453 ζωὴν

2012 1800 2101 1855 9.7.
2143 1802 2250 1855 Aut
2316 1800 2479 1868 igitur
2518 1809 2606 1853 tua
2659 1799 2829 1869 ipsius
2882 1813 3044 1853 verna
3100 1814 3370 1869 expunge,
3414 1814 3509 1855 aut

1944 1893 2051 1945 noli
2094 1891 2424 1961 impietatem
2458 1904 2674 1958 negare.
2709 1889 2804 1942 Est
2834 1889 2982 1942 enim
3016 1889 3347 1959 blasphemia
3380 1902 3499 1953 tua,

1941 1986 2030 2056 qui
2065 1984 2245 2037 dixisti
2276 2001 2289 2038 :
2341 1983 2608 2047 Quantum
2652 1980 2829 2034 din'ert
2857 1982 3095 2050 genitum
3128 1983 3194 2037 ab
3225 1983 3461 2053 ingenito
3482 2024 3498 2045 ,

1942 2088 2150 2131 tantum
2196 2091 2419 2131 necesse
2464 2083 2545 2127 est
2580 2075 2754 2128 lucem
2795 2090 2823 2128 a
2860 2074 2979 2129 luce
3027 2074 3266 2131 ditl'erre.
3326 2076 3505 2141 Quare

1941 2170 2395 2239 quemadmodum
2429 2168 2517 2237 qui
2551 2169 2763 2236 genitus
2794 2178 2911 2235 est,
2949 2184 3224 2237 nunquam
3278 2169 3505 2239 ingene~

1942 2262 2166 2316 rationis
2204 2264 2310 2316 erit
2342 2262 2609 2331 particeps
2649 2280 2661 2314 :
2705 2261 2781 2315 sic
2832 2276 2953 2314 eum
2995 2261 3131 2314 lueis
3182 2263 3500 2331 participem

1944 2370 2217 2421 nunquam
2258 2353 2447 2409 facies.
2478 2354 2654 2421 Atque
2685 2352 2953 2421 Unigeniti
2979 2355 3279 2407 substantia
3316 2368 3379 2407 ex
3414 2364 3500 2408 tua

1942 2448 2209 2499 sententia
2247 2458 2400 2512 atque
2432 2444 2607 2496 aberit
2634 2444 2701 2497 ab
2731 2458 2795 2497 eo
2837 2452 2893 2495 ut
2930 2443 3165 2509 ingenita
3194 2444 3293 2507 sit,
3332 2452 3503 2511 atque

1942 2535 2093 2589 abest
2127 2536 2194 2588 ab
2222 2550 2286 2588 eo
2324 2544 2382 2587 ut
2423 2536 2509 2587 lux
2558 2549 2676 2587 esse
2708 2533 3054 2603 intelligatur,
3089 2542 3143 2587 et
3172 2533 3499 2589 nominetur.

1940 2629 2011 2681 At
2048 2627 2285 2682 Joannes
2321 2643 2509 2695 magna
2544 2626 2775 2694 Spiritus
2816 2641 2946 2680 voce
2981 2626 3236 2679 inclamat
3268 2626 3386 2691 tibi,
3419 2626 3503 2679 di-

1941 2738 2070 2777 cens
2104 2738 2119 2775 :
2156 2719 2286 2773 Erat
2318 2722 2411 2774 (mc
2444 2736 2563 2773 vera
2587 2720 2652 2772 ".
2692 2717 2810 2772 Tibi
2840 2729 3016 2773 tamen
3046 2733 3202 2773 aures
3238 2734 3341 2772 non
3374 2726 3501 2774 sunt

1943 2814 2006 2867 ad
2030 2814 2375 2876 audiendum,
2400 2825 2571 2879 neque
2595 2824 2690 2865 cor
2711 2810 2781 2863 ad
2809 2809 3233 2879 intelligendum.
3264 2809 3372 2863 luto
3399 2810 3504 2862 tuis

1943 2905 2373 2960 cavillationibus
2440 2903 2710 2972 Unigeniti
2760 2903 3119 2957 substantiam
3165 2901 3231 2955 ad
3278 2911 3497 2955 contra-

1945 3002 2078 3053 riam
2116 3008 2394 3062 naturam,
2426 3008 2478 3051 et
2506 3012 2625 3065 quae
2671 3010 2790 3049 cum
2836 2996 2955 3050 luce
2983 3010 3103 3050 esse
3135 3010 3240 3049 non
3286 2994 3494 3064 pos~it,

1945 3090 2208 3146 detrudis.
2256 3090 2363 3145 Nec
2408 3090 2550 3144 enim
2598 3088 2837 3158 profecto
2878 3090 3111 3142 validum
3153 3088 3284 3143 illud
3312 3089 3497 3153 dices,

1951 3184 2091 3251 quod
2121 3183 2187 3235 ab
2213 3180 2505 3251 Unigenito
2536 3180 2948 3250 appellationem
2978 3180 3111 3235 lucis
3133 3195 3237 3235 non
3267 3180 3504 3234 abstule—

1942 3274 2035 3327 ris.
2070 3271 2183 3325 Non
2214 3272 2357 3327 enim
2388 3272 2442 3326 in
2475 3287 2607 3326 sono
2635 3272 2799 3335 aeris,
2822 3272 2915 3325 sed
2946 3272 2999 3325 in
3030 3271 3083 3325 vi
3116 3287 3297 3325 rerum
3331 3272 3501 3341 signi-

1942 3368 2218 3421 ﬁcatarum
2248 3367 2417 3435 pietas
2462 3374 2562 3421 est.
2600 3364 2697 3420 llic
2728 3380 2853 3419 vero
2893 3381 2997 3420 non
3040 3366 3093 3420 in
3139 3365 3223 3421 his
3249 3366 3501 3435 quievit,

1942 3463 2036 3516 sed
2072 3460 2231 3515 simul
2277 3470 2332 3515 et
2369 3461 2535 3515 vitam
2589 3470 2641 3513 et
2687 3461 2978 3529 potentiam
3032 3462 3174 3515 inter
3222 3475 3281 3515 se
3316 3461 3505 3515 eadem

1942 3556 2214 3611 distantias
2262 3570 2510 3609 mensura
2563 3555 2866 3608 contrarias
2916 3553 3152 3616 inducit,
3204 3568 3328 3607 cum
3370 3554 3446 3606 ait
3487 3570 3503 3606 :

1941 3646 2212 3713 Quantum
2249 3645 2427 3701 differt
2467 3646 2704 3713 genitum
2748 3647 2817 3698 ab
2847 3645 3106 3715 ingenito,
3153 3653 3358 3699 tantum
3406 3659 3505 3700 ne-

1943 3753 2093 3792 cesse
2118 3748 2200 3791 est
2231 3737 2402 3791 lucem
2449 3751 2477 3791 a
2516 3735 2633 3789 luce
2671 3736 2907 3799 diderre,
2938 3746 2992 3790 et
3021 3738 3184 3789 vitam
3219 3752 3247 3789 a
3282 3738 3416 3801 vita,
3452 3746 3506 3789 et

1945 3833 2242 3904 potentiam
2269 3847 2295 3884 a
2324 3832 2586 3900 potentia.
2619 3830 2783 3901 264
2806 3830 2943 3896 Ergo
2968 3828 3284 3899 Unigenitus
3310 3845 3505 3885 secun-

1944 3927 2068 3979 dum
2100 3934 2149 3978 te
2181 3939 2278 3979 nec
2305 3924 2410 3978 vita
2443 3932 2546 3987 est,
2578 3939 2675 3977 nec
2702 3924 2960 3992 potentia.
2994 3926 3063 3976 At
3084 3923 3297 3991 Spernis
3325 3922 3507 3977 Domi-

1944 4036 2066 4072 ntnn
2102 4018 2295 4085 ipsum,
2324 4018 2412 4085 qui
2451 4017 2619 4070 dicit:
2653 4014 2766 4085 Ego
2789 4033 2901 4069 sum
2926 4018 3027 4069 vita
3054 4017 3137 4083 ";
3171 4016 3383 4085 spernis
3415 4016 3506 4069 iti-

1943 4108 2063 4160 dem
2111 4106 2361 4168 Paulnm,
2395 4108 2482 4174 qui
2524 4107 2662 4159 dixit
2708 4124 2720 4159 :
2760 4104 3001 4160 Christus
3043 4107 3137 4161 Dei
3177 4108 3405 4174 polentia
3437 4106 3503 4161 ’⁸.

1943 4195 2075 4249 Nam
2106 4212 2441 4265 qumcunque
2478 4197 2528 4250 in
2557 4198 2926 4265 superioribus
2957 4201 3323 4252 demonstrata
3357 4210 3505 4264 sunt,

1942 4306 2002 4344 ea
2038 4290 2120 4343 bis
2152 4303 2364 4359 quoque
2392 4304 2535 4344 nunc
2559 4291 3127 4345 accommodabuntur.
3153 4290 3289 4345 Nam
3321 4308 3497 4362 neque

1944 4383 2131 4445 vitam,
2171 4396 2344 4449 neque
2378 4381 2672 4449 potentiam
2722 4383 2846 4436 vitae
2892 4397 2957 4437 ac
3007 4385 3259 4451 potentia:
3297 4388 3498 4453 opponi

273 4469 398 4522 οὔτε
425 4470 650 4540 δύναμιν
679 4474 744 4540 τῇ
764 4472 874 4540 ζωῇ
903 4472 993 4525 καὶ
1017 4474 1076 4541 τῇ
1101 4470 1325 4540 δυνάμει
1353 4472 1685 4525 ἀντικεῖσθαι
1709 4474 1837 4544 φαίη

1948 4474 2227 4542 quisquam
2273 4474 2527 4528 dixerit:
2584 4474 2675 4529 sed
2736 4485 2962 4530 mortem
3018 4487 3069 4529 et
3124 4476 3500 4545 impotentiam

276 4581 359 4626 τις
392 4563 483 4616 ἄν·
520 4564 655 4617 ἀλλά
689 4564 911 4618 θάνατον
956 4566 1047 4617 καὶ
1086 4564 1384 4635 ἀδυναμίαν
1430 4564 1525 4635 τὴν
1572 4565 1840 4618 τελεωτά-

274 4673 375 4727 την
417 4658 527 4727 (18)
566 4657 833 4712 ἀντίθεσιν
868 4657 1191 4729 ἐκπληροῦν.
1221 4659 1396 4728 "Amp
1421 4655 1590 4724 οὗτος,
1623 4661 1678 4712 ὲν
1710 4676 1843 4712 παν-

346 4842 388 4873 ⁹¹
414 4839 569 4894 Joan.
607 4840 723 4906 1,9.
796 4838 1011 4895 "Joan.
1049 4856 1157 4907 xw,
1186 4841 1239 4895 6.
1315 4841 1399 4895 ’³1
1440 4839 1563 4896 Cor.
1600 4857 1637 4905 ι,
1671 4840 1761 4893 ‘24.

275 5005 493 5073 quidem
519 5005 717 5071 optime
752 5004 1019 5073 colligitur
1051 5019 1171 5057 eum
1211 5004 1391 5057 vivere
1434 5023 1447 5058 :
1490 5004 1582 5057 sed
1615 5003 1657 5057 si
1690 5004 1836 5072 quis-

278 5078 417 5144 piam
470 5075 684 5135 dormit,
720 5075 843 5128 hinc
898 5074 1143 5127 concludi
1173 5089 1275 5126 non
1308 5083 1483 5140 potest
1536 5089 1655 5127 eum
1694 5089 1834 5144 mor-

280 5143 426 5198 tuum
462 5159 599 5198 esse.
628 5145 789 5211 Cujus
815 5146 886 5198 rei
912 5146 1024 5199 lucc
1056 5154 1137 5197 est
1168 5159 1325 5198 causa
1350 5185 1365 5210 ,
1405 5146 1569 5213 quod,
1605 5160 1659 5196 ut
1690 5143 1837 5196 Basi-

279 5216 333 5268 l'ri
385 5215 562 5267 verbis
614 5227 754 5281 utar,
785 5232 926 5270 mors
946 5225 997 5267 et
1023 5230 1242 5268 somnus
1274 5230 1377 5268 non
1420 5216 1529 5268 sint
1562 5216 1833 5267 contraria

273 5284 572 5355 ἡγούμενα,
618 5286 717 5338 hoc
745 5295 847 5349 est,
882 5284 1209 5353 principalia.
1238 5284 1525 5348 Czeterum,
1560 5286 1601 5338 si
1628 5286 1753 5353 quid
1779 5285 1833 5337 in

278 5356 362 5407 his
392 5360 574 5407 subest
601 5356 964 5419 obscuritatis,
999 5372 1100 5409 non
1131 5357 1311 5409 statim
1345 5355 1459 5421 ejus
1506 5356 1622 5407 vitii
1679 5370 1836 5409 accn-

275 5436 449 5476 satum
492 5426 610 5479 volo
644 5424 895 5477 Basilium
939 5442 952 5476 :
1007 5427 1101 5479 sed
1165 5428 1343 5495 potius
1372 5426 1714 5485 Eunomium,
1748 5425 1833 5477 cui

277 5498 505 5548 obseura
543 5496 859 5563 proponenti
898 5512 999 5548 non
1027 5500 1193 5563 potuit
1222 5496 1450 5548 Basilius
1482 5497 1831 5564 respondere,

276 5566 405 5634 quin
439 5575 492 5618 et
516 5568 626 5631 ipse
648 5566 908 5619 obscurus
934 5581 1051 5617 esse
1083 5568 1374 5619 videretur.

349 5634 460 5703 (ii)
489 5637 702 5705 Antiqui
742 5636 847 5689 duo
880 5636 999 5689 libri
1031 5634 1110 5704 τῷ
1133 5636 1449 5706 τεθνηκέναι
1471 5635 1532 5687 τὸ
1568 5635 1831 5707 ἀναίσθη-

277 5722 387 5757 τον.

352 5776 459 5845 (15)
491 5775 984 5843 Ῥῆςάγεικνησίας,
1006 5778 1426 5843 ingenerationis,
1454 5780 1552 5832 hoc
1586 5787 1688 5841 est,
1716 5794 1834 5843 pro-

269 5848 515 5900 taliatalia
560 5852 692 5911 eius,
734 5865 834 5903 qua
887 5850 1009 5904 quid
1071 5849 1355 5913 inqeuitum
1402 5859 1496 5901 est.
1555 5850 1690 5902 Sunt
1742 5848 1832 5917 qui

1948 4568 2333 4636 oppositionem
2394 4568 2796 4638 integerrimam
2852 4569 3083 4639 explere.
3144 4570 3349 4636 Quibus
3419 4571 3504 4624 hic

1952 4661 2073 4725 iste,
2102 4674 2197 4729 per
2225 4657 2507 4713 verborum
2539 4662 2830 4713 versutiam
2861 4661 3036 4714 dolum
3060 4660 3363 4723 occultans,
3400 4661 3508 4718 alte

1934 5018 2064 5058 voce
2096 5004 2520 5058 innascibililatiz
2544 5004 2620 5057 uti
2658 5003 2845 5058 malint
2882 5019 2896 5056 :
2925 5002 3039 5073 sed,
3070 5011 3129 5057 ut
3154 5002 3328 5057 dicam
3367 5005 3506 5073 quod

1934 5076 2129 5136 sentio,
2162 5076 2210 5128 id
2246 5076 2576 5141 ivocabulum
2626 5077 2732 5129 vim
2768 5074 2913 5129 vocis
2968 5072 3171 5128 Grmca:
3215 5090 3319 5128 non
3376 5072 3509 5127 satis

1931 5145 2236 5212 exprimere
2276 5147 2505 5199 videtur.

2007 5214 2118 5282 (14)
2145 5214 2281 5268 Editi
2316 5225 2368 5267 et
2400 5216 2611 5269 codices
2640 5215 2857 5282 quidam
2892 5214 3225 5283 recentiores
3258 5212 3507 5283 μεταδώ-

1935 5302 2033 5338 σει.
2064 5284 2132 5337 At
2158 5288 2491 5353 antiquiores
2521 5296 2573 5337 et
2599 5286 2832 5338 melioris
2864 5296 3001 5338 nota:
3027 5282 3374 5355 μεταδώσεις.

2004 5354 2117 5425 (15)
2149 5358 2286 5409 Editi
2317 5356 2391 5419 ὡς
2426 5356 2665 5426 ἰσχυρόν.
2708 5357 2901 5409 Vocula
2926 5356 3001 5418 ὼς
3030 5354 3091 5409 in
3120 5354 3509 5426 vetustioribus

1936 5443 2061 5478 mss.
2102 5424 2291 5480 deest.
2347 5424 2648 5495 Mox'lieg.
2698 5429 2917 5495 quintus
2947 5438 3001 5478 et
3052 5426 3180 5479 editi
3222 5424 3321 5476 οὐκ
3354 5424 3510 5493 ἀφεί-

1931 5497 2045 5549 λου.
2071 5498 2172 5549 Alii
2196 5500 2432 5564 quinque
2466 5512 2593 5549 mss.
2627 5498 2725 5549 οὐκ
2761 5495 2986 5565 άφείλω.

2004 5568 2115 5639 (16)
2150 5568 2285 5621 Editi
2320 5567 2448 5639 ἔστη
2482 5568 2661 5638 μόνον.
2700 5566 2809 5621 Vox
2836 5567 2996 5637 μόνον
3020 5568 3085 5621 ·ἰη
3115 5565 3318 5620 nostris
3374 5580 3504 5619 mss.

1934 5655 2036 5691 non
2071 5638 2282 5708 legitur.

2004 5708 2114 5779 (17)
2151 5709 2297 5773 Illud,
2335 5710 2413 5771 εἰς
2438 5708 2698 5771 ἐναντίον,
2732 5709 2783 5779 in
2812 5708 2986 5763 tribus
3018 5724 3149 5761 mss.
3191 5708 3362 5779 der-st.

2003 5777 2280 5845 (l8iEliti
2332 5780 2695 5849 τελειοτάτην.
2764 5777 2909 5833 Libri
2973 5793 3185 5835 veteres
3242 5777 3510 5833 τελεωτά-

1932 5866 2050 5917 την.
