4002 6408
252 404 360 459 637

1356 403 1719 458 ADVERSUS
1749 395 2111 458 EUNOMIUM
2154 403 2280 459 LIB.
2325 403 2392 460 ll.

3400 415 3501 470 638

252 540 416 594 νητον
460 518 578 592 οὐχὶ
631 524 874 588 ὲπίτασίς
907 526 1021 577 ἐστι
1071 539 1162 576 του
1206 523 1462 594 γεννητοῦ
1488 539 1502 554 °
1547 523 1665 576 οὐδὲ
1726 524 1831 595 μὴν

1940 534 2047 577 ιιιηι
2073 524 2292 594 ingeniti
2323 533 2406 578 est
2440 525 2690 578 remissio
2715 526 2982 594 qmedam,
3016 530 3109 581 sed
3139 535 3280 581 velut
3305 541 3366 583 ex
3398 532 3484 583 dia

250 617 316 668 τὸ
350 615 462 684 (27)
486 615 742 685 γεννητὸν
773 614 962 685 ὕφεσίς
991 615 1073 678 τίς
1105 615 1218 666 ἐστι
1244 614 1336 667 τοῦ
1364 615 1680 684 ἀγεννήτου·
1710 615 1822 668 ἀλλ’

251 708 420 760 οἱονεὶ
482 708 623 761 κατά
674 709 959 779 διάμετρον
1003 708 1205 759 τούτων
1254 709 1402 761 ἐστὶν
1440 709 1471 778 ἡ
1505 709 1821 771 ἀπόστασις.

252 799 385 863 Τοῖς
422 801 518 871 μὲν
553 797 644 854 οὖν
677 799 859 852 οὐσίαν
886 797 1181 867 τιθεμένοις
1197 799 1256 852 τὸ
1273 801 1528 870 γεννητὸν
1545 801 1637 853 καὶ
1665 799 1825 868 ἀγέν-

252 909 418 962 νητον
458 894 628 946 ταῦτα
659 892 752 944 καὶ
794 890 871 944 ἔτι
919 891 1087 943 πλείω
1119 891 1322 944 τούτων
1360 891 1712 964 ἀκολουθήσει
1759 891 1827 944 τά

253 984 454 1039 ἄτοπα.
487 987 674 1037 Ἔσται
706 982 813 1052 γὰρ
839 983 904 1036 ἐκ
932 980 1023 1034 τοῦ
1063 983 1308 1036 ἐναντίου
1345 983 1405 1035 τὸ
1453 983 1690 1037 ἐναντίον
1736 999 1828 1051 γε-

255 1074 586 1147 γεννημένον
605 1091 618 1104 ·
653 1075 743 1128 καὶ
772 1075 891 1127 ἀντὶ
910 1075 1010 1146 τῆς
1035 1077 1269 1146 φυσικῆς
1300 1076 1626 1140 οἰίκειώσεως
1657 1079 1823 1145 ἀναγ-

255 1170 387 1222 καία
425 1184 506 1229 τις
547 1165 727 1229 αὐτοῖς
768 1167 862 1220 καὶ
895 1170 1012 1219 κατ’
1045 1169 1211 1238 αὐτὴν
1260 1168 1358 1239 τὴν
1405 1168 1513 1240 (Ξ8)
1558 1169 1742 1221 οὐσίαν
1794 1172 1826 1240 ἡ

259 1259 447 1320 στάσις
486 1258 905 1327 ἀναφανήσεται.
955 1258 1123 1312 Τοῦτο
1156 1260 1210 1312 δὲ
1250 1261 1419 1313 πλείω
1453 1261 1551 1330 τῆς
1576 1260 1828 1323 ἀσεϐείας

256 1353 354 1424 τὴν
400 1351 638 1422 ἀμαθίαν
678 1351 812 1422 ἔχει,
854 1353 952 1424 τὴν
1001 1355 1186 1407 οὐσίαν
1224 1354 1402 1422 λέγειν
1450 1357 1543 1408 καὶ
1578 1355 1828 1426 ᾡτινιοῦν

251 1447 365 1498 τῶν
408 1445 660 1498 ἁπάντων
703 1446 945 1498 ἐναντίαν
983 1441 1121 1500 εἶναι
1169 1449 1232 1518 τῇ
1281 1448 1436 1519 οὐσίᾳ
1487 1448 1620 1516 (9.9;,
1664 1449 1827 1501 πάλαι

252 1537 729 1608 διωμολογημένον
757 1539 848 1591 καὶ
882 1538 1031 1610 παρὰ
1052 1541 1163 1601 τοῖς
1195 1538 1297 1602 ἔξω
1329 1541 1506 1607 σοφοῖς
1534 1537 1669 1602 (οὒς,
1703 1541 1830 1594 ὅταν

259 1631 335 1702 μὴ
367 1629 598 1702 εὕρωσιν
651 1625 792 1684 οὗτοι
853 1631 1382 1701 συναγωνιζομένους
1436 1635 1556 1694 ταῖς
1593 1631 1830 1703 βλασφη-

259 1723 412 1793 μίαις
466 1723 672 1787 αὐτῶν,
731 1724 806 1786 ὡς
851 1723 1060 1786 οὐδενὸς
1112 1724 1296 1788 ἀξίους
1329 1723 1828 1794 παραλογίζονται),

255 1817 534 1887 ἀμήχανον
582 1816 846 1888 ὑπάρχειν
887 1816 943 1868 ὲν
990 1815 1145 1888 οὐσίᾳ
1184 1817 1282 1889 τὴν
1314 1817 1648 1872 ἐναντίωσιν.
1697 1817 1758 1870 Εἰ
1787 1817 1830 1870 δ’

1932 628 2102 671 metro
2125 617 2314 670 horum
2339 617 2592 671 distantia
2615 628 2716 671 est.
2741 617 2843 672 Eos
2877 617 3060 686 igitur,
3080 621 3168 687 qni
3193 621 3429 690 genitum
3454 633 3502 676 et

1932 709 2222 777 ingenitum
2248 708 2598 762 substantiam
2633 708 2839 772 dicunt,
2859 709 2970 763 haec
2997 721 3050 761 et
3083 711 3258 764 adhuc
3287 711 3370 765 his
3398 712 3504 780 pln-

1934 816 2020 852 res
2052 801 2262 866 ineptia!
2284 811 2593 870 sequentur.
2624 799 2753 852 Nam
2783 799 3109 853 contrarium
3143 816 3205 855 ex
3235 807 3505 857 contrario

1933 893 2162 959 genitum
2191 893 2478 961 erit,atqne
2507 907 2602 960 pro
2637 893 2865 946 naturali
2890 893 3283 962 conjunctione.
3324 911 3500 948 neces-

1933 983 2073 1036 saria
2107 985 2348 1053 quredam
2392 984 2582 1037 seditio
2625 987 2786 1038 etiam
2826 987 3119 1039 secundum
3170 987 3338 1054 ipsam
3382 988 3505 1040 sub-

1933 1075 2188 1128 stantiam
2225 1075 2353 1143 ipsis
2379 1076 2557 1130 inerit.
2599 1074 2710 1130 lloc
2738 1085 2915 1128 autem
2942 1077 3198 1146 majorem
3239 1079 3508 1133 inscitiam
3592 1102 3602 1113 -

1935 1183 2094 1233 quam
2116 1169 2440 1237 impietatem
2471 1183 2581 1236 pra:
2609 1182 2666 1222 se
2700 1167 2821 1230 fert,
2852 1169 2894 1223 si
2932 1170 3052 1236 quis
3083 1172 3229 1224 dicat
3255 1173 3508 1225 substan-

1937 1261 2063 1314 tiam
2107 1276 2216 1330 'per
2264 1261 2617 1314 substantiam
2669 1261 2842 1312 cuivis
2876 1265 3116 1313 omnium
3168 1277 3347 1316 rerum
3390 1278 3514 1318 esse

1936 1355 2279 1416 contrariam,
2307 1369 2427 1406 cum
2451 1352 2560 1421 jam
2593 1353 2719 1405 olim
2758 1367 2844 1406 res
2870 1352 3114 1406 confessa
3151 1354 3216 1408 sit
3251 1355 3332 1407 vel
3370 1357 3511 1423 apud

1935 1453 2191 1498 externos
2220 1444 2492 1513 sapientes
2521 1447 2680 1514 (quos
2707 1459 2828 1497 cum
2867 1459 2969 1497 non
2999 1445 3305 1498 invenerint
3335 1445 3390 1499 hi
3416 1463 3514 1515 pro

1936 1535 2049 1588 suis
2080 1533 2425 1603 blaspliemiis
2467 1535 2808 1588 decertantes
2831 1573 2846 1598 ,
2880 1544 2936 1587 ut
2968 1535 3163 1589 nullius
3211 1539 3367 1605 pretii
3420 1540 3516 1592 bo-

1938 1627 2109 1680 mines
2133 1627 2478 1697 despiciunt),
2515 1627 2631 1679 ﬁeri
2676 1642 2780 1679 non
2814 1642 2990 1694 posse,
3021 1635 3078 1681 ut
3123 1628 3174 1682 in
3213 1631 3512 1684 substantia

1937 1718 2007 1772 sit
2045 1721 2420 1772 contrarietas.
2451 1719 2602 1784 Quod
2642 1718 2687 1771 si
2716 1719 3008 1786 quispiam,
3038 1719 3089 1772 id
3134 1721 3278 1789 quod
3327 1738 3515 1776 verum

1898 1837 1901 1839 >
1938 1818 2040 1873 est,
2077 1809 2317 1878 genitum
2368 1820 2421 1862 et
2460 1809 2758 1877 ingenitum
2791 1806 2906 1860 vult
2953 1824 3074 1862 esse
3113 1809 3321 1865 indices
3352 1829 3515 1881 quas-

255 1910 392 1980 ὃπερ
426 1909 570 1960 ἐστὶν
601 1907 815 1978 ἀληθὲς.
853 1908 1216 1978 γνωριστικὰς
1246 1925 1396 1970 τινας
1421 1907 1686 1977 ἰδιότητας
1715 1910 1833 1961 ὲπι-
1867 1893 1906 1948 Β
1933 1901 2050 1953 dam
2094 1901 2476 1969 Ρΐορτὶειθιθει
2507 1914 2625 1968 (tum
2658 1899 2710 1952 in
2743 1897 3044 1952 Stlbstantia
3077 1901 3515 1970 consitlerentur,

256 1997 631 2070 θεωρουμένας
662 2001 725 2067 τῇ
754 1997 908 2068 οὐσίᾳ
937 1998 1142 2068 δέχοιτό
1179 2016 1260 2061 τις
1303 1993 1438 2052 εἶναι
1472 1998 1532 2052 τὸ
1575 2001 1830 2070 γεννητὸν

255 2091 433 2144 καὶτὸ
460 2091 770 2160 ἀγέννητον,
816 2090 951 2161 πρὸς
993 2090 1089 2161 τὴν
1139 2091 1344 2162 τρανὴν
1382 2091 1475 2144 καὶ
1526 2092 1830 2163 ἀσύγχυτον

257 2181 470 2252 Πατρὸς
500 2182 593 2234 καὶ
628 2180 755 2233 Υίοῦ
793 2181 1235 2251 χειραγωγούσας
1261 2183 1490 2244 ἔννοιαν,
1525 2185 1615 2236 τόν
1647 2203 1704 2237 τε
1733 2185 1832 2255 τῆς

254 2273 509 2333 ἀσεϐείας
540 2272 884 2341 διαφεύξεται
914 2273 1174 2334 κίνδυνον,
1208 2273 1300 2326 καὶ
1325 2274 1387 2326 τὸ
1422 2275 1479 2327 ἐν
1522 2277 1633 2338 τοῖς
1690 2276 1833 2344 λογι-

258 2369 417 2437 σμοῖς
453 2365 740 2419 ἀκόλουθον
805 2365 1081 2420 διασώσει.
1118 2368 1182 2419 Αἱ
1239 2366 1347 2438 γάρ
1401 2384 1482 2420 τοι
1539 2367 1830 2439 ἰδιότητες,

255 2460 418 2513 οἱονεὶ
448 2459 793 2531 χαρακτῆρες
821 2460 932 2528 (50)
965 2477 1110 2522 τινες
1138 2460 1230 2513 καὶ
1269 2462 1470 2532 μορφαὶ
1501 2461 1832 2532 ἐπιθεωροῦ-

259 2568 418 2619 μεναι
446 2553 510 2622 τῇ
541 2551 714 2621 οὐσίᾳ,
759 2551 1029 2621 διαιροῦσι
1067 2551 1164 2622 μὲν
1213 2551 1274 2604 τὸ
1308 2553 1484 2605 κοινὸν
1531 2555 1642 2615 τοῖς
1699 2553 1832 2607 ἰδιά-

257 2641 411 2705 ζουσι
445 2642 808 2714 χαρακτῆρσιο
832 2642 894 2713 ’τὸ
921 2643 976 2696 δὲ
1019 2643 1252 2713 ὁμοφυὲς
1287 2645 1384 2714 τῆς
1413 2644 1597 2706 οὐσίας
1629 2645 1690 2697 οὐ
1720 2645 1834 2698 δια-

257 2736 566 2788 κόπτουσιν.
604 2728 749 2798 Οἷον,
781 2734 932 2806 κοινὴ
972 2734 1071 2805 μὲν
1109 2736 1224 2806 (51)
1251 2738 1284 2806 ἡ
1327 2735 1537 2806 θεότης,
1569 2736 1832 2808 ἰδιώματα

255 2825 314 2878 δέ
362 2842 486 2879 τινα
523 2825 796 2898 πατρότης
827 2826 920 2878 καὶ
971 2826 1158 2897 υἰότης
1181 2839 1195 2851 ·
1229 2827 1294 2878 ἐκ
1344 2825 1400 2879 δὲ
1446 2827 1543 2898 τῆς
1575 2827 1831 2898 ἑκατέρου

259 2917 598 2988 συμπλοκῆς,
627 2917 720 2970 τοῦ
753 2935 811 2970 τε
843 2917 1023 2972 κοινοῦ
1046 2919 1141 2971 καὶ
1170 2918 1264 2973 τοῦ
1295 2920 1444 2984 ἰδίου,
1470 2922 1502 2992 ἡ
1533 2920 1832 2990 κατάληψις

258 3007 392 3078 ἡμῖν
422 3007 522 3076 τῆς
551 3005 806 3076 ἀληθείας
845 3008 1154 3076 ὲγγίνεταιο
1201 3007 1362 3070 ὥστε,
1403 3008 1695 3078 ἀγέννητον
1736 3009 1834 3078 μὲν

260 3098 378 3166 φῶς
401 3097 756 3161 ἀκούσαντας,
788 3099 878 3151 τὸν
912 3099 1130 3171 Πατέρα
1161 3103 1321 3166 νοεῖν,
1345 3099 1599 3172 γεννητὸν
1625 3099 1679 3153 δὲ
1697 3100 1830 3169 φῶς,

256 3190 357 3262 τὴν
388 3189 481 3244 τοῦ
517 3191 646 3244 Υἰοῦ
690 3190 985 3261 λαμϐάνειν
1015 3192 1250 3245 ἕννοιαν’
1282 3192 1417 3246 καθὸ
1469 3193 1565 3262 μὲν
1600 3191 1712 3260 φῶς
1743 3192 1834 3244 καὶ

257 3283 396 3352 φῶς,
425 3283 675 3354 οὐδεμιᾶς
723 3285 782 3336 ἐν
825 3285 1006 3348 αὐτοῖς
1050 3285 1420 3357 ἐναντιότητος
1447 3284 1827 3355 ὑπαρχούσης,
1861 3255 1906 3314 C

256 3375 395 3429 καθὸ
422 3375 478 3428 δὲ
500 3375 753 3446 γεννητὸν
781 3376 873 3428 καί¹
901 3377 1213 3448 ἀγέννητον,
1235 3376 1530 3448 ὲπιθεωρου
1541 3377 1705 3447 μένης
1732 3377 1832 3447 τῆς

258 3467 607 3530 ἀντιθέσεως.
638 3464 786 3538 Αὕτη
817 3467 922 3538 γὰρ
945 3468 1051 3520 τῶν
1078 3467 1382 3538 ἰδιωμάτων
1408 3471 1440 3539 ἠ
1465 3469 1646 3538 φύσις,
1683 3471 1740 3522 ὲν
1763 3471 1830 3539 τῇ

255 3560 359 3630 τῆς
383 3559 568 3622 οὐσίας
595 3559 878 3629 ταυτότητι
913 3559 1182 3613 δεικνύναι
1222 3561 1319 3632 τὴν
1349 3562 1640 3632 ἑτερότητα
1676 3561 1788 3631 (⁵2)
1813 3579 1826 3590 ’

255 3652 354 3706 καλ⁵
373 3653 512 3706 αὐτά
531 3654 628 3724 μὲν
647 3654 778 3723 πρὸς
796 3651 994 3722 ἄλληλα
1007 3651 1472 3724 ἀντιδιαιρούμενα
1496 3652 1750 3714 πολλάκις
1765 3651 1832 3705 τά

262 3743 551 3814 ἰδιώματα,
574 3744 708 3814 πρὸς
726 3744 784 3796 τὸ
805 3742 1042 3795 ἐναντίον
1062 3743 1384 3805 διίστασθαι,
1399 3745 1572 3813 τήνγε
1593 3743 1688 3812 μὲν
1715 3740 1830 3794 ἐνὸ-

257 3852 400 3906 τητα
418 3837 510 3905 τῆς
542 3837 727 3898 οὐσίας
759 3837 831 3906 μὴ
863 3835 1113 3889 διασπᾶν·
1135 3835 1209 3896 ὡς
1231 3834 1289 3887 τὸ
1317 3834 1518 3904 πτηνὸν
1540 3833 1633 3886 καὶ
1654 3833 1713 3886 τὸ
1733 3851 1832 3886 πε-

271 3928 375 3994 ζὸν,
400 3929 492 3980 καὶ
509 3928 566 3980 τὸ
580 3927 792 3997 ἔνυδρον
806 3929 898 3980 καὶ
923 3928 982 3980 τὸ
1010 3928 1280 3998 χερσαῖον,
1299 3927 1389 3979 καὶ
1410 3926 1469 3978 τὸ
1499 3924 1710 3994 λογικὸν
1741 3926 1834 3977 καὶ

258 4021 324 4073 τὸ
356 4019 562 4087 ἄλογον.
597 4021 738 4082 Μιᾶς
771 4021 876 4091 γὰρ
909 4021 1094 4082 οὐσίας
1121 4021 1229 4081 τοῖς
1258 4020 1421 4071 πᾶσιν
1445 4017 1830 4087 ὑποκειμένης,

260 4111 331 4163 τὰ
368 4110 632 4179 ἰδιώματα
661 4109 830 4163 ταῦτα
862 4111 960 4163 οὐκ
997 4109 1263 4180 ἀλλοτριοῖ
1305 4109 1404 4179 τὴν
1450 4107 1669 4172 οὐσίαν,
1711 4107 1832 4160 οὐδὲ

263 4202 431 4254 οἱονεὶ
485 4199 862 4263 συστασιάζειν
918 4202 1126 4263 ἑαυτοῖς
1179 4197 1496 4252 ἀναπείθει·
1548 4200 1614 4268 τῇ
1680 4199 1832 4268 ἐνερ-

263 4295 392 4365 γείᾳ
422 4294 532 4362 (55)
578 4293 633 4345 δὲ
667 4293 772 4346 τῶν
817 4293 1229 4364 γνωρισμάτων,
1273 4291 1460 4363 ὥσπερ
1488 4309 1539 4344 τι
1577 4291 1692 4360 φῶς
1715 4294 1834 4354 ταῖς

262 4385 467 4455 ψυχαῖς
494 4385 648 4455 ἡμῶν
688 4385 977 4448 ὲντιθὲντα,
1009 4385 1146 4455 πρὸς
1174 4384 1271 4454 τὴν
1302 4383 1527 4454 ὲιρικτὴν
1562 4386 1681 4445 ταῖς
1715 4383 1834 4436 δια-

264 4477 438 4540 νοίαις
495 4477 706 4530 σύνεσιν
743 4478 944 4548 ὁδηγεῖ.
988 4476 1124 4528 Ἀλλ’
1153 4470 1326 4539 οὗτος,
1375 4477 1474 4546 τὴν
1533 4475 1640 4528 τῶν
1690 4475 1833 4527 ἰδιω-

269 4569 456 4639 μάτων
507 4569 776 4623 ἀντίθεσιν
843 4569 975 4639 πρὸς
1023 4568 1120 4640 τὴν
1179 4567 1365 4622 οὐσίαν
1420 4566 1832 4639 μετακομίσας,

265 4658 517 4713 ἐντεῦθεν
569 4661 666 4731 τὴν
713 4661 964 4731 ἀφορμὴν
1025 4661 1124 4730 τῆς
1187 4659 1439 4722 ἀσεϐείας
1509 4659 1833 4728 ἐφέλκεται.

265 4753 458 4823 ὥσπερ
478 4753 670 4816 παῖδας
705 4755 849 4824 ἡμᾶς
893 4752 1387 4824 μορμολυττόμενος
1422 4755 1532 4815 τοῖς
1570 4753 1836 4821 σοφίσμα-

341 5116 450 5188 (27)
477 5116 618 5188 eam
649 5118 768 5173 οὐδὲ
800 5117 1067 5173 ἀνάπαλιν
1099 5117 1179 5172 τό.
1232 5117 1454 5173 Veteres
1486 5118 1729 5187 quinque
1765 5115 1833 5168 li-

268 5187 358 5243 bri
380 5187 498 5241 οὐδὲ
531 5188 634 5260 μὴν
671 5190 751 5242 τό.

341 5280 452 5352 (‘28)
484 5281 664 5352 Codex
698 5282 848 5336 Colb.
879 5292 931 5336 et
962 5282 1089 5336 editi
1121 5280 1260 5335 κατά
1289 5297 1494 5350 ταυτην
1541 5283 1667 5350 τήν.

270 5350 375 5425 duo
402 5367 527 5425 mss.
553 5350 700 5425 Regii
727 5355 844 5425 κατ’
875 5354 1041 5425 αὐτὴν
1071 5354 1192 5423 τήν.
1220 5352 1510 5425 Aliquanto
1547 5360 1668 5418 post
1696 5350 1830 5402 editi

267 5420 428 5474 τοῦτο
454 5421 512 5475 δὲ
561 5423 654 5475 καὶ
691 5421 877 5476 πλείω.
915 5420 1250 5479 γοὸυιιι⁷καὶ
1291 5423 1347 5476 in
1406 5423 1645 5491 quinque
1703 5435 1832 5474 mss.

268 5492 438 5545 deest.

343 5561 454 5633 (29)
478 5560 630 5626 lllnd,
656 5562 937 5632 τῇοὐσίᾳ,
956 5563 1148 5634 legitur
1172 5563 1382 5633 quidem
1411 5563 1465 5616 in
1486 5563 1692 5634 duobus
1713 5575 1838 5614 mss.

271 5631 495 5701 perinde
525 5643 684 5698 atque
708 5641 758 5687 in
796 5631 1057 5702 vulgatis:
1093 5631 1262 5689 sed-in
1295 5635 1416 5688 aliis
1442 5631 1722 5686 codicibus
1751 5637 1843 5684 aut

271 5703 420 5757 deest
455 5706 695 5772 omnino,
718 5706 1066 5758 autadditum
1091 5713 1175 5758 est
1213 5705 1444 5759 secunda
1478 5717 1660 5758 manu.

341 5780 701 5870 (30‘)7Antiqui
753 5807 880 5870 tres,
916 5797 1034 5851 libri
1097 5797 1260 5851 οἰονεὶ
1298 5795 1664 5870 χαρακτῆρες.
1722 5792 1834 5849 Vox

273 5868 433 5919 οἰονεί
461 5869 512 5922 ἰιι
542 5869 702 5924 editis
739 5869 1167 5924 desiderabatur.

1933 2007 2158 2060 qumque
2184 1993 2250 2045 ad
2281 1990 2481 2045 claram
2518 2007 2580 2046 ac
2613 1992 2948 2045 inconfusam
2984 1992 3163 2047 Patris
3189 2005 3243 2048 et
3269 1993 3392 2049 Filii
3420 2009 3517 2051 no-

1933 2086 2131 2138 tionem
2163 2086 2314 2150 qnasi
2347 2100 2504 2137 manu
2536 2086 2754 2147 ducant,
2793 2085 2836 2140 is
2882 2093 2936 2138 et
2959 2084 3252 2153 impietatis
3298 2090 3513 2157 pericu-

1883 2226 1895 2238 .
1933 2177 2041 2230 lum
2081 2176 2318 2246 ellngiet,
2347 2187 2399 2229 et
2431 2176 2856 2231 ratiocinationis
2879 2181 3314 2234 consecutionem
3347 2182 3518 2235 tuebi-

1935 2279 2037 2323 tur.
2070 2269 2201 2323 Nam
2257 2270 2642 2338 proprietates,
2678 2287 2795 2340 qua:
2840 2274 3004 2327 veluti
3039 2274 3257 2340 quidam
3318 2273 3515 2327 chara-

1933 2372 2108 2416 cteres
2154 2375 2218 2414 ac
2270 2359 2459 2414 formai
2506 2360 2557 2413 in
2609 2362 2910 2416 substantia
2966 2364 3398 2427 considerantur,
3463 2364 3516 2418 id

1933 2452 2072 2521 quod
2105 2467 2388 2506 commune
2410 2459 2493 2505 est
2525 2453 3099 2523 distingutmtquidem
3133 2457 3367 2524 prapriis
3392 2454 3520 2509 cba-

1936 2544 2232 2598 racteribus
2270 2559 2284 2594 :
2321 2551 2378 2595 at
2416 2544 2736 2598 substantia:
2765 2547 3208 2600 communitatem
3245 2561 3350 2600 non
3387 2546 3520 2600 diri-

1933 2646 2106 2688 munt.
2159 2635 2402 2705 Exempli
2446 2651 2607 2689 causa
2629 2676 2645 2699 ,
2680 2637 2852 2692 deitas
2887 2639 3193 2692 communis
3218 2651 3326 2707 est,
3389 2653 3516 2707 pro-

1935 2729 2190 2795 prietates
2225 2743 2352 2782 vero
2383 2737 2509 2782 sunt
2556 2731 2857 2799 paternitas
2880 2739 2934 2783 et
2965 2730 3173 2784 liliatio.
3207 2730 3285 2784 Ex
3318 2733 3519 2786 utrius-

1934 2835 2038 2887 que
2059 2827 2236 2873 autem
2265 2819 2566 2888 complexu,
2609 2830 2721 2874 tmn
2766 2822 3094 2885 communis,
3139 2831 3250 2875 tum
3287 2823 3516 2892 praprii,

1935 2909 2235 2964 innascitur
2283 2910 2438 2965 nobis
2495 2912 2908 2982 comprehensio
2960 2913 3224 2966 veritatis.
3285 2911 3520 2967 Proinde

1935 3015 2056 3055 cum
2109 3002 2403 3071 ingenitam
2451 3002 2626 3058 lucem
2673 3004 2957 3070 audimus,
2997 3002 3214 3057 Patrem
3265 3005 3519 3071 intelligi-

1936 3021 2056 3055 cum
2109 3021 2403 3071 ingenuam
2451 3021 2626 3058 lucem
2673 3021 2957 3070 audimus,
2997 3021 3214 3057 l’all'em
3265 3021 3433 3059 nitent
3476 3023 3519 3059 l-

1936 3110 2057 3149 mus
2085 3110 2099 3146 :
2127 3109 2248 3148 cum
2280 3109 2411 3150 vero
2447 3095 2681 3166 genitam
2715 3095 2910 3161 lucem,
2946 3095 3065 3149 Filii
3098 3095 3394 3166 accipimus
3423 3021 3520 3150 ᾖ

1941 3187 2160 3241 tionem.
2190 3184 2324 3240 Nam
2352 3197 2618 3256 quatenus
2653 3187 2868 3256 quidem
2901 3186 2986 3241 lux
3014 3195 3067 3241 et
3091 3185 3178 3240 lux
3207 3197 3352 3253 sunt,
3377 3187 3519 3241 nntra

1939 3289 2022 3335 est
2057 3280 2107 3332 in
2134 3279 2213 3334 eis
2241 3279 2597 3335 contrarietas
2620 3295 2634 3331 :
2657 3290 2919 3348 quatenus
2941 3294 3072 3334 vero
3097 3279 3334 3350 genitum
3364 3292 3419 3335 et
3441 3282 3524 3333 in.

1937 3375 2203 3445 genitum,
2239 3382 2459 3442 apparet
2485 3373 2771 3442 Oppositio.
2815 3371 2940 3426 llazc
2993 3381 3076 3427 est
3113 3373 3255 3427 enim
3285 3373 3525 3442 proprie-

1941 3477 2108 3520 tatum
2141 3477 2354 3530 natura,
2381 3474 2438 3516 ut
2472 3464 2524 3517 in
2558 3463 2871 3516 substantiae
2902 3464 3181 3518 identitate
3208 3465 3523 3530 alindquid-

1939 3559 2061 3612 dam
2087 3557 2397 3622 ostendant,
2417 3565 2581 3625 utque
2606 3557 2732 3625 ipsa:
2754 3557 2969 3625 quidem
3000 3557 3360 3626 proprietates
3385 3567 3520 3622 tum,

1941 3666 2061 3703 cum
2091 3661 2230 3716 saepe
2260 3647 2400 3700 inter
2430 3661 2488 3700 se
2529 3660 2595 3698 ex
2645 3645 2872 3699 adverso
2902 3646 3240 3710 dividuntur,
3280 3647 3347 3699 ad
3389 3659 3522 3700 con-

1943 3743 2165 3794 trarium
2208 3738 2520 3801 discedant,
2554 3751 2652 3790 nec
2686 3743 2862 3789 tamen
2905 3736 3218 3790 substantiae
3258 3737 3520 3790 unitatem

1941 3831 2194 3886 divellant
2221 3847 2234 3883 :
2256 3831 2396 3899 quod
2422 3844 2590 3900 genus
2611 3839 2734 3882 sunt
2755 3828 2966 3882 volatile
2988 3837 3039 3882 et
3065 3829 3332 3897 pedestre,
3352 3843 3522 3898 aqua-

1943 3925 2030 3978 tile
2061 3933 2114 3976 et
2150 3932 2418 3984 terrestre,
2461 3921 2720 3973 rationale
2764 3928 2814 3973 et
2849 3919 3177 3973 irrationale.
3216 3918 3349 3973 Cum
3374 3923 3520 3973 enim

1939 4016 2236 4072 substantia
2279 4029 2381 4067 una
2425 4010 2951 4088 omnibussnbjecta
2999 4015 3106 4077 sit,
3151 4012 3233 4065 liae
3279 4013 3521 4082 proprie-

1945 4120 2076 4164 tates
2103 4107 2462 4161 substantiam
2497 4120 2598 4159 n0n
2628 4105 2830 4158 faciunt
2858 4105 3144 4169 diversam,
3165 4119 3335 4174 neque
3363 4106 3520 4175 quasi

1941 4202 2004 4254 ad
2040 4213 2218 4254 mutua
2252 4200 2470 4254 dissidia
2504 4199 2763 4252 inducunt
2792 4215 2806 4250 :
2835 4197 2929 4251 sed
2961 4197 3279 4252 indiciorum
3304 4199 3355 4251 vi
3380 4198 3524 4252 velut

1944 4298 2114 4351 lucem
2148 4295 2434 4365 quamdam
2480 4295 2680 4349 nostris
2737 4295 2932 4347 animis
2974 4295 3300 4363 ingerentes,
3335 4293 3402 4347 ad
3434 4294 3520 4348 in-

1945 4391 2289 4460 telligentiam
2341 4403 2503 4457 quam
2541 4402 2691 4441 mens
2742 4388 2955 4455 assequi
3003 4388 3172 4456 possit
3225 4387 3518 4440 deducunt.

1943 4482 2040 4536 llic
2070 4491 2245 4534 autem
2273 4479 2658 4547 proprietatum
2683 4477 3018 4545 oppositione
3045 4475 3111 4528 ad
3145 4473 3507 4528 substantiam

1945 4572 2222 4634 translata,
2250 4571 2376 4624 hinc
2406 4568 2700 4637 impietatis
2727 4581 2912 4619 ansam
2936 4567 3130 4635 carpit,
3165 4581 3260 4619 nos
3291 4563 3520 4617 cavilla-

1946 4669 2149 4721 tionum
2204 4664 2354 4734 quasi
2412 4661 2575 4715 larvis
2625 4668 2940 4728 perterrens
2988 4667 3240 4724 tanquam
3280 4669 3520 4724 pueros;

1947 4759 2087 4829 quod
2115 4759 2157 4812 si
2189 4756 2330 4810 aliud
2353 4755 2479 4824 quid
2527 4752 2684 4806 fuerit
2725 4752 2814 4805 lus
2845 4760 3037 4820 printer
3072 4749 3390 4818 ingenitum,
3423 4761 3520 4800 ne-

2010 5113 2121 5184 (51)
2151 5111 2283 5180 Reg.
2319 5108 2507 5162 tertius
2547 5106 2724 5161 κοινὸν
2744 5104 2866 5177 μέν,
2899 5105 3200 5172 εδΜιίίτμιία
3229 5115 3519 5158 commune.

2008 5204 2120 5276 (3‘2)
2153 5201 2546 5276 Trapeznntins
2576 5197 3108 5276 vocetnLétepdmm
3148 5197 3218 5249 ita
3265 5195 3520 5276 reddidit,

1937 5266 2346 5332 (lia‘linctioltém.
2381 5271 2700 5330 Cut‘narius,
2738 5271 3137 5321 diversitatem:
3175 5266 3313 5330 quod
3362 5267 3522 5316 absu-

1939 5363 2064 5402 nnm
2107 5359 2246 5406 esse,
2282 5342 2363 5393 vel
2393 5357 2459 5393 ex
2497 5340 2720 5393 auribus
2745 5339 2878 5392 disci
2911 5348 3107 5405 potest.
3142 5333 3371 5388 Penuria
3412 5335 3518 5386 lin-

1938 5434 2053 5490 ειμι)
2086 5416 2290 5468 Latina:
2329 5411 2475 5472 facit,
2508 5419 2565 5462 nt
2600 5424 2661 5463 ea
2697 5425 2798 5464 vox
2826 5411 3058 5478 exprimi
3087 5408 3174 5459 vix
3222 5407 3410 5472 possit.

2017 5511 2128 5577 (55)
2169 5507 2299 5577 Reg.
2335 5504 2606 5577 secundus
2656 5501 3027 5577 1ﬁév1pyeia,
3075 5498 3351 5577 e_vi_dcntia_
3383 5497 3523 5577 indi:

1941 5566 2163 5634 cio‘ruiiz.
2206 5566 2309 5630 Aiii
2350 5575 2586 5648 quinque
2643 5566 2774 5648 mss2
2801 5566 2860 5625 et
2885 5566 3011 5648 editi
3047 5572 3112 5638 τῇ
3141 5568 3442 5648 ἐνεργείᾳ,ον
3473 5566 3520 5620 vi

1938 5664 2092 5720 atque
2121 5640 2725 5720 eﬂicacia—indiciorym.
2757 5642 2942 5720 Lectio
2978 5651 3208 5708 utraque
3241 5640 3522 5720 invenitur

1939 5709 2376 5788 indtegftertio,
2413 5714 2494 5767 sic
2527 5723 2584 5765 ut
2614 5713 2824 5788 legatur
2856 5713 3042 5788 prima
3077 5725 3236 5788 manu
3265 5711 3329 5788 τῇ
3365 5709 3517 5788 svsp-

1936 5792 2078 5857 γείᾳ,
2107 5779 2350 5857 secunda
2407 5797 2531 5836 vero
2580 5785 2646 5853 τῇ
2682 5781 2964 5857 εναργείᾳ.
3003 5781 3120 5857 Iloc1
3149 5781 3263 5848 ipso
3296 5779 3349 5833 in
3400 5779 3519 5835 loco

1935 5847 2076 5916 editi
2097 5853 2206 5912 οἷόν
2241 5875 2315 5912 τι.
2345 5859 2412 5910 At
2443 5867 2570 5909 mss.
2601 5847 2843 5920 plerique
2873 5847 3060 5908 omnes
3089 5847 3276 5920 ὥσπερ
3300 5867 3372 5904 τι.
