4002 6408
293 376 391 434 641

1392 368 1762 427 ADVERSUS
1800 364 2168 426 EUNOMIUM
2207 363 2338 420 LlB.
2382 361 2449 419 ll.

3442 354 3551 415 613

296 514 449 558 σωσι,
472 492 656 548 τοῦτον
688 494 780 548 καὶ
804 496 895 548 ἐπὶ
924 493 1020 566 τῆς
1053 492 1145 547 τοῦ
1168 492 1460 564 ἀγεννήτου
1496 507 1859 564 προσηγοριας

1969 486 2241 543 nominum
2270 484 2607 555 significetur
2635 496 2649 535 :
2676 496 2743 535 an
2772 477 2887 534 btec
2910 486 3060 533 extra
3081 475 3437 531 substantiam
3466 476 3549 530 in-

293 584 817 650 καταδειξάσθωσαν.

363 845 449 898 50.
506 841 817 912 Ἐμπλήσας
847 841 903 893 δὲ
932 841 1020 894 τὸν
1052 840 1160 911 (42)
1192 840 1350 909 λόγον
1387 842 1651 913 φλυαρίας
1681 843 1862 913 κενῆς,

292 936 388 989 καὶ
436 934 653 987 πάντων
689 931 822 1003 ὁμοῦ
856 932 962 985 τῶν
1005 931 1223 985 πώποτε
1274 933 1401 1005 περὶ
1447 933 1543 1005 τὴν
1580 934 1675 987 τοῦ
1730 934 1865 987 Θεοῦ

292 1027 494 1097 γνῶσιν
524 1026 895 1095 ἑσχολακότων
923 1023 1310 1095 κατεπαρθεὶς,
1335 1025 1410 1088 ὡς
1432 1025 1593 1089 αὐτὸς
1609 1027 1724 1079 ὁδόν
1747 1045 1867 1081 τινα

292 1120 484 1190 καινὴν
518 1120 609 1171 καὶ
636 1118 946 1188 πρόσφατον
976 1116 1267 1189 τετμηκὼς
1308 1118 1448 1188 πρὸς
1473 1120 1562 1172 τὸν
1606 1118 1737 1171 Θεὸν
1769 1120 1866 1187 φέ-

294 1230 516 1284 ρουσαν,
552 1212 617 1283 ἢν
640 1212 813 1272 οὐδεὶς
853 1209 960 1262 τῶν
998 1210 1281 1281 προτέρων
1309 1210 1495 1281 ἐξεῦρε
1514 1251 1527 1273 ,
1557 1212 1868 1265 τελευταῖον

291 1306 510 1372 ἐπάγει,
552 1303 628 1366 ὡς
676 1304 803 1373 παρ’
859 1302 1029 1369 αὐτῆς
1069 1300 1447 1371 δεδιδαγμένος
1475 1300 1567 1354 τοῦ
1600 1300 1734 1354 Θεοῦ
1768 1302 1868 1371 τῆς

291 1395 501 1459 οὐσίας,
536 1394 635 1463 τὴν
668 1393 809 1445 κατὰ
836 1391 929 1444 τοῦ
960 1391 1088 1444 1⁸ίοῦ
1119 1391 1484 1462 βλασφημίαν.

364 1570 521 1622 ΕΥΝ.
546 1570 665 1621 ’Ότι
698 1570 730 1638 ἡ
763 1568 859 1638 μὲν
890 1568 1143 1641 ἀνωτέρω
1183 1567 1455 1638 βασιλείας
1486 1568 1595 1638 (45)
1621 1568 1713 1621 καὶ
1745 1568 1871 1621 πάν·

290 1681 357 1733 τη
410 1662 677 1731 γενέσεως
728 1663 1098 1725 ἀνεπίδεκτος,
1145 1660 1358 1724 τούτοις
1401 1659 1730 1714 παιδεύουσα
1770 1660 1869 1732 τὴν

296 1758 413 1829 μετ’
437 1759 648 1820 εὐνοίας
691 1756 1021 1828 προσιοῦσαν
1055 1756 1312 1820 διάνοιαν,
1345 1754 1582 1809 ἀπωθεῖν
1618 1754 1693 1817 ὡς
1738 1759 1869 1829 πορ-

1968 578 2269 649 telligemus
2301 577 2325 629 ?
2354 577 2741 642 Quamcunque
2784 572 2944 639 igitur
2976 572 3026 625 in
3061 584 3385 638 unoquoque
3426 566 3546 621 illo-

1969 685 2089 723 rum
2123 666 2554 737 excogitaverint
2577 666 2864 728 rationem,
2896 677 3017 717 eam
3056 676 3269 730 quoque
3302 664 3367 717 de
3398 661 3551 730 inge-

1969 758 2063 812 niti
2095 755 2447 826 appellatione
2482 751 2773 821 accipiant.

2036 847 2126 902 50.
2169 844 2459 913 Postquam
2507 852 2687 897 autem
2740 844 3044 898 orationem
3092 840 3344 895 manibus
3390 840 3547 910 nugis

1968 938 2281 1006 complevit,
2312 934 2584 1003 simulque
2611 935 2872 990 adversus
2905 948 3111 995 omnes,
3155 940 3417 1002 quotquot
3449 949 3550 984 un-

1969 1043 2128 1097 quam
2159 1027 2251 1083 Dei
2283 1027 2652 1094 cognitionem
2680 1025 2894 1093 assequi
2932 1025 3273 1085 studuerunt,
3298 1040 3416 1078 sese
3449 1037 3547 1077 ex-

1971 1120 2113 1183 tulit,
2145 1121 2297 1189 quasi
2339 1121 2452 1189 ipse
2476 1134 2667 1174 noVam
2690 1118 2977 1188 quamdam
3010 1132 3073 1171 ac
3107 1127 3377 1172 recentem
3404 1117 3548 1172 viam

1971 1213 2035 1263 ad
2077 1212 2240 1265 Deum
2285 1212 2567 1265 ducentem
2598 1209 2899 1273 stravisset,
2928 1224 3088 1279 quam
3115 1224 3272 1263 nemo
3309 1224 3339 1260 e
3377 1209 3549 1278 majo-

1970 1301 2119 1355 ribus
2157 1301 2443 1365 invenerit,
2482 1312 2591 1354 tum
2630 1302 2879 1363 demum.
2918 1310 3174 1371 tanquam
3210 1303 3277 1354 ab
3309 1302 3422 1372 ipsa
3454 1304 3546 1359 Dei

1969 1392 2270 1445 substantia
2300 1392 2543 1459 cdmtus,
2586 1391 2726 1445 hanc
2763 1392 2815 1445 in
2842 1392 3034 1446 Filium
3068 1394 3272 1448 inducit
3298 1394 3550 1466 blaSphe-

1972 1497 2133 1535 imam
2160 1499 2171 1535 ἒ

2044 1575 2175 1630 Eax.
2204 1574 2517 1629 Substantia
2566 1576 2782 1644 quidem
2814 1592 2932 1645 qua:
2962 1592 3127 1647 regno
3155 1581 3403 1647 superior
3441 1589 3545 1647 est,

1971 1681 2197 1735 quazque
2226 1666 2423 1720 nullam
2458 1670 2862 1737 generationem
2884 1671 3143 1733 admittit,
3176 1671 3258 1725 liis
3292 1672 3547 1727 erudiens

1977 1771 2208 1812 mentem
2242 1758 2502 1813 benevole
2525 1759 2904 1825 accedentem,
2937 1776 3055 1815 eam
3086 1765 3547 1831 comparationem

293 1852 517 1923 ῥωτάτω
546 1850 969 1922 παρακελεύεται
991 1849 1138 1920 νόμῳ
1173 1849 1385 1918 φύσεως
1398 1846 1495 1919 τὴν
1527 1846 1661 1920 πρὸς
1688 1847 1859 1917 ἕτεροι

1978 1869 2096 1923 qua:
2123 1869 2241 1908 cum
2274 1854 2377 1909 alio
2412 1854 2490 1919 lit,
2524 1854 2639 1926 lege
2684 1865 2889 1911 natura:
2928 1873 3087 1927 quam
3120 1857 3432 1929 longissime
3460 1875 3545 1915 re-

294 1937 578 2009 σύγκρισιν
606 1939 738 2009 (ili).

362 2029 510 2083 ΒΛΣ.
552 2026 699 2099 τΑρα
754 2030 875 2099 οὐχ).
934 2027 1118 2098 σαφῶς
1166 2028 1519 2091 ἐνδείκνυται,
1567 2028 1648 2080 ὅτι
1706 2028 1866 2089 αὐτὸς

291 2120 497 2191 ἠξιώθη
543 2122 640 2193 τῆς
670 2121 777 2173 τῶν
812 2123 1137 2193 ἀπορρήτων
1166 2120 1584 2188 ἀποκαλύψεως,
1632 2121 1748 2190 μετ’
1774 2120 1865 2171 εὑ-

290 2215 439 2277 νοίας
482 2214 578 2285 τὴν
626 2214 861 2268 διάνοιαν
896 2213 1260 2287 προσαγαγὼν
1292 2213 1368 2284 τῷ
1403 2212 1555 2283 Θεῷ;
1610 2212 1721 2267 Καὶ
1778 2213 1865 2266 διὰ

289 2308 448 2362 τοῦτο
486 2307 785 2361 ἀπωθεῖται
837 2310 912 2371 ὡς
943 2307 1278 2380 πορρωτάτω
1318 2306 1407 2359 τὸν
1441 2306 1720 2376 Μονογενῆ
1769 2307 1865 2376 τῆς

288 2402 382 2454 τοῦ
416 2402 626 2472 Πατρὸς
680 2401 982 2463 κοινωνίας,
1038 2400 1172 2469 μηδὲ
1224 2399 1303 2461 είς
1365 2397 1651 2468 σύγκρισιν
1704 2397 1865 2449 αὑτὸν

288 2493 457 2557 ἀξιῶν
494 2493 601 2565 (45)
640 2491 1065 2563 παραδέχεσθαι·
1101 2490 1235 2543 ἀλλά
1255 2490 1347 2542 καὶ
1368 2489 1516 2559 νόμῳ
1534 2488 1746 2556 φύσεως
1767 2490 1865 2562 τὴν

287 2585 383 2639 τοῦ
414 2585 751 2655 Μονογενοῦς
784 2586 970 2638 οὐσίαν
1003 2583 1111 2637 ἀπὸ
1142 2583 1241 2654 τῆς
1287 2581 1381 2635 τοῦ
1430 2583 1641 2653 Πατρὸς
1684 2582 1865 2654 διωρί-

292 2679 417 2734 σθαι
463 2680 613 2751 φησί.
660 2679 724 2731 Τί
765 2679 923 2731 τοῦτο
964 2678 1169 2745 λέγων;
1200 2676 1322 2728 ’Ὁτι
1362 2678 1390 2729 ὁ
1424 2676 1555 2739 Θεὸς
1592 2675 1699 2727 τῶν
1728 2676 1864 2729 ὅλων

286 2774 412 2825 οὐδὲ
435 2773 750 2843 βουλόμενος
789 2772 1012 2825 ἐδύνατο
1043 2770 1180 2841 πρὸς
1207 2769 1303 2839 τὴν
1332 2769 1431 2839 τῆς
1459 2769 1642 2833 οὐσίας
1667 2770 1865 2823 οἰκειό-

287 2882 430 2936 τητα
461 2866 550 2918 τὸν
606 2864 888 2934 Μονογενῆ
939 2862 1391 2934 παραδέξασθαι,
1450 2864 1598 2933 νόμῳ
1651 2861 1865 2931 φύσεως

288 2954 391 3024 τῆς
416 2955 705 3023 συναφείας
727 2955 826 3025 τῆς
860 2954 995 3025 πρὸς
1024 2955 1185 3007 αὐτὸν
1216 2954 1609 3025 ἐξειργόμενος,
1644 2954 1744 3005 οὐκ
1767 2952 1861 3017 ὢν,

286 3048 365 3110 ὡς
423 3047 615 3111 ἔοικεν,
680 3048 839 3109 αὐτὸς
889 3047 1083 3100 ἑαυτοῦ
1130 3047 1354 3119 κύριος,
1422 3046 1558 3099 ἀλλά
1607 3049 1717 3109 τοῖς
1766 3049 1865 3116 τῆς

288 3141 536 3211 ἀνάγκης
568 3140 715 3211 ὅροις
745 3140 1147 3210 ύπεζευγμένος
1173 3139 1304 3209 (46).
1340 3138 1578 3191 Τοιαῦτα
1613 3139 1721 3209 γάρ
1751 3140 1863 3190 ἐστι

287 3232 358 3285 τά
384 3233 461 3303 τῷ
490 3234 590 3303 τῆς
620 3233 830 3301 φύσεως
859 3234 1008 3303 νόμῳ
1031 3232 1464 3303 κατειλημμένα,
1491 3231 1867 3302 ἀπροαιρέτως

287 3328 369 3389 είς
394 3326 455 3378 τὸ
478 3330 540 3397 τῇ
583 3326 740 3395 φύσει
766 3326 953 3378 δοκοῦν
980 3325 1320 3395 ύπαγόμενα,
1370 3322 1456 3387 Ὠς
1484 3323 1593 3394 γὰρ
1626 3322 1703 3393 τῷ
1732 3324 1867 3394 πυρὶ

288 3417 449 3486 φύσει
483 3419 541 3470 τὸ
574 3419 904 3489 θερμαίνειν,
956 3419 1015 3469 οὔ
1053 3416 1392 3488 προαιρέσει,
1428 3417 1521 3469 καὶ
1552 3416 1867 3484 ἀναγκαίως

286 3510 636 3565 ἀνεπίδεκτον
668 3513 781 3561 ἐστι
811 3510 908 3579 τῆς
959 3508 1317 3579 ψυχρότητος,
1371 3508 1448 3578 τῷ
1498 3509 1595 3578 τῆς
1651 3508 1866 3577 φύσεως

286 3603 438 3673 νόμῳ
453 3603 550 3672 τὴν
581 3602 715 3672 πρὸς
731 3601 861 3653 αὐτὸ
884 3601 993 3670 (47)
1019 3599 1303 3652 κοινωνίαν
1330 3600 1702 3670 ἀφῃρημένον·
1728 3598 1869 3653 οὕτω

290 3695 539 3765 βούλεται
597 3694 691 3746 καὶ
740 3694 829 3747 τὸν
868 3694 999 3745 Θεὸν
1050 3696 1145 3745 καὶ
1181 3691 1402 3763 Πατέρα
1456 3692 1605 3762 νόμῳ
1650 3693 1864 3762 φύσεως

286 3787 724 3857 Ῠλλοτριωμένην
758 3786 901 3856 ἔχειν
932 3786 1066 3856 πρὸς
1093 3785 1183 3837 τὸν
1214 3784 1339 3836 Υίὸν
1360 3785 1457 3856 τὴν
1486 3785 1692 3839 οὐσίαν.
1726 3785 1863 3838 Kai-

358 4010 474 4079 (42)
512 4011 647 4079 Editi
710 4008 1025 4079 Ἐμπλήσας
1064 4009 1157 4061 καὶ
1204 4008 1311 4062 τόν.
1346 4010 1414 4063 At
1447 4024 1576 4064 mss.
1623 4008 1859 4077 quinque

358 4026 474 4079 (42)
512 4026 647 4082 ιιιιηι
714 4026 836 4131 ’δέω

301 4080 752 4152 Ἐμπλήσαςδὲᾷτ
788 4098 836 4132 ν.

359 4148 641 4223 (45)Ει11ιί
698 4150 868 4203 Paris.
892 4148 1078 4223 ’Ότιή
1132 4150 1229 4218 μὲν
1284 4149 1540 4223 ἀνωτέρω
1590 4148 1857 4223 βασιλεία.

288 4219 458 4278 Unde
485 4222 802 4286 interpres:
866 4220 1069 4271 caeleste
1100 4236 1335 4286 regnum.
1393 4219 1568 4271 Editiu
1624 4219 1756 4273 Ven.
1806 4231 1859 4273 et

284 4294 437 4346 Colb.
469 4308 588 4343 cum
622 4291 740 4345 aliis
773 4291 1006 4359 quinque
1044 4289 1223 4361 liegiis
1253 4290 1375 4341 Ὅτι
1411 4291 1443 4357 ἡ
1475 4289 1574 4360 μὲν
1597 4290 1857 4361 ἀνωτέρω

289 4362 601 4434 βασιλείας,
632 4371 684 4434 et
720 4362 792 4414 ita
830 4360 1267 4434 qtioque__legitur
1317 4362 1367 4412 in
1408 4361 1524 4434 ipso
1546 4376 1720 4434 _opere
1758 4360 1860 4434 liu-

288 4429 473 4487 iiomii.
505 4432 605 4496 Qui
646 4430 793 4484 locus
826 4441 881 4482 ut
915 4429 1265 4496 intelligatur,
1300 4446 1397 4482 vox
1433 4430 1594 4481 οὐσία
1618 4433 1860 4497 suppleu-

286 4505 354 4555 tla
382 4512 484 4567 est,
528 4504 639 4571 illoc
684 4502 841 4555 modo
881 4516 895 4553 :
943 4498 1007 4549 Ἢ
1038 4500 1133 4569 μὲν
1188 4501 1343 4552 οὐσία
1396 4501 1654 4571 ἀνωτέρω
1705 4500 1856 4568 βασι-

1969 1945 2178 2015 pellere
2198 1946 2371 2014 jubet.

2040 2038 2198 2108 267
2229 2037 2354 2091 Bas.
2374 2038 2564 2093 Annon
2594 2039 2769 2109 palam
2788 2040 3043 2103 ostendit,
3070 2042 3288 2111 dignum
3316 2058 3372 2096 se
3392 2044 3547 2099 habi-

1971 2139 2080 2181 tum
2108 2129 2275 2184 fuisse
2300 2146 2622 2183 arcanorttm
2644 2132 2995 2197 revelatione,
3026 2134 3184 2188 simul
3212 2145 3270 2189 ut
3292 2136 3549 2191 benevole

1969 2220 2079 2273 Deo
2110 2230 2344 2275 mentem
2373 2222 2621 2288 adjunxit
2640 2222 2662 2274 ?
2684 2223 2763 2277 0b
2781 2222 2941 2292 idque
2960 2223 3299 2295 Unigenitum
3316 2243 3343 2279 a
3370 2225 3547 2282 Patris

1967 2313 2342 2365 communione
2356 2314 2567 2380 repellit
2581 2328 2737 2382 quam
2757 2315 3089 2385 longissime.
3109 2333 3229 2372 cum
3244 2334 3309 2374 ne
3326 2320 3546 2389 dignum

1966 2403 2180 2471 quidem
2196 2419 2316 2457 eum
2331 2405 2623 2472 existimet,
2641 2407 2731 2476 qui
2747 2407 2811 2461 ad
2825 2409 3277 2478 comparationem
3293 2411 3548 2466 admittao

1970 2506 2085 2560 tur;
2126 2496 2215 2548 sed
2250 2494 2366 2563 lege
2394 2498 2556 2550 etiam
2577 2507 2803 2565 naturae,
2822 2500 3177 2554 subsantiam
3214 2501 3482 2572 Unigeniti
3512 2517 3545 2558 a

1966 2587 2262 2642 substantia
2282 2587 2459 2643 Patris
2474 2600 2773 2659 separatam
2797 2606 2914 2645 esse
2931 2591 3093 2645 dicat.
3134 2591 3270 2658 Quid
3299 2593 3401 2647 sibi
3433 2594 3547 2650 vult

1968 2682 2091 2735 dum
2128 2682 2231 2735 hoc
2265 2680 2395 2735 dicit
2423 2681 2446 2734 ?
2474 2681 2626 2747 Quod
2674 2682 2812 2736 Dens
2859 2684 3259 2747 universorum,
3285 2698 3350 2739 ne
3377 2685 3420 2738 si
3452 2700 3547 2740 vo-

1967 2770 2156 2825 luisset
2178 2772 2417 2840 quidem,
2454 2772 2717 2841 poutisset
2748 2770 3093 2841 Unigenitum
3118 2773 3185 2827 ad
3222 2776 3545 2829 substantia:

1968 2863 2420 2918 necessitudinem
2476 2864 2785 2929 admittere,
2831 2879 2953 2919 eum
3002 2866 3105 2919 sibi
3164 2870 3279 2936 lege
3338 2876 3545 2922 naturae

1966 2953 2271 3023 prohibitus
2302 2955 2603 3020 admittere,
2638 2972 2784 3018 cum.
2820 2964 2877 3011 ut
2924 2958 2971 3011 ei
3004 2958 3236 3024 videtur,
3270 2961 3351 3014 sui
3378 2961 3546 3028 ipsius

1968 3060 2072 3099 non
2120 3055 2264 3099 esset
2294 3046 2560 3111 dominus,
2605 3046 2697 3101 sed
2735 3049 3075 3105 necessitatis
3118 3052 3368 3105 terminis
3412 3053 3542 3119 sab-

1894 3180 1935 3235 Ο
1963 3135 2158 3205 jeetus.
2188 3134 2500 3203 Huiusmodi
2527 3137 2669 3191 enim
2700 3146 2844 3202 sunt,
2866 3153 2986 3208 qua:
3013 3147 3222 3194 natura:
3252 3140 3367 3210 lege
3392 3114 3545 3196 eoin.

1969 3228 2260 3297 prehensa,
2306 3229 2442 3283 citra
2476 3229 2807 3284 voluntatem
2847 3231 2911 3283 ad
2947 3230 2997 3284 id
3041 3233 3182 3299 quod
3226 3243 3433 3286 natura:
3460 3235 3543 3287 vi-

1966 3336 2084 3377 sum
2119 3322 2301 3387 fuerit,
2325 3324 2709 3393 perducuntur.
2735 3322 3196 3389 Quemadmodum
3228 3326 3372 3379 enim
3406 3326 3543 3397 ignis

1966 3428 2157 3472 natura
2190 3431 2295 3469 non
2338 3414 2612 3469 voluntate
2656 3414 2934 3480 calefacit,
2967 3425 3020 3471 et
3058 3420 3362 3471 necessario
3391 3417 3545 3488 frigi-

1964 3498 2189 3564 ditatem
2235 3509 2468 3578 respuit,
2505 3509 2621 3577 lege
2663 3519 2868 3563 natura:
2914 3509 3169 3564 societate
3212 3510 3328 3581 ejus
3360 3510 3544 3580 priva-

1963 3614 2088 3656 tus:
2116 3602 2194 3656 sic
2237 3601 2350 3654 vult
2404 3600 2565 3652 Deum
2606 3608 2661 3654 et
2698 3599 2910 3655 Patrem
2942 3601 3056 3671 lege
3106 3613 3312 3655 natura:
3344 3603 3544 3657 habere

1970 3693 2199 3746 alienam
2224 3708 2252 3744 a
2283 3691 2420 3745 Filio
2451 3692 2825 3745 substantiam.
2858 3693 2973 3745 .lam
3000 3707 3124 3746 vero
3153 3701 3362 3746 natura:
3395 3691 3543 3761 leges

1974 3802 2079 3841 non
2112 3796 2351 3839 mutuam
2382 3785 2520 3838 inter
2552 3783 2765 3838 Patrem
2794 3795 2847 3837 et
2870 3783 3061 3836 Filium
3084 3784 3422 3851 distantiam,
3444 3785 3540 3840 sed

1956 4009 2119 4077 gabat
2150 4007 2463 4077 Eunomius.
2485 4003 2585 4057 Alii
2623 4019 2716 4057 sex
2742 4003 2861 4059 libri
2889 4014 3095 4059 veteres
3126 4004 3411 4077 emendate
3437 4005 3537 4077 τὴν

1956 4075 2092 4151 πρὸς
2113 4079 2296 4151 ἕτερον
2326 4076 2633 4151 σύγκρισιν,
2666 4077 3106 4151 comparationem
3137 4092 3253 4129 cum
3308 4075 3452 4151 alio;
3480 4075 3536 4130 et

1960 4147 2030 4201 ita
2065 4147 2279 4216 quoque
2319 4149 2492 4200 edidit
2540 4149 2700 4199 homo
2761 4148 3005 4200 doctrina
3048 4147 3531 4216 praestantissimus

1955 4216 2039 4273 Jo.
2059 4219 2313 4272 Albertus
2345 4216 2650 4270 Fabricius.

2031 4288 2141 4359 (45)
2181 4289 2244 4341 Et
2275 4289 2361 4359 liie
2420 4300 2654 4359 quoque
2684 4285 2819 4359 R323.
2845 4286 3089 4359 quintus
3117 4296 3172 4359 et
3204 4287 3345 4359 editi
3404 4302 3531 4342 cor-

1957 4356 2267 4428 ruptequE—z
2293 4357 2580 4427 σύγκρισιν
2599 4356 2777 4408 αὐτῶν
2801 4356 2985 4423 ἀξιῶν.
3016 4356 3168 4411 Unde
3193 4357 3485 4411 Carnarius
3514 4374 3532 4411 :

1958 4445 2118 4497 neque
2147 4432 2591 4499 comparationem
2633 4428 2863 4496 ipsorum
2896 4428 3172 4499 admittere
3202 4428 3396 4499 volens.
3424 4428 3534 4484 Sed

1960 4500 2012 4550 in
2073 4500 2294 4566 reliquis
2342 4514 2435 4549 sex
2491 4515 2620 4550 mss.
2677 4500 2960 4553 emendate
3022 4498 3215 4563 legitur
3272 4498 3405 4567 μηδὲ
3453 4501 3536 4564 εις

285 4558 481 4637 λείας(
514 4570 820 4625 Substantia
869 4584 985 4639 qua:
1021 4558 1190 4641 regno
1220 4571 1459 4639 superior
1493 4558 1724 4641 est,_ltoc
1747 4584 1849 4634 est,

1969 4558 2242 4641 πύγκρισίν
2274 4570 2435 4622 αὑτὸν
2466 4568 2648 4632 ἀξιῶν,
2681 4586 2742 4620 ne
2799 4569 2866 4620 ad
2921 4558 3363 4636 comparationem
3415 4558 3535 4636 qui;

284 4643 580 4695 substantia
606 4657 721 4709 qua:
754 4640 1070 4692 transcendit
1106 4641 1157 4709 id
1193 4648 1413 4707 tempus,
1455 4658 1555 4703 quo
1587 4639 1721 4693 Deus
1752 4657 1849 4693 ra:-

286 4715 361 4781 pit
393 4708 680 4763 dominium
710 4712 763 4763 in
795 4722 1063 4763 creaturas
1095 4708 1321 4781 habere;
1368 4726 1473 4762 uno
1506 4710 1692 4774 verbo,
1725 4714 1849 4764 sub-

285 4783 480 4835 stantia
534 4793 748 4835 a'terna.
804 4781 972 4846 Quam
1033 4780 1353 4847 scripturam
1396 4796 1575 4833 veram
1626 4798 1743 4835 esse
1799 4791 1853 4833 et

286 4853 627 4905 emendatam
674 4850 829 4904 facile
862 4849 1134 4913 fatebitur,
1174 4850 1265 4920 qui
1302 4850 1459 4919 paulo
1484 4852 1740 4904 attentius
1785 4851 1853 4903 lc-

287 4924 427 4985 gerit
460 4923 543 4974 illa
574 4938 689 4988 qua!
720 4931 984 4991 przceuut1
1017 4920 1197 4973 Basilii
1228 4922 1408 4991 verba,
1434 4921 1509 4983 ὼς
1536 4920 1665 4991 παρ’
1681 4921 1852 4990 αὐτῆς

285 4992 658 5061 δεδιδαγμένος
704 4990 796 5043 τοῦ
854 4989 1144 5061 Θεοῦήτῆς
1194 4990 1408 5053 οὐσίας,
1453 4989 1703 5059 ιιιιαεὶἀὺ
1738 4989 1850 5059 ipsa

286 5064 385 5115 Dei
412 5060 701 5116 sub'stantia
730 5063 961 5114 edoctus.
998 5060 1108 5114 lloc
1143 5063 1256 5127 ipso
1301 5063 1351 5115 iu
1386 5063 1504 5114 loco
1559 5062 1688 5115 editi
1736 5078 1852 5130 γεν-

286 5134 513 5203 νήσεως.
553 5134 771 5200 Antiqui
836 5132 956 5184 libri
995 5130 1262 5203 γενέσεως
1296 5130 1503 5203 Lquod
1541 5142 1851 5203 gutruﬁmque

288 5200 390 5256 diei
433 5217 587 5271 posse
634 5215 777 5272 puto,
816 5218 935 5255 cum
992 5201 1284 5255 allirmaret
1326 5200 1624 5272 Ettnumius
1679 5202 1849 5256 Deum

287 5270 659 5329 universorum
695 5273 852 5326 talem
910 5287 1029 5328 esse
1072 5283 1283 5338 natura,
1310 5281 1367 5326 ut
1405 5286 1504 5325 nec
1557 5270 1698 5341 gigni
1752 5287 1851 5326 nec

286 5345 507 5413 gignere
538 5354 735 5412 posset.

356 5410 468 5485 ixi/ti
504 5410 633 5482 Reg.
668 5414 887 5481 quintus
917 5426 973 5469 et
1014 5413 1142 5470 editi
1169 5412 1266 5485 τὴν
1298 5410 1571 5485 προτέραν
1617 5410 1845 5481 σύγκρι-

288 5501 390 5538 σιν.
453 5483 717 5550 interpres
771 5483 1230 5551 comparationem
1264 5483 1487 5554 pri—orem
1522 5497 1542 5535 :
1574 5498 1738 5554 quam
1796 5493 1849 5537 et

287 5557 677 5622 scripturamet
704 5555 1203 5620 interpretationem
1228 5570 1403 5620 nemo,
1438 5554 1653 5621 opinor,
1689 5553 1849 5608 homo

288 5626 551 5692 probabit.
586 5623 816 5689 Etenim,
877 5627 919 5677 si
972 5623 1138 5679 semel
1193 5625 1523 5693 reciperetur
1582 5623 1847 5692 ejusmodi

286 5698 571 5760 scriptura,
609 5705 701 5747 aut
749 5694 1152 5762 interpretatio,
1193 5694 1367 5763 palam
1428 5697 1551 5749 inde
1586 5708 1847 5763 sequere-

214 5778 221 5785 '
289 5773 375 5817 tur
404 5765 569 5817 Deum
602 5766 971 5817 universormn
1029 5764 1213 5818 saltem
1237 5766 1587 5831 posteriorem
1610 5766 1847 5834 aliquam

286 5836 739 5904 comparationem
795 5836 1076 5889 admisisse
1108 5851 1120 5886 :
1149 5836 1291 5900 quod
1346 5849 1413 5890 ex
1448 5850 1602 5907 aequo
1650 5849 1844 5905 perne—

603 5933 868 5996 Ρειτιιοι..
918 5933 1032 5995 Gn.
1084 5930 1324 5994 XXIX.

1957 4642 2074 4693 dem
2100 4640 2214 4691 eum
2244 4641 2518 4692 admittere
2550 4640 2815 4706 dignatus.

2025 4710 2136 4778 (16)
2166 4710 2307 4762 Editi
2358 4719 2413 4778 et
2457 4708 2587 4772 Reg.
2614 4704 2858 4776 iquintus
2905 4704 3395 4777 ὑποζευγνύμενος.
3425 4708 3534 4763 Alii

1952 4796 2045 4836 sex
2082 4777 2208 4833 mss.
2242 4777 2672 4848 ύπεζευγμένος.

2025 4850 2139 4919 (47)
2167 4851 2346 4903 Codex
2376 4850 2531 4903 Colb.
2554 4859 2608 4903 et
2638 4852 2765 4919 Heg.
2794 4849 3077 4909 secundus,
3101 4849 3327 4916 perinde
3369 4859 3533 4918 atque

1953 4920 2081 4974 editi
2111 4920 2207 4990 τὴν
2230 4921 2365 4991 πρὸς
2390 4919 2537 4982 αὑτό,
2566 4929 2618 4991 et
2636 4920 2713 4991 ita
2765 4934 3007 4991 quoquei
3028 4919 3213 4973 habuit
3254 4921 3387 4991 Beg.
3425 4930 3535 4991 ter-

1956 4992 2061 5062 tius
2102 4990 2282 5062 prima
2318 5007 2500 5062 manu.
2541 4990 2649 5062 Alii
2682 5003 2793 5062 tres
2821 5007 2948 5043 mss.
2984 4990 3137 5060 Regii
3170 4990 3307 5062 πρὸς
3340 4990 3532 5061 αὐτὴν,

1952 5060 2273 5131 ψυχρότητα
2308 5061 2580 5114 videlicet.
2620 5060 2771 5125 Quod
2798 5063 3056 5127 optimum
3087 5060 3437 5124 esse'fateor,
3464 5060 3535 5115 εἰ

1957 5148 2042 5185 res
2074 5130 2145 5185 ex
2202 5131 2679 5199 grammaticorum
2718 5130 2917 5199 regulis
2942 5134 3264 5193 aistitnetur,
3312 5148 3431 5185 cum
3466 5133 3535 5184 de

1955 5201 2251 5271 frigiditate
2302 5216 2606 5255 sermonem
2652 5201 2839 5254 haberi
2888 5213 3119 5256 constet.
3175 5201 3302 5256 Mihi
3355 5213 3533 5253 tamen

1954 5273 2175 5325 dubium
2233 5288 2339 5325 non
2378 5279 2481 5329 est,
2508 5271 2633 5338 quin
2670 5271 2897 5325 Basilius
2950 5274 3234 5338 scripserit
3269 5271 3421 5330 αὑτό,
3476 5280 3536 5322 nt

1954 5343 2153 5396 vitaret
2181 5341 2612 5409 ambiguitatem,
2651 5357 2716 5395 ne
2742 5342 2990 5396 videlicet
3013 5346 3131 5396 dua:
3155 5342 3235 5396 lia:
3258 5356 3418 5395 voces
3437 5340 3537 5392 αύ-

1954 5412 2049 5484 τὴν
2086 5412 2371 5465 κοινωνίαν
2403 5426 2432 5462 a
2464 5412 2843 5480 praepositione
2874 5410 3009 5484 πρός
3050 5413 3161 5484 regi
3194 5413 3530 5484 viderentur,

1954 5480 2069 5535 cum
2101 5486 2212 5551 ipsa
2234 5485 2503 5538 societate.
2545 5484 2621 5536 lta
2656 5492 2831 5535 tamen
2885 5483 3028 5535 hunc
3051 5480 3225 5535 locum
3262 5482 3534 5551 interpreo

1958 5554 2057 5606 tari
2089 5550 2361 5617 Convenit,
2399 5564 2456 5607 ttt
2510 5553 2824 5622 suppleatur
2871 5552 3105 5622 πρᾶγμα
3127 5552 3227 5621 τῆς
3257 5550 3535 5622 ψυχρότη-
3599 5580 3603 5587 ’

1954 5641 2064 5687 τος.
2093 5623 2208 5680 Non
2238 5626 2398 5680 liabet
2432 5621 2751 5678 societatem
2806 5639 2926 5675 cum
2963 5638 3016 5674 re
3053 5621 3387 5692 [rigiditatis,
3430 5622 3535 5675 huc

1954 5707 2057 5765 est,
2089 5712 2210 5750 cum
2237 5695 2553 5765 frigiditate.
2588 5692 2679 5765 Sic
2714 5693 2993 5765 Pliaalrus,
3021 5708 3145 5745 cum
3196 5694 3379 5765 cibum
3407 5692 3537 5746 sim-

1954 5764 2167 5885 plli’eiter
2225 5763 2531 5836 signiﬁcare
2581 5763 2771 5829 vellet,
2819 5764 3095 5833 eleganter
3140 5764 3402 5833 scripsit,
3454 5778 3536 5815 res

1955 5850 1998 5885 Cl
2041 5851 2080 5885 ι.

1955 5850 2080 5888 σιω.
