4002 6408
520 286 625 344 645

1861 299 1919 356 S.
1962 300 2207 360 BASILII
2241 305 2455 364 MAGNI

3671 347 3783 405 ΒΗ

520 401 879 457 necessariam
920 411 974 456 et
1020 401 1307 459 infractam
1348 411 1787 467 communitatem
1829 415 2040 472 elliciun

521 495 733 536 Fur-nim
767 494 810 536 si
859 494 1061 536 dir-ornt
1093 497 1256 536 hmim
1306 500 1678 536 ιιηὶυοι-εηι-ηηι
1717 505 1991 536 malum“...
2022 525 2040 536 ι

2151 445 2168 482 ι
2194 441 2342 492 τοιγε
2381 429 2429 480 οί
2453 429 2550 500 τῆς
2580 432 2791 500 φύσεως
2820 437 2974 510 νόμοι
3002 443 3122 515 οὐχὶ
3167 447 3444 506 διάστασιν
3479 457 3575 510 ἀπ’
3615 460 3785 536 mg

2199 513 2303 536 \-___
2340 517 2442 536 κηρι-
2556 521 2568 536 ι
2635 524 2680 536 εν
2765 525 2775 536 ι
2917 530 3064 536 ---κν

520 495 733 549 Etenim
766 494 812 548 si
859 494 1062 550 diceret
1093 497 1256 551 Deum
1306 500 1678 557 universorum
1717 505 1992 563 voluntate
2019 510 2093 564 ef-

514 583 728 649 fecisse,
763 593 822 638 ut
853 583 997 638 nulla
1027 599 1209 640 secum
1243 600 1386 643 esset
1413 593 1837 659 communio;ne
1867 599 1947 652 sic
1971 601 2090 667 qui-

513 679 634 731 dem
666 676 922 732 bonitatis
947 678 1142 732 divinae
1171 680 1308 734 ratio
1325 683 1681 751 permitteret,
1701 697 1754 740 ut
1776 687 1877 743 [ide
1895 689 2087 759 dignus

509 769 804 821 haberetur
823 767 868 822 is
899 769 990 836 qui
1024 771 1098 822 ait
1137 768 1348 822 Patrem
1381 785 1440 824 ea
1480 788 1599 841 quae
1625 774 1727 828 sibi
1765 777 1981 844 adsunt,
2011 782 2081 846 ei,

507 859 599 930 qui
622 874 685 912 ex
705 859 822 928 ipso
846 868 1068 923 est,non
1097 862 1496 916 communicare
1521 881 1533 915 :
1557 865 1650 918 sed
1679 875 1856 922 tamen
1886 869 2085 924 inesset

506 950 561 1004 in
595 951 752 1005 dictis
779 951 1110 1005 consecutio.
1132 952 1199 1003 At
1227 950 1406 1005 dicere
1437 954 1551 1022 lege
1575 966 1781 1012 natura:
1806 974 1925 1014 esse
1945 961 2080 1016 alie-

504 1043 798 1108 nationem,
821 1057 887 1097 ne
913 1043 1031 1110 ejus
1060 1041 1274 1110 quidem
1299 1054 1402 1107 est,
1422 1047 1511 1114 qui
1541 1063 1716 1103 rerum
1744 1051 2078 1106 sensibilium

504 1149 750 1190 naturam
790 1136 1166 1199 considerat-it,
1191 1151 1287 1204 per
1340 1155 1501 1208 quam
1539 1156 1642 1194 non
1683 1142 1881 1208 aliena,
1905 1159 2077 1212 neque

501 1229 798 1294 contraria,
843 1229 937 1283 sed
983 1230 1163 1298 potius
1211 1229 1493 1297 conjuncta
1543 1243 1596 1286 et
1641 1244 1865 1303 cognata
1900 1251 1929 1290 a
1964 1241 2075 1292 sin-

500 1322 636 1393 gulis
664 1322 808 1393 gigni
842 1323 1036 1378 solent.

565 1592 653 1646 51.
693 1592 898 1646 Rursus
946 1590 1109 1659 igitur
1160 1591 1248 1643 hic
1295 1606 1509 1660 quoque
1556 1606 1743 1647 eorum
1775 1609 1893 1663 qure
1937 1610 1967 1650 a
2007 1611 2066 1652 se

494 1684 635 1738 dicta
657 1691 780 1737 sunt
804 1680 1207 1751 repugnantiam
1231 1691 1471 1735 mutuam
1499 1696 1601 1736 non
1623 1683 1906 1740 intellexit.
1926 1684 2062 1741 Nam

493 1779 546 1832 in
573 1773 1004 1846 praecedentibus
1031 1788 1154 1826 cum
1191 1771 1416 1828 moleste
1445 1771 1615 1828 ferret
1653 1789 1746 1830 eos
1797 1776 1887 1845 qui
1925 1776 2057 1832 Uni-

492 1868 731 1938 genitum
766 1865 953 1920 dicunt
985 1861 1133 1916 Patri
1166 1863 1398 1918 similem
1449 1865 1745 1920 secundum
1799 1868 2056 1922 substan-

489 1963 640 2024 tiam,
667 1960 745 2014 sic
776 1957 995 2026 scripsit
1022 1975 1034 2009 :

558 2053 690 2107 Eua.
712 2050 974 2106 Videntur
1003 2058 1184 2103 autem
1213 2048 1340 2102 mibi
1361 2047 1580 2102 omnino
1602 2047 1654 2102 bi
1686 2048 1775 2117 qui
1807 2049 2054 2106 substan-

488 2149 619 2201 tiam
654 2143 780 2199 nulli
815 2140 1053 2196 dominio
1095 2139 1386 2203 subditam,
1419 2147 1473 2192 et
1493 2138 1637 2194 omni
1679 2154 1837 2195 causa
1889 2158 2052 2214 supe-

487 2240 707 2300 riorem,
733 2244 788 2290 et
812 2234 880 2289 ab
901 2231 1152 2287 omnibus
1172 2231 1380 2301 legibus
1402 2230 1624 2286 liberam
1644 2248 1764 2286 cum
1799 2233 2052 2288 substan-

486 2333 558 2384 tia
612 2343 732 2399 qum
799 2326 978 2396 genita
1027 2332 1110 2379 est
1159 2339 1222 2377 ac
1280 2325 1522 2393 paternis
1577 2324 1784 2394 legibus
1838 2328 2045 2390 servit,

481 2433 801 2489 comparare
822 2417 938 2470 ausi
974 2424 1122 2482 sunt,
1159 2424 1253 2467 aut
1293 2415 1439 2470 nullo
1473 2415 1631 2470 modo
1673 2430 1850 2516 rerum

480 2526 596 2566 ram
630 2508 1026 2568 considerasse,
1055 2512 1147 2556 aut
1172 2519 1276 2558 non
1300 2519 1432 2572 pura
1465 2513 1644 2558 mente
1684 2505 1750 2559 de
1793 2504 1876 2559 bis
1903 2505 2046 2574 judi-

479 2607 619 2661 cium
657 2603 869 2658 fecisse.

549 2698 672 2751 BAS.
711 2691 990 2762 Quomodo
1009 2691 1172 2763 igitur
1203 2689 1331 2743 nulli
1357 2688 1598 2744 dominio
1621 2689 1862 2752 subdita.
1893 2698 1947 2744 et
1972 2690 2040 2744 ab

473 2791 724 2848 omnibus
759 2787 969 2858 legibus
1016 2784 1183 2839 libera
1234 2780 1573 2848 substantia,
1622 2797 1764 2836 nunc
1801 2782 1919 2835 visa
1959 2789 2042 2838 est

474 2901 581 2940 non
620 2898 688 2937 ex
738 2880 908 2935 libero
944 2875 1169 2932 arbitrio
1211 2875 1261 2929 id
1293 2873 1514 2940 habere,
1540 2881 1601 2928 ut
1649 2873 1779 2928 nulli
1812 2889 2037 2944 compa-

469 2985 640 3037 retur,
673 2971 768 3026 sed
797 2977 1006 3023 naturae
1036 2965 1154 3035 lege
1182 2961 1489 3033 praepediri,
1543 2971 1707 3030 atque
1736 2964 1977 3033 genitum
2005 2978 2034 3017 a

470 3061 853 3121 communione
887 3058 971 3112 sui
1001 3054 1362 3110 involuntarie
1416 3051 1694 3122 repellere,
1726 3055 1806 3109 sic
1858 3061 1917 3108 ut
1963 3057 2030 3109 ob

2199 513 2304 567 λων
2340 517 2452 588 Υίῷ
2475 521 2609 591 πρὸς
2634 524 2874 597 Πατέρα,
2905 530 3020 584 ἀλλ’
3046 513 3348 603 ἀναγκαίαν
3377 546 3472 597 καὶ
3497 513 3781 620 ἄρρηκτον

2196 605 2292 676 τὴν
2342 612 2620 665 κοινωνίαν
2649 618 2893 673 ποιοῦσιν
2923 623 3054 694 (48).
3115 627 3177 680 Et
3223 631 3322 700 μὲν
3352 634 3464 706 γὰρ

3223 695 3234 700 -
3364 695 3376 701 -
3431 695 3443 706 ι
3518 695 3532 708 ι
3667 695 3781 716 ⁷1““’

2195 695 2346 766 ἔλεγε
2391 700 2451 752 τὸ
2484 705 2622 774 πρὸς
2656 708 2844 764 ἑαυτὸν
2888 714 3248 790 ἀκοινώνητον
3303 737 3781 792 κατεσκευακέναι

2191 786 2282 840 τὸν
2311 788 2442 842 Θεὸν
2462 793 2569 846 τῶν
2602 797 2757 863 ὅλων,
2798 803 2905 855 οὐδ’
2929 805 3070 862 οὕτω
3100 811 3198 881 μὲν
3224 814 3289 867 ἂν
3313 817 3340 867 ὁ
3365 819 3465 888 τῆς
3508 823 3783 898 ἀγαθότηι

2189 895 2279 942 τος
2300 880 2392 934 τοῦ
2421 882 2554 937 Θεοῦ
2589 892 2885 963 συνεχώρει
2911 895 3067 966 λόγος
3108 904 3332 960 πιθανὸν
3373 906 3516 966 εἶναι
3565 917 3668 968 τὸν
3695 919 3779 973 λέ-

2187 985 2349 1037 γοντα
2395 975 2753 1050 ἀκοινώνητον
2774 979 2912 1039 εἶναι
2947 989 3038 1042 τὸν
3066 993 3287 1066 Πατέρα
3315 1000 3422 1054 τῶν
3443 1005 3601 1075 αὐτῷ
3637 1027 3780 1081 παρ-

2189 1060 2223 1081 ιι
2237 1079 2270 1081 ομ
2487 1067 2500 1081 ⁸
2609 1071 2621 1081 ⁸
2709 1075 2720 1081 ⁸
2741 1074 2762 1081 ⁵
2843 1077 2854 1081 “
2936 1078 2959 1081 ”
3056 1079 3068 1081 ’

3219 1060 3229 1066 .
3566 1060 3578 1075 ⁸
3647 1060 3694 1061 ⁷ί⁷
3721 1060 3748 1081 r

2185 1060 2350 1116 όντων
2407 1067 2541 1138 πρὸς
2574 1071 2665 1123 τὸν
2705 1074 2762 1140 ἐξ
2797 1077 2961 1132 αὑτοῦ
2982 1098 2996 1111 ο
3026 1079 3137 1154 εἶχε
3169 1087 3215 1138 δ’
3245 1088 3311 1142 ἂν
3343 1093 3495 1163 ὅμως
3541 1099 3778 1155 ἀκολου-

2184 1152 2302 1206 θίαν
2325 1157 2394 1209 τὰ
2428 1161 2707 1232 εἰρημένα.
2742 1167 2909 1239 Νόμῳ
2931 1171 2986 1224 δὲ
3016 1152 3229 1242 φύσεως
3267 1152 3446 1250 λέγειν
3473 1152 3776 1261 ⁷ὑπάρχειν

2180 1247 2276 1318 τὴν
2305 1250 2678 1325 ἀλλοτρίωσιν,
2706 1261 2825 1313 οὐδὲ
2847 1263 2943 1334 τὴν
2983 1268 3040 1319 ὲν
3083 1275 3196 1336 τοῖς
3225 1276 3503 1348 αἰσθητοῖς
3529 1284 3656 1338 ἐστι
3677 1287 3776 1355 φύ-

2181 1360 2261 1395 σιν
2290 1345 2715 1418 ὲπεσκεμμένουδ
2754 1355 2871 1408 καθ’
2903 1358 2967 1428 ἢν
2992 1361 3113 1432 οὐχὶ
3147 1363 3213 1416 τὰ
3227 1365 3510 1439 ἀλλότρια,
3543 1375 3678 1428 οὐδὲ
3708 1381 3774 1431 τὰ

2177 1433 2428 1500 ἐναντία,
2482 1441 2550 1490 τὰ
2585 1443 2760 1496 οἰκεῖα
2809 1445 2864 1498 δὲ
2913 1448 3113 1518 μᾶλλον
3158 1456 3253 1508 καὶ
3297 1458 3382 1510 τά⁵
3409 1466 3772 1536 προσήκοντα

2173 1523 2576 1592 ἀπογεννᾶσθαι
2611 1535 2853 1602 πέφυκεν
2886 1539 2975 1608 ὑφ’
2998 1543 3248 1600 ἑκάστου.

2239 1617 2326 1670 51.
2369 1620 2536 1674 Πάλιν
2566 1619 2656 1676 οὗν
2708 1629 2799 1680 καὶ
2836 1629 3071 1687 ἐνταῦθα
3107 1635 3167 1687 ού
3215 1641 3418 1694 συνεῖδε
3470 1645 3574 1716 τὴν
3621 1651 3766 1722 πρὸς

2170 1707 2335 1761 ἑαυτά
2356 1711 2463 1764 τῶν
2515 1715 2816 1786 εἰρημένων
2852 1723 3218 1796 ἐναντιότητα.
3239 1730 3326 1783 Ἐν
3353 1734 3463 1805 γὰρ
3483 1707 3599 1799 τοῖς
3627 1707 3738 1793 κατ

2093 1788 2133 1841 Β
2161 1797 2286 1852 όπιν
2304 1801 2644 1870 ἀγανακτῶν,
2671 1810 2806 1880 πρὸς
2827 1813 2956 1877 τοὺς
2978 1815 3160 1886 ὅμοιον
3187 1822 3306 1874 κατ’
3326 1824 3515 1879 οὐσίαν
3531 1828 3628 1881 τὸν
3653 1833 3762 1886 Μο-

2157 1892 2350 1963 νογενῆ
2376 1894 2453 1966 τῷ
2476 1898 2647 1970 Πατρὶ
2676 1900 2952 1971 λέγοντας,
2986 1907 3222 1979 ἔγραψεν
3252 1912 3422 1978 οὕτως
3444 1933 3457 1946 ο

2225 2070 2385 2124 ΕΥΝ.
2423 2074 2534 2144 Τὴν
2561 2077 2731 2149 ἀρχὴν
2759 2080 2817 2133 δὲ
2861 2081 2972 2153 (49)
3007 2084 3220 2140 δοκοῦσί
3256 2107 3346 2160 μοι
3400 2093 3450 2145 οἱ
3491 2094 3592 2166 τὴν
3626 2097 3756 2150 ἁδέ-

2154 2175 2369 2226 σποτον,
2417 2165 2510 2216 καὶ
2559 2168 2737 2240 πάσης
2788 2173 2884 2241 μὲν
2944 2176 3121 2241 αίτίας
3167 2181 3482 2251 κρείττονα,
3517 2187 3748 2242 πάντων

2150 2250 2206 2303 δὲ
2259 2252 2437 2323 νόμων
2475 2256 2761 2330 ἐλευθέραν
2790 2263 2977 2318 οὐσίαν
3018 2271 3083 2340 τῇ
3135 2250 3362 2344 γεννητῇ
3408 2277 3503 2328 καὶ
3553 2280 3750 2349 νόμους

2151 2350 2437 2417 πατρικοῖς
2485 2349 2804 2427 δουλευούσῃ
2867 2362 3172 2432 συγκρίνειν
3237 2366 3646 2438 τολμήσαντες,
3706 2375 3742 2444 ἢ

2152 2436 2286 2504 μηδὲ
2325 2437 2460 2502 ὅλως
2497 2442 2596 2512 τὴν
2628 2442 2734 2499 τῶν
2779 2446 2915 2500 ὅλων
2968 2451 3129 2518 φύσιν
3179 2436 3513 2527 ἐπεσκέφθαι
3535 2499 3550 2523 ,
3582 2463 3615 2532 ῆ

2146 2527 2357 2599 καθαρᾷ
2377 2532 2439 2601 τῇ
2461 2530 2666 2605 διανοίᾳ
2686 2535 2785 2600 τὰς
2811 2539 2939 2610 περὶ
2965 2540 3168 2596 τούτων
3193 2549 3460 2602 ποιεῖσθαι
3487 2527 3736 2622 κρίσείςξ

2213 2694 2359 2749 ΒΑΣ.
2401 2700 2524 2765 Πῶς
2563 2699 2653 2758 οὖν
2705 2710 2736 2778 ἡ
2785 2710 3074 2779 ἀδέσποτος
3121 2719 3214 2772 καὶ
3264 2723 3478 2779 πάντων
3539 2731 3733 2800 νόμων

2141 2782 2397 2858 ἐλευθέρα
2427 2791 2662 2866 ἀνεφάνη
2697 2797 2789 2851 νῦν
2816 2801 2913 2872 οὐχ
2942 2804 3184 2861 ἑκούσιον
3224 2811 3420 2881 ἔχουσα
3454 2817 3515 2869 τὸ
3548 2782 3728 2890 ἀοῖύγἐ

2141 2893 2362 2947 κριτον,
2430 2883 2565 2937 ἀλλά
2630 2889 2780 2960 νόμῳ
2844 2894 3057 2962 φύσεως
3111 2903 3554 2978 προειλημμένη,
3617 2883 3726 2966 καὶ

2138 2969 2513 3042 ἀπροαιρέτως
2534 2976 2632 3047 τῆς
2659 2981 2795 3051 πρὸς
2837 2984 3031 3058 ἑαυτὴν
3064 2969 3351 3058 κοινωνίας
3452 2969 3723 3071 γεννητὸν

2137 3062 2514 3120 ἀπελαύνουσα
2542 3109 2557 3134 ,
2607 3069 2745 3126 ὥστε
2781 3074 2868 3129 διὰ
2907 3079 3062 3133 τοῦτο
3106 3084 3196 3135 καὶ
3236 3087 3384 3156 αὐτῷ
3422 3095 3721 3163 τυγχάνειν

475 3157 577 3210 hoc
628 3151 729 3220 ipsi
775 3160 991 3217 quoque
1025 3143 1338 3249 Unigeuito.
1368 3141 1647 3197 inaccessa
1691 3142 1801 3196 sit?
1847 3143 2034 3249 Itaque

2543 3131 2551 3134 ν
3237 3131 3382 3156 πυτ
3431 3131 3716 3163 παυς...

2245 3155 2538 3224 Μονογενεῖ
2575 3161 3054 3235 ἀπροσπέλαστος;
3086 3173 3348 3230 Τοσοῦτον
3387 3179 3483 3249 μὲν
3515 3179 3610 3236 οὖν
3651 3187 3716 3237 ἐν

466 3247 752 3298 verborum
775 3238 916 3293 illius
946 3235 1299 3306 repugnantia
1324 3232 1428 3288 huc
1461 3248 1631 3304 usque
1664 3236 2030 3305 progreditur;

466 3347 522 3389 at
576 3341 775 3402 quanta
843 3338 926 3386 est
974 3325 1266 3397 impietas?
1319 3325 1564 3380 Dominio
1622 3326 1840 3396 quidem
1901 3327 2032 3381 nulli

471 3425 835 3494 mancipatam
881 3420 1236 3477 substantiam
1267 3418 1433 3489 268
1463 3417 1639 3473 Patris
1679 3419 2034 3489 eamdemque

469 3517 696 3570 liberam
732 3513 860 3568 dicit
896 3511 963 3582 (si
995 3521 1170 3564 tamen
1209 3509 1446 3562 dominio
1491 3505 1623 3560 nulli
1672 3506 1915 3576 subjecta
1947 3518 2032 3563 est

465 3603 777 3662 substantia
815 3617 900 3670 ea,
937 3616 1057 3673 qua:
1094 3599 1196 3670 legi
1229 3608 1437 3654 naturae
1467 3597 1814 3670 subjicitur):
1852 3602 2030 3654 servi-

462 3699 566 3754 lem
590 3712 721 3753 vero
747 3712 778 3752 e
801 3693 1075 3748 contrario
1104 3691 1422 3762 pronuntiat
1466 3689 1744 3761 Uuigeniti
1776 3692 2030 3747 substan-

463 3794 613 3855 tiam,
650 3790 777 3843 hinc
801 3785 964 3840 etiam
1005 3792 1215 3838 natura:
1249 3781 1440 3836 tollens
1476 3782 1860 3850 :equalitatem.
1892 3783 2023 3838 Nam

459 3900 579 3936 cum
617 3881 736 3934 dum
759 3893 846 3933 res
874 3877 1004 3942 sint,
1023 3884 1274 3930 creatura
1298 3882 1352 3928 et
1374 3873 1582 3940 deitas;
1616 3889 1845 3942 cumque
1875 3890 2027 3929 crea-

460 3986 580 4031 tura
616 3971 834 4042 quidem
869 3970 923 4024 in
948 3969 1209 4023 servitute
1239 3981 1302 4021 ac
1319 3965 1628 4073 obedientia
1659 3966 1906 4069 ordinata
1928 3967 2021 4073 sit,

457 4066 633 4119 deitas
665 4077 795 4118 vero
850 4062 904 4116 in
948 4060 1256 4130 principatu
1291 4067 1454 4128 atque
1488 4057 1894 4114 dominatione:
1929 4060 2020 4130 qui

455 4156 772 4226 dignitatem
827 4149 966 4205 tollit
1011 4149 1261 4212 dominii,
1296 4157 1352 4204 et
1399 4148 1594 4203 Filium
1640 4151 1707 4203 ad
1748 4151 2024 4208 servitutis

457 4245 818 4302 humilitatem
847 4239 1050 4311 dejicit,
1075 4253 1253 4294 nonne
1283 4238 1568 4294 manifesto
1599 4240 2022 4310 deprehenditur

453 4357 576 4394 eum
601 4353 696 4408 per
719 4337 773 4392 id
810 4350 1022 4406 quoque
1054 4335 1120 4389 ad
1162 4334 1410 4388 eumdem
1452 4335 1698 4390 ordinem
1733 4339 1977 4408 redigere
2000 4381 2015 4407 ,

454 4443 616 4503 atque
656 4440 968 4486 creaturam
997 4426 1256 4483 omnem?
1303 4426 1413 4481 Nec
1447 4428 1588 4481 enim
1642 4429 1884 4498 profecto
1914 4431 2016 4487 hoc

2132 3251 2245 3308 τοῖς
2277 3245 2588 3318 λεγομένοις
2621 3255 2710 3307 ὑπ’
2745 3258 2906 3314 αὐτοῦ
2937 3263 2997 3316 τὸ
3030 3264 3355 3335 ἀσύμφωνον
3374 3245 3473 3324 (τὸ
3494 3274 3554 3326 δὲ
3585 3277 3716 3330 ἀσε-

2132 3333 2223 3397 ϐὲς
2269 3336 2392 3391 ὅσον
2413 3355 2426 3404 ;
2484 3342 2496 3361 ’

2130 3423 2341 3496 Πατρὸς
2365 3429 2550 3486 οὐσίαν
2580 3439 2976 3510 προσαγορεύει
3017 3444 3195 3517 (εἰπερ
3223 3423 3642 3518 οὗν-ἀδέσποτος
3671 3460 3711 3529 ὴ

2129 3516 2204 3587 τῷ
2238 3517 2385 3589 νόμῳ
2410 3521 2508 3592 τῆς
2528 3523 2740 3593 φύσεως
2771 3516 3175 3607 ὑποκύπτουσα)
3195 3557 3206 3569 ο
3243 3540 3486 3614 δουλικὴν
3519 3547 3577 3598 δὲ
3615 3516 3708 3602 et:

2127 3624 2215 3661 ναι
2254 3609 2312 3674 ἐξ
2353 3613 2628 3670 ἀντιθέτου
2669 3620 2767 3690 τὴν
2808 3622 2901 3676 τοῦ
2939 3626 3273 3696 Μονογενοῦς
3318 3634 3704 3704 ἀποφαίνεται,

2127 3699 2220 3751 καὶ
2243 3703 2487 3760 ἐντεῦθεν
2517 3707 2577 3760 τὸ
2601 3711 2859 3784 ὁμότιμον
2890 3715 2991 3785 τῆς
3029 3718 3241 3786 φύσεως
3275 3699 3703 3798 ἀφαιρούμενοςί

2125 3790 2229 3844 Δύο
2261 3795 2369 3864 γὰρ
2414 3797 2581 3852 ὄντων
2620 3805 2981 3875 πραγμάτων,
3027 3810 3253 3877 κτίσεως
3286 3790 3343 3867 τε
3377 3790 3470 3871 καὶ
3504 3790 3700 3892 656:7}.-

2123 3899 2212 3946 τος
2234 3900 2247 3913 ·
2273 3887 2366 3939 καὶ
2389 3889 2488 3960 τῆς
2510 3892 2606 3961 μὲν
2631 3895 2860 3962 κτίσεως
2886 3899 2944 3952 ὲν
2983 3899 3189 3974 δουλείᾳ
3222 3907 3315 3958 καὶ
3358 3909 3568 3983 ὑπακοῇ
3607 3887 3703 3967 τέ-

2123 3975 2421 4050 ταγμένης,
2457 3982 2689 4055 ἀρχικῆς
2710 3986 2765 4039 δὲ
2797 3988 2963 4061 οὔσης
2990 3993 3082 4046 καὶ
3109 3993 3428 4070 δεσποτικῆς
3460 3975 3699 4072 tris-.036-

2121 4083 2313 4138 τητος·
2359 4071 2388 4123 ὁ
2427 4072 2824 4147 ἀφαιρούμενος
2861 4081 2964 4152 τῆς
2998 4084 3311 4153 δεσποτείας
3353 4093 3414 4144 τὸ
3455 4071 3691 4166 ἀξίωμα,

2123 4157 2216 4208 καὶ
2251 4159 2330 4222 είς
2371 4161 2432 4214 τὸ
2462 4164 2559 4234 τῆς
2591 4166 2832 4233 δουλείας
2876 4177 3130 4230 ταπεινὸν
3155 4157 3537 4247 καταϐάλλων,
3567 4157 3698 4258 ονύχὶ

2119 4247 2278 4317 δῆλός
2330 4252 2444 4304 ἐστι
2500 4257 2594 4308 καὶ
2626 4258 2712 4313 διὰ
2773 4262 2930 4316 τοῦτο
2978 4269 3362 4340 συστοιχοῦντα
3409 4277 3566 4328 αὐτὸν
3617 4282 3688 4350 τῇ

2120 4339 2265 4411 πάσῃ
2301 4342 2472 4398 κτίσει
2498 4344 2740 4416 δεικνύςς
2777 4355 2850 4406 Οὐ
2885 4355 2993 4428 γὰρ
3021 4357 3082 4430 δὴ
3108 4360 3264 4415 τοῦτο
3295 4367 3487 4434 σεμνὸν
3516 4339 3684 4440 aiat-Ii:

2118 4432 2164 4484 εί
2202 4433 2309 4486 τῶν
2350 4438 2653 4508 ὁμοδούλων
2678 4445 2913 4514 προέξει.
2959 4450 3094 4503 Ἀλλ’
3129 4457 3176 4507 εί
3209 4455 3283 4528 μὴ
3317 4432 3564 4528 βασιλεὺς
3590 4432 3688 4516 xit

450 4499 866 4594 illivgloriosum,
912 4521 957 4577 si
992 4519 1274 4576 conservis
1303 4526 1540 4588 praestat.
1579 4517 1684 4574 Sed
1731 4522 1834 4574 nisi
1892 4537 2013 4576 eum

2384 4499 2395 4508 _
2724 4499 2734 4514 ,
2825 4499 2843 4511 υ
2884 4499 2912 4503 νν
2973 4499 3078 4503 —----—
3129 4499 3176 4507 --
3209 4499 3283 4528 ε--ι
3317 4499 3562 4528 Γ-νπιυυξ
3592 4499 3683 4516 ⁸⁵⁷⁸⁵*

2151 4523 2391 4596 ,εσπότης
2415 4528 2743 4599 ὁμολογοῖτο,
2778 4535 2838 4588 οὐ
2881 4539 2944 4608 τῇ
2981 4542 3078 4610 τῆς
3117 4542 3329 4609 φύσεως
3370 4546 3683 4611 ἐλαττώσει,

449 4617 631 4685 regem
660 4627 723 4668 ac
755 4612 1038 4668 Dominum
1075 4608 1454 4676 conﬁteamur,
1493 4610 1628 4664 adeo
1673 4621 1733 4664 ut
1769 4627 1873 4666 non
1917 4629 2013 4667 na-

450 4720 583 4760 tura:
614 4704 992 4770 submissione,
1022 4701 1115 4757 sed
1147 4700 1440 4755 voluntatis
1485 4701 1725 4755 bonitate
1758 4701 2012 4756 obedien-

445 4801 574 4852 tiam
614 4796 970 4866 amplectatur
999 4812 1011 4847 :
1055 4794 1155 4848 hoc
1185 4806 1366 4863 grave,
1405 4791 1506 4846 boc
1532 4792 1882 4858 horrendum,
1909 4791 2008 4847 hoc

444 4887 742 4960 perniciem
771 4885 928 4940 affert
952 4886 1292 4954 negantibus.
1319 4882 1479 4986 Addit
1503 4892 1682 4986 autem
1713 4901 1758 4986 ε.
1818 4984 1824 4986 Α
1931 4976 1943 4986 .

518 4982 645 5036 Eun.
677 4978 851 5049 Leges
878 4987 1087 5032 natura:
1114 4991 1346 5045 sequens
1394 4975 1510 5044 ipsa
1555 4975 1643 5028 Dei
1679 4975 2004 5040 substantia,

443 5089 617 5144 neque
645 5087 770 5126 cum
807 5069 912 5124 alio
955 5068 1192 5123 admittit
1217 5068 1680 5172 comparationem
1717 5086 1729 5120 :
1785 5069 1879 5172 sed
1913 5085 2008 5172 uo-

438 5167 522 5220 bis
550 5165 793 5236 largitur,
817 5171 877 5218 ut
904 5159 1019 5230 ejus
1053 5160 1421 5228 operationem
1445 5158 1809 5228 intelligamus
1831 5161 2008 5230 digni-

510 5370 621 5436 (58)
652 5367 793 5440 Editi
821 5373 877 5420 et
907 5378 1037 5440 mss.
1058 5363 1283 5440 _a_[i_quot
1315 5377 1419 5417 non
1465 5363 1538 5415 ita
1574 5364 1774 5440 antiqui
1805 5381 2006 5417 κοινω-

435 5431 554 5492 νίαν
575 5431 674 5509 τῆς
712 5436 924 5506 φύσεως
943 5431 1353 5509 ὑποϐαλλουσιν,
1399 5434 1824 5509 communionem
1852 5446 2009 5487 nam.

2117 4615 2183 4684 τῇ
2227 4615 2518 4690 ἀγαθότητι
2552 4621 2607 4675 δὲ
2653 4626 2752 4696 τῆς
2781 4629 3148 4700 προαιρέσεως
3172 4636 3595 4708 καταδεχόμενος
3624 4643 3684 4693 τὺ

2118 4705 2387 4778 ὑπήκοον·
2430 4715 2585 4769 τοῦτο
2631 4717 2864 4786 χαλεπὸν
2917 4720 3011 4774 καὶ
3057 4725 3312 4795 φρικτὸν,
3342 4705 3682 4800 καὶνὸλεθρον

2115 4797 2275 4868 φέρον
2300 4806 2410 4866 τοῖς
2439 4807 2808 4878 ἀρνουμένοις.
2851 4811 2908 4865 Ὀ
2937 4813 2993 4866 δὲ
3023 4817 3402 4889 προστίθησιν·

2183 4982 2340 5034 ΕΥΝ.
2391 4984 2511 5037 Ὅτι
2562 4990 2672 5050 τοῖς
2734 4991 2917 5060 νόμοις
2967 4993 3068 5062 τῆς
3117 4994 3327 5062 φύσεως
3375 4997 3615 5067 ἑπομένη
3644 5000 3677 5068 ἡ

2108 5071 2202 5124 τοῦ
2234 5073 2368 5125 Θεοῦ
2420 5077 2594 5142 οὐσία,
2648 5078 2769 5132 οὔτε
2825 5082 2920 5153 τὴν
2964 5085 3098 5154 πρὸς
3151 5085 3333 5156 ἕτερον
3393 5089 3678 5159 σύγκρισιν

2109 5164 2410 5235 ἐπιδέχεται
2432 5207 2445 5231 ,
2479 5171 2572 5223 καὶ
2627 5172 2851 5243 παρέχει
2885 5177 3016 5245 ἡμῖν
3059 5177 3346 5232 ἀκόλουθον
3395 5182 3487 5232 καὶ
3516 5197 3679 5250 προσ-

2176 5369 2542 5445 (Δ49)-ῦο(1ίειιε
2571 5373 2811 5445 nonnulli
2862 5375 3035 5445 ἀρχὴν
3063 5376 3141 5442 δέ,
3172 5379 3376 5432 omisso
3402 5363 3669 5445 articulo;

2103 5449 2156 5491 et
2192 5440 2261 5493 ita
2297 5441 2348 5494 in
2372 5442 2570 5516 _codice
2596 5440 2915 5516 (‘glbertino'
2938 5440 3162 5513 legitur,
3202 5449 3382 5516 inquo
3410 5449 3518 5514 jam
3547 5440 3665 5503 mo;

437 5526 511 5561 rm
558 5501 1075 5585 suggerunt.~Codex
1101 5503 1274 5588 Colbn
1303 5501 2004 5591 etudtthRegiirapte-riget:
2101 5511 2330 5591 nuiinus
2372 5511 2564 5591 librum
2620 5511 2870 5591 Eunomii
2933 5501 3183 5571 inveniri.
3216 5501 3371 5582 ιιιιὶιι,
3410 5501 3668 5591 τὴν

437 5571 718 5631 κοινωνίαν
731 5574 996 5637 ποιοῦσιν,
1016 5577 1423 5627 communionem
1455 5571 1734 5642 infractam
1756 5575 1999 5642 efﬁciunt.

2101 5581 2222 5649 χήν,
2267 5582 2641 5637 adverbialiter
2696 5585 2928 5652 positum
2973 5601 3094 5640 esse
3148 5603 3304 5643 nemo
3351 5581 3663 5643 nou'vidét.

436 5650 584 5701 Alius
599 5665 696 5701 ms,
719 5650 849 5728 Reg.
865 5646 1101 5716 ἄρρητον
1128 5642 1406 5723 κοινωνίαν
1429 5641 2001 5728 ποιο-ὖσινκεοσὸειαιειη

2242 5660 2446 5728 tiiss._et
2473 5654 2600 5706 editi
2633 5641 2731 5725 τὴν
2759 5654 2933 5726 ἀρχὴν
2955 5655 3012 5710 δέ
3036 5673 3053 5692 ο
3075 5641 3216 5728 quod
3235 5673 3446 5727 quoque
3478 5641 3666 5712 adverQ

437 5734 687 5769 arcanam
726 5712 968 5792 reddunt.
1000 5712 1220 5792 Lectio,
1260 5727 1378 5780 qua:
1423 5712 1594 5792 posita
1628 5723 1712 5768 est
1763 5717 1998 5770 secundo

439 5789 577 5851 loco,
610 5787 737 5840 mibi
767 5796 819 5840 et
851 5787 1024 5855 aptior
1056 5785 1262 5838 videtur
1289 5792 1340 5836 et
1379 5785 1573 5836 verior.

2099 5720 2309 5773 biztlitcr
2339 5722 2440 5774 dici
2471 5735 2654 5776 notum
2687 5720 2792 5777 est.
