4002 6408
338 346 444 404 645

1436 345 1802 403 ADVERSUS
1841 346 2209 404 EUNOMIUM
2252 344 2380 405 LIB.
2423 346 2509 403 ll.‘

3470 356 3576 414 606

336 461 577 531 ήκουσαν
630 456 704 528 τῷ
754 457 863 525 ίδίῳ
908 453 1172 527 ἀξιώματι
1219 457 1354 508 νοεῖν
1394 457 1575 521 αὐτοῖς
1612 458 1710 530 τὴν
1759 459 1892 531 ἐνέρι

2018 463 2111 513 tati
2154 460 2380 531 propriae
2413 469 2829 515 consentaneam
2870 472 3010 523 esse,
3049 468 3209 530 atque
3248 466 3574 520 convenien-

335 569 512 620 γειαν.

412 643 557 694 ΒΑΣ.
591 638 758 693 Τοῦτο
794 641 1005 713 εἴρηται
1039 641 1134 711 μὲν
1174 640 1365 711 ἐκείνῳ
1393 639 1502 711 (50)
1533 642 1611 703 είς
1640 640 1908 705 ἀπόδειξιν

335 736 430 805 τῆς
461 732 863 803 ἀλλοτριώσεως
891 732 982 785 τοῦ
1008 730 1344 800 Μονογενοῦς
1379 732 1514 802 πρὸς
1538 732 1627 785 τὸν
1657 732 1903 803 Πατέρα·

338 826 616 893 συνίστησι
648 823 703 875 δὲ
751 823 841 875 τὸν
892 822 1154 894 ἡμέτερον
1184 822 1354 892 λόγον.
1383 824 1445 875 Ei
1481 822 1587 891 γάρ
1620 823 1909 875 ἀκόλουθον

334 918 428 969 καὶ
451 916 826 986 προσήκουσαν
849 915 923 986 τῷ
957 914 1068 985 ἰδίῳ
1102 913 1367 984 ἀξιώματι
1398 914 1623 985 παρέχει
1651 918 1788 967 νοεῖν
1817 915 1907 967 καί

330 1009 432 1079 τὴν
480 1007 759 1077 ἐνέργειαν
802 1009 834 1077 ὴ
878 1006 971 1060 τοῦ
1002 1005 1134 1059 Θεοῦ
1164 1007 1317 1058 οὐσία
1337 1047 1350 1070 ,
1392 1007 1609 1077 ἀξίωμα
1637 1007 1734 1076 μέν
1764 1008 1908 1059 ἐστιν

332 1101 371 1166 ἠ
405 1099 769 1167 ἀγεννησιά,
809 1098 883 1161 ὡς
907 1098 1158 1170 Εὑνομίῳ
1204 1100 1381 1152 δοκεῖ’
1428 1099 1487 1151 τὸ
1531 1099 1587 1151 δὲ
1621 1099 1751 1152 αὐτὸ
1796 1099 1905 1168 (51)

331 1191 426 1243 καὶ
477 1191 633 1243 ούσία
670 1190 808 1243 κατά
849 1190 940 1243 τὸν
984 1190 1184 1244 τούτων
1234 1190 1407 1259 λόγον,
1442 1192 1690 1260 ἐνέργεια
1719 1191 1773 1243 δὲ
1814 1191 1905 1243 τοῦ

332 1281 468 1335 Θεοῦ
494 1284 522 1334 0
540 1282 870 1351 Μονογενὴς,
894 1283 926 1351 ἣ
947 1282 1230 1353 ἐνεργείας
1261 1283 1440 1336 είκών.
1460 1284 1568 1335 Καὶ
1583 1283 1738 1336 τοῦτο
1770 1282 1909 1336 κατά

333 1374 421 1425 τὸν
476 1371 679 1425 τούτων
722 1373 915 1441 λόγον·
973 1372 1112 1426 ὥστε
1162 1373 1370 1436 τούτοις
1416 1375 1715 1443 ἀντιλέγειν
1764 1394 1905 1446 παρ⁸

339 1461 496 1513 ἐλκον
526 1461 591 1514 ἂν
616 1460 699 1532 εἴη
723 1501 737 1525 ,
770 1462 920 1515 οὐδὲν
946 1462 1156 1532 ἔχουσιν
1184 1463 1315 1533 (52).
1346 1464 1415 1515 Ἦ
1435 1462 1626 1517 πολλοῦ
1658 1464 1722 1517 ἂν
1748 1482 1908 1535 τιμη-

335 1551 537 1622 σαίμην
570 1552 850 1624 ἀρνεῖσθαι
880 1555 1073 1616 αὐτοὺς
1099 1553 1444 1625 βλασφημίαν
1475 1554 1676 1626 ταύτην
1698 1572 1710 1585 ·
1746 1556 1904 1625 πλὴν,

333 1645 627 1717 ἐπειδήπερ
652 1648 966 1717 εἰρήκασιν,
1002 1647 1060 1712 ἐξ
1093 1648 1271 1701 αὐτῶν
1306 1648 1411 1700 τῶν
1440 1647 1647 1711 τούτοις
1685 1648 1908 1719 εἰρημέ-

332 1754 440 1789 νων
473 1736 912 1808 συλλογισώμεθα
932 1780 945 1802 ,
978 1738 1059 1791 ὅτι
1089 1739 1168 1802 είς
1198 1738 1410 1809 ἀξίωμα
1443 1739 1539 1807 μὲν
1572 1737 1665 1790 τοῦ
1698 1737 1832 1790 Θεοῦ
1866 1739 1903 1806 ἡ

2014 561 2138 604 tem.

2082 641 2204 696 Bas.
2231 640 2340 694 Hoc
2369 640 2585 709 quidem
2627 640 2695 695 ab
2734 653 2797 693 eo
2826 639 3025 694 dictum
3057 651 3161 705 est,
3210 650 3267 696 ut
3321 643 3574 716 Unigeni-

2014 743 2122 785 tum
2152 747 2180 785 a
2216 732 2376 787 Patre
2404 732 2637 786 alienum
2670 732 2956 791 ostendat;
2991 738 3045 783 at
3091 742 3332 786 nostrum
3371 750 3574 790 sermo-

2014 840 2133 879 nem
2176 824 2483 878 conlirmat.
2519 821 2730 876 Etenim
2766 823 2811 876 si
2859 822 2954 876 Dei
2992 821 3290 877 substantia
3323 825 3425 881 hoc
3459 828 3574 888 dat,

2014 927 2070 969 ut
2102 915 2478 983 Operationem
2505 913 2872 983 intelligamus
2916 926 3339 969 consentaneam
3378 931 3575 971 conve-

2012 1009 2358 1075 nientemque
2390 1021 2501 1061 sua:
2525 1006 2793 1075 dignitati,
2835 1004 3071 1073 dignitas
3100 1005 3346 1074 quaedam
3376 1016 3461 1062 est
3491 1008 3574 1061 in-

2008 1100 2262 1168 genitum,
2305 1107 2362 1152 ut
2396 1097 2659 1153 Eunomia
2698 1096 2934 1161 videtur,
2988 1111 3176 1151 rursus
3216 1098 3265 1151 id
3297 1099 3469 1166 ipsum
3519 1108 3575 1153 et

2010 1191 2307 1245 substantia
2356 1199 2437 1244 est
2477 1204 2543 1243 ex
2573 1190 2761 1249 horum
2808 1191 3094 1255 sententia,
3128 1184 3446 1259 Unigenilus
3474 1206 3571 1243 au-

2009 1291 2113 1335 tem
2147 1281 2388 1350 operatio
2410 1289 2492 1333 est
2527 1279 2642 1344 Dei,
2678 1287 2769 1331 aut
2798 1280 3134 1347 operationis
3167 1280 3373 1349 imago;
3414 1278 3573 1351 idque

2009 1389 2075 1427 ex
2110 1374 2299 1425 horum
2325 1372 2566 1426 doctrina
2605 1388 2618 1424 :
2656 1386 2825 1439 quare
2866 1371 2946 1426 his
2984 1373 3355 1426 contradicere
3386 1389 3575 1442 super-

2011 1462 2172 1516 ﬂuum
2207 1463 2391 1527 luerit,
2424 1478 2545 1517 cum
2586 1462 2718 1515 nihil
2748 1461 2975 1515 habeant
3007 1462 3147 1532 quod
3189 1462 3343 1517 nobis
3378 1464 3571 1518 adver-

2009 1566 2176 1609 setur.
2235 1554 2576 1624 Caeteroquin
2639 1569 2732 1609 eos
2790 1551 3023 1608 facerem
3080 1554 3321 1623 plurimi,
3357 1552 3400 1610 si
3432 1556 3572 1611 hanc

2008 1646 2398 1715 blasphemiam
2456 1646 2834 1715 abnegarent:
2893 1644 3147 1716 quoniam
3199 1657 3375 1701 tamen
3419 1646 3573 1703 dixe-

2009 1746 2153 1800 runt,
2206 1748 2270 1789 ex
2327 1736 2458 1805 ipsis
2505 1750 2691 1789 eorum
2734 1735 2891 1790 dictis
2932 1736 3271 1806 colligamus,
3312 1739 3474 1807 quod,
3526 1738 3568 1793 si

331 1826 663 1895 ἁγεννησία
818 1870 832 1894 ,
868 1828 927 1881 τὸ
958 1830 1014 1881 δὲ
1040 1830 1170 1883 αὐτὸ
1199 1831 1289 1883 καὶ
1314 1830 1470 1881 οὐσία
1490 1872 1502 1893 ,
1532 1828 1819 1894 ἀκόλουθος
1849 1829 1892 1882 δὲ

2005 1828 2247 1897 quaedam
2268 1827 2363 1882 Dei
2402 1826 2636 1898 dignitas
2659 1836 2740 1881 est
2764 1827 3070 1896 ingenitum,
3096 1828 3144 1882 id
3175 1839 3354 1883 autem
3395 1829 3569 1899 ipsum

332 1920 426 1971 καὶ
456 1919 802 1989 προσήκουσα
822 1918 900 1989 τῷ
941 1918 1210 1991 ἀξιώματι
1242 1919 1333 1972 τοῦ
1383 1918 1515 1973 Θεοῦ
1567 1923 1597 1990 ἡ
1635 1918 1900 1993 ἐνέργεια,

328 2009 470 2079 αὕτη
500 2010 556 2063 δέ
598 2012 741 2063 ἐστιν
765 2011 792 2063 0
824 2013 1053 2083 Χριστὸς
1085 2012 1225 2066 κατά
1256 2012 1354 2084 τὴν
1388 2012 1589 2067 τούτων
1616 2013 1900 2083 ὑπόληψιν,

330 2106 531 2166 οἰκεῖος
560 2104 667 2172 ἀρα
710 2104 803 2156 καὶ
836 2106 1125 2176 προσήκων
1150 2106 1214 2175 τῇ
1248 2104 1403 2175 οὐσίᾳ
1444 2104 1595 2157 ἔσται
1620 2105 1711 2157 τοῦ
1746 2104 1901 2159 Θεοῦ.

335 2194 442 2248 Καὶ
485 2193 685 2247 τούτων
710 2195 858 2248 οὐδέν
884 2198 1029 2249 ἐστιν
1056 2196 1337 2267 ἡμέτερον.
1380 2196 1525 2249 Αύτά
1559 2196 1666 2268 γὰρ
1691 2197 1757 2251 τὰ
1784 2197 1905 2250 τού-

331 2303 439 2338 των
472 2285 755 2348 συνθέντες
786 2288 1025 2356 ρήματα,
1065 2288 1149 2339 ἐπ’
1195 2287 1371 2339 αὐτῶν
1393 2286 1490 2357 τὴν
1523 2287 1687 2352 δεῖξιν
1720 2290 1903 2341 ποιού-

334 2377 494 2445 μεθα.
519 2377 595 2447 Τῇ
621 2377 793 2448 οὐσίᾳ,
821 2379 972 2447 φησὶ,
999 2377 1089 2430 τοῦ
1114 2377 1248 2431 Θεοῦ
1272 2378 1551 2432 ἀκολουθεί
1572 2379 1631 2431 τὸ
1652 2376 1868 2450 ἀξίωμα
1888 2397 1900 2409 ·

328 2464 409 2537 τῷ
434 2464 700 2535 ἀξιώματι
722 2466 1054 2535 ἀναλογοῦσά
1081 2470 1224 2520 ἐστιν
1259 2470 1291 2539 ἡ
1325 2469 1601 2541 ἐνέργεια’
1637 2470 1734 2540 τῆς
1757 2472 1905 2542 ἐνερε-

330 2559 487 2628 γείας
536 2556 697 2611 εἰκὼν
749 2560 777 2611 0
821 2559 1157 2630 Μονογενής·
1199 2560 1294 2613 καὶ
1348 2561 1637 2624 ἀνάπαλιν,
1707 2562 1754 2613 εί
1806 2562 1904 2632 τῆς

334 2650 434 2721 μὲν
465 2649 573 2720 (54)
606 2649 884 2721 ἐνεργείας
912 2652 939 2703 0
972 2650 1276 2722 Μονογενὴς
1305 2651 1485 2715 εἰκὼν,
1508 2655 1540 2721 ἡ
1577 2653 1632 2705 δὲ
1660 2654 1903 2724 ἐνέργεια

330 2739 425 2793 τοῦ
474 2738 799 2810 ἀξιώματος,
851 2740 910 2792 τὸ
962 2739 1019 2793 δὲ
1071 2740 1286 2811 ἀξίωμα
1332 2744 1430 2813 τῆς
1473 2743 1678 2805 οὐσίας,
1739 2742 1905 2798 ὁΜοο

331 2831 556 2899 νογενὴς
585 2829 736 2882 ἔσται
765 2830 861 2900 τῆς
889 2830 1075 2893 οὐσίας
1100 2830 1280 2883 εἰκών.
1301 2830 1454 2883 Οὕτω
1479 2834 1571 2886 καὶ
1598 2834 1749 2885 αὐτοὶ¹
1778 2834 1904 2887 πολ-

330 2923 488 2986 λάκις
528 2924 575 2976 οἱ
614 2923 842 2995 ἐργάται
890 2921 982 2975 τοῦ
1038 2923 1285 2991 ψεύδους,
1336 2924 1438 2976 ὑπὸ
1479 2925 1577 2995 τῆς
1627 2926 1904 2996 ἐνεργείας

331 3015 621 3086 ἀγχόμενοι
641 3054 655 3077 ,
689 3014 1023 3086 μαρτυροῦσι
1066 3018 1129 3085 τῇ
1163 3014 1389 3086 ἀληθείᾳ
1418 3018 1511 3069 καὶ
1539 3017 1613 3087 μὴ
1645 3014 1900 3087 βουλόμε-

331 3126 431 3161 νοι.
479 3108 630 3161 Ἐπεὶ
660 3108 752 3159 καὶ
779 3108 826 3160 οί
847 3106 1097 3177 δαίμονες
1120 3108 1236 3178 οὐχὶ
1262 3108 1657 3176 εύαγγελιστῶν
1688 3110 1900 3163 ἐποίουν

2007 1921 2306 1977 substantia
2343 1934 2558 1991 quoque
2580 1928 2684 1984 est,
2708 1929 3073 1974 consentanea
3102 1935 3229 1975 vero
3256 1930 3341 1976 est
3373 1931 3425 1975 et
3443 1938 3572 1975 con-

2008 2014 2228 2068 veniens
2260 2013 2352 2067 Dci
2395 2012 2645 2080 dignitati
2685 2012 2925 2079 operatio
2947 2009 3082 2078 ejus,
3123 2011 3237 2067 hzrc
3286 2022 3461 2068 autem
3490 2025 3573 2068 est

2007 2100 2252 2154 Christus
2276 2114 2339 2154 ex
2378 2100 2570 2154 horum
2607 2100 2898 2165 sententia,
2944 2101 3266 2172 conjunctus
3312 2104 3478 2173 igitur
3506 2120 3569 2157 ac

2007 2192 2329 2245 conveniens
2358 2192 2459 2245 erit
2491 2190 2807 2246 substantizn
2835 2191 2948 2245 Dei.
2974 2194 3149 2261 Atque
3202 2194 3394 2248 horum
3430 2195 3561 2249 nihil

2009 2290 2252 2337 nostrum
2281 2290 2379 2337 est.
2402 2279 2520 2351 Ipsa
2547 2283 2690 2335 enim
2724 2284 2947 2336 istorum
2973 2282 3133 2337 verba
3164 2298 3568 2353 componentes,

2006 2390 2071 2430 ex
2102 2375 2292 2429 iisdem
2351 2375 2864 2429 demonstrationem
2914 2376 3271 2431 conterimus.
3311 2377 3570 2432 Substau-

2010 2465 2162 2529 tiam,
2185 2463 2376 2533 inquit,
2415 2465 2662 2533 sequitur
2693 2462 2784 2517 Dei
2817 2462 3048 2532 dignitas
3082 2478 3095 2517 :
3146 2465 3306 2520 habet
3337 2482 3565 2535 proporo

2008 2556 2206 2610 tionem
2241 2556 2485 2624 operatio
2515 2570 2636 2610 cum
2666 2555 2926 2625 dignitate
2958 2573 2969 2607 :
3011 2556 3340 2624 operationis
3390 2559 3566 2630 imago

2006 2658 2087 2701 est
2128 2644 2445 2717 Unigenilus
2480 2665 2493 2700 :
2526 2657 2579 2701 et
2605 2647 2721 2701 vice
2754 2660 2931 2713 versa,
2960 2647 3001 2700 si
3028 2644 3350 2718 Unigenilus
3383 2650 3558 2721 imago

2007 2750 2091 2792 est
2123 2738 2489 2807 operationis:
2527 2737 2769 2807 operatio
2796 2751 2941 2802 vero,
2975 2737 3250 2808 dignitatis
3283 2757 3299 2793 :
3331 2739 3564 2809 dignitas

2007 2837 2206 2896 autem,
2231 2829 2565 2893 substantire,
2602 2828 2917 2899 Unigenilus
2943 2829 3258 2884 substantia:
3296 2831 3398 2885 erit
3429 2832 3564 2886 iura-

2005 2935 2089 2990 go.
2121 2920 2212 2974 Sic
2237 2935 2377 2990 saepe
2407 2926 2460 2974 cl.
2482 2920 2581 2990 ipsi
2615 2922 2878 2975 mendacii
2910 2919 3213 2987 architecti,
3241 2937 3415 2978 rerum
3440 2940 3565 2993 per-

2004 3011 2289 3079 spicuitate
2322 3012 2517 3077 coacti,
2554 3010 2634 3065 vel
2659 3012 2809 3065 inviti
2842 3014 3122 3067 veritatem
3144 3014 3449 3070 testimOnio
3466 3031 3566 3071 suo

2004 3104 2374 3171 comprobant.
2395 3102 2559 3173 269
2572 3101 2705 3155 Nam
2731 3110 2785 3156 et
2808 3104 3075 3159 daemones
3090 3119 3195 3158 non
3213 3107 3565 3175 evangelista-

330 3196 512 3268 ἔργον,
544 3195 657 3249 ἀλλ’
695 3166 1033 3250 ἀντιϐλέπειν
1186 3166 1482 3268 ’δυνάμενοι
1526 3198 1603 3269 τῷ
1639 3200 1736 3268 τῆς
1766 3198 1892 3269 ἀλη-

2000 3210 2117 3248 rum
2142 3193 2405 3249 faciebant
2431 3210 2565 3263 opus
2596 3212 2609 3247 :
2638 3194 2729 3247 sed
2765 3203 2940 3248 tamen
2963 3209 3085 3249 cum
3116 3199 3357 3252 veritatis
3391 3198 3561 3253 lucem

332 3290 480 3352 θείας
515 3288 670 3357 φωτὶ,
695 3288 860 3341 ἐϐόων
880 3305 892 3317 ·
923 3288 1182 3358 Οἵδαμέν
1211 3305 1283 3342 σε
1309 3290 1399 3355 τίς
1426 3285 1498 3355 εἴ,
1526 3292 1559 3343 ό
1593 3289 1758 3356 (imor;
1792 3288 1898 3344 τοῦ

332 3379 500 3433 Θεοῦ.

399 3467 489 3521 5'2.
526 3466 751 3537 Ἰδωμεν
774 3467 830 3520 δέ
860 3468 951 3519 καὶ
982 3467 1050 3519 τὰ
1079 3466 1363 3523 ἀκόλουθα.

402 3559 561 3612 ΕΥΝ.
593 3557 715 3611 Εἴτε
752 3558 889 3630 γὰρ,
916 3558 1106 3629 φησὶν,
1152 3560 1215 3611 ἐκ
1256 3558 1364 3613 τῶν
1404 3560 1901 3631 δημιουργημάτων

332 3652 702 3723 σκοπούμενός
722 3669 825 3716 τις,
856 3652 918 3703 ἐκ
938 3650 1139 3704 τούτων
1162 3651 1254 3704 ἐπὶ
1272 3650 1371 3715 τὰς
1402 3652 1589 3715 οὐσίας
1628 3653 1881 3721 ἀνάγοιτο

401 3788 448 3820 ⁹⁶
484 3788 644 3842 Marc.
684 3805 720 3853 1,
747 3786 837 3842 24.

405 3947 515 4017 (50)
541 3946 681 4001 Editi
703 3948 783 4009 εἰς
817 3941 1087 4009 ἀπόδειξιν
1111 3943 1323 4014 ἐκείνῳ.
1348 3943 1418 3996 At
1439 3957 1569 3998 mss.
1599 3942 1791 4014 ἐκείνῳ
1817 3941 1895 4006 είς

329 4016 624 4083 ἀπόδειξιν.
1282 4082 1309 4083 η
1782 4081 1812 4083 μ
1855 4081 1864 4083 _

370 4018 624 4072 MSELEW.

403 4081 684 4157 (51)Ει1ἰιί
717 4085 779 4139 τὸ
805 4086 861 4138 δέ
900 4083 1032 4137 αὐτὸ
1053 4084 1229 4157 τοῦτο.
1272 4082 1385 4157 Ἶρις
1416 4082 1573 4136 τοῦτο
1615 4083 1669 4137 in
1698 4081 1896 4157 codici:

328 4150 432 4227 bus
459 4150 853 4227 antiquioribus
882 4157 1049 4211 deest.
1080 4154 1280 4209 Ibidem
1314 4153 1448 4225 Reg.
1490 4163 1717 4224 quartus
1755 4150 1895 4205 κατά

327 4226 417 4279 τὸν
447 4225 635 4282 τούτου
664 4225 838 4294 λόγον.

401 4298 513 4365 (52)
540 4298 635 4352 llic
665 4292 813 4351 locus
843 4295 987 4349 visus
1014 4303 1094 4349 est
1125 4294 1327 4349 homini
1358 4292 1672 4365 doctissimo
1697 4292 1893 4365 Ducaeo

329 4362 553 4422 mutilus
607 4376 661 4421 et
714 4366 1020 4418 mendosus.
1095 4366 1200 4420 Sed
1264 4372 1486 4432 praestat
1532 4362 1666 4432 pejus
1727 4363 1890 4416 verba

328 4437 760 4503 ascribere,qure
791 4436 903 4488 haec
919 4444 1044 4488 sunt
1074 4451 1087 4487 :
1120 4431 1289 4488 Locus
1328 4445 1400 4487 est
1432 4433 1485 4485 in
1515 4431 1695 4503 Qrwco
1724 4435 1883 4485 muti-

329 4506 433 4567 lus,
467 4523 556 4559 nec
590 4501 798 4558 adeum
813 4506 1104 4557 sanandum
1124 4506 1252 4573 satis
1279 4504 1491 4573 adjuvat
1528 4501 1653 4573 Reg.
1690 4520 1786 4556 ms.
1829 4506 1883 4556 in

327 4591 430 4642 quo
461 4578 592 4643 lego,
612 4574 687 4638 ὥς
721 4591 785 4642 γε
824 4573 1031 4636 τούτοις
1064 4571 1362 4643 ἀντιλέγεις
1395 4572 1495 4625 οὐκ
1519 4571 1749 4643 ἔχουσιν,
1776 4582 1879 4643 etc.

326 4642 524 4698 Fateor
549 4646 760 4713 quidem
789 4645 931 4698 hunc
969 4644 1143 4698 locum
1182 4642 1426 4698 mutilum
1460 4658 1580 4696 esse
1612 4644 1662 4694 in
1704 4642 1882 4711 Regiis

331 4713 505 4769 tribus
535 4712 666 4770 mss.
692 4713 911 4782 perinde
941 4725 1101 4781 atque
1125 4718 1177 4767 in
1208 4716 1345 4768 libro
1383 4712 1559 4766 Duciei
1594 4728 1607 4762 :
1638 4713 1730 4765 sed
1764 4715 1883 4765 dico

326 4798 450 4836 eum
504 4785 631 4837 mihi
689 4784 957 4851 integrum
983 4794 1037 4838 et
1065 4785 1405 4838 emendatum
1450 4782 1616 4834 videri
1664 4784 1723 4851 in
1764 4784 1880 4836 aliis

327 4855 538 4922 duobus
570 4869 698 4909 mss.
751 4849 931 4922 Regiis
968 4862 1021 4906 et
1048 4854 1101 4907 in
1136 4862 1363 4922 utraque
1389 4852 1623 4922 editione
1660 4849 1794 4905 Ven.
1828 4863 1883 4905 et

326 4920 503 4977 Paris.
532 4932 588 4977 et
616 4924 669 4977 in
694 4920 882 4978 codice
911 4922 1218 4977 Colbertino
1243 4920 1345 4975 :Vin
1391 4921 1587 4989 quibus
1631 4924 1881 4975 omnibus

324 4992 520 5061 legitur
547 4993 641 5057 ita,
676 5003 735 5046 ut
766 4993 817 5045 in
858 5002 1114 5046 contextu
1156 4992 1340 5045 videre
1366 4992 1512 5061 licet.
1544 4990 1677 5046 Puto
1718 4992 1881 5061 igitur

326 5060 581 5116 Basiliam
622 5060 990 5127 ἐλλειπτικῶς,
1023 5071 1080 5113 ιιι
1110 5076 1250 5129 saepe
1282 5061 1433 5125 alias,
1473 5060 1706 5114 locutum
1738 5060 1876 5123 esse,

325 5134 407 5186 sic
443 5141 500 5186 ut
531 5142 651 5201 post
678 5132 827 5186 οὐδέν
875 5146 979 5185 vox
1026 5131 1285 5196 ἐναντίον,
1318 5141 1410 5184 aut
1435 5129 1538 5201 alia
1566 5132 1880 5201 quaevissi-

324 5202 467 5255 milis
505 5198 882 5267 subaudiatur,
906 5203 1045 5271 quod
1087 5203 1159 5256 ita
1193 5198 1711 5268 interpretabimur:
1743 5200 1879 5254 Cum

324 5271 456 5324 nihil
483 5272 702 5341 habeant
729 5272 866 5341 quod
898 5270 1043 5325 nobis
1078 5273 1381 5325 adversetur
1417 5287 1435 5323 :
1464 5280 1559 5323 aut
1591 5270 1655 5341 si
1689 5271 1875 5341 mavis,

322 5357 440 5394 cum
476 5340 605 5393 nihil
632 5338 854 5394 habeant
883 5341 1020 5410 quod
1046 5343 1190 5395 nobis
1223 5355 1479 5410 apponere
1520 5340 1736 5410 ﬂossint.
1768 5338 1878 5394 Nec

322 5424 512 5476 parum
562 5410 700 5464 hanc
746 5409 1110 5478 conjecturam
1177 5409 1413 5479 adevat,
1460 5412 1602 5478 quod
1649 5409 1876 5463 Basilius

321 5480 480 5546 paulo
513 5489 638 5533 ante
688 5481 760 5533 ita
799 5482 1072 5548 scripserit
1111 5480 1269 5537 :Hoc
1316 5479 1585 5548 (Eunomii
1633 5481 1876 5533 testimo-

321 5550 493 5618 nium)
523 5565 809 5618 sermonem
847 5562 1079 5603 nostrum
1128 5551 1428 5618 conﬁrmat.
1479 5549 1547 5603 Et
1603 5548 1877 5618 aliquanto

321 5617 461 5670 infra
494 5636 509 5670 :
544 5617 630 5671 Sic
653 5635 789 5687 saepe
837 5628 885 5671 et
925 5621 1023 5686 ipsi
1074 5621 1335 5673 mendacii
1380 5620 1669 5682 architecti,
1694 5617 1875 5672 rerum

319 5690 686 5753 perspicuitate
730 5690 924 5752 adacti,
973 5689 1046 5743 uel
1080 5690 1231 5742 inviti
1271 5692 1541 5743 veritatem
1581 5690 1874 5743 testimonio

319 5772 412 5811 suo
449 5759 800 5827 comprobant.
832 5759 980 5825 Quod
1008 5760 1143 5816 idem
1177 5768 1259 5815 est
1285 5776 1346 5817 ac
1376 5761 1423 5816 si
1457 5759 1658 5817 diceret
1691 5774 1703 5809 :
1731 5756 1873 5813 Tan-

1997 3287 2194 3343 intueri
2226 3303 2329 3341 non
2361 3286 2919 3356 possent,clainabant
2944 3309 2955 3342 :
2979 3286 3232 3343 Nouimus
3255 3301 3303 3343 te
3323 3292 3437 3358 quis
3466 3292 3563 3358 sis,

2000 3380 2250 3431 nimirum
2276 3378 2367 3432 ille
2397 3387 2610 3431 sanctus
2644 3376 2740 3430 Dei
2769 3375 2838 3432 '°.

2071 3468 2159 3523 52.
2193 3466 2297 3522 Sed
2322 3468 2595 3522 videamus
2633 3476 2689 3521 et
2733 3469 3034 3536 sequentia.

2072 3562 2209 3616 Eun.
2243 3560 2297 3615 Si
2330 3562 2453 3630 quis
2476 3560 2640 3623 enim,
2670 3559 2864 3628 inquit,
2898 3574 3010 3615 rem
3040 3575 3103 3616 ex
3138 3571 3404 3618 creaturis
3429 3578 3563 3620 con-

2002 3654 2269 3720 siderans,
2332 3668 2435 3722 ope
2464 3654 2655 3707 harum
2711 3651 2777 3705 ad
2828 3650 3162 3710 substantias
3190 3657 3511 3724 perducatur
3539 3694 3556 3723 ,

1995 3939 2304 4016 tumabest,
2329 3953 2396 4016 ut
2420 3942 2738 3998 Eunomiant
2782 3941 3072 4016 quiaquam
3105 3961 3245 4000 nunc
3276 3947 3554 4016 proferant

1991 4012 2131 4079 quod
2153 4012 2308 4065 nobis
2335 4015 2667 4076 adversetur,
2700 4012 2943 4067 utetiam
2963 4012 3287 4070 sententiam
3307 4027 3549 4073 nostram

1991 4081 2330 4153 conﬁrment,
2358 4098 2587 4152 eamque
2616 4085 2684 4138 ob
2713 4097 2889 4137 rerum
2926 4087 3361 4153 perspicuitatem
3400 4091 3550 4143 testi-

1993 4151 2176 4240 {tigillo
2204 4167 2303 4240 su‘o
2327 4151 2568 4240 stabilire
2585 4162 2864 4240 cogantur;
2896 4151 3395 4240 Quod—sequiturﬁ}
3425 4159 3554 4240 πολ-

1990 4220 2083 4293 λοῦ
2117 4220 2201 4282 ἀν,
2228 4232 2358 4293 etc.,
2383 4223 2697 4291 cwteroquin
2721 4238 2807 4275 eos
2830 4220 3052 4291 facerem
3076 4220 3312 4293 plurimi,
3332 4220 3395 4281 si
3418 4228 3554 4283 hanc

1993 4291 2363 4366 litasti/tentiam
2397 4294 2733 4366 abnegarent,
2761 4307 2865 4345 non
2888 4294 2957 4366 ita
2985 4291 3152 4360 accipi
3187 4291 3365 4360 debet,
3396 4300 3547 4366 quasi

1990 4360 2044 4413 in
2078 4362 2159 4413 his
2187 4360 2541 4433 blasphemia
2576 4362 2755 4428 aliqua
2782 4365 3166 4433 contineatur,
3193 4381 3316 4420 cum
3369 4360 3547 4433 potius

1987 4445 2285 4484 sermonem
2318 4446 2471 4485 suum
2515 4432 2635 4484 inde
2657 4432 2963 4485 conlirmari
2995 4434 3137 4486 dicat
3164 4432 3424 4490 Basilius:
3447 4441 3543 4494 sed

1988 4472 2285 4484 ...,.....,..v...
2318 4472 2471 4485 πυ...
2516 4472 2635 4484 ...ην
3164 4472 3392 4490 me...”
3411 4477 3423 4489 .

1916 4472 1958 4525 Ι)
1989 4502 2087 4553 hoc
2113 4502 2307 4572 modo:
2347 4501 2400 4554 Si
2437 4499 2754 4572 Eunomiani
2777 4502 2965 4555 malam
2997 4518 3144 4572 suam
3183 4472 3528 4572 voluntateauuz:

1985 4584 2087 4637 qua
2144 4571 2212 4623 ita
2264 4568 2539 4638 loquentes
2608 4570 2949 4639 Unigeuitum
3009 4588 3038 4625 a
3103 4569 3261 4629 Patre
3312 4568 3544 4630 alienum

1983 4639 2271 4694 OStendere
2294 4641 2499 4701 volunt.
2534 4642 2746 4693 tandem
2787 4641 3075 4710 aliquando
3098 4643 3393 4709 abjicerent
3426 4663 3545 4700 ιιιιι-

1984 4718 2291 4778 tarentque,
2309 4710 2463 4763 valde
2492 4710 2777 4763 admodum
2804 4712 2868 4766 de
2899 4713 2997 4764 hoc
3028 4728 3120 4768 eos
3156 4714 3451 4769 laudarem.
3488 4716 3542 4771 ιιι

1983 4794 2162 4835 autem
2190 4781 2261 4851 ita
2296 4794 2415 4835 esse
2438 4780 2614 4851 facile,
2638 4780 2850 4851 opin_or,
2884 4782 3159 4847 fatebitur,
3184 4785 3272 4851 qui
3300 4801 3384 4848 ea,
3422 4801 3542 4851 quae

1983 4801 2162 4835 amem
2190 4801 2261 4834 lli!
2296 4801 2614 4843 (³556130116,
2638 4801 2850 4847 OPIIIUI‘,
2884 4801 3159 4847 lalClNllll',
3184 4801 3271 4851 qttl
3300 4801 3384 4848 ea,
3463 4803 3539 4839 ΙΙἎΕ

1982 4853 2178 4923 partim
2220 4850 2332 4919 jam
2380 4850 2731 4923 protulimus,
2759 4848 2939 4903 Basilii
2972 4854 3391 4923 verba__logerit.
3422 4801 3539 4909 7106

1981 4921 2213 5040 quidem,
2247 4922 2442 4986 inquit,
2473 4920 2537 4971 ab
2572 4935 2631 4971 eo
2678 4920 2875 4972 dictum
2907 4930 3003 4985 est,
3032 4931 3085 4973 ut
3137 4920 3470 4989 Unibenitnm
3509 4946 3541 4977 (ι

2034 4999 2144 5040 atre
2177 4989 2403 5040 alienum
2428 4989 2664 5040 ostendat
2706 5004 2725 5040 :
2764 4998 2816 5040 at
2845 4998 3079 5040 nostrum
3107 5008 3391 5040 sei-nionem
3414 5011 3541 5040 mn-

2034 4999 2144 5043 atre
2177 4989 2403 5042 alienum
2428 4989 2664 5042 ostendat
2706 5004 2725 5041 .'
2764 4998 2816 5041 at
2845 4998 3079 5043 nostrum
3107 5008 3391 5046 sermonem
3414 5011 3541 5047 con-

1980 5059 2177 5130 firmat.
2212 5089 2281 5130 5-—
2307 5059 2414 5111 Καὶ
2441 5057 2616 5130 τοῦτο
2644 5058 2793 5111 κατὰ
2817 5059 2921 5112 τὸν
2952 5061 3177 5114 τούτων
3198 5063 3398 5130 λόγον.
3437 5064 3543 5117 Το-

1985 5137 2067 5181 tus
2103 5128 2190 5183 hic
2213 5128 2362 5200 locus
2395 5129 2476 5181 sic
2518 5128 2726 5200 videtur
2765 5129 3068 5183 reddendus
3112 5148 3124 5181 :
3170 5128 3339 5200 Atque
3382 5134 3434 5184 id
3476 5150 3541 5185 ea:

1979 5213 2159 5250 eorum
2191 5198 2432 5251 doctrina
2459 5199 2811 5269 consequitur,
2842 5200 2916 5251 ita
2942 5211 2992 5251 ut
3027 5202 3101 5252 eis
3127 5198 3445 5269 super/luunt
3471 5207 3539 5255 sit

1979 5268 2355 5333 contradicere,
2388 5283 2505 5319 cum
2538 5268 2590 5318 id
2615 5284 2718 5320 non
2754 5269 2971 5340 possint.
3010 5271 3084 5322 Ac
3111 5268 3296 5337 magno
3331 5275 3539 5340 quidem

1978 5352 2242 5409 mercarer
2297 5346 2353 5389 ut
2393 5340 2527 5409 hanc
2566 5353 2717 5390 suam
2772 5339 3086 5409 impietatem
3117 5346 3405 5409 abnegent;
3447 5344 3538 5394 sed

1977 5408 2100 5473 quia
2126 5422 2240 5459 eam
2273 5407 2619 5473 protulerunt.
2654 5420 2760 5461 etc.
2792 5407 3001 5462 MABAN.
3104 5456 3105 5459 η

2049 5476 2159 5546 (55)
2192 5475 2331 5529 Editi
2363 5476 2461 5546 μὲν
2493 5475 2628 5529 Θεοῦ
2678 5478 2989 5546 ἀγεννησία.
3038 5477 3214 5532 Codex
3277 5478 3429 5533 Colb.
3486 5493 3540 5533 et

1978 5543 2113 5622 Reg.
2141 5543 2337 5622 tertius
2365 5543 2425 5622 ut
2466 5547 2517 5622 i_u
2572 5543 3018 5622 (ξοιιιιέιιιιιζ-Μοιι
3066 5549 3225 5622 iidem
3270 5551 3540 5622 codicesi;

1977 5615 2245 5687 ἐνέργεια.
2280 5616 2561 5687 Articulus
2588 5618 2637 5669 in
2662 5618 2832 5687 editis
2860 5618 3289 5672 desiderabatur.

1976 5685 2160 5810 but?”
2184 5685 2441 5743 Voculam
2475 5685 2572 5756 μέν
2604 5686 2785 5743 addidi
2805 5700 2869 5741 ex
2898 5688 3104 5744 duobus
3132 5687 3315 5760 Regiis
3338 5688 3544 5747 codici,

2017 5771 2103 5811 US.
