4130 6578
251 500 1664 519 -ἭΜΜ-ε-
1679 504 1722 510 »—--
1735 503 1746 508 ι
1759 503 1795 508 —-

1199 527 1470 535 -————.—

1805 501 1956 512 ’,συ-σι-

2188 526 2368 535 ..ν-..-

615 825 620 828 -
691 718 1156 874 VITA
1315 716 1474 911 S,
1626 723 1883 876 BA

1978 717 2400 874 iILII
2488 719 3059 879 MAGN
3078 725 3151 879 Ι

1291 1041 1903 1111 ARClllEPISCOPI
1954 1038 2533 1109 CrESARlENSIS‘.

321 1430 732 1521 Pr0positum
767 1430 943 1521 mihi
963 1440 1060 1521 est
1107 1427 1172 1493 in
1226 1429 1345 1494 hac
1382 1426 1888 1514 pertractatione
1937 1425 2091 1521 quid
2143 1425 2419 1510 gesserit
2459 1439 2522 1495 et
2565 1425 2904 1521 scripserit
3052 1425 3353 1521 Basilius,
3382 1431 3609 1499 obser-

233 1537 376 1591 vato
417 1514 612 1608 quam
662 1519 1150 1586 accuratissime
1194 1528 1420 1604 potero
1466 1527 1854 1608 temporum
1877 1514 2133 1608 ordine,
2186 1514 2846 1608 exponererOrdinis
2872 1516 3046 1608 enim
3091 1518 3152 1585 in
3184 1521 3383 1588 rebus
3413 1521 3614 1608 gestis

240 1602 624 1678 enarrandis
666 1619 838 1674 tanta
878 1608 1083 1673 virtus
1125 1602 1244 1699 est,
1290 1615 1362 1699 ut
1401 1625 1530 1670 non
1574 1604 1784 1699 Solum
1829 1602 2083 1699 facilius
2131 1603 2350 1699 animo
2399 1605 2867 1699 percipiantur,
2913 1607 3069 1672 dum
3099 1629 3291 1676 suum
3333 1602 3612 1699 quaeque

239 1703 456 1767 locum
499 1701 798 1764 decenter
834 1708 1078 1778 tenent,
1116 1696 1226 1761 sed
1275 1694 1470 1760 etiam
1514 1692 1703 1778 pretii
1753 1698 1808 1786 pi
1823 1691 2110 1786 primum
2159 1691 2433 1786 accedat
2467 1691 2912 1786 aut—decedat,
2947 1707 3145 1783 prout
3175 1709 3323 1786 apte
3349 1691 3612 1767 secusve

235 1791 663 1856 collocantur.
703 1786 1027 1852 Permulta
1068 1797 1244 1865 sunt,
1288 1802 1574 1870 quorum
1612 1780 1864 1847 consilii
1904 1781 2069 1870 ratio
2111 1781 2373 1868 penitus
2424 1783 2672 1866 latebit,
2702 1784 2756 1850 si
2794 1804 2830 1848 a
2870 1780 2989 1849 suo
3030 1780 3421 1855 divellantur
3447 1799 3610 1857 tem-

236 1900 398 1965 pore
429 1899 444 1956 ;
481 1875 605 1942 alia
651 1876 908 1942 laudem
957 1875 1148 1965 longe
1211 1869 1573 1950 exiliorem,
1615 1871 1923 1965 nonnulla
1970 1869 2166 1935 etiam
2209 1871 2647 1965 difﬁciliorem
2690 1871 3026 1940 habebunt
3100 1877 3606 1944 excusationem.

232 1958 406 2046 Quid
447 1965 641 2031 etiam
687 1977 857 2031 recte
886 1965 1053 2031 facta
1081 1958 1223 2028 Vvim
1287 1973 1348 2026 et
1390 1969 1693 2049 naturam
1736 1958 2176 2049 amittunt,__ac
2222 1959 2493 2028 virtutes
2559 1981 3031 2049 nonnunquam
3073 1962 3513 2049 invertuntur,
3559 1966 3613 2034 si

239 2057 390 2144 quis
434 2065 698 2122 eventus
727 2055 869 2120 loco
909 2074 1040 2118 non
1087 2074 1204 2118 suo
1239 2061 1566 2144 narretur:
1614 2046 1908 2114 Charitas
1929 2046 2197 2144 “Basilii,
2213 2046 2873 2144 _qui_patrimonium
2907 2061 2971 2117 et
3029 2052 3213 2120 initio
3272 2046 3613 2122 monastici

248 2136 556 2225 instituti,
601 2154 662 2208 et
696 2152 919 2209 decem
951 2153 1094 2228 post
1137 2139 1348 2218 annis,
1389 2136 1566 2222 gravi
1610 2147 1880 2222 urgente
1922 2136 2112 2218 fame,
2163 2136 2523 2222 distribuit,
2567 2160 2846 2227 magnus
2885 2161 3025 2208 esse
3091 2162 3309 2210 naevus
3357 2143 3616 2212 videtur

247 2235 310 2300 in
363 2254 584 2300 severo
620 2232 1023 2320 paupertatis
1056 2230 1452 2320 legislatore,
1482 2246 1764 2312 eumque
1805 2245 2119 2320 arguere,
2151 2228 2497 2320 quodnon
2539 2229 2754 2320 statim
2787 2249 2856 2296 se
2902 2229 3210 2300 omnibus
3253 2232 3450 2301 rebus
3488 2254 3612 2300 nu-

247 2323 515 2389 daverit.
565 2313 684 2388 Séd
736 2313 789 2386 si
819 2333 1091 2386 matrem
1139 2317 1517 2384 Emmeliam
1567 2324 1904 2409 grassante
1943 2313 2048 2380 illa
2091 2315 2258 2382 fame
2299 2317 2537 2409 obiisse
2576 2319 3086 2402 demonstretur,
3129 2332 3394 2409 accepta
3437 2322 3614 2389 illius

251 2425 464 2501 morte
501 2409 874 2501 haereditas,
919 2422 990 2475 ut
1030 2429 1170 2501 mos
1218 2418 1358 2501 erat
1400 2417 1766 2501 temporum
1805 2403 2106 2501 illorum,
2146 2413 2209 2470 et
2239 2406 2458 2472 statim
2502 2406 2568 2474 in
2609 2428 2930 2495 pauperes
2961 2410 3192 2493 effusa,
3235 2403 3616 2501 promptum

253 2500 472 2568 Basilii
521 2497 601 2565 ad
649 2498 868 2566 omnia
900 2496 1303 2586 projieienda
1346 2494 1642 2586 animum
1682 2494 1988 2559 declarat.

339 2591 470 2656 Hoc
511 2609 716 2654 unum
766 2591 846 2654 de
895 2581 1115 2677 multis
1143 2585 1506 2677 exemplum
1539 2582 1778 2677 affero,
1825 2592 1895 2647 ut
1935 2581 2263 2677 neminem
2305 2584 2627 2677 deterreat
2655 2585 2919 2677 legendi
2958 2595 3022 2677 et
3063 2587 3492 2677 investigandi
3524 2589 3618 2656 la-

251 2681 390 2745 bor.
428 2681 738 2765 Suscepta
779 2677 951 2743 enim
993 2674 1192 2762 hujus
1255 2670 1789 2766 vitaasc1"iben(lfe
1831 2670 2022 2766 ratio,
2077 2682 2420 2766 propterea
2448 2675 2621 2761 quod
2651 2670 3012 2766 in'obcuris
3050 2676 3249 2745 rebus
3289 2670 3619 2766 explican-

245 2770 345 2835 dis
386 2789 554 2856 saepe
597 2759 912 2847 versatur,
960 2759 1100 2831 non
1135 2776 1310 2830 tanta
1352 2765 1677 2856 voluptate
1731 2759 1797 2825 in
1864 2761 2187 2856 legendo“
2207 2759 2488 2856 retinet;
2521 2763 3016 2856 quantalibera
3055 2776 3119 2831 et
3165 2766 3305 2835 sine
3347 2759 3620 2840 salebris

248 2858 458 2926 fluens
480 2848 812 2922 'narratio.
853 2855 991 2921 Non
1038 2867 1277 2944 tamen,
1325 2862 1396 2918 ut
1434 2850 1736 2944 equidem
1782 2848 2041 2936 opinor,
2082 2848 2710 2944 ofﬁcien_t__obs_c_urze
2737 2852 3168 2942 difficilesque
3197 2856 3616 2944 quaestiones,

249 2948 311 3012 in
355 2945 598 3035 quibus
633 2945 963 3035 interdum
1011 2942 1442 3021 morabimur,
1485 2940 2190 3035 quonimns__germana
2223 2939 2438 3005 Basilii
2479 2941 2745 3035 efﬁgies
2765 2954 2912 3009 ante
2939 2939 3161 3035 oculos
3194 2939 3452 3035 depicta
3475 2966 3619 3010 ver-

248 3026 451 3102 settir.
491 3033 903 3122 Uunicuique
950 3033 1014 3098 in
1057 3041 1361 3122 promptu
1405 3026 1529 3096 erit
1569 3026 1798 3122 eximia
1831 3026 1950 3122 illa
1993 3027 2220 3122 pietas,
2260 3038 2352 3122 tot
2398 3026 2647 3122 natura)
2693 3031 2906 3122 dona,
2937 3041 3033 3122 tot
3071 3026 3384 3104 doctrinae
3424 3053 3620 3101 orna-

249 3137 466 3192 menta
505 3124 567 3189 in
611 3115 876 3190 latebris
919 3115 1316 3188 recondens:
1363 3115 1946 3209 summaicliaritas
1977 3138 2054 3209 ne
2096 3115 2161 3182 in
2205 3117 2556 3186 solitudine
2595 3119 2858 3200 Quidem
2888 3119 3228 3190 discedens
3261 3123 3340 3190 ab
3372 3143 3620 3209 augen-

249 3215 351 3281 dis
396 3213 698 3280 Ecclesia:
730 3211 1146 3290 utilitatibus,
1193 3209 1257 3275 in
1331 3205 1692 3296 sacerdotio
1735 3216 1981 3296 autem,
2012 3205 2189 3296 inter
2257 3218 2610 3296 perpetuos
2658 3220 2721 3275 et
2761 3229 2987 3294 graves
3025 3212 3291 3279 morbos
3330 3205 3491 3278 non-
3509 3212 3624 3278 uni

251 3303 579 3383 Eeclesize,
628 3303 736 3368 sed
779 3300 1081 3389 pluribus
1114 3297 1258 3365 aliis
1301 3295 1652 3389 regendis,_
1671 3294 1802 3361 imo
1847 3293 2302 3389 pacificandis
2331 3293 2530 3389 totius
2579 3297 3112 3389 orbisEcclesiis
3140 3299 3385 3368 intenta
3422 3323 3436 3366 :
3483 3299 3624 3366 ani-

143 3417 146 3419 λ
253 3414 396 3461 mus
439 3392 502 3458 in
545 3383 946 3479 amplissimo
989 3390 1299 3479 graduet
1334 3406 1592 3479 summa
1625 3385 1814 3479 fama?
1852 3383 2226 3479 celebritate
2267 3385 2800 3479 demississimus,
2844 3387 2909 3454 in
2937 3389 3344 3479 defendendo
3371 3389 3623 3479 episco-

252 3493 442 3569 patus
479 3481 631 3570 jure
658 3472 1046 3570 'magnusét
1083 3475 1408 3555 sublimis,
1454 3475 1519 3538 in
1558 3472 1855 3570 colendis
1895 3473 2200 3570 amicitiis
2239 3475 2417 3570 omni
2466 3475 2874 3570 humanitate
2913 3477 3259 3566 expolitus,
3298 3472 3502 3545 facilis
3545 3481 3622 3545 ad

251 3561 704 3658 deponendam
746 3561 1197 3658 oil'ensionem,
1242 3583 1628 3658 semperque
1672 3561 1750 3627 ad
1799 3561 2145 3658 placandos
2187 3563 2486 3658 homines
2534 3586 2662 3631 non
2710 3561 3511 3658 amicos—paratissimus:
3560 3567 3627 3633 in

249 3651 539 3747 propriis
586 3654 1001 3724 contumeliis
1052 3674 1310 3747 summa
1350 3651 1580 3747 lenitas
1643 3660 1707 3747 et
1749 3652 2212 3747 mansuetudo,
2265 3652 2634 3747 teterrimas
2699 3651 3057 3747 calumnias
3110 3666 3175 3723 et
3205 3676 3469 3747 sparsos
3514 3677 3630 3744 per

253 3737 463 3816 iotu'm
510 3747 736 3814 orbem
787 3747 1069 3812 famosos
1129 3742 1383 3808 libellos
1451 3737 1708 3806 silentio
1773 3740 1892 3828 per
1939 3749 2072 3806 tres
2119 3760 2321 3806 annos
2369 3741 2746 3828 perferens:
2801 3742 2868 3809 in
2933 3737 3361 3812 defendendis
3407 3737 3626 3812 autem

247 3837 488 3905 Christi
515 3835 788 3924 injuriis
831 3831 1028 3900 animi
1095 3829 1411 3924 fortitudo
1455 3839 1517 3896 et
1557 3827 1946 3924 constantia,
1989 3848 2186 3914 quam
2238 3849 2367 3924 non
2429 3829 2664 3924 essilii,
2699 3849 2829 3898 non
2867 3831 3099 3899 mortis
3139 3834 3456 3921 pericula,
3494 3853 3629 3900 non

248 3927 451 3995 ullius
492 3918 830 4015 potestatis
864 3934 1077 3990 metus
1117 3943 1154 3988 a
1199 3919 1468 3987 veritate
1510 3918 1725 4006 palam
1755 3927 1818 3982 et
1863 3928 2085 4005 aperte
2133 3918 2550 4007 praedicanda
2579 3920 3062 3988 deterruerunt.

773 4213 1020 4279 CAPUT
1059 4213 1381 4278 PRIMUM.

340 4313 382 4378 l.
408 4313 475 4376 S.
501 4313 772 4375 Basilius
802 4310 1101 4372 Caesareae
1125 4304 1492 4369 nasciturJl
1520 4303 1710 4383 quue
1736 4305 1900 4366 circa

335 4412 561 4456 annum
585 4393 724 4456 329.
752 4391 847 4452 lll.
878 4392 961 4452 De
979 4389 1150 4451 illius
1165 4389 1326 4450 avis.
1351 4385 1426 4446 lV
1457 4387 1542 4445 De
1565 4393 1745 4465 patre
1780 4384 1900 4447 Ba-

335 4476 480 4538 silio
512 4483 568 4536 et
610 4481 799 4534 matre
843 4472 1171 4532 Emmeh’a.
1212 4471 1280 4527 V.
1325 4465 1552 4528 Basilii
1598 4465 1711 4526 sub
1761 4468 1899 4527 avia

339 4557 611 4617 Macrine
635 4573 705 4616 ac
717 4552 937 4615 deinde
953 4550 1061 4612 sub
1076 4558 1258 4629 patre
1277 4547 1546 4628 puerilis
1568 4546 1892 4629 institutio.

339 4635 436 4698 Vl.
473 4633 815 4697 Caesaream
846 4627 1670 4712 Cappadocummittiturud
1694 4627 1899 4712 studia

347 4716 654 4780 litterarum,
665 4715 824 4787 idque
837 4706 1024 4768 multis
1038 4710 1320 4766 rationum
1330 4707 1603 4763 momentis
1613 4706 1898 4778 probatur.

343 4815 387 4876 Ι.
419 4812 707 4895 Sanctum
725 4809 1006 4895 Basiliurn
1023 4805 1377 4895 Caesaretein
1393 4803 1762 4895 cappadocia
1788 4806 1912 4863 na-'

253 4904 380 4957 tum
401 4911 537 4955 esse
552 4892 836 4953 discimus
855 4889 1109 4949 maxime
1127 4905 1196 4947 ex
1209 4886 1495 4965 Gregorio
1510 4887 1899 4955 Nazianzeno,

254 4975 358 5056 qui
375 4993 510 5056 eum
532 4971 879 5056 nominatim
895 4968 1412 5056 (a)Cappad_ocem
1426 4965 1898 5056 appellat,seque

256 5046 319 5117 et
337 5054 616 5116 Basilium
634 5051 1030 5130 dicit(b),cum
1047 5046 1117 5130 es
1130 5046 1339 5130 eadem
1356 5046 1616 5128 patriain
1627 5047 1898 5130 diversas

251 5135 535 5215 regiones
568 5126 850 5195 discendi
875 5147 1054 5192 causa
1069 5126 1382 5201 abiissent’,
1407 5144 1616 5188 rursus
1650 5126 1900 5188 Athenis

345 5313 432 5394 (α)
466 5311 605 5377 Naz.
639 5329 736 5393 ep.
771 5311 834 5376 6.
1371 5306 1443 5381 (ὁ)
1475 5321 1576 5384 0r.
1606 5305 1706 5366 20.

1925 4247 1962 4294 Α
1995 4207 2152 4269 velut
2178 4225 2245 4268 ex
2270 4204 2602 4285 composito
2636 4206 2904 4268 coivisse.
2938 4205 3072 4288 Ipse
3097 4206 3351 4269 Basilius
3373 4226 3493 4268 non
3517 4206 3630 4268 ob-

1985 4315 2160 4358 scure
2193 4295 2457 4356 declarat
2487 4303 2684 4355 natum
2709 4314 2775 4356 se
2811 4314 2942 4357 esse
2981 4299 3271 4358 Caesareae
3297 4299 3356 4358 in
3389 4297 3634 4359 llomilia

1983 4389 2051 4448 in
2070 4386 2367 4449 Gordium
2388 4397 2734 4464 martyrem,
2767 4403 2825 4447 n.
2853 4386 2911 4445 2.
2941 4387 3201 4448 Patriam
3229 4403 3393 4447 suam
3420 4386 3480 4447 in
3504 4386 3628 4466 epi-

1984 4474 2154 4536 stolis
2181 4475 2260 4538 76
2292 4482 2352 4534 et
2381 4472 2458 4533 96
2489 4473 2747 4552 appellat
2787 4475 3244 4555 Cappodociam.
3285 4476 3401 4538 Sed
3432 4485 3628 4538 tamen

1985 4564 2165 4644 hujus
2181 4562 2441 4624 nominis
2464 4563 2752 4623 honorem
2776 4565 2889 4644 ipsi
2912 4565 3095 4626 etiam
3117 4566 3306 4627 Ponto
3331 4562 3626 4628 defert.“-

1985 4653 2100 4713 lius
2132 4661 2302 4732 pater
2333 4651 2607 4727 Basilius,
2631 4653 2740 4714 etsi
2774 4671 2930 4732 saepe
2961 4654 3020 4714 in
3053 4654 3489 4735 Cappadociam
3524 4673 3624 4715 ve-

1986 4742 2592 4820 niebat,praacipuum
2617 4749 2893 4805 tamenin
2909 4742 3096 4805 Ponto
3117 4745 3489 4807 domicilium
3512 4744 3603 4805 col

1985 4833 2301 4904 locaverat;
2325 4831 2623 4912 siquidem
2642 4831 2906 4896 Macriua
2929 4835 3192 4895 moriens
3213 4836 3295 4896 ait
3314 4837 3470 4915 apud
3495 4833 3637 4896 Gre—

1985 4923 2218 5001 gorium
2249 4923 2582 5002 Nyssenutn
2613 4922 2685 5002 (ο)
2711 4925 2894 5002 patris
2918 4925 3010 4984 sui
3033 4925 3247 4985 famam
3280 4933 3445 4987 extra
3472 4927 3632 4987 Pon-

1984 5024 2104 5073 tum
2129 5012 2403 5073 diﬂ‘usam
2428 5029 2547 5072 non
2564 5011 3045 5094 fuisse,satisque
3065 5015 3152 5074 illi
3171 5015 3431 5076 fuissein
3449 5014 3640 5095 patria

1981 5101 2168 5164 decus
2198 5100 2458 5182 assequi.
2493 5099 2693 5163 Basilii
2750 5103 2931 5164 frater
2988 5104 3312 5184 Gregorius
3379 5105 3637 5185 patriam

2123 5307 2195 5386 (c)
2239 5305 2351 5370 Va.
2390 5306 2456 5370 S.
2493 5305 2718 5384 Macra,
2761 5308 2893 5375 192.

330 5492 350 5512 ¹
382 5492 630 5550 Auctore
657 5489 875 5548 Domno
921 5485 1226 5546 Prudentia
1262 5487 1510 5550 Marene.
1543 5487 1662 5556 qui,
1690 5485 1916 5542 Juliano
1949 5483 2223 5542 Garnerio
2251 5485 2372 5556 jam
2419 5500 2571 5543 anno
2604 5485 2759 5554 1725,
2797 5488 2889 5547 die
2918 5489 2951 5545 3
2971 5490 3149 5554 Junii.
3192 5489 3488 5561 defuncto,
3514 5490 3642 5547 edin

257 5564 438 5623 tionis
466 5562 822 5621 absolvendas
849 5573 1046 5619 curam
1087 5561 1354 5632 suscepit.

592 5745 852 5808 PATBOL.
897 5708 1029 5814 ea:
1058 5741 1280 5805 XXIX.

3233 5759 3272 5808 α
