4130 6460
464 413 533 469 Vl

1862 404 2451 471 PROLEGOMENA.

468 539 739 619 agnoscit
767 542 1041 615 Pontum,
1077 538 1226 603 ibid.
1261 558 1319 619 p.
1350 539 1488 603 182.
1526 542 1739 602 Narrat
1766 539 2018 601 Basilius
2044 540 2101 598 in
2125 548 2164 595 A
2187 538 2490 620 aliquanto
2514 542 2619 602 fuit
2648 539 2941 618 Gregorio
2968 540 3335 602 Nazianzeno
3370 538 3475 619 (c),
3504 537 3605 619 qui
3631 557 3766 601 cum
3786 540 3846 603 in

466 630 641 709 epist.
679 632 747 691 51
778 649 844 692 se
864 648 996 692 cum
1025 629 1227 690 multis
1250 629 1312 689 in
1344 631 1536 710 patria
1556 633 1741 693 Deum
1764 630 2112 691 timentibus

463 719 862 781 insolabiliter
893 719 1179 790 doluisse,
1209 720 1362 798 quod
1392 718 1637 779 Dianius
1659 719 1732 779 fon
1757 719 1927 779 mula?
1950 718 2108 779 Cun-

464 809 845 888 stantinopoli
863 810 1050 870 allata;
1064 808 1786 887 subscripsissetzpatriam
1804 809 2111 887 appellans

462 896 632 958 Ponti
646 898 1034 961 solitudinem
1052 897 1109 957 in
1128 916 1243 977 qua
1263 906 1405 958 tunc
1423 897 2111 978 delitescebat.Cumque

460 988 780 1067 aliquando
806 1005 941 1047 sese
982 1006 1050 1047 ex
1086 986 1196 1047 hac
1230 986 1553 1047 solitudine
1606 987 1675 1047 ad
1730 986 2108 1067 Gregorium,

461 1077 903 1139 Nazianzenum
933 1076 1284 1137 contulisset
1307 1086 1364 1135 et
1395 1076 1547 1155 apud
1579 1093 1711 1137 eum
1750 1087 2105 1147 moraretur,

460 1168 549 1227 sui
576 1166 743 1227 illum
778 1165 996 1226 fratres
1021 1167 1359 1227 amicitiam
1380 1172 1436 1226 et
1452 1167 1731 1244 patrium
1753 1184 2106 1226 commemo-

459 1263 668 1317 rantes
690 1255 800 1333 (a),
830 1256 1007 1316 veluti
1034 1254 1347 1335 profugum
1374 1256 1691 1335 quemdam
1714 1274 1996 1316 revocare
2013 1276 2108 1316 co.

463 1346 584 1405 nati
606 1351 765 1405 sunt.
793 1343 1177 1423 Praepositum
1198 1344 1515 1422 quemdam
1537 1363 1819 1424 pagorum
1837 1345 1896 1405 in
1921 1343 2107 1405 Ponto

459 1433 719 1512 appellat
753 1436 954 1511 patriae
987 1433 1396 1513 pmpositum,
1435 1434 1496 1494 in
1531 1433 1701 1513 epist.
1740 1434 1836 1496 87.

542 1524 681 1585 Haec
713 1522 1059 1583 testimonia
1082 1523 1141 1581 in
1166 1522 1427 1601 speciem
1455 1523 1775 1602 pugnantia
1797 1524 1844 1584 si
1868 1524 2020 1584 inter
2040 1543 2105 1585 se

2197 630 2390 689 lucem
2413 640 2577 711 patre
2599 632 2881 711 episcopo
2904 629 3097 689 editus
3116 628 3397 701 sit,citius
3422 630 3583 690 nasci
3610 649 3723 689 non
3753 650 3846 708 po.

2196 718 2309 779 tuit
2328 738 2485 781 anno
2512 720 2778 799 3‘28,quo
2798 719 2988 798 ipsius
3013 720 3503 797 paterordinatus
3521 727 3845 799 est.utpote

2197 817 2462 869 mortuus
2480 830 2635 871 anno
2662 811 2779 871 373
2806 819 3058 871 exeunte
3082 818 3181 869 aut
3207 809 3451 868 ineunte
3472 808 3846 879 374,emeri-

2197 896 2268 956 tis
2296 899 2353 958 in
2386 899 2733 978 episcopatu
2767 898 3156 978 quadraginta
3188 898 3456 977 quinque
3486 897 3683 961 annis.
3714 896 3843 961 Jam

2197 1003 2336 1047 vero
2383 988 2737 1067 Gregorium
2766 989 2824 1047 in
2858 987 3204 1067 episcopatu
3239 988 3421 1066 patris
3447 996 3649 1047 natum
3683 1004 3839 1065 esse,

2194 1075 2303 1135 etsi
2332 1077 2544 1137 mirum
2573 1078 2628 1138 id
2656 1087 2715 1137 et
2740 1076 3296 1156 prorsusinsolitum
3314 1076 3689 1155 videtur,nec
3706 1095 3843 1136 cum

2193 1163 2427 1243 legibus
2455 1165 2881 1228 ecclesiasticis
2909 1164 3079 1225 valde
3101 1166 3622 1239 consonum,clare
3647 1174 3844 1225 tamen

2197 1255 2564 1334 perspicitur
2595 1274 2662 1315 ex
2699 1254 2792 1315 his
2842 1255 3120 1332 Gregorii
3151 1255 3223 1315 ad
3260 1254 3443 1315 ﬁlium
3479 1254 3676 1315 verbis
3705 1256 3797 1327 (d/
3828 1272 3840 1314 :

2358 1348 2516 1404 Οὔπω
2547 1356 2793 1405 τοσοῦτον
2823 1348 3229 1425 ἐκμεμέτρηκας
3260 1349 3395 1422 βίον,

2354 1436 2531 1500 ’Ὀσος
2564 1436 2744 1504 διῆλθε
2772 1439 2968 1494 θυσιῶν
3006 1437 3123 1510 ἐμοὶ
3156 1438 3375 1515 χρόνος.

2350 1529 2637 1591 Nondum
2672 1538 2758 1589 tot
2789 1547 2984 1591 annos
3014 1532 3144 1590 vita
3172 1531 3487 1609 percurrit
3509 1539 3633 1608 tua,

464 1613 875 1691 conferantur,
914 1612 1044 1692 plus
1074 1612 1356 1687 equidem
1409 1614 1696 1692 Gregorio
1740 1612 2103 1675 Nazianzeuo
2350 1618 2507 1693 Quot
2538 1625 2624 1680 mi
2654 1622 2717 1680 in
2750 1622 2946 1680 sacris
2973 1622 3268 1696 suntiam
3292 1623 3519 1698 peracti
3549 1621 3831 1680 victimis.

461 1702 850 1794 tribuam,qui
876 1700 1598 1794 Basiliuanappadoc-em
1613 1704 1903 1794 appellat,
1931 1715 2101 1765 ante-

2197 1716 2429 1775 Frustra
2443 1711 2709 1791 Gregorii
2732 1722 2900 1775 ortus
2921 1716 2993 1774 ad
3014 1716 3236 1793 primos
3259 1720 3639 1794 episcopatus
3664 1732 3835 1774 men-

459 1811 633 1873 quam
650 1790 1376 1854 ullaeinecessitudocum
1392 1792 2107 1871 Cappadociaintercede-
2189 1821 2285 1864 ses
2316 1790 2633 1863 referatur.
2661 1801 2746 1863 Ne
2772 1803 2857 1863 sic
2890 1790 3133 1883 quidem
3168 1790 3483 1865 difﬁcultas-
3513 1803 3836 1873 minuetur,

458 1891 573 1958 ret,
600 1892 963 1961 praeteream
990 1900 1164 1962 quam
1192 1890 1401 1942 natura
1421 1883 1803 1942 conﬂaverat.
1830 1884 2104 1943 Nondum

2197 1910 2328 1953 cam
2360 1892 2677 1954 Caesarium
2722 1891 2968 1953 fratrem
3022 1893 3350 1970 Gregorius
3380 1891 3654 1951 habuerit
3700 1903 3836 1952 natu

457 1972 617 2032 enim
648 1972 971 2051 epis00pus
993 1978 1243 2059 eratiaut
1260 1969 1841 2049 presbyter.Litteris
1864 1972 2105 2051 quidem
2195 1982 2513 2042 minorem.
2534 1979 2824 2041 Baronius
2844 1969 3362 2059 exaggerationem
3386 1981 3447 2041 in
3471 1980 3667 2042 verbis
3688 1982 3833 2043 Gre-

460 2062 745 2151 Caasareae
771 2078 1014 2140 operam
1034 2058 1303 2151 dederat;
1321 2059 1427 2151 sed
1454 2060 1510 2118 id
1538 2061 1680 2151 tanti
1707 2079 1821 2151 non
1849 2070 2111 2140 erat,cur
2192 2071 2343 2147 gorii
2403 2070 2775 2149 suspicatur;
2829 2069 2931 2131 sed
2993 2058 3123 2131 sine
3158 2071 3277 2131 ulla
3310 2088 3552 2151 prorsus
3583 2070 3835 2132 ratione.

459 2150 782 2240 Cappados
804 2152 1132 2240 diceretur:
1158 2147 1288 2208 alia?
1308 2149 1468 2240 enim
1492 2147 1669 2209 urbes
1694 2150 1815 2230 pari
1830 2152 1968 2230 jure
1993 2152 2107 2212 Ba-
2192 2147 2639 2240 papebrochius
2663 2178 2768 2239 pro
2787 2164 2984 2240 θυσιῶν
3003 2147 3325 2238 legendum
3349 2162 3589 2238 conjici.
3614 2160 3837 2240 £9:th

457 2240 656 2300 silium
689 2239 805 2302 sibi
838 2238 1266 2302 vindicassent.
1289 2237 1466 2299 Aliud
1497 2256 1638 2317 ergo
1664 2259 1855 2300 causa}
1879 2261 1991 2301 non
2019 2245 2105 2303 vi-

2197 2237 2297 2302 aut
2326 2240 2397 2301 δὶς
2435 2243 2532 2297 ἷὼν
2558 2237 2677 2314 ἐμοῖ
2705 2243 2923 2319 χρόνος.
2960 2237 3082 2301 Sed
3129 2242 3312 2302 satius
3344 2252 3431 2301 est
3463 2237 3597 2301 cum
3651 2239 3839 2301 Tille-

459 2332 636 2392 detur
661 2330 959 2392 exstitisse
980 2347 1087 2389 cur
1113 2328 1427 2408 Cappadox
1452 2328 1777 2404 diceretur,
1807 2330 1919 2391 nisi
1951 2332 2107 2412 quod
2194 2330 2419 2390 montio
2448 2329 2618 2391 fateri
2650 2329 2841 2406 legem
2873 2330 3341 2391 ecclesiasticam
3366 2331 3443 2391 de
3473 2329 3843 2391 continentia

460 2421 751 2483 Caesareae
783 2418 844 2479 in
875 2418 1070 2481 lucem
1094 2417 1289 2479 editus
1311 2416 1524 2478 fuerat.
1549 2422 1620 2480 At
1645 2418 1872 2481 facilius
1890 2431 1979 2481 est
2003 2440 2109 2481 ex-
2193 2420 2612 2498 episcoporum
2629 2418 2967 2479 nondumin
2993 2418 3530 2479 omnibusomnino
3556 2419 3841 2480 Ecclesiis

467 2510 692 2589 plicare
712 2527 818 2570 cur
832 2507 1080 2569 Pontum
1101 2507 2112 2590 patriamappelletBasilius,quam-
2194 2509 2452 2588 viguisse
2484 2527 2655 2589 quam
2682 2509 3119 2588 apertissimum
3149 2514 3338 2571 locum
3365 2510 3661 2590 ejusmodi
3688 2530 3836 2570 con-

456 2600 544 2659 vis
567 2598 817 2661 natusin
844 2598 955 2659 hac
978 2596 1225 2667 regione
1251 2614 1367 2656 non
1390 2596 1619 2659 fuisset.
1656 2597 1792 2659 Haec
1814 2600 1972 2659 enim
2000 2618 2107 2678 pa-
2184 2602 2438 2680 jocturis
2468 2608 2781 2661 attentare.
2841 2597 3217 2660 Probabilior
3266 2608 3427 2661 esset
3476 2599 3839 2660 difficultatis

462 2689 573 2750 tria
597 2688 859 2768 parentis
891 2695 949 2747 et
980 2704 1220 2746 avorum
1253 2706 1266 2747 :
1299 2685 1376 2746 ibi
1400 2695 1565 2765 pater
1584 2689 1961 2750 domicilium
1994 2690 2103 2749 ha-
2187 2689 2487 2751 solvendae
2509 2687 2742 2758 ratio,si
2769 2685 3225 2768 Gregorius,qui
3254 2706 3410 2748 anno
3442 2690 3561 2750 3&5
3583 2687 3837 2768 baptiza-

458 2778 667 2839 buerat
697 2799 709 2840 :
736 2777 819 2839 ibi
851 2776 970 2837 nati
994 2775 1228 2836 fuerant
1260 2776 1462 2837 Basilii
1485 2776 1701 2839 fratres
1727 2799 1740 2837 :
1768 2778 1855 2839 ibi
1885 2780 2101 2840 nutrici
2188 2792 2283 2841 tus
2300 2789 2410 2851 est,
2447 2787 2506 2839 et
2530 2779 2689 2839 inter
2718 2777 3118 2837 sacerdotium
3162 2796 3229 2838 ac
3280 2777 3571 2857 baptisma
3598 2778 3833 2857 aliquod

458 2869 710 2930 traditus
736 2865 1104 2929 alenduszibi
1128 2865 1319 2945 prima
1343 2865 1504 2927 illius
1527 2866 1839 2946 etpietatis
1860 2877 1919 2928 et
1948 2869 2078 2930 litte
2191 2868 2478 2947 temporis
2501 2868 2754 2946 spatium
2783 2866 3163 2946 interposuit,
3192 2869 3252 2927 in
3288 2867 3618 2947 presbyteri
3647 2867 3833 2944 gradu

455 2978 664 3021 rarum
700 2957 1012 3018 tirocinia:
1052 2955 1135 3016 ibi
1170 2954 1385 3016 dilecta
1416 2955 1700 3031 solitudo,
1726 2957 1784 3017 in
1828 2976 2001 3037 quam
2042 2977 2107 3020 se
2191 2959 2306 3019 dici
2332 2964 2534 3037 posset
2556 2955 2899 3034 aliquandiu
2916 2956 3459 3037 ministrasse,etad
3484 2956 3837 3034 hancdigui-

454 3048 910 3128 receperat.Tot
931 3065 1071 3125 ergo
1091 3044 1585 3105 nominibushuic
1606 3046 1734 3107 loco
1759 3045 2102 3120 obstrictus,
2191 3056 2369 3109 tatem
2404 3064 2561 3106 anno
2594 3046 2710 3106 327
2731 3045 3099 3125 pervenisse.
3134 3044 3245 3107 Sed
3281 3047 3456 3125 hujus
3484 3047 3572 3107 rei
3606 3046 3833 3107 nullum

461 3157 578 3198 non
604 3136 905 3198 immerito
931 3135 1098 3195 illum
1122 3134 1308 3195 instar
1335 3135 1540 3213 patriae
1561 3134 1943 3196 habebat.Sic
1964 3137 2106 3198 Gre-
2127 3192 2166 3216 η
2194 3141 2385 3200 exstat
2414 3134 2752 3213 vestigium.
2787 3132 2963 3195 Plura
3009 3136 3139 3195 vide
3168 3137 3324 3216 apud
3362 3134 3832 3201 Tillemontium.

458 3228 659 3307 gorius
689 3228 995 3306 Nyssenus
1026 3224 1249 3300 locum,
1285 3226 1344 3283 in
1376 3242 1494 3304 quo
1525 3223 1911 3304 quadraginta
1946 3221 2167 3286 mar-“
2194 3236 2319 3287 not.
2348 3230 2406 3302 4,
2433 3227 2499 3286 in
2534 3228 2719 3302 Greg.
2740 3221 2899 3285 Naz.
2932 3223 3185 3285 Basilius
3214 3242 3377 3302 ergo,
3415 3226 3512 3306 qui
3535 3226 3835 3306 aliquanto

461 3327 615 3398 tyres
649 3316 807 3396 passi
832 3315 1093 3385 fuerant,
1132 3314 1379 3392 patriam
1414 3332 1582 3376 suam
1620 3332 1753 3374 esse
1800 3314 1943 3374 dicit
1972 3314 2111 3394 quia

463 3418 690 3487 patrum
721 3424 963 3466 suorum
989 3403 1179 3482 patria
1225 3414 1372 3483 erat,
1410 3402 1663 3476 tom.Ill,
1699 3422 1755 3482 p.
1778 3408 1915 3465 500.
1944 3402 2105 3466 Idem

459 3498 519 3558 in
536 3497 803 3557 oratione
824 3493 1922 3572 inS.Thc0dorum.p.585,Amaseam
1950 3495 2108 3556 illius

461 3587 708 3666 patriam
738 3584 1437 3663 vocat.quia,nmrtyris.
1463 3583 1676 3662 inquit,
1702 3586 1920 3661 patr-ia
1942 3584 2108 3646 locus

458 3686 537 3737 «si
563 3677 893 3756 passionis.
931 3672 1080 3745 Quin
1107 3672 1281 3733 etiam
1317 3672 1446 3751 ipse
1477 3671 1732 3733 Basilius
1755 3674 2100 3735 Armeniam

457 3766 718 3844 appellat
743 3763 987 3842 patriam
1013 3761 1071 3821 in
1090 3761 1457 3842 epist.923,n
1494 3760 1660 3833 3,ubi
1681 3762 1832 3822 aitse
1847 3781 1913 3823 ex
1929 3764 2105 3825 variis

460 3852 1047 3935 peregrinationibus
1080 3852 1435 3912 redeuntem
1470 3851 1772 3911 invenisse
1806 3852 1867 3911 in
1918 3853 2108 3934 patria

462 3945 798 4011 nonnullos,
829 3942 930 4023 qui
965 3942 1140 4003 vitam
1186 3941 1576 4003 monasticam
1630 3940 2100 4020 proﬁtebantur:

456 4036 670 4115 quibus
691 4053 787 4092 γει
801 4033 887 4092 bis
902 4031 1270 4091 Eu~talhium
1288 4028 1686 4092 Sebastenum
1701 4030 2105 4108 designat.Mi-

455 4144 589 4185 rum
620 4133 815 4183 autem
848 4140 963 4180 non
989 4119 1378 4179 estBasilium
1409 4122 1690 4179 Caesarea;
1721 4128 1920 4179 natum
1947 4139 2100 4194 esse,

459 4210 1115 4293 quaim-isipsiuspater
1129 4208 1429 4288 praacipue
1453 4208 1510 4269 in
1533 4206 2101 4271 Pontodomicilium

2192 3324 2323 3397 post
2351 3314 2704 3394 Gregorium
2736 3312 2795 3373 in
2830 3311 3023 3375 lucem
3060 3313 3254 3375 editus
3278 3324 3389 3386 est,
3425 3316 3581 3376 circa
3607 3332 3831 3375 annum

2192 3404 2308 3467 329
2340 3414 2511 3466 natus
2533 3403 2812 3479 videtur;
2848 3412 2905 3462 et
2936 3421 3069 3464 cum
3099 3422 3303 3465 senem
3334 3422 3399 3466 se
3422 3422 3555 3466 esse
3585 3403 3731 3465 dicit
3757 3410 3835 3473 (ei

2189 3514 2346 3556 anno
2378 3496 2519 3575 374,
2550 3494 2607 3554 id
2666 3512 2781 3554 non
2832 3504 2952 3554 tam
3008 3493 3170 3555 illius
3223 3495 3397 3555 annis
3452 3492 3832 3555 tribuendum

2189 3603 2364 3666 quam
2394 3592 2694 3665 perpetuae
2716 3583 2949 3644 cuidam
2976 3583 3466 3664 inﬁrmitati,quaz
3490 3582 3566 3644 ab
3590 3583 3837 3644 ineunte

2189 3683 2359 3737 aetate
2389 3674 2639 3752 incepit,
2666 3691 2733 3734 ac
2767 3682 2973 3754 postea
3005 3674 3370 3754 pmnitentiaa
3413 3682 3471 3734 et
3518 3672 3838 3735 sacerdotii

2190 3764 2494 3827 laboribus
2526 3770 2587 3825 et
2633 3764 2799 3824 novis
2852 3761 3421 3843 supervenientibus
3479 3761 3703 3823 morbis
3751 3763 3838 3822 sic

2188 3853 2539 3921 accrevit.ut
2563 3853 2763 3932 inipso
2786 3851 2971 3912 aetatis
2990 3850 3208 3912 robore
3228 3869 3410 3913 senex
3433 3852 3835 3931 videretur/f1,

2191 3962 2261 4006 ac
2291 3942 2573 4004 dentibus
2605 3949 2836 4004 careret
2868 3958 3060 4003 annos
3092 3949 3264 4003 natus
3291 3942 3389 4004 46.

2270 4034 2369 4095 IlI.
2394 4030 2713 4093 Paternum
2735 4047 2927 4111 genus
2947 4030 3197 4095 Basilius
3219 4050 3251 4093 e
3267 4030 3556 4111 Ponto,ut
3580 4040 3834 4094 testatur

2187 4122 2510 4201 Gregorius
2533 4119 2936 4183 Nazianzenus
2965 4120 3415 4201 jg),maternum
3440 4140 3509 4182 ex
3526 4124 3832 4203 Cappado-

2188 4213 2278 4275 cia
2309 4210 2590 4273 ducebat.
2620 4209 2973 4287 Quanquam
3002 4208 3323 4288 Gregorius
3352 4208 3672 4291 Nyssenus,
3699 4231 3833 4273 cum

462 4302 756 4362 habuerit.
787 4298 1186 4372 Amplazenim
1206 4297 2093 4379 possessiones,quasinCappa-
2178 4302 2574 4384 quadraginta
2600 4307 2886 4379 martyres
2906 4299 2963 4359 in
2994 4317 3066 4361 eo
3099 4300 3659 4376 locolaudaret,ubi
3683 4298 3839 4381 passi

455 4392 625 4452 docia
657 4391 933 4451 habebat.
963 4405 1120 4465 saepe
1142 4386 1310 4446 illum
1344 4387 1672 4449 Caesaream
1712 4395 2015 4451 traxerunt
2040 4398 2099 4449 et

455 4482 555 4541 diu
584 4489 639 4539 in
669 4480 775 4539 hac
794 4478 943 4538 urbe
974 4476 1385 4549 detinuerunt,
1408 4477 1557 4537 adeo
1588 4488 1652 4535 ut
1686 4476 1842 4537 illius
1864 4486 1921 4538 et
1954 4478 2094 4538 Em-

2181 4395 2205 4454 f
2211 4402 2419 4453 nerant
2433 4390 2511 4471 ,id
2537 4398 2626 4451 est
2654 4388 2937 4452 Sebastia
2962 4389 3022 4450 in
3042 4389 3526 4466 Armenia,hanc
3544 4393 3836 4469 majorum

2190 4501 2432 4544 suorum
2470 4479 2719 4561 patriam
2758 4496 2893 4540 esse
2921 4487 3245 4561 asseverat,
3270 4480 3393 4540 sive
3438 4480 3577 4561 quia
3605 4480 3745 4541 inde
3778 4483 3835 4541 in

455 4571 648 4631 inelite
684 4567 967 4647 praeclare
1018 4568 1169 4627 facta
1217 4567 1544 4645 Gregorius
1577 4566 1734 4627 inter
1762 4566 2013 4629 Pontum
2048 4578 2108 4631 et
2131 4550 2439 4634 DPontum
2471 4550 2574 4632 aut
2630 4568 3059 4650 Cappadociam
3102 4550 3483 4646 transierant,
3517 4570 3641 4632 sive
3699 4572 3837 4651 quia

454 4659 891 4740 Cappadociam
929 4656 1116 4716 divisa
1146 4656 1329 4716 luisse
1363 4662 1622 4717 testetur
1652 4656 1765 4737 (ὑ).

533 4750 609 4811 ll.
641 4748 823 4809 Natus
857 4761 942 4807 est
984 4746 1228 4805 tias-ilius
1280 4745 1441 4807 circa
1500 4762 1721 4806 annum
1758 4745 1896 4824 3'29,
1926 4746 2107 4828 iique

453 4842 596 4901 satis
622 4838 867 4919 quadrat
885 4854 1024 4896 cum
1052 4836 1211 4896 illius
1235 4835 1567 4897 litterarum
1595 4834 1973 4917 studiisque
1994 4856 2104 4898 an-

454 4952 527 4991 no
562 4930 677 4993 355
706 4937 923 4989 exunte
967 4926 1238 4987 absoluta
1269 4927 1530 4986 fuerunt.
1556 4924 1685 4986 Non
1708 4926 1862 4986 enim
1893 4928 2110 5006 patitur

454 5021 670 5081 eximia
697 5019 854 5079 illius
894 5016 1118 5094 ingenii
1142 5016 1330 5095 acies,
1356 5034 1488 5096 quae
1515 5024 1750 5077 mature
1772 5015 2107 5094 disciplinis

454 5108 806 5172 liberalibus
828 5104 1619 5187 ccepitexcoli,uteum,cum
1637 5105 1814 5166 rediit
1832 5106 2102 5189 Athenis,

449 5217 644 5262 annos
666 5212 867 5257 natum
888 5197 1070 5255 fuisse
1087 5195 1399 5274 plusquam
1420 5194 1625 5273 viginti
1652 5203 1880 5274 septem
1904 5196 2102 5257 existi-

457 5285 835 5351 memus.Sed
862 5284 977 5347 alia
999 5283 1203 5346 subest
1235 5283 1411 5362 longe
1433 5284 1667 5364 gravior
1688 5284 1858 5345 ratio.
1896 5286 2105 5349 Junior

534 5449 618 5528 (α)
656 5449 767 5528 Ep.
800 5450 864 5528 β,
900 5464 964 5509 n.
1001 5449 1055 5518 1,
1090 5463 1148 5526 p.
1182 5444 1282 5506 80.

527 5525 613 5604 (ὁ)
651 5525 759 5591 Or.
794 5525 895 5589 20.

542 5604 612 5681 (ε)
646 5607 785 5671 Naz.
822 5626 916 5681 ep.
952 5604 1051 5668 33.

532 5686 625 5771 (ὦ)
644 5691 797 5771 μαι.
832 5686 924 5771 Qa
951 5686 1078 5747 vita
1115 5701 1249 5747 sua.

532 5766 610 5853 (ε)
639 5768 753 5854 Ep.
785 5766 925 5832 162.

2191 4662 2330 4723 olim
2363 4659 2631 4722 Sebastia
2661 4658 3052 4740 Cappadocia:
3077 4658 3356 4721 attributa
3387 4668 3531 4723 erat.

2272 4750 2410 4813 Erat
2430 4758 2624 4811 autem
2649 4758 2966 4828 utrumque
2986 4748 3132 4810 illud
3146 4768 3334 4828 genus
3350 4750 3728 4826 militaribus,
3740 4770 3836 4830 pa-

2190 4841 2388 4902 latinis
2405 4849 2467 4903 et
2488 4836 2952 4918 municipalibus
2974 4838 3368 4916 dignitatibus
3392 4839 3724 4916 insigne,ac
3749 4840 3836 4901 di-

2192 4930 2346 4992 vitiis
2376 4940 2437 4992 et
2475 4928 2711 5009 opibus.
2745 4936 2803 4989 et
2835 4928 3085 4989 excelsis
3116 4930 3347 4991 thronis
3376 4948 3446 4991 ac
3477 4929 3834 5009 eloquentia;

2190 5021 2341 5081 fama
2374 5019 2597 5080 clarum
2631 5018 2720 5098 (h)
2750 5039 2765 5092 ;
2790 5017 2893 5078 sed
2926 5017 3145 5098 pietate
3176 5038 3245 5080 ac
3277 5018 3583 5097 religionis
3612 5020 3832 5093 studio,

2189 5119 2247 5170 et
2277 5108 2457 5171 rebus
2486 5128 2592 5189 pro
2626 5107 2859 5169 Christo
2892 5106 3124 5169 fortiter
3175 5109 3357 5187 gestis
3388 5108 3563 5186 longe
3591 5108 3829 5169 clarius.

2186 5197 2331 5261 Nam
2359 5206 2663 5259 maternus
2675 5195 2879 5259 Basilii
2905 5212 3045 5258 avus
3064 5196 3182 5260 vita
3200 5206 3259 5258 et
3277 5197 3449 5259 bonis
3472 5216 3576 5278 pro
3600 5197 3834 5259 Christo

2187 5288 2475 5369 spoliatus
2495 5287 2568 5349 ab
2583 5287 2946 5368 imperatore
2966 5284 3381 5368 fuerat(z‘).Avi
3403 5295 3599 5349 autem
3631 5296 3834 5367 pater-

2269 5451 2347 5528 (Γ)
2372 5448 2484 5529 Ep-
2517 5447 2657 5512 239-

2383 5528 2621 5672 iis?“

2268 5609 2359 5692 (ἢ)
2390 5609 2543 5672 Ibid.

2264 5689 2349 5769 (ἑ)
2375 5692 2544 5771 Nyss.
2592 5689 2708 5755 γει.
2740 5690 2811 5755 S.
2850 5690 3049 5757 Macr.
3082 5699 3228 5753 tom.
3258 5692 3326 5755 ll.
3363 5710 3422 5773 p.
3450 5690 3591 5756 191.
