4130 6406
1654 317 1845 384 VITA
1889 318 1952 383 8.
1999 316 2305 385 BASILII.
3609 338 3679 390 Ix

279 456 479 518 silium
506 455 619 520 sibi
648 456 882 539 plenius
904 456 1160 519 Athenis
1196 456 1503 536 cognitum
1534 452 1721 517 fuisse
1739 454 1905 535 dicit,
1929 456 2366 518 Acherrimam
2386 457 2625 536 ipsique
2666 455 2934 519 maxime
2979 458 3304 536 propriam
3346 459 3677 538 eripuerit.

282 565 417 609 cum
468 556 644 610 antea
704 546 937 625 ignotus
968 565 1085 608 non
1117 546 1345 610 fuisset.
1380 545 1525 609 Sese
1555 552 1752 608 autem
1778 545 1921 606 alibi
2000 543 2133 600 Nam
2158 561 2279 602 cum
2307 546 2432 602 alios
2452 545 2695 603 civitates
2709 545 2831 602 aliis
2858 546 3295 616 ornamentiwet
3317 547 3680 623 antiquis,vet

282 656 400 699 non
430 637 699 699 videmur
724 638 982 718 novisse,
1006 655 1181 717 quam
1217 637 1279 697 in
1310 635 1704 718 Cappadocia,
2004 635 2156 691 novis
2181 636 2507 707 glorientur,
2536 641 2717 708 prout,
2753 635 2964 707 opinor,
2996 636 3076 690 vel
3096 635 3363 703 historiis,
3396 638 3479 694 vel
3504 637 3661 695 rebus

360 729 425 786 3°
480 725 699 788 Scribit
728 726 982 789 Basilius
1013 726 1075 787 in
1101 726 1277 806 epist.
1310 728 1378 790 51
1404 745 1469 789 se
1492 744 1528 787 a
1548 725 1740 805 prima
1754 734 1923 787 aetate
2008 725 2372 806 quibusdam
2401 725 2668 788 visendis
2696 731 2929 787 ornatae
2957 732 3099 788 sunt
3134 746 3148 788 :
3185 727 3340 788 lianc
3369 735 3584 791 contra
3603 738 3674 794 ut

279 815 567 878 nutritum
594 817 778 878 fuisse
810 816 868 877 iu
892 815 1297 878 amoreDianii
1321 812 1923 898 episcOpiGazsarien-
2009 833 2187 877 arma
2207 819 2302 877 vel
2323 816 2649 897 tragcedias
2670 822 2829 877 notw
2844 816 3120 893 quaedam
3143 821 3323 895 atque
3372 817 3669 899 insignia,

277 908 384 986 sis,
420 913 474 968 et
512 905 928 967 considerasse
987 924 1162 987 quam
1202 914 1361 969 esset
1392 905 1498 969 ille
1554 904 1646 967 vir
1686 914 1930 986 aspectu
2010 905 2097 967 sic
2114 903 2671 983 litterarumgloria
2690 905 2971 967 nobilitat
2990 904 3669 984 illustremquereddit.

276 995 727 1065 venerabilis,et
761 1006 1071 1077 postquam
1105 995 1293 1057 adfuit
1322 996 1497 1071 ratio,
1550 995 1721 1057 illum
1755 996 1930 1057 etiam

280 1104 351 1151 ex
382 1085 767 1149 interioribus
798 1086 971 1149 bonis
984 1086 1644 1166 cognovisse,illiusque
1665 1085 1933 1147 delecta-

279 1184 401 1238 tum
453 1175 912 1238 consuetudine.
973 1176 1069 1235 Ἐκ
1098 1180 1315 1257 πρώτης
1346 1177 1563 1247 ἡλικίας
1608 1177 1934 1256 συνετράφην

278 1275 355 1342 τῷ
386 1269 508 1345 περῖ
586 1268 744 1323 αὐτὸν
776 1265 1049 1346 φίλτρῳ...
1076 1267 1192 1324 ἐπεὶ
1222 1266 1275 1323 δέ
1307 1289 1397 1342 μοι
1448 1266 1635 1323 λοιπὸν
1664 1268 1751 1322 καὶ
1778 1269 1805 1323 ὁ
1832 1266 1933 1323 λο-

280 1380 373 1435 γος
440 1357 637 1433 παρῆν,
686 1358 806 1412 τότε
877 1355 941 1425 δὴ
974 1357 1059 1413 καὶ
1088 1356 1191 1412 ἀπὸ
1220 1359 1323 1412 τῶν
1352 1356 1449 1423 τῆς
1503 1355 1689 1435 ψυχῆς
1721 1355 1933 1434 ἀγαθῶν

280 1448 437 1505 αὐτὸν
505 1446 861 1523 ἐπεγίνωσκον
894 1446 980 1501 καὶ
1039 1444 1260 1525 ἔχαιρον
1327 1447 1484 1505 αὐτοῦ
1544 1451 1612 1521 τῇ
1669 1446 1930 1517 συνουσίᾳ,

280 1535 361 1597 Ex
396 1535 488 1596 his
548 1535 759 1612 colligo
818 1534 1101 1597 Basilium
1157 1534 1439 1597 Caesareas
1488 1533 1931 1595 adolescentem

282 1624 552 1704 pluribus
569 1624 741 1685 annis
763 1631 1193 1684 commoratum
1217 1623 1426 1699 fuisse,
1443 1622 1646 1704 ibique
1665 1624 1811 1683 satis
1836 1623 1935 1683 diu

2094 992 2255 1054 Nihil
2287 1002 2376 1056 est
2403 994 2493 1055 his
2525 995 2587 1056 in
2612 994 2813 1056 verbis
2833 994 2994 1073 quod
3020 996 3673 1078 nonGzesareaeGappa-

2019 1082 2233 1144 docum
2268 1083 2491 1164 optime
2515 1091 2821 1164 congruat;
2850 1084 3140 1145 nonnulla
3170 1086 3232 1144 in
3263 1084 3508 1147 alteram
3538 1088 3673 1149 Cte-

2018 1190 2246 1234 saream
2281 1173 2481 1253 inepte
2513 1191 2759 1254 prorsus
2799 1191 2869 1234 ac
2909 1172 3207 1236 inurbane
3235 1173 3393 1235 dicta
3444 1182 3671 1241 essent.

2017 1260 2174 1324 Satis
2204 1272 2338 1342 apte
2361 1263 2681 1341 Gregorius
2712 1263 2950 1339 urbem,
2979 1264 3041 1324 in
3089 1281 3207 1345 qua
3227 1263 3582 1345 loquebatur
3616 1274 3677 1328 et

2016 1370 2159 1414 voce
2175 1360 2232 1414 et
2252 1371 2428 1414 manu
2442 1353 2763 1432 designans
2776 1353 3036 1434 dicebat,
3048 1355 3679 1436 Hanc,inquam,illu-

2015 1449 2194 1505 strem
2217 1443 2684 1507 civitatem.Non
2703 1443 3287 1525 putat'l‘illemontius
3303 1444 3669 1508 hancCaesa-

2021 1552 2181 1594 ream
2219 1553 2253 1595 a
2276 1533 2494 1595 studiis
2514 1535 2868 1611 litterarum,
2895 1543 3017 1597 uta
3046 1533 3349 1615 praecipuo
3377 1534 3545 1597 urbis
3567 1554 3673 1597 or-

2020 1631 2323 1702 namento,
2348 1621 2575 1684 laudari
2595 1623 2900 1687 debuisse.
2936 1623 3055 1685 Sed
3082 1632 3147 1685 ut
3176 1625 3447 1686 omittam
3474 1622 3675 1688 Euse-

278 1713 621 1793 educatum,
653 1722 714 1774 ut
736 1725 939 1794 posset
970 1732 1034 1773 se
1066 1713 1127 1774 in
1159 1713 1416 1775 amando
1433 1712 1640 1774 Dianio
1668 1713 1929 1773 etconsi-

2022 1711 2180 1772 bium
2194 1714 2315 1792 ,qui
2333 1713 2722 1793 Cappadociae
2744 1714 3032 1795 prmsules
3051 1713 3325 1775 doctrina
3346 1714 3508 1775 inter
3527 1715 3677 1777 alios

279 1802 717 1865 derandaillius
738 1802 850 1863 oris
869 1803 1173 1883 majestate
1194 1803 1487 1865 nutritum
1511 1801 1929 1864 dicere.Tille-
2016 1802 2305 1864 enituisse
2338 1811 2590 1864 testatur
2625 1804 2740 1884 (a),
2772 1803 2904 1884 ipse
2925 1802 3179 1865 Basilius
3218 1802 3487 1882 Gregorii
3507 1804 3676 1867 testi-

280 1894 559 1973 montius,
588 1902 651 1953 ut
673 1894 829 1954 hunc
854 1892 1050 1954 locum
1070 1893 1347 1973 explicet,
1372 1892 1660 1954 Basilium
1685 1893 1933 1972 conjicit
2017 1893 2215 1953 monio
2246 1912 2419 1954 suum
2445 1894 2806 1973 adjungit,et
2835 1892 3253 1972 littoris,inter
3274 1894 3482 1973 patriae
3496 1912 3676 1956 orna-

277 1984 601 2046 admodum
630 1984 911 2044 infantem
953 1981 1283 2045 Caesaream
1316 2001 1350 2044 a
1396 1981 1741 2061 parentibus
1773 2002 1929 2044 non-
2018 1990 2240 2057 menta,
2273 1983 2522 2062 palmam
2545 1983 2665 2044 dat.
2702 1984 2799 2045 Sic
2815 1983 2974 2043 enim
3007 1982 3083 2044 de
3113 1983 3214 2043 illo
3239 1990 3394 2044 statu
3412 1983 3681 2064 loquitur

278 2092 579 2153 nunquam
614 2081 905 2153 portatum
938 2072 1145 2136 fuisse.
1175 2073 1294 2135 Sed
1319 2073 1499 2153 hujus
1545 2073 1927 2152 conjecturae,

278 2183 409 2245 quae
439 2182 546 2224 sua
576 2171 787 2241 sponte
822 2181 1028 2243 parum
1065 2163 1337 2243 congruit
1379 2162 1665 2238 infantiae,
1702 2162 1928 2224 nullum

281 2253 503 2335 profert
534 2262 950 2329 argumentum
985 2252 1376 2315 doctissimus
1423 2256 1685 2333 scriptor
1713 2269 1725 2314 :
1757 2262 1932 2333 atque

279 2342 513 2404 etiamsi
546 2342 867 2423 proferret,
911 2362 1053 2404 num
1087 2362 1152 2404 se
1183 2342 1245 2403 in
1287 2342 1539 2405 amando
1571 2350 1629 2405 et
1677 2341 1931 2405 videndo

283 2432 493 2496 Dianio
516 2430 800 2492 nutritum
822 2439 1024 2509 posset
1055 2431 1277 2507 dicere,
1296 2450 1476 2511 quem
1501 2448 1932 2513 nonnunquam

283 2522 476 2583 infans
499 2521 745 2582 vidisset
770 2523 794 2582 Ρ
814 2518 935 2582 Nec
954 2520 1332 2583 Tillemontio
1359 2520 1555 2583 favent
1580 2522 1706 2583 haec
1732 2523 1927 2599 Verba,

276 2632 313 2673 a
332 2615 541 2690 prima
569 2618 741 2672 aetate
766 2630 784 2670 :
818 2611 1044 2689 optime
1068 2611 1229 2672 enim
1258 2610 1609 2673 referuntur
1634 2611 1710 2673 ad
1733 2612 1933 2675 adole-

278 2702 592 2765 scentiam.
612 2702 760 2763 Nam
794 2709 852 2762 et
882 2717 1013 2777 quae
1035 2710 1384 2780 sequuntur,
1399 2709 1721 2782 postquam
1734 2703 1937 2781 adfuit

279 2796 455 2864 ratio,
482 2789 829 2853 delectabar
858 2788 1024 2851 illius
1042 2790 1476 2853 consuetudine
1496 2809 1616 2852 non
1647 2790 1722 2852 de
1740 2792 1931 2855 adole-

280 2882 530 2948 scentia,
566 2880 671 2941 sed
703 2880 777 2942 de
808 2880 964 2942 virili
987 2889 1161 2943 relate
1208 2881 1403 2960 accipi
1458 2880 1705 2962 debent,
1741 2900 1937 2962 neque

2019 2071 2216 2152 (b),in
2244 2091 2419 2153 quem
2466 2072 2757 2133 divisione
2782 2072 3179 2152 Cappadociae
3227 2072 3618 2151 redigebatur
3654 2092 3669 2137 ζ

2012 2162 2434 2242 Spectaculum
2452 2163 2862 2240 fwdissimum
2882 2164 3045 2240 facta
3057 2161 3676 2244 est,inquit,quwpri-

2014 2270 2088 2313 us
2111 2260 2239 2314 tum
2262 2254 2331 2315 de
2352 2252 2637 2316 litteratis
2662 2258 2963 2327 viris,tum
2981 2252 3057 2315 de
3071 2252 3213 2314 aliis
3237 2253 3429 2333 bonis,
3452 2254 3675 2333 quibus

2016 2340 2319 2421 opulentae
2348 2342 2524 2405 urbes
2554 2342 3596 2422 abundant,gloriabatur.Similiter
3612 2343 3677 2404 in

2016 2432 2191 2511 epist.
2214 2434 2314 2507 74,
2344 2451 2405 2496 n.
2428 2433 2486 2507 3,
2514 2434 2851 2495 litterarum
2873 2432 3257 2505 studia,inter
3278 2452 3347 2496 ea
3369 2452 3506 2512 quae
3526 2434 3677 2496 civi-

2018 2520 2120 2582 tati
2154 2540 2375 2585 nomen
2406 2530 2466 2584 et
2513 2523 2731 2585 famam
2763 2531 3139 2604 pepererant,
3171 2525 3471 2604 praecipue
3501 2541 3674 2586 com-

2020 2620 2330 2673 memorat.
2368 2614 2497 2685 Qua
2517 2621 2714 2675 autem
2751 2620 2877 2675 erat
2932 2612 3269 2676 urbanitate
3323 2612 3671 2693 Gregorius,

2021 2719 2162 2762 num
2196 2702 2401 2780 potuit,
2430 2702 2715 2765 Caesareae
2744 2704 2990 2765 nomine
3010 2704 3672 2783 pronuntiato,audito-

2019 2809 2116 2851 res
2145 2791 2493 2867 admonere,
2528 2811 2646 2853 non
2678 2810 2810 2853 eam
2833 2792 3190 2871 Caesaream,
3216 2794 3277 2854 in
3309 2812 3421 2873 qua
3446 2794 3676 2856 oratio-

2024 2899 2158 2941 nem
2192 2881 2469 2962 habebat,
2503 2883 2607 2944 sed
2631 2882 2927 2944 illustrem
2953 2882 3113 2944 illam
3138 2882 3201 2944 in
3222 2882 3535 2946 Palaestina
3581 2883 3673 2945 ci-

279 2974 441 3037 enim
474 2972 829 3033 adolescens
886 2971 1144 3033 Basilius
1191 2971 1254 3032 in
1297 2970 1491 3032 Dianii
1548 2971 1995 3035 consuetudi-C
2021 2968 2258 3031 vitatem
2289 2989 2322 3032 a
2345 2989 2410 3032 se
2433 2972 2784 3051 designari?
2813 2975 3130 3053 Nunquam
3166 2992 3302 3035 eum
3335 2980 3453 3035 tam
3494 2973 3672 3035 inur-

279 3083 416 3126 nem
480 3062 800 3142 admissus,
861 3061 965 3123 sed
1027 3065 1341 3141 postquam
1412 3059 1597 3123 rediit
1650 3060 1927 3123 Athenis.

280 3153 529 3217 Virilem
555 3161 784 3214 aetatem
818 3151 1103 3215 similiter
1150 3151 1420 3230 designat
1468 3152 1528 3212 in
1559 3153 1740 3232 epist.
1786 3150 1926 3233 223,

282 3243 382 3306 ubi
414 3262 479 3305 se
510 3241 682 3304 aliam
719 3260 785 3302 ex
818 3242 935 3304 alia
962 3240 1300 3304 doctrinam
1319 3246 1376 3300 ‘sv
1406 3250 1475 3320 τῇ
1505 3248 1596 3299 τοῦ
1620 3242 1783 3320 Λόγου
1802 3264 1932 3317 συμ-

278 3335 577 3413 πληρώσει,
607 3352 741 3395 cum
789 3332 1048 3395 adolevit
1076 3334 1259 3408 ratio,
1318 3351 1440 3394 non
1493 3339 1783 3406 mutasse,
1825 3330 1931 3392 sed

278 3432 524 3502 accepta
553 3421 626 3486 ab
656 3423 784 3485 avia
805 3430 861 3484 et
906 3432 1095 3485 matre
1130 3422 1422 3504 principia
1445 3420 1771 3484 retinuisse
1817 3420 1929 3485 de-

280 3515 483 3577 clarat.

360 3607 426 3664 4°
450 3602 612 3667 Idem
646 3602 901 3665 efficitur
924 3620 991 3664 es
1015 3600 1161 3683 ipsis
1193 3600 1464 3679 Gregorii
1488 3599 1932 3681 verbis,quibus

282 3701 412 3776 post
434 3692 674 3755 Billium
710 3690 1849 3755 etBaroniumTillemontiusCaesaream
1870 3691 1930 3752 in

280 3784 589 3846 Palaestina
623 3782 870 3844 indicari
901 3780 1242 3844 arbitratur.
1282 3781 1379 3843 Sic
1402 3781 1584 3860 igitur
1607 3780 1931 3860 Gregorius

278 3874 339 3935 in
372 3874 640 3935 oratione
661 3891 837 3954 qnam
870 3872 945 3934 de
974 3871 1176 3934 Basilii
1206 3870 1483 3934 laudibus
1503 3871 1707 3934 habuit
1731 3872 1930 3936 Caesa-

279 3981 437 4026 reae:
476 3963 594 4021 Ἐπὶ
655 3969 752 4030 τὴν
786 3963 1093 4043 Καισαρέων
1125 3961 1281 4019 πόλιν
1331 3962 1623 4043 ἐπείγεται,
1670 3964 1778 4019 τῶν
1807 3961 1931 4040 τῇδε

278 4052 506 4129 μεθέξων
538 4051 943 4130 παιδευτηρίων,
976 4053 1175 4118 ταὺτην
1207 4050 1263 4107 δὲ
1316 4050 1461 4131 λέγω
1504 4055 1605 4120 τὴν
1664 4058 1930 4132 περιφανῆ

2019 3061 2171 3121 bane
2204 3068 2441 3142 tamque
2491 3062 2697 3143 pingui
2758 3065 3024 3127 Minerva
3080 3063 3345 3125 locutum
3400 3062 3669 3129 credam.

2016 3151 2163 3225 Qum
2191 3159 2524 3232 sequuntur
2554 3151 2629 3215 de
2651 3152 2984 3215 litterarum
3030 3152 3268 3233 studiis,
3321 3171 3442 3215 non
3475 3154 3673 3217 minus

2014 3241 2289 3303 inornata
2315 3250 2374 3304 et
2402 3241 2649 3322 illepida
2699 3251 2926 3319 essent,
2959 3244 3008 3304 si
3034 3246 3108 3306 ad
3169 3242 3496 3306 Caesaream
3546 3247 3671 3307 Pa-

2015 3331 2260 3394 laestinae
2315 3332 2737 3407 referrentur;
2815 3352 2952 3394 cum
3032 3333 3458 3409 Caesarienses,
3520 3352 3673 3414 quos

2013 3421 2429 3503 alloquebatur
2452 3422 2795 3503 Gregorius,
2830 3422 2982 3485 hanc
3000 3422 3264 3504 laudem,
3288 3431 3352 3485 ut
3368 3424 3495 3504 jam
3521 3422 3668 3501 dixi,

2014 3511 2146 3575 aliis
2178 3512 2515 3575 civitatibus
2541 3532 2661 3575 non
2692 3513 3123 3577 concederent.

2084 3605 2221 3667 Non
2245 3602 2639 3666 omittendum
2701 3604 2860 3685 quod
2892 3603 3058 3665 addit
3109 3600 3471 3682 Gregorius:
3526 3603 3668 3667 Jam

2014 3709 2151 3771 quae
2180 3701 2539 3772 sequuntur,
2566 3695 2614 3755 ii
2643 3699 2956 3773 exponant
2993 3695 3102 3772 qui
3131 3701 3189 3756 et
3216 3712 3351 3755 eum
3397 3694 3564 3774 apud
3613 3711 3674 3756 se

2014 3784 2380 3846 erudierunt
2405 3792 2465 3846 et
2494 3786 2767 3863 fructum
2797 3803 2878 3847 ea;
2900 3787 3091 3864 ipsius
3119 3786 3462 3847 eruditione
3489 3803 3669 3865 cepe—

2011 3881 2177 3957 runt,
2212 3884 2478 3956 quantus
2502 3876 2789 3938 videlicet
2808 3876 3140 3954 magistris,
3168 3882 3431 3953 quantus
3459 3892 3669 3956 (equa-

2016 3964 2172 4027 libus
2201 3972 2371 4046 esset,
2416 3973 2529 4027 etc.
2588 3967 2722 4029 Non
2775 3974 3050 4045 superest
3102 3963 3449 4043 ambigendi
3502 3964 3669 4027 locus

2012 4056 2164 4118 utris
2196 4055 2666 4118 Caesariensibus
2718 4056 2845 4117 haec
2879 4055 3176 4117 narranda
3206 4053 3530 4134 Gregorius
3562 4072 3665 4116 re-

279 4167 335 4200 τε
400 4145 492 4199 καὶ
553 4142 818 4221 ἡμετέραν
868 4142 1009 4221 (ἐπεὶ
1059 4142 1293 4199 καὶτῶν
1354 4142 1497 4219 ἐμῶν
1560 4142 1736 4223 λόγων
1795 4142 1929 4211 αὕτη

2022 4145 2245 4227 linquat
2280 4146 2389 4223 ;iis
2413 4146 2510 4227 qui
2543 4146 2719 4225 longe
2736 4146 2948 4208 remoti
2982 4156 3176 4220 erant,
3213 4163 3413 4225 neque
3444 4163 3514 4206 ex
3560 4143 3670 4207 Ba-

280 4234 601 4310 καιθηγεμὼν
663 4234 749 4288 καὶ
804 4229 1167 4312 διδάσκαλος),
1222 4233 1323 4301 τὴν
1367 4237 1471 4313 οὐχ
1532 4234 1692 4302 ἧττον
1752 4232 1930 4311 λόγων

2022 4235 2132 4296 silii
2160 4235 2499 4298 eruditione
2532 4236 2825 4315 majorem
2858 4254 3032 4316 qnam
3066 4234 3201 4297 aliae
3246 4234 3520 4297 civitates
3558 4235 3671 4297 uti-

281 4321 637 4401 μητρόπολιν,
671 4322 704 4390 ἢ
735 4328 839 4377 τῶν
870 4322 1078 4378 πόλεων
1109 4325 1184 4377 ὧν
1228 4322 1557 4399 ὑπέρκειται,
1590 4326 1677 4381 καὶ
1707 4322 1825 4381 καθ’
1856 4324 1930 4380 ὧν

2022 4325 2240 4387 lilatem
2268 4334 2684 4406 perceperant,
2713 4345 2788 4387 an
2808 4325 2881 4388 iis
2912 4345 3063 4407 quos
3091 4324 3507 4405 alloquebatur
3527 4324 3672 4390 Gre-

279 4416 401 4492 ἒχει
431 4411 529 4478 τὴν
559 4410 884 4467 δυναστείαν“
934 4412 996 4479 ἣν
1032 4410 1087 4468 εἴ
1118 4435 1198 4475 τις
1230 4420 1320 4468 τοῦ
1350 4413 1405 4469 ἐν
1463 4412 1646 4493 λόγοις
1706 4416 1930 4495 κράτους

2022 4415 2241 4513 gorius,
2274 4416 2494 4513 quique
2526 4424 2586 4478 et
2616 4416 2822 4513 Basilii
2851 4416 3182 4479 studiorum
3228 4423 3507 4513 poterant
3537 4434 3668 4513 me:

280 4502 717 4582 ἀποστερήσειεν,
754 4503 1043 4581 ἅφῃρηκὼς
1078 4501 1224 4559 ἔσται
1257 4504 1384 4559 αὐτὸ
1434 4504 1495 4559 τὸ
1554 4502 1841 4561 κάλλιστόν
1874 4524 1930 4561 τε

279 4594 368 4648 καὶ
398 4590 730 4654 ἷδικώταιτον,
790 4590 1005 4653 ’Ἂλλαι
1036 4592 1134 4667 μὲν
1165 4592 1265 4671 γὰρ
1323 4593 1428 4649 τῶν
1486 4590 1695 4650 πόϐεων
1745 4593 1929 4658 ἄλλοις

280 4681 602 4760 ἀγάλλονται
627 4680 1092 4762 καλλωπίσμασιν,
1129 4685 1164 4750 ἢ
1189 4680 1466 4754 παλαιοῖς,
1500 4682 1536 4751 ἢ
1582 4683 1748 4757 νέοις,
1781 4684 1927 4747 ὅπως

278 4772 341 4827 ἄν
385 4785 540 4842 οἶμαι
580 4779 677 4828 τῶν
707 4770 1058 4849 διηγημάτων
1086 4770 1291 4852 ἔχωσιν
1358 4772 1393 4841 ἣ
1450 4779 1557 4830 τὼν
1615 4774 1923 4853 ὁρωμένων,

278 4860 401 4937 τῇδε
434 4861 583 4940 λόγοι
609 4862 669 4916 τὸ
701 4861 1006 4940 γνώρισμα,
1043 4861 1221 4940 ὥσπερ
1258 4861 1312 4917 ἐν
1338 4876 1454 4928 τοῖς
1485 4862 1670 4930 ὅπλοις
1729 4864 1764 4933 ἢ
1808 4876 1926 4927 τοῖς

279 4948 505 5026 δράμασι
540 4952 603 5007 τὰ
646 4953 910 5024 lanienam.
946 4948 1313 5023 Ccesaream,
1348 4959 1413 5012 ut
1440 4951 1787 5015 scholarum
1810 4972 1927 5014 ur-

279 5040 369 5099 bis
390 5038 560 5100 illius
588 5045 891 5118 particeps
922 5046 1096 5115 esset,
1130 5039 1457 5116 contendit,
1491 5041 1648 5103 hanc
1679 5043 1935 5122 inquam

279 5127 578 5190 illustrem
611 5130 1013 5209 civitatem,et
1034 5132 1487 5205 nostram(nam
1500 5148 1773 5193 meorum
1794 5150 1939 5211 quo-

278 5237 398 5300 que
416 5218 760 5280 studiorum
781 5217 910 5280 dua:
925 5225 983 5280 et
1026 5220 1329 5299 magistra
1349 5221 1609 5297 exstitit,
1644 5238 1783 5301 quo:
1810 5241 1933 5285 non

280 5314 484 5370 minus
500 5308 845 5369 litterarum
857 5314 1039 5387 atque
1049 5308 1544 5390 doctrinmquam
1557 5312 1932 5393 urbiumqui-

280 5400 387 5460 bus
405 5397 700 5478 prcecellit
730 5406 784 5458 et
809 5397 1187 5478 dominatur,
1231 5397 1574 5479 metropolis
1611 5420 1624 5463 :
1663 5418 1845 5479 quam
1878 5406 1934 5468 si

282 5492 418 5567 quis
436 5488 731 5550 doctrinis
740 5487 953 5568 palma
976 5486 1499 5570 spoliaverit,rem
1519 5491 1789 5555 omnium
1798 5496 1929 5574 pul-

369 5648 456 5732 (a)
483 5648 554 5713 In
584 5646 721 5713 Vita
753 5648 990 5730 Const"
1020 5665 1153 5731 cap.
1176 5649 1277 5718 43.

2017 4505 2286 4587 minisse,
2321 4512 2380 4567 et
2404 4505 2564 4567 illius
2600 4506 2874 4569 doctrina
2914 4523 3023 4587 per
3052 4514 3136 4570 tot
3195 4522 3385 4568 annos
3452 4504 3669 4566 imbuti

2016 4596 2271 4660 fuerant.
2306 4598 2451 4660 Cum
2481 4596 2660 4676 igitur
2695 4597 2787 4657 his
2810 4595 3006 4658 verbis
3054 4598 3321 4659 Caesarea
3351 4594 3667 4677 Cappado—

2013 4706 2146 4749 cum
2179 4687 2592 4766 dignoscatur,
2617 4687 2917 4749 immerito
2959 4686 3173 4767 quierit
3219 4684 3665 4761 Tillemontius,

2012 4796 2118 4839 cur
2147 4775 2495 4859 Gregorius,
2528 4778 2630 4859 qui
2662 4778 2947 4841 Caesarea:
2998 4774 3340 4857 perorabat,
3371 4774 3663 4839 Basilium

2012 4868 2073 4929 in
2100 4867 2253 4929 hanc
2283 4867 2491 4929 urbem
2511 4868 2817 4947 conceptis
2848 4865 3049 4929 verbis
3069 4865 3305 4928 venisse
3331 4883 3451 4927 non
3486 4864 3664 4947 dicat;

2015 4974 2121 5019 cur
2144 4976 2261 5018 non
2291 4976 2422 5019 eam
2455 4956 2752 5039 designet,
2798 4957 2917 5019 nisi
2950 4955 3245 5037 ejusmodi
3301 4956 3478 5033 notis,
3533 4973 3669 5037 quae

2018 5048 2228 5109 saltem
2262 5048 2316 5109 ei
2338 5065 2474 5109 cum
2502 5051 2687 5111 altera
2717 5048 2987 5111 Caesarea
3016 5064 3370 5109 communes
3402 5047 3542 5109 sint.

2104 5136 2219 5199 Sed
2251 5138 2409 5200 idem
2444 5139 2829 5201 doctissimus
2860 5139 3119 5219 scriptor
3150 5139 3263 5201 hoc
3292 5136 3664 5219 potissimum

2024 5238 2372 5308 argumento
2397 5228 2791 5309 nititur.quod
2811 5228 3152 5309 Gregorius,
3181 5237 3494 5309 postquam
3534 5228 3669 5291 Cae-

2016 5336 2246 5381 saream
2265 5338 2429 5381 suam
2450 5337 2584 5382 esse
2596 5320 2967 5396 dixit,statim
2986 5319 3162 5382 addat
3178 5319 3313 5382 ideo
3326 5338 3493 5382 suam
3508 5335 3666 5397 esse,

2017 5409 2156 5490 quia
2184 5409 2504 5472 ibilitteris
2545 5428 2787 5490 operam
2837 5410 3119 5475 dederat:
3160 5411 3358 5489 Hanc,
3386 5412 3663 5492 inquam,

2016 5499 2316 5563 illustrem
2334 5500 2658 5579 civitatem,
2684 5510 2740 5565 et
2758 5506 3209 5582 nostram;nam
3228 5518 3502 5565 meorum
3520 5518 3668 5581 quo-

2098 5662 2177 5743 (b)
2212 5660 2327 5745 Ep.
2362 5660 2467 5727 76.
