4130 6406
1638 314 1827 380 VITA
1869 314 1932 377 δ.

2026 313 2276 379 ABILII.
3591 328 3657 379 xi

274 454 519 517 debant.
559 452 636 518 Ut
684 452 940 535 quisque
966 456 1163 514 autem
1192 448 1479 530 juvenum
1508 447 1785 511 Athenas
1815 465 1922 510 ve-
1943 451 1985 504 Α
2010 452 2067 508 et
2095 444 2355 508 studium
2386 446 2571 508 virtus
2596 460 2754 508 erat:
2790 454 3047 525 uterque
3077 446 3251 508 alteri
3282 463 3496 509 norma
3539 454 3668 508 erat

272 544 499 614 niebat,
540 542 737 605 statim
770 560 905 604 eum
939 540 1029 603 vel
1060 539 1114 600 vi
1143 539 1233 601 vel
1265 545 1479 618 sponte
1513 556 1687 600 suum
1726 539 1929 601 facere

273 634 675 697 conabantur.
704 634 759 693 Is
790 632 1049 713 primum
1080 629 1236 711 apud
1270 646 1478 691 eorum
1512 628 1799 710 aliquem,
1827 627 1931 710 qui

274 724 505 805 priores
537 741 674 785 eum
706 729 1017 799 ceperant,
1050 718 1311 802 hospitio
1344 717 1779 801 excipiebatur,
1805 720 1929 782 sive

269 812 503 875 amicus
534 821 716 888 esset,
750 813 876 874 sive
910 810 1305 891 propinquus,
1337 808 1464 871 sive
1494 808 1664 884 civis,
1700 810 1824 872 sive
1854 825 1930 870 ex

274 922 483 965 eorum
512 922 787 978 numero,
817 900 919 983 qui
951 898 1246 963 mercedis
1284 898 1416 961 loco
1450 898 1742 979 sophistis
1774 899 1934 961 hanc

273 993 531 1073 augendi
562 1011 769 1055 eorum
813 991 964 1054 lucri
996 1007 1202 1052 curam
1236 988 1679 1069 persolvebant.
1703 988 1934 1051 Deinde

275 1083 561 1146 conviciis
591 1103 626 1145 a
655 1081 924 1164 quolibet
948 1076 1381 1159 lacessebatur,
1406 1086 1464 1140 et
1496 1095 1604 1157 per
1633 1078 1829 1141 forum
1855 1076 1930 1139 ad

276 1172 557 1235 balneum
589 1191 724 1234 cum
774 1189 990 1253 pompa
1038 1167 1473 1231 deducebatur.
1519 1168 1739 1249 [Equis
1768 1167 1930 1230 enim

276 1262 489 1342 spatiis
515 1264 675 1323 inter
702 1281 766 1324 se
815 1260 1104 1334 distincti,
1133 1258 1260 1320 bini
1292 1277 1433 1320 eum
1465 1257 1930 1321 antecedebant.

278 1351 595 1433 Postquam
643 1360 841 1414 autem
902 1349 1148 1431 propius
1180 1356 1584 1422 accesserant,
1619 1355 1739 1409 tum
1796 1366 1934 1409 vero

277 1442 448 1523 quasi
470 1441 678 1503 furore
700 1439 961 1519 correpti
982 1436 1363 1511 saltabant,et
1394 1436 1652 1499 maximo
1670 1437 1936 1499 clamore

276 1529 513 1591 sublato
547 1531 757 1591 sistere
772 1527 1090 1609 jubebant,
1118 1544 1230 1588 nec
1260 1525 1345 1587 fas
1376 1543 1508 1587 esse
1540 1525 1776 1604 ingredi
1804 1546 1817 1589 :
1848 1525 1934 1586 si-

279 1619 523 1700 mulque
553 1619 799 1699 pulsatis
823 1617 1025 1697 januis
1052 1617 1330 1696 juvenem
1364 1613 1771 1684 terrebant,ac
1800 1624 1934 1677 tan-

2013 542 2073 597 et
2097 535 2301 614 regula
2327 535 2576 616 vivendi,
2603 543 2660 597 et
2690 535 2833 612 quid
2864 543 3095 596 rectum
3118 554 3305 597 necne
3329 536 3405 597 sit
3428 536 3656 598 discer-

2015 624 2437 707 nendi.Neque
2460 645 2527 688 ex
2553 624 2857 688 sodalibus
2879 624 2938 685 in
2961 643 3130 686 suam
3156 624 3650 689 consuetudinem

2014 715 2406 791 asciscebant,
2443 716 2560 778 nisi
2591 715 2693 795 qui
2724 714 3041 777 castissimi
3075 723 3133 776 et
3164 716 3530 796 pacatissimi
3563 735 3665 777 es-

2014 812 2169 866 sent.
2210 806 2349 867 Duae
2382 806 2497 869 illis
2526 814 2679 868 notae
2735 812 2905 866 erant
2952 805 3079 879 vim,
3107 805 3292 867 altera
3338 804 3412 867 ad
3470 824 3670 868 sacras

2016 895 2175 956 aedes
2225 894 2941 968 Christianorum,altera
2992 894 3065 955 ad
3114 895 3350 957 scholas
3398 896 3667 959 ducens:

2016 984 2194 1065 festa,
2229 985 2480 1061 theatra,
2511 986 2786 1048 celebres
2826 993 3151 1047 conventus
3198 992 3257 1047 et
3286 984 3554 1047 convivia
3591 984 3669 1045 Ii-

2016 1071 2233 1136 benter
2263 1075 2395 1137 aliis
2425 1074 2870 1157 relinquebant.
2905 1073 3063 1134 Nihil
3098 1074 3308 1154 majori
3365 1073 3676 1136 ducebant

2014 1161 2203 1244 laudi,
2228 1184 2403 1245 quam
2432 1172 2494 1226 ut
2517 1165 2837 1228 Christiani
2870 1174 3073 1226 essent
3099 1172 3157 1226 et
3176 1164 3663 1225 nominarentur:

2016 1261 2074 1314 et
2106 1252 2166 1314 in
2199 1272 2269 1315 ea
2294 1254 2463 1331 urbe,
2499 1274 2631 1336 quas
2685 1254 3025 1317 simulacris
3085 1273 3153 1316 ac
3202 1253 3661 1315 simulacrorum

2018 1340 2429 1406 laudatoribus
2484 1353 2543 1405 et
2585 1344 2855 1426 patronis
2903 1343 3269 1417 abundabat,
3318 1362 3437 1404 non
3493 1343 3668 1404 modo

2020 1431 2182 1492 nulla
2208 1450 2454 1511 prorsus
2482 1452 2625 1495 aura
2674 1432 3117 1514 superstitionis
3160 1432 3339 1495 amati
3369 1440 3527 1510 sunt,
3563 1431 3669 1493 sed

2021 1520 2194 1580 etiam
2229 1521 2441 1585 fraude
2471 1524 2659 1587 oculis
2721 1525 2845 1585 suls
2895 1526 3019 1586 visa
3066 1541 3135 1585 ac
3185 1530 3518 1603 perspecta,
3554 1521 3673 1583 illic

2021 1608 2326 1672 daemones
2351 1613 2605 1675 maxime
2626 1622 3137 1694 contempserunt,
3164 1612 3266 1675 ubi
3288 1613 3543 1674 maxime
3564 1630 3670 1673 co-

276 1698 611 1770 demiaditu
655 1726 945 1770 concesso
977 1707 1036 1767 in
1068 1705 1408 1767 libertatem
1457 1704 1830 1779 asserebant,
1867 1723 1938 1766 ac
1962 1777 1994 1783 λ
2020 1698 2564 1764 Iebantur.Eximia
2584 1703 2788 1766 Basilii
2813 1702 3515 1783 etGregoriiconjunctio
3535 1719 3675 1763 con-

278 1797 567 1877 deinceps
583 1797 873 1858 sodalium
890 1813 1140 1858 numero
1154 1777 1935 1873 ascribebaturﬂregorius,
1960 1777 2001 1830 Β
2022 1791 2263 1851 ﬂaverat
2294 1791 2450 1853 circa
2482 1811 2587 1854 eos
2611 1793 2792 1855 veluti
2824 1777 3121 1875 quoddam
3150 1777 3480 1853 amicorum
3512 1791 3670 1851 idem

278 1888 387 1969 qui
418 1887 700 1948 Basiliam
754 1884 1161 1959 reverebatur,
1198 1901 1433 1944 morum
1484 1882 1832 1962 gravitatem
1877 1889 1937 1944 et

281 1996 625 2040 sermonum
678 1975 1056 2057 prudentiam
1098 1972 1335 2052 videns,
1374 1973 1449 2034 iis
1479 1973 1579 2052 qui
1612 1972 1778 2034 illum
1815 1991 1934 2033 non

282 2076 565 2128 noverant
594 2066 915 2147 persuasit,
953 2073 1016 2127 ut
1048 2065 1205 2127 idem
1236 2060 1312 2123 de
1341 2062 1446 2123 illo
1478 2062 1791 2124 sentirent.
1821 2060 1937 2123 Ita-

286 2174 408 2233 que
430 2156 594 2218 solus
614 2155 741 2216 fere
767 2174 834 2216 ex
862 2153 1142 2216 omnibus
1164 2151 1411 2215 advenis
1443 2170 1821 2213 communem
1862 2152 1940 2211 le-

287 2264 420 2325 gem
464 2245 690 2325 effugit.

367 2336 470 2398 IlI.
505 2335 798 2397 Amicitiae
817 2333 1167 2413 Gregorium
1202 2334 1358 2394 inter
1387 2340 1445 2395 et
1476 2332 1759 2394 Basilium
1788 2332 1941 2411 igni-

286 2425 404 2486 culi
440 2424 580 2485 inde
629 2424 1028 2493 emicuerunt,
1063 2442 1131 2485 ac
1187 2423 1363 2502 paulo
1405 2431 1536 2503 post
1569 2422 1631 2483 in
1666 2440 1937 2501 magnam

283 2515 475 2577 facem
510 2532 660 2575 novo
705 2512 973 2592 Gregorii
1027 2511 1324 2573 beneficio
1383 2518 1724 2573 creverunt.
1787 2512 1937 2575 Nam

288 2624 423 2666 cum
450 2603 714 2665 Armenii
741 2603 1002 2682 quidam,
1028 2602 1168 2662 olim
1196 2600 1399 2663 Basilii
1428 2601 1539 2663 sub
1564 2600 1750 2682 ipsius
1774 2607 1941 2681 patre

283 2692 879 2774 condiscipuli,illius
897 2691 1103 2753 laudes
1125 2691 1345 2753 invidis
1361 2691 1552 2755 oculis
1571 2690 1937 2772 aspicerent,

282 2802 541 2865 eumque
561 2783 684 2845 suis
707 2781 1290 2862 argumentationum
1316 2780 1482 2841 tricis
1499 2798 1714 2861 capere
1741 2789 1939 2841 tenta-

284 2883 440 2953 rent,
471 2873 818 2951 Gregorius,
856 2871 956 2950 qui
1002 2869 1206 2950 gloriae
1260 2871 1634 2933 Athenarum
1687 2868 1939 2949 cupidus

283 2973 435 3037 erat,
452 2967 678 3023 veritus
704 2981 777 3021 ne
802 2961 941 3041 quid
965 2960 1172 3021 civitas
1192 2959 1513 3021 dedecoris
1535 2958 1860 3037 acciperet,
1886 2957 1937 3019 si

284 3073 469 3115 novus
529 3052 729 3114 accola
783 3049 1155 3131 antiquiores
1216 3058 1544 3129 superaret,
1583 3049 1776 3127 primo
1823 3048 1937 3109 Ar-

2022 1879 2405 1941 sentientium
2470 1882 2833 1957 sodalitium,
2869 1883 3039 1961 cujus
3083 1881 3205 1943 dux
3237 1889 3296 1942 et
3346 1889 3675 1960 praeceptor

2023 1968 2295 2033 Basilius.
2333 1971 2459 2031 Non
2513 1971 2756 2032 dubium
2791 1973 2937 2049 quin
2970 1970 3243 2051 ejusdem
3270 1969 3525 2049 agminis
3552 1968 3676 2030 dux

2021 2060 2176 2119 alter
2205 2059 2498 2121 exstiterit
2529 2061 2876 2142 Gregorius,
2913 2060 3185 2141 quamvis
3213 2059 3288 2120 de
3319 2078 3384 2120 se
3416 2058 3548 2139 ipse
3580 2064 3672 2118 ta-

2021 2156 2173 2210 ceat.
2209 2148 2356 2211 Inde
2384 2150 2601 2223 evenit,
2640 2162 2701 2213 ut
2734 2150 3040 2231 egregium
3091 2149 3238 2212 illud
3287 2168 3391 2230 par
3441 2150 3673 2210 amico-

2021 2256 2152 2298 rum
2190 2258 2305 2301 non
2336 2238 2398 2300 in
2431 2238 2656 2305 Graecia
2696 2242 2918 2319 solum,
2954 2241 3058 2302 sed
3092 2240 3271 2301 etiam
3305 2249 3471 2301 extra
3496 2240 3667 2299 Grae-

2022 2328 2173 2388 ciam
2207 2328 2634 2410 celebraretur,
2670 2340 2728 2391 et
2761 2350 2895 2393 cum
2930 2349 3137 2392 eorum
3170 2329 3437 2407 magistri
3458 2328 3672 2390 famam

2023 2418 2394 2480 Athenarum
2429 2419 2833 2500 adaequarent,
2867 2420 2981 2502 ipsi
3038 2439 3300 2501 quoque,
3336 2420 3677 2498 ubicunque

2023 2507 2147 2568 noti
2177 2517 2345 2570 erant
2381 2510 2668 2592 magistri,
2695 2511 2755 2571 in
2788 2512 3099 2573 hominum
3130 2527 3234 2575 ore
3292 2516 3676 2571 versarentur

2025 2605 2080 2657 et
2111 2596 2307 2661 Oresti
2335 2617 2403 2661 ac
2450 2598 2649 2679 Pyladi
2710 2602 2883 2681 longe
2942 2600 3015 2663 ab
3075 2599 3351 2663 omnibus
3411 2602 3662 2681 praeter-

2021 2695 2255 2749 rentur.

2101 2774 2200 2837 IV.
2252 2776 2358 2839 His
2418 2779 2698 2858 praeditus
2751 2790 2878 2840 erat
2939 2780 3206 2842 moribus
3262 2780 3542 2855 Basilius,
3573 2778 3678 2859 qui

2024 2866 2201 2925 etiam
2229 2866 2359 2929 sine
2385 2868 2658 2931 doctrina
2677 2870 2913 2932 Iaudem
2940 2869 3314 2944 habuissent;
3341 2871 3446 2931 sed
3470 2868 3541 2928 ad
3564 2869 3675 2930 hos

2023 2972 2225 3015 mores
2251 2965 2309 3017 et
2331 2966 2410 3036 (ρ.
2442 2958 2584 3036 333)
2604 2960 2901 3040 egregiam
2936 2960 3202 3022 indolem
3231 2968 3393 3022 tanta
3424 2958 3679 3020 accessit

2022 3044 2306 3106 doctrinae
2334 3049 2529 3130 copia,
2559 3059 2620 3109 ut
2653 3068 2829 3111 nemo
2853 3068 2989 3111 cum
3014 3069 3083 3113 eo
3112 3048 3551 3130 comparandus
3577 3066 3676 3109 es-

284 3143 499 3205 meniis
521 3162 694 3223 opem
728 3139 981 3211 ferebat;
1003 3138 1179 3201 atubi
1203 3139 1493 3219 perfidum
1519 3138 1758 3199 illorum
1784 3156 1933 3199 con—
1955 3147 1994 3198 C
2020 3142 2130 3215 set,
2161 3135 2284 3197 sive
2331 3137 2392 3198 in
2448 3139 2769 3215 rethorica,
2803 3140 2931 3201 sive
2995 3139 3055 3201 in
3105 3139 3510 3219 grammatica,
3546 3156 3680 3218 quae

282 3234 477 3294 silium
513 3232 831 3312 perspexit,
867 3239 1052 3291 totum
1087 3248 1151 3292 se
1181 3229 1253 3291 ad
1288 3229 1575 3291 Basilium
1604 3228 1800 3303 vertit,
1829 3246 1936 3288 eo-

282 3342 400 3404 que
430 3323 749 3402 adjuvante
782 3320 1058 3383 Armenii
1103 3320 1340 3399 penitus
1373 3317 1510 3382 fusi.
1543 3316 1689 3380 Inde
1720 3320 1938 3380 Arme-

288 3414 524 3475 niorum
556 3412 662 3476 irae
694 3421 751 3472 et
771 3409 1093 3471 inimicitia:
1116 3410 1173 3469 in
1201 3408 1657 3488 Gregorium,ut
1678 3426 1850 3469 suum
1885 3413 1943 3467 et

288 3503 455 3565 urbis
480 3498 1164 3582 proditorem.BasiIium
1185 3507 1381 3560 autem
1400 3497 1769 3559 Athenarum
1784 3496 1941 3558 fasti-

288 3594 454 3654 dium
489 3592 671 3671 cepit,
706 3589 849 3667 quia
878 3608 1013 3649 cum
1071 3606 1282 3666 magna
1332 3586 1530 3647 omnia
1581 3585 1695 3648 sibi
1728 3587 1802 3648 de
1833 3588 1946 3648 hac

288 3681 434 3743 urbe
463 3680 755 3753 finxisset,
783 3678 1079 3739 minorem
1105 3678 1558 3757 exspectatione
1579 3675 1945 3757 reperiebat.

285 3772 491 3852 Itaque
517 3788 727 3852 parum
760 3768 876 3831 sibi
899 3768 1109 3830 beatus
1139 3767 1447 3830 videbatur
1471 3766 1628 3847 quod
1660 3767 1944 3842 venisset,

283 3872 343 3924 et
372 3863 607 3923 inanem
637 3859 983 3923 felicitatem
1008 3859 1275 3921 Athenas
1306 3855 1575 3921 vocabat.
1610 3859 1762 3919 Tum
1789 3858 1947 3921 Gre-

282 3951 483 4030 gorius
515 3950 675 4012 illius
707 3966 1024 4011 mmrorem
1070 3947 1341 4009 consiliis
1371 3946 1497 4008 suis
1530 3946 1831 4022 abstersit,
1866 3947 1953 4008 ei-

282 4061 398 4123 que
431 4042 722 4121 persuasit
747 4058 858 4100 nec
888 4039 1197 4100 hominum
1234 4055 1433 4098 mores
1456 4036 1619 4098 brevi
1646 4046 1939 4112 tempore,

284 4152 393 4194 nec
420 4130 751 4193 doctrinam
780 4139 841 4192 et
866 4128 1263 4190 eruditionem
1296 4127 1508 4187 leviter
1539 4126 1936 4205 degustando,

285 4224 388 4285 sed
421 4223 521 4283 diu
556 4221 928 4299 multumque
954 4218 1258 4299 probando
1284 4228 1341 4280 et
1365 4217 1760 4298 periclitando
1785 4219 1941 4298 diju—

2022 3223 2281 3304 Iinguam
2309 3227 2381 3289 ad
2416 3228 2804 3293 Graacismum
2853 3230 3090 3304 format,
3117 3228 3397 3292 historias
3428 3227 3671 3305 colligit,

2024 3316 2235 3377 metris
2258 3327 2569 3397 praeest,et
2590 3319 2957 3381 carminibus
2981 3322 3140 3400 leges
3156 3318 3485 3401 praescribit
3510 3338 3526 3398 ;
3551 3318 3678 3379 sive

2026 3407 2082 3466 in
2117 3407 2394 3469 omnibus
2425 3409 2815 3490 philosophiae
2846 3410 3127 3490 partibus.
3163 3412 3253 3474 Ne
3282 3408 3673 3489 geometriam

2028 3497 2269 3578 quidem
2296 3506 2353 3559 et
2376 3501 2799 3561 astronomiam
2830 3519 2898 3562 ac
2930 3500 3367 3563 arithmeticam
3390 3499 3676 3578 neglexe-

2028 3596 2141 3661 rat,
2174 3587 2281 3650 sed
2313 3588 2385 3648 iis
2412 3589 2639 3650 relictis
2668 3609 2803 3671 quae
2832 3592 2902 3652 ad
2934 3590 3210 3671 pietatem
3238 3590 3523 3671 prodesse
3556 3606 3675 3647 non

2032 3686 2333 3757 poterant,
2357 3687 2585 3740 tantum
2618 3679 2732 3740 sibi
2751 3699 2821 3742 ex
2846 3682 2939 3741 his
2963 3680 3299 3759 disciplinis
3316 3685 3675 3758 sumpserat,

2032 3778 2317 3849 quantum
2351 3771 2495 3832 satis
2542 3779 2688 3851 erat,
2724 3777 2790 3833 ut
2812 3772 2886 3833 ab
2917 3771 3010 3832 his
3038 3772 3141 3849 qui
3174 3789 3308 3833 sese
3336 3770 3395 3829 in
3429 3770 3540 3830 hoc
3571 3786 3678 3846 ge-

2033 3878 2127 3919 nes
2147 3878 2179 3918 θ
2201 3859 2611 3937 venditabant,
2639 3861 2921 3939 exagitari
2937 3880 3053 3921 non
3076 3868 3295 3941 posset.
3319 3857 3678 3922 Medicinam

2035 3958 2232 4009 autem
2258 3948 2491 4011 videtur
2517 3953 2788 4030 apprime
2836 3951 3135 4032 calluisse,
3172 3958 3490 4030 propterea
3520 3945 3677 4027 quod

2038 4039 2189 4098 hanc
2214 4039 2504 4100 illiartem
2541 4043 2810 4121 perpetui
2844 4042 3035 4103 morbi
3068 4055 3125 4101 et
3158 4040 3551 4101 necessariam
3586 4037 3680 4097 fe-

2024 4140 2250 4208 cerunt,
2289 4138 2346 4190 et
2376 4132 2448 4192 ad
2481 4132 2716 4193 facilius
2748 4132 3193 4212 percipiendam
3228 4130 3593 4210 profuerant.

2094 4219 2423 4282 Himerium
2440 4220 2948 4283 etProhaeresium
2970 4221 3228 4284 Athenis
3240 4219 3682 4283 audieruntBa—

284 4313 495 4374 dicari.
520 4310 621 4372 Sic
643 4310 802 4371 inter
820 4328 923 4370 eos
948 4309 1132 4386 magis
1161 4327 1231 4371 ac
1273 4308 1461 4387 magis
1492 4306 1941 4369 devinciebatur
1967 4389 1999 4393 _
2030 4310 2198 4370 silius
2230 4321 2287 4370 et
2320 4308 2644 4387 Gregorius
2680 4317 2782 4393 to),
2816 4311 3114 4390 sophistas
3139 4312 3314 4389 longe
3345 4310 3678 4373 celeberri-

284 4400 544 4465 amicitia
564 4398 776 4462 dandis
800 4407 858 4459 et
880 4398 1248 4478 accipiendis
1265 4396 1697 4460 benevolentiw
1718 4397 1946 4478 signifi-
1967 4389 2012 4442 D
2034 4420 2181 4462 mos.
2209 4400 2287 4461 Ex
2314 4400 2516 4463 Basilii
2542 4389 3200 4480 Iitterisvcognoscimus
3243 4419 3377 4461 eum
3401 4419 3434 4461 a
3456 4399 3681 4461 teneris

283 4513 349 4555 ca
361 4490 644 4554 tionibus.

370 4586 683 4662 Postquam
719 4587 917 4639 autem
950 4577 1066 4639 sibi
1114 4578 1367 4639 invicem
1419 4596 1712 4658 aperuere
1740 4578 1946 4640 consi-

284 4673 430 4736 lium
460 4668 894 4750 amplectenda:
930 4668 1346 4749 philosophiae,
1381 4678 1501 4729 tum
1536 4686 1675 4729 vero
1725 4679 1943 4729 contu-

286 4761 561 4824 bernales
580 4757 1031 4820 etconvictores
1053 4759 1247 4834 fuere,
1274 4778 1343 4820 ac
1369 4766 1530 4820 tanta
1560 4758 1669 4821 fuit
1700 4760 1939 4819 animo-

285 4871 417 4915 rum
449 4861 509 4912 et
539 4850 597 4909 in
632 4848 847 4912 litteris
877 4856 935 4908 et
967 4848 1027 4909 in
1058 4849 1376 4911 virtutibus
1419 4848 1761 4911 excolendis
1793 4868 1944 4910 con-

287 4939 511 5017 sensio,
531 4949 592 4998 ut
617 4956 734 4998 una
754 4938 990 5017 utrique
1011 4939 1210 4999 anima
1241 4938 1439 5001 inesse
1461 4938 1791 5020 videretur,
1826 4939 1944 5001 duo

286 5047 540 5109 corpora
563 5027 781 5088 ferens.
814 5029 926 5088 I’ar
949 5038 1077 5088 erat
1098 5028 1364 5089 studium
1396 5028 1803 5108 adipiscendae
1832 5030 1942 5091 do-

284 5120 513 5198 ctrinae,
550 5117 654 5179 sed
709 5116 915 5178 aberat
970 5117 1211 5179 invidia.
1250 5117 1570 5182 Certabant
1626 5138 1746 5179 non
1810 5128 1944 5182 uter

286 5210 508 5291 primas
535 5206 918 5287 haberel,sed
945 5215 1079 5269 uter
1098 5207 1269 5269 alteri
1287 5206 1942 5288 concederet.Uterque

284 5300 495 5363 Iaudes
517 5297 761 5361 alterius
798 5315 937 5359 suas
981 5296 1259 5360 ducebat.
1294 5297 1488 5362 Unum
1522 5298 1761 5379 utrique
1791 5318 1942 5381 Opus

364 5480 441 5557 (α)
472 5479 705 5557 Socrat.
736 5472 784 5535 Ι.
821 5490 899 5548 ιν,
940 5492 993 5536 c.
1030 5474 1108 5541 26
1147 5473 1426 5543 :Sozom.
1451 5470 1613 5550 LVI,
1652 5494 1705 5537 c.
1748 5476 1847 5538 17.

366 5555 442 5637 (δ)
476 5558 585 5637 ΕΡ·
628 5555 735 5637 .64:

360 5632 442 5722 (c)
475 5632 587 5717 Ep.
619 5632 762 5699 272.

2030 4490 2289 4552 amicitia
2307 4492 2691 4571 conjunctum
2716 4491 2898 4553 fuisse
2914 4511 3048 4553 cum
3071 4490 3367 4571 Hesychio
3382 4498 3439 4552 et
3460 4492 3681 4552 Teren-

2034 4581 2114 4641 tio
2151 4581 2259 4659 ((1),
2286 4599 2419 4641 cum
2452 4579 2788 4661 Sophronio
2821 4582 3151 4644 ofﬁciorum
3207 4580 3485 4659 magistro
3519 4580 3588 4661 lc)
3623 4586 3683 4640 et

2030 4669 2286 4730 Eusebio
2299 4669 2556 4749 quodam
2570 4671 3264 4752 episcopo(d).Gaesareae
3278 4670 3553 4733 eamdem
3566 4670 3678 4729 do-

2033 4778 2190 4821 mum
2220 4758 2422 4820 habuit
2443 4757 2631 4820 aeille
2654 4761 3165 4840 Hesychius.Cum
3192 4759 3451 4821 Eusebio
3480 4759 3681 4819 omnia

2031 4852 2087 4912 ei
2111 4849 2455 4911 communia
2481 4849 2740 4911 fueruni.
2781 4850 2896 4911 Sed
2920 4869 3037 4931 qua
3060 4850 3120 4910 in
3144 4850 3293 4912 urbe
3317 4849 3494 4910 simul
3512 4848 3679 4910 vixe—

2028 4940 2424 5018 rint,prorsus
2449 4940 2951 5002 nescimus.Gelso
2975 4939 3514 5018 Libaniidiscipulo
3540 4958 3681 5019 per-

2028 5032 2214 5092 suasit
2238 5031 2503 5093 anilius
2526 5038 2808 5090 utsecum
2833 5029 3094 5091 Athenas
3127 5032 3355 5092 veniret
3382 5030 3486 5111 (θ),
3510 5035 3558 5090 si
3589 5038 3680 5090 ta-

2028 5141 2162 5182 men
2191 5120 2425 5182 Libanii
2456 5119 2527 5181 ad
2559 5119 2844 5181 Basilium
2890 5120 3102 5181 litteris
3133 5120 3469 5184 adhibenda
3504 5120 3676 5180 ﬁdes.

2022 5211 2327 5274 Iulianum
2356 5212 2834 5290 Peraaquatorem
2860 5208 3183 5289 Gregorius
3204 5208 3682 5292 Nazianzenus(f,

2026 5301 2253 5363 socium
2279 5299 2483 5362 habuit
2509 5298 2843 5360 studiorum
2873 5316 2887 5361 :
2914 5300 3073 5380 quod
3098 5300 3248 5363 forte
3271 5302 3325 5364 ei
3347 5318 3485 5362 cum
3511 5299 3681 5361 Basi-

2096 5470 2185 5553 (d)
2217 5474 2327 5553 Ep.
2354 5474 2515 5544 .271.

2102 5558 2175 5638 (et
2212 5554 2322 5638 ξφ.
2366 5553 2508 5638 336.

2098 5633 2177 5718 (Γ)
2207 5633 2379 5701 Orat.
2408 5636 2470 5699 9.
