4130 6392
442 350 596 404 XVIII

1838 324 2427 393 PROLEGOMENA.

442 479 586 543 Cum
620 496 687 539 ex
722 475 813 537 his
845 490 973 554 quae
996 470 1342 551 praecedunt
1368 476 1428 529 et
1471 475 1823 547 sequuntur,
1861 474 1983 526 tum
2016 479 2084 523 ex
2110 468 2146 515 Α
2170 462 2525 524 accuratius.
2564 464 2727 526 ldem
2764 459 3091 526 discrimen
3125 462 3482 527 observatur
3508 462 3569 526 in
3599 463 3825 526 oratio-

442 567 710 650 pluribus
731 552 1148 639 aliis—Gregorii
1171 558 1321 620 locis
1353 556 1883 617 demonstrandum
1914 552 2089 614 nobis

440 645 529 719 est
559 659 774 733 άζύγους
806 653 962 727 illos,
1000 651 1055 711 id
1092 657 1183 710 est
1234 648 1459 708 solutos
1512 659 1571 706 et
1616 645 1739 725 jugi
1789 652 2086 725 expertes,

438 742 1019 809 anachoretasfuisse
1036 739 1162 800 sive
1184 737 1456 799 homines
1481 735 1964 812 contemplationi
1989 733 2090 793 de-

439 837 615 914 ditos,
653 832 916 911 migadus
950 848 1114 901 vero,
1154 835 1381 888 ascetas
1416 827 1472 885 in
1502 824 1750 903 agendis
1782 822 1961 884 rebus
1983 841 2089 883 oc-

439 934 680 1004 cupatos
706 943 718 984 :
759 940 867 981 nec
895 917 1245 997 Gregorium
1270 916 1637 976 deliberasse
1664 923 1857 973 utrum
1894 929 2093 972 mona-

437 1003 645 1078 sticam
676 1018 880 1087 vitam,
916 1029 987 1070 an
1024 1008 1339 1068 saeculares
1362 1003 1658 1067 tumultus
1689 1003 2089 1083 amplectere-

439 1116 554 1177 tur,
594 1101 698 1163 sed
726 1119 794 1162 ex
821 1099 1055 1158 duobus
1078 1108 1415 1158 ascelarum
1454 1092 1798 1171 generibus.
1835 1110 2091 1171 quorum

440 1194 536 1255 alii
573 1186 1089 1269 contemplationi,
1135 1186 1234 1246 alii
1285 1183 1507 1245 actioni
1560 1190 1711 1243 totos
1753 1200 1816 1242 se
1847 1180 2088 1249 dabant,

439 1292 636 1345 ulrum
668 1287 1049 1359 sequeretur.

526 1372 680 1432 Luce
711 1367 934 1430 clarius
970 1374 1059 1426 est
1092 1366 1305 1440 ἂξύγο-ις
1351 1373 1407 1424 et
1457 1361 1719 1441 migades
1762 1360 1880 1421 duo
1908 1359 2093 1421 fuisse

438 1462 706 1522 instituta
732 1458 1039 1519 hominum
1078 1457 1198 1518 Deo
1231 1461 1739 1515 consecratorum.
1777 1450 1920 1509 Nam
1955 1467 2088 1508 cum

439 1549 758 1629 Gregorius
782 1544 1146 1607 deliberaret
1178 1553 1371 1604 utrum
1407 1540 1677 1619 eligeret,
1706 1542 1829 1629 jam
1866 1545 2088 1599 statue—

438 1650 527 1702 rat
558 1624 689 1699 sese
722 1640 843 1700 Deo
866 1651 1240 1704 consecrare,
1282 1641 1341 1691 ut
1375 1648 1445 1691 ex
1478 1630 1570 1691 his
1611 1628 1807 1689 verbis
1832 1624 2091 1709 perspici

446 1739 638 1811 potest
671 1746 684 1790 ξ

546 1837 791 1891 Animum
815 1831 1080 1903 premebat
1112 1845 1244 1884 nam
1271 1828 1459 1899 gravis
1494 1825 1647 1881 turbo
1677 1842 1839 1881 meum

542 1917 682 1973 Dum
713 1928 891 1985 quaero
914 1912 1125 1985 primas
1155 1911 1211 1964 in
1239 1908 1388 1964 bonis
1424 1906 1677 1981 quidnam
1706 1907 1873 1975 ferat.

544 2001 585 2052 Α
618 2011 779 2051 carne
801 1992 1004 2048 dudum
1036 1990 1247 2061 longius
1286 1990 1531 2045 recedere

541 2079 808 2135 Statutum
846 2072 1132 2139 habebam,
1160 2079 1384 2143 tuncque
1406 2067 1667 2139 firmabar
1689 2066 1858 2139 magis

548 2154 901 2227 Atcogitanti
931 2155 994 2210 de
1037 2154 1141 2209 viis
1168 2152 1338 2223 gratis
1378 2150 1508 2211 Deo.

552 2236 985 2292 Prmstantiorem
1018 2250 1124 2289 non
1152 2238 1267 2289 erat
1287 2235 1589 2303 promptum
1617 2227 1754 2284 mihi

550 2317 825 2390 Reperire.

524 2416 799 2479 Haerebat
824 2432 965 2492 ergo
1016 2410 1335 2490 Gregorius
1361 2428 1479 2469 non
1513 2408 1670 2469 inter
1703 2403 2089 2465 monasticam

448 2518 504 2570 el
531 2505 876 2567 saecularem
904 2491 1109 2580 vitam,
1144 2499 1248 2561 sed
1278 2499 1437 2562 inter
1460 2494 1940 2559 anachoreticam
1971 2491 2095 2551 sive

446 2594 964 2674 contemplativam
1017 2600 1074 2651 et
1117 2603 1445 2652 actuosam.
1490 2585 1653 2659 Quos
1682 2582 1842 2645 enim
1870 2582 2092 2658 ἂζύγους

452 2693 640 2763 vocat,
675 2670 882 2745 eorum
920 2680 1173 2742 instituzi
1197 2680 1471 2756 exempla
1493 2695 1562 2738 ex
1595 2674 1723 2736 Elia
1750 2680 1809 2733 et
1841 2670 1979 2730 ﬁliis
1998 2670 2097 2731 lo-

450 2758 644 2837 nadab
671 2780 731 2834 et
750 2774 975 2834 Joanne
1002 2769 1259 2849 Baptista
1282 2760 1899 2849 repetit.Retrabebat
1923 2758 2087 2818 illum

448 2864 521 2926 ab
555 2866 663 2925 hac
696 2861 814 2922 vita
845 2848 1181 2920 litterarum
1206 2874 1509 2918 sacrarum
1543 2848 1958 2929 amor,quibus
1990 2865 2094 2907 ex-

448 2951 719 3015 colendis
742 2968 860 3009 non
890 2948 1061 3010 valde
1091 2945 1397 3025 appositus
1426 2958 1697 3005 eremus:
1724 2936 1989 3016 illudque
2012 2936 2100 2996 in-

450 3040 749 3104 commodi
775 3040 833 3099 in
859 3036 1154 3117 ejusmodi
1187 3032 1538 3095 hominibus
1566 3025 2094 3117 reperiebat,quod

453 3132 704 3192 multum
748 3116 1143 3206 sibimetipsis
1187 3124 1568 3204 prodessent,
1600 3128 1659 3179 at
1688 3116 1822 3178 aliis
1865 3132 2094 3206 nequa-

450 3238 652 3299 quam.
679 3217 815 3279 Hzec
839 3203 1101 3297 profecto
1125 3203 1621 3275 anachoretarum
1648 3216 1703 3269 et
1725 3203 2094 3283 contempla-
2115 3237 2156 3287 ε

450 3310 596 3370 tioni
629 3307 962 3368 deditorum
992 3303 1301 3366 hominum
1335 3300 1579 3381 propria
1610 3304 1934 3372 sunt,quos
1965 3312 2091 3354 me-

447 3402 562 3459 rito
589 3410 759 3457 vocat
787 3396 1031 3474 ὰςύγους,
1068 3406 1127 3453 ut
1157 3392 1256 3472 qui
1287 3390 1359 3452 ab
1383 3387 1548 3451 omni
1570 3388 1714 3467 jugo
1747 3384 1947 3451 liberi.
1985 3402 2095 3444 nec

449 3487 585 3549 ullis
616 3503 859 3567 prorsus
882 3482 1138 3543 vinculis
1164 3478 1389 3541 astricti
1421 3487 1646 3540 essent.
1672 3475 1838 3547 Quod
1866 3481 2095 3553 spectat

448 3578 519 3638 ad
560 3566 984 3654 migades,sive
1018 3588 1123 3633 eos
1153 3569 1411 3646 quicum
1439 3568 1569 3629 aliis
1603 3566 1946 3642 miscentur,
1974 3581 2092 3621 non

449 3652 706 3728 dillicilis
725 3672 817 3725 est
838 3652 1289 3740 interpretatio.
1320 3657 1459 3719 lllos
1481 3656 1640 3719 enim
1672 3652 1894 3715 ibidem
1926 3659 2096 3712 vocat

448 3755 794 3834 πρακτικούς,
830 3751 889 3812 id
917 3759 1007 3811 est
1036 3757 1337 3828 actuosos,
1370 3764 1593 3826 eosque
1617 3743 1940 3825 plurimum
1964 3740 2095 3801 aliis

450 3829 759 3927 prodesse,
816 3851 876 3902 at
916 3840 977 3901 in
1011 3838 1239 3917 magnis
1276 3837 1628 3927 tumultibus
1658 3831 1884 3894 versari
1927 3829 2095 3927 dicit:

450 3917 648 4007 Quare
664 3931 924 3993 mediam
944 3928 1103 3989 inter
1126 3936 1405 4008 utrosque
1428 3925 1581 3986 viam
1615 3931 1856 3984 secutus
1889 3917 2097 3987 est.vel

452 4023 645 4103 potius
669 4030 988 4098 utrumque
1013 4016 1346 4079 institutum
1380 4014 1557 4076 simul
1590 4008 1921 4103 conjunxit,
1955 4016 2019 4068 ut
2045 4014 2103 4067 et

448 4100 782 4176 litterarum
806 4125 1109 4169 sacrarum
1141 4104 1357 4167 studiis
1396 4111 1455 4167 et
1486 4100 1755 4165 fovendae
1785 4105 2098 4180 parentum

450 4198 781 4264 senectutis
801 4195 995 4259 oliicio
1025 4195 1421 4258 satisfaceret.

533 4292 703 4369 Saepe
730 4286 877 4349 alias
898 4285 971 4347 de
1000 4284 1211 4347 iisdem
1240 4281 1577 4361 migadibus
1600 4280 1721 4360 agit
1752 4276 2096 4369 Gregorius,

452 4401 523 4443 ac
549 4364 772 4456 ubique
800 4377 863 4438 in
896 4393 1025 4438 eam
1063 4391 1240 4455 quam
1274 4372 1536 4435 diximus
1564 4367 1957 4432 sententiam.
2002 4364 2101 4429 Sic

454 4468 715 4551 loquitur
744 4469 803 4528 in
835 4464 1103 4528 oratione
1138 4467 1160 4526 1
1206 4484 1220 4526 :
1261 4464 1371 4521 Κᾶν
1428 4463 1504 4519 ἔτι
1558 4458 1788 4539 ἀκριϐῶς
1822 4456 2099 4532 ἒξετᾶσῃς,

452 4561 573 4619 ὅσον
604 4562 664 4616 τὸ
695 4559 859 4635 μέσον
909 4564 1014 4613 τῶν
1066 4554 1121 4611 ἐν
1165 4553 1429 4631 συζυγίαις
1483 4554 1613 4630 πρὸς
1649 4550 1764 4611 τοὺς
1803 4548 2043 4625 ἀγάμους
2084 4564 2100 4619 ;

458 4648 565 4709 Κᾶν
595 4649 797 4711 τούτοις
849 4644 1035 4719 πάλιν,
1098 4649 1202 4699 τῶν
1262 4648 1357 4709 τῆς
1403 4641 1627 4719 ἐρημίας
1674 4639 1805 4713 πρὸς
1838 4637 1960 4699 τοὺς
1989 4656 2099 4691 κοι-

453 4739 707 4801 νωνικοὺς
738 4738 826 4794 καὶ
876 4733 1102 4814 μιγάδας
1140 4748 1154 4763 ⁶
1218 4737 1324 4787 τῶν
1368 4728 1744 4805 ἐξητασμένων
1774 4726 1861 4783 καὶ
1917 4720 2098 4780 διαϐε-

452 4827 700 4897 ϐηκότων
762 4826 815 4883 ἓν
871 4824 1083 4902 θεωρίᾳ,
1142 4823 1273 4900 πρὸς
1333 4822 1453 4884 τοὺς
1507 4818 1694 4881 ἁπλῶς
1754 4814 2098 4873 κατευθύνον-

452 4945 569 4985 uc.
608 4919 783 4997 Quod
810 4920 866 4981 si
894 4915 1250 4979 accuratius
1280 4930 1407 4975 rem
1438 4910 1772 4991 explendas,
1805 4914 2102 4987 quantum

450 5013 808 5072 interuallum
829 5011 966 5066 inter
989 5006 1296 5078 conjugatos
1318 5009 1368 5061 et
1393 5003 1603 5061 calibes
1626 5003 1656 5060 γ
1684 4999 1778 5058 Ea:
1802 5000 1887 5057 his
1911 5012 2104 5055 rursus

448 5104 704 5173 quantum
740 5098 879 5153 inter
912 5109 1000 5150 eos
1028 5092 1122 5166 qui
1177 5092 1234 5145 in
1264 5105 1441 5147 eremo
1469 5097 1775 5151 versantur,
1810 5092 1858 5143 et
1892 5099 1978 5139 eos
2010 5082 2104 5155 qui

452 5170 740 5240 communes
771 5187 899 5238 sunt
951 5193 1017 5234 ac
1072 5174 1357 5247 migades:
1398 5172 1543 5228 inter
1600 5186 1684 5228 eos
1717 5170 1813 5243 qui
1859 5174 2105 5224 accurate

454 5269 648 5340 degunt
701 5272 748 5319 et
778 5266 836 5321 in
882 5259 1338 5331 contemplatione
1398 5256 1764 5330 profecerunt,
1804 5260 1853 5310 et
1897 5266 1981 5340 eos
2015 5250 2107 5323 qui

454 5336 1230 5432 simpliciterrectamviam
1242 5340 1755 5419 ineunt.Migades
1786 5356 1930 5417 ergo
1952 5336 2108 5398 inter

464 5445 716 5511 coelibes
747 5452 806 5505 et
838 5439 1218 5504 continentes
1247 5444 1663 5514 recensentur,
1696 5450 1817 5494 non
1840 5447 2015 5492 secus
2034 5445 2106 5491 ac

460 5542 577 5624 ipsi
607 5538 1023 5611 anachoreta;
1048 5531 1155 5595 sed
1188 5528 1365 5613 primi
1391 5524 1725 5608 simplicius
1752 5524 1980 5602 vivunt,
2006 5518 2106 5583 isti

535 5703 634 5870 {tl
655 5703 764 5853 8::
793 5697 901 5847 ii:

2175 571 2247 612 ue
2272 553 2349 611 22
2393 574 2403 611 :
2464 555 2520 610 Οἱ
2572 553 2842 626 μοναδικοὶ
2906 556 2989 611 καὶ
3039 554 3279 632 μιγάδες.
3321 559 3364 610 οἱ
3398 561 3492 621 τῆς
3528 554 3827 623 απλόῖητος

2175 645 2259 697 καὶ
2304 648 2397 709 τῆς
2460 641 2751 719 ἀκριϐείας,
2809 642 2921 699 ὅσοι
2988 647 3085 709 τῆς
3140 647 3359 721 θεωρῖας
3422 647 3508 700 καὶ
3568 645 3679 701 ὅσοι
3734 645 3828 712 τῆς

2176 733 2433 808 πράξεως.
2500 731 2784 793 Solitorii
2846 739 2898 793 et
2944 732 3233 811 migades,
3295 734 3401 811 qui
3458 734 3831 813 simpliciter

2175 824 2374 884 vivitis,
2409 829 2457 880 et
2484 824 2579 894 qui
2603 831 2873 885 accurate;
2906 825 2999 897 qui
3027 824 3489 897 contemplationi,
3522 834 3570 879 ιι
3598 826 3694 897 qui
3731 843 3829 882 ac-

2175 908 2309 961 tioni
2338 922 2424 961 vos
2452 906 2616 961 datis.

2174 908 2309 963 tioni
2338 922 2424 963 vos
2452 908 2616 963 datis.

2258 1008 2393 1068 Haec
2436 1016 2633 1066 autem
2700 1006 2898 1079 verba,

2178 1104 2373 1163 reddit
2404 1102 2923 1180 Billius,mmtachi
2955 1108 3007 1160 et
3032 1102 3098 1161 in
3122 1099 3409 1160 sodalitio
3434 1103 3723 1161 viventes.
3754 1104 3829 1161 At

2177 1192 2438 1271 profecto
2465 1194 2761 1265 migadum
2790 1188 3032 1250 nomine
3056 1208 3173 1249 non
3206 1188 3826 1267 intelligitGregorius

2174 1282 2527 1344 ctenobitas.
2565 1280 2705 1342 Nam
2732 1279 3045 1341 ccenobitae
3078 1278 3336 1339 mediam
3370 1280 3526 1339 illam
3551 1280 3697 1339 viam
3728 1279 3825 1339 in-

2178 1380 2268 1432 ter
2286 1372 2677 1432 anachoretas
2706 1380 2767 1429 et
2813 1368 3077 1445 migades
3128 1368 3433 1441 tenebant,
3486 1386 3663 1443 quam
3697 1368 3825 1448 ipse

2176 1460 2495 1539 Gregorius
2524 1459 2889 1539 sequendam
2922 1456 3035 1516 sibi
3069 1474 3200 1516 esse
3223 1455 3591 1521 duxit.Unde
3628 1456 3686 1517 in
3721 1476 3824 1518 ea-

2176 1553 2310 1611 dem
2346 1550 2613 1611 oratione
2639 1548 2719 1609 ait
2753 1546 3079 1609 cmnobitas
3104 1547 3160 1605 In
3196 1549 3439 1624 .Egypto
3474 1547 3654 1608 simul
3697 1566 3828 1607 esse

2176 1638 2457 1701 erelnilas
2489 1648 2542 1700 et
2583 1637 2868 1715 migades.
2907 1636 3031 1696 Duo
3074 1634 3233 1695 enim
3278 1634 3415 1696 disti
3446 1640 3586 1711 :guit
3620 1654 3822 1697 mona-

2174 1729 2422 1790 chorum
2455 1746 2677 1805 genera
2699 1726 2757 1787 in
2786 1723 3109 1785 solitudine
3130 1725 3449 1784 viventium
3486 1746 3498 1785 :
3535 1730 3593 1782 οἱ
3618 1729 3717 1800 μὲν
3738 1731 3829 1783 τὸν

2948 1009 2993 1061 οἱ
3046 1005 3323 1080 μονιδικοι
3358 1010 3440 1061 καὶ
3474 1007 3716 1087 μιγάδες,
3743 1008 3826 1068 sic

2117 1822 2349 1885 Βπάντη
2411 1816 2696 1893 μοναδικόν
2753 1837 2809 1871 τε
2866 1819 2952 1870 καὶ
3032 1814 3252 1889 ἄμικτον
3312 1812 3643 1877 ambio-311's;
3692 1817 3825 1890 βίον,

2180 1910 2389 1974 ἑαυτοῖς
2420 1910 2604 1982 μόνοις
2651 1905 3068 1983 προσλαλοῦντες
3122 1905 3207 1958 καὶ
3237 1912 3313 1976 τῲ
3360 1912 3496 1976 Θεῷ,
3545 1907 3631 1960 καὶ
3676 1916 3829 1962 τοῦτο

2178 1999 2339 2072 μόνον
2371 1998 2573 2071 κόσμον
2620 1994 2836 2072 εἰδότες,
2882 1993 3005 2050 ὅσον
3065 1993 3117 2048 ἐν
3177 2000 3245 2068 τῇ
3289 1993 3479 2070 ἐρημίᾳ
3538 1995 3826 2070 wing-(:09-

2178 2112 2282 2149 σιν,
2340 2090 2399 2145 Οἱ
2461 2086 2512 2141 δὲ
2572 2087 2731 2142 νόπον
2790 2085 3003 2161 ἀγάπης
3061 2090 3127 2158 τῇ
3190 2084 3433 2154 κοινωνία
3488 2080 3822 2161 στέργοντες,

2176 2178 2423 2255 ἒρτιμικοί
2452 2199 2506 2232 τε
2560 2178 2693 2249 ὁμοῦ
2744 2176 2831 2230 καὶ
2882 2171 3124 2251 μιγάδες.
3184 2171 3452 2245 Quorum
3501 2172 3617 2232 alii
3648 2170 3826 2233 vitam

2168 2284 2400 2343 pronus
2450 2269 2777 2331 solitarium,
2836 2266 2977 2322 etab
3027 2265 3299 2321 hominum
3348 2264 3595 2321 societate
3643 2280 3819 2319 remo-

2175 2364 2287 2411 tam
2332 2359 2517 2427 agunt.
2586 2355 2675 2409 sui
2742 2353 2981 2424 ipsorum
3036 2359 3245 2407 tantum
3303 2360 3352 2407 et
3417 2352 3513 2406 Dei
3568 2350 3828 2422 colloquio

2174 2442 2438 2512 fruentes.
2499 2450 2658 2512 atque
2722 2438 2855 2493 hanc
2912 2438 3171 2494 duntaxat
3249 2443 3408 2490 terrae
3464 2441 3676 2508 partem
3723 2448 3829 2507 pro

2177 2527 2370 2583 mundo
2421 2526 2669 2583 habentes
2746 2540 2911 2595 quam
2966 2524 3026 2577 in
3057 2521 3349 2579 solitudine
3396 2522 3665 2589 cognitam
3725 2521 3825 2575 ha-

2178 2612 2325 2667 bent.
2374 2612 2488 2666 Atii
2519 2620 2697 2667 autem
2735 2608 3019 2664 charitatis
3066 2608 3223 2678 leges
3260 2622 3355 2676 per
3414 2605 3829 2662 communionem

2177 2704 2225 2753 et
2286 2698 2595 2753 societatem
2659 2696 2907 2762 colentes,
2972 2691 3210 2748 solitarii
3268 2692 3421 2746 simul
3475 2699 3523 2747 et
3588 2689 3827 2760 migades

2176 2781 2498 2845 sunt.l|lud
2528 2782 2704 2841 etiam
2740 2778 3013 2840 laudatur
3042 2796 3073 2837 a
3101 2776 3390 2854 Gregorio
3426 2778 3500 2853 (αλ
3540 2776 3597 2836 in
3626 2792 3825 2834 mona-

2182 2876 2314 2937 cbis
2346 2873 2732 2937 Nazianzenis
2769 2894 2781 2935 :
2841 2873 3017 2949 Μέτρα
3073 2878 3169 2936 τῆς
3213 2874 3283 2935 εἷς
3330 2874 3388 2928 τὸ
3422 2880 3599 2927 κοινὸν
3636 2869 3821 2941 ἒπιμιο

2182 2972 2289 3037 ξίας
2335 2975 2421 3027 καὶ
2452 2970 2879 3049 ὑποχωρήσεως,
2946 2972 3042 3031 τῆς
3085 2966 3180 3039 μὲν
3224 2967 3344 3025 τοὺς
3402 2963 3591 3026 ἄλλους
3637 2960 3826 3017 παιδα-

2180 3067 2483 3144 γωγούστ-,ς³
2519 3067 2614 3131 τῆς
2674 3061 2729 3117 δέ
2773 3063 2848 3135 τῷ
2894 3060 3156 3133 Πνεύμαῖι
3204 3057 3690 3133 μυσταγιιιγῦὗσης,
3738 3056 3825 3109 καὶ

2179 3168 2278 3228 τῆς
2310 3162 2407 3235 μὲν
2462 3161 2516 3214 ἐν
2573 3165 2649 3232 τῷ
2702 3160 2862 3228 κοινῴ
2914 3157 2973 3212 -.‘o
3025 3153 3232 3209 ἅκοινον
3282 3151 3675 3231 aulum-3311:,
3728 3155 3826 3215 τῆς

2180 3255 2234 3311 δὲ
2289 3256 2341 3311 ἐν
2394 3261 2470 3328 τῷ
2522 3253 2729 3327 ἁμίκτῳ
2787 3254 2846 3305 τὸ
2908 3246 3226 3329 φιλάδελφον
3285 3247 3367 3301 καὶ
3430 3244 3821 3323 φιλάνθρωπον,

2177 3347 2364 3405 Modus
2419 3357 2531 3402 tum
2589 3344 2645 3397 in
2699 3357 2967 3402 commune
3013 3338 3330 3411 prodeundi,
3375 3343 3480 3389 tum
3527 3334 3827 3399 secedendi,

2179 3434 2338 3499 illud,
2406 3431 2477 3488 ad
2538 3431 2675 3487 alios
2714 3425 3092 3485 instituendos.
3149 3422 3267 3491 hoc,
3337 3427 3395 3479 ut
3443 3422 3547 3494 ipsi
3586 3419 3829 3492 Spiritus

2180 3520 2442 3592 mysteriis
2486 3515 2818 3579 imbuuntur,
2853 3521 3017 3584 atque
3054 3512 3136 3565 ita
3167 3516 3477 3578 utrumque,
3530 3514 3576 3558 ei
3608 3506 3668 3560 in
3685 3520 3826 3559 com-

2180 3590 2327 3661 muni
2362 3601 2702 3661 solitudinem
2745 3604 2978 3665 servent,
3027 3604 3073 3649 et
3114 3596 3173 3650 in
3205 3592 3487 3650 solitudine
3526 3590 3827 3661 fraternam

2180 3690 2663 3754 benevolentiam
2689 3694 2743 3744 et
2769 3678 3451 3749 charitatem.Quamvis
3474 3692 3613 3751 ergo
3649 3675 3831 3753 miga-

2181 3783 2287 3844 des
2311 3782 2494 3844 iidem
2516 3777 2818 3840 interdum
2846 3774 2967 3834 sint
2986 3770 3140 3851 apud
3170 3767 3485 3829 nonnullos
3507 3767 3831 3845 scriptores

2183 3895 2250 3938 ac
2276 3873 2612 3943 ccenobitze,
2648 3878 2707 3932 at
2729 3876 2892 3931 certe
2911 3862 3196 3941 Gregorio
3220 3879 3336 3921 non
3362 3868 3554 3940 potest
3576 3860 3701 3920 haec
3730 3860 3827 3918 in-

2187 3963 2775 4051 terpretatioallingi,
2808 3959 2908 4041 qui
2923 3959 2982 4051 in
2996 3954 3307 4051 cteuobitis
3339 3953 3633 4051 migadum
3648 3952 3827 4051 vitam

2184 4040 2317 4120 cum
2364 4040 2864 4118 anachoretarum
2929 4047 3199 4109 instituto
3249 4043 3530 4123 conjungi
3564 4040 3827 4105 volebat.

2186 4151 2341 4222 Quin
2373 4148 2549 4209 etiam
2581 4142 2902 4207 Maximum
2954 4134 3397 4219 philosophum,
3428 4133 3529 4213 qui
3565 4135 3829 4212 profecto

2186 4236 2483 4301 coenobita
2514 4254 2633 4297 non
2660 4227 2916 4307 erat,sed
2943 4226 3138 4309 potius
3157 4243 3292 4287 erro
3311 4222 3550 4304 quidam
3584 4231 3643 4282 et
3670 4222 3827 4301 I'ugi-

2187 4327 2529 4407 tivus,inter
2548 4322 2812 4403 migades
2837 4324 3108 4381 numerat
3124 4315 3222 4394 (b).
3239 4311 3583 4407 Hquncqenim
3607 4310 3828 4387 laudat,

2185 4402 2430 4500 quod-to
2458 4402 2769 4475 κοινωνικὸν
2798 4412 2887 4467 καὶ
2918 4408 3218 4485 ἐπίμικτον,
3272 4403 3639 4474 institutum,
3675 4402 3833 4481 quod

2184 4489 2521 4573 societatem
2543 4502 2635 4567 col
2644 4505 2687 4563 it
2714 4508 2767 4563 et
2797 4498 3217 4577 permiscetur,
3249 4492 3574 4555 eremiticte
3596 4499 3657 4553 et
3684 4489 3831 4552 soli-

2128 4637 2167 4687 ο
2189 4598 2356 4663 tariaa
2387 4598 2515 4658 vitae
2549 4590 2899 4676 praetulerit.

2264 4704 2334 4762 V.
2373 4699 2506 4761 Haec
2540 4695 2807 4778 pluribus
2836 4689 3158 4753 referenda
3200 4686 3503 4778 duximus,
3558 4692 3621 4746 ut
3653 4693 3714 4745 et
3759 4683 3834 4745 de

2184 4792 2473 4874 Gregorio
2505 4776 2564 4851 et
2588 4788 2662 4849 de
2696 4784 2913 4847 Basilio
2938 4776 3562 4858 sciremus,quodnam
3588 4782 3719 4837 vitae
3739 4794 3837 4855 ge-

2185 4867 2480 4946 nus‘alter
2502 4875 2933 4957 elegerit,alter
2962 4875 3021 4934 in
3052 4867 3431 4931 monasteriis
3462 4867 3582 4927 suis
3605 4867 3833 4927 consti-

2185 4973 2546 5037 tuerit.Nam
2582 4956 2843 5029 medium
2873 4961 3016 5025 illud
3051 4960 3210 5021 inter
3236 4960 3621 5019 anachoretas
3643 4956 3835 5017 etmi-

2185 5068 2367 5145 gades
2390 5054 2913 5137 institutum,quod
2936 5049 3256 5145 Gregorius
3270 5044 3838 5145 tantiiaciebat,ipse

2187 5136 2363 5215 ctiam
2396 5149 2651 5213 Basilius
2701 5136 2789 5207 in
2818 5139 3193 5205 monasteriis
3237 5138 3364 5199 suis
3394 5136 3671 5198 instituit.
3707 5136 3838 5197 Non

2188 5243 2349 5307 enim
2368 5243 2527 5303 hanc
2551 5236 2753 5303 Basilii
2772 5233 3005 5295 laudem
3031 5224 3841 5311 prastermisitGregorius,ut

2186 5353 2256 5398 ex
2294 5332 2385 5394 his
2420 5328 2618 5394 verbis
2649 5324 3045 5407 perspicimus
3075 5318 3156 5400 (c)
3196 5338 3210 5378 :
3244 5326 3347 5377 τοῦ
3379 5319 3547 5407 τοίνον
3580 5317 3840 5395 ἐρημικοῡ

2186 5428 2300 5503 βίου
2359 5424 2445 5480 καὶ
2487 5427 2579 5479 τοῦ
2630 5417 2851 5496 μιγάδος
2904 5411 3232 5492 μαχομένων
3275 5409 3405 5487 πρὸς
3450 5406 3719 5476 ἀλλήλους
3764 5408 3836 5469 ὡς

2186 5520 2252 5574 τὰ
2293 5512 2472 5572 πολλὰ
2522 5511 2612 5567 καὶ
2665 5506 3043 5581 διϊσταμένων,
3106 5501 3195 5557 καὶ
3230 5498 3501 5576 οὐδετέρου
3532 5498 3744 5559 πάντως
3804 5497 3838 5565 ἢ

2274 5677 2353 5758 (ο)
2380 5674 2557 5739 0m.
2587 5671 2691 5738 eo.
