4130 6408
1699 353 1881 419 VITA
1927 353 1985 415 S.

2035 347 2334 414 BASILII.
3590 364 3700 414 xtx

301 515 361 558 τὸ
390 500 580 580 καλὸν,
617 501 648 569 ἢ
678 501 738 556 τὸ
768 498 967 580 φαῦλον
1017 499 1367 573 ἀνεπίμικτον
1411 496 1655 576 ἔχοντος·
1693 494 1830 550 ἀλλὰ
1856 495 1949 542 τοῦ

2057 480 2361 544 ~remiticae
2381 482 2509 542 vitae
2532 480 3124 543 commodazarcebat
3145 471 3692 545 incommodaBasi-

296 594 395 668 μὲν
451 591 684 670 ἡσυχίου
744 592 843 665 μὲν
901 589 1052 651 ὅντνς
1107 587 1333 662 μᾶλλον,
1388 589 1474 642 καὶ
1524 583 1942 651 καθεστηκότος,

295 684 379 736 καὶ
434 689 547 754 Θεῴ
600 682 938 757 συνάγοντος*
974 681 1067 734 οὒκ
1095 679 1292 756 ἁτὺφου
1322 676 1377 731 ἑὲ
1405 676 1489 732 διὰ
1540 678 1600 732 τὸ
1631 681 1728 740 τῆς
1754 672 1944 750 ἀρετῆς

295 769 647 825 ἀϐασάνιστον
702 771 790 825 καὶ
848 770 1184 846 ἀσύγκριτον·
1250 774 1340 822 τοῦ
1393 765 1446 821 δὲ
1517 763 1946 842 πρακτικωτέρου

296 860 391 934 μὲν
426 859 630 934 μᾶλλον
675 861 761 914 καὶ
813 857 1250 938 χρησιμωτέρου,
1276 857 1336 911 τὸ
1395 853 1684 933 θορυϐῶδες
1730 852 1788 909 οὗ
1819 851 1913 930 φεύ

297 970 504 1025 γοντες,
561 950 649 1004 καὶ
682 950 898 1011 τούτους
931 946 1116 1026 ἄριστα
1148 944 1480 1014 κατήλλαξεν
1540 942 1805 1004 ἀλλτλοις
1863 939 1950 993 καὶ

298 1038 665 1116 συνεκέρασεν·
725 1039 1026 1114 ἁσκητήρισι
1082 1039 1170 1092 καὶ
1243 1036 1576 1111 μοναστήρια
1633 1031 1949 1106 δειμάμενος

299 1128 420 1206 μὲν,
455 1129 515 1184 οὗ
544 1127 723 1205 πόῤῥω
753 1125 807 1182 δὲ
841 1130 945 1182 τῶν
975 1132 1305 1182 κοινωνικῶν
1375 1126 1464 1179 καὶ
1521 1120 1786 1200 μιγάδων,
1835 1116 1948 1176 οὒδὲ

300 1216 480 1295 ὥσπερ
501 1220 693 1295 τειχίῳ
707 1218 807 1272 τινὶ
830 1216 978 1290 μέσῳ
999 1215 1168 1271 ταῦτα
1182 1210 1471 1285 διαλαϐὼν,
1491 1214 1579 1267 καὶ
1593 1211 1686 1265 ἀπ’
1701 1206 1951 1277 ἀλλήλων

303 1307 564 1384 χωρίσας,
592 1304 728 1360 ἀλλὰ
752 1305 976 1372 πλησίον
999 1307 1237 1378 συνάψας
1256 1302 1344 1357 καὶ
1376 1299 1667 1371 διαζεύξας·
1702 1298 1794 1353 ’ἕνα
1817 1297 1953 1371 μήτε

303 1396 362 1450 τὸ
393 1394 682 1475 φιλόσοφον
706 1394 1066 1460 ἀκοινώνητον
1096 1398 1152 1471 ᾖ,
1187 1393 1326 1466 μήτε
1357 1391 1416 1445 τὸ
1445 1390 1735 1464 πρακτικὸν
1765 1384 1952 1464 ἀφιλό-

303 1507 488 1563 σοφον.
566 1485 722 1546 Cum
772 1485 968 1562 igitur
1025 1480 1302 1543 solitaria
1363 1484 1513 1552 vita,
1557 1486 1615 1538 et
1689 1494 1762 1538 ea
1821 1491 1958 1554 qua?

302 1572 553 1629 societate
585 1572 811 1643 gaudet,
857 1576 921 1628 ut
972 1570 1265 1643 plurimum
1296 1569 1441 1626 inter
1493 1583 1549 1625 se
1603 1565 1953 1628 diuiderent,

304 1681 364 1717 ac
429 1670 790 1734 pugnarent:
865 1669 1158 1733 neutraque
1219 1660 1446 1725 omnino,
1514 1658 1596 1714 vel
1649 1653 1952 1716 commoda,

304 1753 383 1806 uel
410 1753 735 1807 incommoda
765 1767 869 1808 sua
913 1766 1061 1822 pura
1091 1754 1143 1804 et
1182 1748 1423 1804 immista
1473 1747 1694 1802 haberet
1725 1762 1742 1806 ;
1772 1758 1954 1799 verum

2034 571 2090 630 lii
2126 589 2266 630 cura
2288 571 2345 630 in
2371 570 2459 631 eis
2481 570 3033 647 erudiendis;cujus
3053 571 3143 631 rei
3169 572 3516 650 praeclarum
3541 572 3684 633 indi-

2032 661 2189 719 rium
2212 669 2300 719 est
2323 660 2581 738 epistola
2595 668 2819 731 octava,
2851 679 3028 733 quam
3049 661 3572 740 paulisperabesse
3594 681 3695 722 co-

2030 759 2194 811 actus
2217 749 2476 829 scripsit,
2513 759 2574 810 ut
2605 767 2706 812 eos
2726 749 2796 810 ad
2824 751 3178 812 evertendas
3211 751 3566 814 Arianorum
3585 770 3689 812 ar-

2031 839 2225 917 gutias
2254 841 2673 901 communiret.
2713 839 2972 901 Dubium
3011 860 3124 901 non
3163 849 3251 901 est
3283 842 3426 921 quin
3452 841 3601 903 socii
3635 849 3692 902 et

2033 928 2363 991 imitatores
2396 930 2597 991 Basilii
2629 929 2852 991 fuerint
2887 948 3023 991 cum
3049 930 3107 990 in
3154 931 3267 992 fide
3291 931 3688 1004 defendenda,

2037 1027 2156 1078 tum
2191 1017 2250 1078 in
2273 1018 2405 1080 aliis
2435 1017 3082 1099 rebus,quasEcclesiaa
3101 1039 3275 1081 causa
3301 1021 3481 1099 gessit
3511 1021 3569 1082 in
3602 1040 3692 1081 so-

2037 1106 2305 1169 litudine.
2341 1112 2512 1171 Certe
2532 1128 2648 1170 non
2684 1108 3141 1188 aliosdesignat,
3167 1129 3302 1170 cum
3335 1109 3413 1170 ait
3432 1110 3491 1170 in
3512 1113 3686 1189 epist.

2039 1198 2140 1276 51,
2173 1217 2228 1257 n.
2258 1199 2315 1268 ἓ,
2350 1217 2413 1259 se
2446 1218 2581 1260 cum
2611 1199 2812 1261 multis
2835 1202 2893 1261 in
2930 1199 3320 1280 patriaDeum
3346 1199 3694 1262 timentibus

2037 1283 2437 1347 insolabiliter
2466 1287 2751 1368 doluisse,
2789 1290 2946 1368 quod
2981 1288 3229 1351 Dianius
3258 1288 3692 1351 formuIaaCon-

2040 1374 2424 1456 stantinopoli
2456 1377 2645 1438 allatae
2675 1379 3151 1459 subscripsisset.
3183 1379 3372 1459 Atque
3405 1380 3527 1443 hinc
3552 1377 3690 1460 qui-

2041 1464 2177 1525 dem
2203 1465 2276 1526 de
2310 1466 2530 1528 Basilio
2563 1468 2809 1548 ejusque
2833 1468 3168 1548 discipulis.

2119 1560 2196 1616 At
2232 1556 2382 1616 forte
2406 1556 2479 1618 de
2510 1557 2799 1635 Gregorio
2827 1558 3086 1618 dubitari
3110 1558 3528 1638 possit,utrnm
3551 1577 3614 1619 se
3633 1558 3691 1618 in

2041 1646 2466 1708 monasterium
2501 1647 2818 1726 receperit.
2857 1647 3077 1710 Verum
3102 1649 3335 1709 etiamsi
3366 1647 3689 1717 asceticum

2038 1736 2367 1800 institutum
2398 1739 2457 1800 in
2484 1740 2745 1819 paternis
2775 1740 3002 1802 adibus
3034 1741 3415 1814 excoluisset,
3452 1741 3602 1802 nihil
3636 1740 3692 1800 id

303 1844 402 1898 illa
454 1841 622 1911 magis
677 1841 896 1912 quidem
928 1839 1233 1910 tranquilla
1273 1843 1324 1894 et
1383 1836 1678 1909 composita
1707 1835 1863 1899 esset,
1895 1846 1959 1886 ac
1984 1824 2018 1872 Β
2042 1828 2115 1888 de
2147 1831 2274 1907 ejus
2300 1837 2569 1890 votorum
2599 1830 2991 1909 perpetuitate
3013 1830 3697 1901 detraheret,necidcir-

307 1933 414 1988 Deo
479 1932 690 1988 animos
751 1931 1024 2002 copulare:
1064 1946 1076 1986 ε
1122 1935 1382 1985 creterum
1438 1927 1502 1984 ob
1559 1941 1681 1982 eam
1737 1938 1958 1980 causam

300 2025 448 2092 fastu
492 2038 600 2077 non
641 2026 872 2082 careret.
901 2020 1040 2092 quod
1073 2020 1252 2076 virtus
1291 2034 1397 2075 non
1424 2018 1828 2089 explorantur,
1862 2026 1959 2068 nec

301 2113 360 2166 in
388 2111 840 2181 comparationem
879 2108 1082 2166 veniret
1128 2127 1142 2173 ;
1185 2109 1299 2164 haec
1329 2113 1513 2163 autem
1542 2106 1711 2177 magis
1748 2102 1961 2175 quidem

303 2209 527 2257 actuosa
547 2207 596 2254 et
625 2200 777 2256 utilis
808 2209 960 2262 esset,
994 2215 1180 2257 verum
1209 2216 1239 2252 a
1273 2197 1584 2255 tumultibus
1616 2197 1791 2252 minus
1821 2193 1960 2249 libe-

304 2309 364 2345 ra
399 2313 410 2344 :
451 2292 708 2361 protelare
744 2307 833 2346 eas
869 2292 1016 2346 inter
1040 2308 1092 2344 se
1140 2288 1513 2346 reconciliavit
1541 2305 1601 2342 ac
1630 2285 1960 2359 permiscuit,

303 2384 521 2455 pietatis
552 2384 808 2440 nimirum
838 2383 1127 2454 gymnasia
1167 2388 1216 2437 et
1273 2382 1596 2438 monasteria
1657 2384 1961 2442 exstructis,

307 2490 417 2529 non
450 2478 626 2528 tamen
679 2473 827 2543 longe
870 2471 1244 2542 discrepantia
1300 2473 1367 2528 ab
1423 2471 1491 2528 iis
1520 2484 1635 2543 quas
1662 2469 1967 2526 societatem

307 2564 508 2622 colunt.
572 2570 619 2617 et
677 2562 1103 2632 permiscentur;
1164 2577 1256 2616 nec
1300 2561 1443 2616 velut
1526 2574 1678 2615 muro
1719 2556 1969 2628 quopiam

310 2653 583 2723 interjecto
619 2651 727 2706 haec
781 2651 1026 2706 instituta
1083 2650 1416 2721 distinguens
1476 2659 1636 2722 atque
1684 2665 1715 2701 a
1774 2663 1829 2702 se
1879 2646 1971 2701 in-

308 2744 479 2797 vicem
529 2757 808 2812 separatis,
871 2755 1059 2797 verum
1109 2755 1268 2811 prope
1323 2739 1651 2810 conjungens
1709 2753 1770 2792 ac
1829 2735 1966 2791 diri-

310 2848 457 2888 mens
491 2847 505 2888 :
537 2837 592 2885 ut
649 2845 744 2886 nec
805 2831 1178 2901 contemplatio
1229 2828 1729 2885 communicationis
1777 2841 1968 2898 expers

311 2930 468 2986 esset,
527 2937 618 2976 nec
685 2921 827 2976 actio
884 2919 1323 2990 contemplatione
1376 2925 1604 2975 careret.
1666 2917 1967 2974 Existimat

311 3010 729 3073 Tillemontius
760 3009 1268 3072 anachoretarum
1295 3009 1453 3069 aedes
1485 3025 1668 3087 prope
1692 3005 1966 3069 caenohia

311 3123 344 3163 a
377 3102 592 3165 Basilio
617 3102 800 3163 fuisse
824 3109 1172 3162 exstructas.
1213 3098 1274 3160 In
1306 3119 1423 3180 quo
1457 3097 1698 3178 quidem
1727 3096 1967 3175 decepit

2042 1936 2111 1978 co
2146 1918 2330 1979 videri
2364 1917 2629 1989 deberet,
2658 1927 2760 1980 aut
2787 1919 3174 1982 continentiae
3197 1919 3566 1999 professione
3589 1921 3696 1981 ob-

2041 2007 2280 2072 strictus
2305 2024 2426 2068 non
2461 2007 2666 2080 fuisse,
2702 2018 2800 2068 aut
2834 2029 2950 2069 non
2976 2027 3041 2069 se
3073 2010 3352 2070 omnibus
3379 2009 3561 2070 rebus
3589 2028 3694 2088 pro

2043 2094 2276 2158 Christo
2303 2097 2586 2158 nudasse.
2617 2096 2770 2168 Quot
2801 2099 2960 2157 enim
2985 2097 3176 2158 tribus
3213 2100 3418 2178 primis
3464 2099 3699 2166 saeculis

2045 2186 2341 2266 ejusmodi
2365 2189 2536 2248 vitam
2559 2195 2695 2248 ante
2716 2197 3014 2248 exstructa
3038 2189 3400 2250 monasteria
3421 2198 3696 2268 egerunt,

2047 2279 2122 2338 de
2152 2277 2370 2357 quibus
2397 2286 2592 2337 tamen
2623 2276 2741 2338 dici
2767 2297 2882 2339 non
2919 2286 3109 2357 potest
3137 2279 3295 2358 quod
3346 2280 3420 2340 de
3453 2279 3694 2347 Basilio,

2049 2365 2358 2444 Gregorio,
2392 2365 2622 2428 Joanne
2655 2367 3076 2446 Chrysostomo
3101 2378 3158 2428 et
3187 2368 3321 2430 aliis
3356 2370 3698 2448 pronuntiat

2047 2457 2497 2536 Thoniassinus,
2531 2455 2690 2516 nulla
2713 2475 2815 2518 eos
2865 2458 2979 2517 voti
3037 2458 3393 2519 necessitate
3424 2458 3698 2520 astrictos

2051 2544 2423 2617 fuisse?Quis
2453 2545 2680 2607 dubitet
2702 2546 2846 2626 quin
2870 2546 3264 2628 S.Cyprianus
3288 2555 3577 2628 perpetuo
3602 2565 3700 2609 se—

2054 2652 2118 2694 se
2142 2634 2488 2713 obligaverit
2517 2645 2671 2714 voto,
2699 2653 2834 2696 cum
2876 2635 3032 2696 bona
3051 2655 3158 2697 sua
3185 2636 3547 2717 pauperibus
3570 2637 3698 2698 dis-

2057 2725 2282 2800 tribuit,
2317 2744 2386 2785 ac
2416 2725 2846 2786 continentiam
2868 2725 3061 2786 adhuc
3094 2729 3696 2790 catechumenusam-

2055 2815 2260 2894 plexus
2283 2815 2652 2878 est?Miratur
2672 2816 3151 2877 Pontiustantum
3179 2817 3240 2876 in
3263 2820 3696 2880 catechumeno

2053 2902 2545 2965 fervoremJnter
2563 2904 2707 2982 fidei
2734 2904 3101 2984 suw,inquit,
3124 2906 3327 2984 prima
3350 2907 3697 2970 rudimenta

2050 2990 2213 3052 nihil
2234 2992 2408 3052 aliud
2425 2992 2809 3053 credidit/)eo
2827 2991 3078 3071 dignum
3091 3010 3294 3071 ,quam
3319 2995 3372 3055 si
3391 3001 3704 3058 continen-

2054 3081 2213 3141 tiam
2229 3087 2525 3144 tucretur.
2542 3079 2717 3156 .Quis
2728 3098 3000 3160 unquam
3017 3085 3177 3142 tanti
3191 3084 3487 3145 miraculi
3500 3091 3708 3146 memi-

313 3210 447 3253 eum
473 3190 630 3252 Billii
664 3190 1212 3271 interpretatio,qui
1242 3170 1340 3251 hic
1372 3170 1607 3270 quoque
1639 3170 2023 3247 coenohitasC
2046 3173 2142 3231 πίε
2229 3171 2434 3271 [ncilla
2466 3188 2710 3271 βξοτεξιε
2732 3179 2791 3231 θι
2822 3170 3078 3232 absurda
3127 3172 3412 3234 lalldandi
3439 3175 3614 3256 ralia,
3650 3175 3702 3271 Si

314 3281 612 3359 migadum
646 3280 890 3340 nomine
917 3277 1230 3340 intellexit.
1286 3279 1388 3340 Sic
1440 3278 1602 3339 enim
1651 3275 1960 3339 reddidit:

317 3371 535 3427 Pietatis
570 3370 841 3425 nimirum
881 3368 1161 3440 gymnasia
1214 3375 1263 3425 et
1292 3367 1622 3424 monasteria
1663 3371 1964 3430 exstructis,

314 3476 427 3515 non
463 3465 645 3514 tamen
681 3460 833 3528 longo
871 3459 1154 3514 interuallo
1182 3457 1246 3511 ab
1277 3457 1344 3511 iis
1380 3457 1468 3530 qui
1497 3457 1559 3512 in
1592 3454 1844 3512 sodalitio
1883 3456 1965 3512 ni-

317 3559 490 3614 vunl.
528 3550 840 3612 Befellitur
868 3549 994 3609 haec
1027 3549 1440 3629 interpretatio
1487 3567 1554 3609 ex
1617 3555 1737 3608 tota
1769 3547 1971 3608 Basilii

322 3640 589 3714 historia,
641 3655 818 3716 quem
873 3636 1189 3698 cceoobitis
1221 3637 1530 3717 praefuisse
1565 3643 1816 3714 constat,
1854 3655 1972 3698 non

320 3728 696 3791 anachoretis
729 3745 913 3808 prope
966 3726 1294 3790 ccenobitas
1325 3726 1684 3789 const‘lutis.
1745 3724 1976 3786 Deinde

315 3837 453 3880 vero
485 3817 785 3895 migadum
819 3817 1064 3877 nomine
1089 3835 1204 3876 non
1234 3815 1568 3888 ccenobita),
1605 3813 1708 3875 sed
1761 3823 1977 3876 ascetaa

322 3908 533 3970 actioni
564 3906 774 3979 dediti,
806 3914 868 3964 ut
919 3905 978 3965 in
1011 3905 1427 3986 superioribus
1455 3905 1624 3978 locis,
1660 3904 1969 3982 designan-

323 4007 458 4058 tur:
514 4013 628 4056 nec
684 3996 1074 4055 anaclioretas
1161 3995 1416 4057 Basilius
1477 4011 1661 4074 prope
1708 3993 1972 4072 migades

322 4086 626 4149 constituit
653 4104 666 4143 :
697 4084 800 4145 sed
829 4094 1153 4165 utrumque
1177 4085 1512 4147 institutum
1542 4084 1702 4146 nullo
1730 4103 1972 4163 prorsus

327 4195 492 4237 muro
525 4175 888 4254 diremptum
924 4192 1056 4235 esse
1103 4175 1311 4249 voluit,
1357 4174 1566 4254 sicque
1621 4181 1967 4254 utrumque,

326 4264 618 4327 coenobiis
649 4263 1055 4338 exstruendis,
1093 4265 1429 4343 conjunxit,
1467 4274 1530 4325 ut
1555 4281 1668 4324 nex
1704 4265 1970 4324 anacho—

324 4363 584 4416 relarum
612 4353 850 4413 deesset
880 4352 1165 4428 solitudo,
1201 4373 1307 4414 nec
1360 4352 1656 4432 migadum
1708 4353 1972 4415 officiosa

326 4442 604 4515 charitas,
629 4443 952 4522 primorum
985 4451 1181 4503 autem
1234 4443 1471 4505 abesset
1517 4443 1700 4504 fastus
1731 4443 1970 4524 pericu-

328 4535 476 4611 lum,
508 4541 565 4594 et
588 4531 986 4612 posteriorum
1022 4531 1335 4595 tumultus.

408 4673 573 4735 Idem
607 4690 748 4751 ergo
775 4674 1142 4752 pr0positum
1167 4673 1278 4735 fuit
1309 4673 1594 4752 Gregorio
1633 4684 1695 4736 et
1736 4673 1978 4736 Basilio.

328 4761 575 4843 Utrique
598 4762 983 4825 solitudinem
1017 4781 1151 4823 cum
1173 4765 1359 4825 sacris
1378 4763 1596 4827 litteris
1618 4766 1983 4845 conjungere

328 4850 550 4913 volenti
569 4871 678 4912 nec
689 4853 1188 4914 anachoretarum
1203 4852 1637 4917 arridebatvita
1665 4873 1774 4916 nec
1791 4855 1980 4933 miga-

331 4941 498 5002 dum.
535 4943 620 5002 Ac
650 4943 725 5002 de
756 4942 970 5003 Basilio
1002 4943 1244 5022 quidem
1279 4951 1444 5005 certa
1475 4955 1530 5006 et
1558 4944 1860 5024 explorata
1885 4963 1984 5006 res

332 5034 446 5102 est,
483 5046 618 5090 eum
661 5028 878 5090 vixisse
904 5029 963 5090 in
1001 5030 1357 5092 monasterio
1405 5038 1463 5092 et
1519 5031 1830 5111 discipulis
1859 5029 1984 5092 suis

333 5117 606 5180 eamdem
637 5118 871 5180 vivendi
927 5119 1179 5180 formam
1215 5120 1673 5201 praescripsisse,
1710 5137 1886 5202 quam
1919 5119 1980 5182 in

336 5209 712 5270 monasteriis
742 5211 968 5290 Egypti
993 5208 1240 5282 viderat,
1279 5211 1360 5273 ita
1382 5223 1446 5272 ut
1476 5230 1587 5273 nec
1624 5211 1985 5273 necessariis

333 5298 407 5360 ad
438 5316 638 5360 sacras
659 5298 887 5360 litteras
911 5297 1230 5379 praesidiis,
1265 5307 1330 5360 ut
1375 5302 1773 5382 anachoretae,
1809 5319 1982 5362 care-

335 5397 493 5463 rent,
525 5406 637 5449 nec
664 5396 728 5448 ut
766 5389 1056 5468 migades,
1113 5389 1361 5450 nimium
1431 5391 1733 5452 charitatis
1773 5390 1988 5452 officiis

341 5478 879 5553 mersarentur,sed
898 5478 1328 5541 meditarentur
1345 5487 1409 5540 ut
1427 5480 1993 5561 primi,prodessent

340 5574 404 5629 ut
434 5567 708 5631 secundi.
741 5566 875 5649 Ipse
910 5568 1256 5630 monasterii
1286 5568 1436 5632 situs
1484 5569 1771 5632 afferebat
1791 5570 1994 5632 omnia

425 5732 507 5810 (α)
549 5728 760 5794 Carm.
809 5731 882 5792 de
918 5728 1078 5796 vita.

2047 3259 2807 3340 continentiamCyprianus
2824 3272 3176 3340 perpetuam
3191 3280 3308 3322 non
3322 3267 3700 3342 voverat,sed

2051 3350 2122 3410 ad
2148 3357 2384 3427 tempus
2406 3348 2869 3421 colebat.Quare
2883 3348 3478 3429 etiamsiGregorium
3502 3349 3702 3415 monia-

2052 3437 2235 3500 steria
2265 3456 2383 3498 non
2416 3436 2786 3516 habuissent,
2824 3455 2941 3497 non
2973 3436 3200 3500 idcirco
3223 3457 3500 3516 magnum
3551 3441 3698 3502 illud

2052 3534 2466 3590 ornamentum
2504 3527 2828 3588 monastico
2867 3527 3142 3588 instituto
3174 3528 3328 3609 eripi
3352 3530 3701 3610 posset.Sed

2057 3627 2251 3679 tamen
2285 3615 2526 3697 probari
2561 3623 2752 3696 potest
2771 3634 2909 3677 eum
2934 3635 3050 3676 non
3079 3617 3387 3681 minimam
3409 3620 3542 3682 vitae
3566 3639 3702 3701 par-

2057 3715 2176 3769 tem
2209 3706 2266 3766 in
2295 3707 2656 3767 monasterio
2674 3705 3101 3767 traduxisseJn
3127 3710 3486 3770 monasterio
3504 3709 3706 3771 Basilii

2059 3805 2459 3860 commoratus
2517 3805 2606 3858 est
2654 3795 2998 3877 aliquandiu
3031 3807 3346 3877 antequam
3403 3799 3710 3881 presbyter

2055 3892 2385 3959 crearetur,
2420 3895 2478 3946 et
2507 3886 2740 3966 qualem
2777 3887 2859 3946 ibi
2893 3888 3066 3947 vitam
3089 3889 3298 3964 egerit,
3336 3889 3574 3967 egregie
3602 3891 3708 3951 de-

2055 3976 2262 4038 scribit
2283 3977 2342 4036 in
2366 3977 2509 4056 cp.8
2531 3983 2588 4037 et
2612 3976 2670 4038 9.
2710 3973 2876 4038 Unde
2903 3994 3020 4036 non
3061 3975 3360 4038 immerito
3383 3978 3628 4039 Basilius
3649 3978 3710 4040 in

2055 4065 2231 4146 epist.
2269 4065 2407 4140 223,
2437 4084 2495 4126 η.
2525 4067 2584 4136 5,
2613 4073 3076 4126 testatursecum
3102 4064 3162 4124 in
3187 4067 3710 4130 monasterioGre-

2054 4156 2286 4236 gorium
2315 4154 2468 4215 idem
2496 4154 2628 4215 vitae
2682 4155 3017 4217 institutum
3049 4165 3319 4215 secutum
3352 4173 3504 4216 esse.
3539 4156 3709 4237 Fugit

2056 4244 2386 4324 Gregorius
2411 4245 2472 4304 in
2504 4245 2776 4307 eamdem
2800 4244 3184 4305 solitudinem
3215 4245 3524 4326 presbyter
3545 4266 3708 4310 crea-

2055 4333 2344 4397 tus.Haud
2365 4335 2488 4394 scio
2511 4351 2586 4393 an
2602 4333 2657 4392 in
2679 4332 3063 4393 solitudinem
3090 4334 3436 4394 monasterii
3455 4353 3520 4397 se
3543 4355 3713 4398 rece-

2058 4425 2234 4508 perit,
2267 4444 2402 4486 cum
2441 4443 2650 4486 rursus
2681 4425 2742 4485 in
2766 4433 3030 4486 montem
3053 4424 3201 4503 fugit
3224 4434 3356 4505 post
3377 4430 3708 4490 ordinatio-

1998 4541 2042 4591 ι)
2061 4535 2196 4578 nem
2224 4515 2625 4578 Sasimensem
2654 4516 2870 4595 (a),aut
2890 4533 3025 4576 cum
3048 4533 3204 4576 anno
3228 4517 3347 4578 375
3368 4518 3708 4582 Seleuciam

2066 4606 2337 4687 secessit,
2363 4614 2427 4667 ut
2457 4605 2614 4687 quod
2643 4606 2868 4668 dudum
2892 4605 3239 4668 decreverat
3279 4607 3505 4670 amicos
3525 4618 3584 4671 et
3609 4629 3714 4672 ne-

2065 4696 2220 4776 gotia
2250 4697 2476 4776 fugere,
2511 4695 2571 4758 id
2607 4696 2842 4758 tandem
2875 4695 3210 4776 perficeret.
3251 4694 3367 4759 Sed
3397 4708 3561 4761 certe
3594 4701 3712 4762 du-

2066 4785 2235 4847 bitari
2271 4805 2391 4848 non
2419 4794 2613 4867 potest
2633 4786 2802 4866 quin,
2828 4785 3078 4865 abjectis
3109 4787 3716 4869 Constantinopolita-

2067 4896 2158 4938 nae
2204 4877 2492 4939 Ecclesiae
2530 4877 2971 4956 gubernaculis,
3026 4877 3148 4937 ruri
3209 4879 3482 4940 monachi
3536 4883 3711 4944 vitam

2064 4966 2279 5046 egerit,
2312 4976 2374 5029 ut
2408 4975 2655 5029 testatur
2677 4966 3096 5046 Hieronymus,
3151 4975 3209 5028 et
3238 4986 3373 5028 cum
3407 4971 3716 5034 monachis

2064 5056 2296 5133 vixerit,
2322 5066 2385 5118 ut
2419 5057 2706 5120 discimus
2735 5075 2804 5118 ex
2837 5055 3140 5132 Facundo,
3173 5056 3280 5121 lib.
3304 5075 3408 5131 γη,
3442 5078 3495 5124 c.
3525 5063 3587 5124 7.

2709 5149 2952 5215 CAPUT
2989 5153 3056 5215 V.

2067 5247 2172 5312 I.S
2179 5246 2482 5313 .Basilius
2493 5267 2622 5310 cum
2635 5246 3288 5311 EustathioSebasteno
3299 5252 3572 5314 amicitia
3586 5270 3721 5314 con-

2150 5331 2447 5410 iungitur.
2483 5331 2552 5392 Il.
2585 5328 2794 5410 Qualis
2817 5329 2914 5410 vir
2950 5330 3180 5410 exstitit
3209 5329 3589 5394 Eustathius.
3613 5329 3717 5395 ΙΙΙ.

2157 5407 2372 5490 Decepi
2378 5418 2396 5472 t
2410 5407 3721 5475 etiamS.EmebiumSamosatensemEusta-

2152 5489 2328 5572 thius
2331 5491 2477 5572 ﬁdei
2493 5491 2842 5572 studiumet
2858 5489 3239 5572 sanctitatem
3257 5508 3386 5571 pm
3404 5511 3466 5554 se
3485 5493 3716 5572 ferens.

2154 5569 2256 5634 IV.
2289 5569 2634 5634 Damnatus
2685 5569 2924 5633 videtur
2949 5570 3141 5647 fuisse
3170 5571 3237 5632 in
3257 5569 3521 5635 concilio
3551 5573 3721 5634 Gan-
