4130 6416
435 397 571 455 XIII

1798 384 2366 447 PROLEGOMENA
2378 431 2392 445 .

438 521 660 599 διαϐολῇ
716 521 809 589 τῆς
858 518 1199 598 Ἐκκληςίας,
1232 521 1312 582 κ.ὶ
1371 512 1560 578 ἑαυτοῦ
1614 518 1808 596 βλάϐῃ,
1848 520 1909 581 Id
1970 537 2076 579 au-

2182 532 2289 574 wn
2318 532 2414 575 eos
2443 514 2745 578 abstinere
2802 518 2949 578 dicit
3015 515 3437 597 Epiphanius:
3507 522 3835 589 Philaater

438 620 557 675 tem
587 612 867 692 praeclare
888 609 1161 687 congruit
1178 628 1315 669 cum
1339 608 1637 670 Eustathii
1660 606 1972 670 Sebasteni
2000 608 2095 666 in-

439 701 681 773 stitutis,
723 699 845 778 qui,
883 706 944 758 ut
974 698 1130 758 infra
1159 697 1520 771 videbimus,
1550 717 1668 757 non
1701 697 1972 758 cmnobia
2000 696 2096 755 ubi

440 809 647 853 omnes
676 788 849 849 unius
886 786 1191 867 priepositi
1228 798 1405 848 nutus
1434 786 1766 866 intuentur,
1796 786 1894 847 sed
1920 786 2096 845 aliam

440 880 699 960 speciem
754 876 1030 937 asceticae
1067 876 1212 957 vitae,
1248 875 1350 937 ubi
1384 876 1579 954 major
1613 875 1798 936 multo
1834 875 2097 954 libertas,

439 967 723 1031 instituit.

516 1058 577 1119 3°
597 1059 659 1117 In
715 1054 1005 1118 Eustathii
1038 1052 1345 1132 discipulis
1380 1053 1504 1113 haec
1539 1054 1927 1132 reprehendit
1957 1072 2098 1127 syn-

440 1144 615 1219 odus,
640 1142 795 1224 quod
825 1141 1059 1221 nuptias
1082 1141 1675 1220 vituperarent,viros
1697 1141 1769 1201 ab
1794 1142 2101 1219 uxoribus,

438 1251 657 1296 uxores
688 1252 721 1294 a
749 1231 887 1291 viris
911 1230 1253 1291 abstrahere
1266 1237 1349 1307 nt,
1385 1230 1545 1292 unde
1567 1230 1864 1292 adulteria
1887 1249 1919 1290 a
1944 1249 2097 1289 non-

440 1323 621 1385 nullis
651 1322 1006 1384 commissa:
1042 1320 1197 1400 quod
1258 1319 1363 1379 Dei
1398 1319 1610 1381 domos
1641 1328 2102 1380 contemnerent

442 1421 503 1473 et
522 1414 778 1494 privatos
795 1419 1119 1471 conventus
1139 1409 1803 1483 haberent,ohlationes
1830 1410 1885 1468 in
1913 1408 2094 1469 eccle-

445 1502 553 1564 siis
571 1502 701 1563 ﬁeri
734 1501 938 1562 solitas
970 1498 1084 1559 sibi
1119 1506 1176 1559 et
1209 1499 1355 1561 suis.
1399 1508 1462 1557 ut
1499 1497 2104 1559 sanctioribusvindi—

444 1602 669 1653 carent:
699 1589 854 1670 quod
881 1587 1183 1648 insolitum
1205 1587 1547 1648 vestimenti
1568 1606 1755 1666 genus
1777 1596 2097 1666 gestarent,

444 1681 733 1741 mulieres
752 1678 911 1739 virili
940 1691 1100 1737 veste
1126 1677 1733 1755 induerent,virgines
1761 1679 2095 1749 tenderent,

446 1788 649 1831 servos
679 1788 712 1829 a
743 1766 1000 1828 dominis
1031 1766 1398 1827 abducerent
1425 1788 1435 1822 :
1464 1766 1622 1844 quod
1658 1765 1752 1825 die
1786 1767 2095 1827 Dominico

432 1859 804 1939 jejunarent,
839 1865 896 1917 et
922 1855 1155 1935 jejunia
1186 1855 1245 1915 in
1270 1856 1539 1915 ecclesiis
1573 1854 1916 1935 praescripta
1945 1874 2092 1915 con—
2122 1879 2155 1926 Β

446 1955 783 2009 temnerent
816 1968 826 2004 :
858 1946 1014 2025 quod
1049 1944 1323 2005 nonnulli
1355 1962 1560 2005 eorum
1597 1946 1862 2005 carnium
1895 1964 2089 2011 usum,

446 2045 513 2098 ut
543 2037 947 2116 illegitimum,
985 2044 1425 2108 aversarentur,
1462 2042 1520 2093 et
1554 2036 1610 2093 in
1643 2032 1918 2093 domibus
1945 2053 2093 2093 con-

442 2127 785 2206 jugatorum
812 2144 886 2185 ne
902 2142 1113 2203 preces
1129 2124 1367 2204 quidem
1386 2122 1513 2184 ﬁeri
1530 2122 1752 2183 debere
1776 2126 2029 2184 contend
2040 2143 2097 2184 e-

448 2223 585 2278 rent
612 2237 624 2274 :
657 2216 733 2276 de
752 2214 1061 2276 sacriﬁciis
1079 2222 1272 2272 autem
1308 2211 1387 2272 ibi
1420 2231 1575 2293 sazpe
1608 2212 1821 2273 oblatis
1855 2220 2101 2292 tangere

445 2305 709 2367 nollent:
748 2302 1144 2383 presbyteros,
1176 2303 1275 2382 qui
1310 2319 1525 2363 uxores
1548 2303 1797 2381 duxere,
1833 2313 2101 2362 contem-

447 2403 806 2471 nerent,nec
821 2411 1025 2454 eorum
1051 2392 1331 2453 sacriﬁcii
1358 2393 1683 2472 participes
1707 2412 1838 2453 esse
1856 2391 2096 2453 vellent:

446 2500 775 2565 martyrum
810 2482 1082 2543 basilicas
1114 2492 1173 2541 et
1202 2501 1333 2562 quae
1370 2481 1487 2542 illic
1521 2482 1688 2554 ﬁunt,
1726 2482 2099 2542 condemna-

441 2585 601 2647 rent,
632 2572 894 2647 denique
927 2571 1209 2631 divitibus
1234 2591 1349 2631 non
1376 2572 1575 2631 omnia
1606 2589 1711 2631 sua
1735 2570 2100 2650 projicienti-

443 2662 558 2725 bus
587 2681 752 2743 spem
785 2660 937 2740 apud
972 2660 1159 2721 Deum
1211 2660 1674 2740 praecluderent.
1712 2660 1831 2722 Cur
1865 2662 1988 2721 haec
2021 2659 2095 2720 ad

444 2750 734 2814 Eustathii
758 2749 1065 2812 Sebasteni
1098 2750 1426 2828 discipulos
1457 2750 1941 2825 referamus,non
1968 2748 2095 2809 leve

442 2850 856 2918 argumentum
909 2839 1243 2919 suppeditat
1292 2839 1509 2900 Aerius
1540 2840 1601 2899 in
1655 2839 1767 2899 hoc
1818 2837 2092 2898 sodalitio

442 2928 619 3008 longe
648 2928 1102 3005 celeberrimus,
1140 2930 1233 2989 cui
1282 2928 1466 2988 multa
1512 2926 1856 2987 tribuuntur
1898 2927 2088 2986 simil-

443 3018 587 3079 lima
620 3018 689 3078 iis
713 3036 853 3093 qua:
890 3018 1149 3097 synodus
1200 3016 1562 3095 Gangrensis
1594 3016 2004 3095 reprehendit.
2041 3014 2094 3075 ls

442 3106 1532 3186 enim,testeEpiphanio(a),magnam
1558 3105 1863 3165 hominum
1882 3106 2096 3165 utrius~

442 3215 559 3273 que
582 3214 758 3257 sexus
788 3196 1227 3257 multitudinem
1253 3195 1560 3273 abstraxit,
1590 3193 1944 3273 quibuscum
1973 3195 2091 3271 pri-

439 3294 598 3346 vatos
630 3291 955 3345 conventus
988 3285 1265 3346 habebat.
1304 3282 1546 3345 Pascha;
1568 3283 1979 3343 celebritatem
2007 3285 2091 3344 ri-
2114 3288 2154 3336 C

438 3372 963 3452 debat,jejunabat
989 3374 1096 3433 die
1127 3372 1464 3446 Dominica,
1493 3371 1714 3452 quibus
1738 3381 1932 3431 autem
1961 3372 2091 3432 die-

441 3463 794 3542 busjejunia
819 3463 1165 3523 indicuntur
1194 3460 1267 3523 ab
1300 3460 1597 3527 Ecclesia,
1628 3460 1977 3521 vescebatur
2016 3460 2093 3521 ll-

441 3554 556 3615 lius
570 3557 898 3613 sectatores
925 3551 1058 3611 vinu
1076 3550 1432 3610 etcarnibus
1456 3549 2094 3627 indulgebantdilucu-

439 3641 521 3715 lo,
546 3650 670 3701 tum
694 3659 829 3701 cum
858 3640 1070 3700 ﬁdeles
1088 3639 1322 3718 jejuuia
1348 3639 1647 3719 paschalia
1683 3638 2082 3700 celebrarent.

440 3730 523 3792 Im
535 3730 903 3793 moderatum
924 3730 1283 3808 paupertatis
1300 3728 1745 3809 studium,quod
1764 3729 2087 3808 reprehen-

441 3819 526 3879 dit
543 3818 822 3898 synodus,
850 3820 991 3877 satis
1016 3818 1241 3879 redolet
1276 3819 1575 3897 ingenium
1602 3818 1789 3893 Aerii,
1826 3818 1925 3897 qui
1951 3836 2082 3879 cum

442 3910 786 3987 magistrum
807 3926 979 3967 suum
1016 3909 1379 3969 Eustathium
1402 3908 1630 3968 videret
1647 3907 2086 3968 ecrlesiasticos

438 3998 669 4059 reditus
687 3996 748 4055 in
784 3996 1053 4057 manibus
1079 3997 1570 4070 habentem,inde
1589 4014 1794 4056 ansam
1820 3994 2094 4074 capiebat

437 4088 514 4149 de
543 4106 611 4147 eo
643 4086 1018 4160 detrahendi,
1046 4106 1113 4146 ac
1142 4086 1420 4146 omnibus
1454 4084 1765 4145 dictitandi
1800 4103 1920 4143 non
1955 4102 2089 4143 eum

441 4194 575 4237 esse
605 4179 701 4255 qui
741 4175 1032 4236 hactenus
1064 4174 1275 4249 fuerat,
1312 4173 1415 4234 sed
1445 4175 1514 4233 ad
1550 4191 1677 4233 rem
1711 4180 2095 4251 attentum,et

441 4265 818 4326 cumulandis
850 4265 1063 4344 opibus
1085 4271 1271 4325 totum
1302 4263 1669 4325 incumbere.
1709 4263 1973 4323 Libertas
2001 4265 2089 4321 vi—

444 4353 613 4414 vendi
628 4355 699 4414 ad
719 4354 1030 4415 arbitrium
1051 4353 1624 4432 etsentiendi,quam
1654 4352 1712 4411 in
1732 4361 1892 4413 secta
1913 4368 2090 4430 asyn-

441 4444 557 4504 odo
591 4446 869 4505 damnata
900 4444 1448 4517 animadvertimus,
1477 4461 1591 4501 non
1620 4442 1824 4501 aberat
1855 4460 1888 4501 a
1913 4458 2092 4518 grege

439 4533 894 4595 Aerii.Testatur
906 4534 1064 4593 enim
1082 4532 1442 4611 Epiphanius
1458 4530 1776 4590 nonnullos
1790 4539 2089 4590 austerum
2118 4562 2158 4611 ο

438 4622 673 4683 vivendi
699 4641 888 4702 genus
906 4622 1251 4690 retinuisse,
1278 4619 1547 4701 quamvis
1577 4620 1845 4698 plerique
1870 4620 2007 4679 vino
2030 4626 2085 4679 et

439 4713 719 4772 carnibus
751 4730 881 4772 sese
904 4711 1354 4789 ingurgitarent.
1386 4708 1828 4771 Matrimonium
1856 4708 1928 4768 ab
1960 4706 2085 4768 Eu-

442 4802 639 4862 stathii
671 4802 984 4880 discipulis
1010 4801 1335 4880 vituperari
1370 4808 1618 4860 testatur
1647 4798 1906 4878 synodus
1938 4797 2089 4861 Gau-

442 4893 693 4971 grensis:
706 4892 860 4952 idem
878 4890 1141 4952 deAerio
1157 4906 1273 4950 non
1289 4890 1431 4951 dicit
1445 4898 1686 4951 sanctus
1701 4886 2084 4968 Epiphanius:

441 4982 545 5042 sed
572 4990 765 5042 tamen
784 4982 856 5042 ab
886 4981 1043 5040 illius
1060 4987 1222 5041 secta
1244 4981 1417 5058 hujus
1442 4982 1659 5039 erroris
1685 4978 2085 5057 suspicionem

439 5089 558 5131 non
584 5071 845 5132 abfuisse
876 5070 1164 5131 discimus
1182 5089 1249 5130 ex
1275 5070 1368 5130 his
1390 5069 1579 5130 sancti
1609 5066 1924 5146 Augustini
1952 5085 2086 5127 ver-

436 5159 624 5229 bis(b)
657 5160 886 5226 Quidam
933 5158 1215 5229 perhibent
1260 5160 1407 5223 istos,
1458 5158 1593 5215 sicut
1645 5157 1967 5213 Encratitas
2009 5156 2089 5211 vel

436 5246 797 5316 Apotactitas,
830 5260 933 5298 non
967 5242 1242 5299 admittere
1269 5244 1338 5297 ad
1369 5252 1781 5299 communionem
1801 5257 1955 5297 suam
1978 5242 2087 5299 nisi

436 5334 791 5397 continentes,
828 5333 878 5384 et
906 5343 990 5384 eos
1029 5329 1120 5399 qui
1160 5331 1352 5386 scecuto
1420 5330 1496 5382 ita
1545 5327 1999 5391 renuntiaverint,
2030 5334 2087 5381 ut

433 5416 666 5488 propria
731 5415 891 5470 nutta
942 5414 1272 5486 possideant.
1317 5415 1401 5472 Ab
1454 5430 1570 5471 esca
1624 5420 1795 5472 tamen
1832 5414 2085 5468 carnium

519 5572 621 5645 (α)
644 5566 874 5645 Ηωιθε.
911 5583 1083 5629 Lxxv.

548 5648 598 5719 b)
632 5644 803 5708 Tom.
843 5648 997 5722 Vill,
1033 5647 1244 5710 hmres.
1275 5664 1399 5711 Lm.

542 5726 598 5811 ο)
632 5726 776 5790 Lib.
800 5744 886 5803 ιιι,
920 5746 976 5791 c.
1009 5728 1104 5789 14.

2184 620 2320 665 vero
2352 612 2407 666 et
2440 604 2598 668 hanc
2630 610 2719 668 eis
2749 606 2963 668 tribuit
2992 606 3444 671 abstinentiam.

2264 726 2409 785 Cum
2438 743 2576 804 ergo
2606 727 2751 787 nihil
2774 726 2974 815 ferein
2988 728 3278 789 Eustathii
3303 731 3615 811 discipulis
3631 752 3835 815 repre-

2186 814 2405 874 hendat
2450 818 2707 894 synodus
2757 814 3141 894 Gangrensis,
3180 820 3334 897 quod
3376 838 3489 881 non
3523 814 3748 899 pariter
3773 827 3834 887 in

2184 904 2365 964 Aerio
2397 902 2688 965 Eustathii
2718 904 3027 966 Sebasteni
3060 906 3356 986 discipulo
3400 912 3831 988 reprehensum

2183 991 2384 1081 fuerit,
2409 992 2657 1053 difﬁcile
2697 1002 2790 1054 est
2821 995 3165 1056 existimare
3188 994 3591 1069 Eustathium,
3623 1002 3835 1081 dequo

2186 1080 2443 1159 synodus
2473 1081 2758 1161 loquitur,
2796 1101 2911 1143 non
2946 1082 3128 1145 fuisse
3150 1086 3314 1146 Aerii
3350 1080 3832 1165 magistrum.At-

2186 1169 2458 1248 quehinc
2480 1170 2655 1230 etiam
2692 1181 2849 1249 patet
2875 1174 3173 1234 immerito
3223 1174 3671 1238 Tillemontiuin
3707 1180 3832 1240 exi-

2183 1260 2425 1319 stimare
2457 1260 2608 1319 hanc
2631 1268 2849 1321 sectam
2875 1261 2995 1323 cito
3014 1264 3363 1324 exstinctam
3391 1265 3719 1339 fuisse,nec
3744 1269 3828 1328 ul-

2188 1348 2298 1406 lam
2324 1348 2397 1407 de
2430 1348 2527 1409 illa
2562 1358 2690 1427 post
2718 1350 3013 1428 synodum
3042 1348 3447 1428 Gangrensem
3475 1356 3532 1414 in
3572 1357 3834 1417 historiae

2188 1439 2591 1498 monumentis
2627 1439 2993 1501 mentionem
3027 1458 3366 1503 occurrere.
3399 1443 3701 1505 Etsienim
3722 1445 3833 1505 sub

2187 1524 2476 1588 Eustathii
2508 1531 2753 1588 nomine
2783 1528 3020 1605 cognita
3047 1548 3167 1589 non
3194 1529 3300 1590 fuit
3320 1532 3679 1611 Epiphanio,
3715 1540 3837 1596 Au-

2183 1615 2423 1689 gustino
2446 1627 2507 1678 et
2526 1616 2864 1689 Philastrio,
2892 1628 3054 1678 certe
3080 1618 3156 1679 ab
3182 1619 3313 1697 ejus
3332 1620 3628 1701 discipulo
3652 1625 3833 1685 Aerio

2180 1704 2396 1765 famam
2430 1705 2687 1784 aliquam
2723 1713 2779 1765 et
2812 1724 3029 1766 nomen
3052 1708 3308 1783 accepit.

2260 1822 2549 1884 Eustathii
2569 1822 2882 1885 Sebasteni
2913 1823 3238 1903 discipulos
3263 1824 3357 1884 his
3390 1827 3721 1887 canon‘bus
3742 1831 3833 1887 lo-

2180 1931 2312 1973 cum
2331 1913 2571 1973 dedisse
2594 1914 2732 1973 hinc
2755 1914 2930 1973 etiam
2950 1915 3307 1975 confirmare
3327 1918 3830 1997 possumus,quod

2181 2002 2307 2081 ipsa
2340 2003 2605 2082 synodus
2636 2002 2782 2063 nihil
2817 2003 2891 2063 de
2924 2002 3251 2073 Eustathio,
3292 2010 3356 2065 ut
3389 2004 3529 2064 mali
3564 2012 3827 2084 auctore,

2180 2094 2453 2171 asperius
2475 2100 2713 2153 statuat.
2735 2090 2833 2154 Sic
2852 2092 3011 2153 enim
3038 2092 3249 2171 incipit
3278 2103 3534 2171 synodus
3562 2111 3574 2154 :
3610 2092 3827 2160 Ἐπειδὴ

2187 2182 2499 2238 συνελθοῦσα
2567 2186 2600 2251 ἡ
2662 2185 2934 2259 ἁγιωτάτῃ
3001 2181 3212 2247 σύνοδος
3245 2191 3349 2239 τῶν
3412 2184 3715 2239 ἐπισκόπων
3774 2185 3826 2239 ἐν

2184 2280 2251 2346 τῇ
2284 2274 2419 2326 κατὰ
2472 2272 2711 2349 Γάγγρσν
2772 2271 3051 2350 ὲκχλῃσίᾳ,
3116 2271 3198 2327 διά
3253 2294 3397 2336 τινας
3456 2276 3826 2339 ἐκκλησιαστι-

2185 2363 2279 2422 ne;
2334 2362 2545 2439 χρείας,
2603 2363 2943 2435 ζητουμένων
2993 2365 3078 2419 καὶ
3158 2364 3264 2417 τῶν
3342 2364 3460 2417 κατ’
3520 2364 3822 2436 Εὖστάθιον,

2186 2449 2389 2526 εὕρισκε
2455 2449 2628 2505 πολλὰ
2684 2450 2918 2525 ἁθέσμως
2977 2452 3227 2527 γινόμενα
3298 2453 3397 2506 ὑπὸ
3467 2453 3670 2507 τούτων
3739 2454 3824 2507 αὖ·

2183 2547 2288 2593 τὼν
2342 2545 2449 2594 τῶν
2522 2542 2635 2614 περὶ
2723 2542 3024 2595 Εὖστάθιον*
3108 2542 3409 2617 ἀναγκαίως
3464 2542 3683 2617 ὥρισεν,
3742 2544 3827 2597 xxi

2985 2629 3324 2701 ἐσπούδασεν,
3413 2633 3489 2693 sic
3561 2632 3827 2708 ἀναίρεσιν

2179 2725 2284 2772 τῶν
2313 2717 2400 2773 ὑπ’
2452 2723 2605 2775 αὒτού
2655 2727 2833 2783 κακῶς
2882 2722 3174 2797 γινομένων
3244 2720 3550 2794 Quoniam
3610 2738 3824 2781 conve-

2178 2810 2355 2867 niens
2378 2813 2759 2869 sanctissima
2777 2810 3044 2889 synodus
3064 2811 3473 2889 episcoporum
3497 2812 3561 2871 in
3580 2809 3828 2871 ecclesia

2179 2898 2272 2958 Ga
2286 2900 2523 2975 «gi-ensi
2556 2908 2814 2979 propter
2824 2900 3249 2961 ecclesiasticus
3263 2901 3555 2978 quasdam
3571 2909 3623 2960 et
3640 2917 3829 2961 neces-

2178 2993 2379 3048 saria:
2408 3007 2643 3069 causas,
2675 3006 2809 3050 cum
2854 2997 2913 3050 et
2938 2989 3009 3049 de
3042 2990 3117 3049 iis
3146 3006 3277 3067 quae
3313 2991 3389 3049 ad
3427 2988 3827 3050 Eustathium

2178 3078 3072 3157 spectant,qucereretur,multa
3090 3082 3316 3159 reperit
3329 3083 3571 3156 nefarie
3592 3079 3667 3140 ab
3682 3081 3829 3158 ipsis

2180 3167 2287 3219 itii:
2318 3165 2594 3224 Eustathii
2622 3167 2897 3239 discipulis
2925 3168 3052 3238 ﬁeri
3076 3184 3090 3230 ;
3121 3173 3417 3224 necusario
3444 3185 3507 3223 ea
3534 3169 3596 3223 de
3625 3185 3685 3223 re
3715 3176 3829 3223 ata-

2182 3254 2319 3327 tuit,
2346 3271 2417 3314 ac
2434 3262 2579 3314 nota
2602 3256 2881 3315 omnibus
2900 3254 3107 3331 facere
3126 3254 3552 3333 decrevit,qiue
3576 3253 3735 3315 male
3754 3252 3829 3315 ab

2183 2636 2309 2683 πᾶσι
2394 2633 2613 2708 φανερὸν
2680 2636 2899 2695 ποιῆσαι

2177 3359 2247 3402 eo
2279 3343 2451 3421 ﬁunt.
2487 3342 2828 3422 Legendum
2862 3361 2997 3403 esse
3045 3342 3332 3416 ὓπάὖτὼν,
3360 3352 3418 3403 et
3447 3343 3825 3421 vertendum,

2177 3450 2314 3511 qua:
2342 3434 2494 3493 male
2516 3433 2732 3494 abillis
2752 3433 2929 3512 ﬁunt,
2970 3433 3325 3512 perspicitur
3342 3450 3409 3493 ex
3446 3433 3538 3493 his
3562 3451 3691 3512 qua
3724 3450 3820 3494 se-

2175 3530 2458 3599 quuntur,
2502 3525 2590 3577 καὶ
2643 3525 2742 3600 γὰρ
2792 3523 2851 3577 ἐκ
2903 3530 2995 3577 τοῦ
3040 3524 3479 3600 καταμέμφεσθαι
3514 3523 3698 3584 αὐτοὺς
3732 3523 3827 3576 τὸν

2173 3611 2365 3686 γάμοι·
2398 3628 2541 3672 nam
2564 3629 2640 3672 ea:
2659 3629 2727 3672 eo
2744 3612 2904 3690 quod
2930 3614 3180 3690 nuptias
3200 3615 3569 3690 vituperent,
3590 3608 3825 3671 etc.Ni-

2172 3700 2252 3760 hil
2280 3718 2423 3761 sane
2444 3702 2509 3762 in
2537 3702 2650 3762 hac
2680 3701 2891 3781 synodi
2924 3701 3269 3778 praefatione
3291 3702 3585 3779 reperias,
3613 3717 3685 3761 ex
3708 3719 3824 3780 quo

2169 3799 2511 3850 accusatum
2538 3790 2721 3852 fuisse
2752 3790 3125 3851 Eustathium
3147 3800 3359 3869 pateat.
3385 3790 3622 3867 Ubique
3642 3790 3702 3851 in
3721 3789 3819 3849 di-

2170 3878 2434 3957 scipulos
2456 3879 2708 3939 crimina
2723 3879 3265 3958 rejiciuntur,nulla
3294 3879 3403 3961 ipsi
3425 3880 3623 3942 inusta
3646 3882 3820 3959 igno-

2179 3967 2390 4047 minia,
2422 3968 2693 4047 quamvis
2718 3970 2971 4030 maxima
2999 3968 3156 4029 inuri
3189 3969 3486 4047 debuerit,
3521 3970 3569 4029 si
3592 3969 3823 4030 facino-

2176 4074 2308 4116 rum
2343 4065 2549 4117 auctor
2580 4058 2946 4121 existimatus
2973 4059 3198 4122 fuisset.
3234 4059 3431 4136 Atque
3480 4060 3537 4119 id
3584 4060 3824 4139 quidem

2181 4145 2430 4207 miriﬁce
2460 4148 2738 4210 convenit
2764 4148 3069 4210 Eustathio
3092 4148 3444 4222 Sebasteno,
3476 4166 3656 4229 quem
3682 4167 3827 4210 non-

2180 4236 2352 4314 nulli,
2380 4245 2526 4298 teste
2551 4236 2879 4300 Sozomeno
2910 4240 3017 4318 (ε),
3040 4238 3127 4299 sic
3158 4238 3584 4319 defendebant,
3612 4248 3676 4299 ut
3698 4238 3825 4300 cul-

2178 4344 2309 4404 pam
2336 4344 2571 4387 omnem
2593 4328 2653 4389 in
2686 4329 2816 4407 ejus
2847 4328 3173 4409 discipulos
3197 4329 3563 4399 conferrent,
3593 4346 3704 4390 nec
3727 4328 3823 4389 ul-

2177 4416 2291 4474 lam
2316 4416 2500 4496 ipsius
2523 4418 2748 4478 nomini
2769 4418 2954 4479 hacin
2973 4436 3041 4480 re
3055 4420 3347 4480 maculam
3372 4419 3639 4480 insidere
3663 4429 3825 4499 pate-

2177 4505 2647 4568 rentur.Pondus
2663 4508 3821 4589 addithuicsententiesanctusEpipha-

2177 4595 2310 4655 nius
2338 4597 2447 4677 td),
2473 4597 2573 4677 qui
2594 4597 2836 4659 Aeriam
2872 4607 3149 4679 testatur,
3174 4606 3485 4678 postquam
3517 4598 3590 4659 ab
3614 4597 3825 4659 Eusta-

2174 4685 2294 4744 thio
2325 4703 2458 4747 sese
2487 4687 2795 4766 disjunxit,
2826 4688 2901 4749 ad
2932 4689 3195 4750 absurda
3228 4688 3331 4750 illa
3358 4688 3628 4749 instituta
3649 4690 3825 4751 deﬁe-

2173 4774 2351 4837 xisse.
2378 4774 2480 4836 His
2503 4778 2863 4838 novitatibus
2886 4779 3038 4840 alios
3060 4794 3301 4840 errores
3331 4778 3575 4857 adjecit.
3605 4777 3749 4840 Nam
3769 4790 3828 4839 et

2174 4864 2425 4927 Arianus
2450 4875 2595 4947 erat,
2632 4876 2691 4927 et
2748 4886 2961 4948 preces
3020 4886 3125 4949 pro
3195 4868 3445 4929 mortuis
3495 4867 3737 4930 tollebat
3767 4878 3829 4929 et

2177 4954 2550 5035 presbyteros
2568 4957 2915 5037 adaequabat
2936 4956 3253 5039 episcopis.
3269 4956 3385 5019 Sed
3401 4957 3530 5018 ﬁeri
3544 4957 3827 5020 facillime

2175 5044 2385 5122 potuit,
2424 5054 2486 5104 ut
2516 5044 2577 5105 hi
2603 5062 2840 5106 errores
2871 5045 3217 5127 aliquandiu
3261 5045 3498 5109 occulte
3529 5047 3718 5126 sparsi
3749 5047 3822 5105 ad

2172 5133 2587 5211 synodiaures
2618 5152 2736 5194 non
2788 5136 3193 5214 pervenirent.
3250 5136 3415 5208 Quod
3465 5136 3514 5196 si
3564 5155 3826 5196 canones

2171 5222 2547 5299 Gangrenses
2568 5224 2639 5284 ad
2676 5226 2922 5286 Aerium
2973 5226 3318 5306 referimus,
3348 5226 3680 5287 differenda
3711 5226 3825 5287 erit

2171 5312 2297 5373 haec
2331 5312 2613 5392 synodus,
2641 5324 2704 5375 ut
2733 5313 2965 5378 Socrati
2986 5319 3065 5396 (ε)
3092 5324 3151 5377 et
3181 5314 3516 5377 Sozomeno
3535 5320 3611 5396 (f)
3634 5316 3822 5376 visum

2169 5414 2279 5482 est,
2308 5421 2499 5483 usque
2524 5403 2599 5464 ad
2619 5404 3027 5486 episcOpatum
3058 5404 3370 5470 Eustathii.
3394 5407 3635 5470 Aetium
3660 5408 3822 5469 enim

2254 5563 2351 5644 (ά)
2385 5565 2614 5644 Haeres.
2647 5582 2823 5628 un.

2254 5643 2341 5726 (ε)
2376 5643 2501 5705 Lib
2542 5663 2607 5726 ιι,
2643 5664 2696 5705 c.
2726 5646 2821 5709 46.

2255 5725 2340 5806 (n
2374 5725 2509 5787 Lib.
2546 5725 2631 5803 ιιι,
2662 5745 2719 5789 ς.
2756 5728 2851 5791 14.
