4130 6418
1642 368 1824 432 νιΤΑ
1869 369 1927 431 S.

2026 368 2281 435 ASILII.
3503 394 3677 447 XXVII

304 497 532 597 opinio,
566 500 740 597 illud
771 503 965 597 potius
1018 501 1347 597 colligitur,
1397 498 1680 565 Basilium
1741 502 1804 597 in
1859 502 2012 597 hisA
2037 522 2107 597 eo
2138 508 2411 586 consilio,
2449 518 2514 572 ut
2542 510 2781 574 adesset
2811 513 3119 595 Ancyrano
3146 516 3698 597 episcopo,venisse

306 588 836 688 disceptationibus
852 592 988 688 _sub_
1009 592 1288 688 episcopo
1319 592 1629 688 Ancqi‘ano
1660 592 1954 688 secundas
2038 594 2639 688 Constantinopolim,
2673 620 2742 664 ac
2793 588 2959 663 inter
2981 622 3085 666 eos
3117 588 3381 680 stetisse,
3411 588 3512 686 qui
3544 626 3693 688 sup-

304 676 533 777 tulisse,
566 698 635 777 ac
656 680 909 777 proinde
936 681 1222 763 victoriae,
1254 700 1429 763 quam
1461 680 1563 742 ille
1585 680 1816 758 retulit,
1841 682 1949 743 ad-
2038 686 2225 777 petias
2255 688 2340 749 illi
2373 676 2681 756 ferebant:
2714 700 2773 754 et
2799 694 2939 754 dum
2997 694 3191 774 fugam
3237 701 3288 756 ei
3344 676 3687 777 exprobrat,

294 766 556 845 jutorem
589 768 798 833 fuisse.
2034 776 2163 836 solo
2194 787 2435 841 auctore
2469 781 2675 842 nititur
2697 783 3014 847 Eunomio.

384 856 665 920 Eunomii
699 859 782 954 _(p.
838 860 977 954 301)
1024 859 1205 954 verba
1234 860 1351 954 sic
1396 859 1582 923 refert
1628 860 1950 954 Gregorius
2068 953 2075 954 γ
2116 862 2231 928 Sed
2259 869 2556 950 praecipue
2608 869 2877 951 Gregorii
2913 874 3167 954 Nysseni
3217 878 3567 938 auctoritate
3598 878 3690 940 ni-

299 945 612 1024 Nyssenus
650 970 663 1009 :
699 948 789 1007 Ἐν
832 952 1003 1025 τούτῳ
1041 952 1171 1031 φησὶ
1201 950 1459 1028 σὺλλογον
1505 950 1816 1029 γεγενῆσθαι
1846 956 1935 1007 uir

2040 953 2181 1014 titur
2212 945 2652 1039 Tillemontius,
2680 945 2858 1038 quem
2886 945 3256 1026 concessisse
3280 974 3442 1044 putat
3465 966 3687 1028 adver-

299 1039 634 1134 πανταχόθεν
665 1038 926 1118 ὶογάδων,
961 1042 1048 1100 καὶ
1084 1041 1371 1117 ἐνακμάζει
1393 1048 1471 1115 τῷ
1500 1039 1645 1119 λόγῳ
1670 1049 1935 1108 νεανικῶς

2036 1044 2205 1134 sariis
2250 1045 2536 1109 Basilium
2602 1038 3015 1113 celeberrimae
3064 1052 3221 1115 illius
3265 1038 3690 1134 diSputationis

298 1125 386 1182 ὑπ’
417 1126 540 1203 ὄψιν
568 1128 711 1207 ἂγων
763 1128 914 1203 δῆθεν
970 1132 1071 1199 τὴν
1100 1138 1207 1189 τῶν
1258 1132 1589 1210 πραγμάτων
1642 1129 1935 1202 διασκευήν.

2038 1132 2229 1224 nullas
2262 1146 2459 1214 partes
2483 1139 2861 1204 sustinuisse.
2906 1140 3005 1204 Sic
3032 1143 3295 1223 loquitur
3321 1125 3682 1224 Gregorius:

302 1218 433 1272 Εῖτα
478 1217 757 1283 δικασταῖς
831 1243 937 1277 τισι
1004 1220 1176 1298 λέγει,
1235 1219 1374 1297 μηδὲ
1429 1220 1631 1277 τούτων
1700 1222 1954 1297 ὀνομαστὶ
2041 1225 2095 1279 Εἰ
2139 1221 2191 1279 δὲ
2224 1228 2340 1304 περὶ
2372 1234 2477 1284 τῶν
2508 1229 2561 1285 ἐν
2592 1228 2995 1291 Κωνσταντίνου
3028 1217 3181 1289 πόλει
3227 1217 3528 1311 γεγονότων
3552 1229 3685 1311 φησὶ

296 1307 659 1383 μεμνημένος,
700 1311 783 1365 τὸν
825 1310 941 1401 περῖ
991 1317 1099 1367 τῶν
1150 1309 1402 1401 ἐσχάτων.
1459 1313 1772 1389 προκεῖσθαι
1826 1310 1951 1389 390'-
2040 1312 2207 1392 (ιη...
2241 1302 2514 1392 δεξαίμεθα
2542 1319 2638 1384 τὰς
2664 1322 2853 1394 αἰτίας,
2882 1322 2965 1378 ὅτι
3002 1302 3260 1401 παρόντεξ
3391 1302 3684 1397 anteibat?”

294 1416 417 1472 μον,
491 1398 793 1478 ὑποφωνεῖν
828 1397 881 1455 δὲ
911 1401 1150 1478 παρόντα
1179 1401 1268 1456 τὸν
1300 1399 1558 1478 ἡμέτερον
1630 1402 1952 1479 καθηγητὴν
2035 1402 2280 1485 ἀγώνων,
2313 1421 2429 1470 τοῖς
2461 1408 2866 1486 ἀγωνιζομένοις
2898 1411 2957 1467 οὔ
2982 1397 3414 1487 συνεπλάκημεν,
3451 1412 3685 1480 Δειξάτω

292 1486 379 1541 καὶ
436 1486 660 1566 πατέρα·
697 1487 885 1555 τῆςδὲ
938 1490 1161 1566 κρίσεως
1220 1490 1351 1567 πρὸς
1404 1491 1525 1554 τοὺς
1581 1491 1845 1555 ἒναντίους
1891 1495 1950 1548 τὸ
2032 1493 2205 1548 τοίνυν
2248 1495 2488 1568 diulqu
2520 1500 2618 1567 τὴν
2665 1498 2863 1556 δειλίαν
2920 1486 3367 1581 ἑπονειδίζων,ίεί
3419 1501 3682 1571 κατῆλθεν

292 1574 483 1652 κράτος
515 1578 908 1654 μετατιθείσης,
942 1580 1160 1660 φεύγειν
1192 1581 1347 1636 αὑτὸν
1408 1581 1526 1645 τοὺς
1579 1580 1801 1660 τὸπόυς,
1845 1603 1935 1637 καε

2035 1575 2105 1633 εἱς
2138 1574 2327 1647 μέσους
2377 1576 2555 1642 αὒτός.
2624 1580 2798 1655 Quod
2827 1582 2882 1641 si
2935 1574 3320 1660 (Eunomiu's)
3380 1582 3453 1643 de
3506 1582 3689 1645 rebus

293 1663 581 1723 ταλιπόντα
622 1668 718 1735 τὴν
746 1666 913 1742 τάξιν,
948 1670 1035 1724 καὶ
1084 1669 1199 1726 τίνα
1256 1668 1459 1725 καπνὸν
1526 1675 1627 1736 τῆς
1702 1669 1935 1749 πατρίδος

2037 1660 2575 1747 Constantinopoli
2595 1674 2779 1749 gestis
2803 1669 3149 1749 loquitur...
3175 1672 3683 1751 accipiamuseri-

293 1753 663 1842 μεταδιώκειν.
692 1756 788 1818 Ibi
814 1758 907 1819 ait
931 1765 1146 1819 catum
1166 1758 1477 1821 exstitisse
1498 1757 1810 1821 hominum
1826 1778 1935 1822 un-

2032 1755 2446 1833 minationem,
2484 1774 2590 1819 nos
2621 1758 2875 1832 scilicet,
2909 1778 3045 1821 cum
3090 1761 3433 1822 adessemus
3461 1779 3688 1842 pugnos

291 1841 469 1922 dique
496 1846 850 1908 selectorum
878 1866 890 1909 :
924 1864 1110 1927 seque
1147 1847 1522 1909 vehementer
1576 1850 1641 1909 in
1691 1848 1943 1911 dicendo
1969 1848 2003 1896 Β
2026 1841 3689 1929 lempore,cumadversariisnonpugnasse.Demonstret

288 1933 771 2011 venditatpeuli;
796 1936 1071 1999 videlicet
1110 1936 1280 2015 subji
1295 1938 1464 1999 ciens
1512 1955 1718 2000 rerum
1756 1945 1949 2020 αρρα-
2037 1937 2346 2012 igiturqui
2361 1940 2419 1996 ei
2436 1937 2817 2000 timiditatem
2845 1940 3279 2019 exprobrat,an
3299 1942 3428 2019 ipse
3460 1941 3524 2001 in
3551 1957 3683 2001 me-

287 2028 515 2085 ratum.
555 2023 784 2088 Deinde
796 2025 1118 2105 judicibus
1163 2025 1527 2107 quibusdam
1559 2026 1731 2103 dicit,
1762 2046 1953 2109 neque

286 2114 467 2175 etiam
496 2112 635 2177 illos
655 2118 1027 2180 nominatim
1058 2116 1403 2199 appellans,
1431 2118 1697 2198 capitale
1720 2136 1948 2199 propo-

284 2207 474 2265 situm
495 2204 687 2283 fuisse
706 2206 1037 2269 discrimen
1067 2230 1091 2280 ;
1121 2224 1190 2269 ac
1228 2214 1594 2287 praesentem
1643 2210 1951 2271 secundas

284 2300 490 2371 partes
506 2295 870 2358 sustinuisse
897 2298 1261 2377 magistrum
1286 2305 1560 2360 nostrum
1584 2305 1642 2361 et
1662 2304 1899 2377 patrem
1932 2320 1947 2379 ;

286 2381 391 2443 sed
420 2383 680 2445 victoria
710 2402 748 2445 a
768 2385 1082 2464 judicibus
1104 2388 1169 2447 in
1199 2388 1583 2449 adversarios
1611 2387 1946 2468 translata,

288 2472 489 2551 ipsum
519 2472 751 2554 fugisse
780 2475 904 2537 haec
936 2474 1065 2537 loca
1094 2475 1311 2537 ordine
1340 2477 1599 2551 deserto,
1623 2484 1685 2539 et
1712 2476 1948 2556 fumum

284 2561 601 2640 quemdam
627 2565 847 2641 patrias
871 2571 1255 2644 persecutum
1291 2582 1437 2627 esse.

364 2648 430 2711 In
446 2667 516 2712 eo
541 2668 684 2713 sane
702 2654 1102 2734 requirendus
1118 2654 1309 2734 pudor
1326 2653 1799 2734 Eunomii,quod
1816 2654 1944 2714 suis

286 2739 594 2802 victoriam
624 2740 948 2822 adjudicet.
967 2742 1175 2806 Aetius
1196 2743 1493 2824 enim,qui
1526 2743 1944 2823 proAnomaeis

280 2836 488 2893 contra
519 2830 802 2893 Basilium
838 2838 1165 2910 utrumque
1194 2832 1510 2913 pagnabat,
1546 2832 1821 2894 exsilium
1873 2852 1942 2894 ex

280 2920 393 2981 hoc
416 2918 615 2981 duello
650 2920 877 2991 retulit,
913 2921 1135 2983 nedum
1169 2921 1520 2996 victoriam;
1563 2940 1820 3001 eumque
1850 2924 1942 2983 vi-

280 3016 436 3072 ctum
471 3009 649 3070 fuisse
672 3016 873 3072 narrat
902 3011 1270 3073 Sozomenus
1308 3013 1409 3088 (a).
1436 3014 1571 3076 Non
1605 3011 1940 3072 minusim-

281 3097 511 3178 pudens
536 3097 1033 3174 Eunomius,cum
1066 3098 1352 3162 Basilium
1378 3107 1546 3161 vocat
1578 3099 1849 3161 timidum
1878 3108 1934 3161 et

2034 2022 2202 2082 dium
2227 2032 2615 2105 processerit,
2649 2035 2759 2087 etc.
2798 2026 2935 2089 Haec
2959 2027 3455 2107 legentibusillud
3491 2028 3684 2108 primo

2034 2109 2250 2171 intuitu
2275 2113 2919 2195 occurrit,Gregorium
2942 2116 3233 2196 quidquid
3253 2116 3687 2179 concederevi-

2033 2199 2206 2262 detur
2226 2200 2541 2276 Eunomio,
2575 2222 2691 2264 non
2724 2204 2853 2265 sine
2879 2204 3076 2285 aliqua
3107 2204 3299 2266 ironia
3319 2205 3680 2285 concedere,

2037 2297 2095 2347 ut
2128 2290 2601 2352 criminationem
2639 2292 2699 2352 in
2727 2293 2919 2373 ipsum
2955 2302 3259 2355 convertat
3288 2295 3679 2363 Eunomium.

2034 2376 2095 2440 Si
2121 2378 2257 2459 quid
2295 2387 2490 2442 tamen
2519 2382 2677 2442 serio
2738 2401 3090 2443 concessum
3124 2402 3156 2443 a
3182 2382 3493 2464 Gregorio,
3530 2385 3681 2449 nihil

2033 2466 2191 2527 aliud
2215 2486 2590 2543 concessum,
2620 2489 2793 2550 quam
2819 2472 2975 2552 quod
3001 2472 3301 2552 objecerat
3324 2474 3677 2551 Eunomius,

2032 2556 2483 2638 Basilium,cum
2526 2562 2579 2620 in
2607 2560 2806 2639 praelia
2829 2562 3124 2623 secundas
3145 2564 3684 2643 tulisset,inclinata

2028 2646 2085 2705 in
2118 2646 2489 2708 adversarios
2511 2648 3348 2733 victoriadiscessisse.Atque
3380 2656 3526 2717 illud
3551 2658 3681 2734 qui-

2028 2734 2161 2795 dem
2184 2735 2309 2797 fieri
2333 2738 2542 2817 potuit,
2571 2740 3039 2819 utBasilius,ubi
3072 2741 3215 2801 vidit
3239 2743 3524 2806 Basilium
3549 2746 3681 2808 An-

2029 2842 2339 2905 cyranum,
2376 2835 2508 2904 post
2538 2834 2691 2887 tanta
2728 2829 2990 2889 veritatis
3016 2830 3539 2895 adversusAetium
3565 2834 3677 2899 de-

2026 2914 2339 2976 fendendae
2358 2917 2573 2998 studia,
2594 2917 3028 2979 Aeacianorum
3058 2921 3283 2981 artibus
3306 2931 3364 2983 et
3386 2922 3680 2987 Constan-

2026 3006 2086 3063 tii
2125 3005 2303 3065 minis
2334 3006 2574 3087 cedere,
2610 3026 2726 3068 non
2782 3017 3125 3089 eXSpectato
3151 3011 3237 3071 rei
3263 3013 3425 3073 exitu
3458 3011 3671 3076 abiret.

2025 3094 2148 3156 Nec
2180 3094 2578 3175 improbabile
2609 3106 2699 3159 est
2724 3096 3079 3159 Eunomium
3118 3100 3254 3160 inde
3285 3119 3488 3163 ansam
3521 3103 3680 3164 arri-

220 3228 223 3231 ς
278 3187 555 3269 ignavum
609 3208 679 3251 ac
710 3188 1049 3269 graviorum
1105 3188 1371 3251 laborum
1422 3189 1749 3269 fugientem
1806 3190 1885 3269 ib)
1923 3202 1999 3267 ;c
2027 3184 2228 3262 puisse
2257 3184 2657 3247 calumniandi
2694 3209 2706 3250 :
2742 3196 2797 3249 at
2829 3204 3024 3269 neque
3058 3206 3130 3250 ex
3162 3189 3345 3271 illius,
3382 3208 3576 3271 neque
3607 3211 3679 3255 ex

279 3279 455 3360 eique
479 3278 801 3359 exprobrat
817 3286 1105 3342 secretam
1130 3278 1579 3360 domunculam,
1611 3285 1670 3340 et
1690 3279 1937 3359 jannam

281 3375 406 3431 tuto
437 3368 725 3449 clausam,
771 3376 831 3431 et
858 3369 1313 3450 trepidationem
1343 3368 1419 3431 ob
1467 3376 1690 3431 metum
1746 3370 1940 3431 intro-

279 3457 575 3533 euntium,
633 3465 692 3520 et
721 3458 782 3520 in
808 3477 973 3539 voce,
1038 3458 1229 3521 oculis
1252 3478 1321 3522 ac
1380 3459 1546 3520 vultu
1588 3459 1819 3540 pavoris
1851 3459 1938 3521 si-

278 3564 417 3627 gna.
456 3550 607 3611 Sunt
639 3552 764 3610 hiec
823 3548 1105 3630 sophista;
1148 3549 1426 3628 nugantis
1469 3548 1765 3623 convicia,
1819 3569 1934 3610 non

280 3646 637 3717 argumenta
664 3635 926 3699 hominis
958 3637 1116 3700 serio
1162 3637 1538 3700 disserentis.
1591 3637 1704 3700 Sed
1738 3650 1935 3699 tamen

281 3745 353 3788 ex
414 3728 545 3808 ejus
588 3726 933 3789 testimonio
985 3727 1346 3809 perspicitur
1388 3727 1673 3790 Basilium
1713 3727 1775 3789 in
1826 3729 1937 3790 hoc

278 3817 601 3879 certamine
626 3817 987 3898 praesentem
1016 3818 1442 3895 succlamasse,
1472 3818 1530 3879 id
1561 3825 1672 3892 est,
1713 3835 1935 3880 secun-

279 3907 384 3968 das
427 3917 624 3986 partes
657 3907 867 3969 tulisse
894 3906 1004 3969 sub
1036 3907 1256 3970 Basilio
1293 3909 1634 3989 Ancyrano,
1679 3926 1789 3970 nec
1822 3907 1914 3967 dis

278 3998 532 4060 cessisse
566 4016 634 4057 ex
665 3997 760 4058 liis
789 3997 957 4069 locis,
993 3998 1105 4059 nisi
1134 3999 1403 4061 victoria
1457 4017 1494 4060 a
1536 3998 1846 4077 iudicibus
1872 4000 1931 4060 in

277 4087 661 4151 adversarios
686 4090 1022 4168 translata,
1057 4095 1123 4148 nt
1149 4088 1319 4168 ﬁngit
1351 4088 1701 4151 Eunomius.

358 4176 786 4257 Philostorgius
807 4176 908 4257 (c),
938 4178 1039 4258 qui
1075 4177 1357 4240 Eunomii
1384 4177 1697 4240 mendacia
1710 4177 1933 4258 compi-

278 4267 383 4346 lat,
416 4266 503 4328 sic
534 4265 607 4327 de
636 4265 855 4328 Basilio
884 4266 1152 4347 loquitur
1184 4286 1198 4329 :
1251 4269 1656 4346 Προεστήοιεσαν
1700 4265 1753 4323 δὲ
1828 4269 1929 4323 τῶν

278 4358 372 4432 μὲν
405 4352 520 4413 καθ’
554 4358 731 4413 οὖσῖαν
776 4354 964 4431 ὅμοιον
999 4354 1419 4439 πρεσϐευόντων,
1454 4356 1728 4419 Βασίλειός
1760 4379 1818 4414 τε
1844 4358 1930 4413 καὶ

278 4447 583 4511 Εὖστάθιος’
647 4446 737 4511 οἷς
769 4444 921 4503 ἄλλοι
977 4448 1153 4502 τεκαὶ
1197 4446 1469 4511 Βασιλειος
1522 4447 1698 4525 ἕτερος
1754 4453 1930 4525 παρῆν

275 4539 631 4611 συνασπίζων,
664 4535 921 4594 διακόνων
954 4535 1031 4593 ἔτι
1060 4535 1204 4602 τάξιν
1240 4536 1408 4617 ἔχων
1461 4535 1677 4613 δυνάμει
1710 4537 1808 4612 μὲν
1836 4545 1927 4591 τοῦ
1954 4570 1992 4620 ο

274 4626 447 4705 λέγειν
488 4625 695 4684 πολλῶν
729 4626 1026 4707 προφέρων·
1060 4633 1137 4701 τῷ
1181 4625 1234 4682 δὲ
1273 4632 1369 4694 τῆς
1398 4626 1624 4705 γνώμης
1677 4626 1923 4706 ἆθαρσεῖ,

274 4720 401 4797 πρὸς
449 4718 569 4780 τοὺς
601 4718 805 4778 κοινοὺς
837 4715 1298 4793 ὑποστελλόμενος
1330 4718 1567 4796 ἀγῶνας.
1605 4714 1689 4777 Εἰ
1719 4733 1928 4777 eorum

273 4808 534 4888 quidem,
569 4808 677 4888 qui
707 4804 944 4869 Filium
966 4805 1229 4870 similem
1254 4805 1596 4869 secundum
1641 4805 1928 4867 substan~

274 4900 422 4959 tiam
452 4895 905 4975 proﬁtebantur,
954 4898 1343 4975 antesignani
1366 4902 1544 4959 erant
1576 4894 1844 4957 Basilius
1873 4912 1930 4957 et

279 4983 657 5047 Eustathius.
685 4983 923 5059 Quibus
947 4993 1077 5047 tum
1098 4985 1212 5047 alii
1243 4984 1823 5064 aderantsuppetias
1833 4985 1926 5061 fe-

275 5080 491 5155 rentes,
524 5082 653 5136 tum
678 5073 951 5136 Basilius
975 5074 1159 5151 alter,
1198 5079 1367 5137 intra
1389 5074 1641 5137 diaconi
1666 5074 1929 5154 gradum

272 5162 469 5226 adhuc
497 5163 1095 5227 consistens:dicendi
1129 5165 1374 5246 quidem
1401 5164 1695 5243 facultate
1721 5161 1931 5224 multis

269 5254 777 5335 superiormerum
789 5253 862 5317 ob
877 5254 1268 5317 timiditatem
1280 5260 1338 5315 et
1345 5253 1504 5334 pusil
1514 5253 1640 5315 lum
1654 5253 1862 5314 animu
1873 5268 1929 5312 m

271 5343 541 5423 publicas
563 5344 1008 5424 disputationes
1027 5341 1686 5408 declinans.Manifeste
1709 5343 1923 5422 premit

273 5433 551 5496 Eunomii
583 5433 833 5515 vestigia
874 5432 1308 5515 Philostorgius
1344 5454 1357 5498 :
1396 5430 1677 5498 Basilium
1708 5431 1925 5495 fatetur

353 5604 427 5684 (a)
456 5602 587 5684 Lib.
618 5619 700 5681 ιν,
728 5601 922 5684 οζ93.

386 5684 474 5765 (b)
509 5683 710 5767 Nyss.,
740 5683 1029 5749 IEunom.

2025 3271 2295 3352 Gregorii
2324 3274 2520 3336 verbis
2553 3277 2834 3339 concludi
2858 3286 3075 3359 potest,
3110 3277 3393 3340 Basilium
3442 3281 3504 3343 in
3537 3300 3674 3346 cer-

2028 3372 2224 3424 tamen
2261 3365 2508 3426 minime
2541 3367 2857 3445 prodiisse.

2107 3454 2263 3526 Quin
2288 3455 2462 3517 etiam
2494 3456 2618 3534 ipse
2650 3456 2904 3519 Basilius
2939 3464 3164 3519 mutum
3218 3476 3279 3520 se
3330 3468 3385 3519 et
3413 3459 3670 3526 otiosum

2022 3542 2178 3603 inter
2209 3545 2317 3605 hos
2340 3553 2536 3605 motus
2568 3564 2684 3606 non
2719 3546 2921 3620 fuisse,
2958 3547 3059 3609 sed
3085 3565 3193 3627 pro
3226 3548 3447 3610 viribus
3470 3551 3541 3611 ad
3565 3570 3671 3613 ve-

2023 3633 2209 3695 ritatis
2239 3634 2654 3696 defensionem
2691 3636 3039 3699 incubuisse
3071 3637 3317 3699 iudicat.
3354 3638 3482 3699 Non
3508 3641 3671 3703 enim

2022 3722 2091 3782 ad
2144 3723 2301 3784 aliud
2360 3732 2603 3804 tempus
2636 3725 2913 3787 videntur
2945 3725 3155 3787 referri
3180 3745 3350 3806 posse
3386 3728 3565 3789 habiti
3596 3730 3670 3793 ab

2023 3812 2123 3872 illo
2178 3814 2250 3873 de
2307 3814 2421 3875 fide
2470 3832 2780 3875 sermones
2828 3816 3202 3878 Chalcedone
3236 3826 3293 3877 et
3340 3818 3664 3899 Heracleae,

2021 3920 2270 3981 quorum
2309 3912 2519 3965 testem
2555 3905 2692 3964 citat
2720 3905 3090 3968 Eustatltium
3121 3906 3181 3965 in
3211 3906 3389 3985 npist.
3427 3908 3567 3990 223,
3605 3930 3666 3972 n.

2019 3994 2077 4054 5.
2118 3992 2266 4067 Quae
2297 3992 2681 4075 Chalcedone,
2718 3995 2931 4075 inquit,
2968 4014 3001 4056 a
3036 3996 3209 4056 nobis
3240 3996 3313 4056 de
3344 3996 3463 4075 fide
3511 3998 3675 4063 dicta

2016 4092 2183 4158 sunt,
2219 4101 2348 4159 quae
2377 4102 2788 4164 swpenumero
2822 4085 3153 4160 Heraclew,
3207 4103 3337 4164 quae
3385 4089 3564 4165 prius
3606 4092 3676 4155 in

2018 4171 2309 4235 (Etrsarea:
2329 4174 2641 4255 suburbio,
2671 4192 2753 4236 an
2784 4193 2907 4236 non
2957 4193 3035 4235 em
3082 4182 3286 4237 nostra
3313 4183 3489 4255 parte
3517 4197 3669 4242 con-

2014 4280 2161 4323 sona
2193 4270 2336 4325 sunt
2363 4265 2599 4325 omnia?
2624 4265 2707 4325 Ex
2734 4265 2827 4325 his
2850 4272 3013 4326 certo
3037 4264 3371 4343 colligimus
3390 4267 3669 4332 Basilium

2014 4351 2074 4412 in
2102 4353 2208 4413 hac
2239 4370 2439 4414 rerum
2474 4354 2919 4433 perturbatione
2955 4373 3200 4434 operam
3225 4372 3391 4415 suam
3423 4356 3668 4436 episco-

2016 4442 2105 4521 pis
2130 4462 2246 4504 non
2280 4443 2634 4524 denegasse;
2662 4460 2733 4505 ac
2755 4444 2879 4523 jam
2910 4452 3030 4504 tum
3051 4443 3126 4504 de
3145 4442 3303 4504 illius
3331 4446 3673 4525 eloquentia

2014 4541 2071 4593 et
2104 4531 2445 4593 eruditione
2481 4551 2694 4609 magna
2726 4533 3037 4594 hominum
3071 4533 3372 4595 exstitisse
3415 4535 3667 4613 judicia.

2092 4620 2160 4682 ΙΙ.
2200 4624 2370 4683 Anno
2404 4621 2875 4695 360,formulam
2912 4621 3671 4702 Ariminensem,quzetan-

2011 4716 2102 4774 tas
2133 4721 2359 4789 strages
2391 4712 2452 4772 in
2484 4711 2758 4775 Ecclesia
2781 4713 2991 4788 edidit,
3020 4712 3672 4794 ConstantinopoliCae-

2014 4819 2240 4861 saream
2301 4802 2496 4863 attulit
2573 4802 2862 4882 Georgius
2934 4802 3181 4862 Dianius
3262 4800 3667 4887 Caesariensis,

2012 4891 2124 4951 etsi
2146 4890 2420 4953 Niczenos
2456 4894 2655 4952 Patres
2686 4892 2884 4972 magni
2919 4892 3177 4953 faciebat
3210 4911 3223 4971 ;
3260 4891 3438 4952 cessit
3470 4901 3672 4957 tamen

2018 4980 2272 5060 tempori
2299 4989 2358 5042 et
2383 4981 2653 5043 formulae
2670 4980 3185 5059 subscripsit.Hoc
3218 4980 3379 5041 illius
3408 4999 3546 5043 casu
3568 4984 3672 5047 do-

2017 5070 2123 5131 luit
2156 5070 2551 5133 insolabiliter
2572 5071 2827 5133 Basilius
2860 5089 2992 5132 cum
3019 5069 3220 5130 multis
3243 5069 3377 5131 aliis
3400 5070 3458 5131 in
3483 5075 3671 5154 patria

2018 5158 2364 5221 timentibus
2395 5162 2670 5242 Deum,et
2691 5181 2725 5223 a
2749 5160 2941 5223 Dianii
2961 5159 3387 5222 communione
3405 5162 3672 5225 creditur

2015 5248 2495 5312 recessisse.Non
2512 5260 2710 5313 tamen
2730 5250 2968 5312 videtur
2985 5250 3179 5329 palam
3199 5257 3256 5310 et
3278 5259 3484 5329 aperte
3508 5270 3671 5313 com-

2018 5344 2361 5404 munionem
2394 5344 2447 5405 ei
2478 5343 2879 5416 renuntiasse;
2913 5342 3017 5404 sed
3054 5351 3283 5404 tantum
3319 5345 3670 5413 occasiones

2010 5451 2141 5493 cum
2178 5452 2247 5493 eo
2282 5434 2768 5495 communicandi
2795 5430 3223 5495 evitasse.Nam
3250 5431 3311 5493 in
3336 5434 3662 5513 epistola51

2092 5605 2157 5671 (cl
2193 5600 2320 5664 Lib.
2356 5617 2434 5681 tv,
2468 5621 2523 5678 c,
2566 5605 2658 5668 ιε.

2095 5683 2177 5761 (d)
2213 5698 2229 5744 ι
2265 5683 2525 5745 Eunom.
