4130 6404
436 415 631 463 XXVIII

1802 402 1993 462 PROI.
2007 401 2202 461 EGOM
2218 401 2310 460 EN
2323 404 2387 460 Α.

436 543 610 613 negat
641 534 827 595 instar
859 533 1049 613 magni
1072 532 1342 594 criminis
1364 532 1916 594 anathematizatum
1965 552 1993 593 a
2018 551 2080 594 se
2104 541 2140 588 Α
2165 534 2434 594 Ctesarea
2462 541 2659 595 autem
2689 533 2941 595 excessit
2966 554 3083 595 non
3115 536 3203 597 rei
3230 536 3551 616 inopinata;
3603 538 3811 600 nuu’io

436 624 617 685 fuisse
650 623 920 685 Dianium
950 642 962 685 :
1014 623 1229 684 fatetur
1260 641 1323 682 se
1368 622 1631 682 doluisse
1665 623 1823 700 quod
1856 622 1904 681 is
1929 624 2012 681 su‘
2044 656 2071 665 -

433 712 809 792 scripsisset;
840 713 940 773 sed
988 722 1207 792 tamen,
1257 711 1356 772 ubi
1384 713 1457 772 ab
1498 732 1567 771 eo
1601 712 1857 790 graviter
1883 732 2072 789 ingru-

436 810 593 865 tante
614 802 1156 881 accersitus,ipsius
1180 803 1531 863 sententiam
1554 802 1923 881 cognovit,ad
1946 803 2077 879 ejus

432 892 913 952 communionem
950 901 1177 953 remota
1206 892 1367 952 omni
1400 890 1770 951 dubitatione
1797 893 2078 951 accessis-

430 998 517 1041 se.
550 980 672 1052 Qua
698 1000 765 1042 ex
793 982 1132 1042 narratione
1168 990 1325 1059 patet
1354 981 1567 1042 leniter
1592 980 1944 1041 declinatam
1983 1001 2080 1058 po—

431 1071 546 1131 tius
576 1070 763 1131 fuisse
790 1071 1302 1149 communionem,
1366 1088 1541 1151 quam
1602 1080 1811 1148 aperte
1853 1089 2077 1130 renun-

430 1160 655 1220 tiatam.
684 1162 871 1221 Porro
904 1159 1121 1219 Basilio
1152 1160 1212 1219 in
1253 1160 1368 1221 alia
1398 1171 1536 1219 tunc
1569 1159 1810 1219 diazcesi
1846 1158 2078 1236 degenti

429 1247 662 1309 facilius
687 1248 793 1309 fuit
827 1248 1017 1309 Dianii
1051 1250 1262 1311 honori
1297 1249 1634 1310 consulere.

511 1336 764 1399 Vidi-tur
796 1339 904 1399 hoc
930 1358 1067 1399 casu
1108 1340 1413 1419 perculsus
1440 1339 1707 1408 Basilius,
1739 1338 1955 1397 doloris
1982 1340 2068 1396 sui

430 1427 707 1488 solatium
744 1428 802 1487 in
836 1428 1102 1504 Gregorii
1130 1428 1423 1507 colloquio
1448 1426 2071 1506 quaesivisse,eumque

432 1516 884 1579 invisisse.Dum
911 1524 1106 1578 autem
1136 1516 1593 1595 longiusnbesse
1614 1517 1665 1576 vi
1694 1517 2073 1575 leturascetis

430 1605 574 1678 suis,
610 1607 973 1667 desiderium
1016 1625 1185 1667 suum
1220 1606 1274 1667 ei
1321 1607 1673 1684 significant,
1708 1617 1763 1665 et
1798 1615 2071 1684 tanquam

430 1696 742 1775 profugum
775 1696 1052 1757 amicitiae
1079 1704 1136 1756 et
1160 1696 1368 1776 patria)
1384 1697 1955 1757 commemoratione
1981 1716 2076 1755 co-

428 1793 646 1845 nantur
672 1784 742 1846 ad
776 1804 841 1846 se
864 1803 1169 1848 revocare.
1206 1785 1356 1846 Tum
1388 1784 1636 1846 Basilius
1660 1784 1863 1845 mirari
1894 1803 1957 1844 se
1979 1804 2070 1845 re-

423 1872 676 1953 spondet
712 1882 809 1943 ta),
870 1874 1026 1953 quod
1062 1893 1128 1933 se
1185 1883 1488 1953 tantopere
1520 1873 1787 1951 diligant,
1827 1882 2065 1933 tenuem
2098 1896 2127 1943 3

423 1962 721 2024 hominem
743 1981 811 2024 ac
845 1962 989 2024 nihil
1013 1962 1161 2024 forte
1186 1962 1501 2024 habentem
1524 1961 1801 2025 amabile.
1833 1964 2068 2024 Fatetur

420 2070 485 2113 se
512 2071 649 2112 casu
684 2052 990 2133 inopinato
1027 2053 1365 2133 perculsum
1400 2054 1641 2131 fugisse,
1676 2072 1740 2112 ac
1780 2065 2066 2131 praeterea

418 2141 719 2203 desiderio
744 2141 961 2203 arsisse
982 2162 1282 2203 sacrorum
1317 2143 1681 2220 dogmatum.
1716 2141 1907 2213 Quare
1932 2162 2062 2203 cum

423 2229 545 2291 voti
577 2248 823 2309 compos
847 2230 1035 2293 factus
1064 2232 1162 2304 sit,
1200 2232 1512 2293 electionis
1548 2235 1779 2292 invento
1839 2251 1974 2292 vase
2008 2242 2065 2293 et

423 2327 599 2399 puteo
630 2319 943 2397 profundo.
971 2320 1028 2381 id
1061 2331 1147 2382 est
1172 2321 1481 2400 Gregorio,
1527 2340 1706 2401 quem
1740 2340 1805 2380 os
1845 2322 2062 2383 Christi

420 2408 704 2489 appellat,
742 2428 946 2487 parum
980 2412 1264 2491 temporis
1302 2410 1414 2471 sibi
1439 2411 1687 2473 concedi
1744 2412 1907 2489 petit,
1946 2432 2062 2472 non

420 2496 577 2578 quod
610 2496 847 2559 urbium
875 2501 1347 2561 commoratione
1380 2500 1731 2572 delectetur,
1768 2504 1867 2562 sed
1906 2502 2062 2581 quod

418 2587 641 2649 versari
664 2608 798 2648 cum
823 2589 1040 2651 sanctis
1071 2590 1244 2669 longe
1270 2590 1648 2651 utilissimum
1676 2592 2063 2670 essejudicet.

419 2675 648 2737 Deinde
681 2678 1305 2759 hortatur,utcaveant
1333 2678 1405 2739 ab
1437 2679 1703 2760 Arianis,
1737 2684 1916 2741 multa
1938 2682 2061 2740 dis-

421 2764 567 2825 serit
589 2765 662 2827 de
690 2775 889 2827 sancta
920 2768 1226 2842 Trinitate,
1264 2787 1333 2828 ac
1368 2767 1598 2849 objecta
1623 2771 1695 2831 ab
1720 2770 1957 2832 Arianis
1985 2781 2065 2831 te-

423 2854 701 2916 stimonia
726 2856 1000 2936 explicat.

498 2944 738 3006 Nullum
762 2964 905 3007 sane
924 2955 1198 3008 eventum
1218 2948 1387 3009 video
1412 2948 1470 3008 in
1507 2950 1619 3010 vita
1642 2950 2053 3026 sanctiBasilii,

420 3032 492 3093 ad
528 3052 703 3111 quem
737 3035 862 3095 haac
895 3037 1142 3114 epistola
1166 3038 1359 3118 aptius
1401 3037 1609 3100 referri
1641 3041 1846 3117 possit,
1880 3059 2058 3117 quam

418 3122 487 3182 ad
523 3121 750 3202 lapsum
784 3121 999 3185 Dianii.
1027 3124 1191 3198 Quod
1226 3127 1383 3187 enim
1431 3128 1508 3187 ait
1539 3146 1603 3188 se
1652 3146 1717 3190 re
1760 3128 2063 3209 inopinata

417 3211 758 3289 perculsum
774 3212 1187 3291 fugisse,oelut
1204 3218 1313 3296 qui
1325 3218 1393 3275 ob
1414 3218 1763 3295 repentinos
1776 3221 2063 3297 strepitus

2163 622 2604 698 perculsus,sed
2640 642 2672 683 e
2702 622 2937 685 invidia:
2960 643 3027 685 ac
3049 625 3410 686 aemulationi
3444 626 3811 689 subducens.

2166 717 2455 774 Praeterea
2480 731 2594 772 non
2628 730 2693 772 ex
2723 713 2869 773 urbe
2894 714 2951 772 in
2974 713 3497 787 solitudinem,sed
3527 718 3715 795 potius
3743 736 3813 777 ex

2162 801 2482 862 solitudine
2515 802 2573 861 in
2630 800 2836 862 urbem
2897 814 3297 878 concesserat,
3347 813 3465 865 tum
3520 826 3652 865 cum
3688 807 3811 867 haec

2162 890 2472 970 scriberet,
2533 898 2593 949 ut
2650 890 2708 949 in
2770 890 3156 954 adnotatione
3215 894 3286 953 ad
3350 895 3506 956 hunc
3577 895 3809 957 titulum

2162 979 2634 1041 observavimus.

2243 1069 2357 1128 Sed
2386 1070 2430 1128 si
2456 1068 2598 1130 illud
2630 1088 2873 1131 manere
2897 1070 3099 1151 debet,
3138 1071 3444 1152 epistolam
3504 1076 3560 1149 8,
3590 1093 3707 1135 non
3739 1075 3813 1135 ad

2165 1158 2585 1230 Caesarienses,
2622 1160 2724 1219 sed
2760 1158 2829 1219 ad
2866 1160 3190 1239 discipulos
3218 1163 3505 1241 scriptam
3529 1181 3683 1241 esse,
3720 1164 3811 1223 fa-

2157 1246 2399 1306 tendum
2428 1254 2516 1305 est
2546 1246 2903 1323 assignatam
2940 1248 3089 1327 fugae
3150 1250 3349 1311 Basilii
3398 1270 3635 1311 causam
3698 1272 3811 1311 non

2157 1354 2357 1396 carere
2390 1334 2859 1396 difficultatibus.
2894 1336 3038 1397 Nam
3064 1336 3385 1417 Gregorius
3403 1340 3687 1418 Theologi
3715 1361 3787 1421 pa

2162 1435 2247 1484 ter
2278 1424 2436 1485 idem
2465 1426 2767 1486 commisit
2817 1445 2883 1487 ac
2922 1427 3188 1497 Dianius,
3227 1430 3472 1489 absente
3527 1429 3673 1508 filio,
3717 1431 3812 1492 Cui

2160 1522 2317 1575 certe
2344 1534 2461 1573 non
2489 1514 2817 1575 illusissent
2846 1517 3080 1597 Ariani,
3122 1526 3323 1597 atque,
3372 1528 3431 1579 ut
3489 1520 3811 1582 verisimile

2159 1604 2429 1682 est,apud
2458 1603 2737 1664 Basilium
2766 1611 3341 1667 commoranteNon
3368 1608 3803 1687 deeruntergo,

2158 1692 2571 1771 quiBasilium,
2608 1695 3107 1775 subscriptionum
3135 1696 3365 1755 illarum
3407 1707 3696 1777 tempore,
3734 1699 3807 1758 ad

2158 1782 2507 1859 Gregorium
2544 1782 2777 1861 fugisae
2803 1794 3043 1861 negent,
3083 1804 3216 1844 cum
3244 1786 3436 1864 ipsum
3492 1798 3627 1846 tunc
3654 1789 3806 1864 apud

2154 1890 2218 1932 se
2245 1871 2591 1951 Gregorium
2630 1872 2903 1936 haberet.
2927 1874 3282 1945 Sedtamen,
3311 1894 3443 1933 eum
3478 1876 3622 1935 nihil
3650 1878 3806 1937 aliud

2151 1961 2415 2042 reperire
2450 1962 2693 2041 possim,
2729 1962 2888 2041 quod
2922 1961 3204 2022 Basilium
3243 1964 3439 2023 subito
3484 1965 3809 2043 perculerit

2150 2058 2209 2110 et
2233 2051 2303 2110 ad
2338 2049 2687 2129 Gregorium
2748 2052 2952 2129 fugere
3014 2053 3302 2130 coegerit,
3364 2067 3576 2131 pra-ter
3638 2055 3805 2127 illud,

2150 2141 2309 2215 quod
2343 2141 2495 2219 dixi,
2529 2140 2748 2201 factum
2776 2140 3263 2219 Uianii,statuere
3290 2143 3487 2201 malim
3515 2143 3800 2220 Theologi

2150 2239 2372 2309 patrem
2408 2228 2602 2290 serius
2653 2229 3084 2308 subscripsisse
3146 2250 3319 2312 quam
3386 2232 3656 2293 Dianium
3717 2232 3802 2291 vel

2146 2318 2342 2378 citius.
2377 2316 2436 2377 Id
2465 2319 2623 2379 enim
2648 2318 2796 2379 alios
2828 2317 3023 2387 citius,
3060 2319 3204 2380 alios
3229 2321 3419 2381 serius
3446 2320 3657 2381 fecisse
3690 2321 3800 2379 do-

2148 2416 2241 2467 cet
2275 2405 2596 2483 Gregorius
2623 2409 2728 2487 ib).
2784 2408 2937 2480 Quin
2971 2410 3143 2469 etiam
3190 2409 3454 2488 Gregorii
3489 2411 3800 2489 subscrip-

2150 2498 2373 2557 tionem
2412 2496 2647 2574 longius
2679 2497 2920 2558 dilferre
2980 2498 3134 2577 cogit
3196 2501 3621 2562 monachorum
3684 2498 3800 2559 Na-

2150 2586 2548 2648 zianzensium
2584 2587 2799 2665 agendi
2835 2589 3007 2657 ratio,
3046 2598 3105 2648 ut
3136 2589 3290 2649 infra
3321 2589 3676 2649 videbimus.

2232 2674 2333 2737 Ill.
2358 2677 2535 2737 Anno
2558 2675 2661 2738 3b'i
2698 2676 2934 2738 videtur
2966 2678 3223 2739 Basilius
3265 2678 3520 2739 .lloraliu
3542 2680 3803 2759 scripsis-

2150 2782 2233 2825 se:
2263 2783 2376 2845 quo
2400 2766 2640 2844 quidem
2666 2766 2724 2825 in
2746 2784 2927 2845 opere
2960 2767 3597 2849 (p.929),quzerunque
3623 2788 3796 2846 spar-

2148 2855 2260 2915 sim
2286 2854 2345 2914 in
2381 2856 2542 2916 Novo
2582 2854 2965 2916 Testamento
2996 2856 3314 2917 interdicta
3348 2868 3444 2917 aut
3478 2859 3799 2937 approbata

2153 2942 2509 3017 inveniebat,
2559 2962 2627 3005 ea
2658 2944 2923 3005 studiose
2957 2945 3014 3004 in
3047 2947 3282 3025 regulas
3316 2948 3594 3027 quasdam
3626 2968 3795 3007 com-

2151 3031 2491 3109 pendiarias
2524 3033 2787 3113 collegit,
2842 3035 3110 3113 apposito
3142 3036 3211 3095 ad
3266 3037 3527 3115 singulas
3566 3040 3800 3116 regulas

2151 3140 2397 3183 numero
2434 3124 2691 3203 capitum
2720 3123 3058 3202 Scripturm,
3099 3145 3229 3205 quae
3276 3128 3479 3205 regula
3534 3128 3800 3207 qualibet

2146 3212 3002 3291 comprehenduntur.Quibus
3016 3229 3214 3274 autem
3228 3216 3420 3277 causis
3434 3216 3506 3277 ad
3528 3217 3631 3276 hoc
3651 3236 3800 3296 opus

414 3297 578 3361 illico
620 3311 1048 3384 expavescunt,
1087 3305 1181 3365 his
1206 3306 1400 3367 verbis
1432 3306 1654 3367 indicat
1682 3304 2120 3385 gravissimaiC
2146 3300 2612 3362 elucubrandum
2640 3301 2932 3363 adductus
2976 3304 3178 3384 fuerit,
3222 3304 3349 3364 fuse
3400 3305 3458 3363 in
3508 3307 3799 3384 prowmio

412 3388 969 3468 alicujusmolestize
988 3394 1369 3468 uuntium,de
1386 3415 1502 3475 quo
1527 3414 1635 3455 nec
1658 3396 1863 3457 abiens
1887 3397 2055 3475 quid-

413 3496 588 3558 quam
618 3480 869 3561 dixerat,
900 3500 1012 3543 nec
1044 3491 1185 3543 tunc
1213 3484 1599 3547 scribendum
1624 3504 1755 3545 esse
1774 3486 2052 3551 ducebat.

412 3567 559 3629 Cum
586 3568 677 3629 his
708 3579 902 3631 autem
940 3571 1189 3633 mirifice
1214 3573 1461 3653 quadrat
1494 3575 1843 3652 subscriptio
1866 3595 1897 3635 a
1924 3577 2050 3638 Dia-

412 3661 509 3717 nio
534 3657 801 3721 formulae
834 3661 1015 3722 tristis
1045 3662 1492 3743 nuntius,quem
1524 3683 1629 3725 cur
1667 3676 1891 3725 ascetas
1918 3684 2054 3726 suos

410 3744 655 3821 celaret,
689 3748 886 3810 multa;
916 3768 1239 3831 gravesque
1265 3772 1459 3813 causa:
1491 3763 1759 3832 poterant
1780 3754 2050 3816 subesse.

410 3836 691 3912 Congruit
712 3837 886 3896 etiam
922 3858 1055 3898 cum
1084 3838 1193 3902 hoc
1217 3850 1486 3920 tempore
1510 3842 1848 3920 disputandi
1880 3844 2049 3906 ratio.

408 3920 553 3984 Nam
590 3925 839 3987 Basilius
866 3926 1060 3988 simile
1084 3939 1139 3991 et
1162 3930 1452 3992 dissimile
1486 3931 1680 4011 rejicit
1708 3935 1761 3990 iu
1795 3932 1902 3993 hac
1930 3932 2023 4011 epi

408 4012 579 4075 stola.
618 4015 777 4075 Idem
813 4018 1088 4078 tamenin
1114 4021 1362 4098 epistola
1390 4020 1689 4096 sequenti,
1716 4039 1842 4100 quae
1870 4022 2051 4081 multo

408 4110 543 4181 post
573 4102 753 4162 scribi
778 4123 895 4164 non
924 4107 1135 4184 potuit,
1170 4128 1285 4168 non
1310 4108 1602 4188 improbat
1625 4110 1836 4171 simile.
1880 4113 2052 4170 modo

404 4189 659 4277 addatur
685 4192 846 4253 citra
877 4194 1062 4255 ullam
1083 4198 1704 4274 differentiamﬁredo
1732 4218 1869 4277 ergo
1895 4199 2055 4260 Basi-

408 4276 582 4367 lium,
617 4278 675 4338 in
709 4299 940 4342 summo
975 4284 1071 4344 illo
1101 4284 1328 4367 dolore,
1356 4306 1529 4367 quem
1558 4288 1611 4349 ei
1636 4276 2054 4351 factumliianii

410 4366 711 4457 attulerat,
750 4388 867 4431 non
902 4371 1155 4435 libenter
1204 4366 1466 4438 audiiSse
1496 4378 1793 4457 ejusmodi
1824 4398 2053 4457 vocem,

407 4454 469 4547 in
503 4475 617 4536 qua
647 4459 821 4521 toties
842 4460 1103 4524 luserant
1138 4467 1373 4546 Ariani,
1410 4484 1477 4528 ac
1511 4454 1699 4547 nuper
1756 4466 1965 4528 Dianio
2001 4454 2057 4528 et

408 4544 745 4609 innumeris
768 4550 901 4611 aliis
935 4551 1132 4613 lucum
1169 4544 1455 4617 fecerant.

2143 3390 2420 3451 edisserit
2457 3392 2539 3471 (ρ.
2573 3392 2740 3471 214).
2773 3394 2919 3453 Nam
2947 3412 3081 3454 cum
3115 3393 3295 3453 variis
3332 3393 3391 3455 in
3444 3395 3795 3473 pcregrina-

2144 3480 2584 3561 tionibus,quas
2608 3484 2693 3541 vir
2718 3482 2905 3543 factus
2928 3482 3169 3557 obiit,in
3187 3484 3313 3543 aliis
3340 3484 3577 3563 quidem
3609 3484 3795 3544 disci-

2144 3569 2318 3647 plinis
2343 3579 2400 3630 et
2426 3571 2682 3651 artibus,
2740 3590 3031 3632 summam
3055 3572 3211 3633 inter
3234 3592 3359 3651 eos,
3387 3593 3419 3632 a
3442 3574 3655 3654 quibus
3682 3574 3798 3634 illa:

2140 3667 2296 3721 artes
2330 3658 2705 3733 excoluntur,
2735 3660 3114 3721 concordiam
3152 3661 3697 3741 animadvertisset,
3732 3665 3792 3722 in

2138 3744 2403 3807 Ecclesia
2426 3755 2621 3805 autem
2650 3748 2939 3825 plurimos
2960 3756 3015 3808 et
3042 3749 3196 3808 inter
3219 3766 3283 3809 se
3310 3758 3367 3809 et
3390 3751 3767 3828 cumScriptu

2134 3836 2215 3895 ris
2266 3834 2488 3895 sanctis
2527 3855 2815 3915 pugnare,
2852 3848 2933 3908 et,
2960 3839 3114 3915 quod
3144 3839 3400 3898 maxime
3428 3839 3792 3899 horrendum

2135 3934 2245 3999 est,
2279 3924 2593 4004 episcopos
2623 3928 2781 4004 ipsos
2826 3927 2979 3985 inter
3010 3945 3072 3986 se
3106 3928 3444 4008 digladiari,
3478 3948 3543 3989 ac
3576 3928 3791 3989 Christi

2142 4014 2431 4075 mandatis
2449 4015 2773 4095 adversari,
2812 4024 2869 4075 et
2900 4016 3230 4077 Ecclesiam
3257 4018 3607 4094 dilacerare;
3647 4021 3790 4079 tanti

2142 4104 2277 4164 mali
2302 4105 2784 4183 caputetfontem
2808 4115 3054 4166 conatus
3074 4116 3169 4167 est
3189 4107 3657 4183 ittvestigttt’e.Ac
3678 4109 3793 4187 pri-

2144 4212 2237 4254 mo
2262 4194 2503 4273 quidem
2539 4194 2799 4254 incertus
2823 4194 3170 4267 haerebat,et
3193 4198 3453 4256 animum
3479 4217 3633 4257 nunc
3653 4199 3789 4269 huc,

2144 4300 2301 4343 nunc
2328 4283 2465 4343 illuc
2499 4281 2826 4359 dividebat;
2861 4283 2961 4343 sed
3002 4285 3237 4344 tandem
3268 4286 3418 4345 hanc
3445 4287 3577 4345 mali
3604 4287 3789 4362 origi-

2145 4390 2278 4432 uem
2301 4372 2673 4433 verissimam
2726 4372 3143 4452 deprehendit,
3173 4377 3324 4453 quod
3360 4394 3474 4435 nou
3538 4393 3793 4455 quisque

2141 4462 2297 4538 regis
2352 4459 2568 4522 Christi
2603 4469 2780 4522 nutus
2843 4462 3199 4535 intueretur,
3257 4464 3363 4523 sed
3442 4465 3788 4543 opinionum

2141 4567 2381 4609 suarum
2415 4550 2771 4611 commentis
2804 4550 3074 4630 plerique
3099 4554 3229 4630 ejus
3285 4554 3558 4612 mandata
3583 4572 3652 4613 ac
3685 4572 3792 4613 vo-

489 4634 738 4717 Decepit
761 4642 1024 4703 eruditos
1057 4643 1209 4705 viros
1234 4644 1502 4725 epistola;
1526 4646 1749 4718 titulus,
1778 4666 1908 4726 qua;
1926 4650 2055 4707 (13),-
2085 4657 2123 4705 ι)
2144 4637 2428 4701 luntatem
2457 4638 3235 4719 posthaberent.l’ostquam
3270 4653 3490 4711 autem,
3528 4644 3635 4703 lixa
3662 4646 3792 4721 ejus

408 4727 775 4791 sariensibus
808 4730 1181 4807 inscribitur,
1217 4754 1467 4815 eamque
1520 4754 1675 4795 anno
1711 4735 1827 4796 3(53
1858 4740 2056 4797 (1:953-
2144 4729 2341 4788 animo
2377 4730 2482 4789 hac
2506 4730 2977 4802 sententia,illud
3010 4732 3186 4790 etiam
3214 4732 3786 4805 consideravit,ino-

404 4814 765 4897 riensiplebi
798 4821 1074 4901 scriptam
1106 4814 1465 4896 existimant,
1492 4842 1624 4884 cum
1650 4824 1906 4885 Basilius
1931 4844 2059 4901 pre-
2144 4816 2460 4879 bedienlim
2483 4818 2709 4879 crimen
2745 4820 3074 4894 incurrere.
3112 4821 3155 4880 Si
3190 4822 3321 4900 quis
3346 4826 3531 4882 semel
3561 4834 3786 4901 peccet.

405 4901 606 4984 sbyter
637 4908 763 4983 paci
796 4908 1077 4972 Ecclesiae
1096 4913 1409 4975 commoda
1432 4931 1537 4974 sua
1561 4911 2055 4992 posthabens,su-
2140 4925 2208 4967 ac
2236 4908 2361 4987 ipsa
2392 4908 2739 4985 ignorantiae
2770 4918 3011 4989 peccata
3054 4928 3284 4989 pcenam
3333 4931 3447 4970 non
3486 4914 3744 4991 etlugere
3774 4933 3789 4984 ;

403 4993 772 5073 spicionibus
802 4998 1049 5060 Eusebii
1077 5001 1343 5081 episcopi
1368 5001 1568 5062 cessit.
1608 5019 1793 5080 seque
1822 5002 1879 5061 in
1906 5003 2049 5061 soli-
2138 5004 2257 5062 imo
2288 5016 2389 5057 eos
2423 4997 2623 5077 etiam,
2670 4999 2769 5076 qui
2815 5000 2959 5059 nihil
3000 5010 3345 5078 peccarunt,
3382 5001 3483 5061 sed
3520 5011 3790 5081 peccato-

405 5082 674 5145 tudinem
695 5088 867 5149 Ponti
892 5108 1007 5149 una
1027 5109 1163 5151 cum
1188 5092 1475 5170 Gregorio
1501 5090 1866 5152 Nazianzeno
1891 5110 2028 5152 rere
2135 5105 2266 5146 rum
2292 5088 2434 5147 satis
2456 5087 2847 5148 vehementes
2879 5089 3393 5150 aiiimadversores
3427 5110 3542 5149 non
3598 5092 3783 5164 fuere,

402 5171 510 5252 pit.
542 5174 757 5236 Mirum
779 5195 921 5239 sane
942 5198 1060 5239 non
1082 5189 1266 5253 esset,
1296 5182 1343 5240 si
1379 5181 2047 5259 plebemCaasariensem
2135 5178 2395 5253 graviter
2427 5178 2644 5256 punitri
2674 5199 2687 5235 :
2729 5187 2846 5237 tum
2882 5196 3026 5239 vero
3087 5197 3284 5257 opera:
3338 5181 3591 5258 pretium
3657 5199 3788 5240 esse

400 5260 522 5323 cito
540 5264 739 5325 Basilii
758 5266 1129 5329 desiderium
1146 5269 1692 5349 cepisset,eumque
1718 5270 1893 5330 veluti
1923 5290 2047 5346 μω-
2136 5266 2301 5326 duxit
2334 5267 2406 5328 ad
2429 5275 2624 5329 certas
2645 5268 2929 5347 quasdam
2945 5268 3181 5346 regulas
3207 5286 3583 5347 revocare,ac
3604 5270 3785 5331 veluti

398 5350 605 5430 fugum
643 5358 847 5432 patriae
869 5366 925 5417 et
964 5359 1245 5421 amicitiae
1270 5360 1839 5420 commemoratione
1873 5378 2048 5419 revo-
2139 5357 2195 5414 in
2224 5356 2470 5417 totidem
2501 5356 2693 5435 capita
2726 5356 3027 5434 redigere,
3064 5376 3435 5439 quzecunque
3465 5358 3524 5419 in
3575 5357 3784 5440 Scrip-

399 5443 736 5505 casset.Sed
761 5447 945 5525 ipsam
970 5449 1146 5509 etiam
1168 5448 1339 5511 Ponti
1358 5450 1742 5511 solitudinem
1765 5451 2048 5527 saepeBa-

396 5531 568 5596 silius
589 5535 837 5614 patriam
870 5555 1036 5599 suam
1087 5540 1369 5619 appellat,
1407 5548 1472 5601 ut
1526 5557 1707 5619 supra
1772 5537 2049 5601 vidimus.

478 5703 563 5787 (a)
590 5703 704 5787 Ep.
728 5706 789 5767 8.

2137 5446 2281 5505 turis
2311 5455 2583 5507 vetantur
2612 5458 2715 5507 aut
2748 5446 3198 5527 praecipiuntur.

2216 5533 2313 5597 Sic
2329 5554 2503 5597 suum
2529 5536 2658 5616 ipse
2672 5536 3254 5600 consiliumBasilius
3270 5539 3510 5620 exponit
3523 5539 3582 5600 in
3599 5555 3787 5619 prom-

2220 5701 2312 5783 (b)
2334 5704 2439 5769 Or.
2474 5705 2583 5771 21.
