4130 6438
465 360 708 413 XXXVIII

1964 348 2563 415 PROLEGOMENA.

467 485 641 547 Patet
669 484 729 546 id
760 501 830 547 ex
861 483 954 547 his
984 482 1182 545 verbis
1213 490 1371 546 orat.
1401 483 1475 547 19
1506 485 1591 563 (p.
1616 482 1760 564 297)
1788 502 1800 546 :
1842 489 1988 565 Παρὰ
2022 492 2171 543 τούΑ
2276 482 2463 555 Quam
2498 502 2617 544 non
2652 484 2829 545 modu
2876 485 3027 548 citra
3076 482 3496 557 ambitionem,
3530 481 3634 544 sed
3667 485 3843 545 etiam

467 574 787 653 θερμοτέρου
839 576 1027 653 μέρους
1069 573 1168 641 τῆς
1207 573 1532 640 Ἐκκλησίας
1562 578 2110 652 κατεστασιάσθημεν,

469 665 743 741 γράμματι
774 663 1068 726 κλαπέντες
1125 664 1213 719 καὶ
1262 664 1463 740 ῥήμασι
1513 678 1790 741 τεχνικοῖς
1822 668 1893 728 εἰς
1939 690 2115 733 πονη-

468 755 562 831 ρὰν
592 754 890 814 κοινωνίαν,
918 753 965 810 Α
979 750 1369 827 ferventiore
1392 750 1683 812 Ecclesiae
1700 765 1877 832 parte
1898 756 1968 816 ob
1988 773 2117 817 eam

469 856 711 901 causam
730 840 942 901 seditio
955 842 1019 900 in
1034 857 1145 900 nos
1167 840 1434 901 excitata
1448 840 1726 919 est,quod
1736 844 1965 919 scripto
1977 861 2118 922 quo-

465 928 603 990 dam
627 935 682 991 et
705 928 1061 1007 artiﬁciOsis
1072 929 1265 990 verbis
1288 929 1837 1009 circumscripti,in
1860 950 2115 1011 pra-vam

464 1024 807 1080 societatem
827 1019 1119 1096 pertracti
1141 1019 1496 1094 fuissemus.
1518 1016 1671 1079 Hinc
1691 1021 1866 1080 etiam
1899 1020 2113 1100 Grego-

464 1106 593 1168 rius
618 1107 696 1170 ait
730 1106 790 1166 in
815 1108 1084 1169 oratione
1125 1106 1194 1168 12
1222 1109 1311 1185 (p.
1347 1107 1480 1187 196)
1512 1108 1839 1170 Ecclesiain
1871 1108 2115 1171 Nazian-

466 1211 670 1256 2enam
713 1206 848 1257 ante
902 1196 1052 1256 illud
1106 1196 1458 1271 dissidium,
1488 1216 1685 1258 arcam
1739 1197 1861 1260 Noe
1921 1200 2113 1260 vocari

469 1287 700 1347 solitam
728 1303 883 1360 esse,
922 1295 985 1346 ut
1014 1304 1143 1365 quas
1176 1287 1449 1347 universi
1483 1286 1645 1348 orbis
1674 1288 1956 1349 diluvium
1990 1290 2114 1350 sola

470 1375 795 1453 effugisset.
832 1375 977 1447 Sed,
1012 1374 1062 1434 si
1093 1375 1259 1453 episc
1274 1394 1422 1454 opus
1472 1374 1792 1455 Gregorius
1817 1376 1926 1438 sub
1958 1378 2107 1440 Con-

470 1465 685 1525 stantia
708 1465 1064 1525 Arianorum
1099 1463 1323 1524 artibus
1353 1465 1779 1539 succubuerat,
1802 1486 1919 1526 non
1944 1468 2113 1529 video

472 1572 578 1614 cur
606 1553 931 1615 Ecclesiam
963 1551 1393 1615 Nazianzenam
1429 1554 1583 1614 mala
1625 1557 1963 1618 communia
1998 1558 2111 1617 mi-

469 1646 632 1702 nime
664 1642 924 1720 attigisse
955 1643 1208 1703 dicatur.

549 1729 618 1793 Χ.
646 1728 868 1791 Juliani
899 1749 1059 1791 mors
1089 1730 1369 1791 divinitus
1402 1730 1620 1793 Basilio
1646 1733 1902 1794 revelata
1933 1735 2113 1797 fuisse

2200 591 2319 633 non
2348 572 2603 633 libenter
2642 572 2949 635 ordinatus
2979 575 3178 648 fuerit,
3214 592 3281 634 ex
3314 572 3562 651 epistola
3594 574 3653 635 11
3696 572 3843 633 Gre-

2200 662 2351 739 gorii
2371 661 2785 741 perspicimus.
2802 664 2886 723 Tu
2898 681 3141 745 quoque
3157 672 3370 743 captus
3389 662 3678 739 es,inquit
3694 662 3848 724 Basi-

2202 751 2301 830 lio,
2329 751 2831 830 quemadmodum
2863 762 2918 814 et
2948 772 3060 816 nos
3090 754 3541 831 circumscripti
3569 773 3580 808 :
3608 754 3849 830 quando

2202 842 2447 919 quidem
2460 840 2541 901 ad
2552 840 2999 919 presbyterium
3014 843 3766 922 pertractisumus.Atque
3786 841 3849 902 id

2200 930 2438 1007 quidem
2460 952 2495 987 (ι
2516 930 2690 990 nobis
2718 947 2842 990 non
2865 930 3281 1011 expetebatur.
3302 930 3455 990 Nam
3475 938 3731 1007 uterque
3751 930 3845 990 al-

2199 1015 2395 1084 teri,si
2411 1013 2527 1075 alii
2539 1016 3162 1097 euipiam,locupletes
3179 1036 3307 1079 esse
3318 1025 3489 1078 testes
3507 1034 3845 1097 possumus,

2196 1121 2374 1181 quam
2396 1102 2566 1165 nobis
2588 1106 2919 1167 cordiesset
2932 1106 3225 1186 pedestris
3240 1106 3624 1185 pdilosophia
3649 1106 3824 1168 humi
3834 1133 3845 1143 -

2195 1210 2312 1271 que
2331 1194 2635 1271 depressa.
2676 1195 2757 1256 Ex
2786 1195 2992 1273 primis
3016 1196 3284 1274 ejusdem
3320 1196 3590 1275 epistolae
3614 1196 3842 1274 verbis,

2193 1281 2486 1361 Epistula:
2500 1289 2617 1344 tua:
2626 1302 2686 1361 pi
2702 1286 2979 1345 omium
2995 1286 3367 1359 laudiuouid
3379 1292 3583 1345 autem
3602 1292 3840 1344 tuorum

2196 1388 2316 1432 non
2336 1371 2943 1451 luudandum'iliquet
2964 1373 3249 1436 Basilium
3282 1375 3543 1452 priorem
3565 1372 3843 1453 scripsis-

2197 1477 2359 1533 se,ac
2377 1459 2661 1539 Gregorio
2678 1479 2829 1522 onus
2848 1462 2962 1523 sibi
2987 1462 3266 1543 imposita
3300 1484 3328 1522 ς.
3356 1462 3842 1540 signiﬁcasse,vel

2198 1550 2393 1628 potius
2438 1550 2825 1627 ingemuisse.
2854 1551 3026 1612 Illum
3063 1551 3223 1612 enim
3257 1554 3597 1612 consolatur
3617 1550 3843 1628 Grego-

2198 1640 2323 1698 rius
2349 1657 2365 1713 ;
2391 1640 2750 1716 etquoniam
2778 1640 2832 1698 id
2862 1640 3080 1700 factum
3126 1649 3237 1712 est,
3257 1642 3412 1719 quod
3445 1640 3697 1701 fortasse
3727 1660 3843 1701 non

2197 1727 2325 1788 ﬁeri
2350 1727 2744 1808 praestitisset,
2771 1728 3083 1789 terendum
3118 1747 3249 1790 esse
3270 1730 3491 1803 staluit,
3509 1746 3721 1809 prose:
3736 1733 3842 1790 tim

467 1818 817 1900 dicitur;sed
843 1839 974 1880 cum
1000 1829 1165 1881 tanta
1192 1822 1771 1883 circumstantiarum
1804 1824 2109 1897 varietate,
2140 1858 2173 1904 Β
2196 1816 2269 1878 0b
2296 1824 2527 1895 tempus
2558 1817 2808 1890 multas,
2832 1817 3047 1898 inquit,
3085 1820 3151 1880 in
3174 1837 3282 1880 nos
3305 1825 3582 1881 excitans
3612 1818 3843 1880 lucreti-

464 1918 530 1968 ut
556 1908 782 1970 referre
841 1928 959 1969 non
1006 1908 1210 1988 libeat,
1240 1927 1378 1985 quae
1435 1928 1505 1970 ea
1533 1911 1610 1971 de
1640 1928 1707 1972 re
1742 1911 2023 1989 leguntur
2053 1913 2110 1973 in

466 1999 767 2061 Chronico
800 1998 1243 2072 Alexandrino,
1268 1998 1424 2078 apud
1466 2007 1738 2061 sanctum
1794 2000 2112 2063 Damasce-

465 2105 607 2149 num
643 2091 702 2148 in
733 2085 887 2148 libro
940 2088 1022 2147 De
1053 2088 1451 2163 imaginibus,
1486 2089 1586 2169 qui
1644 2087 1842 2151 Vitam
1893 2091 2115 2153 Basilii

2198 1923 2399 1967 corum
2426 1906 2675 1986 linguas
2702 1926 2718 1981 ;
2750 1906 2982 1981 μάλιστα
3011 1909 3095 1964 διὰ
3126 1912 3218 1965 τὸν
3251 1913 3431 1986 καιρὸν
3465 1908 3667 1972 πολλὰς
3701 1912 3839 1983 ἡμῖν

2198 1998 2475 2073 αἱρετιχῶν
2506 1996 2859 2074 ἐπεισάγοντι
2894 1997 3165 2073 γλώσσας.

2276 2083 2346 2145 ll.
2385 2083 2536 2147 Satis
2564 2086 2723 2148 inter
2755 2086 3025 2147 eruditos
3063 2088 3339 2148 convenit
3370 2086 3654 2149 Basilium
3683 2106 3836 2149 anno

464 2177 538 2237 ab
570 2175 844 2237 Helladio
899 2176 1184 2256 scriptam
1247 2176 1410 2251 citat,
1449 2186 1507 2238 et
1564 2177 1621 2238 in
1690 2178 1912 2240 Basilii
1977 2179 2113 2242 Vita
2196 2174 2315 2237 362
2345 2174 2759 2255 presbyterum
2808 2174 2990 2235 fuisse
3039 2178 3400 2237 ordinatum.
3446 2178 3737 2239 Baronius
3782 2186 3840 2238 et

465 2264 888 2345 Amphilochio
917 2264 1247 2345 supposita.
2196 2265 2585 2327 Hermantius
2607 2281 2683 2325 ex
2706 2263 2953 2343 epistola
2974 2265 3151 2326 modo
3175 2264 3411 2327 laudata
3431 2266 3717 2345 colligunt
3738 2282 3832 2326 or—

545 2359 631 2417 Ex
654 2356 746 2417 his
775 2354 971 2417 verbis
991 2355 1273 2417 secunda;
1301 2355 1588 2417 orationis
1610 2356 1880 2435 Gregorii
1910 2361 1977 2420 in
1998 2361 2109 2423 Ju-
2194 2353 2459 2413 dinatum
2499 2354 2666 2414 illum
2698 2353 2880 2413 fuisse
2899 2352 3111 2414 eodem
3142 2354 3268 2416 fere
3299 2365 3567 2435 tempore
3592 2374 3660 2415 ac
3691 2359 3832 2417 Gre.

463 2443 723 2523 lienam,
750 2443 891 2505 Hac
911 2442 1024 2505 tibi
1052 2446 1327 2507 Basilius
1358 2452 1417 2508 et
1440 2448 1794 2527 Gregorius,
1823 2447 2113 2527 colligunt
2196 2442 2425 2521 gorium
2455 2462 2470 2518 ;
2506 2442 2748 2521 coniicit
2785 2443 3198 2506 Tillemontius
3216 2445 3521 2519 Basiliam,
3551 2463 3684 2504 cum
3709 2446 3836 2507 Cae-

461 2533 679 2593 eruditi
710 2531 821 2592 viri
854 2533 1206 2610 Gregorium
1241 2552 1272 2594 a
1304 2532 1523 2595 Basilio
1555 2533 1827 2614 adjutum
1846 2536 2027 2597 fuisse
2048 2536 2110 2598 in
2194 2549 2427 2594 sarenm
2450 2532 2710 2592 venisset
2734 2542 3048 2611 aegrotante
3075 2532 3393 2607 Dianiu,ibi
3415 2553 3604 2614 usque
3626 2534 3698 2594 ad
3723 2534 3840 2594 ele-

462 2621 556 2682 his
584 2620 955 2683 orationibus
972 2622 1426 2702 componendis.
1455 2622 1795 2685 Probabilis
1815 2644 1960 2686 sane
1983 2626 2108 2687 hac
2191 2621 2455 2682 ctionem
2480 2619 2726 2682 Eusebii
2746 2632 3033 2684 moratum
3048 2632 3277 2696 esse,et
3297 2624 3369 2684 ab
3392 2624 3837 2702 Eusebio,forte

462 2710 848 2790 conjectura;
884 2720 942 2772 et
963 2730 1095 2772 cum
1121 2712 1441 2791 Gregorius
1455 2730 1588 2774 sese
1610 2719 1874 2792 paterna:
1895 2714 2109 2776 domus
2194 2712 2432 2772 hortatu
2466 2709 2736 2790 Gregorii
2770 2713 2977 2791 patris,
3011 2721 3307 2773 retentum
3359 2724 3420 2773 et
3464 2711 3832 2774 ordinatum.

463 2799 849 2861 sollicitudini
899 2800 1197 2861 interdum
1240 2802 1472 2881 eripere
1505 2802 1751 2875 soleret,
1784 2804 2015 2864 videtur
2043 2805 2104 2867 in
2270 2797 3207 2879 Timiditateminjicithominum
3228 2802 3712 2863 doctissimorum
3734 2822 3832 2863 an-

457 2887 706 2951 Pontum
724 2891 964 2951 venisse
980 2890 1643 2971 postmortemJuliani,
1665 2902 1722 2953 et
1740 2893 1945 2955 Basilii
1967 2913 2106 2955 con-
2189 2892 2459 2970 ctoritas,
2494 2891 2816 2967 quominus
2848 2890 2921 2951 ab
2953 2892 3042 2952 eis
3073 2891 3420 2952 dissentiam
3448 2913 3462 2949 :
3499 2895 3604 2952 sed
3637 2902 3832 2953 tamen

456 2978 588 3065 silio
609 2980 680 3040 ad
716 2981 865 3040 hanc
899 2978 1414 3042 elucubrationem
1444 2999 1586 3042 usus
1618 2980 1802 3045 fusse.

1086 3101 1326 3167 CAPUT
1368 3104 1468 3167 IX.

465 3214 505 3265 Ι.
527 3214 828 3278 fresbyter
853 3218 1075 3266 creatur
1098 3216 1353 3266 Basilius.
1383 3217 1451 3267 ΙΙ.
1497 3216 1804 3267 Ordinatus
1823 3232 1971 3268 anno
1994 3222 2104 3271 564.

524 3277 624 3327 III.
648 3277 727 3328 De
745 3280 933 3339 prima
958 3278 1106 3342 illius
1144 3282 1393 3329 oratione
1419 3282 1470 3328 et
1518 3280 1693 3329 tribus
1735 3283 1989 3342 epistolis.
2012 3282 2103 3333 ιν.

529 3344 687 3390 Pacis
737 3354 901 3391 causa
952 3341 1146 3391 secedit
1196 3346 1255 3390 in
1302 3344 1559 3391 Pontum.
1611 3342 1672 3391 V.
1722 3341 1877 3392 Redit
1925 3348 2107 3395 Casa-

526 3415 696 3463 ream,
752 3408 810 3451 ut
854 3403 999 3453 hanc
1042 3404 1311 3453 ecclesiam
1379 3404 1595 3453 Valente
1639 3404 1961 3457 adveniente
2007 3408 2103 3457 de—

524 3465 741 3532 fendat.
789 3466 1153 3532 VI._._Secessio
1215 3466 1738 3532 ponendagexeunte
1788 3482 1935 3518 anno
1984 3471 2098 3532 564,

521 3532 621 3576 aut
648 3530 871 3577 ineunte
892 3530 1001 3578 565.
1030 3531 1252 3578 Retlitus
1270 3543 1419 3578 anno
1440 3530 1551 3579 565.

540 3633 584 3692 l.
615 3631 894 3710 Deplorat
917 3630 1237 3709 Gregorius
1268 3630 1449 3711 (a),ut
1471 3649 1747 3709 magnum
1768 3632 1955 3694 {etatis
1978 3652 2100 3695 suae

457 3722 684 3793 vitium,
711 3721 869 3796 quod
903 3738 1061 3798 saepe
1086 3722 1141 3781 in
1176 3721 1569 3782 electionibus
1593 3721 1756 3783 nulla
1776 3722 2100 3785 haberetur

461 3811 743 3871 doctrinae
760 3821 817 3869 et
843 3810 1168 3871 sanctitatis
1192 3810 1363 3882 ratio,
1388 3831 1456 3871 ac
1482 3811 1757 3873 homines
1782 3821 1993 3873 neutro
2013 3812 2099 3873 in—

457 3900 659 3961 structi
677 3900 889 3977 praasiil
901 3901 955 3959 io
967 3899 1037 3961 ad
1053 3900 1449 3960 sacerdotium
1469 3900 1663 3961 subito
1678 3902 2095 3983 aveherentur,

455 3997 513 4049 et
533 3990 723 4070 primo
756 3989 885 4049 loco
916 3990 1243 4067 constituti,
1274 3989 1555 4049 meliores
1581 4007 1645 4048 se
1670 4008 1736 4049 ac
1768 3991 2100 4052 sanctiores

453 4079 1025 4160 despicerent,quasi
1049 4098 1185 4139 cum
1214 4078 1499 4157 dignitate
1522 4078 1871 4157 sapientiam
1892 4088 2099 4141 etern-

454 4169 743 4230 ditionem
793 4167 1187 4245 accepissent.
1222 4164 1349 4226 Non
1383 4167 1470 4228 sic
1499 4166 1772 4242 Basilius,
1808 4171 1910 4229 scd
1944 4188 2097 4249 prai-

453 4258 673 4339 scripto
698 4256 1024 4318 canonibus
1045 4256 1255 4316 ordine
1272 4255 1343 4315 ad
1371 4256 1768 4317 sacerdotium
1803 4260 2095 4337 pervenit;

453 4357 511 4408 et
541 4366 674 4408 cum
709 4365 908 4407 sacros
934 4347 1119 4407 libros
1152 4345 1369 4425 populo
1403 4346 1666 4426 legisset,
1697 4347 1756 4407 in
1791 4348 2099 4429 presbyte-

2192 2979 2703 3058 cogordissentire
2735 2980 2933 3060 Atque
2956 2981 3097 3043 illud
3119 2981 3362 3062 quidem
3389 2991 3553 3042 certo
3577 2990 3835 3043 statuere

2127 3071 2167 3121 Ο
2193 3070 2490 3150 videntur,
2523 3070 2718 3129 serius
2748 3069 3032 3131 Basilium
3078 3072 3412 3133 ordinatum
3446 3072 3628 3131 fuisse
3656 3090 3831 3151 quam

2191 3160 2567 3238 Gregorium.
2598 3156 2725 3219 Non
2750 3160 2947 3222 minus
2970 3160 3352 3241 perspicuum
3377 3168 3435 3220 et
3466 3161 3829 3239 exploratum

2191 3259 2280 3310 est
2309 3268 2444 3310 eum
2481 3268 2595 3310 non
2628 3267 2660 3308 a
2691 3246 2925 3323 Dianio,
2963 3259 3027 3310 ut
3066 3250 3303 3329 quidam
3359 3251 3691 3321 voluerunt,
3725 3252 3833 3311 sed

2185 3338 2261 3401 ab
2292 3338 2552 3401 Eusebio
2577 3338 2913 3400 ordinatum
2942 3339 3151 3401 fuisse.
3178 3341 3327 3401 Nam
3359 3339 3606 3402 Dianius
3627 3340 3832 3420 paucis

2187 3429 2495 3491 mensibus
2524 3436 2657 3509 post
2676 3428 2947 3507 Gregorii
2972 3429 3408 3491 ordinationem
3432 3437 3825 3506 mortuusest,

2183 3536 2296 3583 nec
2321 3537 2457 3580 cum
2484 3536 2556 3580 eo
2591 3517 2846 3579 Basilius
2871 3518 2947 3580 ab
2979 3537 3137 3581 anno
3166 3518 3309 3591 360,
3333 3518 3447 3579 nisi
3467 3519 3528 3579 in
3561 3526 3827 3581 extremo

2186 3609 2394 3671 morbo
2428 3608 2907 3672 communicavit.
2941 3608 3060 3673 Sed
3092 3608 3251 3689 quod
3285 3608 3722 3671 ordinationem
3752 3609 3826 3669 ad

2180 3718 2400 3771 annum
2426 3697 2544 3762 362
2566 3698 2856 3775 referunt,
2884 3698 2943 3760 id
2974 3698 3189 3759 vellem
3217 3697 3480 3759 vincibili
3500 3697 3701 3778 aliqua
3724 3716 3823 3758 ra-

2184 3791 2345 3851 tione
2368 3790 2727 3851 ﬁrmassent.
2753 3785 2898 3848 Nam
2921 3786 3211 3850 Basiliam
3238 3785 3520 3848 Casareai
3542 3804 3730 3866 usque
3750 3787 3826 3849 ad

2181 3881 2539 3943 electionem
2570 3876 2813 3939 Eusebii
2864 3885 3155 3937 moratum
3190 3893 3343 3949 esse,
3372 3877 3713 3953 conjectura
3742 3885 3832 3938 est

2182 3971 2348 4032 nulla
2372 3986 2617 4051 prorsus
2635 3967 2778 4028 fulta
2799 3966 3156 4042 ratione,vel
3182 3965 3377 4046 potius
3394 3966 3595 4028 Basilii
3627 3967 3830 4028 solitu-

2183 4061 2343 4122 dinis
2359 4057 2807 4132 amori,etcum
2833 4057 3179 4117 monasterii
3199 4056 3447 4135 regendi
3464 4074 3825 4135 repugnans,

2182 4169 2318 4211 cum
2348 4148 2681 4231 praesertim
2712 4147 2965 4208 fateatur
3014 4145 3434 4208 Tillemontius
3490 4158 3724 4225 tempus
3765 4146 3826 4206 in

2180 4240 2291 4301 hac
2324 4240 2621 4301 electione
2671 4236 3147 4299 dissensionibus
3178 4244 3501 4297 extractum
3534 4235 3741 4298 fuisse.

2263 4330 2405 4406 Sed,
2438 4331 2598 4411 quod
2639 4345 2734 4390 me
2770 4326 3024 4389 maxime
3054 4328 3319 4391 deterret
3345 4325 3419 4387 ab
3451 4327 3560 4387 hac
3588 4325 3824 4406 ample-

450 4455 657 4497 rorum
685 4455 754 4498 ac
786 4436 1004 4498 deinde
1033 4435 1094 4496 in
1147 4414 1562 4515 episcoporum
1596 4414 1883 4497 cathedra
1913 4414 2094 4517 sedit,
2123 4436 2163 4487 0
2185 4422 2398 4517 φαιάᾶ
2429 4418 2739 4517 ορξηὶιξῃθι
2766 4416 3041 4517 Plurim?
3058 4418 3365 4517 ξ’ἓιίοξιυξζι
3389 4414 3826 4517 ξηοίηθηιίθβὼ

453 4543 571 4585 non
607 4527 894 4586 honorem
940 4541 1235 4605 quaerens,
1269 4526 1371 4585 sed
1407 4523 1479 4585 ab
1512 4526 1738 4586 honore
1769 4527 2091 4607 quaesitus;

451 4633 565 4675 nec
608 4615 680 4676 ab
731 4613 1093 4695 hominibus,
1126 4614 1229 4675 sed
1263 4632 1295 4674 ει
1330 4616 1452 4676 Deo
1484 4614 1729 4693 gratiam
1764 4616 2093 4695 accipiens.

447 4703 730 4766 Basilium
764 4704 1423 4783 Philostorgiustb)jam
1448 4723 1604 4765 anno
1628 4704 1744 4768 359
1777 4705 2090 4767 diaconum

442 4794 621 4856 fuisse
641 4805 804 4876 putat
830 4812 841 4854 :
872 4793 1372 4873 Socrates(.:),qui
1407 4813 1541 4855 cum
1562 4796 1783 4856 Basilio
1808 4792 1867 4857 S.
1900 4792 2086 4876 Chry-

446 4886 684 4945 sostomi
737 4885 930 4946 amico
983 4889 1252 4945 nostrum
1302 4882 1632 4959 confundit,
1666 4886 1739 4947 ad
1768 4884 1919 4946 hanc
1955 4903 2091 4945 eum

442 4974 792 5052 dignitatem
816 4994 849 5035 a
870 4975 932 5036 S.
959 4972 1192 5034 Maletio
1225 4982 1492 5034 evectum
1518 4982 1739 5034 narrat.
1765 4973 1884 5036 Sed
1902 4970 2091 5035 Tille-

443 5064 704 5126 montius
728 5082 802 5125 ne
825 5063 1137 5124 diaconum
1164 5062 1409 5142 quidem
1433 5062 1615 5123 fuisse
1642 5062 1926 5125 Basilium
1949 5080 2090 5143 pro-

442 5154 540 5215 bat
566 5172 638 5214 ex
671 5153 1010 5214 testimonio
1034 5150 1410 5224 Nazianzeni,
1438 5153 1541 5230 qui
1573 5155 1632 5213 in
1657 5160 1774 5213 tam
1817 5159 2091 5217 accurata

440 5242 898 5321 ordinum,qnos
913 5241 1174 5305 exercuit
1197 5238 2087 5319 Basilius,enumeratione,non

437 5332 737 5394 omisisset
762 5331 1157 5405 diaconatum,
1186 5332 1235 5391 si
1267 5331 1325 5389 in
1362 5331 1471 5389 hoc
1501 5350 1736 5410 quoque
1758 5330 1946 5408 gradu
1968 5328 2086 5391 mi-

436 5422 771 5484 nistrasset.

518 5587 592 5656 (a)
620 5581 783 5644 Orat.
812 5582 911 5644 20.

511 5664 594 5745 (ὁ)
623 5660 755 5728 Lib.
788 5678 871 5740 iv,
904 5680 959 5724 c.
998 5663 1093 5726 li.

2180 4513 2390 4588 ducor,
2413 4520 2476 4573 ut
2503 4508 2787 4573 Basilium
2826 4526 2983 4570 anne
3009 4509 3126 4570 36t
3157 4507 3271 4567 sub
3307 4506 3552 4568 Valente
3582 4506 3825 4567 credam

2177 4602 2518 4665 ordinatum
2539 4599 2743 4662 fuisse.
2787 4606 2845 4659 ιο
2874 4600 3007 4679 Ipsa
3036 4595 3310 4675 Gregorii
3332 4594 3512 4657 verba
3540 4593 3824 4659 Basilium

2181 4695 2574 4766 monentis,ut
2596 4690 2710 4751 sibi
2729 4696 2930 4751 caveat
2938 4688 3286 4767 prwsertim
3312 4686 3387 4748 ob
3410 4694 3639 4765 tempus
3659 4684 3823 4746 mul-

2178 4791 2270 4844 tas
2286 4785 2349 4842 in
2364 4779 2789 4861 nos,inquit(d)
2801 4777 3254 4860 ,hwreticorum
3268 4774 3677 4854 excitansling
3686 4792 3821 4851 uas;

2178 4871 2326 4946 haec,
2351 4868 2806 4952 inquam,vcrba
2826 4867 3091 4932 Valentis
3118 4864 3373 4947 imperio
3397 4865 3649 4926 miriﬁce
3671 4882 3821 4925 con-

2178 4961 2650 5037 gruunt,Juliani
2681 4976 2819 5020 vero
2844 4973 3240 5038 nequaquam.
3266 4954 3413 5017 Nam
3447 4954 3555 5015 sub
3584 4952 3821 5016 Juliano

2176 5050 2340 5112 nulla
2358 5050 2431 5113 ab
2463 5049 2765 5113 haereticis
2784 5048 3050 5131 pericula
3072 5045 3332 5108 maxima
3368 5044 3441 5106 ab
3464 5045 3824 5124 imperatore

2172 5149 2437 5221 apostata
2467 5138 2845 5202 exstiterunt.
2872 5136 2996 5200 Sub
3049 5136 3295 5197 Valente
3341 5142 3540 5196 autem
3574 5133 3823 5194 heresis

2171 5232 2366 5294 statim
2389 5233 2668 5293 verticem
2700 5228 2958 5309 sustulit,
2986 5234 3045 5289 et
3073 5224 3250 5304 ignis,
3282 5226 3384 5306 qui
3407 5223 3684 5285 saeviente
3706 5224 3820 5285 Ju-

2171 5321 2315 5384 liani
2337 5322 2753 5404 persecutione
2771 5316 3115 5400 suppositus
3144 5315 3334 5377 cineri
3356 5313 3691 5404 videbatur,
3718 5313 3821 5376 de-

2171 5430 2291 5475 nuo
2312 5400 2554 5477 exarsit.
2580 5413 2731 5474 Nota
2752 5410 3016 5492 proiecto
3041 5423 3137 5467 res
3161 5414 3250 5466 est
3281 5413 3339 5465 et
3369 5405 3443 5467 ab
3467 5407 3594 5485 ipso
3625 5400 3817 5466 Tille-

2248 5581 2333 5742 Efi’)
2359 5573 2510 5723 iiii.
2524 5590 2704 5736 ‘th‘;
2724 5571 2808 5717 12.6
2819 5618 2829 5629 '
