4130 6448
428 384 526 433 ιλν

124 16 2191 46 ηῃηα.α.....,....,,,,,---ἡί,κἃἰῧεέέ-ῴ-ῃ-Ξη-Ηὼ-νῄ-ήῌ-

1741 363 1939 427 PROL
1946 362 2149 427 EGOM
2153 360 2306 428 ENA
2319 413 2331 425 .

427 504 869 578 Samosatense,
892 496 981 559 vel
1014 512 1132 559 non
1164 493 1349 556 multo
1394 502 1524 573 post
1560 494 1795 557 videtur
1823 497 2066 557 abiisse.
2102 509 2131 549 Α
2162 495 2416 559 Basilius
2438 499 2692 575 (b),cuin
2720 519 2783 557 se
2811 498 3072 573 parentis
3096 497 3224 558 loco
3250 496 3633 559 constitutum
3663 496 3819 560 dicit

429 590 610 653 Suum
636 609 774 669 ergo
824 587 1089 651 dolorem
1136 582 1397 646 Basilius
1446 585 1706 646 Eusebio
1759 586 2077 662 signiﬁcat,

429 680 587 762 quod
609 678 811 741 civitas
844 683 1003 737 tanta
1032 682 1274 755 tamque
1303 683 1635 753 Opportune
1661 674 1797 747 sita,
1828 684 1889 734 ut
1916 677 2077 734 Isau-

428 768 796 846 ros,Cilices,
824 764 1205 846 Cappadoces
1228 772 1287 823 et
1320 766 1497 843 Syros
1520 782 1627 842 per
1648 764 1905 843 seipsam
1931 783 2077 824 cou-

421 855 913 947 jungeret,unius
932 864 1039 917 aut
1061 854 1312 947 duorum
1333 852 1645 947 hominum
1672 852 2007 913 temeritate
2023 855 2078 910 iu

430 942 754 1027 perniciem
778 944 941 1005 nullo
970 942 1202 1021 negotio
1240 942 1516 1021 conjecta
1537 952 1715 1017 esset,
1742 944 1880 1001 dum
1916 944 2079 1021 epis-

426 1036 559 1116 copi
580 1033 860 1097 catholici
882 1038 1239 1094 cunctantur
1262 1048 1330 1091 ac
1356 1028 1714 1109 deliberant,
1741 1038 1800 1090 et
1824 1048 1959 1090 sese
1982 1030 2077 1089 in-

426 1127 617 1186 vicem
649 1123 1001 1205 respiciunt.
1053 1120 1294 1182 Fatetur
1328 1128 1526 1181 tamen
1567 1119 1786 1179 nullam
1829 1120 1960 1197 ejus
1994 1120 2077 1178 rei

425 1214 657 1294 culpam
689 1211 1009 1273 Eusebium
1042 1209 1369 1287 sustinere,
1396 1227 1509 1269 nec
1544 1207 1871 1287 quidquam
1903 1207 1977 1268 ab
2007 1227 2075 1268 eo

429 1301 1079 1386 praetermissum,quod
1093 1300 1167 1361 ad
1180 1299 1469 1361 Ecclesiae
1484 1298 1797 1359 utilitatem
1820 1298 2075 1377 pertine-

430 1406 542 1458 ret.

509 1485 637 1547 Non
661 1493 859 1544 tamen
883 1479 1081 1542 evenit
1101 1479 1258 1558 quod
1284 1476 1590 1539 metuebat
1609 1476 1864 1537 Basilius
1885 1480 2080 1555 (a),ne

437 1576 658 1655 periret
689 1570 956 1636 Ecclesia
985 1568 1321 1630 Tarsensis.
1350 1566 1601 1655 Videtur
1631 1565 1790 1626 enim
1827 1566 2080 1627 maxima

430 1654 571 1746 pars
592 1668 1069 1745 presuyterorum
1091 1654 1605 1746 curamEcclesise
1632 1656 1993 1746 suscepisse,
2027 1664 2087 1716 et

434 1744 538 1835 pro
561 1744 677 1815 (ide
702 1749 995 1813 catholica
1015 1756 1259 1809 strenue
1281 1744 1599 1835 dimicasse
1616 1745 1782 1805 .Cuni
1812 1745 1900 1835 eis
1920 1746 2076 1806 Basi-

428 1814 545 1904 iius
575 1840 781 1901 eadem
835 1835 1097 1898 amicitia
1149 1841 1207 1895 et
1253 1832 1678 1893 communione
1730 1814 2146 1910 conjunctusB

426 1932 560 2006 fuit,
585 1947 761 2010 quam
796 1945 931 1987 cum
965 1922 1201 1986 Silvano
1233 1920 1549 2000 habuerat,
1576 1930 1637 1982 ut
1672 1929 1966 1982 testantur
1998 1921 2086 1981 lit-

430 2031 574 2083 terae
607 2016 723 2080 H3
756 2025 813 2078 et
844 2015 983 2076 114.
1017 2014 1088 2074 At
1119 2030 1255 2073 cum
1290 2010 1573 2090 episcopo
1598 2010 1819 2073 Ariano
1846 2029 1955 2070 nec
1977 2010 2085 2071 Ba-

429 2110 599 2173 silius
635 2125 744 2169 nec
781 2101 1108 2185 presbyteri
1159 2098 1486 2161 Tarsenses
1536 2099 2083 2177 communicabant,

430 2208 494 2261 ut
526 2194 996 2268 observabimus,
1026 2210 1160 2252 cum
1217 2191 1292 2249 de
1343 2188 1561 2248 iisdem
1618 2185 1895 2268 epistolis
1940 2208 2079 2266 age-

431 2307 585 2351 mus.

509 2377 746 2457 Scripta
774 2385 978 2437 autem
1012 2371 1138 2433 haec
1169 2368 1245 2429 ad
1276 2366 1603 2457 Eusebium
1638 2366 1888 2457 epistola
1926 2386 2082 2457 anno

428 2469 546 2534 369
570 2455 825 2529 exeunte
843 2472 942 2525 aut
963 2461 1217 2523 ineunte
1241 2456 1685 2537 370,5iquidem
1708 2456 1971 2536 postiter
1983 2455 2084 2519 Sa—

428 2564 764 2621 mosatense
795 2551 1014 2631 scripta
1048 2557 1159 2623 est,
1193 2546 1350 2626 quod
1404 2564 1563 2607 anno
1611 2546 1728 2607 369
1781 2546 1942 2608 circa
1974 2566 2082 2607 au-

428 2657 695 2709 tumnum
717 2641 983 2721 suscepit
1006 2635 1714 2715 Basilius.Presbyterum
1742 2635 1902 2695 illam
1924 2635 2079 2697 Basi

427 2738 569 2799 lium
600 2734 915 2813 scripsisse
968 2734 1214 2789 monent
1248 2725 1486 2787 codices
1545 2742 1689 2785 mss.
1726 2723 2080 2805 quibuscum

426 2828 651 2909 optime
684 2821 981 2885 consentit
1005 2816 1175 2896 illud,
1208 2816 1351 2877 dum
1389 2833 1489 2909 uos
1511 2816 1909 2909 cuuctamt'uc‘,
1936 2815 2077 2876 deli-

430 2904 769 2994 bEratz‘sque
798 2918 853 2974 et
889 2929 989 2971 vos
1019 2917 1226 2968 mutuo
1248 2906 1579 2994 respicitis.
1615 2904 1722 2966 His
1755 2905 1915 2964 enim
1949 2923 2074 2994 vers

428 3006 521 3066 bis
564 2992 824 3067 secernit
881 3017 943 3060 se
994 2996 1249 3059 Basilius
1292 2992 1367 3053 ab
1419 2992 1743 3073 episcopis.
1806 2996 1951 3065 Quae
2008 2993 2082 3055 de

425 3094 645 3155 Silvani
700 3098 891 3151 morte
943 3086 1225 3163 diximus,
1254 3082 1570 3145 conﬁrmat
1625 3082 1877 3161 epistola
1907 3084 1977 3143 67
2009 3084 2077 3144 ad
2101 3132 2113 3169 ι

429 3180 840 3250 Athanasium,
865 3176 1089 3251 scripta
1104 3191 1260 3234 anno
1278 3172 1422 3233 371.
1459 3174 1625 3232 Hunc
1644 3172 1803 3232 enim
1841 3171 2075 3232 beatum

428 3273 690 3353 appellat
720 3268 995 3339 Basilius,
1032 3283 1129 3344 qui
1167 3263 1323 3323 hunc
1357 3261 1592 3322 titulum
1635 3280 1753 3321 non
1782 3262 1932 3322 solet
1966 3263 2075 3323 nisi

429 3361 679 3423 mortuis
706 3359 963 3421 deferre.

506 3450 630 3515 VII.
652 3453 803 3514 Ante
827 3449 1231 3527 episcopatum
1258 3442 1635 3504 collocandas
1659 3440 1796 3501 duxi
1824 3450 1943 3502 tres
1973 3459 2073 3503 se--

427 3550 680 3623 quentes
703 3539 1010 3621 epistolas,
1045 3552 1176 3611 qua:
1209 3531 1601 3623 inscriptione
1623 3538 1853 3623 carent.
1879 3528 2076 3591 Prima

426 3619 653 3711 potenti
680 3619 915 3691 cuidam
944 3626 1160 3698 amico,
1190 3624 1342 3683 forte.
1373 3619 1680 3711 censitori,
1712 3619 1937 3711 scripta
1960 3627 2070 3699 est,

425 3708 517 3781 cui
544 3722 669 3800 jam
708 3719 923 3779 multos
947 3712 1470 3800 commendaverat
1489 3708 1763 3784 Basilius,
1789 3708 1894 3770 sed
1918 3727 2075 3769 nunc

426 3811 495 3870 de
528 3810 774 3872 meliore
801 3816 937 3869 nota
959 3802 1338 3867 commendat
1364 3801 1417 3860 ei
1436 3799 1665 3861 Leontii
1689 3800 1956 3878 domum,
1976 3818 2075 3859 ro-

425 3911 637 3979 gatque
675 3908 735 3959 ut
780 3898 1018 3957 Leontio
1066 3890 1338 3955 eamdem
1405 3888 1837 3979 humanitatem
1884 3887 2071 3979 exhi-

424 3975 579 4069 beat,
642 4006 819 4068 quam
879 3984 988 4045 sibi
1052 3980 1384 4069 exhiberet,
1448 3978 1495 4036 si
1551 3994 1668 4055 qua
1738 3975 2074 4054 possideret

423 4067 674 4157 praedia,
702 4096 813 4136 nec
847 4074 949 4136 Dei
985 4068 1279 4133 beneﬁcio
1334 4067 1395 4125 in
1447 4084 1679 4125 summa
1726 4072 2073 4143 paupertate

422 4176 772 4228 versaretur.

509 4256 573 4317 In
599 4256 831 4317 duabus
852 4247 1242 4332 sequentibus
1256 4242 1527 4323 epistolis
1552 4250 1716 4319 rogat
1741 4241 1993 4304 Basilius
2016 4252 2077 4303 ut

424 4344 739 4425 domui,in
768 4362 885 4424 qua
917 4340 1176 4402 nutritus
1198 4332 1701 4425 fuerat,antiquu_s
1724 4351 1941 4425 census
1959 4350 2076 4393 ser-

420 4442 612 4509 vetur,
639 4420 749 4494 nec
776 4420 831 4494 ei
855 4449 1002 4492 nova
1047 4422 1488 4509 permqnatione
1520 4421 1720 4481 oneris
1751 4420 2073 4500 quidquam

422 4523 900 4603 addatur.Atque
919 4520 976 4582 id
999 4525 1167 4596 rogat
1191 4532 1307 4575 non
1325 4511 1517 4603 solum
1535 4510 1815 4603 Dorothei
1838 4513 2076 4591 presby-
2104 4526 2141 4573 ι)

425 4614 561 4687 teri,
599 4600 949 4675 collact'anei
981 4607 1098 4683 sui,
1134 4604 1238 4667 sed
1270 4600 1445 4663 etiam
1478 4620 1585 4661 sua
1636 4600 1824 4680 ipsius
1873 4618 2068 4663 causa.

422 4700 592 4781 Nam,
628 4721 762 4766 cum
800 4699 944 4761 nihil
984 4696 1289 4780 proprium
1318 4689 1588 4769 haberet,
1618 4689 1723 4750 sed
1750 4689 2068 4781 charorum

422 4803 479 4854 et
513 4779 987 4874 propinquorum
1012 4788 1194 4851 rebus
1217 4790 1672 4874 sustentaretur,
1710 4779 1995 4874 alimenta
2015 4780 2070 4874 ei

421 4902 492 4946 ex
514 4866 638 4946 “bac-
658 4866 834 4946 domo
861 4878 1299 4963 prebebantur,
1325 4891 1507 4955 opera
1527 4871 1686 4932 illius
1716 4866 2066 4963 presbyteri,

424 4973 518 5033 cui
551 4982 738 5035 mater
772 4957 977 5034 Basilii
1005 4969 1318 5031 maximam
1346 4972 1568 5043 partem
1592 4957 1972 5019 servitiorum
1997 4960 2068 5019 ad

425 5063 695 5123 eamdem
720 5062 961 5123 domum
991 5056 1444 5139 pertinentium,
1469 5047 1731 5132 quandiu
1761 5046 2069 5139 presbyter

423 5150 527 5212 ille
558 5152 801 5223 viveret,
838 5135 1119 5211 utendam
1155 5144 1505 5214 tradiderat,
1540 5156 1609 5199 ea
1637 5135 1977 5199 conditione
2008 5144 2070 5195 ut

422 5238 638 5300 Basilio
676 5238 957 5299 alimenta
994 5237 1376 5297 ministraret.

503 5330 612 5390 Vel
650 5327 983 5409 presbyteri
1008 5325 1097 5386 vel
1131 5323 1393 5404 episcopi
1423 5319 1767 5399 dignitatem
1804 5316 2075 5394 designat

498 5494 581 5572 (at
611 5490 903 5572 ile-1.14-

499 5569 571 5648 (ὸ)
609 5569 716 5650 Ep.
752 5569 853 5632 37.

505 5645 582 5735 (ε)
614 5645 754 5715 Nu.
790 5667 878 5711 or.
911 5645 1011 5709 90.

2168 596 2411 664 propter
2424 587 2764 664 dignitatem
2791 590 2947 647 illam
2966 588 3024 647 in
3039 604 3155 661 qua
3168 607 3201 647 a
3220 586 3473 648 Domino
3489 588 3814 649 collocatus

2168 684 2313 735 erat.
2350 674 2466 737 Sed
2501 694 2611 735 cur
2641 675 2985 756 episcopum
3021 675 3186 736 illum
3222 676 3406 737 fuisse
3434 696 3548 737 non
3583 687 3814 756 putem,

2168 783 2298 823 cum
2328 773 2445 824 tres
2464 762 2594 825 illas
2611 764 2822 826 scribe:
2844 774 2903 827 et
2918 765 3459 845 epistolas,detiuet
3476 785 3570 826 me
3585 785 3821 827 summa

2171 854 2270 911 illa
2303 863 2642 931 paupertas,
2670 854 2730 912 in
2762 873 2877 933 qua
2911 853 3131 915 versari
3166 872 3229 914 se
3260 855 3426 923 dicit,
3456 873 3563 914 nec
3592 855 3813 932 praedia

2167 940 2285 999 ulla
2319 940 2751 1020 possideuzem,
2775 962 2883 1003 nec
2908 942 3233 1021 quidquam
3262 943 3566 1022 proprium
3593 942 3819 1004 haben-

2166 1036 2305 1089 tem.
2342 1028 2465 1089 Etsi
2492 1031 2653 1089 enim
2688 1032 2742 1090 in
2774 1032 2903 1111 ipso
2937 1031 3113 1092 etiam
3140 1031 3481 1110 episcopatu
3513 1035 3819 1111 pauperri-

2165 1138 2297 1178 mus
2318 1120 2426 1178 fuit
2459 1121 2724 1181 omnium
2760 1122 2940 1199 hujus
2975 1122 3179 1181 mundi
3204 1120 3521 1199 bou-vrum,
3553 1132 3689 1182 tunc
3726 1132 3817 1183 ta-

2162 1225 2296 1267 men
2326 1209 2509 1285 magis
2531 1210 2731 1270 animo
2758 1223 2817 1270 et
2834 1208 3259 1271 liberalitatein
3282 1228 3573 1288 pauperes
3598 1229 3822 1290 pauper

2165 1297 2294 1370 fuit,
2323 1318 2496 1377 quam
2520 1303 2679 1375 quod
2708 1300 2869 1362 nulla
2898 1300 3346 1376 praedia,nutlos
3366 1299 3598 1361 reditus
3623 1300 3809 1361 habe-

2165 1398 2275 1448 ret.
2308 1386 2600 1450 Videntur
2622 1391 2778 1451 enim
2813 1389 3082 1450 ecclesiae
3113 1389 3497 1451 Cmsariensis
3522 1390 3666 1450 satis
3684 1409 3818 1450 am~

2168 1477 2371 1555 pla3,ut
2401 1478 2515 1538 illis
2538 1479 3082 1558 temporibus,opes
3097 1478 3308 1540 fuisse:
3332 1479 3503 1557 cujus
3520 1480 3609 1540 rei
3634 1488 3818 1541 testes

2168 1577 2303 1626 sunt
2328 1566 2557 1629 Taurici
2575 1568 2802 1628 reditus
2819 1568 3025 1647 ηε),ᾳυὶ
3048 1567 3186 1628 dum
3210 1586 3279 1628 ex
3299 1568 3558 1627 locutam
3584 1579 3816 1629 remoto

2169 1655 2493 1716 Caesaream
2526 1656 2845 1734 ferrentur,
2883 1657 3209 1736 spectantis
3244 1657 3506 1717 Anthimi
3539 1658 3815 1736 Tyaneu-

2170 1744 2252 1805 sis
2299 1745 2504 1805 oculos
2555 1746 2872 1806 lzedebant.
2914 1746 3111 1806 Basilii
3154 1757 3278 1807 erat
3306 1766 3446 1827 ager
3479 1746 3580 1807 ille
3614 1748 3723 1825 id),
3757 1749 3818 1807 in

2171 1851 2346 1912 quem
2382 1835 2669 1912 plurimos
2702 1842 3012 1914 episcopos
3042 1854 3199 1895 anno
3225 1834 3342 1897 373
3370 1836 3734 1915 convocavit,
3758 1846 3821 1897 ut

2174 1923 2340 1983 ﬁrma
2370 1934 2531 1984 esset
2550 1925 2818 1985 omnium
2841 1925 2916 1985 de
2940 1926 3056 1986 ﬁde
3079 1924 3371 1985 Eustathii
3396 1927 3734 1987 consensio.
3756 1925 3819 1987 Si

2171 2013 2304 2092 quis
2336 2014 2678 2074 consideret
2728 2016 3160 2094 amplissimum
3195 2016 3511 2077 aedilicium
3543 2015 3624 2095 (ei
3658 2015 3813 2095 quod

2174 2101 2427 2163 Basilius
2457 2122 2613 2163 anno
2646 2104 2763 2164 372
2793 2123 3109 2182 aggressus
3140 2114 3250 2173 est,
3287 2106 3333 2165 si
3372 2116 3641 2184 sumptus
3670 2124 3820 2185 quos

2169 2192 2422 2252 faciebat
2482 2194 2539 2254 in
2602 2194 2921 2254 invitandis
2979 2204 3037 2254 et
3112 2195 3480 2271 excipiendis
3525 2194 3818 2273 episcopis

2172 2280 2467 2359 (mittebat
2490 2282 2569 2362 [Ι]
2604 2284 2759 2343 enim
2789 2285 2891 2359 qui
2920 2286 3043 2361 jam
3077 2285 3352 2344 invitatos
3374 2285 3584 2344 iterum
3615 2286 3815 2344 admo-

2170 2383 2382 2432 nerent
2405 2380 2462 2433 et
2482 2373 3523 2452 perhonoriﬁcededucerent),illum
3551 2374 3813 2453 profecto

2169 2460 2449 2523 fatebitur
2477 2481 2548 2521 eo
2600 2464 2959 2542 paupertatis
3010 2463 3315 2524 redactum
3353 2483 3467 2524 non
3512 2464 3717 2541 fuisse,
3753 2472 3815 2521 ut

2170 2549 2319 2610 nihil
2355 2550 2714 2626 possideret,
2753 2551 2857 2613 sed
2902 2552 3213 2614 charorum
3248 2564 3305 2612 et
3344 2554 3809 2632 propinquorum

2167 2639 2547 2700 facultatibus
2579 2651 3034 2702 sustentaretur.
3066 2640 3260 2712 Quare
3293 2652 3414 2701 tres
3437 2641 3569 2701 illas
3597 2643 3814 2720 episto-

2166 2728 2415 2808 las,qua3
2441 2739 2657 2790 tantam
2691 2730 2893 2791 Basilii
2920 2741 3325 2810 paupertatem
3356 2740 3811 2803 testantur,ante

2165 2819 2569 2899 episcopatum
2607 2838 2855 2881 necesse
2886 2820 2993 2880 fuit
3034 2821 3350 2881 collocare.
3400 2819 3531 2899 Ipse
3561 2819 3813 2882 Basilius

2166 2908 2489 2969 discrimen
2508 2908 2745 2988 aliquod
2776 2910 3041 2987 agnoscit
3059 2909 3213 2971 inter
3228 2930 3355 2971 eam
3375 2918 3806 2989 paupertatem,

2167 3016 2341 3077 quam
2376 2999 2691 3079 episwpus
2742 2999 2941 3060 animo
3004 2999 3319 3071 retinebat,
3357 3009 3415 3061 et
3443 3018 3602 3071 eam,
3634 3016 3806 3078 quam

2166 3097 2301 3147 ante
2334 3087 2480 3149 illud
2515 3098 2751 3168 tempus
2783 3089 3084 3168 professus
3128 3089 3316 3149 fuerat
3374 3088 3468 3151 Ait
3499 3087 3657 3149 enim
3692 3106 3808 3148 non

2164 3176 2405 3256 illepide
2436 3178 2494 3237 in
2539 3179 2709 3257 epist.
2768 3180 2877 3239 186
2916 3179 2987 3239 ad
3042 3180 3408 3258 Antipatrum
3472 3178 3803 3257 praesidem,

2162 3266 2259 3345 qui
2320 3268 2559 3327 crambe
2615 3277 2781 3329 aceto
2840 3268 3080 3329 condita
3136 3286 3377 3328 sanatus
3439 3268 3651 3333 luerat.
3687 3265 3805 3327 sibi

2160 3354 2462 3416 crambem
2496 3366 2669 3417 antea
2701 3357 2952 3418 invisam
3005 3357 3210 3435 fuisse,
3234 3366 3357 3417 tum
3414 3357 3489 3417 ob
3547 3372 3791 3435 prover-

2162 3444 2343 3517 bium,
2382 3456 2500 3506 tum
2536 3447 2673 3525 quia
2698 3446 2976 3508 comitem
3011 3457 3415 3528 paupertatem
3447 3448 3506 3507 in
3565 3463 3799 3506 memo-

2158 3534 2306 3595 riam
2365 3535 2727 3610 revocabat;
2792 3556 2948 3597 nunc
2994 3554 3133 3597 vero
3197 3536 3411 3597 mirum
3449 3537 3506 3597 in
3559 3534 3800 3595 modum

2162 3624 2416 3705 placere,
2456 3641 2765 3707 postquam
2798 3625 3037 3704 praesidi
3083 3625 3484 3688 valetudinem
3519 3623 3801 3687 restituit.

2243 3747 2725 3828 VIII.Epistolam
2758 3750 2837 3811 38
2860 3751 3026 3811 initio
3050 3752 3428 3831 episcopatus
3450 3753 3511 3811 S.
3537 3748 3810 3827 Gregorii

2158 3837 2429 3918 Nysseni,
2461 3836 2518 3900 id
2550 3848 2641 3897 est
2673 3856 2831 3899 anno
2852 3840 2993 3914 372,
3019 3840 3303 3921 scriptam
3355 3839 3597 3919 conjicit
3626 3837 3807 3899 Tille-

2160 3926 2741 4007 montius.Sed,quia
2755 3927 3078 3990 Basiliusin
3105 3931 3213 3991 hac
3234 3930 3488 4009 epistola
3511 3947 3643 3989 cum
3668 3926 3809 3989 Gre-

2156 4017 2322 4095 gorio
2353 4034 2727 4097 nequaquam
2759 4017 3017 4093 disserit,
3046 4030 3111 4080 ut
3135 4037 3238 4099 par
3260 4026 3386 4080 erat
3416 4037 3549 4079 cum
3580 4017 3810 4097 collega

2157 4106 2589 4186 disserere,sed
2607 4124 2743 4167 eum
2765 4108 2955 4186 potius
2968 4117 3032 4169 ut
3051 4118 3317 4188 tyronem
3349 4108 3661 4187 theologia;
3686 4108 3780 4168 ele

2164 4196 2377 4256 mentis
2404 4195 2618 4257 imbuit
2649 4196 2746 4263 (ait
2769 4198 2927 4257 enim
2951 4216 3015 4258 se
3047 4200 3204 4259 hunc
3229 4198 3283 4257 ei
3312 4197 3804 4259 commentarium

2161 4286 2595 4359 confecisse,ne
2620 4285 3077 4365 hypostasim,ut
3104 4287 3272 4348 multi
3296 4288 3421 4361 alii,
3446 4305 3579 4348 cum
3604 4304 3807 4349 essen-

2163 4376 2239 4435 tia
2266 4374 2717 4454 confunderet);
2740 4376 2988 4438 credere.
3016 4377 3214 4437 malim
3236 4376 3586 4456 Gregorium
3607 4376 3757 4437 hanc
3776 4394 3809 4437 a

2161 4466 2340 4526 fratre
2366 4464 2883 4544 pertractationem
2899 4466 3372 4546 accepisse,cum
3390 4466 3594 4527 relicta
3612 4465 3810 4526 rheto-

2162 4559 2299 4616 rica:
2316 4554 2601 4615 cathedra
2624 4562 2808 4614 totum
2840 4572 2903 4614 se
2927 4556 3108 4615 sacris
3136 4564 3190 4615 et
3215 4555 3642 4615 ecclesiasticis
3665 4555 3809 4615 scri—

2160 4646 2427 4725 ptoribus
2443 4644 2782 4706 evolvendis
2796 4646 2980 4705 dedit.
2995 4644 3138 4706 Illud
3157 4645 3335 4706 etiam
3358 4647 3608 4725 probare
3625 4650 3809 4724 possit

2157 4738 2307 4797 hanc
2333 4732 2841 4794 elucubrationem
2890 4734 3091 4795 Basilii
3125 4736 3469 4815 episcopatu
3504 4734 3806 4813 antiquio-

2155 4844 2278 4885 rem
2324 4842 2477 4895 esse,
2508 4823 2667 4899 quod
2722 4824 2867 4885 nihil
2914 4823 3094 4885 habet
3148 4827 3221 4884 de
3272 4824 3665 4885 celeberrima
3707 4824 3809 4883 illa

2155 4914 2501 4994 quaestione,
2537 4932 2671 4990 quae
2702 4914 2874 4973 initio
2903 4914 3285 4993 episcopatus
3316 4912 3518 4975 Basilii
3554 4912 3632 4973 de
3663 4911 3803 4991 Spi-

2153 5006 2268 5064 ritu
2304 5014 2509 5063 sancto
2543 5013 2747 5062 exorta
2778 5010 2890 5063 est.

2234 5134 2316 5195 De
2339 5133 2608 5213 epistolis
2627 5130 2848 5193 Juliani
2885 5132 2958 5193 ad
2983 5132 3265 5193 Basilium
3290 5143 3347 5194 et
3370 5132 3575 5193 Basilii
3592 5136 3663 5194 ad
3686 5130 3761 5194 ιη
3793 5169 3803 5178 -

2154 5225 2378 5285 lianum
2396 5225 2520 5303 jam
2549 5222 2725 5283 locuti
2750 5242 2979 5285 sumus.
3008 5226 3175 5296 Quod
3198 5233 3423 5303 spectat
3443 5226 3514 5284 ad
3538 5226 3806 5303 quinque

2154 5315 2300 5375 alias
2330 5315 2616 5393 epistolas
2638 5330 2771 5389 quae
2792 5320 3286 5392 sequuntur,sunt
3307 5312 3420 5374 illa:
3437 5312 3678 5393 quidem
3706 5314 3805 5374 di-

2237 5473 2325 5548 td)
2348 5472 2463 5553 Ep.
2499 5474 2639 5548 244,
2674 5493 2733 5534 n.
2768 5472 2831 5533 2.

2237 5554 2319 5633 (e)
2338 5556 2460 5635 _Ep.
2494 5555 2598 5615 94.

2238 5637 2311 5715 (Γ)
2336 5632 2448 5717 Ep.
2480 5635 2624 5708 244,
2658 5652 2717 5696 ιι.
2755 5632 2815 5699 2.
