4130 6392
1749 329 1928 396 VITA
1974 332 2035 395 S.
2087 333 2367 397 BASILII
2378 382 2390 396 .

2138 333 2390 397 ASILII.
3642 352 3769 402 mm

373 467 726 548 regionibus
746 468 905 530 viros
924 469 1142 549 pietate
1161 468 1357 529 claros
1390 476 1448 531 et
1467 469 1595 532 zelo
1618 470 1936 548 ﬂagrantes
1950 465 2022 529 ad
2047 475 2082 524 Α
2108 465 2418 529 conﬂasse.
2454 465 2561 527 sed
2610 467 2735 546 jam
2767 473 2942 528 antea
2988 468 3313 529 conﬂatum
3347 470 3764 533 conﬁrmasse.

375 558 715 637 ungendum
740 558 1024 621 Basilium
1044 558 1332 620 excitasse
1345 556 1756 621 testatur.Nou
1776 556 2025 619 dubium
2107 554 2235 616 Non
2252 574 2390 635 ergo
2418 556 2811 618 interfuerant
2833 557 3218 637 ordinationi,
3242 576 3353 620 nec
3375 559 3594 621 Basilio
3632 578 3761 621 ma-

371 652 463 711 est
479 649 627 725 quin
648 648 795 709 tanti
818 647 957 709 fidei
980 647 1645 728 defensorispraesentia
1672 648 1866 709 lucem
1894 646 2027 708 red-
2110 664 2221 706 nus
2250 646 2681 725 imposuerant,
2727 665 2838 708 nec
2870 666 3005 708 cum
3053 666 3122 709 eo
3150 650 3760 711 communicaverunt.

374 737 591 799 diderit
612 736 897 799 Ecclesiae
929 736 1375 817 Cassarieusi,et
1397 739 1614 799 multos
1646 756 1712 800 ex
1739 736 1923 811 curia,
1959 754 2028 798 ac
2114 736 2351 797 Pondus
2382 736 2548 796 addit
2576 737 2713 797 huic
2741 736 3053 798 sententiae
3084 755 3290 798 eorum
3322 738 3593 802 Caesarea
3625 747 3763 801 ante

368 822 519 888 forte
551 827 729 888 etiam
761 847 829 888 ex
858 826 1005 907 ipsis
1028 827 1329 907 episcopis
1349 826 1422 888 ad
1450 827 1748 889 saniorem
1779 833 2026 888 senteu-
2112 822 2433 886 Eusebium
2468 824 2785 887 discessio.-
2818 826 2934 889 Cur
2964 827 3125 887 enim
3150 826 3464 903 Eusebius,
3496 828 3589 889 cui
3625 828 3761 888 lon-

370 915 506 977 tiam
531 916 866 979 adduxerit.
896 915 1040 977 Nam
1082 923 1333 977 testatur
1359 915 1684 995 Gregorius
1710 915 1801 996 (ιι)
1830 913 2025 994 Spiri-
2111 932 2251 990 gum
2282 914 2393 975 iter
2425 916 2830 995 peragendum
2858 916 3212 990 erat,serius
3234 924 3431 977 tamen
3467 936 3635 997 quant
3664 915 3762 978 isti

373 1014 491 1066 tum
518 1014 787 1068 sanctum
811 1005 1050 1067 abunde
1072 1005 1303 1067 vicisse.
1331 1006 1450 1068 Sed
1472 1015 1670 1067 tamen
1704 1005 1862 1067 illius
1894 1023 2024 1065 mo-
2111 1002 2408 1081 discessit,
2460 1004 2572 1065 nisi
2623 1004 2760 1081 quia
2807 1024 2942 1066 sese
2994 1014 3415 1084 proruperunt,
3449 1006 3645 1066 statim
3692 1024 3762 1066 ac

372 1095 508 1156 uitis
539 1103 599 1157 et
632 1093 967 1157 hortatibus
1010 1093 1212 1173 plures
1266 1095 1533 1175 episcopi
1588 1113 1703 1155 non
1755 1094 2029 1155 videntur
2112 1091 2296 1153 victos
2314 1111 2378 1152 se
2397 1113 2530 1155 esse
2552 1093 2873 1157 viderunt?
2895 1094 3046 1156 Illud
3069 1094 3245 1155 etiam
3269 1104 3620 1173 argumento
3638 1100 3756 1168 est,

372 1184 650 1247 cessisse.
680 1183 827 1245 Nam
862 1202 998 1244 cum
1021 1200 1230 1244 eorum
1266 1185 1644 1263 numero,qui
1677 1183 2025 1263 episcopum
2113 1180 2340 1259 insigne
2371 1183 2599 1263 aliquid
2628 1185 2736 1245 hos
2781 1183 3093 1265 episcopos
3124 1183 3364 1255 fecisse,
3394 1185 3549 1263 quod
3582 1185 3761 1263 hujus

372 1277 793 1357 proclamaturi
842 1283 1032 1351 erant,
1090 1292 1244 1336 unus
1292 1277 1535 1337 deesset
1565 1274 1641 1335 ad
1676 1275 2023 1335 canonicam
2110 1270 2502 1332 dissensionis
2528 1278 2671 1335 totae
2691 1273 2958 1335 civitates
2981 1281 3038 1335 et
3063 1273 3263 1353 populi
3290 1273 3608 1354 participes
3638 1274 3761 1334 fue-

370 1366 754 1446 electionem,
787 1364 1062 1427 Nazianzi
1090 1363 1409 1444 episcopus
1435 1363 1517 1443 (b)
1552 1382 1667 1423 non
1697 1363 1890 1424 solum
1922 1381 2024 1424 se-
2108 1363 2531 1441 runt,ejusque
2555 1362 2712 1423 fama
2733 1362 2804 1423 ad
2824 1370 3083 1424 remotas
3104 1362 3436 1442 provincias
3458 1363 3755 1442 pervenit,

370 1465 630 1529 nectute,
667 1455 770 1516 sed
818 1454 993 1515 etiam
1048 1452 1255 1514 morbo
1324 1452 1569 1526 fractus,
1643 1453 2026 1531 animamque
2108 1457 2167 1510 ut
2198 1459 2407 1530 postea
2438 1450 2928 1515 videbimus.Non
2955 1471 3103 1532 opus
3135 1462 3223 1514 est
3252 1452 3454 1514 verbis
3482 1453 3761 1515 refellere

369 1563 573 1624 agens,
605 1548 717 1607 iter
756 1543 998 1624 aggredi
1043 1562 1163 1604 non
1197 1543 1508 1615 dubitavit,
1544 1552 1605 1604 ut
1657 1543 1881 1605 calculo
1912 1562 2020 1605 suo
2107 1539 2351 1601 Baronii
2382 1544 2463 1619 (δ)
2530 1542 2908 1612 sententiam,
2975 1542 3077 1623 qui
3130 1541 3335 1603 Basilii
3386 1542 3761 1604 adversarios

372 1636 727 1697 electionem
783 1635 1039 1713 juvaret.
1095 1631 1332 1711 Colligit
1378 1631 1797 1694 Tillemontius
1828 1650 1898 1693 ex
1931 1633 2023 1693 his
2108 1628 2290 1690 fuisse
2317 1630 2637 1704 existimat,
2668 1651 2785 1692 non
2820 1650 2924 1693 eos
2954 1650 3107 1709 quos
3138 1631 3393 1693 diximus
3417 1632 3757 1713 episcopos,

371 1725 566 1787 verbis
624 1724 893 1803 Gregorii
954 1722 1291 1785 necessaria
1342 1721 1524 1783 fuisse
1572 1721 1641 1784 ad
1672 1723 2020 1784 canonicam
2107 1719 2211 1779 sed
2237 1721 2551 1798 praesidem
2588 1720 3077 1801 Cappadocim,et
3107 1721 3256 1783 alios
3281 1722 3425 1784 huic
3451 1723 3761 1801 proximos

370 1815 727 1877 electionem
756 1812 999 1891 majoris
1031 1811 1215 1892 partis
1267 1812 1684 1891 episcoporum
1715 1812 1997 1890 suﬁragia
2050 1848 2085 1895 Β
2107 1807 2400 1870 Caesarem
2417 1817 2748 1890 agentes,et
2775 1812 3080 1873 civitatem
3103 1811 3402 1889 susdeque
3421 1812 3760 1889 miscentes,

367 1902 533 1975 Quod
558 1902 797 1984 quidem
826 1920 896 1963 eo
919 1898 1264 1978 diligentius
1291 1899 1651 1961 servandum
1675 1907 1801 1961 erat
1821 1900 1882 1962 in
1906 1901 2025 1963 ele-
2105 1903 2172 1959 ut
2199 1900 2263 1959 in
2290 1907 2561 1979 gratiam
2594 1899 2823 1961 Ariani
2852 1901 3240 1977 imperatoris
3261 1897 3422 1960 alius
3444 1900 3760 1961 crearetur

364 1993 560 2053 ctione
588 1992 817 2072 Basilii,
852 1990 1011 2071 quod
1040 2008 1157 2051 non
1176 1989 1370 2051 solum
1401 1989 1600 2069 plures
1631 1990 1894 2072 episcopi
1926 1994 2022 2053 in-
2103 1989 2440 2066 episcopus.

365 2082 774 2152 tercedebaut,
796 2082 899 2141 sed
934 2080 1110 2142 etiam
1139 2079 1453 2160 adjunctos
1483 2098 1689 2141 secum
1723 2080 2024 2143 habebant
2185 2075 2284 2138 IV.
2311 2077 2441 2149 Quo
2474 2077 2730 2138 Basilius
2761 2096 2917 2138 anno
2951 2077 3263 2140 ordinatus
3288 2076 3614 2150 fuerit,nou
3645 2095 3761 2138 una

366 2174 743 2248 magistratus
774 2180 832 2232 et
863 2170 1302 2251 perditissimos
1324 2188 1595 2250 quosque
1617 2169 1800 2232 cives.
2106 2174 2194 2228 est
2224 2166 2570 2229 criticorum
2606 2167 2904 2228 sententia
2940 2188 2952 2230 :
3007 2166 3299 2229 Baronius
3348 2175 3407 2228 et
3438 2167 3759 2230 Bollaudus

451 2261 876 2324 Proﬁcisceute
908 2269 1076 2339 patre
1106 2258 1347 2337 scripsit
1375 2258 1695 2338 Gregorius
1739 2260 1825 2337 (θ)
1853 2260 1926 2321 ad
1953 2260 2015 2322 S.
2104 2273 2261 2318 anno
2294 2258 2414 2319 369
2446 2256 2784 2317 ordinatum
2804 2256 2988 2318 fuisse
3004 2257 3400 2329 contendunt;
3429 2275 3585 2317 anno
3615 2255 3754 2329 370,

370 2350 710 2422 Eusebium,
738 2352 907 2426 cujus
954 2347 1144 2411 zelum
1179 2355 1236 2408 et
1266 2347 1519 2409 sudores
1560 2348 1761 2410 laudat
1790 2357 1850 2409 et
1880 2366 2016 2429 gra-
2104 2346 2381 2407 Petavius
2404 2353 2465 2406 et
2492 2344 2933 2409 Tillemontius.
2966 2346 3127 2409 Nihil
3158 2364 3361 2409 moror
3385 2345 3627 2426 Pagium
3658 2346 3760 2426 qui

368 2450 482 2501 tam
518 2444 641 2504 Deo
667 2438 1043 2509 libertatem;
1097 2436 1274 2516 eique
1308 2446 1619 2516 acceptum
1651 2439 1837 2499 refert
1862 2438 2017 2517 quod
2106 2433 2543 2495 ordinationem
2578 2435 2776 2497 differt
2810 2455 3000 2517 usque
3055 2436 3127 2496 ad
3175 2454 3397 2498 annum
3432 2435 3540 2498 371
3586 2455 3602 2510 ;
3634 2435 3759 2496 haec

366 2531 548 2609 patris
577 2536 858 2589 senectus
887 2536 1168 2588 renovata
1219 2524 1399 2587 fuerit
1430 2546 1444 2585 :
1483 2526 1642 2587 unde
1674 2527 1851 2587 etiam
1887 2544 2015 2587 rem
2108 2522 2269 2585 enim
2304 2525 2503 2603 opinio
2536 2534 2695 2587 stare
2743 2545 2861 2587 non
2914 2533 3128 2605 potest.
3172 2525 3265 2587 .Ex
3295 2524 3530 2587 duabus
3558 2532 3757 2587 autem

362 2638 429 2679 ex
462 2617 760 2678 sententia
802 2632 1215 2677 successuram
1268 2623 1468 2695 sperat
1504 2632 1517 2676 :
1581 2614 1816 2676 veniam
1852 2615 2014 2694 petit,
2107 2613 2241 2675 aliis
2269 2614 2585 2675 sententiis
2616 2615 2791 2694 longe
2826 2616 3026 2696 potior
3050 2614 3287 2678 videtur
3318 2632 3389 2675 ea
3438 2631 3613 2693 quam
3647 2614 3758 2675 de-

367 2707 527 2788 qood
555 2725 673 2768 non
708 2713 978 2767 accurrat
999 2704 1074 2765 ad
1110 2704 1247 2783 ejus
1271 2704 1646 2783 complexum
1667 2704 1886 2781 linguis
1907 2704 2023 2765 im-
2108 2702 2297 2766 feudit
2325 2704 2764 2765 Tillemontius.

360 2796 677 2878 proborum
700 2795 944 2868 cedens;
967 2793 1070 2854 sed
1100 2792 1274 2871 paulo
1302 2804 1431 2871 post
1449 2803 1764 2854 venturum
1799 2812 1867 2855 se
1893 2812 2024 2873 pro-
2191 2794 2251 2854 1ο
2278 2792 2507 2857 Pendet
2536 2793 2928 2855 ordinationis
2960 2812 3152 2855 anuus
3210 2811 3280 2855 ex
3314 2794 3525 2855 mortis
3575 2812 3754 2856 anno.

364 2885 563 2958 mittit,
600 2884 759 2961 quod
795 2893 992 2944 tamen
1028 2880 1352 2961 perfecisse
1386 2900 1500 2942 non
1551 2882 1807 2946 videtur.
1864 2881 2023 2945 Vicit
2106 2882 2348 2945 Constat
2380 2882 2538 2942 enim
2599 2882 2882 2944 Basiliam
2944 2882 3249 2964 prefuisse
3280 2882 3363 2963 (γ’)
3389 2893 3521 2943 octo
3571 2901 3761 2944 annos

360 2976 598 3037 abunde
627 2974 881 3055 Spiritus
913 2980 1156 3033 sanctus
1191 2987 1296 3049 per
1326 2968 1649 3035 Eusebium
1701 2980 1759 3032 et
1790 2974 2013 3051 Grego-
2105 2972 2389 3034 Ecclesiae
2416 2973 2771 3035 Caesariensi
2801 2982 2860 3033 et
2900 2975 2981 3053 (g)
3002 2991 3237 3034 vnonum
3270 2973 3591 3053 incepisse.
3627 2973 3761 3035 Non

362 3065 806 3143 rium,quicum
838 3060 1135 3131 vehiculo,
1168 3069 1451 3138 tauquam
1478 3069 1747 3121 mortuus
1772 3061 2016 3142 feretro,
2109 3063 2302 3121 minus
2334 3070 2560 3121 certum
2615 3070 2674 3122 et
2731 3062 3101 3142 exploratum
3162 3066 3256 3129 est
3313 3061 3473 3141 quod
3508 3068 3763 3122 testatur

364 3154 678 3235 impositus
725 3154 954 3231 fuisset,
990 3169 1061 3213 ex
1093 3150 1297 3211 labore
1332 3150 1482 3211 vires
1529 3149 1745 3223 traxit;
1783 3162 1841 3211 et
1881 3166 2079 3235 cum“
2106 3151 2430 3229 Gregorius
2463 3149 2765 3230 Nyssenus
2817 3150 2923 3228 (h),
2982 3164 3194 3213 novem
3226 3161 3325 3211 aut
3372 3150 3585 3212 decem
3633 3157 3763 3229 post

365 3212 490 3305 rem
523 3244 759 3323 egregie
794 3212 1295 3320 atltninistrasset,
1338 3258 1411 3299 ac
1450 3237 1815 3320 dimicasset,
1852 3240 2017 3302 Basi-
2040 3212 2080 3263 ο
2110 3212 2302 3299 Basilii
2339 3212 2590 3302 mortem
2619 3212 3284 3316 mensibus,concilium
3303 3212 3765 3303 Antiochiaiha-

364 3334 633 3415 liumqne
678 3337 735 3394 in
782 3333 994 3391 throno
1048 3329 1425 3408 collocasset,
1476 3330 1782 3391 firmusac
1820 3331 2020 3393 valens
2104 3329 2290 3391 bitum
2319 3330 2523 3403 fuisse,
2553 3331 2757 3392 sedata
2790 3335 3232 3412 persecutione.
3255 3330 3448 3403 Quare
3482 3348 3613 3392 cum
3650 3332 3760 3390 lla-

364 3424 606 3484 domum
640 3423 842 3501 rediit,
877 3422 1083 3481 oculos
1126 3428 1361 3481 erectos
1412 3418 1637 3479 habens
1668 3438 1704 3480 a
1735 3438 2015 3481 manuum
2102 3418 2272 3480 silius
2295 3420 2512 3481 abierit
2535 3420 2814 3483 Calendis
2866 3422 3158 3503 Januarii,
3191 3422 3251 3483 id
3275 3420 3436 3500 quod
3462 3420 3761 3483 auemine

358 3513 747 3590 impositione
775 3520 831 3572 et
861 3509 1163 3579 unctione,
1199 3517 1375 3586 atque
1418 3508 1592 3567 etiam
1623 3507 1698 3568 ab
1730 3507 1890 3569 illius
1912 3510 2017 3589 qui
2100 3517 2446 3588 negatura:
2471 3510 2725 3588 proinde
2748 3510 2862 3571 hoc
2876 3510 3388 3590 concilium,quod
3417 3525 3623 3569 novem
3659 3516 3763 3568 aut

352 3602 691 3682 ungebatur
722 3600 917 3681 capite
949 3598 1288 3659 roboratus.
2102 3598 2633 3659 decemmensibus
2648 3600 2925 3679 postejus
2940 3608 3193 3661 mortem
3212 3598 3479 3659 habitum
3514 3609 3761 3670 est,non

441 3691 541 3756 IlI.
578 3692 917 3754 invidorum
952 3687 1158 3750 Basilii
1193 3687 1410 3747 mirum
1464 3692 1521 3747 in
1579 3687 1818 3751 modum
1853 3690 2021 3751 furor
2107 3690 2367 3767 potuerit
2392 3687 2506 3748 nisi
2555 3689 2894 3767 Septembri
2945 3698 3046 3749 aut
3073 3687 3313 3751 Octobri
3347 3704 3556 3748 mense
3594 3696 3761 3747 oete-

352 3785 601 3863 exarsit,
640 3781 740 3843 ubi
764 3790 1010 3842 conatus
1044 3796 1185 3839 suos
1215 3778 1271 3837 in
1326 3786 1564 3837 ventum
1602 3778 1822 3840 effusos
1855 3779 2020 3839 vidc-
2105 3775 2299 3841 brari;
2342 3784 2401 3835 ut
2426 3776 2498 3836 de
2530 3777 2814 3849 concilio,
2845 3777 2929 3838 ita
2956 3778 3031 3839 de
3056 3776 3255 3838 Basilii
3289 3776 3669 3837 ordinatione
3700 3791 3759 3835 et

353 3881 501 3934 runt
535 3892 547 3933 :
587 3871 917 3952 plagarum,
943 3886 1095 3950 quas
1116 3864 1232 3928 sibi
1265 3866 1374 3927 hac
1404 3866 1699 3930 electione
1733 3870 2020 3931 videban-
2110 3875 2297 3926 morte
2316 3865 2736 3927 statuemus.Si
2758 3866 3083 3927 concilium
3103 3864 3761 3927 referamusadaunum

352 3972 458 4024 tur
476 3957 1199 4041 accepisse,ignominiam
1224 3956 1384 4017 ferre
1400 3975 1515 4017 non
1537 3967 1876 4037 potuerunt.
1906 3958 2021 4021 [ta-
2109 3954 2434 4033 378,paulo
2465 3964 2596 4035 post
2623 3964 2875 4016 mortem
2911 3954 3171 4016 Valentis
3203 3958 3302 4033 qui
3330 3954 3427 4015 die
3457 3955 3493 4015 9
3518 3953 3764 4033 Augusti

356 4072 482 4133 que
500 4071 617 4113 non
644 4051 835 4111 solum
868 4047 1154 4109 conviciis
1182 4044 1533 4124 Gregorium
1585 4049 1936 4128 episcopum
1968 4060 2025 4110 et
2108 4044 2307 4124 periit;
2334 4064 2446 4103 mo-
2468 4064 2495 4105 s
2518 4045 2723 4107 Basilii
2750 4045 2824 4106 ad
2857 4046 2999 4107 anni
3031 4045 3149 4108 378
3179 4046 3440 4123 initium,
3463 4042 3763 4105 ordinatio

357 4141 695 4205 maledictis
716 4137 1212 4211 vexavcrunt,sed
1237 4135 1416 4198 etiam
1440 4135 2021 4201 ordinationiinter-
2105 4134 2181 4195 ad
2212 4154 2430 4195 annum
2478 4136 2596 4199 369
2626 4136 2963 4198 referenda.
2999 4135 3061 4198 Si
3092 4134 3411 4196 concilium
3457 4134 3765 4194 differatur

352 4251 516 4312 esse,
545 4242 602 4291 et
634 4248 767 4290 cum
811 4226 1027 4288 Basilio
1060 4225 1511 4287 communicare
1558 4227 1900 4292 noluerunt.
1937 4232 2020 4292 De
2106 4225 2176 4285 ad
2211 4243 2435 4285 annum
2473 4224 2611 4297 379,
2662 4226 2968 4288 ordinatio
3020 4234 3078 4285 et
3111 4244 3273 4286 mors
3304 4223 3510 4285 Basilii
3547 4222 3767 4312 pariter

344 4311 524 4386 factis
549 4319 699 4399 patri
733 4317 1023 4379 conviciis
1047 4334 1166 4375 non
1200 4313 1338 4375 silet
1365 4313 1689 4393 Gregorius
1719 4319 1831 4398 (tt),
1864 4318 2018 4380 ulte-
2105 4332 2222 4375 uno
2244 4333 2401 4376 anno
2425 4314 2621 4375 serius
2635 4315 3199 4388 collocandae.Quod
3218 4323 3444 4394 spectat
3465 4313 3536 4374 ad
3556 4311 3764 4377 conci-

347 4432 485 4476 rum
513 4421 709 4471 autetn
732 4408 962 4469 facinus
986 4404 1411 4485 praetermittit.
1432 4404 1550 4467 Sed
1579 4405 1725 4467 illud
1754 4426 1870 4468 non
1906 4408 2015 4470 ob-
2105 4404 2279 4473 lium,
2307 4404 2552 4482 egregie
2586 4404 2795 4483 probat
2834 4404 3253 4466 Tillemontius
3302 4404 3617 4484 episcopos
3649 4402 3767 4465 446

344 4520 528 4566 scure
562 4497 966 4579 perspicimus
997 4513 1061 4555 ex
1085 4494 1265 4575 ep.48
1286 4494 1355 4553 ad
1375 4492 1702 4556 Eusebium
1734 4496 2014 4559 Samosa-
2042 4574 2071 4579 _
2104 4494 2377 4578 (totidem
2424 4494 2586 4555 enim
2623 4496 2762 4556 huic
2812 4496 3075 4556 concilio
3103 4493 3448 4556 interfuisse
3505 4499 3663 4572 patet
3694 4510 3762 4552 ex

354 4574 577 4655 tenuat
595 4574 977 4650 ubi—Basilius
997 4586 1081 4645 sic
1099 4574 1366 4660 loquitur
1395 4601 1409 4645 :
1463 4583 1668 4647 Nostri
1697 4596 1896 4649 autem
1917 4606 2020 4667 spe
2042 4574 2082 4625 ί)
2108 4574 2467 4647 collectione
2491 4584 2803 4663 Holsteni‘i)
2826 4603 2943 4645 non
2974 4583 3410 4663 potuisseintra
3436 4583 3580 4644 duos
3594 4600 3766 4642 men-

350 4693 411 4746 et
431 4679 882 4760 exspectatione
905 4691 1030 4738 non
1050 4675 1341 4735 δωδεᾰτενε
1364 4674 1663 4736 meliores.
1701 4675 2027 4749 Nam,cum
2110 4691 2211 4735 ses
2241 4692 2308 4734 ex
2334 4673 2514 4735 variis
2544 4673 2778 4736 exsiliis
2838 4674 3213 4738 Antiochiam
3249 4671 3591 4745 convenire,
3626 4689 3762 4731 cum

351 4772 571 4835 statim
586 4777 715 4847 post
738 4770 1229 4846 egressumtuum
1251 4762 1868 4840 advenissent,multa
1895 4769 2027 4847 qui-
2111 4766 2441 4842 praisertim
2478 4782 2713 4825 summa
2732 4772 2899 4825 esset
2929 4782 3132 4825 rerum
3170 4763 3230 4824 in
3254 4763 3519 4827 Oriente.
3549 4760 3763 4821 tristis-

350 4863 497 4924 dem
521 4858 729 4921 tristia
751 4855 986 4929 dixere,
1017 4852 1211 4915 multa
1233 4852 1417 4913 etiam
1432 4852 1655 4932 fecere,
1683 4873 1754 4917 ac
1777 4858 2025 4919 tandem
2110 4851 2258 4913 sima
2282 4853 2448 4912 clade
2472 4851 3444 4934 accepta,perturhatio.Praeterea
3467 4849 3533 4911 in
3552 4849 3763 4911 eadem

351 4952 785 5017 discesserunt,
794 4946 1035 5025 firmMo
1055 4941 1224 5004 nobis
1244 4940 1678 5005 schismate.Ex
1706 4949 2026 5024 postremis
2111 4941 2468 5005 collectione
2498 4946 2567 5025 (ί)
2602 4944 2890 5005 habemus
2944 4942 3261 5004 nonnullas
3291 4939 3768 5019 subscriptiones

358 5037 691 5103 testimonii
725 5034 921 5096 verbis
944 5031 1279 5110 colligimus
1298 5030 2022 5113 episcopos,dumlCaasa-
2111 5033 2557 5114 episcoporum,
2597 5033 2753 5095 inter
2804 5050 2947 5114 quas
3006 5033 3226 5111 legitur
3276 5048 3500 5093 nomen
3532 5026 3767 5107 Eulogii

348 5142 521 5194 ream
558 5134 687 5206 post
711 5141 1016 5202 egressum
1043 5119 1831 5202 Eusebiivoniunt,minime
1851 5144 2022 5187 com-
2110 5120 2507 5184 Edesseni.At
2530 5123 2580 5182 is
2605 5123 2804 5184 adhuc
2838 5122 3159 5203 presbyter,
3178 5120 3509 5185 Antinoum
3542 5118 3770 5197 relega-

352 5217 706 5283 municasse
738 5232 872 5274 cum
910 5212 1148 5282 Basilio;
1176 5226 1288 5270 nec
1321 5218 1443 5271 tum
1480 5212 1737 5291 primum
1761 5214 2025 5278 schisma
2112 5219 2203 5271 tus
2224 5213 2333 5271 sub
2370 5211 3303 5292 Valente,~rediitEdessampace
3321 5209 3581 5289 reddita,
3613 5213 3764 5269 teste

435 5376 524 5457 ta)
554 5374 693 5438 Naz.
734 5394 825 5436 or.
851 5372 951 5457 2Q.
1006 5452 1031 5457 _
2191 5374 2263 5453 (Γ)
2292 5372 2430 5435 Naz,
2458 5392 2642 5457 calin,
2678 5374 2781 5457 βξ,

466 5452 523 5531 b)
555 5458 675 5520 Na:
735 5473 826 5517 or.
870 5454 963 5527 l9,
1000 5452 1102 5516 20.
2190 5457 2265 5534 lg)
2303 5457 2478 5534 Nyss.
2510 5453 2628 5516 Vit.
2667 5452 2863 5517 Macr.

466 5460 523 5531 b)
555 5460 675 5520 Na:
735 5473 826 5517 or.
870 5460 963 5527 l9,
1000 5460 1102 5516 20.

439 5460 523 5621 Ec)
557 5539 835 5621 Nazaep.
868 5535 971 5596 99.

870 5460 963 5527 l9,
1000 5460 1102 5516 20.
2190 5460 2265 5534 (g)
2303 5460 2454 5534 Nyss

829 5583 835 5598 .
868 5535 971 5596 99.
2187 5533 2460 5621 (inibid.

462 5613 839 5697 d')0r.19',
916 5696 923 5697 ί

2190 5617 2259 5694 ti)
2293 5613 2543 5691 Tom.,l,
2577 5632 2715 5697 pago
2736 5614 2886 5681 ωδ.

462 5623 534 5696 d)
558 5623 669 5683 0r.
699 5623 803 5680 19.

435 5623 519 5783 ἕο)
554 5696 646 5763 Ad
680 5715 783 5764 an.
820 5696 959 5764 370.
