4130 6396
1710 313 2111 379 PROLEGOM
2121 315 2295 381 ENA.

344 446 725 513 Theodoreto
757 452 1127 532 (a),etBarse
1152 458 1389 513 mortuo
1404 452 1731 514 Ecclesium
1751 452 2003 514 Edesse-
2024 459 2062 507 Α
2088 452 2377 534 interfuit;
2410 472 2543 515 nam
2578 453 2899 531 Gregorius
2929 449 3329 512 Nazianzenus
3360 448 3431 524 (ί)
3461 445 3731 507 morbum

349 557 487 599 nam
528 543 810 621 suscepit,
839 560 905 603 ac
929 540 1238 603 ordinatus
1270 561 1303 603 a
1335 540 1398 603 S.
1423 541 1682 603 Eusebio
1714 540 1996 602 Samosa-
2081 559 2254 602 suum
2290 553 2551 617 excusat,
2585 560 2693 604 cur
2723 560 2839 602 una
2886 560 3022 602 cum
3058 559 3128 600 eo
3178 540 3341 618 justa
3391 539 3736 617 persolvere

348 625 501 687 tensi
524 627 705 689 fuisse
725 627 1047 689 ferebatur.
1080 627 1185 690 His
1210 629 1365 691 adde
1396 630 1651 691 reditum
1686 629 1997 690 confesso-
2082 632 2300 693 Basilio
2332 651 2447 693 non
2485 632 2695 713 possit.
2727 630 2945 693 Sedata
3002 647 3141 707 ergo
3192 639 3316 689 erat
3366 627 3734 706 persecutio,

346 730 478 774 rum
510 733 543 775 a
577 715 870 795 plerisque
898 716 1206 779 historicis
1245 718 1525 781 Gratiano
1558 728 1869 799 acceptum
1895 735 1996 778 re-
2078 719 2301 800 alioqui
2331 741 2445 780 non
2475 740 2659 782 ausus
2710 732 2869 781 esset
2912 718 3233 797 Gregorius
3263 718 3571 792 Nyssenus
3605 736 3735 775 ma-

347 802 853 867 ferriBevocatos
874 824 907 866 a
930 804 1181 868 Valente
1206 807 1413 868 dicunt
1434 807 1687 869 Ruﬁnus
1714 816 1771 867 et
1793 806 1998 867 Hiero-
2083 828 2213 883 gnaz
2242 810 2471 870 civitati
2503 810 2726 870 vultum
2760 828 2932 869 suum
2966 807 3283 867 ostendere
3312 824 3327 879 ;
3382 822 3449 868 ac
3487 804 3738 882 proinde

347 893 723 971 nymus.Sed,
756 894 887 955 siid
913 896 1212 957 concessit
1250 895 1493 971 Valens,
1522 896 1842 977 perpaucis
1864 904 1999 956 ante
2085 896 2319 959 Valenti
2343 899 2637 976 superfuit
2668 898 2945 959 Basilius.

349 994 599 1042 mortem
635 983 943 1045 mensibus
968 987 1408 1059 concessit,nec
1433 986 1683 1065 proinde
1710 986 1853 1045 satis
1872 1002 2001 1063 spa-
2162 987 2349 1050 Sumit
2371 990 2548 1050 etiam
2586 988 3002 1050 Tillemontius
3029 986 3366 1065 argumenti
3391 986 3547 1064 loco,
3577 985 3736 1064 quod

350 1071 414 1134 tii
444 1070 574 1145 fuit,
603 1074 1001 1135 utconcilium
1025 1094 1093 1135 ex
1112 1084 1193 1135 tot
1216 1074 1363 1136 locis
1387 1094 1505 1135 uno
1526 1085 1624 1135 aut
1647 1074 1833 1134 altero
1870 1081 1999 1152 post
2082 1077 2163 1137 ait
2192 1076 2514 1155 Gregorius
2559 1082 2646 1157 lg;
2681 1098 2746 1139 se
2792 1076 3368 1153 ConstantinOpolim
3407 1075 3735 1153 profectum

346 1161 535 1241 ipsius
569 1170 824 1224 mortem
858 1182 1064 1224 mense
1087 1172 1425 1242 cogeretur.
2082 1184 2237 1237 esse,
2272 1186 2392 1227 non
2414 1166 3301 1244 praeter/“ortisilliusveritatis
3320 1174 3735 1243 [impugnatu-

428 1250 496 1312 20
527 1252 728 1314 Multae
757 1269 854 1313 res
884 1261 1062 1331 gestae
1086 1252 1567 1332 Basilii,quarum
1591 1253 1806 1314 seriem
1833 1252 1998 1312 dein-
2082 1256 2431 1335 'ris,quique
2454 1258 2609 1317 nihil
2635 1274 2898 1334 unquam
2924 1255 3096 1316 aliud
3114 1255 3239 1315 nisi
3260 1256 3428 1333 piam
3459 1263 3515 1313 et
3560 1254 3735 1314 salu-

347 1358 491 1420 ceps
522 1348 814 1414 texemus,
878 1342 1154 1421 inprimis
1206 1343 1568 1422 persecutio,
1624 1361 1802 1418 quam
1837 1361 1994 1402 anno
2082 1352 2268 1404 tarem
2293 1344 2426 1406 orbi
2450 1348 2739 1406 universo
2760 1346 3107 1406 dcc-trinam
3125 1344 3410 1422 spiravit,
3452 1342 3732 1403 volunta-

348 1428 457 1493 3Ἶ1
499 1441 562 1491 et;
588 1429 707 1492 372
728 1430 1452 1510 sustinuit,necessitatem
1475 1430 1992 1492 aﬂ'eruntordina-
2080 1442 2194 1493 tem
2230 1436 2541 1513 animique
2588 1435 2981 1496 sententiam.
3021 1432 3295 1504 Quamvis
3330 1432 3444 1492 huc
3492 1432 3736 1492 accedat

348 1519 527 1580 tionis
557 1518 618 1579 in
651 1538 874 1581 annum
906 1521 1028 1581 370
1067 1519 1468 1582 conferendae.
1526 1518 1800 1581 Nondum
1833 1520 1991 1579 enim
2080 1518 2465 1599 Theophanis
2495 1522 2842 1599 auctoritas,
2881 1539 3089 1581 vereor
3140 1530 3333 1579 tamen
3359 1529 3420 1579 ut
3452 1519 3596 1580 satis
3629 1520 3734 1580 fir-

348 1608 499 1669 duos
520 1609 896 1689 episcopatus
942 1628 1130 1672 annos
1187 1618 1523 1671 emeruerat
1555 1609 1829 1680 Basilius,
1857 1628 1991 1669 cum
2082 1628 2239 1670 mum
2265 1610 2346 1670 sit
2378 1609 2989 1689 argumentum,quod
3015 1629 3083 1668 ex
3113 1607 3383 1686 Gregorii
3414 1607 3609 1667 verbis
3636 1608 3736 1668 de-

348 1694 564 1758 Valens
586 1701 911 1761 Caesaream
934 1698 1267 1763 venit.Nam
1294 1700 1593 1779 insumpta
1617 1700 1995 1778 episcopatus
2079 1697 2241 1760 ducit
2260 1697 2838 1761 Tillemontins.Non
2868 1699 3021 1759 enim
3047 1717 3110 1758 se
3138 1698 3338 1758 Basilii
3362 1697 3607 1757 consilio
3628 1700 3734 1758 hac

349 1785 515 1848 inifia
544 1786 604 1847 in
652 1787 1073 1862 recolligendis
1130 1789 1545 1869 episcoporum
1601 1788 1993 1867 Cappadocia!
2019 1825 2055 1874 Β
2081 1787 2137 1845 in
2168 1806 2232 1847 re
2266 1806 2434 1849 usum
2470 1808 2605 1850 esse
2635 1789 2775 1849 dicit
2805 1789 3151 1865 Gregorius,
3188 1788 3289 1846 sed
3331 1788 3733 1865 conjecturam

349 1875 603 1937 animis:
642 1878 796 1959 quod
845 1878 947 1940 ubi
999 1898 1070 1941 ex
1115 1879 1414 1941 sententia
1474 1878 1757 1949 confecit,
1797 1879 1992 1939 statim
2079 1875 2217 1936 facit
2248 1895 2320 1938 ex
2354 1896 2589 1940 summo
2642 1878 2801 1938 illius
2828 1877 3131 1937 catholica-
3173 1876 3457 1937 doctrina:
3505 1894 3733 1955 amore,

347 1985 661 2045 aggressus
719 1978 808 2029 est
856 1969 928 2029 ad
965 1967 1445 2049 paciﬁcationem
1481 1970 1905 2039 Ecclesxarum,
1941 1976 1997 2026 et
2079 1983 2185 2025 cur
2216 1968 2267 2027 ei
2332 1986 2450 2027 non
2504 1968 2917 2046 displicuerint
2970 1967 3235 2043 suscepti
3266 1967 3335 2025 ad
3370 1965 3736 2025 liberandam

347 330 494 379 LVIII

350 2066 470 2117 tum
532 2074 667 2117 cum
729 2058 997 2121 mitteret
1054 2059 1421 2122 Dorotheum
1474 2059 1532 2118 in
1583 2056 1991 2130 Occidentem,

349 2146 791 2225 persecutionis
820 2157 1015 2207 terror
1033 2147 1440 2209 denuntiatus.

431 2237 556 2298 Nec
607 2237 735 2297 leve
787 2246 1200 2314 argumentum
1232 2236 1611 2298 Tillemontio
1658 2236 1998 2317 suppeditat

353 2322 1857 2406 ordinatioDemopbiliCoustantinopolitani,quam
1891 2329 1995 2385 Ba-

350 2415 520 2477 silius
548 2415 608 2475 in
676 2415 925 2494 epistola
959 2416 1035 2495 (b)
1070 2417 1270 2496 paucis
1330 2417 1637 2477 mensibus
1670 2426 1800 2495 post
1829 2434 1993 2475 suam

350 2506 537 2585 ipsius
555 2505 989 2567 ordinationem
1014 2507 1234 2586 scripta
1256 2506 1489 2568 nuntiat
1512 2506 1852 2581 Ensebio,si
1878 2507 1994 2565 mi-

353 2614 464 2656 nus
487 2603 552 2656 ut
572 2595 1392 2674 recentissimam,saltem,ut
1416 2596 1677 2657 nondum
1700 2597 1994 2673 cognitam

352 2685 413 2745 in
440 2683 835 2765 Cappadocia,
889 2704 1021 2745 cum
1074 2684 1373 2748 Eusebius
1424 2686 1485 2746 in
1526 2686 1751 2765 Syriam
1793 2685 1993 2747 rediit.

356 2774 553 2847 Quare
572 2772 1528 2854 utriusqueordinationis,Basilii
1552 2783 1613 2837 et
1634 2774 1994 2855 Demophili,

2078 2056 2655 2136 Constantinopolim
2694 2056 2951 2117 labores.

2158 2142 2449 2223 Opinatus
2468 2156 2555 2207 est
2578 2146 2873 2207 Barouius
2891 2145 3167 2206 Basilium
3190 2144 3287 2204 die
3316 2145 3382 2206 14
3400 2142 3563 2206 Junii
3582 2146 3739 2205 ordi-

2083 2242 2282 2293 natum
2316 2235 2521 2306 fuisse,
2549 2247 2611 2297 et
2642 2254 2776 2296 cum
2809 2236 2965 2295 inter
2997 2233 3157 2293 illius
3213 2232 3646 2293 ordinationem
3680 2242 3738 2293 et

2081 2321 2317 2384 Eusebii
2346 2325 2684 2387 decessoris
2714 2335 2964 2386 mortem
3007 2323 3231 2403 aliquid
3257 2323 3554 2383 efﬂuxerit
3581 2336 3734 2384 lem-

2084 2414 2526 2489 poris,mortcm
2556 2414 2795 2476 Eusebii
2824 2414 3019 2494 rejicit
3040 2414 3099 2474 in
3132 2433 3356 2474 annum
3391 2413 3734 2492 praeceden-

2083 2504 2429 2572 tem.Sed,si
2452 2504 2699 2565 obiisset
2732 2503 3025 2565 Eusebius
3054 2520 3211 2563 anno
3235 2502 3614 2582 praecedenti,
3643 2504 3737 2563 vix

2080 2592 2269 2652 serius
2326 2594 2663 2674 Septembri
2724 2593 3012 2663 obiisset;
3075 2592 3369 2667 siquidem
3418 2592 3739 2670 Gregorius

2080 2678 2485 2745 Nazianzenus
2509 2684 2831 2745 Eusebium
2881 2682 3629 2745 Samosatenseminvitans
3663 2680 3735 2742 ad

2081 2773 2460 2851 electionem,
2498 2774 2770 2833 hortatur
2807 2784 2868 2833 ut
2904 2773 3120 2834 hiemis
3154 2772 3531 2832 incommoda
3562 2783 3737 2832 ante-

357 2861 516 2924 idem
543 2861 670 2924 fere
702 2872 933 2943 tempus
956 2863 1189 2925 videtur
1212 2864 1417 2927 fuisse.
1455 2866 1639 2926 Porro
1668 2864 1996 2943 Demophili
2081 2871 2289 2922 vertat.
2354 2867 2426 2922 At
2484 2861 2729 2923 nimium
2781 2872 2939 2923 esset
2996 2860 3371 2921 intervallum
3435 2881 3467 2921 a
3531 2880 3734 2923 mense

355 2950 794 3014 ordinationem
829 2956 1134 3031 pertinere
1156 2953 1231 3014 ad
1256 2972 1479 3014 annum
1510 2952 1795 3033 370,inde
1818 2961 1998 3033 patet,
2086 2950 2425 3029 Septembri
2446 2951 2720 3031 usquead
2748 2952 2906 3012 diem
2957 2951 3025 3012 14
3049 2952 3227 3012 Junii.
3264 2950 3483 3010 Eadem
3510 2954 3739 3013 ratione

358 3043 517 3121 quod
550 3039 856 3104 Eudoxius
886 3043 1019 3121 ejus
1039 3043 1327 3105 decessor
1356 3050 1453 3121 (ο),
1488 3043 1590 3124 qui
1622 3043 1770 3105 hanc
1793 3043 1999 3103 sedem
2090 3040 2371 3118 probatur
2401 3041 2842 3103 ordinationem
2894 3040 2990 3101 die
3045 3043 3116 3099 14
3163 3038 3326 3102 Junii
3376 3044 3585 3100 factam
3621 3061 3737 3102 non

358 3131 658 3191 invaserat
703 3149 863 3192 anno
914 3131 1055 3205 360,
1119 3131 1395 3194 undecim
1431 3132 1605 3195 annis
1637 3132 2001 3210 impietatem
2088 3128 2289 3190 fuisse.
2328 3130 2634 3201 Quomodo
2656 3131 2815 3191 enim
2843 3150 2957 3190 uno
2981 3130 3190 3191 saltem
3227 3148 3432 3191 mense
3454 3140 3591 3191 ante
3627 3132 3738 3191 hoc

358 3237 522 3279 suam
546 3218 917 3289 exercuit,ac
946 3219 1369 3285 Valentiniano
1400 3223 1639 3284 tertium
1666 3230 1724 3281 et
1759 3222 2063 3282 Valentec
2090 3228 2322 3298 tempus
2375 3221 2588 3280 hiemis
2621 3219 2999 3281 incommoda
3034 3220 3342 3280 metuisset
3373 3220 3741 3298 Gregorius?

355 3312 597 3371 tertium
630 3306 978 3370 consulibus
1013 3307 1184 3372 obiit.

438 3393 545 3458 His
566 3397 866 3457 rationum
894 3398 1211 3459 momentis
1232 3399 1524 3460 nonnulla
1554 3399 1669 3461 alia
1686 3398 1852 3461 addit
1871 3398 1995 3460 Til-

358 3486 701 3548 lemontius.
730 3485 1360 3572 NarratHieronymus
1382 3492 1441 3552 in
1464 3491 1615 3553 libro
1644 3493 1720 3554 De
1736 3494 1997 3572 scripto-

357 3575 527 3638 ribus
548 3577 973 3640 ecclesiasticis
989 3577 1271 3641 Basilium
1300 3580 1520 3643 obiisse
1542 3580 1651 3642 sub
1671 3583 1953 3645 Gratiano
1982 3600 1994 3641 :

363 3666 517 3748 quod
551 3664 792 3746 quidem
846 3667 1097 3747 intelligi
1152 3688 1271 3730 non
1306 3678 1521 3751 potest,
1556 3672 1666 3732 nisi
1701 3673 1776 3732 de
1810 3673 1998 3733 inter-

358 3757 517 3837 jecto
550 3756 708 3818 inter
737 3755 1002 3819 Valentis
1037 3768 1288 3820 mortem
1328 3769 1386 3822 et
1406 3761 1725 3823 Theodosii
1749 3762 1997 3823 electio-

356 3865 493 3908 nem
526 3856 643 3909 tem
652 3865 815 3928 pore.

440 3934 636 4015 Objici
663 3944 860 4017 posset
890 3945 1047 4015 quod
1076 3938 1154 3998 ait.
1183 3938 1245 3999 in
1277 3939 1491 4001 eodem
1525 3939 1682 4000 libro
1707 3939 2000 4019 Hierony-

357 4046 488 4088 mus
514 4038 785 4088 sanctum
812 4026 1072 4107 Ephrem
1097 4027 1208 4088 sub
1239 4026 1490 4089 Valente
1510 4036 1811 4088 mortuum
1847 4047 2002 4091 esse.

357 4115 527 4191 Nam,
554 4134 688 4177 cum
711 4115 1383 4194 exstetsanctiprrem
1417 4117 1609 4177 oratio
1635 4116 1711 4177 de
1737 4115 2009 4177 laudibus

2087 3308 2369 3380 Quamvis
2386 3317 2579 3369 autem
2610 3308 2667 3369 in
2695 3309 3133 3388 Martyrologiis
3154 3306 3406 3369 Usuardi
3432 3319 3492 3370 et
3517 3310 3739 3370 Adonis

2085 3397 2214 3458 dies
2237 3398 2422 3458 festus
2440 3399 2645 3460 Basilii
2669 3400 2740 3460 ad
2764 3397 2925 3461 Junii
2961 3399 3260 3459 decimum
3285 3410 3555 3477 quartum
3579 3399 3736 3460 diem

2085 3498 2356 3566 ponatur;
2381 3507 2498 3549 non
2528 3498 2723 3550 tamen
2747 3508 2882 3549 eum
2904 3488 3019 3549 duo
3041 3488 3125 3548 illi
3150 3488 3476 3565 scriptores
3508 3490 3615 3550 hac
3638 3490 3738 3551 die

2086 3577 2419 3638 ordinatum
2454 3579 2678 3649 dicunt,
2732 3579 3025 3657 longeque
3077 3578 3442 3655 probabilius
3473 3580 3744 3640 estliunc

2084 3664 2240 3727 diem
2275 3667 2512 3747 festum,
2545 3668 2644 3748 qui
2673 3667 2950 3729 Calendis
3000 3666 3270 3731 Januarii
3299 3668 3593 3729 celebrari
3626 3687 3742 3729 non

2087 3757 2570 3834 puterat,idcirco
2592 3759 2653 3817 iu
2675 3759 2915 3817 Junium
2938 3778 3203 3819 mensem
3222 3759 3509 3837 rejectum
3527 3759 3738 3821 fuisse.

2086 3843 2281 3915 Quare
2305 3846 2491 3907 multo
2521 3848 2894 3909 commodius
2927 3848 3253 3911 Eusebium
3284 3849 3441 3909 circa
3477 3868 3741 3909 mensem

2083 3931 2326 3995 Junium
2361 3934 2587 3997 obiisse
2639 3936 2935 3997 existimat
2979 3935 3420 4015 Tillemuntius,
3457 3938 3740 3999 Basiliam

2088 4037 2287 4082 autem
2323 4043 2525 4085 mense
2558 4025 2894 4105 Septembri
2928 4027 3267 4087 ordinatum
3304 4027 3509 4088 fuisse.
3547 4037 3743 4105 Atque

2094 4113 2243 4171 haud
2270 4131 2394 4173 scio
2417 4134 2491 4174 an
2513 4114 2689 4175 etiam
2714 4116 2910 4195 aptius
2936 4116 3247 4176 differatur
3271 4137 3451 4194 usquc
3478 4120 3546 4177 ad
3586 4140 3754 4179 men-

358 4203 783 4282 Basilii.ipsius
803 4201 977 4264 etiam
1010 4203 1212 4265 Basilii
1245 4222 1405 4264 mors
1434 4203 1543 4264 sub
1572 4204 1782 4264 eodem
1810 4205 2007 4282 impe-
2091 4218 2219 4260 sem
2255 4201 2571 4263 Octobrem
2636 4204 2954 4277 ordinatio,
3009 4206 3079 4264 ad
3132 4225 3305 4285 quam
3342 4206 3595 4266 iuvitans
3630 4210 3752 4271 Eu-

358 4301 557 4355 ratore
586 4310 657 4353 ac
688 4290 940 4371 proinde
962 4292 1035 4352 ad
1065 4291 1306 4353 initium
1350 4294 1492 4355 anni
1526 4293 1644 4357 3'78
1668 4294 2008 4355 essetrefe-
2093 4290 2322 4355 sebium
2375 4295 2700 4369 Gregorius
2744 4294 3073 4365 metuebat,
3113 4316 3183 4353 ne
3240 4296 3324 4354 illi
3379 4295 3754 4360 incommoda

360 4381 697 4444 renda.Sed
732 4381 793 4441 in
821 4380 929 4443 hac
960 4383 1227 4445 oratione
1245 4389 1407 4445 tanta
1435 4392 1522 4444 est
1554 4382 1616 4445 S.
1642 4382 1903 4463 Ephrem
1938 4384 2011 4443 de
2040 4427 2077 4475 Β
2100 4378 2635 4475 hiemissubeunda
2651 4384 2986 4450 essent,uisi
3008 4396 3235 4445 mature
3254 4386 3755 4465 proficisceretur.

361 4472 618 4537 Valente
637 4471 917 4553 loquendi
940 4471 1276 4545 libertas,ut
1306 4491 1443 4536 eum
1471 4474 1605 4535 buic
1639 4474 2014 4552 superfuisse

361 4561 711 4642 imperatori
732 4561 941 4623 merito
967 4562 1264 4624 existimet
1287 4560 2016 4625 Tillemontius.Testatur

359 4649 777 4713 Theodoretus
829 4650 917 4731 (d/
953 4651 1321 4713 Arintbaaum
1376 4651 1727 4713 interfuisse
1761 4652 1852 4713 his
1887 4670 2016 4732 quae

360 4740 652 4822 Trajanns
683 4739 994 4803 liberrime
1019 4742 1165 4803 dixit
1196 4740 1599 4812 Valenti,cum
1635 4742 1684 4801 is
1715 4743 2013 4802 Constan-

361 4831 610 4912 tinopoli
637 4838 982 4894 versaretur
1002 4850 1160 4893 anno
1191 4832 1336 4895 378.
1374 4831 1542 4893 Tunc
1572 4849 1711 4907 ergo
1755 4831 2015 4891 nondum

362 4919 591 4983 obierat
612 4921 869 4984 Basilius
903 4923 1006 5003 (ε),
1045 4923 1145 5003 qui
1198 4921 1416 4984 mortui
1446 4920 1739 4984 Arinthaei
1770 4938 2013 4981 uxorem

360 5010 573 5072 litteris
603 5011 725 5073 suis
747 5013 1093 5074 consolatus
1124 5020 1238 5073 est.

440 5101 506 5163 In
524 5098 877 5179 Gregorium
891 5101 1221 5183 Nyssenum
1244 5101 1545 5182 praecipue
1569 5098 1791 5162 exarsit
1814 5118 2017 5178 perse-

358 5187 646 5271 cutio,qui
668 5208 701 5251 e
727 5191 1001 5253 manibus
1022 5190 1278 5253 militum
1312 5188 1848 5270 elapsus,latebras
1874 5206 2012 5268 per-

360 5278 531 5360 sequi
554 5287 796 5342 coactus
843 5289 956 5345 est.
1013 5278 1177 5342 Idem
1235 5286 1429 5342 tamen
1480 5276 1782 5360 exsequiis
1819 5272 2017 5341 Basilii

465 5450 533 5526 α)
562 5448 723 5512 Hist.
758 5448 866 5511 lib.
898 5466 974 5526 Iv,
1006 5469 1063 5513 c.
1100 5450 1194 5515 18.

469 5527 528 5605 b)
551 5526 668 5609 _Ep.
704 5529 803 5591 68.

463 5606 773 5753 gsocrat.
797 5609 903 5676 lib.
930 5628 1012 5693 Iv,
1046 5631 1099 5676 c.
1151 5611 1243 5690 14,
1291 5610 1526 5675 Sozom.
1567 5608 1673 5673 lib.
1708 5627 1785 5691 vr,
1822 5610 2005 5673 c.13.

514 5696 535 5753 )
562 5682 696 5753 Lib.
728 5708 806 5753 Iv.
839 5709 897 5753 c.
922 5692 1024 5753 30.

509 5696 535 5771 )
562 5682 696 5755 Lib.
728 5708 806 5770 Iv,
839 5709 897 5758 c.
922 5682 1024 5757 30.

2099 4469 2270 4529 Aliud
2303 4490 2495 4531 causae
2516 4491 2647 4533 esse
2674 4493 2787 4536 non
2821 4486 2962 4554 puto
2990 4494 3092 4534 cur
3126 4475 3451 4553 Ut‘rgut‘ilts
3507 4476 3757 4538 Nazian—

2097 4577 2281 4619 zenus
2298 4573 2428 4622 octo
2456 4571 2679 4623 tantum
2704 4582 2894 4624 annos
2920 4565 3118 4625 Basilii
3141 4565 3515 4644 episcopatus
3540 4586 3758 4628 nume-

2100 4660 2211 4727 ret,
2245 4650 2358 4710 nisi
2391 4652 2553 4733 quia,
2579 4671 2713 4712 cum
2747 4673 2881 4715 sero
2900 4655 3207 4715 ordinatus
3229 4657 3404 4715 fuerit
3426 4676 3581 4716 anno
3615 4658 3756 4725 370,

2102 4757 2424 4817 pan-oruiu
2464 4741 2758 4803 mensium
2794 4742 2995 4803 habita
3052 4745 3205 4803 ι’ωἰυ
3263 4764 3377 4803 non
3427 4746 3554 4805 fuit.
3612 4744 3762 4807 liinc

2104 4828 2274 4888 etiam
2292 4826 2564 4907 Basilius,
2593 4834 2864 4912 quamvis
2891 4835 3087 4895 multa:
3104 4852 3429 4912 gravesque
3445 4839 3760 4895 subessent

2102 4934 2295 4978 causae
2315 4919 2580 4980 Eusebio
2617 4935 2747 5001 post
2781 4924 3217 4984 ordinationem
3252 4924 3581 5001 scribendi,
3623 4944 3757 4985 sero

2104 5016 2298 5067 tamen
2325 5008 2381 5069 id
2412 5009 2572 5089 fecit,
2629 5031 2697 5073 eo
2743 5013 2901 5093 quod
2947 5014 3329 5093 Cappadoces
3354 5012 3425 5073 ad
3461 5014 3756 5092 er>nl0tJl

2103 5095 2315 5158 itinera
2368 5100 2562 5161 hieme
2612 5101 2923 5163 subeunda
2979 5104 3271 5163 tardiores
3304 5113 3525 5163 essent.
3562 5103 3757 5182 Objici

2104 5198 2303 5266 posset
2328 5189 2662 5252 Eudoxium
2679 5192 2837 5253 circa
2859 5212 3121 5254 mensem
3138 5193 3346 5253 Maium
3364 5193 3583 5253 abiisse
3602 5213 3757 5254 anno

2103 5277 2240 5357 370,
2280 5298 2389 5341 nec
2414 5290 2609 5343 tamen
2632 5281 2706 5343 de
2729 5281 2887 5343 illius
2905 5300 3254 5344 successore
3275 5283 3596 5363 quidquam
3618 5283 3759 5343 alla-
