4130 6424
1691 371 1877 435 νΙΤΑ
1922 371 1983 433 S.
2030 369 2331 436 BASILII.

3636 385 3737 434 LII

365 505 487 563 tum
522 520 658 565 esse
691 504 749 565 in
783 505 1217 586 Cappadociam
1266 513 1401 566 ante
1447 504 1701 567 reditum
1735 505 2002 577 Eusebii,
2032 527 2069 563 Α
2096 505 2178 586 pit
2200 510 2271 589 (7')
2320 506 2952 588 Supererantetiamin
2980 506 3355 587 Cappadocia
3375 506 3595 567 ethnici
3620 526 3742 568 non

362 609 541 671 quem
575 592 828 653 Basilius
864 594 943 673 tu)
980 596 1297 656 certiorem
1338 594 1514 671 hujus
1553 595 1638 655 rei
1672 595 1803 656 facit
1863 596 2003 669 Sed,

363 690 422 740 ut
446 679 719 744 observat
750 683 1467 764 Tillemontius,quamvis
1480 683 1781 746 Eudoxius
1802 704 2009 749 mense

361 770 516 833 Maio
541 771 813 833 videatur
843 772 1087 853 obiisse,
1113 773 1241 834 ﬁeri
1267 774 1455 853 potuit
1476 783 1539 835 ut
1560 775 1827 836 Ecclesia
1846 780 2006 836 Con-

362 861 888 941 slantinopolitanu
914 881 1029 923 non
1061 865 1255 923 statim
1282 861 1629 943 Demophilo
1649 864 2002 946 traderetur,

363 967 525 1010 mora
555 950 751 1031 aliqua
781 951 1113 1012 ambitiosis
1145 952 1301 1011 illius
1331 953 1594 1014 consiliis
1624 953 1919 1017 obstante.

960 1038 1200 1104 CAPUT
1241 1038 1390 1104 XIV.

362 1126 399 1181 ΙΔ
437 1128 845 1202 Cwsag-iensium
892 1146 1093 1199 magna
1137 1130 1483 1202 ﬁdeistudia.
1524 1131 1587 1188 lI.
1623 1131 1721 1187 Ju:
1750 1132 1997 1188 exarchi-

429 1216 545 1255 cum
566 1200 918 1257 Casart'emt'a
967 1200 1221 1260 Ecclesm
1272 1203 1546 1266 probatur.
1590 1204 1686 1260 Ill.
1748 1206 1873 1260 Post
1912 1205 2000 1260 di-

431 1272 691 1347 uisionem
723 1273 1231 1347 Cappadocigidem
1247 1276 1345 1347 jus
1370 1273 1717 1347 retinuerunt
1752 1275 2003 1347 episcopi

435 1345 801 1416 C(Bsart'enses.
862 1344 978 1416 71V.
1035 1344 1261 1416 Objecta'
1302 1345 1586 1401 solvuntur
1620 1352 1671 1401 et
1729 1344 2003 1402 decretum

431 1415 892 1498 secundcesyuodi
920 1417 1187 1498 generalis
1219 1417 1536 1498 explicatur.

444 1488 486 1547 Ι.
524 1486 741 1549 Paucis
755 1486 1187 1549 describendus
1210 1486 1297 1549 est
1316 1486 1698 1549 Caesariensis
1721 1486 2004 1550 Ecclesia:

363 1582 572 1654 status,
612 1585 673 1636 ut
744 1577 1138 1657 perspiciatur
1187 1594 1361 1655 quam
1421 1577 1734 1639 molestum
1788 1577 2005 1639 Basilio

360 1662 560 1740 fuerit,
598 1666 695 1744 qui
728 1677 978 1727 secretae
1011 1667 1139 1726 vitae
1166 1665 1435 1726 semitam
1470 1666 1531 1726 in
1564 1666 1798 1728 deliciis
1829 1666 2006 1728 habe-

362 1751 479 1831 bat,
518 1753 574 1813 in
609 1764 766 1814 tanta
795 1755 927 1815 luce
954 1756 1234 1817 collocari
1262 1756 1368 1835 (ὸ).
1392 1754 1625 1816 Clarior
1650 1766 1780 1817 erat
1809 1755 2004 1817 Caesa-

2094 599 2286 674 pauci.
2311 599 2453 660 Nam
2484 617 2593 679 per
2622 617 2834 661 omnes
2871 598 2997 659 fere
3021 615 3192 676 agros
3217 596 3409 674 sparsi
3434 605 3599 657 erant
3625 597 3745 657 Ma-

2093 688 2296 764 gusaai,
2334 709 2481 767 gens
2514 687 2926 767 superstitiosa
2958 686 3098 747 olim
3132 685 3202 746 ad
3255 685 3405 745 hanc
3433 684 3743 763 regionem
3781 682 3788 687 ’

2091 773 2469 838 incolendam
2509 778 2807 855 Babylone
2859 775 3136 837 adducta.

2172 862 2231 926 S.
2270 865 2591 944 Gregorius
2614 868 2919 945 Nyssenus
2947 864 3026 944 (lc)
3061 865 3132 925 ab
3165 865 3378 927 itinere
3407 864 3739 945 Hierosoly-

2089 953 2307 1014 mitano
2341 956 2720 1035 Cappadoces
2751 957 2861 1016 hac
2896 955 3151 1015 maxime
3192 956 3422 1016 ratione
3456 955 3743 1015 dehorta-

2084 1049 2200 1122 tur,
2234 1044 2415 1122 quod,
2446 1046 2493 1105 si
2550 1044 2651 1105 Dei
2687 1044 3093 1122 praestantiam
3136 1062 3203 1104 ex
3233 1044 3303 1104 iis
3335 1063 3467 1120 quas
3500 1044 3741 1123 conspi-

2081 1131 2317 1193 ciuntur
2355 1134 2658 1213 conjicere
2679 1134 3072 1207 liceat,multo
3095 1135 3276 1213 magis
3295 1134 3355 1193 in
3377 1131 3747 1213 Cappadocia

2084 1224 2261 1297 Deus,
2299 1242 2477 1303 quam
2515 1223 2646 1285 aliis
2676 1225 2733 1284 in
2804 1223 2953 1286 locis
3004 1224 3273 1283 videatur
3330 1224 3619 1284 habitare.
3659 1221 3747 1281 Ibi

2086 1310 2243 1370 enim
2276 1312 2537 1389 plurima
2560 1331 2692 1375 esse
2719 1314 3072 1392 altaria,per
3087 1331 3218 1392 qua:
3232 1330 3449 1371 nomen
3470 1310 3575 1373 Dei
3594 1309 3748 1370 cele'

2087 1398 2312 1482 bratur,
2347 1422 2414 1461 ac
2440 1422 2592 1483 pene
2618 1405 2787 1483 plura
2812 1423 2988 1484 quam
3018 1403 3077 1462 in
3104 1412 3224 1463 toto
3250 1401 3393 1462 orbe
3421 1410 3741 1462 terrarum.

2090 1486 2247 1550 Inest
2276 1508 2421 1553 sane
2448 1493 2539 1553 his
2559 1492 2756 1553 verbis
2786 1512 2997 1571 magna
3016 1490 3522 1570 exaggeratio;sed
3546 1498 3746 1549 tamen

2090 1580 2354 1658 perspici
2390 1600 2457 1641 ex
2492 1581 2612 1641 illis
2644 1590 2837 1662 potest
2868 1601 3003 1662 quas
3032 1583 3101 1642 ad
3143 1581 3246 1641 Dei
3298 1579 3517 1640 cultum
3553 1578 3744 1657 perti-

2090 1676 2253 1741 nent,
2269 1670 2587 1747 plurimum
2613 1671 2672 1731 in
2688 1671 3069 1751 Cappadocia
3084 1669 3422 1750 splendoris
3439 1666 3741 1730 habuisse.

2088 1755 2441 1819 Necessaria
2472 1778 2616 1821 sane
2662 1771 2788 1821 erat
2814 1761 3028 1838 religio
3060 1760 3397 1821 Christiana
3424 1760 3494 1818 ad
3531 1776 3743 1819 emen—

360 1860 458 1902 rea
510 1844 817 1905 catholica!
849 1844 985 1905 ﬁdet
1021 1845 1241 1925 studio,
1280 1863 1453 1925 quam
1508 1846 1723 1906 erectis
1756 1846 1893 1907 olim
1928 1846 2003 1907 ob
2033 1863 2065 1911 Β
2091 1844 2319 1907 dandos
2370 1849 2784 1929 Cappadocum
2847 1867 3073 1921 mores,
3109 1849 3207 1927 qui
3256 1848 3413 1907 inter
3456 1848 3747 1926 pessimos

356 1933 518 1992 fusos
541 1932 743 1994 hostes
763 1934 1129 2013 tropzeis,aut
1149 1947 1486 2015 opportuno
1512 1946 1629 1995 tum
1652 1935 1726 1996 ad
1746 1935 2005 1999 hiemem

358 2023 477 2081 tum
503 2022 573 2081 ad
596 2031 858 2084 aestatem
888 2024 1025 2103 situ,
1053 2032 1153 2084 aut
1172 2024 1327 2104 quod
1352 2024 1618 2085 virorum
1642 2024 1801 2086 ferax
1826 2036 2007 2095 esset,

360 2121 415 2170 et
464 2111 695 2173 alendis
742 2113 1062 2192 pecoribus
1114 2114 1351 2186 idonea,
1387 2132 1454 2174 ac
1501 2132 1709 2175 omnes
1740 2115 1851 2175 sub
1884 2116 2011 2176 sole

362 2202 543 2263 urbes
568 2222 857 2283 equorum
883 2205 1167 2285 gregibus
1183 2216 1514 2284 superaret.
1540 2207 1715 2269 Nulla
1735 2207 1847 2268 alia
1869 2208 2011 2268 civi-

367 2300 451 2351 tas
471 2291 580 2353 sub
602 2292 842 2355 Juliano
864 2294 1214 2373 religionem
1243 2296 1435 2357 acrius
1453 2295 1847 2359 defendit.Ait
1869 2300 2014 2361 Gre-

364 2382 565 2458 gorius
596 2382 885 2461 Theologi
916 2385 1183 2463 paterIc)
1206 2384 1359 2444 hanc
1379 2385 1707 2445 Ecclesiam
1742 2387 2008 2446 omnium

367 2490 519 2551 pene
552 2474 953 2535 Ecclesiarum
991 2485 1238 2534 matrem
1272 2482 1330 2533 et
1360 2474 1687 2554 antiquitus
1715 2475 1922 2549 fuisse,
1944 2494 2013 2536 ac

364 2580 521 2620 nunc
557 2563 735 2622 etiam
770 2581 902 2623 esse
934 2570 989 2623 et
1010 2562 1269 2637 censeri,
1299 2581 1366 2623 ac
1398 2562 1457 2624 in
1479 2581 1606 2623 eam
1638 2563 1785 2624 alias
1806 2565 2008 2626 Eccle-

365 2650 693 2715 siasveluti
712 2653 1001 2713 circulum
1022 2662 1229 2714 centro
1253 2653 2013 2733 circumscriptum,oculos

363 2741 810 2821 conjicere,non
828 2742 1021 2802 solum
1053 2752 1297 2822 propter
1321 2742 1459 2803 ﬁdei
1482 2744 2012 2823 integritatemjam

363 2830 502 2890 olim
540 2833 806 2890 omnium
843 2832 991 2891 fama
1019 2831 1419 2910 prmdicalam,
1445 2830 1548 2893 sed
1580 2832 1753 2891 etiam
1778 2832 1852 2891 ob
1875 2852 2014 2893 con-

363 2921 622 2980 rordiam
648 2922 958 2982 manifesto
984 2923 1092 2984 Dei
1118 2920 1409 2981 beneﬁcio
1435 2938 1802 2982 concessam.
1829 2922 2019 3001 Ilujus

364 3009 498 3069 ﬁdei
536 3020 588 3070 et
624 3012 957 3072 concordiae
995 3010 1514 3092 praeclarissimum
1542 3010 1846 3085 Specimen
1873 3010 2016 3070 vidi-

371 3118 524 3179 mus,
550 3120 681 3162 cum
709 3099 951 3175 Valens,
979 3102 1231 3180 ejusque
1255 3099 1808 3175 comitatus,nefarii
1835 3100 1993 3162 latere

2095 1934 2367 1997 homines
2396 1940 2694 1998 numerari
2718 1936 3014 1998 solebant.
3052 1936 3198 1998 lude
3229 1935 3407 1996 ﬁebat
3432 1944 3491 1995 ut
3515 1934 3615 2013 qui
3647 1940 3751 1993 aut

2095 2024 2417 2087 Christiani
2448 2046 2559 2087 non
2589 2034 2890 2098 erant,aut
2915 2025 2975 2086 in
2992 2025 3331 2088 Christiana
3352 2022 3639 2099 religione
3656 2041 3748 2083 ve-

2096 2121 2281 2176 terem
2318 2116 2623 2177 hominem
2659 2116 2975 2176 servabant
3006 2114 3098 2193 (Ι),
3136 2113 3414 2175 omnibus
3468 2112 3745 2171 vitiorum

2098 2204 2346 2265 maculis
2379 2215 2753 2286 notarentur,
2781 2223 2851 2266 ex
2884 2223 3001 2284 quo
3033 2203 3331 2265 interdum
3362 2211 3514 2263 natae
3543 2199 3604 2263 S.
3634 2202 3748 2262 Ba-

2095 2292 2228 2353 silio
2262 2295 2693 2374 ingemiscemli
2728 2314 2941 2356 causas.

2178 2383 2223 2443 ll
2283 2382 2450 2444 Nulla
2502 2385 2749 2444 deerant
2805 2389 3093 2446 Caesareae
3127 2400 3472 2462 magnarum
3510 2379 3746 2441 urbium

2097 2472 2592 2553 ornamenta(m);
2612 2472 2715 2533 sed
2747 2467 3749 2552 magnumimprimisdecusEccle-

2096 2558 2198 2619 site
2213 2558 2568 2620 Caesariensi
2584 2561 2869 2622 afferebat
2884 2562 3175 2621 latissime
3190 2556 3751 2641 pertinensjurisdi-

2097 2647 2213 2707 ctio
2265 2647 2418 2719 Quot
2444 2650 2602 2709 enim
2632 2651 2959 2729 provincia:
2983 2650 3240 2711 ducibus
3261 2658 3317 2710 et
3346 2648 3578 2711 vicariis
3602 2652 3752 2712 Pon-

2098 2739 2228 2797 ticae
2259 2739 2567 2814 parebant,
2603 2738 2848 2797 totidem
2882 2738 3267 2800 Caesariensis
3298 2738 3563 2818 episcopi
3591 2740 3751 2800 curis

2100 2826 2439 2886 commissa:
2470 2826 2732 2886 fuerunt.
2768 2829 2942 2889 Certe
2974 2827 3275 2897 Armenia,
3316 2845 3447 2906 quae
3475 2845 3587 2886 una
3623 2834 3751 2889 erat

2102 2934 2171 2975 ex
2204 2915 2319 2975 illis
2353 2916 2694 2996 provinciis,
2726 2916 2970 2991 Basilio,
3006 2916 3180 2976 veluti
3225 2915 3458 2975 cuidam
3494 2918 3750 2977 exarcho

2104 3004 2348 3083 parebat
2406 3006 2553 3066 Nam
2601 3024 2760 3066 anno
2793 3004 2909 3066 372
2941 3003 3285 3065 mandatum
3317 3004 3548 3084 accepit
3578 3005 3750 3067 Basi-

2103 3093 2215 3153 lius
2243 3094 2323 3171 (η)
2347 3094 2419 3154 ab
2444 3094 2901 3174 imperatore,ut
2926 3094 3242 3174 episcopos
3269 3094 3405 3155 buic
3431 3093 3753 3174 provinciae

363 3189 485 3268 tiri,
524 3191 757 3250 inanem
814 3194 871 3251 in
924 3190 1323 3271 Oppugnanda
1381 3192 1645 3252 Caesarea
1688 3197 2067 3275 conatuumC
2100 3183 2741 3275 daret.Adjunctusest
2764 3185 2818 3245 ei
2843 3184 3039 3275 socius
3064 3183 3411 3275 Theodotus
3435 3183 3755 3275 provinciae

362 3298 605 3340 suorum
642 3284 859 3340 exitum
889 3281 1225 3362 plorarunt.
1248 3279 1413 3341 Fidei
1440 3279 1657 3352 fervor,
1687 3287 1842 3340 teste
1867 3278 2004 3340 Gre-

358 3386 450 3445 gou
470 3368 526 3429 io
548 3369 914 3431 Nazianzeno
942 3370 1053 3450 (ά),
1080 3388 1235 3449 saepe
1258 3369 1537 3450 populum
1577 3367 2004 3430 Caesariensem

361 3458 415 3518 in
444 3458 840 3520 electionibus
866 3459 1280 3539 episcoporum
1302 3458 1374 3518 ad
1399 3457 1814 3518 contentiones
1833 3467 1890 3517 et
1908 3457 2003 3518 di-

363 3548 711 3610 micationes
744 3548 1087 3630 arripiebat.
1128 3546 1440 3627 Nunquam
1478 3546 1633 3626 apud
1668 3565 1770 3607 eos
1816 3547 2003 3606 inter-

362 3638 542 3700 missa
566 3639 706 3700 ﬁdei
727 3637 979 3700 Nicaenaa
1008 3637 1371 3718 praedicatio,
1399 3645 1462 3697 ut
1484 3635 1766 3696 discimus
1786 3653 1857 3695 ex
1880 3638 2004 3713 ipso

366 3730 580 3790 Basilio
618 3730 720 3809 te).
754 3727 882 3789 Non
943 3728 1135 3787 solum
1176 3727 1467 3797 Caesarea,
1502 3725 1604 3785 sed
1665 3732 1785 3784 toto
1827 3724 2003 3784 etiam

360 3819 727 3899 Cappadocia
749 3816 1093 3878 incendium
1112 3814 1281 3891 illud,
1309 3814 1466 3895 quod
1497 3822 1679 3874 totum
1701 3813 2007 3876 Orientem

364 3919 713 3985 vastaverat,
741 3909 946 3969 saltem
975 3926 1162 3988 usque
1196 3905 1265 3966 ad
1299 3924 1522 3966 annum
1548 3904 1666 3965 375
1691 3903 1913 3980 eﬂugit,
1947 3910 2011 3963 ut

360 3999 755 4080 perspicimus
783 4018 848 4060 ex
888 3995 1155 4079 pluribus
1190 3995 1387 4056 Basilii
1422 3993 1689 4073 epistolis
1724 3996 1818 4073 (ρ.
1854 3990 2007 4065 Quin

359 4090 534 4150 etiam
562 4090 641 4169 (g)
668 4087 1057 4169 Cappadocia;
1077 4086 1345 4167 episcopi
1372 4096 1539 4147 erant
1568 4084 1747 4145 veluti
1779 4082 2007 4163 scopuli

362 4180 597 4259 quidam
623 4180 681 4240 in
710 4179 851 4239 mari
880 4178 1387 4257 prominentes,ac
1411 4176 1674 4236 furorem
1698 4172 2009 4235 haeretico-

362 4289 489 4331 rum
519 4271 806 4332 ﬂuctuum
857 4267 1246 4346 excipientes,
1282 4266 1381 4345 qui
1416 4264 1553 4324 dum
1587 4263 2009 4342 frangerentur

362 4358 519 4419 circa
552 4356 1005 4438 Cappadociam.
1045 4374 1112 4416 ea
1138 4374 1269 4437 quae
1310 4363 1468 4415 retro
1500 4360 1635 4413 sunt
1666 4370 1784 4413 non
1816 4351 2008 4412 allue-

362 4446 501 4509 bant
562 4446 620 4510 Si
654 4448 754 4523 qui
806 4447 1104 4507 interdum
1141 4443 1405 4526 episcopi
1467 4460 1644 4523 prave
1692 4443 2005 4515 sentirent,

365 4538 716 4619 populorum
754 4548 912 4597 metu
973 4554 1235 4597 errorem
1290 4552 1562 4614 premere
1615 4531 2004 4611 cogebantur.

2096 3274 2613 3353 metropolitanus.
2644 3276 2696 3335 ls
2720 3272 2939 3335 Basilio
2971 3273 3045 3333 ob
3082 3274 3243 3334 illius
3273 3292 3405 3334 cum
3445 3272 3750 3334 Eustathio

2092 3381 2200 3422 con
2202 3363 2579 3442 junctionem
2614 3362 3028 3436 succensebat,
3068 3383 3179 3424 nec
3211 3363 3265 3424 ei
3308 3381 3550 3444 operam
3582 3379 3749 3423 suam

2092 3453 2329 3513 tradere
2355 3454 2556 3513 voluit.
2572 3456 2699 3513 Non
2715 3451 2941 3513 idcirco
2961 3453 3227 3513 animum
3249 3451 3569 3532 despondit
3587 3451 3752 3512 Basi-

2091 3541 2228 3620 lius,
2264 3542 2369 3601 sed
2402 3542 2695 3620 quidquid
2732 3542 2791 3601 in
2853 3542 2980 3622 ipso
3032 3544 3212 3603 situm
3268 3542 3399 3620 fuit,
3435 3542 3755 3620 diligenter

2090 3640 2410 3690 exsecutus
2442 3639 2568 3692 est:
2602 3650 2808 3710 pacem
2853 3632 3189 3709 composuit
3238 3631 3396 3691 inter
3436 3632 3747 3711 episcolios

2089 3719 2415 3798 Armeniae,
2442 3738 2648 3779 eorum
2684 3719 2740 3778 in
2777 3720 3079 3779 nonnullis
3111 3719 3293 3779 rebus
3324 3720 3747 3795 negligentiam

2090 3809 2506 3888 reprehendit,
2542 3815 2599 3868 et
2628 3809 2703 3868 de
2738 3808 2808 3868 iis
2839 3808 3143 3882 sanandis,
3179 3827 3309 3887 quae
3343 3808 3755 3870 indifferenter

2091 3898 2150 3959 in
2183 3898 2471 3958 Armenia
2505 3896 2931 3976 percabantur,
2968 3900 3200 3974 regulas
3227 3897 3613 3976 praescripsit.
3642 3897 3753 3959 Co-

2089 3988 2287 4067 gnovit
2310 3989 2487 4048 etiam
2516 3987 2590 4048 de
2614 3986 2792 4048 illatis
2815 3987 3036 4066 Cyrillo
3060 3987 3344 4065 episcopo
3372 3984 3751 4061 criminibus,

2093 4097 2160 4139 ac
2193 4076 2481 4138 Satalensi
2533 4076 2817 4137 Ecclesia;
2863 4076 3215 4155 episcopum
3250 4072 3751 4136 dedit.Immerito

2094 4187 2234 4229 sane
2267 4167 2559 4247 ejusmodi
2597 4186 2813 4227 munus
2842 4166 3059 4227 Basilio
3092 4165 3478 4226 commissum
3514 4163 3752 4224 dicere-

2095 4268 2213 4332 tur,
2254 4278 2368 4317 non
2412 4268 2474 4318 ut
2522 4256 2830 4336 dignitatis
2859 4256 3021 4319 illius
3053 4253 3574 4335 etjurisdictionis
3602 4254 3753 4316 ratio

2094 4348 2439 4427 haberetur,
2468 4348 2570 4408 sed
2609 4356 2852 4427 propter
2894 4347 3219 4407 sanctitatis
3253 4354 3311 4406 et
3340 4344 3631 4404 doctrinae
3660 4344 3754 4405 fa-

2096 4437 2493 4519 mam.Neque
2507 4438 2666 4498 enim
2685 4436 2979 4517 ejusmodi
2998 4434 3343 4497 nominibus
3359 4433 3648 4494 devinciri
3666 4452 3760 4493 so-

2094 4526 2253 4588 lebat
2276 4528 2465 4605 gratia
2486 4526 2854 4601 Valentis;ac
2882 4537 3172 4606 praeterea
3200 4524 3558 4585 detraxisset
3576 4540 3644 4583 ea
3658 4541 3755 4583 res

361 4614 635 4687 Testatur
655 4626 809 4688 enim
837 4625 1156 4705 Gregorius
1178 4621 1673 4699 Nazianzenus(h)
1694 4620 2010 4682 nonnullos
2036 4660 2075 4709 ο
2095 4616 2169 4677 de
2186 4617 2326 4696 jure
2349 4615 2667 4689 Theodoti,
2693 4616 2793 4692 qui
2822 4617 3165 4695 praeclaram
3196 4614 3495 4709 habuisset
3518 4630 3753 4709 causam

366 4716 677 4797 episcopos
703 4735 836 4776 cum
869 4702 1081 4776 Basilio
1107 4714 1165 4774 in
1186 4714 1323 4775 ﬁdei
1349 4713 1580 4791 negotio
1602 4712 1845 4772 minime
1865 4728 2010 4770 con-
2037 4702 2068 4709 ⁷
2099 4707 2263 4767 missi
2289 4707 2545 4769 faciendi
2566 4708 2905 4797 Basiljimec
2933 4714 3131 4765 tamen
3158 4705 3331 4765 aliam
3350 4702 3591 4783 protulit
3614 4720 3758 4782 pra)-

366 4770 650 4871 sensisse,
681 4805 791 4865 nisi
816 4813 1096 4887 quantum
1127 4823 1228 4864 eos
1254 4770 1458 4883 populi
1482 4800 1823 4862 consentire
1846 4817 2014 4876 coge-
2098 4805 2188 4857 ter
2227 4798 2387 4858 illms
2441 4816 2574 4858 cum
2628 4770 2939 4858 Euts'lathio
2992 4797 3505 4887 conjunctionem.
3542 4795 3757 4887 Neque

368 4895 530 4958 bant.
566 4895 706 4970 Sed,
743 4896 789 4955 si
824 4880 1059 4959 Arianis
1102 4880 1296 4955 aditus
1334 4880 1398 4953 in
1430 4889 1862 4973 Cappadociam
1899 4908 2014 4949 non
2101 4888 2274 4949 etiam
2305 4887 2665 4948 crediderim
2694 4883 3345 4962 Basiliumquaeratin
3366 4880 3758 4973 observandis

372 4987 578 5068 patuit,
612 4986 875 5066 an'iqtta‘t
924 4987 1182 5047 haereses
1234 4984 1497 5044 nondum
1517 4971 1596 5043 vin
1633 4982 1739 5042 hac
1773 4979 2018 5058 regione
2103 4978 2430 5037 cauonibus
2449 4977 2767 5056 religione,
2795 4976 3055 5037 libenter
3073 4974 3370 5068 ejusmodi
3408 4971 3613 5033 munia
3642 4971 3757 5032 ob-

371 5063 539 5138 erant
561 5063 1118 5155 exstinctaa(i;.Nam
1142 5094 1209 5136 ex
1234 5073 1670 5135 Encratitarum
1691 5071 2019 5133 sectaduos
2105 5074 2322 5127 iturum
2360 5067 2539 5127 fuisse
2574 5069 2628 5155 iu
2682 5067 2874 5127 aliena
2927 5063 3252 5155 provincia,
3287 5071 3659 5155 repugnante
3689 5079 3758 5122 ac

371 5168 685 5248 episcopos
733 5151 979 5228 Basilius
1011 5166 1070 5226 in
1100 5163 1426 5226 Ecclesiam
1464 5162 1783 5225 redeuntes
1812 5176 2016 5220 susce-
2103 5174 2347 5235 operam
2384 5172 2552 5217 suam
2578 5154 2910 5235 denegante
2931 5154 3248 5235 provinciae
3274 5151 3752 5231 metropolitano.

445 5300 807 5381 (amp--48,-
993 5380 999 5381 ,
1100 5380 1115 5381 ί
1231 5377 1246 5381 ,
1479 5375 1526 5381 _-
1962 5372 1996 5381 Α
2187 5290 2551 5381 (QQ-39:

453 5368 743 5464 lbjBasil.
780 5380 942 5464 honr.
980 5380 1045 5441 in
1079 5377 1268 5441 Gord.
1296 5384 1443 5439 tom.
1478 5375 1552 5456 ιι,
1581 5392 1639 5455 p.
1693 5372 2021 5449 142,n.9.
2196 5371 2265 5464 (ί)
2297 5368 2406 5464 pp.
2447 5369 2758 5464 £_8§,can_.
2798 5374 2855 5428 1.

451 5448 534 5544 (ei
556 5461 693 5544 δεῖ.
730 5478 825 5544 ep.
863 5460 964 5521 22.
1537 5448 1549 5456 ’
1583 5448 1601 5455 ’
1813 5448 1816 5449 ⁷

2188 5450 2273 5544 .34)
2306 5449 2416 5544 Ep.
2445 5451 2683 5544 2533,11.
2714 5448 2775 5510 4.

444 5528 536 5617 (τι)
562 5541 665 5606 0r.
706 5528 801 5603 49'.
2186 5528 2492 5617 (miram,
2515 5529 2625 5617 tu.

448 5624 524 5753 εεξ
548 5622 667 5753 ξεῖ
698 5621 858 5753 ἔνιέῗξι
877 5619 1032 5753 3'93?

2188 5610 2393 5753 (ι)
2427 5612 2576 5673 H9.
3558 5640 3585 5681 λλ

2184 5696 2289 5753 (ml
2373 5709 2432 5753 ο.
2472 5691 2554 5753 76
3498 5714 3505 5720 τ

448 5691 518 5870 ig
548 5691 667 5785 Εῤ.
698 5701 777 5772 65
798 5691 858 5764 ei
886 5700 1029 5767 22!.
2184 5696 2289 5769 (νη)
2320 5691 2432 5771 Ep.
2472 5691 2554 5753 76

522 5792 540 5868 )
569 5786 683 5868 Ep.
714 5781 859 5868 203,
889 5801 952 5849 ιι.
988 5786 1049 5847 1.
2189 5773 2277 5853 (η)
2306 5771 2423 5853 Ep.
2454 5770 2558 5836 99.
