4130 6412
539 343 691 398 ων
1903 328 2491 400 PROLSGOMENA.

542 486 697 554 pare
720 472 928 536 seduli
977 473 1730 555 Constantinopolitsnam,
1780 487 1847 536 ac
1877 474 2195 536 simulacro
2217 478 2254 527 Α
2280 469 2563 535 invidiam
2587 476 2831 551 Basilio,
2865 484 2929 538 ut
2954 475 3182 540 homini
3234 472 3314 537 itn
3329 471 3661 540 moderato.
3706 481 3928 534 crean—

543 562 805 643 quodam
858 563 1094 644 pietatis
1126 572 1186 626 et
1233 572 1414 626 rectas
1463 563 1602 625 fidei
1652 564 1998 645 perfecisse,
2035 572 2099 625 ut
2129 572 2188 625 et
2269 560 2432 623 dam.
2469 562 2554 624 De
2586 562 2677 625 his
2722 565 3089 641 rumoribus,
3124 583 3275 646 quos
3308 561 3587 625 malevoli
3647 562 3935 624 homines

547 651 906 715 dissidentes
936 652 1192 716 civitatis
1224 664 1422 733 partes
1454 654 1513 713 in
1547 671 1730 714 unum
1754 656 2185 733 coalescerent,

543 750 605 802 et
630 757 699 802 ex
728 741 941 803 vicinis
962 744 1266 823 episcopis
1292 743 1565 805 nonnulli
1594 743 1870 829 eamdem
1901 743 2189 823 conjunc-

547 830 766 893 tionem
788 832 1317 908 amplecterentur.
1353 837 1567 896 Narrat
1598 832 1675 894 de
1698 832 2016 895 schismate
2036 832 2192 913 epis-

542 934 833 1001 coporum
864 921 1278 1002 Cappadociae,
1322 929 1386 983 ut
1407 938 1590 1002 supra
1617 920 1874 984 vidimus
1907 943 1923 1003 ;
1990 922 2193 983 invitat

546 1005 897 1088 Eusebium,
932 1016 996 1069 ut
1038 1026 1174 1071 vere
1223 1009 1652 1072 Caesariensem
1687 1009 2012 1072 Ecclesiam
2045 1010 2191 1071 invi-

548 1104 635 1157 sat
668 1118 685 1169 ;
718 1096 801 1158 ait
829 1115 893 1159 se
922 1098 1135 1159 melius
1168 1098 1339 1160 solito
1368 1118 1486 1160 non
1522 1101 1739 1162 valere.

633 1184 864 1267 Scripta
896 1195 984 1247 est
1014 1188 1139 1249 haec
1164 1188 1417 1268 epistola
1445 1208 1601 1250 anno
1629 1190 1747 1250 370
1790 1198 2066 1263 exeunte,
2104 1188 2191 1250 vel

547 1278 794 1338 ineunte
813 1276 951 1337 371.
996 1276 1257 1339 Credere
1298 1278 1498 1340 malim
1531 1298 1687 1340 anno
1733 1279 1849 1343 370
1909 1280 2188 1358 scriptam

550 1366 755 1427 fuisse.
788 1362 955 1437 Quod
991 1366 1150 1426 enim
1195 1366 1345 1431 duos
1360 1367 1484 1447 jam
1531 1386 1766 1429 menses
1799 1368 2029 1429 nivibus
2058 1385 2195 1429 coo-

552 1455 703 1535 perti
736 1454 1119 1535 Cappadoces
1161 1455 1466 1535 dicuntur,
1504 1458 1559 1517 id
1594 1458 1669 1519 de
1724 1458 2028 1519 mensibus
2072 1476 2190 1518 non

548 1546 745 1626 plenis
775 1554 833 1606 et
854 1547 1077 1606 exactis
1134 1545 1323 1626 accipi
1374 1554 1586 1626 potest.
1652 1549 1945 1608 Praeterea
2001 1548 2196 1609 hiems

549 1636 668 1696 cito
699 1634 1016 1697 admodum
1042 1635 1101 1695 in
1130 1636 1499 1716 Cappadocia
1547 1636 1891 1716 incipiebat.
1928 1636 2055 1698 Non
2090 1638 2195 1698 du-

2271 650 2649 729 spargebant,
2702 654 3019 717 certiorem
3073 654 3362 718 Basilium
3412 651 3552 714 fecit
3600 651 3931 732 Bosporius

2273 739 2521 802 coloniae
2553 743 2609 803 in
2640 741 3013 824 Cappadocia
3036 745 3377 824 episcopus.

2356 830 2672 893 Perculsus
2695 832 2805 893 hoc
2829 834 3039 894 nuntio
3062 833 3319 895 Basilius
3340 839 3525 894 totam
3552 840 3786 894 noctem
3812 841 3933 894 tra-

2274 918 2435 979 duxit
2458 921 2808 983 insommem
2831 922 3332 1003 quemadmodum
3356 923 3489 1002 ipse
3502 930 3701 983 narrat
3720 921 3780 983 in
3798 922 3934 1003 epi-

2272 1008 2423 1070 stola
2454 1010 2523 1071 5l
2544 1057 2557 1084 ,
2582 1010 2642 1070 in
2674 1031 2788 1092 qua
2806 1012 3046 1091 exponit
3077 1011 3221 1094 quid
3256 1011 3331 1072 de
3364 1009 3575 1074 Dianio
3620 1027 3655 1071 a
3703 1014 3932 1073 teneris

2274 1099 2552 1178 senserit,
2588 1118 2658 1159 ac
2683 1100 2940 1180 ingenue
2961 1101 3179 1163 fatetur
3206 1118 3269 1161 se
3315 1119 3448 1161 cum
3478 1100 3676 1161 multis
3698 1099 3829 1161 aliis
3861 1100 3931 1160 in

2278 1186 2464 1265 patria
2478 1186 2664 1249 Deum
2696 1188 3448 1252 timentibusinsolabiliter
3461 1188 3746 1263 doluisse,
3764 1188 3930 1265 quod

2278 1275 2524 1337 Dianins
2549 1276 2814 1340 formulae
2844 1278 3361 1359 Constantinopoli
3392 1296 3425 1340 a
3454 1276 3709 1356 Georgio
3738 1278 3931 1340 allata

2275 1363 2755 1447 subscripsisset,
2788 1371 2892 1429 sed
2922 1378 3117 1431 tamen
3157 1368 3228 1430 ad
3259 1367 3389 1447 ejus
3439 1367 3929 1429 communionem

2278 1456 2626 1527 accessisse,
2656 1467 2965 1538 postquam
2996 1458 3239 1520 Dianius
3287 1458 3347 1518 in
3383 1456 3679 1528 morbum,
3709 1474 3775 1518 ex
3811 1476 3930 1538 quo

2280 1554 2547 1605 mortuus
2564 1554 2676 1625 est,
2712 1547 2936 1626 lapsus,
2974 1547 3184 1609 Basilio
3206 1547 3501 1608 accersito
3526 1548 3744 1626 jnravit
3776 1547 3929 1608 nihil

2279 1633 2393 1693 sibi
2422 1646 2626 1697 contra
2663 1638 2963 1699 Nicaanam
3000 1637 3178 1697 [idem
3216 1636 3587 1717 propositum
3614 1637 3927 1715 fuisse,se-

551 1725 711 1785 bium
745 1735 943 1786 autem
970 1726 1110 1805 quin
1142 1726 1497 1787 clericorum
1530 1725 1747 1802 aliquis
1790 1729 1945 1789 hanc
1976 1728 2191 1808 episto-
2220 1758 2256 1806 Β
2280 1740 2396 1802 que
2428 1724 2576 1785 nihil
2606 1725 2765 1785 aliud
2792 1726 3040 1793 sentire,
3076 1743 3254 1805 quam
3274 1725 3433 1805 quod
3454 1726 3526 1786 ab
3555 1724 3724 1785 initio
3756 1742 3932 1787 acce-

551 1814 665 1875 lam
694 1813 998 1874 detulerit.
1024 1813 1121 1877 Sic
1151 1814 1310 1875 enim
1338 1833 1387 1875 ε(
1409 1813 1576 1875 litum
1600 1815 2190 1886 scribereBasilium,

549 1902 755 1964 saltem
775 1918 908 1962 cum
932 1902 1190 1981 aliquem
1215 1903 1545 1984 dataopera
1567 1904 1935 1978 mittebat,ex
1960 1925 2055 1986 ep.
2081 1906 2195 1968 198

542 1991 965 2073 perspicimus.
1000 1994 1282 2067 Quamvis
1312 2002 1510 2055 autem
1567 2013 1722 2057 unus
1764 2003 1987 2056 tantum
2024 1996 2195 2056 initio

540 2081 813 2160 epistola
833 2082 1182 2161 designetur
1207 2083 1469 2163 bajulus,
1497 2082 1724 2144 socium
1741 2092 1935 2144 tamen
1964 2084 2197 2146 eiaddi-

545 2179 668 2231 tum
688 2169 872 2231 fuisse
904 2180 1061 2250 patet
1092 2191 1163 2233 ex
1194 2170 1289 2233 his
1325 2171 1549 2252 verbis,
1599 2181 1662 2233 ut
1694 2174 1815 2251 ipsi
1840 2172 1937 2234 illi
1966 2192 2190 2235 narra-

546 2260 891 2340 bunl.Saape
916 2261 973 2320 in
1007 2261 1303 2341 ejusmodi
1336 2261 1569 2334 litteris,
1604 2263 1714 2325 etsi
1736 2263 1853 2325 duo
1880 2264 2192 2325 mitteban-

540 2358 665 2423 tur,
688 2369 843 2412 unus
859 2350 1408 2425 nominabantur,ut
1429 2351 1733 2414 observavi
1756 2353 1831 2415 ad
1854 2354 2029 2434 epist.
2048 2355 2189 2419 943.

625 2437 723 2500 IV.
759 2438 841 2501 Ex
873 2440 945 2501 iis
974 2440 1078 2521 qui
1109 2441 1323 2505 Basilio
1350 2441 1410 2501 in
1444 2442 1789 2520 primordiis
1810 2445 2191 2525 episcOpatus

2281 1822 2447 1891 perat
2475 1832 2545 1874 ac
2578 1814 2832 1894 precari,
2869 1821 2933 1875 ut
2962 1833 2994 1875 a
3036 1822 3438 1876 trecentorum
3470 1812 3678 1874 decem
3709 1822 3765 1874 et
3797 1823 3933 1875 octo

2282 1903 2521 1964 Patrnm
2552 1911 2713 1964 sorte
2746 1910 3222 1983 non’separetur.

2363 1990 2555 2073 Iniqui
2569 1993 2643 2054 de
2661 1992 2879 2054 Basilio
2902 2010 3173 2053 rumores
3188 1992 3260 2052 ad
3278 1994 3592 2053 canonicas
3615 1994 3898 2073 quasdam
3912 2042 3928 2069 ,

2281 2080 2404 2142 sive
2434 2100 2635 2142 sacras
2659 2082 2917 2160 virgines
2953 2082 3163 2161 perlati
3196 2082 3455 2144 fuerant.
3479 2080 3608 2161 [pse
3631 2082 3930 2147 etiamBa-

2275 2170 2446 2231 silius
2478 2171 2642 2232 falsis
2674 2170 3013 2231 rumoribus
3035 2170 3347 2251 deceptus,
3382 2171 3578 2230 minus
3600 2189 3829 2250 aequam
3855 2172 3933 2234 de

2274 2261 2575 2322 canonicis
2600 2261 2942 2341 opinionem
2975 2269 3306 2340 acceperat.
3342 2259 3637 2322 Dedocuit
3669 2262 3929 2339 virgines

2279 2351 2618 2431 Bosporius,
2652 2360 2712 2412 et
2735 2349 2805 2411 ad
2834 2352 3158 2430 aequiorem
3192 2350 3266 2410 de
3306 2348 3521 2410 Basilio
3566 2352 3927 2413 sententiam

2273 2440 2540 2512 adduxit,
2574 2458 2644 2501 ac
2668 2457 2877 2500 rursus
2908 2440 3188 2499 Basilium
3211 2439 3285 2500 de
3302 2438 3484 2499 rebus
3502 2440 3925 2501 canonicarum

542 2530 1516 2609 gratulandietadhortandicausa
1534 2532 2187 2613 scripserunt,duorum
2270 2530 2601 2591 accuratius
2645 2529 2917 2590 erudivit.
2948 2530 3279 2608 Utrumque
3320 2528 3536 2590 Basilio
3586 2539 3927 2609 pergratum

540 2616 615 2681 ad
650 2636 758 2680 nos
790 2621 1203 2700 episcoporum
1241 2622 1480 2682 nomina
1505 2624 2106 2701 pervenere,Arcadli
2134 2633 2189 2685 et
2268 2618 2505 2692 accidit,
2535 2638 2603 2680 ac
2635 2618 2935 2699 duplicem
2968 2636 3136 2679 suam
3171 2617 3437 2680 lzetitiam
3499 2620 3807 2679 canonicis
3840 2620 3927 2680 si-

543 2706 897 2771 Innocentii.
925 2711 1155 2772 Primus
1175 2728 1343 2789 spem
1364 2728 1483 2772 ase
1507 2710 1581 2772 de
1599 2710 1817 2773 Basilio
1837 2722 2186 2794 conceptam
2271 2709 2513 2787 gniﬁcat
2544 2712 2601 2770 in
2636 2707 2889 2788 epistola
2920 2709 3017 2779 52,
3067 2716 3126 2769 et
3184 2706 3477 2769 nonnulla
3535 2707 3612 2768 de
3656 2707 3931 2788 dogmate

542 2798 1112 2879 signifieaverathr),
1141 2808 1201 2863 et
1238 2799 1526 2879 reliquias
1552 2810 1871 2882 martyrum
1899 2803 1972 2864 ad
1990 2804 2186 2865 eccle-

538 2887 1046 2952 siamrecensase
1067 2897 1476 2952 constt-betam
1496 2891 1773 2970 petierat.
1789 2890 2163 2953 Perhonorifi

539 2993 609 3039 ce
633 2978 960 3058 respondet
981 2979 1238 3042 Basilius
1264 2979 1370 3058 (b),
1405 2996 1591 3060 seque
1625 2980 1784 3042 illius
1809 2982 1983 3043 studii
2016 2983 2192 3062 adju-

2272 2797 2539 2872 disserit,
2601 2808 2666 2859 ut
2700 2796 2873 2858 modo
2904 2796 3263 2859 videbimus.

2354 2885 2477 2948 Nec
2507 2886 2690 2949 rebus
2720 2905 2831 2949 nec
2865 2894 3132 2966 tempore
3158 2888 3263 2948 has
3288 2886 3575 2966 epistolas
3604 2887 3932 2968 (e)disjun-

2275 2978 2498 3055 geodas
2526 2977 2835 3038 duximus.
2858 2975 2922 3037 In
2952 2986 3202 3056 utraque
3234 2976 3282 3035 is
3303 2975 3407 3053 qui
3426 2976 3706 3039 Basilium
3734 2990 3935 3040 monet

540 3075 731 3128 torem
789 3067 1054 3129 futurum
1097 3068 1411 3148 promittit,
1464 3069 1513 3128 si
1546 3069 1835 3149 reliquias
1865 3081 2190 3150 martyrum
2209 3063 2251 3115 C
2274 3066 2412 3147 quid
2434 3067 2508 3128 de
2530 3066 2632 3127 illo
2654 3066 2905 3140 dicatur,
2934 3065 3256 3146 Bosporius
3277 3064 3654 3128 est.Basilius
3676 3066 3734 3127 in
3765 3076 3930 3129 utra-

539 3154 895 3235 investigare
910 3156 1719 3238 possit.lnnocentius,quem
1741 3159 2110 3239 perabsurde
2128 3161 2196 3222 li-

544 3244 727 3306 brarii
752 3247 957 3309 Romae
978 3249 1323 3327 episcopum
1353 3246 1646 3321 fecerunt,
1691 3265 1915 3328 magnae
1937 3252 2104 3312 urbis
2137 3260 2195 3315 et

544 3334 813 3397 Cmsarea
832 3354 946 3397 non
970 3355 1176 3416 parum
1208 3336 1487 3398 distantis
1511 3337 1834 3420 episcopus
1857 3348 1983 3402 erat
2004 3343 2195 3423 etSpi-

544 3426 690 3487 ritus
709 3426 895 3487 sancti
914 3426 1364 3505 glorificator,id
1389 3428 1833 3502 est,divinitatis
1851 3431 1978 3509 ejus
1993 3432 2196 3494 defen-

545 3516 930 3578 sor.Basilius
955 3516 1030 3595 (cl
1050 3517 1270 3595 gratias
1288 3516 1343 3578 ei
1359 3517 1670 3597 agit,quod
1691 3536 1755 3579 se
1778 3520 2103 3600 adhortari,
2126 3540 2195 3583 ac

548 3603 759 3665 litteris
789 3624 1066 3667 recreare
1089 3606 1363 3684 dignatus
1380 3617 1537 3668 esset
1596 3617 1655 3668 et
1684 3607 1852 3670 velut
1868 3628 2195 3690 puerorum

544 3697 876 3772 infantium
908 3695 1075 3757 ulnis
1102 3714 1229 3758 sua?
1261 3698 1704 3774 magnitudinis
1732 3700 2031 3778 amplecti.

627 3786 971 3864 Pergamius
992 3786 1460 3865 quidamBasilio
1492 3787 1562 3847 ad
1584 3788 1997 3869 episcopatum
2028 3810 2199 3854 evec-

555 3884 611 3936 to
640 3876 976 3955 gratulatus
995 3874 1210 3956 fuerat,
1237 3874 1337 3936 sed
1363 3895 1497 3936 cum
1519 3893 1872 3956 responsum
1896 3896 2013 3940 non
2032 3898 2197 3944 acce-

544 3964 751 4045 pisset,
786 3964 1001 4026 iterum
1033 3964 1296 4047 scripsit,
1331 3984 1445 4025 non
1472 3965 1603 4026 siue
1627 3966 1908 4041 gravibus
1930 3970 2197 4048 querelis

541 4056 697 4136 quod
754 4072 903 4117 nova
952 4054 1211 4132 dignitas
1244 4054 1464 4116 Basilio
1519 4054 1880 4116 oblivionem
1949 4069 2011 4118 et
2043 4076 2192 4119 con-

543 4152 832 4225 templum
866 4145 1197 4207 amicorum
1221 4144 1471 4207 aﬂlaret.
1501 4142 1724 4205 Scribit
1745 4148 1943 4227 itaque
1966 4147 2051 4207 illi
2076 4147 2191 4208 Ba-

545 4234 712 4297 silius
744 4233 1056 4316 epistolam
1108 4236 1204 4305 56,
1267 4235 1326 4295 in
1359 4252 1477 4313 qua
1510 4252 1576 4295 se
1609 4243 1815 4296 natura
1868 4237 2193 4315 proclivem

548 4343 679 4387 esse
709 4324 783 4385 ad
813 4323 1281 4387 obliviscendum
1314 4325 1555 4402 fatetur,
1604 4323 1707 4384 sed
1759 4343 1917 4387 nunc
1946 4328 2195 4407 negotiis

2276 3174 2392 3236 que
2412 3165 2667 3219 structas
2687 3155 2799 3217 sibi
2820 3155 3148 3217 calumnias
3166 3154 3465 3234 ejusmodi
3481 3170 3615 3216 esse
3636 3156 3935 3239 declarat,

2278 3253 2339 3305 ut
2370 3263 2573 3306 earum
2607 3254 2881 3307 auctores
2913 3245 3163 3305 credere
3207 3262 3326 3304 non
3373 3243 3687 3307 videantur
3716 3264 3779 3308 se
3841 3249 3935 3309 vel

2275 3334 2449 3396 otiosi
2484 3335 2646 3395 verbi
2672 3334 2968 3397 rationem
3000 3333 3061 3394 in
3092 3333 3188 3393 die
3217 3333 3434 3412 judicii
3465 3334 3827 3397 reddituros.
3864 3341 3934 3399 In

2280 3434 2530 3505 utraque
2553 3424 2845 3487 refellitur
2884 3422 3188 3486 calidioris
3220 3442 3287 3484 ac
3336 3424 3713 3485 immoderati
3745 3426 3937 3488 animi

2278 3516 2635 3576 criminatio.
2669 3513 2812 3576 Nam
2839 3514 2897 3575 in
2929 3514 3178 3594 epistola
3202 3514 3274 3575 ad
3300 3514 3649 3593 Bosporium
3675 3514 3937 3594 legimus

2278 3615 2618 3666 accusatum
2647 3605 2831 3666 fuisse
2861 3603 3170 3683 Basiliam,
3203 3604 3364 3683 quod
3400 3603 3670 3665 Dianium
3695 3608 3941 3667 anathe-

2282 3695 2639 3763 matisasset,
2668 3694 2871 3773 synodi
2898 3693 3151 3754 Nicaeum
3177 3692 3589 3754 defensionem
3626 3694 3778 3755 ultra
3798 3713 3939 3756 mo-

2282 3785 2420 3845 dum
2456 3794 2515 3845 et
2539 3785 2727 3863 legem
2765 3789 3123 3862 perducens.
3147 3781 3210 3843 ln
3239 3781 3495 3861 epistola
3516 3783 3589 3843 ad
3617 3784 3939 3846 canonicas

2282 3894 2401 3935 non
2432 3873 2649 3936 refellit
2681 3871 3031 3933 nominatim
3062 3872 3174 3933 hoc
3228 3872 3415 3931 Dianii
3450 3872 3933 3937 anathematizati

2280 3962 2819 4036 commentum;sed
2839 3963 3111 4022 eamdem
3129 3960 3389 4021 hominis
3410 3961 3785 4025 immoderati
3806 3965 3927 4046 opi-

2282 4052 2522 4114 nionem
2556 4070 2589 4112 a
2619 4070 2683 4113 se
2706 4060 2991 4123 removet,
3023 4051 3162 4111 dum
3187 4068 3393 4111 earum
3427 4061 3635 4128 rogatu
3691 4054 3941 4134 exponit

2279 4141 2421 4223 quid
2450 4141 2525 4202 de
2547 4140 3031 4203 consubstantiali
3062 4141 3297 4201 sentiat.
3320 4158 3390 4203 ac
3407 4143 3642 4222 eos,qui
3669 4145 3937 4205 nondum

2283 4234 2435 4293 hanc
2466 4251 2672 4293 vocem
2715 4241 3092 4311 receperant,
3126 4229 3387 4308 benigne
3417 4240 3683 4307 excusat,
3715 4234 3853 4314 quia
3907 4251 3945 4296 a

2282 4320 2552 4383 Patribus
2581 4321 2990 4393 Antiochenis,
3026 4330 3089 4381 ut
3136 4320 3265 4401 ipse
3296 4319 3675 4401 opinabatur,
3712 4324 3945 4403 rejecta

547 4412 882 4474 districtum
938 4412 1167 4474 facilius
1201 4413 1489 4474 oblivisci.
1548 4411 1611 4473 Id
1676 4431 1870 4475 causa;
1923 4433 2057 4477 esse
2090 4412 2654 4476 cueruerat.lllud
2678 4411 2855 4473 etiam
2878 4410 3159 4491 aptabant
3184 4410 3510 4483 canonica),
3547 4420 3612 4471 ut
3636 4430 3800 4473 suam
3828 4413 3947 4475 Ba-

546 4511 809 4583 accepta:
830 4522 862 4564 a
887 4501 1197 4581 Pergamio
1226 4502 1497 4584 epistolae
1530 4519 1648 4562 non
1670 4501 2033 4565 meminerit.
2063 4505 2190 4568 Cas-

547 4602 734 4655 terum
762 4593 1034 4655 hortatur
1062 4592 1443 4672 Pergamium
1477 4603 1541 4653 ut
1582 4591 1789 4671 paucis
1832 4593 2030 4655 verbis
2064 4614 2194 4657 ma-

544 4700 662 4762 gna
694 4682 1185 4744 criminainferre
1229 4682 1502 4743 desinat:
1538 4680 1763 4762 quippe
1796 4700 1931 4742 cum
1969 4685 2195 4746 amico-

541 4792 675 4836 rum
710 4771 930 4835 oblivio
956 4781 1012 4833 et
1033 4780 1411 4851 contemptus
1444 4789 1511 4831 ex
1539 4778 1831 4851 potestate
1854 4780 2017 4833 ortus
2049 4775 2197 4838 nihil

545 4863 684 4925 mali
738 4882 855 4923 non
911 4863 1367 4941 complectatur.
1404 4859 1699 4921 Promittit
1755 4878 1818 4921 se
1857 4880 1974 4922 non
2036 4864 2201 4943 prius

548 4953 863 5032 Pergamii,
900 4969 1079 5031 quam
1113 4950 1207 5012 sui
1232 4950 1419 5030 ipsius
1441 4948 1791 5012 oblitnrum.

627 5046 704 5103 V.
728 5040 869 5113 Quae
892 5059 1070 5121 supra
1087 5039 1343 5101 diximus
1368 5038 1651 5100 Basilium
1674 5039 1826 5100 inter
1842 5048 1899 5102 et
1923 5041 2197 5107 Dianium

547 5131 1069 5209 intercessisse,”
1088 5131 1199 5191 hoc
1214 5136 1485 5209 tempore
1502 5128 1729 5190 inimici
1748 5129 1905 5192 illius
1923 5150 1991 5195 ex
2018 5134 2194 5195 silen-

549 5221 627 5282 tio
655 5229 715 5282 et
743 5218 1046 5281 oblivione
1068 5220 1533 5299 exsuscitarunt,
1562 5236 1631 5279 ac
1660 5219 1817 5281 malo
1837 5223 2035 5283 animo
2068 5243 2200 5285 am-

548 5309 968 5392 pliaverunt(d)
984 5308 1292 5372 .Dixerunt
1307 5308 1465 5370 enim
1480 5308 2039 5374 anathematizatum
2060 5313 2202 5376 fuis-

544 5420 610 5463 se
629 5401 704 5463 ab
728 5418 799 5461 eo
820 5398 1120 5463 Dianium:
1138 5418 1251 5481 qua
1270 5396 1571 5461 calumnia
1595 5397 1743 5459 nihil
1767 5399 1964 5480 aptius
1985 5411 2112 5463 erat
2128 5403 2200 5465 ad

628 5572 712 5654 (α)
738 5573 851 5654 Ep.
874 5570 975 5654 49-

624 5651 709 5817 δὲ
882 5651 988 5800 ἓῖῑ

2278 4501 2448 4563 silius
2477 4502 2836 4564 sententiam
2869 4500 3131 4578 aperiret
3157 4500 3230 4559 de
3265 4499 3336 4559 iis
3356 4499 3456 4579 qui
3476 4501 3763 4580 Spiritum
3789 4500 3945 4563 Filio

2280 4600 2655 4673 praeponunt,
2690 4600 2789 4653 aut
2822 4594 2999 4653 Patre
3019 4588 3421 4669 antiquiorem
3448 4597 3677 4670 putant.
3714 4590 3941 4653 Morem

2280 4684 2365 4743 eis
2395 4681 2660 4743 libenter
2682 4681 2886 4759 gessit.
2922 4679 3039 4741 Sed
3067 4697 3175 4740 cur
3208 4679 3319 4740 hoc
3349 4677 3422 4740 ab
3465 4696 3541 4741 eo
3581 4680 3945 4760 postulatum

2281 4782 2394 4846 est,
2430 4772 2544 4833 nisi
2576 4770 2720 4850 quia
2739 4771 2867 4851 ipse
2889 4768 2949 4828 in
2974 4769 3149 4848 hujus
3168 4768 3392 4830 erroris
3406 4769 3812 4847 suspicionem
3832 4788 3946 4831 vo-

2283 4860 2550 4924 cabatur.
2590 4861 2841 4939 ejusque
2872 4859 3059 4919 animi
3091 4857 3419 4919 moderatio
3463 4858 3523 4919 in
3556 4858 3946 4922 defendenda

2283 4952 2470 5014 sancti
2495 4950 2752 5032 Spiritus
2778 4948 3090 5009 divinitate
3107 4948 3179 5010 ab
3199 4947 3463 5009 inimicis
3489 4948 3950 5029 requirebatur?

2284 5042 2457 5104 Hunc
2476 5044 2632 5103 enim
2650 5058 2915 5102 errorem
2933 5038 3267 5101 acrioribus
3282 5038 3638 5101 adversariis
3656 5057 3948 5120 pneuma-

2285 5133 2545 5194 tomachi
2578 5150 2645 5194 ac
2680 5129 3027 5192 nominatim
3064 5130 3179 5210 ipsi
3213 5130 3437 5192 Basilio
3458 5129 3837 5203 affinxerunt,
3872 5140 3954 5195 ut

2290 5224 2689 5306 perspicimus
2707 5241 2776 5285 ex
2800 5221 3062 5305 epistola
3085 5222 3194 5284 ‘25!
3212 5221 3491 5283 .Videtur
3504 5240 3644 5301 ergo
3669 5223 3795 5286 haec
3819 5224 3917 5305 epi
3937 5262 3952 5271 -

2286 5316 2440 5378 stola
2464 5333 2597 5378 cum
2637 5313 2998 5396 pracedenti
3032 5322 3092 5374 et
3118 5312 3299 5375 rebus
3317 5322 3376 5374 et
3400 5322 3673 5392 tempore
3692 5315 3947 5393 conjun-

2287 5405 2502 5486 genda.
2529 5404 2735 5486 Neque
2765 5404 3023 5465 obscura
3053 5410 3142 5464 est
3162 5402 3336 5478 ratio,
3373 5422 3480 5465 cur
3511 5402 3950 5466 aihilBasilius

2368 5574 2447 5655 (ἀ)
2484 5574 2676 5656 Epist.
2712 5573 2813 5649 54,
2846 5571 2946 5637 52.

2370 5657 2455 5735 (ε)
2480 5655 2632 5719 Ibid.
