4130 6406
495 372 665 428 ιω
1606 361 1622 377 ⁹
1888 357 2291 422 PROLEGOM
2302 360 2481 423 ENA.

494 496 621 555 sint
645 510 719 555 eo:
747 493 1001 554 incauta
1032 494 1461 555 communione
1484 494 1758 554 morbum
1791 511 1965 554 suum
2006 509 2139 553 cum
2163 508 2198 547 Α
2232 490 2575 552 Proferebat
2611 492 2755 553 iliud
2793 491 3073 566 Gregorii
3106 493 3329 555 dictum
3364 511 3431 557 ex
3468 491 3723 572 quadam
3758 509 3888 552 ora-

492 584 795 663 proximis
814 583 1293 645 communicare.
2231 580 2746 662 tione.0uousque
2761 583 3066 645 lucernam
3077 585 3188 645 sub
3202 585 3406 645 modio
3417 582 3880 644 abscondemus.

576 674 649 734 ll.
678 671 819 733 Cum
851 670 1124 731 invictam
1161 671 1347 731 animi
1375 672 1789 735 fortitudinem
1817 688 2047 731 summa
2069 671 2143 730 le
2314 668 2641 750 Respondit
2684 670 3011 749 Gregorius
3065 691 3341 751 magnum
3385 692 3517 734 esse
3550 672 3711 733 inter
3740 680 3885 732 seet

494 762 649 821 nitas
695 761 752 819 in
808 759 1029 821 Basilio
1057 771 1445 839 temperaret,
1482 763 1541 822 in
1575 771 1827 839 utroque
1862 760 2149 820 mirabilis
2235 758 2523 820 Busilium
2577 759 2925 834 discrimen,
2954 762 3111 837 quod
3161 762 3322 823 dicta
3370 780 3499 835 sua,
3526 770 3591 821 ut
3622 758 3885 821 hominis

490 860 638 926 erat,
668 857 727 910 et
759 852 815 911 in
840 850 1138 910 adeundis
1172 868 1279 927 pro
1316 853 1561 911 veritate
1592 849 1957 929 gravissimis
1984 852 2143 927 peri—
2234 846 2496 922 obscuri,
2534 868 2651 909 non
2689 850 2884 928 magni
2932 849 3052 909 sint
3082 852 3367 912 momenti
3398 872 3412 910 :
3451 848 3649 910 Basilii
3681 857 3881 909 autem

493 940 734 1013 culis,et
751 940 812 999 in
829 940 1265 1018 persequendis
1280 940 1561 1001 omnibus
1578 940 1739 1020 pacis
1758 939 2147 999 concilianda1
2226 936 2597 1015 amplissimo
2614 938 2673 1000 in
2690 940 2819 998 loco
2834 940 3099 1000 sedentis
3116 940 3342 1001 nullum
3361 939 3545 1017 possit
3559 937 3880 998 obscurum

492 1026 921 1107 modis.ltaque
944 1048 1075 1087 cum
1094 1028 1389 1089 Arianiad
1410 1030 1867 1109 oppugnandum
1889 1027 2146 1107 Spiritus
2229 1043 2361 1085 esse
2389 1026 2615 1086 dictum
2647 1045 2662 1101 ;
2697 1036 2919 1089 etcum
2957 1029 3225 1089 hmetici
3286 1029 3557 1089 sitienter
3600 1039 3883 1107 appetant

492 1118 682 1179 sancti
705 1117 1074 1178 divinitatem
1103 1137 1309 1179 omnes
1331 1120 1489 1179 vires
1512 1137 1648 1179 suas
1674 1120 2140 1185 convenissent;
2227 1131 2300 1174 ex
2332 1115 2463 1193 ejus
2494 1134 2598 1176 ore
2632 1118 2849 1178 nudam
2900 1136 3101 1178 vocem
3135 1118 3428 1197 arripere,
3465 1127 3530 1177 ut
3569 1136 3639 1176 eo
3691 1115 3883 1195 ejecto

494 1207 685 1286 palam
708 1204 2145 1285 etapertehocdogmadelendebat,etScriptnrm
2228 1202 2557 1265 Ecclcsiam
2596 1215 2915 1285 occupent,
2951 1216 3009 1266 et
3037 1207 3197 1279 inde,
3236 1216 3295 1267 ut
3327 1226 3396 1268 ex
3433 1204 3692 1285 quodam
3740 1223 3875 1285 pro-

430 1343 440 1351 .
494 1296 926 1356 testimoniisac
943 1296 1297 1357 necessariis
1314 1297 1645 1358 rationibus
1671 1298 1755 1358 sic
1778 1297 2119 1371 constringe
2230 1292 2844 1371 pugnaculo,ca3teras
2863 1296 3257 1375 populentur;
3289 1296 3469 1356 multo
3494 1293 3679 1354 satius
3697 1293 3882 1356 fuisse

493 1382 595 1445 bat
622 1385 1087 1455 adversarios,ut
1111 1404 1355 1465 prorsus
1378 1387 1638 1463 effugere
1655 1406 1770 1446 non
1788 1386 2139 1465 possent(ui.

493 1470 611 1534 Sed
636 1490 771 1535 cum
799 1474 981 1533 sciret
1025 1473 1261 1533 Arianis
1296 1483 1581 1536 statutum
1616 1494 1747 1535 esse
1771 1494 1907 1535 eum
1941 1474 2131 1552 expel

494 1562 642 1633 lere,
671 1563 718 1621 si
744 1560 1029 1640 Spiritum
1055 1562 1234 1623 verbo
1271 1566 1455 1625 Deum
1488 1564 1834 1643 appellaret,
1862 1584 1927 1623 ac
1960 1568 2145 1624 Gaesa-

492 1652 754 1711 riensem
783 1651 1108 1710 Ecclesiam
1128 1670 1451 1730 occupare.
1480 1663 1537 1711 et
1569 1652 1707 1711 inde
1732 1654 1886 1713 velut
1916 1670 1986 1712 ex
2010 1670 2149 1711 arce

493 1739 747 1818 quadam
776 1740 977 1799 omnia
999 1742 1293 1817 populari;
1317 1740 1601 1801 abstinuit
1620 1742 1731 1800 hac
1746 1760 1888 1801 voce
1910 1742 1979 1801 ad
2004 1752 2146 1801 tem-

490 1845 883 1906 pus,necesse
901 1847 1016 1887 non
1043 1838 1255 1907 putans
1279 1848 1407 1889 eam
1432 1848 1671 1909 semper
1693 1830 1751 1889 in
1771 1848 1874 1889 ore
1900 1830 2141 1901 habere,

2231 1400 2403 1442 unam
2440 1402 2669 1453 vocem,
2698 1386 2994 1447 sententia
3020 1384 3079 1445 in
3110 1394 3235 1446 tuto
3270 1387 3492 1465 posita,
3521 1382 3879 1463 pratermit-

2231 1478 2380 1541 tere,
2410 1489 2585 1552 quam
2614 1471 2939 1534 Ecclesium
2966 1482 3127 1534 tanto
3152 1474 3419 1554 periculo
3443 1474 3727 1550 objicere.
3750 1473 3878 1533 Non

2236 1560 2455 1637 placuit
2485 1560 2609 1621 haec
2644 1563 2829 1621 oratio
2879 1562 3285 1631 audientibus,
3329 1581 3581 1640 eamque
3612 1570 3672 1621 ut
3706 1562 3879 1639 longe

2234 1651 2477 1729 petitam
2510 1658 2569 1709 et
2594 1651 2966 1711 cavillantem
2995 1653 3359 1731 rejecerunt,
3392 1654 3705 1731 ipsumque
3734 1648 3877 1711 Gre-

2229 1740 2461 1817 gorium
2486 1738 2847 1800 clamoribus
2873 1741 3142 1802 insectati
3175 1746 3405 1815 sunt,ut
3426 1741 3671 1820 ignaviae.
3696 1740 3879 1817 magis

2231 1847 2406 1907 quam
2437 1846 2597 1889 sanae
2619 1828 2907 1889 doctrina:
2928 1831 3573 1908 consulentem.Longe
3596 1829 3754 1890 enim
3773 1845 3875 1889 sa-

489 1896 667 1975 inodo
698 1918 755 1975 in
798 1926 930 1977 tuto
966 1896 1123 1977 esset
1178 1920 1473 1980 sententia
1525 1896 1651 1980 voci
1704 1920 1991 1998 subjecta.
2022 1896 2348 1979 Hothius
2382 1936 2517 1979 esse
2565 1916 2907 1979 Catholicos
2967 1922 3219 1983 veritate
3276 1896 3649 2001 praedicanda
3700 1918 3876 1990 tueri,

489 2004 769 2084 prudenti
803 2006 1050 2067 consilio
1083 2008 1290 2085 etTugit
1326 2008 1749 2070 haereticorum
1784 2010 2059 2070 insidias:
2089 2017 2147 2067 ut
2228 2024 2405 2085 quam
2432 2022 2538 2067 eos
2571 2006 2682 2067 hoc
2711 2014 3182 2087 temperamento
3207 2009 3544 2086 debilitare,
3571 2026 3681 2068 nec
3711 2006 3876 2067 inte-

491 2094 847 2155 calidiorum
871 2095 1313 2157 Catholicorum
1329 2098 1609 2173 querelas
1634 2107 1690 2158 et
1713 2096 2002 2176 vituperia
2029 2115 2142 2157 non
2226 2095 2340 2156 rim
2373 2095 2603 2157 alienos
2633 2114 2967 2157 assumere.

492 2181 720 2261 effugit.
756 2186 954 2260 Atque
1002 2184 1059 2244 id
1116 2186 1373 2247 maxime
1422 2187 1747 2247 declaraiit
1796 2186 1924 2247 dies
1960 2186 2146 2245 festus
2309 2186 2585 2257 lV.Quid
2608 2186 2826 2245 deinde
2850 2186 3144 2249 dixeritet
3170 2184 3795 2265 audieritGregmius,
3821 2193 3879 2244 et

492 2274 556 2336 S.
580 2273 1111 2353 Eupsychii,quiin
1136 2275 1295 2336 diem
1320 2276 1640 2356 septimum
1666 2275 2039 2355 Septembris
2063 2274 2150 2335 in-
2235 2275 2534 2355 quomodo
2568 2284 2779 2354 praeter
2813 2278 3050 2337 modum
3080 2297 3146 2339 ac
3179 2289 3393 2359 praeter
3438 2276 3678 2338 solitum
3722 2273 3879 2334 indi-

488 2362 749 2425 cidebat.
772 2364 1105 2423 lntererant
1135 2363 1340 2426 Basilii
1361 2364 1907 2444 concioni,Euippii
1930 2373 1985 2424 et
2006 2364 2146 2424 alio-
2230 2374 2443 2442 gnatus
2460 2364 2629 2442 sit,ut
2652 2366 2885 2443 longius
2901 2384 2968 2426 ac
2993 2366 3155 2429 dictu
3188 2386 3305 2428 non
3331 2366 3760 2431 necessarium,
3789 2363 3875 2423 si-

489 2470 621 2513 rum
656 2450 1041 2526 Arianorum,
1063 2455 1162 2533 qui
1190 2456 1314 2532 jam
1350 2455 1735 2533 advenerant,
1763 2454 2054 2514 emissarii
2082 2462 2145 2513 ut
2228 2452 2331 2517 let.
2359 2455 2480 2514 Hoc
2501 2461 2725 2514 tantum
2753 2455 2916 2515 addit
2959 2456 3175 2517 missos
3216 2477 3249 2517 a
3292 2477 3356 2519 se
3389 2455 3663 2518 homines
3694 2453 3877 2515 factos

489 2548 649 2621 patet
680 2558 752 2601 ex
774 2541 975 2602 verbis
1006 2540 1274 2620 Gregorii
1308 2544 1415 2622 (ὁ),
1452 2548 1551 2622 qui
1585 2543 1790 2623 paucis
1816 2551 1949 2622 post
1979 2542 2135 2603 diem
2226 2560 2380 2605 esse.
2417 2543 2531 2605 Sed
2562 2564 2595 2604 a
2626 2544 2841 2606 Basilio
2872 2550 3040 2627 petit,
3074 2554 3137 2609 ut
3161 2548 3369 2608 doceat
3392 2564 3455 2605 se
3477 2560 3791 2621 quousque
3814 2541 3875 2601 in

486 2630 703 2692 festum
732 2629 946 2692 diebus
975 2632 1191 2704 aiebat,
1221 2633 1429 2712 ingens
1462 2634 1621 2695 circa
1643 2632 1922 2695 Basilium
1950 2632 2137 2693 exsti-
2222 2632 2621 2713 disputatione
2644 2636 2719 2692 de
2744 2632 2999 2714 Spiritus
3023 2638 3209 2697 sancti
3235 2634 3543 2694 divinitate
3570 2629 3872 2709 progredi,

488 2722 629 2780 tisse
651 2720 895 2799 bellum,
925 2740 1058 2782 cum
1084 2734 1373 2801 cuperent
1399 2723 1673 2784 haaretici'
1690 2724 1905 2782 nudam
1935 2740 2133 2782 vocem
2220 2740 2490 2803 quasque
2514 2740 2687 2782 voces
2711 2734 3090 2803 usurpare,et
3112 2740 3421 2803 quousque
3445 2718 3771 2780 aaconomia
3788 2718 3872 2778 uti

486 2826 555 2870 ex
592 2828 663 2869 eo
694 2810 986 2889 arripere,
1012 2819 1076 2871 ut
1106 2811 1235 2891 ipse
1261 2830 1329 2873 ex
1364 2811 1628 2875 Ecclesia
1661 2813 2003 2893 pelleretur,
2034 2812 2132 2889 qui
2219 2810 2556 2871 conveniat.
2594 2810 2787 2888 Atque
2818 2810 2875 2870 id
2909 2812 3150 2889 quidem
3183 2810 3347 2890 petit,
3384 2828 3499 2869 non
3533 2825 3638 2868 sua
3668 2824 3867 2881 causa,

483 2899 646 2959 solus
672 2917 827 2978 pene
849 2900 1145 2976 igniculus
1174 2903 1437 2965 veritatis
1458 2901 1724 2964 restabat
1746 2901 2016 2964 etvitalis
2044 2900 2130 2959 fa-
2221 2918 2401 2979 quem
2434 2899 2700 2959 omnium
2742 2900 3145 2961 miserrimum.
3178 2902 3304 2962 fore
3338 2910 3396 2961 et
3422 2897 3867 2960 stolidissimum

485 2989 698 3062 cultas,
734 2988 946 3049 vicinis
979 2990 1258 3051 omnibus
1291 2992 1480 3069 captis
1518 3011 1585 3052 ac
1628 2990 1969 3069 subjugatis.
2010 2990 2130 3051 Ad-
2220 2988 2457 3060 fatetur,
2484 2988 2535 3048 si
2594 2985 2821 3048 dubitet
2877 2990 3019 3069 quid
3074 2990 3331 3051 Basilius
3381 2988 3633 3059 sentiat;
3665 2988 3769 3049 sed
3808 2996 3871 3047 ut

486 3091 659 3140 erant
680 3079 855 3137 etiam
881 3079 1229 3141 fervidiores
1255 3081 1337 3142 illi
1358 3078 1831 3145 Catholici.Usus
1855 3090 1941 3139 est
1970 3079 2132 3138 Basi-
2222 3077 2583 3157 respondeat
2614 3078 3174 3140 contradicentibus.

488 3169 604 3229 lius
638 3185 708 3227 eo
741 3168 897 3245 quod
932 3169 1189 3231 diximus
1238 3178 1733 3251 temperamento.
2303 3166 2579 3237 Quamvis
2604 3166 2926 3245 Gregorius
2945 3170 3123 3249 hujus
3146 3169 3431 3231 molestiae
3458 3168 3727 3229 nuntium
3751 3186 3869 3227 non

568 3255 752 3335 lIl.(ci
780 3258 994 3319 Paucis
1020 3270 1150 3339 post
1180 3260 1393 3320 festum
1419 3259 1636 3320 diebus
1657 3257 1984 3317 convivium
2012 3267 2138 3317 erat
2156 3252 2196 3303 C
2221 3254 2352 3317 sine
2384 3272 2593 3333 magna
2626 3256 2926 3330 cautione,
2952 3261 3302 3339 magnisque
3327 3258 3551 3318 amoris
3573 3257 3865 3335 significa-

483 3346 773 3415 Nazianzi,
812 3346 870 3406 in
902 3367 1017 3427 quo
1050 3348 1369 3426 Gregorius
1421 3356 1479 3409 et
1532 3345 1697 3406 multi
1731 3346 1999 3423 insignes
2031 3347 2135 3407 viri
2222 3343 2482 3405 tionibus
2506 3344 2879 3426 perscribat;
2909 3365 3006 3409 res
3031 3358 3231 3409 tamen
3254 3346 3470 3412 accidit
3492 3345 3713 3408 Basilio
3736 3363 3865 3424 per-

484 3434 1166 3510 accumbebant,Basilio
1191 3449 1250 3497 et
1273 3434 1558 3515 Gregorio
1581 3434 1777 3510 amici,
1804 3435 1864 3495 in
1885 3435 1976 3495 his
2003 3454 2133 3496 mo-
2222 3434 2488 3494 molesta.
2516 3432 2712 3494 Mirari
2736 3452 2801 3496 se
2831 3435 2911 3495 ait
2946 3438 3187 3517 (d),non
3214 3436 3371 3517 quod
3398 3434 3726 3496 monachus
3744 3435 3870 3495 haec

486 3526 708 3588 nacltus
735 3528 1107 3610 quidam,qui
1130 3527 1225 3586 die
1250 3527 1398 3587 festo
1424 3530 1609 3583 sancti
1632 3523 1948 3605 Eupsychii
1971 3524 2137 3586 Basi-
2218 3522 2487 3595 dixisset,
2522 3523 2626 3584 sed
2662 3524 2819 3604 quod
2870 3526 3365 3604 germanissimos
3395 3524 3608 3585 fratres
3639 3540 3783 3584 suos
3813 3531 3871 3583 et

486 3618 628 3679 lium
660 3621 954 3682 audierat.
993 3618 1269 3677 Nondum
1315 3624 1551 3675 ventum
1607 3622 1733 3674 erat
1778 3615 1849 3676 ad
1898 3615 2130 3694 pocula,
2220 3612 2442 3674 amicos
2469 3610 2775 3675 habuisset
2803 3614 3132 3696 auditores,
3164 3613 3256 3677 vel
3290 3614 3485 3695 potius
3517 3611 3866 3692 discipulos.

480 3711 735 3790 jamque
767 3726 964 3769 sermo
998 3704 1289 3765 inciderat
1320 3704 1395 3764 de
1454 3704 1667 3765 Basilio
1718 3713 1775 3765 et
1825 3705 2132 3785 Gregorio,
2216 3700 2321 3763 His
2346 3702 2715 3783 respondere
2738 3720 2987 3783 prorsus
3018 3703 3233 3767 inutile
3268 3702 3613 3777 arbitratur,
3648 3710 3705 3762 et
3732 3718 3865 3764 cum

484 3801 638 3878 quod
667 3800 909 3879 quidem
935 3795 1075 3855 satis
1098 3794 1369 3855 solemne
1391 3813 1440 3854 et
1460 3804 1516 3855 at
1542 3796 1599 3854 in
1625 3794 1907 3856 conviviis
1934 3814 1946 3856 :
1974 3813 2137 3854 cum-
2218 3792 2344 3872 ipso
2390 3790 2677 3871 Gregorio
2728 3792 3063 3873 expostulat
3095 3794 3251 3873 quod
3279 3793 3352 3855 ad
3382 3810 3447 3853 se
3480 3811 3597 3852 non
3628 3790 3864 3869 veniat;

482 3906 602 3966 que
631 3888 917 3950 Basilium
951 3902 1161 3945 omnes
1193 3883 1365 3962 plena
1391 3902 1563 3945 manu
1600 3884 1931 3961 laudarent,
1956 3882 2133 3962 eique
2216 3880 2440 3943 aditum
2465 3882 2625 3943 enim
2649 3899 2769 3942 non
2792 3881 3102 3944 habituras
3139 3882 3488 3961 calumnias,
3519 3880 3569 3943 si
3591 3898 3861 3960 magnam

481 3978 831 4054 Gregorium
859 3975 1251 4051 adjungerent
1286 3983 1404 4033 tum
1431 3973 1754 4033 monachus
1779 3990 1989 4049 magno
2013 3973 2129 4032 cla-
2213 3968 2356 4028 anni
2376 3976 2606 4049 partem
2629 3969 2807 4032 simul
2833 3970 3460 4051 traducerent.Bogat,
3488 3979 3551 4031 ut
3569 3969 3773 4032 saltem
3798 3989 3864 4031 se

484 4084 649 4127 more
676 4066 995 4126 mendaces
1025 4070 1082 4121 et
1103 4062 1442 4122 adulatores
1462 4061 1720 4140 appellat
1743 4061 2039 4132 convivas,
2064 4079 2132 4121 ac
2214 4056 2276 4117 in
2302 4057 2605 4138 proposito
2628 4059 2955 4121 certamine
2986 4058 3317 4141 adjuvet,et
3338 4061 3415 4135 ei,
3442 4060 3546 4141 qui
3573 4066 3713 4123 tunc
3739 4059 3861 4121 bel-

484 4153 700 4214 Basilio
732 4162 790 4213 et
819 4152 1129 4229 Gregorio,
1161 4161 1219 4210 ut
1252 4151 1307 4210 in
1348 4150 1575 4211 caeteris
1606 4150 1785 4211 rebus
1816 4149 2134 4210 laudentur

481 4242 795 4313 concedit;
823 4242 978 4320 quod
1002 4250 1201 4300 autem
1231 4241 1551 4301 maximum
1583 4249 1670 4300 est
1697 4259 1812 4299 non
1832 4240 2127 4313 concedit,

484 4340 547 4391 ut
572 4330 943 4390 orthodoxiaa
974 4347 1217 4390 nomine
1248 4330 1588 4410 laudentur,
1609 4348 1743 4389 cum
1774 4328 1952 4390 tidem
1988 4329 2138 4389 alter

483 4420 697 4501 prodat
731 4419 1107 4493 disserendo,
1129 4419 1282 4479 alter
1307 4419 1705 4480 connivendo.
1735 4416 1884 4479 Tum
1920 4420 2136 4495 Grego-

479 4510 627 4570 rius:
642 4506 806 4569 Unde
829 4510 959 4579 hoc,
987 4525 1021 4567 ο
1043 4525 1203 4569 vane
1218 4507 1476 4576 homo,et
1506 4512 1871 4588 arrogantia
1898 4504 2139 4567 Dathan

2217 4147 2339 4209 lum
2368 4146 2685 4225 inferebat,
2710 4166 2912 4211 secum
2945 4160 3246 4213 occurrat.
3272 4148 3485 4232 Sperat
3513 4167 3579 4210 se
3600 4150 3857 4231 ejectum

2218 4235 2292 4297 iri
2308 4243 2409 4297 aut
2428 4236 2651 4319 aliquid
2684 4238 2923 4317 gravius
2954 4258 3289 4321 passurum,
3313 4241 3520 4320 sicque
3543 4239 3876 4301 calumnias

2218 4344 2405 4407 operu
2418 4346 2467 4387 :2;
2485 4325 2828 4389 testimonio
2848 4329 3101 4390 refutatu
3111 4328 3568 4402 rum.Quantum
3585 4328 3875 4407 Gregorio

2218 4416 2905 4499 tribueret,perspicitur
2920 4437 2992 4482 ex
3016 4419 3455 4500 perhonoriﬁca
3474 4416 3763 4479 invitandi
3779 4436 3878 4477 ra-

2224 4506 2487 4570 tione.Si
2506 4509 2669 4571 enim
2690 4515 2924 4571 tantum
2946 4526 3271 4590 apparens,
3290 4509 3478 4588 inquit
3503 4510 3589 4588 (η.
3618 4510 3704 4587 9),
3730 4524 3879 4587 sup-

482 4607 543 4660 et
568 4597 827 4658 Abiron?
850 4598 1009 4658 unde
1033 4598 1207 4659 nobis
1229 4598 1575 4675 dogmatum
1593 4595 2130 4676 promulgatorue-
2159 4608 2200 4659 D
2213 4597 2448 4677 primes
2480 4598 2677 4677 ipsius
2710 4600 3024 4678 impetum,
3050 4616 3270 4679 eosque
3312 4601 3419 4683 qui
3440 4600 3517 4659 ad
3536 4599 3754 4675 patriw
3781 4614 3880 4659 res

482 4687 770 4749 nis?Sicci
776 4703 851 4746 ne
864 4694 1170 4747 tantarum
1190 4705 1393 4748 rerum
1396 4687 1666 4763 judicem
1682 4689 1942 4765 teipsum
1953 4686 2132 4764 efﬁcis

482 4776 569 4837 Ibi
598 4776 921 4836 monachus
940 4775 1223 4837 advenire
1253 4794 1317 4836 se
1341 4775 1487 4837 dixit
1509 4794 1579 4835 ex
1601 4784 1895 4835 conventu
1920 4772 1980 4837 S.
2011 4778 2127 4835 liu-

483 4864 737 4945 psychii,
764 4883 832 4925 ac
856 4864 1153 4927 audivisse
1171 4884 1301 4926 cum
1324 4866 1574 4927 Basilius
1593 4865 1666 4926 de
1688 4862 1857 4925 Patre
1886 4864 2128 4945 quidem

485 4962 543 5015 et
566 4953 718 5015 Filio
745 4954 992 5014 mirifice
1012 4953 1721 5035 dissereret,atSpiritum
1740 4961 2009 5013 sanctum
2035 4955 2134 5015 de-

482 5050 809 5123 torqueret.
838 5046 900 5104 ln
923 5062 1042 5120 quo
1074 5044 1357 5104 Basilium
1378 5041 1759 5121 comparabat
1780 5060 1912 5103 cum
1938 5042 2132 5105 ﬂuviis

482 5141 679 5213 petras
732 5132 1226 5211 praetereuntibus
1286 5140 1344 5194 et
1393 5150 1637 5192 arenam
1684 5132 2125 5195 excavantibus.

481 5222 633 5292 Quin
658 5220 833 5281 etiam
866 5222 1174 5299 quaerebat
1197 5240 1264 5282 ex
1292 5221 1719 5301 Gregorio,cur
1741 5221 1867 5300 ipse
1890 5220 2129 5302 quidem

481 5312 671 5390 palam
694 5318 755 5371 et
771 5319 975 5389 aperte
1001 5308 1284 5389 Spiritum
1307 5310 1636 5391 appellaret
1659 5309 2134 5387 Deum,Basilius

480 5418 620 5461 vero
644 5399 887 5480 politice
906 5401 1096 5480 magis
1110 5419 1285 5482 quam
1309 5404 1407 5483 pie
1421 5402 1728 5464 veritatem
1751 5400 2133 5481 pradicant?

561 5570 652 5649 (α)
680 5570 835 5649 ivga.
868 5587 963 5649 ep.
1001 5571 1099 5634 2s.

587 5646 649 5727 b)
675 5646 828 5727 uno.

554 5666 649 5812 ἑὲἷ

2214 4686 2575 4748 evertendas
2600 4689 3345 4769 conspiranutissipobis,
3371 4686 3476 4759 ubi
3502 4688 3650 4767 ipsis
3670 4698 3880 4748 notum

2210 4776 2436 4855 feceris
2467 4784 2545 4849 te,
2560 4778 2671 4837 Dei
2685 4783 2915 4856 gratia,
2942 4778 3136 4838 nostri
3160 4784 3340 4840 coetus
3361 4778 3570 4839 ducem
3594 4785 3872 4851 esse,etc.

2299 4866 2630 4944 Rogaverat
2652 4864 2978 4944 Gregorius
2991 4866 3241 4928 utsimul
3260 4867 3669 4941 convenirent;
3687 4882 3873 4947 quan-

2213 4972 2389 5035 quam
2412 4955 2468 5015 id
2490 4954 2731 5033 quidem
2759 4956 2818 5016 in
2840 4955 3110 5038 epistola,
3134 4975 3308 5037 quam
3334 4957 3510 5017 modo
3530 4954 3867 5029 retulimus,

2216 5064 2334 5105 non
2358 5056 2565 5123 rogat;
2600 5047 2701 5106 sed
2733 5047 2879 5109 forte
2898 5046 2952 5109 id
2979 5045 3175 5125 bajulo
3208 5046 3475 5128 epistolae
3498 5046 3557 5105 in
3581 5040 3873 5105 mandatis

2218 5134 2485 5196 dederat.
2525 5133 2805 5196 Libenter
2835 5136 3043 5198 annuit
3072 5135 3343 5209 Basilius,
3371 5135 3420 5197 si
3472 5136 3545 5195 de
3589 5132 3870 5211 Ecclesiis

2219 5222 2671 5286 deliberandum
2694 5224 2807 5299 sit;
2830 5243 3004 5286 secus
3036 5242 3201 5297 vero,
3226 5225 3274 5285 si
3296 5223 3608 5297 calumniae
3629 5224 3869 5285 diluen-

2218 5311 2331 5375 dae.
2368 5312 2647 5376 Dolorem
2680 5315 2880 5378 Basilii
2910 5313 3099 5377 sensit
3131 5312 3454 5393 Gregorius
3489 5313 3587 5394 (ei,
3612 5329 3869 5393 eumque

2217 5420 2335 5463 non
2390 5404 2521 5465 sine
2554 5404 2744 5468 amica
2801 5404 3272 5485 reprehensione
3318 5402 3631 5481 admonuit
3683 5401 3868 5481 satius

2296 5574 2382 5654 (ά)
2417 5574 2609 5655 Epist.
2648 5576 2746 5636 τι.

2290 5658 2374 5733 (ο)
2405 5655 2551 5719 Nan.
2587 5672 2684 5735 ep.
2718 5656 2824 5719 27.
