4130 6462
1676 314 1856 383 VITA
1903 320 1964 382 Β.

2062 320 2315 383 ASILII.
3513 343 3711 395 Lxxni

334 457 516 521 fuisse
545 456 947 521 incommodis
980 456 1232 530 mederi,
1266 460 1444 537 quam
1467 453 1785 517 consilium
1809 451 1974 515 danti
1998 462 2032 510 Α
2059 472 2174 533 quo
2215 460 2379 527 natet
2410 452 2740 517 Palladium
2761 454 3008 519 minime
3040 463 3102 520 et
3132 475 3386 522 numero
3408 462 3717 525 obtrecta-

328 567 710 611 succensere.
763 552 1067 611 Caeterum
1121 556 1436 608 venturum
1470 564 1536 605 se
1584 543 1875 624 promittit
1921 550 1982 605 et
2065 549 2256 602 torum
2278 540 2486 605 Basilii
2512 542 2889 607 fuisse.ldem
2914 545 3234 609 dicendum
3260 549 3336 611 de
3362 548 3593 628 Dianio,
3617 571 3727 615 cu-

331 637 551 700 Basilio
582 639 733 700 duce
767 637 1029 699 libenter
1058 635 1506 697 dimicaturum.
1540 635 1701 708 Quos
1724 632 1981 695 Basilius
2058 631 2157 710 jus
2193 651 2263 693 rx
2285 649 2566 694 sermone
2591 643 2949 713 cognoverat
2974 635 3334 699 Athanasius
3358 638 3579 703 frustra
3603 660 3728 704 mo-

328 728 815 805 germanissimns
847 727 1059 788 fratres
1086 726 1380 787 etamicos
1408 732 1599 796 vocat,
1623 723 1686 785 hi
1707 722 1986 784 videntur
2072 721 2289 782 nachos
2347 720 2744 785 Cassarienses
2800 723 3060 789 turbari.
3114 725 3385 790 Notanda
3450 730 3724 808 ejusdem

333 815 609 877 monachi
630 814 987 878 Nazianzeni
1007 814 1216 896 fuisse;
1242 813 1427 891 idque
1446 821 1603 894 patet
1627 833 1700 874 ex
1718 901 1721 902 ν
1740 810 1834 873 his
1857 828 1970 871 ver-

2071 809 2341 902 epistolae
2370 809 2496 872 haec
2524 812 2706 874 verba
2735 831 2749 875 ζ
2789 816 2954 878 Αὐτὸς
2988 818 3083 890 μὲν
3116 819 3243 897 γὰρ³
3294 823 3367 884 ὼς
3402 819 3724 902 τεθάῤῥηκα,

330 904 421 965 bis
458 926 470 966 :
506 905 635 983 Ego
656 907 873 984 igitur.
906 906 963 967 si
1001 904 1259 966 necdum
1307 904 1489 964 istius
1518 901 1816 980 fratribus
1841 915 1970 960 mea

2068 913 2184 961 τοῖς
2247 898 2547 957 ἀσθενοῦσιν
2594 902 2819 970 ἀσθενὴς
2874 904 3099 986 γίνεται³
3153 905 3247 962 ’ἕνα
3310 909 3431 970 τοὺς
3481 898 3725 975 ἀσθενετξ

327 992 400 1054 de
448 993 568 1055 Deo
598 995 908 1057 sententias
941 993 1433 1072 experimentum
1480 990 1646 1065 dedi,
1698 1007 1777 1051 ne
1822 1003 1984 1051 nunc

328 1083 571 1162 quidem
600 1084 790 1146 habeo
821 1082 984 1163 quod
1015 1082 1435 1161 respondeam.

407 1172 680 1251 Gregorii
713 1170 894 1233 verba
916 1169 973 1231 in
1007 1171 1277 1233 convivio
1305 1169 1483 1231 citata
1511 1166 1900 1249 reperiuntur
1922 1167 1980 1227 in

325 1264 594 1322 oratione
619 1270 844 1341 octava,
870 1279 1045 1341 quam
1081 1258 1481 1340 pronuntiavit
1514 1274 1673 1318 anno
1706 1255 1825 1320 372
1847 1274 1981 1317 cum

326 1348 580 1427 abiectis
603 1350 853 1413 Sasimis
873 1347 1302 1410 Nazianzenam
1336 1346 1659 1411 Ecclesiam
1682 1342 1792 1406 sub
1819 1354 1983 1423 patre

321 1439 649 1515 regendam
682 1436 1101 1517 suscepit.Sed
1135 1445 1333 1499 tamen
1367 1454 1436 1499 ex
1465 1435 1662 1513 aliqua
1692 1433 1812 1495 alia
1841 1451 1981 1494 ora-

324 1526 488 1588 tione
516 1528 835 1605 desumpta
871 1545 1029 1606 esse,
1058 1527 1273 1589 merito
1298 1525 1502 1587 statuit
1528 1522 1975 1585 Tillemontius.

2067 987 2323 1065 κερδήσῃ⁶
2370 989 2417 1045 οἱ
2479 988 2533 1045 δὲ
2582 990 2853 1069 ἀγαπητοὶ
2908 996 3065 1069 ἡμῶν
3098 992 3498 1064 ἀποϐλέποντες
3529 1001 3603 1061 εἰς
3632 1000 3725 1057 τὸν

2068 1080 2267 1134 σκοπὸν
2298 1083 2396 1145 τῆς
2426 1077 2677 1146 ἀληθείας
2709 1082 2889 1162 αὐτοῦ,
2940 1087 3027 1140 καὶ
3058 1085 3157 1152 τὴν
3210 1086 3535 1160 οἰκονομίαν,
3569 1086 3720 1153 δοξα-

2065 1166 2298 1235 ζέτωπαν
2330 1168 2418 1223 τόν
2448 1170 2638 1246 Κύριον
2669 1170 2761 1226 τόν
2782 1168 3049 1231 δεδωκότα
3079 1179 3145 1250 τῇ
3179 1171 3524 1248 Καππαδοκίᾳ
3546 1184 3722 1235 τοιοῦ-

2068 1275 2158 1308 τον
2190 1254 2501 1335 ἐπίσκοπον,
2536 1256 2658 1314 οῖον
2717 1261 2804 1315 καὶ
2862 1262 3062 1329 ἑκάστη
3115 1263 3269 1342 χώρα
3299 1261 3447 1343 ἔχειν
3478 1262 3720 1344 εὔχεται.

2068 1340 2197 1419 Ipse
2226 1344 2393 1404 enim
2429 1344 2760 1425 (Basilius),
2794 1355 2865 1409 ut
2895 1340 3295 1428 conﬁdo,cum
3324 1340 3593 1429 inﬁrmis
3619 1354 3721 1413 in-

2066 1433 2446 1505 ﬁrmatur,ut
2468 1434 2743 1511 inﬁrmos
2772 1435 3148 1515 lucrifaciat.
3162 1438 3377 1502 Dilecti
3394 1448 3595 1503 autem
3617 1458 3721 1505 no-

2063 1521 2185 1581 stri
2206 1521 2567 1600 recipientes
2591 1524 2672 1585 ad
2690 1529 3064 1605 propositum
3086 1531 3358 1591 veritatis
3387 1529 3721 1593 itliusetae-

326 1617 460 1677 Non
492 1615 650 1675 enim
678 1615 890 1676 mirum
912 1624 1011 1677 aut
1032 1614 1479 1677 incommodum
1504 1612 1689 1674 videri
1716 1611 1981 1684 debet,si
2063 1611 2425 1683 saltemiam,
2457 1610 2796 1691 gloriﬁcent
2832 1617 3185 1692 Dominum,
3210 1618 3318 1697 qui
3347 1617 3531 1680 talem
3558 1619 3722 1682 dedit

325 1701 601 1764 eamdem
628 1705 982 1765 sententiam
1013 1724 1130 1765 non
1155 1704 1342 1766 semel
1370 1701 1743 1781 usurpaverit
1764 1699 1980 1779 Grego-
2062 1698 2462 1790 Cappadocia
2493 1706 3109 1784 episcopum,qualem
3138 1724 3524 1788 unaquaeque
3550 1710 3719 1790 regio

326 1793 471 1863 rius,
507 1810 639 1853 cum
667 1793 994 1871 praesertim
1026 1802 1208 1856 totam
1253 1795 1403 1853 hanc
1433 1791 1766 1864 historiam,
1797 1807 1973 1870 quam
2061 1790 2229 1867 cupit
2271 1788 2509 1853 habere.
2537 1792 2604 1853 In
2628 1793 2907 1854 eamdem
2960 1796 3312 1856 sententiam
3347 1797 3412 1859 S.
3447 1788 3718 1861 Athana-

328 1880 501 1939 modo
528 1880 1065 1954 narravimus,huic
1090 1901 1247 1943 anno
1266 1881 1371 1942 371
1406 1879 1764 1942 necessaria:
1786 1879 1975 1941 ratio-

325 1986 430 2028 nes
457 1968 1003 2032 addicantNullam
1038 1972 1199 2033 enim
1234 1969 1394 2032 aliud
1420 1978 1656 2048 tempus
1688 1968 1972 2049 occurrit,

319 2056 379 2117 in
403 2075 521 2137 quo
551 2057 870 2121 instantem
905 2061 1137 2124 hostem
1162 2060 1597 2141 exspectaverit
1626 2057 1976 2132 Basilius,et

322 2144 599 2207 exsilium
625 2156 725 2208 aut
754 2148 979 2230 aliquid
1012 2151 1244 2230 gravius
1273 2169 1340 2211 ex
1375 2148 1580 2230 przelio
1614 2147 1970 2225 speraverit.

320 2234 1193 2316 AppropinquantemValentis
1206 2239 1522 2301 adventum
1538 2236 1812 2315 designat
1829 2238 1975 2300 Gre-

2002 1871 2037 1919 Β
2060 1876 2180 1937 sius
2204 1878 2537 1957 loquiturin
2561 1880 2816 1961 epistola
2835 1881 2908 1942 ad
2930 1883 3217 1943 Joannem
3237 1892 3298 1943 et
3320 1884 3716 1951 Antiochum:

2062 1968 2195 2021 Πύνυ
2249 1966 2303 2021 δὲ
2364 1970 2674 2043 τεθαύμακα
2733 1972 2832 2038 τὴν
2890 1973 3190 2050 θρασύτητα
3229 1978 3336 2028 τῶν
3392 1972 3719 2047 τολμώντων

2059 2055 2248 2111 λαλεῖν
2290 2058 2429 2112 κατὰ
2489 2068 2583 2116 τοῦ
2639 2061 2927 2137 ἀγαπητοῦ
2962 2061 3141 2134 ἡμῶν,
3175 2068 3270 2116 τοῦ
3327 2059 3537 2126 ἀληθῶς
3588 2067 3720 2120 Θεοῦ

2057 2144 2264 2220 δούλου⁹
2304 2145 2602 2204 Βασίλειίου
2637 2156 2729 2206 τοῦ
2761 2149 3075 2206 ἐπισκόπου·
3110 2152 3171 2205 ὲκ
3201 2150 3300 2227 γὰρ
3343 2150 3441 2217 τῆς
3466 2152 3715 2221 τοίαύτης

2061 2234 2313 2314 φλυαρίας
2368 2234 2686 2315 ἐλέγχεσθαι
2737 2236 3074 2311 δυνήσονται,
3125 2240 3197 2301 ὡς
3248 2235 3365 2293 οὐδὲ
3400 2242 3506 2295 τῶν
3552 2242 3720 2300 Πατέ-

323 2324 526 2400 gorius
548 2329 651 2399 (αδ.
686 2345 821 2387 cum
853 2327 935 2389 ait
956 2328 1016 2390 iu
1050 2328 1339 2402 convivio,
1366 2329 1579 2406 ingens
1602 2327 1768 2388 circa
1794 2325 1970 2387 Basi-

2062 2346 2163 2404 ρων
2188 2325 2501 2402 ἀγαπῶντες
2532 2327 2630 2393 τὴν
2650 2325 3229 2405 ὁμολογίαν.01ηη2ἠο
3249 2326 3439 2387 miror
3461 2331 3715 2393 temeri-

323 2412 534 2475 sitimn
554 2432 676 2477 esse
692 2414 1166 2498 bellum,vicinis
1188 2416 1671 2497 omnibuscaptis
1684 2422 1744 2477 et
1760 2415 1975 2493 subju-
2064 2420 2246 2474 tatem
2279 2430 2516 2490 eorum,
2549 2416 2657 2493 qui
2700 2415 2920 2478 dilecto
2965 2422 3201 2489 nostro,
3223 2431 3365 2476 vero
3389 2414 3502 2478 Dei
3518 2415 3716 2495 famu-

317 2506 891 2581 gatis.l‘raaterea,si
896 2508 1021 2587 jam
1039 2507 1297 2570 Basilius
1312 2525 1445 2569 cum
1458 2506 1713 2566 Valente
1726 2503 1979 2584 ejusque
2060 2502 2144 2583 lo,
2179 2504 2411 2565 Basilio
2442 2507 2716 2585 episcopo
2739 2504 3103 2568 abstractare
3132 2505 3365 2566 audent
3392 2526 3405 2567 :
3432 2522 3514 2566 ea:
3560 2509 3714 2569 tati-

325 2592 615 2655 ministris
667 2604 1012 2673 pugnasset,
1048 2616 1190 2659 num
1227 2595 1471 2677 ignavia)
1515 2594 1745 2657 crimen
1794 2592 1974 2654 futuri
2058 2591 2165 2654 bus
2198 2598 2360 2654 enim
2390 2596 2572 2673 nugis
2606 2596 2793 2674 argui
2819 2600 3129 2674 poterunt,
3155 2593 3317 2673 quod
3339 2611 3419 2655 ne
3459 2595 3715 2661 Patrum

324 2680 513 2758 praelii
546 2683 944 2761 promissione
975 2688 1331 2766 repelleret?
1364 2683 1591 2757 Quibus
1622 2683 1782 2745 enim
1812 2682 1973 2745 illius
2055 2682 2289 2758 quidem
2322 2682 2587 2762 diligant
2616 2684 3080 2762 confessionem.

326 2770 503 2832 ﬁdem
540 2774 840 2850 praeterita
869 2776 1201 2839 certamina
1223 2794 1343 2837 non
1362 2771 1975 2855 approbassent,mul-
2139 2770 2475 2833 Palladium
2510 2772 2810 2834 existimat
2840 2772 3259 2834 Tillemontius
3286 2791 3422 2835 eum
3449 2791 3583 2837 esse
3611 2777 3713 2856 qui

326 2868 382 2920 to
416 2861 611 2920 minus
654 2863 917 2923 nondum
973 2866 1296 2927 commissa
1324 2862 1751 2944 approbarent.
1787 2861 1972 2921 Aliam
2057 2859 2298 2939 scripsit
2334 2861 2520 2923 Vitam
2554 2861 2742 2923 sancti
2767 2860 2980 2924 Jonnis
3012 2861 3436 2942 Chrysostomi.
3485 2865 3541 2926 Is
3572 2882 3708 2926 cum

321 2948 486 3010 addit
550 2952 845 3013 rationem
908 2954 1319 3017 Tillemontius
1355 2973 1368 3017 :
1406 2952 1640 3014 scilicet
1690 2950 1971 3013 Basilium
2058 2948 3449 3028 lnnocentio.ltalosolitariamvitamagebat.Ad
3472 2960 3708 3014 utrum-

327 3047 455 3118 post
476 3039 851 3102 Sasimenses
881 3043 1182 3105 molestias
1206 3045 1408 3105 dicere
1433 3061 1550 3104 non
1586 3042 1877 3120 potuisse,
1914 3056 1976 3101 se
2056 3056 2176 3116 que
2196 3047 2386 3100 exstat
2410 3040 2614 3101 Basilii
2644 3039 2901 3120 epistola
2928 3041 3070 3104 959.
3103 3040 3460 3104 Antiochum
3504 3050 3705 3104 autem

322 3127 550 3191 nullius
576 3130 776 3193 sibiin
808 3132 1167 3214 Gregorium
1199 3150 1393 3213 neque
1414 3132 1595 3212 parvi
1618 3146 1814 3209 neque
1838 3145 1972 3190 ma-
2058 3129 2380 3191 verisimile
2423 3139 2517 3191 est
2538 3129 2729 3192 sancti
2772 3128 3016 3192 Eusebii
3044 3130 3479 3193 Samosatensis
3509 3130 3709 3194 fratris

313 3220 469 3297 joris
496 3219 701 3281 delveti
731 3238 853 3282 esse
878 3224 1208 3286 conscium.
1243 3221 1360 3285 Sed
1389 3240 1507 3283 non
1538 3219 1673 3281 vide
1719 3236 1825 3280 cur
1847 3219 1970 3281 Ba-
1991 3225 2030 3273 C
2058 3216 2242 3279 ﬁlium
2280 3237 2437 3294 esse,
2469 3219 2545 3281 de
2576 3238 2695 3300 quo
2727 3219 2880 3281 alius
2911 3228 3191 3281 occurret
3211 3219 3450 3281 dicendi
3475 3220 3663 3284 locus.

320 3307 490 3369 silius
513 3310 688 3369 etiam
725 3320 856 3389 post
890 3311 1092 3374 turbas
1113 3312 1485 3377 Sasimenses
1505 3309 1658 3371 hanc
1686 3306 1969 3371 amicitiae
2129 3305 2288 3378 Quos
2311 3307 2673 3372 Athanasius
2692 3316 2864 3370 vocat
2895 3308 3300 3371 Casarienses
3327 3310 3653 3372 monachos
3685 3360 3703 3392 ,

318 3414 620 3476 nunquam
646 3398 881 3461 violatae
904 3400 1140 3463 laudem
1164 3400 1279 3463 sibi
1294 3398 1599 3461 vindicare
1622 3416 1740 3458 non
1764 3404 1967 3477 potue-
2050 3396 2219 3458 valde
2249 3396 2452 3459 dubito
2472 3406 2671 3460 utrum
2704 3417 2775 3460 ex
2801 3396 3153 3461 Caesariensi
3186 3400 3546 3461 monasterio
3569 3400 3705 3462 fue-

317 3490 559 3558 rit,cum
587 3488 915 3565 praesertim
943 3490 1069 3569 ipse
1099 3488 1426 3569 Gregorius
1451 3485 1720 3568 pluribus
1745 3486 1967 3563 locis(b)
2050 3485 2271 3565 rint,an
2307 3504 2375 3547 ex
2402 3486 2535 3548 aliis
2567 3486 2958 3567 Cappadocia;
2984 3487 3546 3551 monasteriis.Nam
3574 3488 3705 3553 Cai-

313 3576 473 3637 dicat
499 3577 822 3638 amicitiam
856 3579 970 3640 hac
997 3585 1057 3640 in
1091 3598 1155 3641 re
1200 3578 1486 3642 Basilium
1546 3577 1790 3656 Spiritui
1823 3596 1965 3656 pos-
2052 3575 2349 3637 sarienses
2380 3584 2593 3639 ascetae
2620 3576 2865 3638 videntu
2896 3576 3111 3639 Basilio
3131 3595 3374 3657 semper
3399 3578 3704 3640 amicissi-

314 3665 646 3727 thabuisse.
2057 3666 2134 3726 mi
2159 3664 2384 3743 fuisse;
2419 3676 2634 3727 etcum
2678 3665 2891 3727 factam
2939 3666 2994 3727 ei
3024 3665 3098 3727 ab
3128 3665 3386 3728 Eusebio
3418 3668 3704 3747 episcopo

394 3753 467 3817 V.
496 3756 931 3819 Monachorum
978 3756 1051 3818 de
1097 3755 1315 3820 Basilio
1362 3756 1626 3839 querelae
1657 3754 1729 3817 ad
1777 3752 1970 3817 sancti
2056 3754 2331 3833 injuriam
2356 3755 2512 3816 ultra
2540 3755 2733 3834 legem
2769 3763 2827 3815 et
2876 3756 3122 3817 modum
3152 3754 3556 3827 defenderint,
3592 3774 3702 3817 eo-

310 3843 1438 3928 Athanasiiaurespervenerunt,eique
1470 3845 1849 3907 occasionem
1871 3845 1972 3907 de—
2061 3863 2311 3924 rumque
2342 3844 2604 3905 studium
2652 3843 2935 3906 enituerit
2984 3844 3042 3904 in
3092 3843 3496 3923 promovenda
3544 3844 3705 3906 illius

308 3931 531 3992 derunt
558 3932 757 3994 Basilii
778 3933 1221 3998 defendendi.N
1226 3954 1318 3995 am
1339 3954 1473 3997 cum
1497 3933 1809 3996 eiDianius
1825 3933 1960 4013 qui-
2051 3930 2705 4005 electione;verisimile
2723 3950 2839 3992 non
2855 3940 2944 3992 est
2961 3938 3075 3992 tam
3094 3932 3211 3993 cito
3229 3950 3332 3994 eos
3347 3931 3541 3993 abillo
3555 3932 3704 3994 aba-

309 4019 445 4081 dam
471 4020 717 4081 dixisset
750 4024 1075 4084 monachos
1091 4024 1489 4087 Caesarienses
1521 4039 1888 4085 succensere
1906 4031 1965 4082 et
2049 4023 2297 4083 lienatos
2314 4020 3701 4102 fuisse,etignaviaecrimenintulisse,tumcum

307 4108 603 4170 obluctari
638 4109 882 4191 Basilio,
917 4113 1156 4194 scripsit
1179 4115 1266 4175 eis
1297 4112 1684 4185 Athanasius,
1720 4121 1784 4174 ut
1815 4112 1959 4191 patri

305 4196 626 4260 obedirent
657 4209 933 4281 tanquam
969 4203 1095 4275 ﬁlii,
1130 4222 1241 4264 nec
1267 4205 1322 4265 ei
1355 4203 1808 4265 obluctarentur
1845 4201 1958 4262 do—

304 4290 495 4352 centi.
518 4288 578 4352 Si
614 4291 772 4351 enim
806 4304 1123 4370 suspectus
1163 4304 1321 4357 esset
1354 4293 1612 4356 Basilius
1644 4294 1702 4355 in
1727 4292 1801 4354 iis
1836 4310 1963 4373 qua;

302 4377 383 4439 ad
414 4378 722 4441 veritatem
748 4382 1404 4460 spectaut,laudabilem
1430 4384 1556 4445 fore
1584 4401 1791 4444 eorum
1811 4400 1960 4443 con-

2045 4130 2109 4172 se
2137 4113 2206 4172 ad
2242 4111 2655 4189 gravissimum
2681 4118 2985 4174 curtamen
3010 4111 3251 4172 fortiter
3274 4120 3533 4188 pararet.

2125 4203 2349 4262 Praeter
2379 4201 2488 4261 hos
2509 4201 3016 4280 reprehensores,
3049 4200 3151 4262 alii
3184 4199 3360 4261 etiam
3392 4199 3550 4263 inter
3583 4201 3702 4261 Ca-

2047 4289 2296 4350 tholicos
2319 4289 2733 4370 exstitere,qui
2758 4297 2815 4351 et
2835 4289 3111 4351 Basilium
3133 4299 3190 4350 et
3209 4287 3558 4368 Gregorium
3582 4308 3704 4352 non

2046 4378 2399 4448 timiditatis,
2432 4379 2539 4440 sed
2592 4379 2915 4459 impietatis
2956 4387 3333 4452 accusarent,
3366 4396 3436 4440 ac
3482 4397 3559 4439 ne
3605 4379 3701 4459 pie

303 4468 795 4530 tentionem.Sed
810 4471 857 4528 si
878 4470 1189 4533 conﬁdunt
1208 4474 1496 4551 (eamdem
1530 4472 1645 4535 sibi
1680 4472 1958 4533 ﬁduciam

2062 4467 2285 4547 quidem
2312 4467 2472 4547 loqui
2497 4467 2947 4540 existimarent;
2992 4487 3111 4530 non
3139 4468 3299 4548 quod
3329 4467 3701 4529 divinitatem

305 4575 446 4620 esse
475 4558 724 4633 ait/eum
750 4577 881 4620 esse
912 4560 1096 4621 decus
1138 4574 1195 4622 et
1229 4569 1645 4623 ornamentum
1678 4560 1963 4622 Ecclesiae
1988 4583 2027 4632 ι)
2047 4559 2237 4616 sancti
2264 4556 2524 4636 Spiritus
2555 4557 2627 4618 ab
2655 4559 2741 4618 eis
2786 4564 3012 4636 negari,
3050 4556 3154 4618 sed
3191 4556 3385 4635 potius
3414 4555 3570 4634 quod
3596 4574 3701 4618 eos

301 4664 379 4707 ac
402 4646 586 4723 magis
640 4665 744 4726 pro
790 4650 1032 4709 veritate
1063 4659 1316 4723 certare,
1352 4660 1409 4711 et
1433 4669 1536 4711 eos
1557 4650 1658 4730 qui
1691 4648 1962 4710 doctrina
2044 4645 2103 4704 in
2156 4646 2268 4706 hoc
2297 4645 2574 4724 dogmate
2608 4646 2992 4726 praedicando
3039 4647 3274 4724 longius
3305 4644 3448 4706 ferri
3477 4643 3697 4706 crede-

303 4734 580 4813 indigent
611 4736 913 4811 educere;
966 4756 1334 4819 nequaquam
1385 4758 1518 4801 cum
1554 4740 1657 4801 tali
1693 4738 1811 4798 viro
1846 4757 1958 4818 pu—
2045 4743 2196 4794 rent.
2225 4733 2395 4798 Unde
2429 4736 2752 4814 Gregorius
2779 4736 2853 4817 (c)
2888 4745 3060 4816 rogat
3086 4735 3366 4797 Basilium
3403 4742 3469 4795 ut
3491 4751 3557 4794 se
3586 4732 3702 4794 do-

303 4824 611 4903 gnandum
646 4842 802 4897 esse,
836 4826 939 4886 sed
976 4831 1167 4906 potius
1199 4830 1412 4890 honam
1446 4828 1605 4889 illius
1636 4828 1958 4890 conscien-
2042 4833 2196 4904 ceat,
2221 4841 2525 4903 quousque
2556 4831 2617 4886 in
2645 4826 3052 4906 praedicanda
3083 4823 3348 4904 Spiritus
3370 4822 3568 4883 sancti
3602 4822 3705 4883 di-

302 4913 449 4975 tiam
482 4913 1093 4992 approbandam.Non
1129 4928 1315 4980 exstat
1344 4920 1470 4981 haec
1498 4916 1808 4981 Athanasii
1837 4918 1959 4997 epi-
2040 4913 2903 4996 υἰηὶιαιθρνοθνεάἰῃιιαεᾳαθ
2926 4932 3097 4978 voces
3113 4917 3706 4991 usurpare,etquou—

300 5003 457 5065 stola
483 5006 552 5063 aot
592 5005 915 5066 monachos
938 5004 1359 5083 Caesarienses,
1388 5008 1493 5069 sed
1522 5009 1648 5071 haec
1681 5006 1957 5068 eruimus
2040 5019 2185 5079 sque
2215 5003 2547 5063 azconomia
2588 5006 2682 5066 uti
2731 5005 3075 5078 conveniat,
3110 5004 3391 5061 nimirum
3424 5006 3489 5059 ut
3535 5010 3597 5062 et
3627 5004 3706 5065 iis

300 5112 378 5155 ex
409 5092 540 5153 aliis
569 5092 641 5151 ad
692 5091 1023 5155 Palladium
1059 5095 1469 5176 presbyterum
1501 5098 1740 5166 litteris,
1779 5115 1960 5177 quem

296 5182 685 5250 Athanasius,
725 5183 987 5263 acceptis
1037 5185 1110 5245 ab
1143 5185 1243 5246 illo
1274 5187 1484 5255 eadem
1514 5187 1591 5249 de
1620 5204 1685 5248 re
1720 5186 1959 5259 litteris,

298 5279 495 5349 rogat,
532 5281 594 5330 ut
631 5269 758 5348 ipse
790 5269 965 5331 etiam
1018 5271 1246 5335 scribat
1289 5275 1359 5335 ad
1397 5275 1719 5336 monachos
1764 5273 1961 5335 Caesa-

300 5361 561 5436 rienses,
597 5376 665 5419 ac
699 5358 811 5420 sibi
834 5365 895 5420 in
921 5361 1007 5422 eis
1035 5362 1352 5424 ﬂectendis
1384 5381 1627 5443 operam
1664 5362 1962 5424 naveLEx

390 5526 479 5609 (ᾳ)
514 5525 663 5609 Nan.
682 5546 779 5609 ep.
814 5531 911 5590 '26.

388 5605 473 5688 ib)
500 5605 606 5673 Or.
638 5608 700 5685 5,
721 5605 799 5670 ὀι
826 5626 915 5671 or.
948 5608 1045 5670 20.

2047 5090 2385 5165 satisﬁeret,
2420 5097 2521 5171 qui
2573 5093 2827 5154 nimium
2863 5093 3074 5172 jejune
3104 5089 3470 5153 divinitatem
3514 5093 3707 5152 sancti

2048 5181 2301 5257 Spiritus
2342 5179 2686 5261 prmdicari,
2720 5188 2779 5242 et
2808 5179 2880 5241 iis
2905 5184 3009 5258 qui
3044 5180 3177 5261 plus
3199 5196 3372 5258 aequo
3408 5175 3574 5239 illum
3608 5195 3707 5239 ex-

2050 5268 2173 5329 tolli
2199 5268 2625 5349 querebantur.
2666 5269 2958 5333 Nonnulli
2989 5270 3086 5333 his
3119 5265 3495 5348 temporibus
3542 5266 3702 5328 fere-

2052 5356 2267 5420 bantur
2318 5355 2601 5438 Spiritum
2650 5366 2922 5421 sanctum
2971 5357 3130 5419 Patri
3183 5365 3250 5419 et
3288 5352 3439 5416 Filio
3467 5371 3703 5434 praepo-

2131 5527 2215 5602 (c)
2243 5521 2386 5587 Naz.
2419 5542 2517 5606 ep.
2550 5526 2651 5591 26.
