4130 6448
1627 323 1808 393 νΙΤΑ
1851 326 1913 391 8.
1958 327 2259 392 BASILII.

3531 342 3697 396 ων

294 460 923 542 transferretur.quem
955 463 1152 524 locum
1183 468 1489 541 comparat
1520 460 1774 524 Basilius
1802 480 1938 525 cum
1961 470 2001 521 Α
2021 459 2131 522 Τοι
2152 463 2310 524 enim
2340 462 2557 527 litterae
2578 464 2637 523 in
2668 462 2861 524 aulam
2897 466 3116 537 missas,
3149 466 3429 529 nondum
3452 468 3690 531 venisse

294 551 492 614 Ceade
521 550 839 625 Laconico,
861 562 959 613 aut
987 551 1283 614 barathris
1314 550 1435 614 illis
1478 568 1609 631 qua:
1648 552 1950 615 Charonia

295 640 676 716 dicebantur,
699 649 821 701 tum
853 660 994 703 vero
1028 661 1166 721 pars
1194 650 1438 703 senatus
1470 660 1587 701 non
1631 641 1951 720 ignobilior

294 730 491 809 fugam
513 730 827 807 cepitcum
854 732 1139 793 uxoribus
1161 741 1220 791 et
1243 730 1777 811 focis,perpetuum
1798 730 1951 793 exsi-

297 817 440 880 lium
467 820 605 880 huic
635 819 766 882 loco
790 820 1117 900 praeferens
1146 824 1234 893 (a)
1262 841 1275 881 :
1311 821 1409 881 alii
1432 820 1671 881 abducti
1694 839 1765 881 eo
1784 820 1951 882 fuere

293 917 358 969 ut
387 909 628 983 captivi,
660 910 1067 970 miserandum
1095 910 1372 971 omnibus
1392 910 1953 990 spectaculumzter-

295 997 374 1057 tia
395 1016 533 1076 pars
556 998 615 1059 in
656 998 805 1060 urbe
836 1000 1045 1060 relicta
1075 1007 1190 1078 est,
1240 998 1662 1060 miserabiliter
1705 1016 1953 1077 gemens

298 1086 663 1163 collegarum
726 1089 1021 1167 discessu,
1084 1108 1153 1149 ac
1201 1089 1554 1149 sustinendo
1576 1088 1946 1165 negotiorum

298 1177 468 1236 oneri
502 1194 750 1254 prorsus
775 1178 993 1256 impar.
1018 1177 1219 1240 Civilis
1250 1186 1437 1238 castus
1466 1176 1541 1237 ob
1566 1196 1635 1236 ea
1664 1193 1802 1252 quas
1829 1194 1951 1235 ma-

297 1264 640 1341 gistratibus
674 1266 1037 1337 acciderant,
1074 1268 1279 1328 animo
1311 1266 1663 1337 concidens,
1726 1264 1953 1325 relictis

298 1352 540 1414 urbanis
563 1354 816 1428 aedibus,
842 1373 949 1434 per
966 1374 1143 1434 agros
1166 1366 1224 1417 et
1243 1373 1382 1417 rura
1403 1354 1951 1434 vagabaturJtaque

295 1444 562 1505 Caesarea
585 1443 645 1503 in
672 1443 902 1505 tristem
935 1444 1319 1507 solitudinem
1343 1444 1584 1507 redacta
1611 1443 1953 1522 erat,nulla3

289 1529 415 1608 jam
443 1540 754 1593 nocturnae
775 1533 1225 1615 lucernae,nulla
1241 1533 1616 1596 eruditorum
1643 1532 1953 1594 hominum

296 1619 358 1678 in
390 1618 519 1680 foro
549 1621 870 1697 colloquia,
921 1628 1160 1685 occlusa
1180 1623 1506 1704 gymnasia,
1541 1622 1704 1684 nulla
1738 1638 1954 1683 neces—

2035 550 2339 613 Valentem
2373 552 2656 634 probant.
2690 554 2817 615 Jam
2852 551 3047 613 hiems
3089 554 3395 634 inceperat
3420 566 3521 617 aut
3554 557 3680 619 sal~

2036 650 2154 702 tem
2174 642 2537 716 imminebat,
2567 659 2701 702 cum
2730 642 2921 703 tristis
2949 643 3195 703 nuntius
3216 642 3431 704 Basilio
3451 644 3687 711 allatus.

2034 730 2203 803 Quod
2239 732 2395 791 enim
2433 730 2644 791 metuit
2666 730 2921 793 Basilius
2943 733 3029 812 id)
3051 749 3125 792 ne
3150 732 3566 794 Martinianum
3590 735 3689 798 de-

2038 828 2254 880 terreat
2278 827 2602 899 tempestas
2635 819 2775 879 anni
2806 830 2908 882 aut
2940 832 3102 895 tetas,
3137 821 3463 902 quominus
3492 822 3551 883 in
3579 843 3687 884 au-

2036 909 2151 969 lam
2178 908 2593 989 proficiscatur
2620 925 2635 981 ;
2671 907 2728 968 id
2754 907 2829 968 de
2859 917 3061 970 aestate
3086 909 3317 973 homini
3347 919 3519 971 tetate
3547 930 3690 989 pro-

2033 1009 2201 1058 vecto
2231 996 2458 1057 dictum
2490 1013 2610 1057 non
2636 996 2894 1058 videtur.
2924 996 3042 1059 Sed
3068 1007 3265 1060 tamen
3291 1018 3410 1060 non
3439 1001 3688 1065 multum

2036 1095 2403 1165 processerat
2429 1086 2639 1157 hiems,
2667 1084 2967 1166 siquidem
3001 1088 3249 1149 Basilius
3273 1100 3415 1152 tunc
3438 1107 3691 1171 peregre

2031 1183 2179 1235 erat.
2208 1175 2427 1236 Eadem
2462 1176 2520 1236 in
2551 1174 2845 1237 Ecclesias
2870 1178 3258 1257 Cappadociae
3288 1178 3528 1241 inducta
3558 1178 3676 1240 im-

2037 1266 2284 1325 mutatio
2316 1283 2474 1326 anno
2507 1264 2624 1327 37:!
2655 1270 2920 1338 ineunte,
2955 1276 3018 1327 ut
3049 1266 3199 1327 infra
3229 1267 3584 1330 videbimus.
3618 1273 3696 1332 At

2035 1352 2227 1414 civilis
2258 1353 2468 1414 divisio
2503 1354 2969 1416 ecclesiasticam
3003 1356 3350 1433 antecessit,
3374 1366 3524 1419 teste
3548 1360 3693 1421 Gre'

2038 1442 2202 1521 gorio
2230 1443 2596 1505 Nazianzeno
2632 1450 2726 1520 (ε).

2122 1530 2218 1594 ιν.
2245 1529 2372 1593 Hoc
2398 1551 2555 1593 anno
2578 1534 2719 1607 371,
2757 1541 3054 1596 rectorem
3086 1534 3476 1616 Cappadociae
3500 1539 3688 1602 fuisse

2039 1619 2391 1681 Therasium
2428 1624 2846 1697 cognoscimus
2888 1641 2960 1684 ex
3006 1624 3261 1704 epistola
3312 1626 3413 1699 7'7,
3468 1629 3527 1688 in
3574 1646 3690 1709 qua

298 1709 595 1770 seriarum
630 1728 828 1772 rerum
884 1713 1141 1792 provisio
1173 1732 1241 1774 ac
1293 1712 1629 1792 dispositio,
1681 1710 1787 1772 sed
1840 1727 1958 1771 una
2042 1712 2172 1788 ejus
2201 1728 2564 1772 assessorem
2596 1720 2762 1789 rogat
2796 1713 3064 1783 Basilius,
3090 1722 3157 1775 ut
3187 1732 3306 1774 non
3323 1714 3595 1778 discedat
3614 1719 3686 1781 ab

300 1815 405 1859 vox
435 1798 815 1873 audiebatur,
878 1811 1224 1863 exacturum
1283 1809 1345 1865 et
1392 1818 1598 1864 eorum
1657 1818 1692 1861 a
1741 1798 1958 1879 quibus
1981 1873 2015 1883 ﬁ
2040 1798 2389 1863 admirando
2421 1798 2734 1876 Therasio,
2760 1801 2997 1883 sibique
3018 1802 3304 1865 decorum
3331 1822 3465 1866 esse
3485 1807 3689 1869 existi-

297 1886 669 1963 exigebatur,
704 1890 925 1969 quique
956 1890 1209 1969 ﬂagellis
1229 1891 1637 1953 cedebanlur.
1760 1873 1779 1879 ”
1981 1873 2016 1923 Β
2042 1898 2163 1950 met
2191 1908 2325 1950 cum
2370 1907 2443 1949 eo
2473 1898 2680 1951 tantas
2711 1873 2915 1952 curas'
2933 1894 3188 1970 partiri.
3224 1890 3450 1965 Quibus
3489 1896 3689 1958 verbis

374 1975 671 2049 Quantum
704 1978 931 2041 Basdio
962 1979 1249 2042 inusserit
1277 1980 1524 2055 doloris,
1560 1979 1767 2060 patriae
1790 1980 1956 2041 cala-
2040 1977 2336 2038 indicatur
2362 1977 2741 2056 graviSSImas
2763 1980 3049 2059 quasdam
3073 1999 3141 2042 ac
3173 1982 3420 2043 minime
3435 1985 3691 2064 quotidi-

295 2064 490 2139 mitas,
521 2069 774 2148 perspici
802 2078 998 2149 potest
1017 2087 1088 2131 ex
1122 2070 1314 2133 tribus
1347 2070 1563 2133 litteris
1585 2070 1670 2147 (ὁ)
1702 2087 1772 2129 ea
1793 2068 1868 2128 de
1889 2086 1957 2130 re
2038 2086 2184 2129 anas
2214 2066 2596 2128 diﬂicultates
2619 2068 2858 2147 praesidi
2886 2068 3191 2134 incidisse.
3230 2071 3525 2135 Praeterea
3552 2090 3687 2133 cum

291 2153 552 2235 scriptis.
583 2158 919 2238 Antequam
935 2160 1164 2221 rediret
1179 2157 1781 2240 Caesaream,scripsit
1806 2159 1956 2218 Mar-
2040 2155 2431 2238 Cappadociae
2460 2156 2753 2217 divisione
2782 2156 3007 2237 optime
3035 2167 3372 2237 congruunt
3414 2169 3473 2221 et
3531 2170 3689 2223 tem-

292 2243 547 2334 tiniano.
573 2248 694 2309 Hac
717 2248 877 2309 enim
900 2249 1282 2311 excusatione
1295 2250 1617 2328 utitur,cur
1641 2266 1758 2308 non
1782 2246 1951 2307 illum
2040 2266 2149 2328 pus
2172 2247 2514 2320 hibernum,
2543 2265 2661 2327 quo
2685 2246 2809 2307 haec
2840 2247 3061 2326 scripta
3080 2258 3169 2307 est
3190 2249 3462 2329 epistola,
3480 2261 3539 2312 et
3560 2269 3691 2334 qua;

296 2332 491 2414 adeat,
524 2337 682 2415 quod
718 2343 922 2417 patriae
952 2356 1094 2400 voce
1117 2348 1480 2401 accersatur.
1504 2337 1675 2411 Quod
1710 2336 1951 2417 quidem
2035 2336 2397 2415 legunturin
2430 2337 2573 2398 ﬁne.
2604 2337 2751 2397 Nam
2781 2354 2917 2397 cum
2946 2338 3133 2399 multa
3154 2337 3408 2401 Basilius
3442 2332 3690 2403 haberet

292 2434 640 2502 argumeeto
673 2437 761 2487 est
788 2426 1203 2489 Martinianum
1220 2445 1340 2489 non
1364 2428 1539 2506 longe
1561 2426 1855 2488 habitasse
1880 2422 1952 2484 ab
2038 2427 2290 2489 dicenda
2338 2440 2399 2488 et.
2433 2425 2511 2487 de
2540 2426 2765 2496 multis,
2800 2445 2871 2488 ea
2902 2424 2964 2487 in
3014 2445 3400 2506 congressum
3430 2429 3685 2505 distulit,

294 2530 365 2573 eo
398 2512 664 2586 loco,ubi
697 2524 837 2577 tunc
869 2518 1212 2578 versabatur
1239 2517 1519 2580 Basilius.
1554 2516 1701 2577 Erat
1742 2514 1845 2575 ille
1865 2512 1955 2573 vir
2037 2536 2153 2577 non
2183 2526 2372 2577 tutum
2405 2533 2538 2580 esse
2570 2516 2918 2577 existimans
2950 2518 3223 2597 epistolis
3256 2536 3353 2581 res
3394 2520 3691 2597 ejusmodi

295 2603 831 2666 omnieruditionis
850 2606 1026 2668 laude
1041 2607 1607 2686 cumulatus,etcum
1627 2604 1949 2685 plurimum
2033 2608 2433 2668 committere.

306 2700 503 2768 posset
532 2694 688 2773 apud
708 2694 1154 2774 imperatorem.
1182 2697 1369 2758 flebili
1402 2695 1693 2757 malorum
1713 2692 1949 2755 descri-
2112 2694 2253 2767 Quae
2276 2695 2336 2755 in
2368 2694 2745 2774 hacepistole
2759 2695 2835 2756 de
2849 2697 3276 2760 communibus
3296 2700 3690 2780 Cappadocia

302 2781 503 2861 ptione
525 2791 777 2844 conatur
801 2783 855 2845 ei
882 2784 1527 2862 persuadereBasilius,
1548 2794 1608 2845 ut
1628 2784 1715 2845 vel
1749 2782 1936 2861 impe-
2036 2783 2689 2856 molestiisindicantur,
2706 2802 2777 2844 ea
2802 2787 3001 2845 minus
3022 2788 3338 2849 commode
3360 2787 3687 2852 Tillemouv

292 2871 1944 2955 ratoremadeat,quodquidemcommodissimumforet,
2036 2876 2151 2936 tius
2173 2875 2247 2936 de
2291 2873 2552 2954 propriis
2575 2872 2849 2935 Therasii
2900 2874 3155 2953 negotiis
3229 2876 3681 2955 interpretatur,

294 2979 361 3021 ac
396 2962 731 3022 Martiniani
769 2964 1053 3041 praeclaro
1091 2965 1223 3026 vitae
1254 2965 1521 3026 instituto
1546 2963 1802 3025 maxime
1832 2959 1946 3020 de-
2030 2982 2209 3045 quem
2241 2974 2299 3024 et
2330 2963 2683 3043 praefectura
2726 2965 3051 3043 deiectum,
3079 2982 3212 3024 cum
3241 2968 3363 3029 haec
3387 2968 3683 3029 scribere-

300 3069 530 3131 corum,
564 3052 650 3112 vel
676 3053 912 3134 saltem,
940 3054 991 3114 si
1012 3053 1070 3114 id
1108 3056 1161 3115 ei
1191 3074 1371 3133 grave
1413 3055 1493 3115 sit
1544 3063 1667 3116 tum
1703 3059 1949 3131 propter
2031 3064 2126 3115 tur
2154 3055 2424 3133 epistola,
2458 3060 2517 3113 et
2540 3054 2906 3133 injudicium
2939 3064 3206 3115 vocatum
3267 3055 3452 3117 fuisse
3487 3065 3679 3136 putat.

299 3140 438 3200 anni
458 3150 896 3220 tempestatem,
924 3152 1045 3204 tum
1070 3153 1316 3226 propter
1336 3143 1808 3225 zetatem,patriaa
1823 3157 1948 3201 sua:
2032 3141 2198 3206 Unde
2228 3143 2407 3204 etiam
2434 3142 2592 3203 illius
2619 3143 3014 3222 patrocinium
3044 3163 3079 3205 a
3100 3142 3315 3205 Basilio
3346 3145 3408 3207 in
3438 3147 3687 3226 epistola

299 3230 631 3291 litterarum
698 3232 1036 3309 praesidium
1090 3235 1416 3316 impertiat,
1476 3252 1545 3297 ac
1574 3252 1718 3295 voce
1746 3250 1855 3293 sua
1886 3236 2003 3292 etC
2028 3232 2106 3295 96
2128 3232 2349 3312 suscipi
2382 3231 2827 3296 existimat.Sed
2850 3233 3067 3306 Eliam,
3103 3254 3219 3295 non
3241 3235 3596 3296 Therasium
3625 3237 3683 3298 in

288 3320 457 3399 justa
478 3320 578 3382 illa
608 3322 850 3384 dicendi
882 3322 1184 3399 libertate,
1206 3343 1385 3405 quam
1418 3342 1526 3385 sua
1565 3324 1653 3385 illi
1676 3322 1792 3383 vita
1829 3323 1938 3384 da-

296 3409 416 3484 bat,
443 3410 726 3472 omnibus
748 3411 1040 3492 declaret,
1057 3423 1209 3493 quot
1239 3423 1297 3475 et
1313 3424 1533 3493 quanta
1565 3413 1720 3473 mala
1741 3429 1813 3474 ex
1832 3414 1945 3473 hoc

290 3498 625 3560 dividenda:
644 3501 1036 3580 Cappadocia;
1065 3502 1315 3563 consilio
1348 3502 1640 3563 oriantur.

375 3589 567 3651 Probe
592 3588 832 3651 videbat
867 3591 1120 3652 Basilius
1142 3592 1235 3652 his
1280 3595 1484 3673 patriae
1514 3591 1947 3653 calamitatibus

289 3678 707 3741 necessitatem
732 3679 847 3741 sibi
874 3680 1095 3761 imponi
1120 3682 1180 3741 in
1203 3682 1398 3742 aulam
1426 3680 1948 3761 proﬁciscendi,ac

290 3768 633 3848 potentibus
660 3768 871 3831 amicis
884 3767 1114 3848 singula
1135 3770 1441 3831 narrandi.
1471 3769 1587 3832 Sed
1612 3787 1747 3831 cum
1775 3768 1944 3830 illum

294 3859 566 3939 corporis
596 3860 838 3921 infirma
871 3860 1169 3936 valetudo,
1225 3879 1295 3923 ac
1343 3859 1742 3923 Ecclesiarum
1806 3879 1949 3922 cura

296 3947 615 4020 detineret,
642 3947 849 4010 scribit
877 3949 953 4010 ad
985 3949 1135 4011 duos
1181 3956 1239 4010 in
1265 3951 1400 4012 aula
1439 3958 1712 4030 potentes
1762 3948 1947 4030 viros,

298 4038 633 4119 Aburgium
668 4048 726 4100 et
760 4038 1164 4121 Sophronium
1196 4040 1537 4120 Magistrum
1570 4040 1901 4102 ofﬁciorum
1930 4058 1946 4115 ;

298 4146 520 4210 eosque
543 4129 894 4202 obtestatur,
930 4137 997 4191 ut
1049 4131 1351 4192 communi
1414 4130 1619 4210 patria:
1672 4130 1950 4211 (uterque

298 4219 456 4280 enim
491 4217 808 4298 Cappadox
859 4219 1013 4285 erat}
1051 4218 1393 4281 tristissimo
1439 4220 1623 4281 exitio
1670 4219 1949 4299 collapsa)

290 4327 465 4388 opem
500 4308 713 4371 ferant.

370 4402 503 4462 Non
529 4405 757 4461 tantum
784 4398 972 4478 gratia
1003 4408 1062 4459 et
1085 4398 1441 4460 auctoritate
1466 4398 1646 4459 valuit
1671 4397 1944 4473 Basilius,

292 4496 360 4548 ut
387 4487 784 4549 calamitatem
816 4489 969 4550 hanc
992 4507 1021 4549 a
1059 4489 1246 4566 patria
1267 4495 1563 4549 averteret
1585 4506 1599 4551 :
1621 4487 1724 4549 sed
1751 4497 1945 4549 tamen

2030 3322 2133 3385 illa
2162 3323 2411 3403 epistola
2433 3322 2511 3385 96
2534 3323 2941 3384 commendari
2968 3325 3117 3386 infra
3140 3324 3685 3389 videbimus.Nunc

2027 3423 2224 3474 autem
2250 3413 2393 3473 satis
2406 3413 2827 3473 estobservare
2851 3432 3224 3496 nequaquam
3256 3416 3493 3494 praesidi
3512 3416 3683 3478 abro-

2029 3511 2217 3579 gatam
2246 3502 2431 3562 fuisse
2478 3501 2911 3581 praefecturam,
2936 3523 3071 3565 cum
3103 3506 3352 3567 Basilius
3375 3508 3528 3568 hanc
3549 3507 3682 3585 epi-

2032 3591 2240 3650 stolam
2276 3590 2346 3651 77
2382 3589 2986 3653 scriberetJlortatur
3018 3594 3177 3653 enim
3204 3612 3593 3674 assessorem,
3623 3603 3685 3655 ut

2032 3697 2167 3739 cum
2190 3678 2478 3740 Therasio
2510 3688 2702 3739 tantas
2727 3699 2900 3744 curas
2926 3682 3231 3760 partiatur,
3283 3700 3354 3743 ac
3415 3683 3682 3744 libenter

2030 3768 2325 3846 ejusmodi
2358 3767 2733 3827 occasionem
2769 3770 3074 3850 suscipiat,
3109 3790 3179 3832 ex
3229 3789 3346 3849 qua
3375 3779 3434 3832 et
3463 3772 3688 3833 amicos

2030 3854 2232 3917 videre
2264 3869 2321 3917 et
2347 3856 2420 3917 ab
2443 3855 2529 3917 eis
2557 3856 2744 3918 videri
2776 3857 2975 3922 liceat.
3012 3859 3187 3922 Initio
3221 3860 3452 3921 dixerat
3509 3879 3573 3922 se
3614 3880 3683 3923 ex

2037 3946 2231 4025 magni
2254 3944 2523 4008 Therasii
2566 3946 2919 4025 praefectura
2950 3947 3097 4009 illud
3131 3950 3431 4010 commodi
3468 3968 3684 4029 perce-

2035 4036 2216 4115 pisse,
2252 4044 2315 4096 ut
2355 4053 2514 4115 saepe
2570 4036 2729 4096 hunc
2760 4054 3127 4098 assessorem
3158 4038 3427 4101 videret:
3472 4039 3685 4101 Verum

2031 4125 2142 4187 hoc
2188 4132 2385 4206 ipsum
2435 4126 2784 4197 amisimus,
2859 4126 3072 4207 inquit,
3115 4128 3372 4206 praeside
3424 4129 3679 4206 privati.

2032 4214 2255 4278 Aberat
2290 4234 2430 4293 ergo
2458 4215 2529 4276 ad
2558 4224 2792 4294 tempus
2825 4234 3064 4297 praeses,
3111 4236 3222 4279 nec
3278 4217 3526 4279 dubium
3558 4228 3683 4280 erat

2032 4305 2275 4366 Basilio.
2333 4305 2473 4386 quin
2526 4304 2830 4366 rediturus
2880 4315 3038 4368 esset
3090 4306 3465 4387 Caesaream;
3531 4308 3686 4371 unde

2033 4412 2397 4455 assessorem
2433 4395 2721 4474 hortatur,
2757 4404 2818 4457 ut
2850 4395 2923 4456 ab
2956 4414 3027 4457 eo
3090 4415 3209 4457 non
3269 4399 3559 4474 discedat,
3616 4418 3686 4461 ac

2034 4484 2298 4546 libenter
2332 4484 2390 4543 in
2438 4502 2508 4545 eo
2539 4492 2763 4563 perstet
2795 4503 3064 4560 munere,
3094 4504 3164 4547 ex
3216 4506 3331 4567 quo
3383 4487 3676 4550 videndo-

292 4578 551 4658 aliquam
583 4578 720 4639 mali
752 4578 1103 4641 levationem
1129 4580 1361 4639 videtur
1390 4585 1769 4639 consecutus.
1801 4576 1946 4638 Nam
1972 4592 2164 4647 prum
2196 4573 2526 4634 amicorum
2558 4574 2792 4634 occasio
2826 4585 3127 4648 nascatur,

299 4686 456 4728 unus
488 4687 557 4728 ex
582 4668 926 4748 potentibus
942 4669 1151 4731 amicis
1179 4668 1249 4729 ad
1287 4685 1435 4748 quos
1455 4666 1951 4746 scripsit(cl,forte

297 4753 621 4834 Aburgius,
646 4756 923 4835 przefecto
960 4757 1349 4820 humanitatis
1371 4757 1757 4817 ostendenda:
1779 4774 1947 4816 occa—

294 4845 526 4906 sionem
559 4845 1050 4909 subministravit.
1075 4846 1250 4909 Forte
1278 4848 1402 4907 haec
1427 4845 1763 4907 humanitas
1782 4846 1841 4906 in
1875 4864 1945 4907 eo

296 4938 480 5014 posita
514 4933 651 5009 fuit,
677 4935 835 5014 quod
867 4935 1134 4996 secunda
1169 4935 1518 5015 metropolis
1548 4954 1666 4995 non
1717 4934 1939 4995 Podan~

294 5024 380 5099 di,
408 5032 470 5086 ut
495 5026 685 5105 primo
718 5026 1011 5088 sancitum
1042 5026 1257 5099 fuerat,
1280 5025 1385 5088 sed
1420 5024 1654 5087 meliori
1691 5025 1752 5085 in
1785 5025 1939 5097 loco,

293 5112 511 5196 Tyanis
545 5117 881 5179 constituta.

370 5203 512 5267 Haec
534 5215 729 5267 autem
761 5225 918 5268 anno
954 5207 1060 5271 371
1098 5216 1266 5287 gesta
1294 5226 1452 5278 esse,
1480 5213 1797 5286 antequam
1832 5206 1939 5267 Va-

291 5294 427 5356 lens
447 5294 779 5358 Caesaream
805 5296 1206 5371 veniret,satis
1235 5317 1305 5359 ex
1338 5296 1514 5358 dictis
1555 5293 1940 5376 perspicitur.

376 5465 464 5627 g2)
501 5463 610 5559 Ep.
651 5468 725 5568 Ἰξ

438 5555 457 5622 )
487 5544 675 5627 Epist.
712 5567 725 5608 Α

400 5544 457 5622 b)
487 5544 675 5628 Epist.
699 5548 802 5622 74,
838 5547 939 5619 75.
962 5548 1063 5610 76.

376 5628 445 5705 te)
480 5628 594 5707 Ep.
622 5628 725 5687 78.

2114 4665 2184 4725 V.
2221 4661 2392 4723 Hunc
2414 4671 2615 4723 autem
2638 4680 3002 4724 assessorem
3024 4663 3322 4745 Elpidium
3349 4667 3681 4731 fuisse.non

2030 4749 2300 4812 obscuris
2333 4751 2480 4841 mihi
2512 4750 2717 4812 videor
2737 4753 3037 4833 conjicere
3056 4755 3409 4819 rationibus.
3432 4755 3578 4818 Nam
3602 4759 3681 4841 (τ’)

2032 4838 3037 4922 ElpidiusinCappadociamagnum
3053 4844 3291 4922 aliquod
3312 4838 3683 4928 munusabji-

2026 4950 2165 4997 cere
2198 4940 2255 4993 et
2274 4931 2652 5011 Cappadocia
2664 4931 2994 4994 abscedere
3012 4933 3392 5013 volebat,quo
3412 4942 3527 4996 tem
3537 4956 3683 5017 pore

2028 5022 2298 5083 infaustae
2323 5038 2421 5082 res
2450 5030 2621 5082 erant
2650 5020 3089 5101 Cappadocum,
3115 5042 3182 5085 ec
3206 5025 3380 5105 paulo
3405 5036 3534 5105 post
3566 5027 3681 5089 hu-

2029 5111 2371 5173 manitatem
2401 5110 2660 5191 aliquam
2684 5111 2743 5172 in
2762 5113 3142 5192 Cappadoces
3159 5134 3191 5175 a
3213 5116 3492 5196 praefecto
3517 5118 3684 5181 exhi-

2028 5198 2301 5265 bitamjd
2322 5206 2499 5281 est,ut
2524 5200 3220 5285 conjicimus,postquam
3253 5206 3569 5286 praefectus
3587 5228 3682 5271 se-

2028 5290 2282 5353 rundam
2310 5289 2707 5369 metropolim,
2742 5308 2874 5370 quae
2912 5290 3180 5355 Podandi
3213 5294 3407 5358 locata
3464 5298 3680 5364 fuerat.

2111 5460 2204 5533 (d’
2238 5456 2349 5539 Ep.
2374 5457 2478 5539 74,
2510 5477 2572 5522 n.
2603 5460 2666 5520 3.

2116 5472 2482 5620 (cilium.
2515 5538 2614 5601 90.

2115 5537 2197 5700 E3
2217 5537 2482 5700 gr.
2515 5538 2614 5601 90.
