4142 6444
405 376 482 424 ΟΧ

1785 357 2375 427 PBOLEGOIIENA.

407 492 841 571 Cappadociam
876 494 1307 571 persecutionis
1360 494 1552 555 statim
1588 504 1721 574 post
1761 494 1912 555 Petri
1953 501 2406 555 or-Brecentes
2463 496 2656 556 adhuc
2711 503 2880 555 erant
2939 495 3305 555 calamitates
3354 511 3421 556 ex
3485 494 3779 558 divisione

410 581 771 644 dinationem
805 581 1070 644 excitatas
1103 584 1371 646 nuntius.

490 669 737 732 Videtur
766 678 1044 732 statutum
1107 673 1386 735 habuisse
1418 673 1671 736 Basilius
1720 681 1797 749 (ιι)
1850 674 2047 735 statim

412 767 539 838 post
585 758 808 821 Pascha
860 758 1183 823 Eusebium
1237 763 1716 826 Samosatensem
1767 762 2048 827 invisere.

410 847 524 910 Sed
548 847 604 910 ei
638 857 719 909 tot
750 848 1180 928 impedimenta
1208 862 1708 931 supervenerunt,
1735 861 1799 913 ut
1820 852 2053 913 deside.

408 936 557 998 rium
584 956 753 999 suum
779 940 1021 1019 explere
1051 958 1164 1001 non
1191 939 1825 1020 potuerit.Eustathius
1854 940 2054 1000 diaco-

408 1044 517 1087 nus
551 1030 607 1090 in
638 1046 874 1107 gravem
912 1030 1185 1091 morbum
1208 1030 1765 1109 delapsus,detinuit
1787 1050 1920 1092 eum
1950 1048 2056 1109 per

407 1126 558 1177 totos
589 1119 741 1179 duos
775 1136 1036 1197 menses,
1070 1119 1210 1179 dum
1237 1120 1395 1181 diem
1420 1138 1489 1181 ex
1520 1119 1619 1181 die
1646 1120 1804 1180 illius
1830 1120 2052 1179 valetu-

406 1206 608 1267 dinem
645 1216 972 1286 exspectat.
1025 1208 1250 1271 Deinde
1295 1225 1507 1270 omnes
1537 1208 1798 1288 quicum
1838 1206 2052 1269 Basilio

409 1304 597 1368 erant,
626 1296 683 1358 id
709 1307 822 1369 est,
855 1298 1057 1359 clerici
1089 1299 1148 1359 in
1175 1299 1306 1377 ejus
1341 1297 1520 1359 domo
1545 1298 2049 1377 degentes,a2gro-

409 1395 644 1461 tarunt;
682 1405 749 1447 ac
774 1397 1076 1466 postremo
1106 1389 1235 1467 ipse
1295 1390 1546 1449 Basilius
1601 1389 1772 1465 longa
1807 1397 1865 1447 et
1898 1388 2051 1467 peri-

408 1475 610 1537 culosa
639 1477 988 1555 aegritudine
1012 1487 1342 1558 correptus.

491 1564 580 1627 Ad
614 1566 757 1627 illud
786 1576 1168 1647 tempus,quo
1191 1568 1555 1646 asgrotabant
1590 1568 1789 1630 Basilii
1822 1568 2050 1646 clerici,

409 1653 682 1715 videntur
715 1656 929 1717 referri
962 1676 1136 1736 posse
1168 1658 1433 1737 epistolae
1470 1658 1581 1719 134
1604 1668 1659 1717 et
1702 1661 1835 1736 I35,
1870 1656 2056 1717 altera

409 1746 481 1804 ad
535 1747 844 1808 Paeonium
883 1746 1315 1826 presbyterum,
1372 1747 1560 1808 altera
1601 1747 1673 1807 ad
1730 1746 2054 1807 Diodorum

409 1834 738 1939 inti‘ochiaa
768 1836 1203 1936 presbyterum.
1244 1837 1519 1897 Paeonius
1547 1845 1664 1895 tum
1696 1837 1967 1939 primpm'
1982 1834 2052 1893 ad
2082 1834 2167 1939 εξ

408 1920 685 1984 Basilium
721 1924 1063 2003 scripserat,
1099 1925 1353 2004 ejusque
1386 1933 1632 2004 accepta
1664 1924 1915 2003 epistola
1949 1925 2054 1985 Ba-

404 2011 569 2072 silius
605 2012 911 2076 silentium
948 2015 1227 2093 praeteriti
1284 2016 1576 2095 temporis
1612 2015 1861 2075 moleste
1898 2014 2048 2091 tulit,

407 2120 664 2179 eumque
695 2113 755 2163 ut
790 2113 993 2183 pergat
1040 2104 1309 2165 scribere
1362 2106 1652 2165 hortatur.
1707 2101 1886 2181 Negat
1941 2101 2052 2162 sibi

405 2192 589 2252 ullum
635 2192 848 2253 adesse
904 2193 1334 2273 calligraphum
1385 2202 1480 2253 aut
1527 2193 2045 2271 tachygraphum:

407 2299 556 2359 quos
585 2282 745 2342 enim
806 2292 1178 2355 exercuerat,
1246 2284 1454 2344 horum
1489 2283 1589 2342 alii
1624 2284 1692 2341 ad
1733 2280 2050 2362 pristinum

408 2370 538 2431 vita:
568 2370 903 2431 institutum
960 2371 1285 2443 redierant,
1335 2372 1433 2432 alii
1477 2372 1773 2431 diuturnis
1830 2370 2053 2430 morbis

407 2460 609 2521 afflicti
640 2459 876 2523 labores
899 2460 1057 2522 ferre
1090 2481 1205 2521 non
1236 2468 1527 2540 poterant.

489 2547 785 2611 Diodorus
817 2551 1120 2631 presbyter
1152 2570 1285 2611 cum
1309 2552 1459 2611 duos
1485 2551 1669 2611 libros
1697 2552 1753 2610 in
1786 2550 2047 2627 dialogo-

408 2657 538 2700 rum
561 2658 787 2701 morem
813 2649 1012 2702 contra
1035 2641 1347 2701 haereticos
1371 2640 1807 2719 scripsisset,ac
1832 2638 2051 2699 Basilio

407 2727 688 2806 legendos
719 2738 777 2790 et
806 2729 1230 2791 examinandos
1262 2729 1559 2808 misisset;
1595 2746 1762 2789 suam
1816 2728 1873 2788 ei
1907 2747 2052 2788 sen-

411 2818 657 2878 tentiam
684 2818 938 2880 Basilius
960 2818 1177 2891 (blsine
1197 2818 1330 2879 fuco
1354 2818 1771 2895 exponitzacin
1786 2816 2054 2879 secundo

405 2907 648 2985 quidem
675 2908 860 2968 multa
882 2908 1176 2982 laudat,in
1207 2908 1415 2988 primis
1442 2908 1691 2987 simplex
1720 2925 1831 2967 nec
1854 2907 2050 2967 elabo-

405 3006 594 3058 ratum
647 2997 889 3060 dicendi
939 3017 1149 3077 genus,
1210 2998 1548 3061 Christiano
1596 2998 1853 3058 maxime
1902 3015 2048 3057 con-

405 3104 660 3167 gruens;
695 3088 753 3148 in
802 3089 989 3149 altero
1023 3098 1222 3149 autem
1277 3089 1374 3169 qui
1419 3089 1651 3166 longior
1695 3096 1843 3167 erat,
1903 3086 2049 3147 illud

406 3177 820 3251 reprehendit,
846 3178 1029 3253 quod,
1063 3196 1196 3237 cum
1228 3194 1512 3257 personas
1540 3177 1881 3238 indefinitas
1919 3178 2024 3236 Ι)ἱο

404 3266 585 3328 dorus
614 3267 927 3329 induceret
950 3268 1287 3348 loquentes,
1319 3268 1800 3328 adversariorum
1824 3268 2050 3344 vitupe-

407 3356 516 3433 ria,
544 3368 1009 3432 nostrorumque
1062 3358 1267 3419 laudes
1315 3360 1628 3419 intexeret.
1675 3356 1961 3436 Proponit
1992 3356 2046 3415 ei

406 3445 676 3526 exempla
707 3465 839 3506 cum
876 3447 1217 3509 Aristotelis
1262 3457 1320 3507 et
1378 3445 1797 3526 Theophrasti,
1853 3445 1952 3525 qui
1988 3444 2045 3504 in

407 3536 657 3612 dialogis
686 3536 1019 3597 scribendis
1056 3538 1248 3597 statim
1284 3555 1382 3596 res
1414 3537 1570 3617 ipsas
1593 3536 2044 3615 aggrediuntur,

411 3645 518 3687 nec
543 3626 878 3689 Platonicos
903 3627 1140 3707 lepores
1172 3626 1387 3687 imitari
1436 3626 1679 3697 audent,
1714 3635 1835 3685 tum
1870 3627 2043 3684 etiam

409 3715 591 3795 ipsius
619 3716 898 3797 Platonis,
927 3717 1024 3798 qui
1058 3716 1155 3777 ubi
1183 3735 1465 3795 personas
1495 3716 1834 3776 indeﬁnitas
1862 3714 2043 3774 indu-

408 3805 507 3873 cit,
535 3805 594 3865 id
617 3806 771 3886 quod
824 3807 959 3867 fecit
1012 3806 1070 3866 in
1106 3806 1488 3885 legibusmon
1530 3807 1655 3885 jam
1691 3824 1791 3865 eas
1817 3805 2045 3866 comico

411 3913 574 3956 more
595 3896 903 3967 describit,
939 3914 1050 3957 nec
1080 3897 1401 3977 quidquam
1435 3895 1729 3956 admiscet
1781 3895 2041 3954 sermoni

406 3985 559 4061 quod
615 4004 1003 4064 personarum
1059 3987 1359 4067 proprium
1413 3985 1511 4047 sit.
1570 3986 1808 4047 Fatetur
1856 3986 2050 4060 itaque

411 4074 785 4143 Basilius.ubi
808 4076 1131 4154 personaiu
1149 4075 1510 4136 deteriorem
1530 4083 1753 4150 partem
1771 4073 2051 4131 omnibus

409 4164 647 4241 cognita
672 4164 1015 4243 subjicitur,
1068 4165 1353 4224 nonnulla
1382 4183 1453 4224 ex
1483 4163 1644 4222 illius
1677 4161 1878 4221 indole
1910 4179 2049 4219 ora-

408 4253 551 4313 tioni
587 4271 762 4333 posse
794 4253 991 4322 intexi,
1053 4253 1100 4312 si
1164 4262 1357 4314 tamen
1393 4251 1788 4314 Christianum
1842 4250 2052 4309 deceat

416 4359 701 4420 personas
734 4342 971 4402 omissis
996 4342 1172 4403 rebus
1196 4343 1631 4421 vituperare.At
1657 4340 1754 4401 ubi
1778 4356 2049 4419 personae

410 4430 736 4491 indefinitaa
766 4432 1393 4513 (lisseruut,ejusmodi
1427 4432 1496 4492 ad
1528 4448 1812 4510 personas
1842 4445 2050 4491 excur-

414 4520 582 4581 sibus
605 4522 885 4582 orationis
907 4524 1120 4583 seriem
1148 4525 1363 4583 frustra
1388 4517 1915 4599 interrutnpiﬂaac
1938 4517 2051 4577 Ba-

417 4611 586 4672 silius
613 4613 973 4693 ingenue,ut
997 4633 1227 4693 inquom
1254 4614 1515 4693 judicem
1552 4611 1821 4680 decebat;
1855 4626 1963 4669 nec
1994 4617 2054 4667 ut

416 4699 636 4778 scripta
657 4702 983 4778 corrigeret
1007 4702 1324 4767 Diodorus,
1352 4701 1455 4761 sed
1494 4711 1553 4759 ut
1581 4710 1736 4759 esset
1770 4698 2056 4776 deinceps

419 4790 475 4849 in
502 4790 821 4852 scribendo
847 4793 1095 4864 cautior;
1120 4793 1285 4853 illum
1306 4793 1463 4851 enim
1490 4798 1690 4868 sperat
1714 4789 1884 4867 plura
1902 4787 2053 4846 scri-

416 4889 678 4958 pturum.
718 4883 982 4944 Primum
1012 4882 1064 4942 ei
1094 4882 1312 4942 librum
1349 4880 1619 4957 remittit,
1644 4877 1893 4938 alterum
1922 4895 2054 4936 ser-

415 4979 532 5042 vat,
559 4970 900 5032 describere
925 4971 1154 5043 volens,
1186 4989 1291 5031 nec
1324 4970 1555 5048 copiam
1587 4968 1813 5028 habens
1845 4967 2053 5045 tacby-

418 5059 625 5136 graphi
641 5063 913 5121 .Causam
934 5080 1051 5121 non
1073 5062 1384 5131 alfert,rur
1409 5066 1609 5119 careat
1634 5057 2050 5136 tacliygrapho:

416 5150 517 5209 sed
551 5150 781 5210 videtur
806 5150 1041 5228 eadem,
1074 5169 1141 5210 ac
1172 5156 1228 5208 in
1265 5149 1574 5225 superiore
1601 5147 2057 5226 epistola,exsti-

422 5238 581 5299 tisse.
620 5240 849 5302 Deinde
903 5257 1043 5300 vero
1075 5240 1229 5318 quod
1286 5236 1474 5311 addit,
1510 5238 1596 5298 Ad
1630 5244 1858 5298 tantam
1893 5239 2056 5297 enim

412 5331 737 5409 penuriam
780 5329 1129 5393 invidenda:
1166 5328 1594 5407 Cappadocum
1624 5344 1717 5388 res
1737 5328 2053 5406 devenere,

416 5437 550 5480 cum
576 5420 798 5498 optime
829 5417 1106 5480 convenit
1161 5418 1220 5478 in
1271 5419 1425 5478 hunc
1488 5434 1706 5477 annum
1754 5414 1894 5496 373,
1938 5436 2055 5497 quo

496 5585 905 5748 aa-

2132 584 2519 662 Cappadociaa
2542 594 2720 657 ortae;
2757 592 2879 647 tum
2915 602 3052 645 vero
3088 602 3202 643 non
3238 583 3496 643 obscure
3527 585 3775 661 indicat,

2132 691 2240 734 cur
2271 675 2518 754 librarii,
2546 684 2609 735 ut
2634 683 2723 736 est
2745 675 2806 734 in
2838 674 3154 752 superiore
3189 673 3548 753 epistola,ad
3584 675 3785 754 pristi-

2136 782 2241 824 nas
2271 774 2426 825 artes
2449 764 2790 825 rediissent.
2834 762 2897 825 Id
2931 764 3090 824 enim
3122 771 3184 823 ut
3210 763 3495 835 facerent,
3549 764 3785 826 videtur

2136 871 2239 914 eos
2261 856 2529 932 coegisse
2557 853 2879 915 difﬁcultas
2899 853 3287 932 comparandi
3315 854 3506 913 victus
3522 872 3591 914 ex
3616 854 3782 933 ejus-

2138 943 2296 1003 modi
2324 950 2472 1010 arte.
2509 943 2604 1006 cui
2638 942 2694 1003 in
2732 961 2963 1003 summa
2995 951 3354 1021 egestate,ac
3387 942 3782 1003 litteratorum

2139 1033 2441 1094 hominum
2478 1033 2661 1109 luctu,
2696 1050 2949 1113 quorum
2991 1032 3262 1111 plerique
3284 1032 3491 1093 urbem
3514 1032 3781 1112 relique-

2136 1131 2288 1193 rant,
2317 1140 2433 1183 non
2462 1123 2781 1201 plurimum
2838 1121 2950 1182 loci
3009 1139 3139 1181 esse
3202 1128 3457 1198 poterat.
3494 1125 3786 1183 Praeterea

2137 1232 2269 1273 cum
2303 1213 2459 1273 dicat
2492 1210 2893 1279 Basilius,sibi
2925 1228 3032 1271 nec
3069 1229 3175 1290 per
3203 1211 3634 1291 valetudinem,
3672 1229 3783 1273 nec

2139 1319 2243 1381 per
2267 1304 2501 1380 negotia
2523 1300 2790 1362 scribere
2824 1300 3102 1374 licere,id
3134 1310 3487 1379 argumento
3520 1308 3611 1362 est
3642 1319 3777 1361 eum

2136 1392 2207 1452 ad
2232 1409 2383 1469 opus
2402 1391 2477 1452 de
2495 1390 2719 1471 Spiritu
2734 1389 3133 1466 sancto,quod
3159 1407 3315 1449 anno
3340 1388 3457 1451 374
3475 1388 3785 1449 elaborare

2136 1479 2397 1559 inempit.
2436 1478 2699 1540 nondum
2734 1488 2871 1538 tunc
2895 1478 3159 1538 animum
3194 1479 3559 1556 adjunxisse.

2221 1606 2266 1670 ll
2327 1606 2576 1667 Basilius
2609 1617 2737 1685 post
2766 1607 3019 1667 clericos
3052 1625 3193 1667 suos
3234 1615 3347 1666 tam
3375 1606 3533 1684 gravi
3577 1606 3786 1669 morbo

2140 1707 2447 1779 correptus
2498 1707 2606 1773 est,
2653 1707 2712 1757 ut
2763 1717 2895 1758 cum
2944 1697 3101 1757 illius
3160 1697 3627 1774 magnitudinem
3665 1717 3782 1758 non

2145 1798 2341 1868 posset
2389 1786 2749 1863 exprimere,
2799 1806 2864 1846 ex
2915 1787 3042 1865 ipso
3075 1793 3373 1846 consueta:
3429 1785 3787 1847 valetudinis

2175 1886 2289 1938 tatu
2325 1876 2761 1956 dijudicaudam
2796 1876 3186 1953 relinqueret.
3246 1876 3342 1935 Ait
3374 1875 3533 1935 enim
3591 1894 3654 1936 se
3690 1888 3779 1951 lc),

2137 1969 2275 2028 dum
2336 1968 2531 2030 valere
2589 1966 2916 2039 videretur,
2978 1964 3366 2024 infirmiorem
3435 1965 3507 2027 iis
3570 1964 3776 2038 fuisse,

2136 2077 2385 2137 quorum
2422 2059 2579 2118 salus
2600 2055 2952 2136 desperatur
2986 2072 2999 2116 :
3040 2054 3196 2114 unde
3231 2074 3346 2115 non
3383 2055 3623 2133 illepide
3653 2056 3777 2116 col-

2137 2148 2259 2225 ligit
2286 2147 2521 2208 habitus
2558 2145 2968 2218 mutationem,
3009 2162 3123 2203 non
3160 2146 3455 2213 morbum,
3492 2144 3596 2207 sed
3632 2161 3780 2224 prae-

2136 2237 2526 2298 clarissimam
2556 2234 2956 2295 Valetudinem
2993 2252 3124 2293 esse
3163 2233 3463 2297 debuisse.
3492 2234 3787 2295 Discimus

2140 2344 2209 2387 ex
2238 2325 2414 2404 epist.
2461 2328 2559 2384 Ml
2606 2324 2747 2383 nihil
2784 2323 2836 2382 ci
2884 2323 3067 2399 magis
3102 2323 3427 2393 obstitisse,
3464 2326 3788 2404 quominus

2137 2416 2290 2475 vires
2318 2423 2833 2494 repararet,quam
2868 2411 3128 2472 inustum
3167 2430 3238 2472 ex
3270 2414 3535 2473 molestis
3572 2413 3785 2476 Eccle-

2137 2505 2243 2565 sia:
2275 2503 2641 2583 temporibus
2668 2503 2960 2564 dolorem.
2999 2502 3174 2563 Forte
3200 2502 3362 2562 idem
3399 2503 3569 2563 dolor
3604 2504 3788 2564 totius

2139 2596 2329 2656 morbi
2366 2613 2543 2655 causa
2594 2593 2840 2655 exstitit.
2885 2589 3030 2652 Nam
3089 2599 3305 2669 praeter
3332 2592 3630 2651 horrenda
3660 2594 3785 2655 Eu-

2136 2686 2333 2746 stathii
2377 2685 2665 2756 facinora,
2701 2700 2819 2743 non
2873 2698 3082 2761 parum
3140 2678 3476 2757 angebatur
3505 2680 3663 2759 quod
3714 2681 3788 2742 ab

2138 2775 2279 2856 ipsis
2301 2774 2625 2855 episcopis,
2658 2771 3016 2851 quibuscum
3049 2766 3474 2829 communione
3519 2770 3781 2848 conjun-

2138 2875 2265 2926 ctus
2294 2874 2441 2935 erat,
2481 2862 2630 2923 nihil
2659 2859 2861 2921 auxilii
2894 2857 2963 2918 ad
2998 2874 3095 2920 res
3140 2857 3582 2919 ecclesiasticas
3623 2856 3785 2919 acci-

2137 2963 2323 3035 peret.
2356 2955 2414 3015 lu
2450 2950 2706 3031 epistola
2742 2948 2856 3010 l36
2906 2964 2986 3018 in.
3033 2947 3122 3025 ‘2),
3184 2965 3359 3026 quam
3396 2946 3547 3008 lecto
3571 2947 3784 3009 afﬁxus

2136 3041 2379 3121 scripsit
2408 3042 2481 3101 ad
2522 3037 2870 3111 Eusebium,
2911 3036 3267 3116 ingemiscit,
3303 3037 3461 3115 quod
3489 3036 3780 3116 episcopi,

2135 3134 2276 3193 dum
2306 3150 2428 3191 suae
2454 3136 2703 3210 quisque
2736 3146 2895 3188 secuv
2916 3126 3043 3187 itati
3073 3132 3414 3198 consulunt,
3444 3144 3649 3206 parum
3676 3144 3782 3186 cu-

2073 3233 2113 3284 C
2140 3231 2271 3282 rent
2296 3239 2429 3300 quae
2472 3219 2543 3280 ad
2573 3223 2903 3298 proximum
2949 3224 3238 3297 Spectant,
3281 3234 3389 3276 nec
3413 3215 3595 3276 rebus
3619 3234 3780 3276 com-

2034 3303 2050 3385 ξ
2136 3311 2414 3371 munibus
2468 3311 2622 3370 male
2676 3305 3028 3369 cadentibus
3075 3307 3324 3385 privatas
3368 3305 3543 3365 simul
3590 3303 3784 3385 perire

2136 3401 2487 3477 intelligant.
2530 3400 2765 3459 Fatetur
2818 3414 2933 3455 non
2989 3396 3291 3456 indicente
3359 3394 3615 3456 Eusebio
3665 3395 3786 3455 haac

2134 3491 2262 3551 ﬁeri
2301 3509 2312 3553 :
2359 3508 2493 3551 eum
2524 3488 2682 3549 enim
2716 3486 2917 3546 numia
2950 3485 3109 3545 velut
3145 3504 3215 3545 ex
3263 3486 3507 3565 specula
3530 3486 3781 3565 quadam

2132 3580 2619 3659 prospicientem,
2648 3578 2797 3638 alios
2833 3587 2891 3636 et
2920 3575 3142 3636 litteris
3178 3584 3234 3635 et
3265 3574 3649 3635 sermonibus
3673 3575 3783 3635 ad-

2132 3672 2425 3732 hortatum
2476 3687 2632 3741 esse,
2701 3666 2973 3745 nihilque
3035 3667 3389 3726 intentatum
3424 3664 3782 3743 reliquisse;

2130 3769 2303 3841 atque
2327 3760 2487 3820 illius
2523 3756 2884 3817 monitorum
2909 3755 3284 3832 memoriam,
3323 3762 3384 3813 ut
3407 3773 3656 3835 qumque
3688 3773 3785 3816 res

2130 3847 2572 3920 acr.idit,oculis
2607 3842 2937 3920 obversari,
2973 3843 3079 3901 sed
3107 3861 3222 3901 non
3244 3842 3469 3904 idcirco
3491 3861 3589 3904 res
3612 3863 3781 3903 com-

2138 3956 2348 3997 munes
2362 3930 2761 4014 adjuvari.Sic
2782 3930 3059 3992 desertus
3081 3930 3154 3991 ab
3178 3932 3476 4014 episcopis
3499 3932 3785 4012 Basilius,

2136 4034 2423 4086 statuerat
2449 4032 2613 4084 extra
2638 4020 3044 4082 ecclesiastica
3063 4039 3196 4082 esse
3226 4022 3364 4091 tela,
3396 4022 3449 4083 id
3474 4033 3585 4096 est,
3619 4032 3680 4083 ut
3703 4024 3791 4085 ait

2136 4131 2314 4192 supra
2342 4113 2403 4172 in
2434 4112 2608 4192 epist.
2638 4112 2709 4171 ad
2740 4109 3071 4191 Urbicium,
3105 4113 3483 4173 inimicorum
3513 4113 3696 4174 furori
3722 4131 3786 4174 se

2137 4202 2495 4275 subducere,
2533 4220 2667 4261 cum
2701 4219 2763 4261 se
2797 4200 3148 4280 imparatum
3184 4211 3240 4263 et
3264 4203 3561 4264 inermem
3618 4203 3781 4264 vide-

2137 4303 2226 4354 ret
2262 4313 2275 4355 :
2313 4312 2379 4353 ac
2411 4292 2605 4373 ipsum
2635 4292 2797 4353 illum
2826 4290 3066 4353 Eusebii
3090 4300 3474 4371 conspectum
3505 4304 3563 4354 et
3592 4292 3784 4355 collo-

2138 4383 2369 4462 quium,
2395 4402 2427 4443 a
2457 4401 2573 4462 quo
2606 4400 2739 4442 eum
2792 4401 3039 4443 suorum
3074 4382 3265 4445 morbi
3299 4402 3366 4444 ac
3392 4382 3610 4445 deinde
3643 4400 3788 4444 suus

2139 4474 2570 4544 abstraxerant,
2608 4473 2813 4533 nonad
2836 4473 3355 4553 communem,sed
3380 4473 3453 4534 ad
3483 4473 3784 4553 propriam

2078 4582 2303 4638 Dsuam
2357 4562 2666 4624 utilitatem
2718 4561 3048 4640 quaerebat.
3106 4560 3339 4642 Scripta
3373 4573 3461 4624 est
3508 4564 3631 4624 haec
3663 4562 3787 4642 epi-

2138 4653 2290 4715 stola
2332 4663 2645 4733 antequam
2690 4651 2949 4715 Basilius
3006 4653 3177 4732 aquis
3234 4652 3444 4713 calidis
3491 4660 3779 4732 uteretur,

2139 4764 2255 4822 quo
2298 4743 2565 4804 remedio
2618 4762 2787 4803 usum
2844 4760 2907 4802 se
2943 4759 3075 4803 esse
3126 4741 3270 4803 dicit
3312 4741 3371 4801 in
3403 4741 3790 4822 sequentibus

2140 4833 2425 4913 epistolis.

2224 4964 2536 5027 Anteillud
2572 4966 2707 5035 iter,
2749 4966 2905 5042 quod
2952 4962 3172 5026 Basilio
3222 4964 3291 5023 ad
3353 4983 3536 5044 aquas
3590 4964 3781 5043 impe-

2143 5064 2348 5116 rarunt
2373 5053 2856 5117 medici.videtur
2882 5054 3200 5131 contigisse
3233 5054 3389 5130 quod
3424 5054 3553 5134 ipse
3588 5062 3782 5114 narrat

2143 5146 2202 5204 in
2226 5145 2476 5225 epistola
2529 5145 2626 5205 141
2648 5143 2892 5205 .Audito
2924 5146 3056 5223 ejus
3100 5145 3305 5203 mortis
3338 5145 3569 5219 nuntio,
3600 5160 3783 5204 vene-

2144 5244 2285 5297 runt
2308 5234 2573 5314 episcopi
2605 5232 2932 5295 Cresaream
2964 5254 2979 5314 ;
3014 5235 3115 5295 sed
3163 5236 3317 5295 vivus
3342 5235 3416 5294 ab
3443 5235 3532 5295 eis
3562 5236 3783 5313 depre-

2146 5326 2385 5398 hensus,
2438 5324 2614 5384 etiam
2665 5339 2845 5403 atque
2896 5324 3074 5386 etiam
3136 5342 3238 5385 eos
3297 5323 3646 5385 adhortatus
3695 5332 3785 5385 est

2139 5414 2209 5476 ad
2241 5414 2521 5478 Ecclesiae
2554 5412 3059 5494 defensionem,ac
3082 5415 3184 5477 Dei
3201 5413 3502 5493 judicium
3527 5414 3617 5476 eis
3647 5421 3784 5475 ante

2221 5584 2299 5663 (cl
2331 5583 2442 5663 Ep.
2482 5580 2619 5656 136,
2656 5601 2717 5645 ιι.
2754 5586 2805 5647 ι.
