4142 6424
1663 343 1845 405 VITA
1894 343 1953 403 S.
2000 342 2302 405 BASILII.

3564 361 3663 409 (ιιι

269 487 479 551 oculos
512 484 728 568 posuit,
761 483 822 545 id
851 476 1011 561 quod
1037 477 1167 557 jam
1201 482 1375 537 antea
1396 492 1503 554 per
1523 472 1750 536 litteras
1780 491 1934 554 prae-
1963 482 2001 531 Α
2022 472 2301 568 Romanis
2336 482 2574 568 erarata
2607 476 2883 568 epistola,
2901 479 3147 568 qualem
3173 479 3244 568 ad
3270 497 3334 541 se
3352 478 3427 541 ab
3447 476 3668 543 Orien-

267 584 668 728 su'tﬁiiiitcum
692 659 865 744 aquis
892 656 1106 722 calidis
1138 662 1451 744 curaretur
1482 651 1755 744 Basilius,
1789 668 1929 710 suc—

267 756 453 819 cessit
503 740 816 835 Antipater
862 746 1122 813 Maximo
1175 742 1447 835 praesidi,
1491 741 1595 835 cui
1651 740 1933 835 abrogata

269 844 526 925 dignitas
554 828 748 906 fuerat
780 858 898 901 non
933 838 1067 900 sine
1100 831 1467 925 gravissimis
1489 828 1929 925 injuriis.Scri-

270 918 366 995 bit
379 933 684 1015 Antipatro
727 928 986 993 Basilius
1036 926 1125 1005 (α)
1159 921 1433 1015 morbum
1477 937 1648 1015 suum
1701 918 1761 980 in
1801 919 1932 1015 _hoc

275 1008 537 1087 maxime
557 1021 869 1083 molestum
897 1015 1013 1078 sibi
1043 1008 1374 1092 esse,qund
1402 1017 1560 1072 tanto
1577 1008 1706 1069 viro
1719 1008 1932 1089 guber-

276 1113 483 1175 nacula
514 1111 719 1192 patriae
751 1112 1106 1189 capessente
1159 1101 1375 1192 abesse
1426 1107 1693 1192 cogatur.
1745 1097 1926 1161 Com-

277 1188 529 1263 mendat'
548 1208 725 1262 etiam
779 1188 1023 1280 praesidi
1074 1190 1380 1269 negotium
1404 1188 1716 1280 Palladiae,
1751 1205 1925 1280 quam

275 1291 480 1353 matris
538 1291 667 1352 loco
724 1276 1111 1350 reverebatur
1160 1298 1280 1341 non
1333 1279 1523 1341 solum
1564 1276 1638 1339 ob
1687 1276 1929 1353 generis

274 1378 804 1460 propinquitatem,
826 1375 930 1436 sed
963 1372 1141 1434 etiam
1177 1368 1253 1431 ob
1281 1385 1509 1429 morum
1544 1365 1922 1460 probitatem.

271 1456 440 1529 Circa
471 1456 714 1530 domum
746 1456 929 1544 hujus
964 1469 1244 1523 matronae
1276 1466 1516 1519 exortus
1546 1457 1735 1519 fuerat
1783 1456 1921 1536 qui-

271 1558 409 1618 dam
446 1557 761 1634 tumultus;
789 1553 935 1614 forte
965 1569 1141 1631 opera
1187 1547 1363 1609 unius
1396 1565 1467 1608 ex
1497 1548 1629 1627 ejus
1660 1546 1923 1625 famulis,

278 1647 380 1725 qui
420 1645 649 1706 idcirco
695 1641 1124 1705 detinebatura
1148 1638 1407 1700 cohorte.
1453 1637 1636 1717 Rogat
1668 1635 1924 1697 Basilius

282 1734 654 1814 utjudicium
681 1732 983 1794 differatur
1015 1746 1197 1809 usque
1228 1726 1300 1789 ad
1326 1746 1496 1787 suum
1529 1727 1875 1787 adventum.

2017 562 2233 624 talibus
2265 564 2446 626 scribi
2480 572 2757 645 oportere
2783 566 3154 644 judicabant.
3189 566 3503 648 Evagrium
3531 570 3675 630 hor-

2015 657 2168 711 tatus
2190 660 2278 714 est
2298 652 2550 715 Basilius
2589 656 2699 733 (ἁ).
2735 662 2799 716 ut
2830 657 3158 720 Antiochia
3183 676 3317 719 cum
3366 658 3666 722 Dorotheo

2017 741 2202 802 sancti
2228 742 2445 805 Meletii
2484 743 2835 824 presbytero
2869 747 3361 809 communicaret:
3393 746 3669 827 promisit

2015 827 2323 913 Evagrius,
2356 839 2419 896 at
2446 833 2755 912 promissis
2788 853 2904 895 non
2933 837 3113 896 stetit.

2094 919 2407 983 Probabile
2458 930 2549 986 est
2608 932 2874 986 sanctum
2931 924 3354 1005 Hieronymum
3424 925 3659 1004 Evagrii

2012 1008 2240 1071 socium
2265 1011 2497 1073 itineris
2520 1011 2789 1088 fuisse,et
2808 1017 2954 1077 Cum
2970 1033 3041 1076 eo
3060 1014 3390 1078 Caesaream
3412 1015 3664 1078 venisse.

2012 1098 2190 1161 Certe
2221 1098 2620 1183 Hieronymus
2644 1102 2804 1164 circa
2837 1104 2949 1165 hoc
2993 1111 3228 1185 tempus
3267 1104 3327 1165 in
3359 1102 3660 1167 Orientem

2014 1189 2367 1253 venit.Nam
2416 1192 2473 1252 in
2519 1192 2729 1273 primis
2787 1192 2996 1255 litteris
3054 1213 3201 1273 quas
3251 1213 3359 1255 suo
3407 1193 3665 1255 adventu

2012 1278 2272 1358 scripsit,
2310 1280 2572 1361 loquitur
2604 1281 2676 1341 de
2724 1282 3171 1344 confessoribus
3228 1282 3511 1363 Egyptiis
3558 1282 3662 1361 (ε),

2012 1386 2162 1447 quos
2194 1368 2415 1431 Valens
2458 1370 2571 1431 hoc
2613 1390 2768 1432 anno
2823 1372 2884 1433 in
2937 1372 3292 1435 Palestinam
3335 1371 3660 1451 relegavit:

2011 1474 2194 1539 seque
2224 1459 2556 1521 Antiochiae
2613 1479 2733 1522 una
2773 1480 2907 1522 cum
2959 1461 3204 1541 Evagrio
3246 1462 3468 1524 versari
3504 1461 3664 1522 indi-

2009 1554 2103 1607 cat
2125 1547 2393 1626 (f),illius
2420 1548 2618 1612 verbis
2640 1551 3001 1612 Florentium
3029 1553 3312 1613 salutans.
3344 1551 3667 1613 Enumerat

2012 1634 2095 1716 (g)
2132 1637 2311 1699 etiam
2344 1639 2780 1719 Cappadociam
2814 1640 2977 1703 inter
3005 1641 3361 1721 provincias,
3393 1659 3499 1721 per
3519 1659 3666 1721 quas

2008 1730 2272 1805 transiit;
2331 1740 2387 1792 et
2419 1752 2555 1792 cum
2592 1750 2655 1792 se
2687 1732 2916 1793 fervido
2972 1734 3195 1797 Ciliciae
3239 1742 3384 1796 aestu
3417 1735 3664 1795 fractum

362 1825 487 1888 Jam
512 1832 519 1837 ‘
540 1830 721 1885 totum
776 1837 1034 1882 mensem
1091 1819 1163 1878 ad
1214 1836 1395 1899 aquas
1431 1815 1752 1896 residebat,
1786 1833 1920 1876 cum
1950 1847 1983 1897 Β
2008 1817 2192 1882 fuisse
2219 1828 2489 1899 testetur,
2522 1821 2580 1882 id
2609 1823 2787 1885 etiam
2815 1823 3037 1902 optime
3068 1824 3320 1903 quadrat
3351 1840 3486 1883 cum
3523 1822 3671 1883 Eva-

280 1911 513 1992 scripsit
544 1911 877 1991 Antipatro.
908 1907 1160 1969 Videtur
1185 1907 1454 1987 protinus
1488 1905 1768 1984 rediisse,
1799 1905 1921 1966 sal-

276 2008 393 2061 tom
426 2018 491 2062 se
514 2001 593 2061 ita
618 2000 909 2063 facturum
944 1995 1169 2059 indicat
1193 1998 1252 2057 in
1289 1997 1397 2058 ha:
1434 1996 1705 2076 epistola.
1748 1995 1933 2057 Caete-

2019 1908 2276 1989 grio,qui
2305 1910 2586 1973 Basiliam
2609 1920 2746 1974 ante
2771 1931 3038 1974 mensem
3072 1911 3488 1992 Septembrem
3514 1910 3636 1972 invi

2017 1998 2114 2062 sit.
2149 1998 2314 2071 Quod
2364 2002 2415 2061 si
2474 1999 2871 2082 Hieronymus
2919 2001 3182 2064 interfuit
3230 2001 3458 2079 Evagrii
3520 2018 3658 2061 cum

275 2109 401 2150 rum
425 2109 592 2170 aquai
622 2109 740 2151 non
773 2088 1019 2150 multum
1043 2086 1135 2150 illi
1172 2086 1523 2167 profuerunt
1552 2107 1563 2145 :
1592 2103 1780 2166 seque
1801 2083 1931 2165 ipse
2015 2083 2236 2149 Basilio
2270 2089 2609 2169 colloquiis,
2635 2109 2705 2150 eo
2731 2090 2915 2169 magis
2946 2090 3130 2151 miror
3150 2092 3307 2171 quod
3340 2091 3411 2151 iis
3441 2107 3573 2170 quas
3590 2107 3663 2151 ex

274 2178 513 2257 dignum
552 2177 768 2240 fatetur
796 2177 941 2249 risu,
988 2179 1148 2256 quod
1194 2175 1568 2257 proverbium
1610 2174 1754 2236 illud
1808 2192 1926 2236 non
2017 2177 2234 2239 Basilio
2269 2178 2540 2242 audierat
2581 2189 2679 2242 aut
2725 2180 2954 2240 traditis
3004 2179 3284 2241 oblivioni
3359 2188 3461 2240 aut
3509 2196 3661 2239 con-

270 2266 648 2344 iutellexerit,
688 2276 957 2328 mortuos
981 2268 1193 2329 calidis
1225 2284 1343 2327 non
1369 2262 1920 2345 juvari.Postquam
2010 2268 2273 2345 temptis,
2309 2269 2530 2331 nullam
2566 2281 2795 2349 partem
2847 2273 2997 2350 aequi
3060 2269 3320 2350 bonique
3352 2269 3427 2329 de
3458 2274 3661 2330 sancto

269 2356 442 2418 rediit
466 2355 822 2431 Caesaream,
849 2357 1043 2419 adhuc
1068 2376 1203 2419 eum
1228 2356 1417 2417 febris
1440 2352 1794 2417 conficiebat
1818 2353 1917 2434 (b),
2008 2357 2243 2420 Meletio
2288 2360 2564 2422 senserit.

265 2465 335 2508 ac
350 2464 424 2508 ne
441 2447 934 2529 quinquagesimo
970 2447 1213 2528 quidem
1235 2444 1425 2507 morbi
1449 2443 1546 2504 die
1568 2443 1772 2505 sedata
1788 2443 1919 2525 fuit,
2090 2448 2259 2511 Circa
2284 2448 2442 2509 idem
2480 2458 2714 2530 tempus
2746 2450 2861 2511 duo
2891 2450 3088 2530 magni
3120 2449 3402 2513 momenti
3429 2452 3662 2528 negotia

265 2536 372 2597 sed
405 2538 707 2599 nutriente
739 2537 986 2599 materia
1043 2537 1352 2611 destituta,
1380 2544 1439 2597 et
1470 2535 1527 2596 in
1562 2533 1727 2595 arida
1759 2533 1919 2594 illius
2006 2536 2226 2598 Basilio
2251 2549 2727 2617 supervenerunt
2752 2538 2855 2619 (ἡ).
2893 2539 3001 2612 Qui
3039 2538 3328 2603 Sebastiae
3367 2540 3659 2603 catholico

265 2644 471 2701 carne,
507 2627 666 2688 velut
697 2627 755 2689 in
790 2625 1087 2708 ellychnio
1109 2624 1365 2706 quodam
1406 2631 1610 2686 exusto
1649 2622 1915 2684 circum—

264 2716 487 2792 voluta,
546 2733 875 2778 marcorem
926 2714 1211 2797 pariebat.
1269 2716 1395 2777 Huc
1447 2713 1771 2776 accedebat
1813 2713 1913 2793 je-

267 2823 399 2885 cur,
451 2806 689 2889 antiqua
742 2805 906 2867 illius
958 2806 1165 2886 plaga;
1213 2813 1331 2866 eta
1373 2802 1523 2867 cibis
1553 2810 1611 2865 et
1640 2820 1675 2862 a
1704 2821 1915 2863 somno

267 2897 614 2970 excludens,
652 2916 718 2958 ac
740 2904 968 2957 tantum
995 2894 1199 2956 sinens
1224 2894 1440 2970 vivere,
1466 2901 1748 2975 quantum
1770 2911 1919 2973 opus

262 2994 389 3047 erat
419 2986 494 3049 ad
526 2985 874 3049 sentiendos
915 2985 1176 3048 dolores.
1224 2982 1347 3045 Nec
1396 3003 1589 3065 aqua),
1652 3000 1763 3044 nec
1805 2983 1919 3043 alia

2002 2625 2362 2700 sentiebant,
2399 2628 2632 2689 occulto
2657 2646 2859 2706 prava1
2884 2628 3188 2709 opinionis
3221 2628 3519 2691 Eustliatii
3569 2630 3657 2691 ul-

2000 2733 2137 2776 cere
2168 2713 2692 2796 detecto,aliquam
2719 2736 2753 2777 a
2785 2717 3008 2779 Basilio
3042 2718 3510 2781 ecclesiasticam
3536 2719 3659 2780 sol-

2000 2804 2376 2868 licitudinem
2405 2806 2894 2886 poposcerunt,id
2919 2808 3106 2879 est,ad
3134 2808 3267 2887 ejus
3283 2809 3658 2871 communio-

2005 2913 2139 2954 nem
2158 2902 2216 2956 et
2246 2895 2637 2976 patrocinium
2663 2896 3253 2975 confugerunt.lllius
3274 2897 3451 2958 etiam
3478 2916 3655 2978 Opem

2001 2983 2339 3059 imploravit
2359 2985 2686 3047 lconiensis
2709 2985 2769 3045 in
2796 2986 3017 3048 Pisidia
3040 2986 3467 3066 Ecclesia,quaa
3491 3005 3656 3047 mor-

2002 3082 2100 3134 tuo
2132 3076 2416 3156 episcopo
2440 3073 2728 3137 Faustino
2752 3074 3338 3149 Basiliuminvitavit,
3376 3084 3440 3136 ut
3466 3093 3534 3137 se
3556 3075 3653 3137 in-

1999 3165 2216 3225 viseret
2239 3184 2308 3226 ac
2341 3165 2693 3246 episcopum
2728 3166 2923 3228 daret.
2957 3164 3096 3227 Haec
3136 3176 3334 3227 autem
3394 3165 3653 3227 colloca~

270 3074 644 3138 medicorum
678 3074 945 3138 remedia
970 3082 1195 3137 tantum
1232 3075 1450 3136 malum
1491 3075 1777 3153 s’uperare
1804 3092 1915 3153 po~

266 3171 529 3225 luerunt.

348 3253 449 3317 Ill.
482 3250 622 3314 Post
649 3250 905 3314 reditum
938 3270 1010 3315 ex
1054 3251 1225 3333 aquis
1257 3260 1315 3314 et
1346 3260 1484 3311 ante
1534 3252 1911 3332 quinquage-
1933 3216 1973 3265 Ο
2001 3272 2130 3315 mus
2164 3263 2293 3333 post
2335 3216 2591 3316 reditum
2642 3274 2711 3317 ex
2758 3255 2929 3334 aquis
2961 3265 3018 3317 et
3047 3263 3187 3319 ante
3240 3256 3398 3318 diem
3465 3254 3656 3317 morbi

268 3341 487 3404 simum
506 3340 1912 3422 morbidiem.Evagariuspresbyter,anpeiani
1997 3343 2582 3424 quinquagesimum,
2618 3346 2756 3423 quia
2782 3353 3116 3406 evenerunt
3146 3344 3302 3406 intra
3335 3342 3479 3407 illud
3520 3360 3656 3421 spa-

261 3432 686 3494 Antiochensis
707 3431 989 3509 filius,qui
1024 3431 1084 3489 in
1116 3430 1504 3493 Occidentem
1542 3449 1675 3490 cum
1709 3439 1912 3490 sancto
1999 3431 2169 3503 tium,
2208 3432 2372 3507 quod
2404 3432 2477 3493 ab
2529 3432 2778 3511 epistola
2822 3432 2935 3498 I36
2971 3434 3141 3495 initio
3177 3432 3366 3495 morbi
3409 3432 3653 3511 scripta,

260 3520 521 3584 Eusebio
546 3519 914 3583 Vercellensi
955 3518 1256 3599 profectus
1280 3518 1491 3592 fuerat,
1526 3518 1724 3598 ibique
1774 3536 1910 3597 per-
1995 3521 2066 3579 ad
2103 3520 2414 3599 epistolam
2454 3522 2566 3583 138
2589 3523 2661 3583 ad
2690 3524 2969 3583 eumdem
3004 3522 3327 3584 Eusebium
3358 3523 3455 3583 die
3477 3522 3657 3602 quin-

258 3615 466 3677 utilem
513 3609 800 3674 Ecclesia:
858 3627 1097 3691 operam
1150 3616 1487 3684 navaverat,
1553 3609 1790 3671 tandem
1852 3609 1911 3668 in
1996 3610 2340 3688 quagesimo
2366 3610 2676 3689 scriptam,
2715 3610 3132 3674 efﬂuxit.Nihil
3166 3612 3327 3671 enim
3365 3610 3656 3673 habethis

255 3704 566 3768 Orientem
621 3700 865 3763 rediens
915 3700 1182 3763 Caesarea
1210 3698 1469 3781 transiit,
1519 3718 1589 3762 ac
1622 3698 1909 3761 Basilium
2004 3699 2077 3757 de
2110 3696 2288 3758 rebus
2342 3699 2587 3776 egistola
2649 3699 2777 3776 I36,
2835 3719 2979 3780 quas
3040 3710 3233 3759 tamen
3274 3719 3389 3760 non
3422 3698 3654 3760 videtur

266 3792 475 3856 invisit
514 3793 611 3872 (ε).
653 3788 883 3869 Scripta
913 3788 1163 3851 Romam
1189 3809 1221 3850 a
1247 3789 1462 3852 Basilio
1495 3790 1674 3851 missa
1696 3787 1916 3853 retulit.
2006 3786 2339 3848 amissurus
2398 3786 2673 3859 Basilius,
2708 3788 2755 3847 si
2780 3788 2902 3866 jam
2959 3798 3078 3850 tum
3131 3789 3297 3849 illum
3357 3787 3654 3849 iuvisisset

268 3892 338 3945 ut
375 3882 520 3943 viris
581 3880 702 3942 illic
734 3879 1210 3941 accuratioribus
1244 3899 1359 3940 non
1406 3879 1700 3959 placentia
1729 3898 1796 3939 ac
1823 3897 1921 3939 re-
2008 3876 2317 3954 Evagrius,
2351 3887 2453 3937 aut
2484 3876 2615 3955 ejus
2645 3876 2983 3956 praesidium
3018 3878 3218 3939 clerici
3256 3876 3571 3940 Sebasteni
3594 3886 3652 3939 et

265 3984 523 4035 [rursum
566 3972 788 4049 rejecta
846 3990 860 4027 :
924 3968 1189 4050 petitque
1252 3979 1313 4030 ut
1372 3969 1624 4051 epistola
1674 3973 1924 4032 Romam
2007 3962 2342 4027 lconiensis
2374 3965 2640 4027 Ecclesia
2672 3967 3113 4046 implorassent.

271 4061 708 4138 scriberentur,
743 4059 813 4121 ad
852 4058 1091 4120 verbum
1126 4076 1196 4121 ea
1228 4059 1351 4140 ipsa
1374 4062 1710 4135 continens,
1745 4077 1874 4138 qua:
1895 4075 1931 4120 a
2094 4055 2190 4119 ιν.
2212 4056 2829 4137 Quinquagesimodie
2850 4055 3041 4118 morbi
3063 4055 3301 4116 advenit
3321 4057 3650 4118 Caesaream

264 4150 557 4214 Romanis
587 4149 807 4229 scripta
844 4158 1033 4230 erant;
1069 4168 1135 4211 ac
1177 4149 1348 4227 legati
1380 4148 1733 4209 auctoritate
1759 4167 1913 4229 prte—
2012 4143 2281 4225 Elpidius
2318 4146 2605 4207 diaconus
2634 4165 2767 4208 cum
2806 4146 3018 4209 litteris
3066 4146 3303 4208 Eusebii
3354 4164 3651 4207 summum

260 4241 374 4304 diti
411 4239 812 4313 mitterentur,
853 4249 913 4299 ut
938 4237 1221 4299 Romanis
1254 4238 1562 4302 Orientem
1600 4237 1836 4299 inviset
1864 4238 1921 4298 di
1996 4235 2199 4297 Basilii
2225 4235 2457 4297 vivendi
2484 4236 2852 4298 desiderium
2889 4233 3653 4316 signiﬁtantibus.Respon-

254 4329 531 4409 speciosa
561 4328 797 4391 occasio
820 4329 1083 4391 daretur.
1116 4326 1242 4389 Non
1274 4334 1592 4408 potuerunt
1637 4328 1763 4388 haec
1793 4326 1910 4388 Ba—
1995 4326 2082 4388 dit
2114 4325 2368 4387 Basilius
2401 4326 2464 4405 (i)
2497 4326 2708 4387 eodem
2735 4327 2855 4409 die,
2884 4337 2945 4387 ut
2978 4334 3138 4407 patet
3169 4345 3235 4388 ex
3284 4327 3375 4387 lilS
3406 4324 3601 4386 verbis
3633 4342 3645 4386 :

254 4420 389 4482 silio
424 4417 843 4481 molestissima
873 4438 988 4479 non
1027 4436 1312 4492 esse,nou
1346 4425 1458 4478 tam
1488 4427 1728 4497 propter
1753 4417 1910 4478 illius
2000 4414 2572 4495 Quinquagesimum
2599 4416 2923 4477 huncdiem
2943 4416 3197 4495 agebam
3224 4419 3288 4477 in
3323 4418 3655 4496 inﬁrmita-

254 4510 476 4590 scripta
532 4508 725 4569 minus
773 4506 1101 4568 honoriﬁce
1137 4517 1406 4586 excepta.
1444 4526 1620 4587 quam
1672 4516 1914 4587 propter
1936 4500 2218 4567 Dtecum
2235 4505 2483 4566 advenit
2509 4504 3035 4568 nobisdilectusac
3057 4512 3316 4586 optimus
3338 4508 3525 4584 frater
3549 4524 3652 4567 no-

256 4597 508 4661 consilia
532 4596 820 4660 Ecclesia:
867 4597 1250 4676 paciﬁcandze
1290 4596 1516 4658 nullum
1549 4597 1770 4657 exitum
1803 4597 1911 4656 ha-
1996 4601 2122 4655 ater
2142 4595 2554 4657 condiaconus
2580 4595 3165 4675 Elpidiusﬁeclarat
3188 4615 3250 4656 se
3275 4593 3649 4656 lectisEuse-

259 4687 489 4751 bentia.
520 4686 753 4767 Scripta
775 4695 970 4747 autem
1007 4686 1127 4767 illa,
1164 4706 1297 4767 quae
1326 4684 1609 4747 Romanis
1634 4703 1750 4748 non
1782 4685 1913 4765 pla-
1999 4682 2079 4745 bii
2104 4683 2341 4763 litteris,
2376 4683 2681 4745 incitatum
2710 4686 2985 4751 fuisse,ut
3021 4694 3181 4746 recta
3205 4686 3275 4746 ad
3296 4684 3472 4765 Syros
3502 4703 3650 4744 con-

261 4795 468 4857 cuere,
502 4776 778 4838 videntur
808 4775 1047 4854 aliquod
1084 4793 1215 4837 esse
1258 4776 1774 4849 commentarium,
1800 4776 1912 4835 Sa-
1997 4775 2227 4835 volaret
2266 4773 2366 4835 sed
2427 4792 2545 4834 non
2598 4774 2773 4836 modo
2829 4775 2884 4836 id
2922 4777 3031 4836 sibi
3088 4775 3323 4845 deesse,
3363 4784 3421 4834 ut
3453 4774 3651 4833 volare

260 4866 406 4929 bino
466 4866 880 4937 commissum,
913 4865 972 4926 in
1019 4884 1135 4946 quo
1186 4865 1338 4928 forte
1388 4863 1647 4928 Basilius
1705 4864 1913 4925 eadem
2002 4862 2211 4944 possit,
2246 4862 2353 4924 sed
2384 4862 2560 4923 etiam
2597 4872 2659 4924 ut
2685 4881 2749 4923 se
2781 4865 2839 4923 in
2875 4865 3025 4925 lecto
3049 4870 3430 4926 converteret
3461 4866 3645 4926 Caete-

255 4955 563 5029 libertate,
614 4973 683 5017 ae
743 4954 802 5015 in
851 4954 1066 5017 litteris
1111 4955 1182 5015 ad
1246 4953 1660 5033 Athanasium,
1694 4952 1916 5015 Meletii
2000 4971 2128 5012 rum
2165 4950 2374 5013 morbo
2406 4971 2537 5025 suo,
2578 4971 2752 5033 quem
2797 4962 2862 5013 ut
2893 4971 3070 5033 supra
3098 4952 3377 5026 vidimus,
3414 4950 3646 5012 descri-

244 5047 393 5126 jura
419 5042 715 5106 tuebatur.
752 5042 896 5105 Nam
954 5062 1071 5104 non
1126 5053 1244 5106 tam
1301 5062 1399 5105 res
1449 5042 1595 5124 ipsa;
1641 5042 1915 5104 videntur
2001 5041 2105 5116 bit,
2138 5041 2239 5102 diu
2263 5048 2893 5123 vexatum,nunqnam
2921 5040 3647 5121 tantumdoluisse,quan~

250 5133 662 5214 displicuisse,
701 5151 875 5211 quam
902 5133 1144 5213 quidam
1189 5132 1495 5195 scribendi
1546 5132 1757 5195 modus
1795 5150 1911 5192 non
1998 5140 2118 5192 tum
2154 5149 2335 5207 nunc,
2384 5131 2460 5191 ab
2502 5150 2573 5191 eo
2604 5130 2984 5210 impeditum,
3016 5129 3335 5211 quominus
3366 5129 3424 5189 in
3457 5128 3646 5192 Euse-

251 5223 404 5286 satis
420 5223 905 5287 accommodatus
922 5222 997 5285 ad
1016 5222 1424 5286 deliniendam
1456 5244 1468 5285 :
1497 5222 1654 5285 unde
1678 5221 1911 5303 abipsis
1998 5221 2078 5283 bii
2111 5223 2485 5301 complexum
2518 5233 2573 5281 et
2601 5222 2958 5302 colloquium
2987 5218 3463 5283 veniat.N0verat
3485 5220 3644 5281 enim

346 5393 433 5474 (α)
467 5391 574 5473 Ep.
611 5391 750 5457 137.
885 5472 892 5474 _

2081 5390 2162 5474 (Ι)
2190 5390 2349 5474 idem
2376 5406 2476 5470 θρα
2501 5391 2561 5454 2-

339 5469 425 5579 9ἰὲ
458 5469 565 5579 ΞΡ·
603 5474 748 5579 lii},
775 5491 835 5579 '3-
871 5472 930 5579 1-
2079 5469 2173 5579 li?
2201 5469 2496 5579 Ldfm.2£-
2526 5475 2581 5579 1-

348 5490 425 5641 δ’ἒί
455 5490 565 5641 ἓξὲξ
602 5490 748 5641 iiii:
775 5491 839 5618 εἰ
871 5490 931 5641 '22

2077 5490 2173 5641 li}
2187 5490 2367 5641 EE"
2363 5554 2378 5612 1
2395 5490 2496 5623 ἓξὲξ
2526 5490 2591 5614 ἔπ’.
2625 5552 2685 5613 «2.

406 5629 566 5727 )E‘Eit-
601 5635 733 5709 '56,
772 5652 835 5697 η·
872 5634 933 5727 3.-
2078 5629 2155 5711 (ιε)
2187 5629 2346 5692 Ibid-

362 5715 418 5797 e)
454 5714 727 5796 Hieron.,
761 5716 914 5797 op.l
951 5731 1119 5778 novas
1139 5714 1288 5778 edlt.
