4142 6384
530 301 674 351 CXIV

534 508 757 590 psychii
791 508 1154 587 solemnitas,
1202 526 1335 588 quas
1379 507 1437 569 in
1470 508 1600 587 ipsa
1632 511 1785 572 urbe
1818 510 2172 575 Cassariensi

532 597 965 659 celebrabatur.

609 685 1042 749 Convocavitad
1069 687 1227 748 hunc
1249 687 1408 749 diem
1434 688 1645 749 festum
1663 710 1870 752 omnes
1889 692 2169 770 chorepi-

525 795 735 855 scopos
756 790 993 853 suos,ut
1016 795 1119 837 eos
1142 776 1619 839 numerariorum
1642 778 2019 860 alteri,quem
2040 802 2170 843 ven-

528 876 719 927 turum
743 868 1041 943 sperabat.
1080 884 1277 927 coram
1306 868 1753 929 commendaret
1803 867 1920 931 Sed
1956 883 2169 931 neuter

524 953 710 1015 adl'uit
731 956 1127 1016 numerarius.
1162 956 1468 1017 Tractator
1485 956 1803 1037 praesidum
1829 957 2170 1037 diligentior

522 1044 651 1115 fuit,
678 1059 747 1107 ac
785 1042 1001 1106 Basilio
1032 1044 1284 1119 roganti,
1324 1055 1381 1103 ut
1411 1063 1735 1124 pauperum
1770 1048 2004 1129 domos,
2038 1068 2169 1129 qua:

526 1132 583 1192 in
613 1131 776 1213 pagis
807 1134 934 1193 sitae
950 1131 1391 1205 erant,tributis
1427 1134 1739 1215 eximeret,
1777 1137 2001 1215 prolixe
2034 1158 2159 1200 om-

526 1222 622 1283 nia
654 1222 946 1303 promisit.
968 1220 1146 1284 Paulo
1172 1232 1300 1301 post
1322 1222 1480 1284 hunc
1506 1224 1664 1284 diem
1693 1226 1909 1287 festum
1936 1230 2171 1308 scriptas

526 1324 642 1373 tres
669 1314 957 1392 epistolae,
985 1330 1201 1391 nempe
1220 1311 1289 1373 ad
1329 1322 1651 1390 utrumque
1676 1318 2170 1387 numerarium,et

519 1402 592 1461 ad
620 1412 998 1463 tractatorem
1024 1401 1363 1481 praesidum,
1393 1402 1463 1463 ad
1496 1424 1643 1483 quos
1670 1425 1855 1466 unum
1907 1407 2167 1488 aliquem

522 1508 591 1551 ex
618 1490 1061 1571 chorepiscopis
1096 1492 1293 1553 mittit.
1331 1490 1514 1571 Rogat
1534 1495 1966 1566 numerarium,
1991 1517 2171 1577 quem

520 1580 1501 1660 exspectaverat,utchorepiscopo
1529 1582 1704 1643 ﬁdem
1738 1583 2043 1658 habeat,ut
2074 1588 2174 1647 ho.

521 1670 1023 1748 minidignissimo
1046 1670 1139 1730 cui
1164 1672 1547 1743 cretlatur,ac
1572 1692 1901 1753 pauperum
1929 1677 2171 1738 domum

1886 285 2292 348 PROLEGOM
2303 285 2475 346 ENA.

531 431 695 481 extra
728 418 934 482 urbem
986 417 1354 481 colebantur.
1390 416 1774 481 Commodior
1804 421 1910 481 luit
1950 419 2013 485 S,
2050 422 2170 485 Eu-
2193 429 2228 475 ἑ.
2258 434 2367 496 pus
2394 436 2507 477 non
2533 416 2765 478 diﬁerat
2802 440 2814 481 :
2868 418 3095 480 etiamsi
3156 418 3314 481 enim
3364 419 3524 481 illam
3584 421 3904 501 aliquando

2258 506 2444 584 possit
2488 506 2764 579 invisere,
2820 518 2879 569 at
2923 528 3037 570 non
3094 526 3297 569 secum
3333 509 3492 570 illam
3548 510 3900 587 invisurum,

2256 614 2431 674 quem
2450 610 2695 657 morbus
2709 596 3041 675 urgebatab
3061 616 3395 659 aerumnosa
3419 597 3535 661 vita
3560 598 3901 665 discedere.

2336 683 2613 757 Quamvis
2642 685 2900 749 Basilius
2930 688 3188 763 graviter
3244 698 3560 766 aagrotasse
3609 689 3900 765 videatur,

2256 792 2390 834 cun:
2424 775 2547 836 haac
2586 775 2897 851 scriberet,
2934 796 3051 838 non
3086 786 3279 838 tamen
3316 778 3558 857 scripsit
3588 778 3649 839 in
3684 780 3903 857 gravis-

2253 864 2401 923 simo
2428 864 2601 942 hujus
2628 867 2842 926 aestatis
2868 866 3096 938 morbo,
3130 866 3235 927 sed
3263 885 3395 927 cum
3426 868 3669 929 morbus
3706 888 3901 931 recru.

2253 953 2613 1032 desceret,id
2634 955 2793 1035 quod
2812 954 2920 1015 sibi
2946 954 3324 1017 continenter
3346 957 3627 1019 accidere
3658 966 3903 1021 testatur

2254 1042 2309 1101 in
2336 1042 2511 1121 epist.
2546 1044 2643 1106 141
2666 1044 2817 1105 .Non
2844 1044 3002 1106 enim
3018 1047 3262 1124 exponit
3284 1064 3397 1125 quo
3417 1046 3623 1110 morbo
3644 1048 3897 1126 laboret,

2254 1129 2360 1191 sed
2378 1130 2464 1211 id,
2492 1141 2781 1194 utuotum
2817 1152 2885 1195 ex
2918 1134 3330 1213 superioribus
3382 1135 3597 1197 litteris
3649 1147 3898 1217 praeter-

2256 1221 2449 1281 mittit.
2495 1220 2643 1283 Hinc
2686 1224 2861 1283 etiam
2919 1223 3077 1283 nulla
3110 1225 3291 1284 utitur
3340 1227 3747 1300 excusatione,
3794 1247 3903 1292 cur

2257 1309 2579 1370 Eusebium
2615 1330 2731 1371 non
2758 1310 2968 1372 invisat
3006 1334 3017 1369 :
3057 1312 3110 1372 id
3143 1314 3300 1372 enim
3356 1312 3586 1376 fecerat
3618 1316 3677 1378 in
3713 1317 3900 1380 tribus

2257 1398 2654 1477 epistoliszsed
2692 1418 2828 1459 cum
2862 1400 3024 1461 nulla
3055 1419 3193 1481 spes
3224 1413 3574 1481 superesset
3598 1406 3779 1466 eundi
3799 1409 3895 1469 Sa-

2259 1496 2503 1563 mosata,
2544 1488 2866 1550 Eusebium
2900 1489 3105 1551 invitat
3131 1490 3483 1555 Caesaream.
3516 1492 3810 1556 Praeterea
3837 1498 3897 1559 iu

2258 1577 2510 1655 epistola
2540 1578 2672 1651 157,
2709 1596 2837 1658 qua:
2869 1579 2978 1639 sub
3030 1579 3262 1640 initium
3317 1580 3529 1643 hiemis
3582 1583 3693 1645 hoc
3741 1603 3898 1647 anno

2258 1666 2474 1746 scripta
2506 1676 2616 1742 est,
2654 1669 2950 1748 peramice
2975 1669 3244 1747 queritur
3266 1668 3902 1752 Basilius,quodEuse-

517 1762 590 1819 ad
629 1777 808 1838 pagos
841 1759 949 1839 ipsi
977 1759 1333 1820 commissos
1381 1762 1783 1840 pertinentem
1818 1763 2078 1827 invisere
2110 1775 2168 1827 et
2194 1788 2227 1836 Β
2258 1755 2390 1818 bills
2415 1759 2524 1819 Sibi
2558 1774 2633 1819 ηθ
2653 1757 2875 1820 scribi“
2901 1758 3242 1840 quidemne
3276 1760 3501 1823 ideirco
3523 1764 3651 1842 ejus
3681 1764 3899 1827 absen-

517 1847 749 1909 tributis
776 1848 1055 1928 dignetur
1078 1849 1595 1912 eximere.Scribit
1622 1853 1793 1913 alteri
1824 1858 2163 1918 numerario

511 1955 575 1998 se
604 1937 866 2000 libenter
895 1948 1208 2000 venturum
1267 1939 1337 1999 ad
1373 1959 1509 2000 eum
1544 1941 1747 2018 fuisse,
1787 1942 1897 2003 nisi
1925 1944 2159 2006 inﬁrma

512 2026 782 2089 valetudo
814 2035 875 2089 et
908 2029 1142 2106 negotia
1168 2028 1529 2090 detinerent.
1569 2029 1718 2092 Huic
1745 2040 1966 2112 pariter
1995 2054 2156 2095 com-

514 2117 1287 2198 mendatchorepiscopum,
1303 2119 1692 2201 hortaturque
1715 2130 1778 2182 ut
1802 2142 1871 2183 eo
1889 2126 2159 2187 consilia-

511 2207 624 2282 rio,
659 2215 721 2267 ut
752 2206 997 2269 homine
1025 2207 1097 2268 ad
1132 2208 1451 2269 consilium
1487 2210 1747 2271 dandum
1777 2211 1999 2275 idoneo
2033 2223 2159 2277 uta-

514 2306 629 2357 tur.
684 2299 829 2356 Cnm
863 2306 1059 2358 autem
1107 2298 1481 2359 nemerarius
1509 2298 1612 2360 ille
1639 2303 2156 2383 ptochotrophium

506 2385 804 2467 quoddam
827 2385 1094 2447 Amaseae
1111 2386 1326 2466 opibus
1350 2388 1474 2450 suis
1496 2399 2052 2473 sustentaret,spem
2074 2395 2157 2455 af-

506 2476 621 2537 fert
651 2474 868 2538 Basilio
905 2484 1062 2537 tanta
1122 2476 1331 2556 pietas,
1394 2496 1531 2539 eum
1592 2498 1922 2561 pauperum
1954 2482 2150 2545 domui

509 2566 938 2646 cliorepiscopo
969 2566 1306 2627 commissa:
1358 2567 1793 2630 immunitatem
1825 2590 1856 2632 a
1916 2572 2152 2635 tributis

507 2652 1208 2735 concessurum.Utrique
1238 2659 1581 2718 numerario
1612 2658 1751 2719 dicit
1776 2662 1903 2738 jam
1927 2661 2041 2723 sibi
2074 2662 2147 2725 ab

505 2765 710 2807 eorum
738 2744 985 2824 collega,
1019 2763 1235 2824 nempe
1268 2753 1592 2808 tractatore
1625 2747 2053 2812 humanitatem
2089 2761 2146 2814 in

507 2853 797 2916 pauperes
857 2833 1212 2915 promissam
1268 2834 1453 2897 fuisse
1546 2835 1608 2897 In
1666 2842 1836 2899 tertia
1898 2841 2148 2919 epistola

500 2928 690 3005 ipsum
726 2934 1103 2986 tractatorem
1130 2934 1317 3001 rogat,
1346 2933 1409 2986 ut
1435 2927 1724 3006 promissa
1761 2931 2048 3008 perficiat.

579 3012 727 3076 Tres
759 3014 873 3076 illae
902 3011 1169 3093 epistola)
1199 3012 1279 3075 ita
1311 3021 1370 3074 et
1402 3022 1671 3095 tempore
1704 3025 1763 3077 et
1788 3021 1969 3080 rebus
1992 3020 2149 3082 inter

499 3124 565 3165 se
597 3110 1291 3184 cnngruuntmtprorsus
1322 3104 1520 3165 divelli
1558 3125 1672 3166 non
1698 3107 2205 3204 possint.Huju3C

500 3202 695 3255 autem
722 3192 861 3253 anni
896 3191 1012 3255 373
1044 3211 1162 3254 non
1196 3192 1307 3253 hoc
1331 3195 1521 3255 solum
1556 3196 1826 3257 referunt
1886 3216 2143 3277 Signum,

498 3282 796 3345 residuam
819 3280 1023 3343 Basilii
1039 3300 1105 3343 ex
1127 3287 1286 3359 gravi
1313 3283 1522 3344 morbo
1541 3284 2044 3359 debilitatemgsed
2065 3288 2141 3349 il-

499 3372 597 3434 lud
632 3373 806 3434 etiam
841 3371 1091 3445 accedit,
1127 3371 1284 3452 quod
1346 3383 1464 3433 tres
1513 3374 1829 3454 officiales,
1862 3375 1931 3435 ad
1994 3395 2143 3456 quos

497 3465 734 3544 script-ae
759 3460 1136 3535 sunt,noviin
1154 3462 1451 3541 provincia
1468 3462 1745 3526 videnlur
1766 3463 2139 3527 fuisse.Non-

494 3554 636 3615 dum
671 3553 826 3615 enim
860 3551 1043 3614 ullum
1065 3570 1136 3613 ex
1155 3551 1597 3634 chorepiscopis
1621 3564 2135 3638 noverant,atque,

494 3652 555 3703 ut
576 3643 706 3704 ﬁeri
745 3643 893 3704 solet
924 3642 981 3702 in
1016 3641 1275 3703 exordiis
1296 3642 2136 3728 administrationis,chorepi-

492 3735 675 3813 scopi,
710 3750 885 3813 quem
918 3731 990 3793 ad
1017 3750 1122 3795 eos
1154 3732 1329 3793 mittit
1363 3732 1640 3813 Basilius,
1676 3735 1924 3798 consilio
1953 3736 2137 3814 pluri-

493 3841 649 3883 mum
677 3820 871 3902 jnvari
899 3829 1191 3902 poterant.
1222 3817 1384 3883 Un-e
1416 3822 1635 3901 colligo
1663 3841 1765 3884 eos
1797 3824 1972 3885 simul
1998 3844 2131 3885 cum

490 3911 796 3992 Antipatro
820 3911 1093 3992 praeside,
1123 3927 1303 3991 quem
1369 3911 1545 3972 modo
1596 3911 1999 3989 gubernacula
2030 3931 2133 3973 ca-

488 4011 827 4082 pessentem
852 4001 1128 4081 vidimus,
1151 4001 1212 4061 in
1246 4000 1682 4081 Cappadociam
1716 4001 1976 4063 venisse.

565 4096 663 4157 lll.
699 4096 777 4173 (a)
810 4092 1074 4156 Rediens
1105 4110 1138 4153 e
1162 4092 1329 4171 Syria
1356 4090 1606 4151 Basilius
1637 4109 1791 4151 anno
1829 4090 2133 4172 praeterito

481 4182 844 4245 laetissimam
879 4178 1161 4241 Ecclesiae
1190 4198 1313 4240 sua:
1331 4198 1499 4257 spem
1534 4178 1772 4239 videndi
1798 4179 1856 4241 S.
1896 4178 2129 4241 Eusebii

486 4268 923 4332 Samosatensis
953 4268 1253 4331 retulerat.
1286 4270 1339 4330 Is
1369 4270 1528 4329 enim
1556 4276 1870 4329 venturum
1902 4288 1969 4331 se
1986 4288 2128 4349 pro-

490 4359 1084 4423 miseratCaasaream.
1108 4358 1241 4421 Non
1278 4366 1479 4419 tamen
1503 4358 1735 4419 videtur
1753 4377 1815 4418 se
1840 4361 1950 4423 hoc
1971 4379 2126 4420 anno

2250 1848 2386 1909 tiam
2425 1848 2567 1909 nulli
2598 1849 2697 1909 alii
2730 1867 2923 1909 causa}
2952 1849 3239 1922 attribuit,
3269 1850 3380 1912 nisi
3414 1854 3577 1929 quod
3614 1855 3785 1935 piger
3819 1856 3896 1920 sit

2245 1938 2317 1997 ad
2351 1938 2861 2018 peregrinationes
2891 1938 3192 1999 charitatis
3246 1958 3423 2001 causa
3455 1943 3885 2022 suscipiendas.

2245 2033 2312 2088 At
2346 2027 2638 2106 ejusmodi
2671 2028 2932 2108 querelis
2956 2027 3123 2087 locus
3150 2047 3265 2087 non
3302 2028 3703 2106 exstitit,dum
3729 2036 3887 2113 gravi

2242 2116 2345 2179 illo
2370 2116 2576 2178 morbo
2608 2116 3378 2196 aagrotaretBasiliusEunc
3400 2119 3560 2180 enim
3584 2121 3785 2199 plures
3814 2125 3889 2184 ab

2245 2204 2504 2267 Eusebio
2534 2205 2759 2266 litteras
2787 2206 3035 2286 accepit.
3070 2224 3178 2267 nec
3211 2225 3348 2267 eum
3376 2208 3669 2270 invitabat
3695 2209 3887 2273 Cazsa-

2240 2313 2425 2357 ream.
2462 2294 2604 2355 Inde
2627 2313 2767 2373 ergo
2792 2304 2939 2356 ortas
2986 2296 3186 2357 Basilii
3218 2296 3477 2376 querelae
3507 2299 3667 2378 quod
3704 2301 3891 2362 nullas

2239 2383 2314 2445 ab
2337 2403 2408 2446 eo
2448 2386 2673 2446 litteras
2715 2385 3041 2465 acciperet,
3085 2386 3357 2465 quamvis
3389 2403 3530 2449 eum
3563 2386 3887 2450 Ctesaream

2237 2473 2549 2536 invitasset
2579 2493 2684 2555 per
2717 2473 3030 2555 epistolam
3092 2475 3229 2545 145,
3293 2494 3428 2552 quae
3474 2477 3726 2555 proinde
3758 2489 3888 2559 post

2233 2582 2469 2642 gravem
2506 2564 2728 2626 aestatis
2761 2565 3032 2625 morbum
3062 2563 3287 2643 scripta
3319 2573 3429 2624 est.

2312 2654 2459 2715 Auic
2482 2652 2749 2735 epistolae
2779 2653 2961 2715 aliam
2990 2652 3247 2714 Basilius
3269 2651 3539 2731 adjunxit
3570 2654 3642 2713 ad
3675 2656 3881 2717 Antio-

2230 2745 2436 2824 chum,
2462 2745 2559 2824 qui
2587 2762 2702 2803 non
2723 2741 3044 2819 scripserat
3068 2739 3445 2819 quidem,sed
3466 2759 3642 2801 manu
3668 2760 3775 2803 sua
3795 2760 3878 2805 sa-

2232 2831 2419 2893 lutetn
2452 2840 2807 2912 apposuerat
2828 2831 2889 2889 in
2912 2829 3483 2909 patruiadBasilium
3513 2830 3883 2894 litteris.Uno

2232 2921 2630 3000 degratiasilli
2660 2918 3331 2999 agitBasilius,eumqne
3354 2920 3624 2980 hortatur
3651 2930 3714 2982 ut
3732 2930 3881 2983 stre-

2234 3029 2349 3071 nue
2379 3009 2681 3071 incumbat
2712 3010 2789 3072 ad
2842 3007 3057 3070 animae
3113 3009 3387 3083 salutem,
3436 3017 3494 3069 et
3553 3008 3878 3072 Eusebium

2232 3103 2574 3176 comitetur,
2598 3100 2643 3160 si
2676 3098 2726 3160 is
2754 3118 2869 3159 non
2898 3112 3181 3177 gravetur
3211 3096 3540 3159 Ctesaream
3564 3098 3790 3163 venire.

2314 3186 2412 3251 IV.
2451 3186 2732 3251 Sanctnm
2768 3188 3045 3267 Ephrem
3107 3186 3407 3247 existimat
3454 3185 3879 3253 Tillemontius

2228 3276 2388 3337 circa
2422 3278 2533 3339 hoc
2567 3289 2805 3357 tempus
2836 3280 3068 3336 venisse
3128 3276 3462 3337 Cmsaream
3517 3275 3719 3337 Basilii
3774 3279 3869 3340 in-

2226 3365 2454 3427 visendi
2472 3385 2669 3429 causa.
2697 3366 2935 3429 induxit
2955 3382 3089 3425 eum
3124 3366 3182 3425 in
3210 3365 3369 3426 hanc
3393 3364 3737 3445 opinionem
3755 3386 3871 3429 non

2220 3465 2384 3517 recta
2416 3456 2594 3535 hujus
2624 3457 2734 3517 loci
2796 3456 3207 3534 interpretatio
3252 3471 3324 3514 ex
3352 3458 3529 3534 epist.
3591 3458 3721 3518 157.
3757 3457 3869 3515 οὒδὲ

2221 3548 2254 3613 ἡ
2288 3550 2393 3602 τῶν
2426 3546 2603 3601 ἄλλων
2647 3547 2893 3625 τοιαύτη,
2935 3542 3092 3605 unde
3122 3543 3429 3604 concludit
3450 3546 3773 3607 nonnullos
3804 3544 3865 3609 S.

2222 3634 2465 3699 Eusebii
2493 3634 2843 3716 discipulos,
2877 3634 2938 3695 in
2971 3633 3065 3695 his
3088 3631 3153 3695 S.
3186 3632 3483 3713 Ephraem,
3537 3638 3864 3698 Cassaream

2221 3726 2481 3786 venisse.
2513 3722 2764 3803 Verum,
2818 3721 2935 3784 etsi
2984 3721 3161 3781 aliam
3210 3722 3270 3783 in
3331 3725 3689 3785 sententiam
3744 3726 3870 3787 haec

2221 3815 2404 3875 verba
2426 3813 2803 3891 accipienda,
2842 3830 2962 3872 non
2990 3819 3185 3871 tamen
3227 3811 3605 3875 discedemus
3637 3812 3712 3876 ob
3769 3834 3870 3876 or-

2219 3903 2358 3963 dine
2388 3901 2779 3973 Tillemontii,
2816 3900 2956 3979 quia
2983 3899 3131 3960 illud
3155 3901 3364 3962 saltem
3401 3902 3726 3966 verisimile
3755 3912 3863 3980 est,

2220 3992 2280 4053 S.
2320 3991 2597 4071 Ephraem
2623 3991 2949 4053 Caesaream
3004 3988 3239 4052 venisse
3285 4002 3597 4073 postquam
3652 3991 3870 4057 Valens

2224 4080 2329 4140 hac
2357 4084 2506 4141 urbe
2537 4078 2835 4141 discessit.
2889 4081 2971 4141 lta
3017 4079 3174 4140 enim
3217 4089 3494 4143 accurate
3543 4083 3619 4144 de
3670 4083 3866 4146 Basilii

2216 4167 2479 4230 rebusin
2516 4169 2933 4249 persecutione
2963 4168 3145 4247 gestis
3175 4169 3464 4252 loquitur,
3512 4180 3574 4233 ut
3616 4191 3715 4234 eas
3757 4192 3863 4253 per

2215 4280 2280 4322 se
2305 4261 2434 4342 ipse
2459 4260 2728 4322 videatur
2752 4258 3057 4321 didicisse.

2294 4354 2371 4433 (ὁ)
2409 4354 2623 4416 Narrat
2641 4348 2965 4429 Gregorius
2985 4347 3289 4430 Nyssenus
3314 4348 3376 4413 S.
3410 4351 3689 4432 Ephraam
3714 4372 3749 4414 a
3775 4354 3863 4415 di-

486 4458 795 4511 venturum
812 4447 1157 4530 promisisse
1189 4448 1336 4509 Nam
1360 4446 2123 4511 hactenusBasiliusSamo-
2210 4442 2344 4505 Vino
2368 4441 2592 4522 Spirilu
2621 4442 2860 4502 ductum
2886 4457 3017 4501 0383
3036 4441 3660 4523 Caesaream.cumque
3681 4442 3863 4505 ἰδίνὶ-

486 4538 628 4601 satis
659 4529 1033 4619 exspectatus
1071 4539 1282 4608 fuerat,
1321 4555 1438 4598 non
1470 4536 1767 4599 Eusebius
1816 4536 2121 4606 Caesareae.
2151 4529 3215 4612 l3dissetBasilium,multislaudibus
3232 4532 3859 4596 venerationemsuam

484 4628 669 4692 Multa
702 4627 1015 4691 obstabant
1041 4629 1359 4708 quominus
1380 4627 1819 4691 tuncEusebius
1834 4629 2125 4709 promissa
2208 4622 2459 4701 coepisse
2486 4619 3151 4684 testariVidebateuim
3178 4621 3396 4682 dextro
3420 4624 3618 4684 Basilii
3646 4626 3857 4685 Imme-

482 4718 822 4799 perﬁceret,
857 4716 1156 4779 defessum
1190 4732 1407 4795 corpus
1432 4723 1515 4777 tot
1542 4715 1857 4778 exantlatis
1888 4733 1994 4797 pro
2018 4715 2124 4779 Ec-
2205 4714 2652 4775 toinsidentetu
2687 4710 3051 4790 columbam,
3086 4729 3217 4789 qua;
3246 4712 3429 4775 verba
3452 4712 3538 4774 illi
3562 4713 3854 4775 submini-

483 4809 664 4871 clesia
693 4805 1407 4889 laboribus,negotiorum
1428 4804 1615 4867 moles
1629 4805 1689 4866 in
1713 4813 1833 4867 tam
1855 4815 2125 4869 accurata
2210 4802 2454 4867 strabat.
2489 4801 2709 4863 Eadem
2740 4800 3018 4861 columba
3078 4800 3363 4863 Basilium
3414 4803 3617 4864 docuit
3643 4806 3855 4866 adesse

484 4897 762 4961 Ecclesia;
791 4897 1463 4979 gubernandasratione,
1493 4894 1860 4957 imminense
1888 4897 2127 4977 propin-
2210 4890 2483 4973 Ephraam
2512 4890 2717 4971 Syrum
2760 4892 2918 4979 pum
2953 4889 3061 4950 hac
3094 4891 3433 4953 narratione
3484 4891 3679 4953 minus
3699 4910 3849 4954 con-

481 5007 596 5068 quo
629 4976 863 5063 Valens,
898 4985 1009 5049 sub
1026 5005 1144 5067 quo
1175 5003 1424 5047 necesse
1456 4994 1604 5055 erat,
1632 4983 1794 5046 velut
1844 5002 1981 5046 aves
2005 4976 2121 5048 sub
2210 4982 2370 5061 gruit
2389 4980 2549 5062 quod
2572 4981 2727 5061 apud
2758 4976 3107 5040 Bollandum
3142 4984 3216 5057 (ο)
3249 4980 3760 5059 legitur,sanctum
3785 4980 3848 5044 il-

478 5077 677 5159 aquila
702 5076 1120 5152 formidantes,
1142 5094 1263 5136 non
1284 5074 1459 5151 longe
1476 5093 1510 5135 e
1526 5092 1632 5135 suo
1643 5092 1942 5157 quemque
1967 5083 2120 5140 tecto
2206 5072 2328 5133 lum
2342 5068 2880 5159 diaconumBasilio
2894 5069 3127 5147 cognitu
3139 5088 3191 5129 m
3206 5068 3847 5135 anteafuisse.Totarea

480 5169 817 5231 discedere.
851 5167 970 5230 Sed
994 5175 1192 5228 tamen
1223 5164 1478 5228 Basilius
1507 5183 1640 5226 cum
1677 5164 1974 5227 desiderio
2006 5185 2117 5227 suo
2203 5178 2236 5223 a
2258 5159 2320 5225 S.
2358 5159 2637 5240 Ephrtem
2662 5158 2739 5238 (ἀί
2780 5162 2863 5219 sic
2889 5166 3221 5234 enarratur,
3258 5160 3419 5221 nulla
3451 5178 3694 5241 prorsus
3736 5180 3844 5223 co-

480 5259 765 5339 majorem
802 5259 863 5318 in
893 5254 1134 5317 modum
1166 5255 1375 5331 elatus,
1410 5263 1533 5316 tum
1556 5255 1732 5317 etiam
1766 5253 1888 5316 Deo
1919 5257 2112 5319 conﬁ-

2202 5251 2418 5313 lumba:
2448 5250 2596 5313 facta
2624 5247 2953 5311 mentione.
2985 5249 3094 5309 Ubi
3118 5267 3256 5328 ergo
3273 5249 3588 5329 Dominus,
3624 5252 3839 5331 inquit,

476 5338 982 5429 deus,Eusebium
1015 5363 1223 5423 rogare
1257 5363 1374 5406 non
1407 5341 1657 5421 dubitat,
1685 5353 1748 5405 ut
1769 5345 1933 5425 pium
1966 5344 2108 5407 visi-
2196 5360 2345 5425 erga
2358 5338 2880 5403 memiscricordia
2893 5338 3841 5429 commotusfuit,occasioneorta

478 5432 1060 5503 tandmCaasariensis
1087 5432 1370 5498 Ecclesia:
1397 5432 1656 5497 ofﬁcium
1682 5434 1743 5495 in
1764 5432 1923 5497 aliud
1954 5445 2109 5496 tem-

819 5609 953 5754 {$.51

716 5699 790 5754 tt.

550 5628 637 5694 to)
819 5628 953 5707 tae.

550 5694 628 5772 (bl
716 5699 790 5754 tt.
821 5690 891 5754 ὁ.
921 5688 1233 5772 Ερὴηιηι,
1268 5697 1413 5752 tom.
1445 5685 1552 5769 Ill,
1585 5703 1722 5768 pag.
1766 5688 1910 5752 605.

548 5694 628 5773 (bl

2193 5439 2494 5495 miserans
2515 5430 2581 5491 in
2600 5429 2869 5511 quadam
2890 5428 3515 5505 Civitateﬂlicaudivi
3528 5450 3726 5497 vocent
3738 5434 3837 5496 di-

2283 5606 2349 5675 ιο)
2388 5605 2413 5663 1
2444 5600 2645 5675 Febr.,
2669 5619 2729 5660 n.
2764 5599 2826 5661 6.

2282 5679 2366 5763 (ὁ)
2399 5682 2667 5748 Monum.
2703 5679 2931 5743 Eccles.
2967 5680 3191 5762 Gram,
3231 5691 3376 5748 tom.
3410 5683 3513 5763 lll,
3539 5705 3601 5770 p.
3634 5688 3735 5752 58.
