4142 6412
1631 322 1814 425 vim
1840 318 1917 422 is.
1966 322 2268 423 BASiLIl.

3477 395 3646 444 CXVII

245 499 383 561 trioa
407 514 557 577 suae,
592 504 657 559 ut
681 495 937 574 legimus
961 495 1021 555 in
1044 494 1300 575 epistola
1323 495 1605 559 Ecclesiae
1623 494 1913 574 Gothicae,
1940 501 1975 551 Α
2083 493 2405 575 Perperam
2437 493 2563 557 haec
2603 497 2860 579 epistola
2911 503 2972 563 in
3017 505 3296 572 omnibus
3336 512 3644 578 codicibus

247 605 470 669 corpus
502 586 556 649 S.
598 586 771 650 Sabze
802 583 1078 663 martyris
1105 584 1264 645 misit
1288 586 1345 647 in
1372 585 1833 668 Cappadociam.
1856 584 1913 645 Is

250 678 523 741 Ascholii
578 674 793 738 litteris
843 693 981 734 suas
1030 674 1409 753 adjunxerat,
1444 684 1503 737 et
1550 675 1916 751 querebatur

252 767 410 849 quod
441 768 510 828 ad
545 787 610 828 se
643 764 897 827 Basilius
933 782 1050 823 non
1084 764 1394 838 scriberet,
1420 783 1604 844 seque
1623 762 1917 823 oblivioni

254 857 539 932 traderet,
576 864 754 936 atque
780 854 959 916 etiam
993 853 1151 934 quod
1175 853 1247 914 ab
1272 874 1342 915 eo
1366 862 1465 915 aut
1487 853 1560 914 ab
1585 854 1637 932 ej
1650 872 1715 913 us
1739 854 1911 913 chor-

258 947 542 1027 episcopo
577 947 779 1007 minus
820 960 993 1020 aequa
1023 941 1085 1002 in
1141 942 1399 1023 aliquem
1430 962 1503 1003 ex
1538 942 1744 1003 amicis
1795 942 1918 1003 suis

258 1037 373 1097 lata
404 1047 563 1099 esset
595 1033 915 1096 sententia.
956 1029 1282 1093 Nuntiabat
1332 1030 1813 1113 persecutionem
1857 1032 1917 1092 in

260 1124 494 1188 Gotthia
528 1134 817 1205 martyres
845 1123 1068 1200 facere,
1095 1140 1282 1201 seque
1311 1124 1792 1203 persecutionem
1820 1139 1919 1201 pa-

261 1215 548 1277 tientibus
579 1233 753 1296 opem
784 1231 893 1293 pro
923 1209 1150 1271 viribus
1181 1211 1359 1273 ferre.
1395 1211 1497 1273 His
1522 1210 1802 1271 omnibus
1825 1228 1917 1271 re-

260 1307 516 1384 spondet
536 1304 792 1368 Basilius
820 1308 877 1362 in
909 1300 1162 1381 epistola
1182 1302 1320 1382 155,
1347 1300 1421 1362 de
1444 1318 1563 1382 qua
1582 1298 1735 1361 alius
1757 1300 1917 1361 redi-

262 1396 347 1460 bit
379 1393 602 1473 agendi
634 1396 822 1456 locus.

325 1483 820 1563 Vill.lncipiente
838 1480 929 1542 vel
945 1478 1462 1560 appropinquante
1478 1478 1673 1541 hieme
1687 1477 1917 1558 accepit

263 1574 524 1636 Basilius
555 1573 784 1632 litteras
815 1572 888 1631 ab
923 1570 1167 1648 Evagrio
1218 1571 1584 1650 presbytero,
1620 1569 1721 1649 qui
1780 1588 1913 1630 eum

262 1662 609 1742 rogabat,ut
629 1659 999 1739 paciﬁcanda:
1013 1658 1914 1722 EcclesiaaAntioclienaiconsi-

269 1753 419 1813 lium
445 1750 794 1829 susciperet,
823 1768 887 1809 ac
910 1750 1136 1829 legatos
1154 1749 1211 1809 in
1226 1749 1608 1812 Occidentem
1627 1749 1913 1817 mitteret.

2003 602 2146 681 mss.
2173 585 2424 681 et_editis
2443 588 2787 681 inscribitur
2805 592 3269 681 Antiocho.Nam
3288 600 3402 681 ipsi
3427 610 3641 670 Antio-

1998 674 2111 734 cbo
2128 673 2352 754 scripta
2372 694 2631 756 sequens
2652 679 2902 758 epistola
2930 684 2995 762 (c)
3012 683 3073 745 in
3094 673 3367 753 eamdein
3393 705 3643 759 senten-

2002 762 2656 867 tiam.D.o‘lorem‘eniin
2695 785 2876 867 suum
2905 774 3127 851 pariter
3149 777 3644 867 signiﬁcat,quod

1999 851 2158 950 illius
2181 852 2415 914 videndi
2448 854 2838 950 desiderium,
2860 879 2976 940 quo
3001 851 3233 928 duduni
3248 851 3643 950 ﬂagraba‘t,ad

2000 942 2220 1002 exitum
2236 961 2353 1003 non
2368 944 2739 1023 perduxerit.
2759 926 2898 1010 Haec
2929 968 3069 1031 ergo
3100 926 3639 1028 scribeb‘at'eo'd’eumu

2003 1039 2274 1132 tempore
2322 1050 2390 1093 ac
2414 1034 2731 1132 epistolam
2764 1040 3201 1132 praecedentem
3232 1068 3248 1127 ;
3284 1066 3354 1110 ac
3392 1056 3645 1132 proinde

2000 1130 2310 1223 utramque
2328 1122 2427 1223 uni
2442 1131 2495 1185 et
2514 1124 2711 1222 eidem
2726 1144 2849 1223 non
2863 1129 3124 1210 scripsit.
3145 1122 3439 1203 Praeterea
3457 1145 3643 1223 pigri-

2002 1217 2095 1271 tia:
2108 1210 2445 1274 criminatio
2462 1214 2690 1291 optime
2713 1216 2953 1295 quidem
2980 1220 3041 1281 in
3062 1223 3386 1289 Eusebium
3419 1210 3643 1297 conve-

2001 1300 2293 1399 nithuem
2312 1301 2667 1399 Basilius(d)
2706 1303 2886 1365 etiam
2903 1316 3088 1389 atque
3114 1312 3293 1375 etiam
3333 1335 3648 1399 rogaverat

1999 1397 2064 1452 ut
2080 1392 2409 1451 Caesaream
2424 1389 2673 1469 veniret,
2692 1401 2753 1454 at
2769 1412 3142 1479 nequaquam
3162 1401 3224 1463 in
3249 1389 3614 1476 Antiochum

1999 1497 2175 1580 quem
2210 1497 2393 1559 penes
2423 1465 2757 1580 situm-lion
2789 1465 2916 1545 erat
2949 1465 3642 1580 Caesaream

1999 1569 2115 1630 nisi
2137 1578 2379 1650 patruus
2390 1588 2525 1631 eum
2542 1571 2807 1635 mitteret
2824 1584 2925 1635 aut
2943 1595 3147 1641 secum
3173 1569 3442 1653 duceret.
3464 1569 3648 1658 Deni;

2001 1659 2514 1763 que‘soliquadrat
2529 1657 2808 1763 Eusebio,
2831 1666 2990 1763 quod
3010 1669 3090 1728 ait
3109 1672 3378 1753 Basilius,
3402 1700 3475 1741 ne
3490 1701 3646 1763 prae-

2000 1750 2191 1850 teritis
2221 1747 2461 1850 quidem
2493 1751 2872 1850 annis'tale'm
2904 1756 3088 1820 fuisse
3137 1747 3549 1850 congressum,
3584 1786 3648 1838 ut

272 1840 442 1913 Quod
467 1846 687 1917 spectat
710 1837 783 1898 ad
801 1836 1121 1901 Ecclesiam
1145 1839 1912 1917 Antiochenam,summum
1939 1870 1979 1922 Β
2001 1840 2330 1898 satietatem
2353 1838 2612 1927 afferret.
2638 1839 2785 1903 Nam
2808 1842 3062 1908 Basilius
3085 1836 3413 1920 Eusebium
3440 1836 3648 1927 invisit

272 1948 395 2009 prae
425 1948 489 1989 se
515 1928 624 1988 fert
647 1946 909 1989 amorem
934 1929 1095 2007 pacis
1120 1926 1376 1989 Basilius
1409 1929 1519 2008 (α),
1545 1946 1730 2008 seque
1756 1932 1918 1995 nulla

262 2036 516 2101 prorsus
536 2016 597 2078 in
624 2036 983 2097 quemquam
1000 2016 1418 2079 criminatione
1437 2028 1914 2098 praeoccupatum

262 2109 602 2188 proﬁtetur.
631 2106 750 2169 Sed
786 2115 983 2169 tamen
1011 2106 1298 2181 declarat,
1328 2107 1562 2169 etiamsi
1585 2108 1790 2186 gratim
1808 2112 1917 2173 rivi

264 2199 325 2259 in
354 2216 418 2259 se
447 2195 785 2269 afﬁuercnt,
820 2214 896 2257 ne
919 2205 1039 2257 tum
1074 2197 1317 2273 quidem
1351 2197 1673 2257 adductum
1702 2196 1800 2276 iri,
1855 2214 1917 2267 ut

266 2288 378 2349 hoc
412 2289 717 2366 negotium
747 2286 909 2346 solus
930 2285 1241 2375 suscipiat,
1268 2304 1403 2346 cum
1429 2294 1758 2367 praesertim
1783 2294 1916 2375 θρί-

265 2395 512 2457 scopum
536 2376 755 2437 habeat
786 2377 910 2436 haec
932 2372 1198 2437 Ecclesia
1219 2376 1553 2456 Meletium,
1592 2384 1692 2463 qui
1714 2372 1919 2445 nec'ad

265 2486 330 2528 se
360 2467 568 2529 venire
621 2474 838 2545 potest,
876 2484 986 2526 nec
1019 2465 1148 2545 ipse
1200 2465 1271 2525 ad
1306 2484 1463 2539 eum,
1501 2476 1623 2533 tum
1678 2482 1922 2554 propter

267 2556 485 2618 hiemis
520 2555 845 2628 molestias,
886 2563 1008 2616 tum
1063 2562 1306 2635 propter
1334 2558 1636 2622 Armeniae
1689 2571 1919 2624 montes

269 2644 434 2708 brevi
457 2645 779 2726 impervios
804 2645 1031 2705 futuros
1054 2647 1230 2705 etiam
1254 2653 1417 2706 recte
1441 2649 1918 2727 valentibus,ne-

268 2735 411 2796 dum
429 2734 541 2797 sibi
562 2736 735 2811 longa
752 2734 1101 2812 aegritudine
1116 2733 1540 2800 confecto.Sed
1561 2746 1759 2803 tamen
1774 2741 1919 2803 scri-

276 2834 514 2904 pturum
540 2845 603 2886 se
627 2825 697 2885 ad
722 2843 855 2885 eum
884 2824 1214 2904 proﬁtetur,
1243 2827 1512 2905 quamvis
1526 2848 1647 2891 non
1667 2831 1916 2893 multum

274 2924 479 2992 speret
511 2931 577 2976 ex
610 2914 721 2975 hoc
770 2912 1033 2975 inanimo
1066 2932 1368 2977 sermone.
1406 2914 1688 2981 Dolorem
1745 2940 1918 2982 suum

270 3001 466 3065 obiter
484 3004 799 3084 signiﬁcat,
819 3004 977 3084 quod
998 3021 1033 3064 a
1056 3002 1355 3066 Dorotheo
1381 3005 1633 3070 diacono
1662 3009 1918 3072 didicis-

267 3101 381 3167 set,
406 3094 715 3173 Evagrium
737 3093 897 3155 illius
919 3099 1250 3157 conventus
1269 3096 1621 3178 participem
1642 3102 1777 3161 ess'e
1803 3119 1918 3161 uo—

266 3182 456 3245 luisse
484 3203 499 3261 ;
526 3194 728 3246 contra
751 3201 927 3265 quam
950 3183 1064 3244 sibi
1089 3182 1373 3246 Caesareas
1397 3190 1775 3266 promiserat.

1999 1945 2155 1988 anno
2173 1926 2289 1989 369
2308 1932 2369 1989 et
2382 1926 2519 1988 372.
2540 1926 2748 1991 Utrum
2767 1943 2964 1995 autem
2979 1954 3136 1999 anno
3154 1939 3271 2004 369
3287 1948 3642 2015 Antiochum

1999 2015 2325 2077 Samosatis
2348 2017 2579 2091 viderit,
2612 2017 2677 2079 id
2710 2020 2882 2099 plane
2906 2023 3228 2089 incertum.
3256 2030 3647 2105 Restituenda

2001 2124 2141 2185 ergo
2166 2106 2292 2197 haec
2332 2107 2583 2186 epistola
2616 2108 2904 2187 Eusebio,
2941 2122 3001 2175 et
3048 2133 3308 2197 sequens
3345 2126 3645 2194 Antiocho

2003 2195 2315 2275 servanda,
2349 2200 2409 2256 in
2460 2213 2579 2273 qua
2610 2198 2865 2261 Basilius
2894 2202 2951 2263 ei
2983 2195 3364 2275 commendat
3398 2217 3645 2283 fratrem

2001 2284 2245 2347 camelis
2275 2284 2680 2364 praepositum.

2080 2374 2193 2475 1X._
2210 2374 2801 2475 ConsultusBasilius
2821 2377 2895 2439 ab
2920 2380 3244 2475 Eupaterio
3269 2391 3516 2475 ejusque
3529 2398 3649 2461 ﬁlia

2003 2467 2078 2528 dc
2107 2462 2289 2525 rebus
2308 2461 2685 2552 dogmaticis,
2714 2484 2941 2546 magna;
2984 2461 3269 2552 voluptati
3292 2461 3519 2548 litteras
3541 2506 3646 2551 eo-

2002 2574 2134 2617 rum
2165 2552 2278 2613 sibi
2307 2550 2491 2615 fuisse
2520 2552 2812 2633 signiﬁcat
2840 2577 2856 2633 ;
2886 2550 3141 2623 libenter
3165 2567 3326 2630 enim
3356 2589 3421 2633 se
3448 2575 3543 2637 his
3573 2550 3650 2642 de

2002 2644 2182 2706 rebus
2218 2643 2601 2730 interrogari.
2650 2646 2996 2724 Respondet
3018 2668 3083 2711 se
3122 2651 3421 2721 Nicaanam
3463 2665 3647 2730 ﬁdem

2002 2728 3650 2840 ⁹¹⁰¹Τί¹⁹⁰⁵δ¹⁵ί⁵⁹⁰⁵¹θ³θ¹⁰⁰ε¹ί³ίίεέρτεετθιῑτςοδεειριιορξ

2003 2836 2094 2888 ter
2116 2824 2419 2902 haeresim,
2459 2840 2591 2903 quae
2632 2842 2825 2905 nuper
2863 2830 3186 2914 prodierat,
3208 2835 3346 2900 ﬁdei
3390 2824 3651 2911 Nicaeus;

2002 2914 2320 3010 addendam
2347 2926 2477 3010 esse
2488 2921 2686 3010 censet
2701 2914 3181 3010 gloriﬁcationem
3204 2924 3451 2996 Spiritus
3466 2949 3662 3010 sancit

2002 3018 2138 3060 cum
2162 2996 2415 3098 Pii-treat
2436 2994 2612 3098 Filio.
2630 2995 3024 3098 Scriptaergo
3053 3004 3180 3068 hmo
3208 2994 3461 3089 epistola
3483 2994 3650 3098 post:

2002 3107 2180 3169 quam
2219 3087 2474 3150 Basilius
2530 3086 2802 3176 formulae
2848 3088 3104 3155 Nicaenaa
3156 3086 3648 3176 gloriﬁcatiouem

2001 3178 2260 3259 Spiritus
2276 3174 2793 3239 sancticumPatre
2807 3188 2865 3241 et
2879 3181 3029 3243 Filio
3045 3174 3379 3252 addendam
3393 3202 3649 3265 censuit.

356 3273 442 3335 De
462 3242 851 3334 mittendisjin
876 3270 1261 3336 Occidentem
1291 3242 1505 3354 legatis
1528 3242 1915 3355 idemsentit,
1933 3242 1980 3300 Ο
2005 3242 2289 3331 1‘13“th
2311 3276 2435 3329 tum
2457 3266 2702 3328 demum
2724 3266 2958 3333 ﬁdem"
2978 3242 3653 3354 censuiss'éi‘éiiiiiuiziis':

269 3362 429 3442 quod
448 3364 569 3441 jam
596 3364 655 3425 in
678 3363 950 3443 pluribus
964 3362 1231 3441 epistolis
1255 3364 1365 3424 hoc
1389 3382 1547 3426 anno
1571 3367 1915 3429 declaravit.

267 3451 459 3531 Negat
472 3471 535 3513 se
558 3469 919 3534 quemquam
937 3450 1160 3512 habere
1176 3469 1352 3531 quem
1369 3454 1559 3515 mittat
1583 3472 1598 3528 ;
1622 3475 1741 3517 non
1758 3459 1918 3517 enim

268 3540 329 3601 ei
360 3559 603 3620 operam
661 3538 951 3600 navabaut
984 3538 1249 3617 episcopi
1285 3556 1298 3599 :
1352 3540 1673 3603 mittendos
1720 3554 1919 3605 autem

268 3630 590 3710 episcopos
610 3627 895 3689 censebat
913 3626 1219 3707 Evagrius,
1250 3627 1428 3707 idque
1450 3627 1923 3692 Occidentalium

268 3718 472 3781 Verbis
502 3717 900 3779 nuntiaverat.
953 3714 1249 3777 Praeterea
1281 3716 1654 3781 subobscure
1703 3722 1926 3783 indicat

271 3806 530 3869 Basilius
555 3824 763 3887 parum
785 3804 895 3867 sibi
911 3804 1254 3866 satisfacere
1271 3805 1711 3891 Occidentales,
1727 3829 1839 3872 nec
1859 3828 1927 3872 se

270 3897 417 3979 quid
454 3898 541 3959 eis
574 3895 960 3959 scribendum
993 3894 1095 3966 sit,
1129 3903 1228 3955 aut
1258 3896 1397 3975 quid
1422 3915 1491 3958 ex
1517 3897 1813 3977 ejusmodi
1835 3901 1927 3963 lit-

286 3988 431 4048 teris
463 3984 824 4067 sperandum
876 3985 1104 4047 videre.
1139 3984 1433 4047 Caeterum
1480 3989 1542 4049 in
1575 3989 1689 4051 hoc
1725 4008 1927 4052 rerum

267 4086 433 4139 statu
464 4084 763 4157 precatur,
800 4084 863 4136 ut
894 4075 1052 4136 inter
1073 4085 1303 4151 septem
1337 4076 1500 4139 mille
1526 4079 1684 4140 viros
1721 4100 1929 4143 nume-

274 4176 468 4247 retur,
490 4167 589 4248 qui
616 4185 774 4246 genu
800 4172 938 4225 ante
962 4163 1101 4225 Baal
1128 4182 1245 4224 non
1266 4165 1648 4229 incurvavere
1674 4189 1688 4232 :
1712 4178 1771 4231 et
1791 4190 1928 4232 cum

278 4258 546 4318 animam
574 4274 743 4317 suam
768 4254 841 4315 ab
867 4253 1159 4315 haereticis
1183 4256 1365 4335 quaeri
1398 4257 1607 4333 sciret,
1632 4259 1709 4320 de
1732 4260 1925 4322 studio

288 4349 582 4412 Ecclesiis
610 4348 810 4409 deuito
840 4347 983 4409 nihil
1013 4364 1077 4406 se
1105 4348 1494 4409 remissurum
1530 4352 1841 4429 promittit.

355 4437 483 4500 Jam
517 4439 785 4498 luserant
810 4452 1053 4516 operam
1088 4436 1301 4528 Ariani
1332 4436 1497 4498 initio
1529 4439 1706 4518 hujus
1756 4441 1923 4528 anni,

2003 3359 2280 3458 tathium,
2332 3359 2515 3419 veluti
2555 3359 2877 3458 quemdam
2896 3361 3197 3458 _Proteum
3233 3376 3652 3458 constringere

2003 3450 2208 3546 voluit.
2229 3449 2424 3546 Quare
2448 3453 2580 3526 post
2602 3447 2750 3507 illud
2767 3449 3270 3546 quidem_tempus
3291 3447 3655 3546 scriptavhaec

2004 3536 2386 3616 epistola,sed
2425 3545 2621 3596 tamen
2650 3548 2971 3618 antequam
3000 3536 3288 3610 Eustbatii
3308 3564 3365 3612 et
3400 3536 3651 3622 aliorum

2008 3624 2391 3685 inimicorum
2443 3642 2606 3683 novae
2656 3628 2999 3690 molitiones
3049 3635 3336 3700 Basilium
3384 3645 3445 3705 in
3486 3652 3656 3713 triste

2008 3713 2304 3795 quoddam
2322 3713 2630 3811 silentium
2657 3718 3096 3817 etsuSpiciosas
3126 3733 3435 3795 cautiones
3457 3739 3656 3817 conje-

2009 3808 2234 3870 cissent
2255 3826 2281 3901 _;
2320 3804 2399 3862 ita
2431 3814 2491 3860 ut
2522 3821 2640 3900 non
2674 3802 2935 3901 libenter
2980 3809 3055 3868 de
3087 3813 3269 3877 rebus
3300 3802 3654 3901 dogmauEis

2008 3894 2424 3975 responderet,
2462 3901 2522 3952 ut
2556 3892 2887 3983 videbimus
2915 3915 3073 3959 anno
3098 3892 3393 3983 sequenti:

2093 3984 2352 4084 Basilius
2374 3983 2539 4084 initio
2572 3981 2944 4084 episcopatus
2970 3989 3152 4084 multa
3175 3981 3248 4054 ad
3271 3998 3652 4084 disciplinam

2012 4074 2450 4142 emendandum
2484 4075 2860 4155 decreverat,
2889 4076 2951 4136 in
2981 4078 3075 4138 liis
3102 4090 3163 4142 ut
3198 4101 3272 4148 ne
3304 4074 3655 4167 entheae;

2015 4174 2215 4234 uxoris
2237 4172 2488 4224 mortuae
2518 4179 2785 4223 sororem
2818 4166 2877 4225 in
2911 4171 3356 4237 matrimonium
3402 4166 3651 4254 ducere.

2012 4261 2130 4327 Sed
2156 4256 2379 4334 aliquot
2400 4253 2569 4313 annis
2590 4253 2807 4333 elapsis
2828 4260 3108 4333 prodiere
3131 4276 3239 4326 sub
3265 4274 3507 4334 nomine
3522 4253 3655 4341 liio.

2009 4352 2140 4416 dori
2174 4343 2504 4441 presbyteri
2552 4344 2763 4405 littera:
2795 4352 2866 4407 ad
2910 4347 3323 4418 defensionem
3356 4362 3653 4441 ejusmodi

2011 4436 2529 4539 matrimoniorum
2552 4442 2917 4539 compositae,
2943 4458 3091 4518 quas
3103 4444 3343 4521 quidam
3366 4436 3652 4539 ostendit,

273 4529 418 4624 dum
439 4526 702 4624 insidias
729 4526 946 4588 Basilio
977 4531 1237 4624 struunt.
1263 4523 1379 4587 Sed
1404 4545 1795 4624 nequaquam
1820 4523 1920 4593 dei
1949 4604 1993 4624 ﬁ
2011 4532 2115 4624 sed
2134 4541 2347 4590 rursus
2368 4523 2929 4624 abstulit,et‘coutra
2954 4533 3237 4624 Basilium
3258 4539 3440 4601 veluti
3458 4523 3654 4624 quod:

272 4616 416 4679 fessi
436 4616 598 4678 idem
628 4634 840 4677 rursus
871 4614 1133 4694 aggressi
1174 4623 1332 4696 sunt,
1362 4617 1613 4697 ejusque
1634 4604 1920 4683 animam
1946 4604 1996 4659 θ
2015 4622 2457 4697 damtrOpaeum
2470 4604 3655 4701 circumtulit,lt‘centiamdictitans‘se'hiz-

273 4708 631 4788 quaerebant
653 4714 775 4767 tum
799 4722 935 4766 cum
952 4705 1206 4784 Evagrio
1219 4707 1536 4767 scriberet.
1560 4706 1706 4769 Mala
1721 4728 1929 4772 eorum

275 4794 840 4861 consiliaindicatin
854 4794 1395 4877 epistolasequenti
1420 4796 1525 4873 (ὸ),
1560 4797 1623 4858 in
1645 4817 1763 4880 qua
1792 4801 1919 4863 Eu-

277 4885 514 4950 sebium
535 4892 725 4967 rogat,
751 4894 815 4947 ut
838 4902 942 4966 pro
972 4901 1038 4946 se
1058 4886 1252 4948 Deum
1282 4894 1586 4966 precetur,
1614 4899 1676 4949 ut
1703 4909 1923 4971 quem-

276 4975 600 5038 admodum
621 4993 656 5036 a
681 4973 996 5055 praeteritis
1018 4973 1468 5052 tentationibus,
1511 4975 1597 5039 ita
1632 4980 1814 5041 etiam
1848 4981 1923 5044 ab

278 5063 742 5129 imminentibus
765 5064 1075 5125 liberetur.
1120 5064 1186 5124 In
1215 5064 1427 5127 eadem
1460 5066 1712 5149 epistola
1752 5070 1928 5134 dolo-

279 5171 411 5218 rem
436 5173 607 5217 suum
630 5153 941 5235 signiﬁcat,
968 5153 1129 5234 quod
1149 5154 1473 5217 Eusebium
1499 5159 1799 5238 praeterita
1817 5178 1932 5223 tes-

281 5254 402 5308 tate
419 5263 539 5307 non
558 5244 777 5305 viderit
799 5263 817 5304 :
844 5245 1237 5325 queriturque
1256 5245 1418 5322 quod
1437 5248 1731 5312 Eusebius
1768 5252 1842 5313 ad
1865 5268 1933 5315 se

280 5352 363 5398 ne
388 5333 612 5397 scribat
649 5332 935 5414 quidem;
978 5333 1141 5395 unde
1183 5334 1313 5414 ejus
1352 5335 1625 5400 absentia
1665 5359 1784 5403 non
1826 5342 1930 5404 alii

279 5440 480 5487 causa;
507 5421 845 5502 tribuenda,
869 5422 988 5485 nisi
1003 5421 1161 5505 quod
1185 5424 1353 5505 piger
1374 5422 1457 5487 sit
1476 5427 1557 5490 ad
1575 5430 1931 5512 peregrina-

278 5514 478 5579 tiones
506 5512 818 5577 cbaritatis
845 5529 1026 5577 causa
1056 5514 1500 5597 suscipiendas.

396 5647 459 5729 ᾳ)
491 5646 679 5729 Epist.
715 5650 855 5713 156.

396 5666 435 5709 a
491 5647 679 5729 Epist.
715 5650 855 5713 156.

371 5647 459 5811 ibi
490 5726 680 5811 Epist.
716 5730 855 5793 157.

569 5837 851 5906 Ριηιοι...
878 5839 996 5905 αι.
1038 5836 1262 5906 XXIX.

2013 4716 2151 4777 bere
2171 4710 2400 4804 scripto
2422 4704 2797 4804 mandatam.
2826 4706 3056 4804 Quibus
3068 4728 3141 4772 ex
3156 4714 3347 4777 verbis
3359 4722 3657 4804 colligitur

2013 4822 2151 4868 eum
2184 4794 2560 4862 commisisse
2576 4794 2735 4873 quod
2753 4797 3142 4873 prohibuerat
3160 4803 3436 4871 Basilius.
3463 4794 3531 4875 Si
3545 4818 3653 4884 has

2011 4895 2240 4957 litteras
2263 4885 2570 4950 habuisset
2588 4884 2870 4958 Basilius,
2894 4885 3155 4951 libenter
3168 4891 3428 4961 Diodoro
3451 4905 3653 4972 misis-

2013 4994 2106 5048 set
2133 5030 2151 5060 ,
2178 4979 2286 5043 sed
2308 4993 2444 5038 cum
2471 4973 2724 5066 minime
2750 4973 3068 5054 dubitaret,
3105 4982 3249 5061 quin
3280 4986 3409 5066 ejus
3428 5000 3657 5066 nomini

2013 5092 2122 5173 ρος
2132 5069 2402 5173 {ra-udam
2418 5064 2629 5128 aiﬁctae
2645 5064 2919 5173 fuissent,
2928 5068 3093 5173 prior
3106 5064 3390 5173 ipsaillas
3406 5085 3653 5173 refellit,

2010 5157 2309 5244 utduplici
2323 5175 2505 5219 manu
2521 5164 2959 5245 oppugnentur;
2982 5157 3142 5221 idem
3156 5162 3315 5227 enim
3361 5157 3654 5245 facturum

2012 5255 2338 5319 Diodorum
2373 5245 2675 5337 sperabat.
2698 5244 3041 5337 Decretum
3072 5264 3245 5316 suum
3277 5258 3546 5331 defendit
3586 5244 3659 5337 es

2014 5340 2453 5432 consuetudine
2475 5335 2765 5432 Ecclesiae
2795 5335 3176 5432 Caesariensis
3210 5366 3223 5410 :
3258 5352 3515 5432 explicat
3553 5335 3661 5427 cur

2015 5436 2253 5516 Moyses
2270 5448 2343 5496 ea
2357 5429 2432 5493 de
2442 5445 2511 5489 re
2527 5426 2887 5505 siluerit,vel
2896 5429 3095 5509 potius
3104 5451 3227 5497 non
3255 5426 3494 5508 siluisse
3511 5426 3660 5514 con;

2018 5524 2574 5592 teuditmaturalem
2587 5535 3003 5613 cognationem
3013 5536 3663 5623 hisnuptiisconfuudii
