4142 6398
498 305 696 358 CXVIII

1911 286 2511 355 PROLEGOMENA.

471 431 867 494 demonstrat.
903 428 1184 491 Clausula
1217 426 1493 508 epistolae
1524 426 1734 506 probat
1766 427 1880 487 hoc
1898 426 2133 488 facinus
2155 433 2193 479 Δ
2215 425 2378 502 gravi
2409 444 2591 488 causa
2623 430 2766 508 poni
2794 450 2913 493 non
2948 432 3153 496 debet.
3172 432 3406 495 Deinde
3436 446 3576 492 vero
3598 429 3883 493 Basilium

464 522 525 583 in
558 519 931 599 Cappadocia
949 517 1339 578 commissum
1367 536 1487 577 non
1516 517 1703 577 fuisse
1731 538 1741 578 :
1772 516 1992 577 Precor
2021 534 2136 577 au-

470 609 919 688 tem,inquit,ut
944 606 1038 668 vel
1055 616 1270 668 nostra
1291 606 1631 667 admonitio
1650 607 1861 666 vitium
1876 613 2134 683 superet,

466 698 566 760 vel
600 715 723 758 non
735 705 937 775 serpat
955 699 1021 757 in
1040 704 1315 758 nostram
1337 697 1649 774 regionem
1674 697 1785 755 hoc
1799 693 2133 772 piaculum,

464 786 567 849 sed
588 788 657 846 in
684 785 901 864 quibus
929 786 1263 847 admissum
1284 794 1368 847 est
1390 783 1742 857 locis,inhis
1760 790 2131 863 permaneat.

470 874 774 936 Daudatur
804 876 932 936 hmo
964 874 1221 955 epistola
1248 875 1309 935 in
1343 892 1573 935 canone
1623 872 1723 951 23,
1759 892 1854 951 ep.
1898 874 2031 953 l99,
2069 892 2135 933 ac

475 965 730 1045 proinde
752 967 977 1046 scripta
998 973 1087 1027 est
1103 973 1241 1026 ante
1266 981 1490 1024 annum
1515 964 1656 1024 575.
1683 962 1927 1042 Aliquot
1948 980 2137 1023 annos

468 1053 782 1115 eﬂluxisse
832 1053 908 1115 ab
945 1054 1118 1115 initio
1172 1054 1551 1132 episcopatus
1596 1051 1818 1112 iudicat
1854 1050 2133 1131 Basilius,

470 1162 605 1204 cum
637 1144 722 1203 ait
755 1144 833 1223 (α)
871 1161 933 1203 se
964 1144 1039 1204 ab
1070 1144 1257 1205 initio
1309 1143 1412 1201 has
1445 1140 1683 1221 nuptias
1727 1139 2126 1219 prohibuisse.

472 1230 669 1304 Quare
700 1231 1011 1312 probabile
1034 1241 1129 1295 est
1160 1250 1299 1294 eum
1322 1230 1637 1310 scripsisse
1666 1229 1929 1292 Diodoro
1979 1248 2133 1291 anno

479 1322 596 1388 373
623 1332 725 1387 aut
755 1325 901 1387 374.

1072 1416 1317 1484 CAPUT
1358 1415 1539 1481 XXX.

480 1514 521 1563 Ι.
552 1514 792 1565 Basilius
815 1527 965 1563 anno
998 1513 1090 1562 374
1129 1514 1357 1561 ineunte
1393 1514 1620 1561 interest
1658 1513 1846 1565 funeri
1898 1510 2142 1570 Gregorii

536 1578 754 1644 patris.
804 1576 1029 1644 Scribit_
1056 1574 1428 1644 Amphilochia
1478 1588 1661 1644 recens
1702 1573 1965 1644 ordinato
1996 1610 2009 1644 ε
2036 1636 2043 1644 Ι
2070 1571 2137 1620 ΙΙ.

541 1634 708 1698 Ὲαεν
732 1639 921 1687 scribit
956 1637 1029 1686 ad
1055 1642 1108 1687 S.
1149 1634 1454 1694 Eusebium,
1484 1640 1537 1684 et
1572 1649 1673 1698 per
1697 1634 2137 1698 Amphilochium

542 1695 626 1752 ad
656 1703 914 1751 Iovinum
954 1703 1220 1749 comitem.
1262 1699 1337 1749 0b
1376 1695 1599 1747 missum
1642 1695 1837 1759 corpus
1879 1702 1935 1747 S.
1984 1695 2142 1745 Sabae

541 1766 757 1825 gratias
798 1765 914 1825 agit
948 1762 1195 1811 Asc/tolio
1237 1764 1291 1825 et
1330 1766 1561 1825 Sorano.
1610 1761 1707 1809 ΙΙΙ.
1761 1760 2036 1810 Exsilium
2080 1764 2135 1825 S.

542 1824 778 1884 Eusebii,
816 1824 891 1873 ad
916 1836 1086 1887 quem_
1110 1824 1346 1887 epistola;
1374 1824 1482 1883 166,
1526 1824 1633 1881 167,

541 1887 757 1938 Basilii.
784 1886 873 1935 IV.
907 1885 982 1935 De
1023 1885 1265 1948 Glycerio
1303 1886 1534 1934 diacono
1561 1888 1651 1947 qui
1690 1898 1817 1934 cum
1862 1887 2140 1948 virginum

540 1962 695 2012 grege
729 1950 1047 2011 aufugerat.
1094 1947 1163 2012 Υ.
1215 1951 1295 1996 De
1330 1948 1571 2012 epistolis
1613 1948 1840 2012 172-175.
1890 1947 1980 1995 Vl.
2030 1948 2143 1996 Fu-

547 2010 632 2061 roi
676 2014 736 2059 in
783 2010 1053 2061 Basiliam
1096 2010 1485 2059 hazreticorum
1535 2010 1623 2058 die
1649 2011 1800 2070 festo
1834 2013 1887 2059 S.
1933 2012 2142 2070 Eupsg—

545 2074 672 2124 chii.
729 2072 864 2122 Inde
911 2077 1055 2123 nata
1096 2076 1303 2122 occasio
1337 2071 1608 2123 scribendi
1652 2071 1783 2121 libri
1821 2071 1888 2121 de
1929 2073 2143 2132 Spiritu

544 2140 755 2186 sancto.
804 2135 917 2185 VII.
958 2136 1216 2195 Episton
1258 2134 1334 2184 ad
1378 2135 1816 2195 conjurationem
1858 2137 1997 2184 anni
2050 2133 2141 2180 374

548 2203 873 2261 spectantes.
914 2196 1400 2261 VIIIZA'onnulla:
1437 2198 1567 2261 alia;
1599 2197 1674 2246 ad
1719 2200 2138 2251 Samosatenses,

548 2258 623 2311 (id
644 2263 914 2323 episcopos
933 2259 1157 2310 Eusebio
1182 2262 1389 2309 amicos
1412 2263 1465 2309 et
1488 2258 1565 2309 ad
1587 2262 1963 2321 Antipatrum.

569 2360 616 2424 Ι.
653 2358 909 2422 Ineunte
934 2378 1088 2421 anno
1108 2360 1224 2422 374
1240 2357 1596 2419 Nasianzum
1621 2376 1686 2419 se
1707 2357 1960 2419 contulit
1982 2357 2144 2419 Basi-

488 2451 623 2528 lius,
660 2462 723 2511 ut
754 2450 1046 2529 Gregorio
1081 2447 1233 2529 patri
1278 2456 1512 2509 mortuo
1540 2448 1702 2526 justa
1752 2447 2139 2527 persolveret,

489 2542 737 2622 ejusque
759 2538 1044 2602 familiam
1095 2538 1155 2597 in
1188 2538 1301 2599 hoc
1336 2538 1498 2597 luctu
1531 2535 1844 2599 solaretur.
1900 2535 2141 2598 Patrem

490 2632 756 2693 oratione
777 2628 1010 2691 funebri
1029 2628 1286 2689 laudavit
1318 2626 1648 2705 Gregorius
1678 2625 1959 2687 audiente
1982 2624 2145 2688 Basi-

490 2721 594 2795 lio,
627 2720 853 2800 cujusa
875 2715 1159 2780 laudibus
1180 2716 1413 2777 initium
1441 2714 1681 2777 dicendi
1706 2714 1868 2789 facit,
1895 2732 2148 2796 eumque

489 2811 758 2872 hortatur
785 2810 857 2887 (b)
892 2815 954 2869 ut
1003 2825 1176 2868 suum
1210 2823 1448 2886 quoque
1479 2804 1782 2883 eloquium
1838 2804 2149 2885 depromat

488 2901 550 2961 in
574 2897 872 2960 laudando
898 2904 1093 2977 patre,
1115 2894 1213 2956 cui
1237 2893 1442 2954 multis
1463 2891 1803 2954 nominibus
1825 2892 2146 2955 obstrictus

493 3002 640 3069 erat,
691 3000 897 3071 utpote
932 2990 1089 3050 illius
1142 3005 1325 3068 opera
1367 2986 1429 3047 in
1463 2986 1663 3047 sedem
1718 2985 2146 3048 Czesariensem

491 3088 731 3144 evectus
754 3088 813 3141 et
835 3078 908 3139 ab
934 3097 1003 3139 eo
1028 3076 1362 3138 ordinatus.
1390 3075 1607 3138 Probat
1627 3072 2044 3137 Tillemontius
2071 3076 2144 3151 (e)

494 3173 552 3235 id
579 3167 899 3245 contigisse
916 3166 1086 3229 initio
1108 3164 1264 3226 veris
1289 3183 1359 3225 ex
1384 3162 1632 3245 epistola
1657 3162 1758 3243 27,
1806 3164 1864 3224 in
1887 3182 2004 3244 qna
2030 3163 2145 3224 Ba-

495 3260 659 3321 silius
682 3258 894 3339 pedem
922 3274 986 3316 se
998 3257 1171 3317 domo
1187 3274 1304 3315 non
1322 3253 1604 3315 extulisse
1622 3252 1732 3314 hac
1758 3253 1956 3314 hieme
1980 3260 2152 3313 testa-

498 3357 611 3410 tur.
640 3346 815 3409 Aliud
847 3352 1264 3424 argumentum
1299 3343 1445 3424 petit
1468 3361 1537 3403 ex
1567 3342 1949 3405 ordinatione
2000 3342 2149 3402 Am-

499 3438 809 3521 philochii,
832 3455 966 3517 qua:
990 3436 1049 3496 in
1073 3435 1231 3496 idem
1258 3442 1493 3513 tempus
1522 3432 1760 3507 incidit,
1784 3451 1852 3493 ac
1876 3430 2149 3510 Gregorii

500 3525 1048 3610 exsequiai,quibus
1070 3524 1338 3585 interfuit
1359 3522 1633 3597 Basilius,
1660 3521 2148 3600 Amphilochium

499 3629 698 3681 autem
732 3616 897 3679 initio
921 3615 1076 3677 veris
1098 3614 1432 3675 ordinatum
1458 3612 1641 3674 fuisse
1664 3610 2149 3692 suspicatur,hac

499 3711 669 3769 nixus
700 3707 1061 3786 conjectura,
1096 3703 1253 3785 quod
1309 3721 1423 3764 non
1460 3702 1731 3782 proxime
1786 3702 2151 3763 successerit

499 3798 781 3859 Faustino
807 3796 1106 3877 praeterita
1130 3801 1329 3855 aestate
1358 3792 1729 3871 mortuo,sed
1758 3790 1911 3852 inter
1928 3800 2151 3851 utrum-

502 3907 615 3968 que
641 3887 954 3948 haereticus
968 3884 1207 3965 quidam
1229 3884 1581 3961 interjectus
1604 3880 1810 3968 fuerit.
1839 3880 2154 3968 conjectu-

499 3966 623 4038 ram
649 3976 803 4038 eruit
826 3995 893 4037 ex
913 3976 1007 4036 his
1028 3972 1228 4035 verbis
1252 3970 1455 4033 Basilii
1483 3968 1554 4029 ad
1578 3966 2155 4048 Amphilochium(d)

500 4085 721 4129 recens
744 4065 1084 4126 ordinatum
1111 4079 1123 4121 :
1161 4058 1408 4122 Inimici
1433 4063 1709 4137 pereunt,
1734 4062 1802 4115 ut
1824 4073 1935 4115 rex
1956 4054 2159 4115 Israel

500 4156 638 4234 ﬁat.
675 4155 814 4214 Plus
843 4149 1225 4211 tribuendum
1257 4155 1419 4226 putat
1446 4145 1539 4205 his
1565 4142 1954 4234 conjecturis,
1982 4160 2155 4234 quam

502 4229 743 4303 Menaeis
790 4240 1005 4301 Graecae
1035 4235 1338 4315 Ecclesiae,
1392 4252 1525 4313 quae
1571 4232 1834 4294 natalitia
1884 4229 2155 4309 Gregorii

506 4330 768 4392 celebrat
794 4326 1078 4388 Kalendis
1096 4324 1387 4387 Januarii.

588 4418 879 4499 Equidem
905 4414 1237 4477 doctissimi
1259 4414 1367 4475 viri
1389 4410 1760 4490 argumentis
1782 4409 1866 4470 uti
1882 4428 2009 4499 non
2026 4428 2159 4491 pos-

1682 1807 1801 1885 gas—3
1829 1807 1955 1871 non
2011 1807 2141 1869 sunt
2164 1807 2201 1856 Β

2221 514 2420 576 invisit
2446 518 2643 577 statim
2675 526 2805 596 post
2829 523 3058 584 Pascha
3081 520 3727 603 Amphilochius;quod
3744 522 3878 601 qui-

2222 604 2359 665 dem
2393 625 2507 667 non
2533 607 2765 668 videtur
2789 609 3001 673 fecisse
3030 615 3233 674 statim
3262 620 3392 693 post
3422 610 3878 679 ordinationem,

2223 711 2399 781 quam
2414 695 2685 757 difficiles
2702 706 2761 757 et
2780 702 3138 763 necessaria
3154 702 3578 781 occupationes
3596 698 3879 779 subsequi

2222 780 2584 847 debuerunt.
2618 785 2990 848 Probabilius
3015 808 3156 867 ergo
3179 780 3581 852 estduosillos
3608 796 3879 861 eventus,

2220 872 2319 950 qui
2348 872 2843 954 eodemtempore
2858 879 3263 956 contigerunt,
3284 878 3725 939 ordinationem
3743 879 3884 939 Am-

2224 960 2510 1039 philochii
2528 969 2587 1023 et
2612 972 2860 1025 mortem
2877 964 3173 1046 Gregorii,
3195 969 3283 1029 vel
3307 987 3464 1028 anno
3496 966 3613 1029 373
3632 976 3883 1029 exeunte

2220 1050 2565 1133 contigisse,
2613 1072 2731 1114 non
2780 1056 2964 1117 multo
2998 1070 3133 1137 post
3183 1058 3389 1120 Basilii
3441 1056 3514 1117 ad
3563 1056 3877 1135 Evagrium

2221 1142 2555 1223 epistolam,
2590 1144 2649 1203 in
2682 1163 2799 1224 qua
2827 1144 3002 1224 longa
3046 1166 3111 1209 se
3142 1147 3493 1227 aegritudine
3526 1147 3743 1207 conﬁci
3796 1146 3881 1209 ait

2220 1230 2493 1304 Basilius,
2529 1232 2733 1293 itidem
2763 1242 2826 1294 ut
2873 1234 2933 1295 in
2964 1236 3214 1315 epistola
3262 1237 3336 1298 ad
3396 1236 3880 1315 Amphilochium

2223 1336 2436 1381 recens
2469 1321 2805 1383 ordinatum
2834 1343 2849 1399 ;
2879 1326 2969 1385 vel
2997 1326 3167 1386 initio
3193 1327 3333 1387 anni
3360 1326 3498 1400 374,
3525 1325 3575 1386 si
3597 1326 3731 1406 quis
3762 1324 3882 1387 Me-

2225 1408 2370 1470 naeis
2397 1413 2740 1473 Graecorum
2776 1412 3074 1475 inhaerere
3104 1415 3287 1477 malit.

2306 1500 2589 1561 Basiliam
2616 1502 2703 1580 (e)
2726 1512 3038 1580 rogaverat
3062 1514 3295 1565 mortuo
3316 1504 3596 1565 Faustino
3617 1503 3888 1566 Ecclesia

2226 1590 2577 1665 lconiensis,
2603 1602 2664 1651 ut
2687 1590 2799 1652 sibi
2825 1592 3171 1672 episcopum
3198 1593 3741 1655 daret.Verisimile
3765 1613 3884 1655 non

2224 1687 2315 1740 est
2336 1680 2622 1741 Basiliam
2644 1681 2755 1741 hoc
2781 1681 3041 1744 ofﬁcium
3066 1683 3409 1744 exhibuisse
3428 1682 3881 1761 lconiensibus;

2224 1769 2447 1849 quippe
2466 1789 2600 1831 cum
2619 1770 3035 1850 Amphilochia
3052 1791 3265 1834 recens
3282 1774 3555 1833 ordinato
3579 1774 3883 1849 gratulan-

2228 1858 2285 1919 di
2307 1860 2396 1920 vel
2425 1861 2621 1940 potius
2643 1861 2997 1923 consolandi
3030 1871 3087 1923 et
3107 1862 3463 1925 adhortandi
3486 1881 3663 1923 causa
3684 1863 3882 1943 scrip-

2226 1949 2393 2009 serit.
2433 1950 2644 2012 Statim
2680 1951 2837 2012 enim
2883 1960 3059 2031 atque
3090 1953 3400 2013 ordinatus
3426 1952 3533 2013 fuit
3565 1953 3876 2032 Amphilo-

2225 2038 2419 2118 chius,
2457 2059 2609 2101 onus
2633 2040 2745 2101 sibi
2778 2042 3121 2121 impositum
3152 2042 3209 2102 in
3238 2043 3450 2103 litteris
3494 2042 3567 2102 ad
3595 2041 3873 2102 Basilium

2226 2129 2723 2210 missis.utmajus
2743 2130 2963 2194 viribus
2976 2133 3597 2212 suis,luxit:suumque
3611 2130 3877 2191 dolorem

2228 2217 2551 2279 testabatur
2572 2221 2753 2302 quod,
2781 2239 2917 2281 cum
2950 2222 3242 2282 hactenus
3280 2221 3565 2283 Basilium
3608 2219 3877 2296 fugisset,

2228 2326 2303 2368 ne
2323 2307 2397 2368 ab
2420 2327 2491 2370 eo
2517 2310 2922 2385 ordinaretur,
2950 2312 3009 2371 in
3046 2310 3329 2372 Pisidiam
3364 2316 3610 2372 veniens
3644 2309 3726 2369 ibi
3750 2308 3884 2387 epi-

2229 2408 2534 2479 scopatum
2561 2400 2842 2481 accipere
2862 2415 3106 2463 coactus
3139 2408 3311 2463 esset.
3357 2406 3431 2462 At
3461 2398 3719 2461 Basilius
3748 2400 3884 2477 eju-

2230 2488 2424 2550 smodi
2438 2490 2873 2551 ordinationem
2892 2492 3177 2552 miraculo
3201 2508 3410 2552 carere
3426 2488 3888 2569 negat;ideoque

2228 2579 2717 2659 Amphilochium
2736 2580 2911 2659 jubet
2935 2600 3055 2641 non
3093 2579 3439 2659 impositum
3467 2595 3617 2655 opus
3646 2577 3884 2636 lamen-

2230 2670 2476 2743 tari,sed
2503 2670 2702 2731 divino
2722 2669 2941 2731 auxilio
2974 2667 3378 2730 confidentem
3405 2664 3657 2726 viriliter
3675 2682 3883 2743 agere,

2232 2768 2290 2821 et
2316 2778 2523 2821 navem
2550 2779 2743 2842 pravae
2772 2760 3060 2821 doctrinae
3105 2756 3385 2819 ﬂuctibus
3420 2753 3885 2816 immersabilem

2232 2849 2561 2912 custodire.
2598 2851 2791 2927 Rogat
2820 2855 2886 2908 ut
2943 2847 2994 2907 si
3042 2865 3107 2908 se
3167 2846 3347 2925 longa
3405 2844 3757 2924 mgritudine
3809 2842 3887 2904 ad

2234 2941 2460 3002 exitum
2495 2948 2917 3020 properantem
2937 2937 3195 2998 invisere
3217 2936 3500 3007 velit,nec
3523 2944 3758 3013 tempus
3776 2950 3887 2993 nec

2233 3034 2471 3105 signum
2503 3037 2833 3109 exspectet.
2860 3026 3054 3087 Monet
3080 3035 3143 3086 ut
3163 3025 3485 3103 diligenter
3501 3030 3703 3087 caveat
3725 3041 3799 3083 ne
3819 3039 3884 3083 se

2167 3173 2208 3223 C
2237 3118 2433 3197 pravis
2465 3118 2730 3180 moribus
2762 3114 2955 3196 abripi
2983 3116 3175 3195 sinat;
3213 3114 3319 3176 sed
3354 3115 3602 3174 missum
3635 3130 3701 3173 se
3750 3128 3884 3173 esse

2233 3208 2601 3281 meminerit,
2637 3227 2753 3269 non
2816 3215 2878 3268 ut
2920 3204 3070 3267 alios
3125 3214 3433 3285 sequatur,
3474 3202 3583 3264 sed
3643 3210 3707 3263 ut
3759 3203 3885 3283 ipse

2236 3308 2455 3378 praeest
2483 3298 2576 3359 his
2604 3298 2704 3379 qui
2736 3297 3058 3358 salvantur.

2314 3404 2390 3465 ΙΙ.
2427 3403 2552 3466 Hoc
2582 3420 2741 3462 anno
2784 3408 2916 3479 post
2965 3399 3125 3460 diem
3158 3396 3401 3459 Pascha:
3430 3394 3691 3459 Basilius
3720 3391 3795 3472 (Γ)
3822 3394 3885 3453 in

2232 3510 2471 3572 gravem
2501 3489 2774 3552 morbum
2791 3486 3562 3565 incidit,febribus,ventris
3580 3482 3888 3545 resolutio-

2234 3581 2414 3645 nibus
2450 3590 2509 3645 et
2537 3581 2832 3643 viscerum
2857 3576 3366 3641 commotionibus
3395 3577 3671 3656 agitatus.
3692 3572 3757 3634 In
3774 3573 3890 3634 hoc

2234 3678 2391 3735 statu
2424 3683 2573 3744 erat,
2606 3689 2741 3731 cum
2770 3686 2880 3749 per
2918 3668 3257 3729 Barachum
3316 3664 3557 3746 scripsit
3604 3661 3886 3735 Eusebio,

2236 3764 2333 3823 cui
2360 3760 2633 3821 morbum
2663 3765 2933 3834 excusat,
2956 3756 3120 3833 quod
3151 3774 3269 3815 non
3292 3756 3367 3816 ad
3396 3772 3533 3817 eum
3557 3754 3891 3834 proﬁcisca-

2241 3858 2359 3910 tur.
2388 3850 2683 3911 Caaterum
2716 3864 2781 3907 se
2810 3846 2969 3905 vires
2997 3844 3072 3904 ad
3106 3845 3222 3906 hoc
3252 3844 3367 3907 iter
3396 3852 3888 3925 recuperaturum

2240 3946 2462 4016 sperat,
2491 3937 2541 3996 si
2573 3953 2680 4015 pro
2710 3952 2775 3995 se
2806 3932 3101 3995 Eusebius
3120 3943 3421 4015 precetur.
3446 3936 3700 3997 Tantum
3727 3932 3887 3993 enim

2241 4024 2405 4085 illius
2433 4025 2709 4105 precibus
2740 4022 3095 4099 confidebat,
3126 4032 3188 4083 ut
3212 4041 3278 4085 se
3308 4026 3485 4087 etiam
3500 4025 3782 4103 juvenem
3816 4038 3889 4081 ex

2242 4132 2410 4194 sene,
2446 4132 2564 4174 non
2600 4114 2776 4175 modo
2804 4121 3079 4192 vegetum
3130 4131 3198 4176 ex
3254 4114 3494 4175 infirmo
3527 4124 3585 4174 et
3640 4129 3891 4193 prorsus

2243 4210 2570 4279 attenuata,
2606 4203 2736 4264 ﬁeri
2768 4220 2941 4283 posse
2965 4203 3268 4265 crederet.

2323 4303 2514 4367 Testis
2544 4306 2653 4366 fuit
2684 4306 2860 4385 hujus
2907 4304 3101 4367 morbi
3150 4304 3614 4386 Amphilochius
3642 4304 3751 4385 (g),
3789 4302 3892 4384 qui

2242 4395 2553 4473 Basiliam,
2590 4403 2653 4456 ut
2690 4404 2928 4475 rogatus
2958 4395 3166 4469 fuerat,
3198 4395 3422 4469 invisit,
3458 4413 3527 4456 ac
3568 4395 3669 4455 diu
3719 4412 3891 4454 cam-

508 4483 674 4573 sum.‘
696 4516 839 4570 Nam
866 4505 1113 4586 epistola
1136 4504 1236 4578 27,
1272 4522 1340 4564 ex
1359 4483 1719 4584 quavcolligit
1740 4483 2156 4560 Basilium'hac
2186 4536 2227 4583 ο
2247 4494 2509 4586 φοΐθοῑιξξ
2530 4494 2617 4586 εξει
2638 4485 2946 4586 Caesareae,
2971 4504 3090 4586 μοι)
3113 4484 3305 4546 solum
3330 4492 3709 4586 aegrotantem
3726 4483 3899 4586 Basi-

508 4600 710 4661 hieme
724 4573 937 4678 pedem
955 4598 1134 4656 domo
1151 4573 1267 4654 non
1284 4573 1732 4667 extulisse,ante
1750 4592 2157 4670 episcopatum
2187 4573 2223 4583 ν
2248 4576 2388 4678 |_i_l1|_n
2412 4575 2675 4678 ρίῙίοίρξιεὶ
2703 4576 3021 4678 διξάιξιίῐδῑᾳ
3055 4575 3285 4677 fovens,
3322 4578 3427 4678 sed
3458 4575 3640 4678 etiam
3668 4573 3893 4678 populo

509 4689 754 4769 scripta,
783 4694 845 4746 ut
867 4703 1046 4766 supra
1070 4683 1565 4746 demonstratum.
1593 4680 1946 4759 lnterjectus
1963 4688 2157 4739 autem

513 4778 859 4841 Faustinum
893 4776 1048 4836 inter
1078 4782 1137 4835 et
1165 4770 1646 4853 Amphilochium
1681 4770 2000 4830 hwreticus
2033 4785 2159 4830 eva-

511 4869 701 4931 nescit
724 4867 784 4928 in
808 4867 918 4927 hac
946 4882 1095 4926 nova
1121 4861 1696 4939 editione.Legimus
1718 4858 1875 4921 enim
1902 4874 2037 4919 cum
2063 4876 2161 4918 co-

511 4958 743 5021 dicibus
762 4975 901 5019 mss.
917 4977 929 5016 :
952 4957 1520 5033 Asincepereunt,ut
1538 4967 1645 5011 res:
1656 4946 1849 5010 Israel
1868 4946 2005 5024 ﬁat.
2023 4946 2161 5009 Am-

515 5046 800 5127 pliilochii
818 5043 1109 5107 ordinatio
1131 5042 1201 5103 ad
1222 5041 1452 5102 initium
1466 5039 1625 5100 veris
1642 5035 1783 5099 anni
1800 5034 1919 5127 374
1934 5034 2163 5127 diﬂ'erri

514 5125 631 5197 non
667 5145 881 5214 potest.
918 5133 1061 5194 Tam
1094 5134 1335 5210 longum
1368 5128 1529 5191 enim
1576 5125 2165 5214 intervallumhinter

514 5212 768 5288 mortem
782 5222 1068 5301 Faustini,
1078 5228 1137 5284 et
1147 5218 1581 5283 ordinationem
1596 5218 1643 5279 A
1655 5234 1708 5278 m
1717 5212 2164 5297 philochii,sine

627 5389 693 5465 a)
722 5387 799 5449 N.
837 5392 889 5446 1.

628 5462 684 5547 ὁ)
720 5467 856 5529 Naz.
890 5483 981 5547 or.
1019 5462 1114 5527 19.

626 5541 686 5627 ε)
718 5550 861 5612 Not.
893 5546 972 5608 29
1001 5550 1069 5627 in
1096 5541 1252 5606 Naz.

622 5629 695 5711 ἀ)
723 5627 917 5715 Epist.
949 5626 1091 5692 isi.

2244 4666 2425 4727 divini
2460 4665 2625 4730 verbi
2675 4665 2891 4747 pabula
2935 4665 3303 4727 ministrans.
3346 4663 3513 4728 Unde
3549 4663 3799 4727 Basilius
3831 4664 3895 4724 in

2243 4755 2496 4836 epistola
2528 4756 2617 4837 (li)
2652 4758 2761 4817 hoc
2789 4774 2946 4818 anno
2975 4763 3114 4817 ante
3154 4772 3421 4817 mensem
3470 4753 3891 4834 Septembrem

2244 4847 2469 4927 scripta
2496 4846 2584 4908 sic
2634 4865 2773 4908 eum
2804 4846 3174 4927 alloquitur:
3209 4846 3370 4908 Nam
3423 4860 3776 4924 persuasum
3801 4843 3896 4903 sit

2245 4934 2906 5017 tibi,inquit,populum
2918 4935 3598 5012 nostrum,cummultos
3611 4939 3898 5015 expertus

2244 5024 2604 5102 sit,nuliius
2646 5029 3050 5106 prasentiam
3092 5026 3178 5087 ita
3220 5024 3583 5105 desiderare,
3609 5031 3891 5085 utinam:

2247 5120 2460 5174 tantum
2490 5116 2541 5172 ei
2566 5116 2766 5173 auaris
2794 5116 3040 5172 aculam
3080 5114 3224 5170 breui
3250 5114 3343 5171 illo
3398 5129 3685 5186 congressu
3711 5111 3899 5170 immi-

2245 5199 2663 5267 sisti.Videtur
2681 5199 3139 5286 Amphilochius
3158 5199 3377 5263 Basilio
3410 5199 3681 5263 attulisse
3693 5196 3894 5264 Jovini

2327 5370 2409 5449 (ε)
2426 5361 2805 5449 Epist-.133-

2328 5445 2393 5529 (γ)
2420 5448 2467 5510 E
2492 5445 2529 5510 ’.
2576 5445 2716 5509 162.

2330 5531 2413 5593 (al
2446 5468 2559 5593 ἕο.
2599 5526 2735 5591 163.

2330 5531 2413 5611 (g)
2446 5531 2559 5608 Ep.
2599 5531 2735 5591 163.

2342 5611 2434 5692 (It)
2462 5611 2576 5693 Ep.
2610 5607 2751 5673 176.
