4142 6386
491 342 614 394 cxx
1874 324 2467 393 PROLEGOMENA.

490 466 731 529 Eusebii
763 462 1215 544 Samosatensis,
1252 462 1359 541 qui
1388 463 1628 526 tandem
1661 466 1776 527 hoc
1803 483 1959 527 anno
1982 485 2125 527 con-
2152 471 2190 522 Α
2212 464 2535 526 vehemens
2558 463 2800 527 Eusebii
2827 484 2997 527 umor
3032 475 3093 529 et
3136 465 3476 547 admiratio,
3514 467 3688 545 cujus
3720 466 3877 528 litte-

493 566 734 619 secutus
765 563 873 629 est,
911 551 1067 633 quod
1094 552 1448 631 jamdudum
1484 554 1595 615 sub
1630 556 1812 633 impio
1875 556 2133 635 impera-
2217 571 2300 614 ra
2331 573 2446 614 non
2482 554 2675 617 solum
2710 573 2816 617 sua
2847 565 3059 634 sponte
3090 558 3266 618 utiles
3299 575 3429 617 esse
3451 556 3874 630 dicuntur,sed

495 654 621 707 tore
645 645 879 706 invicta
900 642 1062 703 illius
1093 645 1445 705 constantia
1469 652 1525 705 et
1556 646 1805 705 summis
1836 644 1909 706 de
1942 645 2138 707 Eccle-

492 736 581 796 sia
614 734 840 795 meritis
872 731 1140 793 debitum
1175 731 1517 793 videbatur.
1554 734 1615 796 Id
1643 743 1836 795 autem
1864 735 2138 814 contigis~

490 844 555 887 se
580 825 693 885 hoc
725 841 907 903 anno,
941 820 1275 900 etquidem
1332 821 1491 883 circa
1541 830 1829 904 astatem,
1879 845 2013 884 cum
2068 845 2135 885 ex

489 912 741 993 epistola
769 912 884 975 162
910 918 1041 991 post
1084 910 1311 971 Pascha
1367 912 1585 991 scripta
1645 915 2025 993 perspicitur,
2079 915 2136 974 in

487 1022 604 1083 qua
632 1000 890 1063 Basilius
922 1017 1089 1079 spem
1120 998 1414 1059 invisendi
1468 998 1713 1062 Eusebii
1741 1004 1934 1064 adhuc
1988 1006 2135 1065 reti-

487 1094 672 1154 nebat
703 1115 719 1165 ;
771 1101 895 1151 tum
921 1089 1097 1151 etiam
1132 1106 1201 1148 ex
1233 1094 1408 1168 epist.
1461 1089 1600 1170 198,
1643 1110 1801 1153 anno
1832 1094 1971 1173 375,
2010 1102 2139 1173 post

487 1179 716 1244 Pascha
740 1178 1017 1241 similiter
1046 1178 1287 1256 scripta,
1321 1176 1384 1238 in
1410 1197 1524 1259 qua
1548 1180 1803 1242 Basilius
1840 1183 1971 1260 plus
2001 1201 2137 1263 qua.

488 1281 623 1333 tuor
654 1270 880 1331 litteras
909 1267 982 1329 ad
1013 1265 1336 1330 Eusebium
1390 1268 1757 1332 exsulantem
1812 1273 2044 1333 misisse
2073 1291 2137 1333 se

491 1370 761 1436 testatur,
795 1357 1063 1439 quamvis
1089 1373 1153 1417 se
1186 1355 1441 1419 fateatur
1467 1377 1585 1420 non
1618 1378 1774 1439 sape
1796 1361 2129 1441 scripsisse.

570 1454 723 1515 Dum
759 1450 820 1509 in
848 1445 1164 1509 Thraciam
1196 1446 1258 1507 S.
1298 1455 1517 1528 martyr
1537 1459 1699 1511 recta
1747 1452 1937 1511 tendit
1971 1452 2135 1531 (illuc

489 1544 649 1605 enim
682 1540 978 1618 relegatus
1007 1545 1096 1596 est
1126 1553 1159 1595 a
1189 1533 1486 1610 Valente),
1543 1557 1649 1613 per
1706 1539 2135 1621 Cappadociam

487 1631 744 1704 transiit,
772 1636 1021 1707 ejusque
1040 1624 1355 1705 complexu
1378 1627 1599 1705 potitus
1622 1629 2132 1692 videturBasilius.

488 1720 635 1783 Nam
666 1719 726 1779 in
752 1716 1008 1797 epistola
1044 1714 1154 1776 168
1185 1714 1261 1773 ad
1296 1714 1653 1777 Antiochum
1690 1727 1747 1779 et
1777 1720 1925 1781 alios
1949 1722 2133 1781 sancti

2220 645 2395 704 etiam
2422 645 2734 725 accipienti
2755 646 2907 725 apud
2934 645 3374 707 alioshomines
3394 647 3873 725 perhonoriﬁca;

2220 734 2440 813 quippe
2464 753 2597 794 cum
2622 734 2683 793 in
2708 734 2907 815 aliquo
2933 737 3086 815 apud
3126 744 3346 797 tantum
3400 736 3585 797 virum
3620 756 3874 799 numero

2222 839 2353 881 esse
2387 823 2895 901 perhonoriﬁcum
2931 826 3034 885 sit.
3088 829 3230 888 Hac
3281 827 3529 907 epistola
3574 833 3877 906 reperitur

2222 909 2398 971 etiam
2430 912 2585 991 apud
2620 911 2999 992 Gregorium,
3033 924 3245 995 estque
3279 920 3431 977 inter
3462 916 3619 977 illius
3649 917 3872 997 episto-

2223 998 2309 1061 las
2339 1001 2751 1063 ducentesima
2778 1012 3005 1083 quarta.

2304 1087 2402 1151 IV.
2437 1090 2606 1152 Circa
2640 1092 2751 1153 hoc
2787 1102 3022 1173 tempus
3078 1094 3310 1155 videtur
3353 1095 3699 1157 collocanda
3732 1096 3870 1177 Gly-

2222 1178 2723 1242 ceriihistoria.ls
2747 1182 3135 1243 monasticam
3164 1185 3426 1264 vitam(c)
3456 1186 3867 1264 profitebatur,

2222 1276 2280 1328 et
2309 1266 2603 1330 Venensis
2633 1269 2915 1332 Ecclesia
2936 1272 3223 1333 diaconus
3246 1292 3279 1335 a
3309 1272 3369 1336 S.
3392 1274 3610 1335 Basilio
3633 1276 3871 1337 ordina-

2221 1364 2336 1436 tus,
2361 1368 2423 1418 ut
2454 1360 2805 1440 presbytero
2839 1361 3229 1443 ministraret,
3278 1373 3335 1425 et
3384 1383 3533 1444 opus
3586 1363 3870 1426 Ecclesia

2220 1456 2456 1508 curaret
2474 1452 2619 1527 (non
2650 1448 2792 1511 lav'e
2812 1451 2970 1511 enim
3004 1452 3277 1514 manibus
3302 1454 3714 1535 operabatur),
3743 1474 3867 1515 non

2222 1536 2398 1597 modo
2426 1555 2599 1618 opus,
2629 1538 2787 1619 quod
2821 1546 2874 1599 ei
2906 1543 3289 1602 commissum
3318 1552 3466 1618 erat,
3494 1546 3729 1624 penitus
3756 1564 3867 1607 ne-

2218 1625 2420 1704 glexit,
2457 1627 2562 1688 sed
2592 1628 2768 1689 etiam
2792 1632 3012 1712 coactis
3046 1631 3266 1711 privata
3298 1638 3652 1695 auctoritate
3682 1636 3866 1697 mise-

2219 1714 2303 1775 ris
2332 1715 2907 1798 virginibus,partim
2934 1738 3041 1779 sua
3067 1730 3280 1801 sponte
3300 1723 3370 1783 ad
3397 1741 3532 1783 eum
3552 1743 3869 1787 accurren-

485 1810 844 1871 confessoris
877 1803 1125 1865 comites
1148 1803 1392 1882 scripta,
1427 1806 1585 1883 quod
1618 1806 1693 1867 de
1717 1826 1924 1869 eorum
1944 1810 2134 1869 cordi-
2160 1839 2195 1887 Β
2219 1803 2619 1886 tibus,partim
2653 1807 2857 1869 invitis
2889 1817 2946 1869 et
2963 1813 3646 1893 repugnantibus,capit
3670 1816 3863 1895 impe-

482 1900 594 1960 bus
624 1911 974 1978 persuasum
1008 1890 1267 1951 habebat
1291 1893 1574 1967 Basilius,
1602 1895 1662 1956 id
1697 1917 1762 1958 se
1794 1898 1947 1960 facto
1981 1918 2132 1978 pau—

480 1989 663 2066 lisper
695 2001 905 2047 eorum
940 1980 1206 2061 periculo
1232 1984 1611 2061 perspexisse
1636 1986 1920 2050 declarat.

560 2075 852 2156 Gregorio
887 2069 1255 2132 Nazianzeno
1289 2072 1498 2132 eadem
1532 2074 1785 2137 felicitas
1826 2098 1940 2138 non
1976 2078 2128 2139 obti-

478 2170 589 2250 git.
625 2167 711 2229 lta
742 2162 901 2224 enim
937 2159 1282 2240 agrotabat,
1316 2168 1377 2221 ut
1409 2180 1479 2225 ex
1517 2165 1748 2226 adibus
1783 2168 2131 2247 prospicere

482 2277 599 2319 non
628 2260 867 2336 posset;
904 2268 1015 2311 nec
1046 2259 1243 2309 tamen
1271 2251 1543 2332 morbus,
1572 2259 1679 2313 etsi
1714 2259 2125 2332 gravissimus,

485 2358 600 2410 tam
638 2343 925 2405 molestus
978 2337 1064 2399 illi
1116 2348 1266 2415 erat,
1319 2359 1492 2419 quam
1527 2343 1688 2419 quod
1729 2347 1991 2407 Eusebio
2025 2366 2127 2408 ca-

2216 1896 2373 1957 rium
2401 1897 2596 1975 gregis
2626 1896 2739 1958 sibi
2765 1916 3067 1980 arrogare,
3094 1918 3165 1961 ac
3199 1903 3546 1980 patriarcha
3567 1922 3782 1965 nomen
3807 1915 3863 1967 et

2217 1982 2483 2045 habitum
2520 1986 2631 2047 sibi
2667 2005 2928 2062 sumere,
2971 1988 3109 2049 inde
3150 1990 3307 2051 velut
3339 2009 3407 2051 ex
3449 1992 3701 2068 quadam
3735 2005 3859 2056 arte

2217 2075 2435 2137 victum
2469 2076 2583 2137 sibi
2607 2095 3330 2157 comparans:parumque
3362 2081 3569 2163 abfuit,
3604 2084 3739 2162 quin
3766 2096 3857 2144 to-

2217 2172 2332 2225 tam
2366 2164 2691 2227 Ecclesiam
2715 2166 2961 2228 sedibus
2981 2168 3104 2229 suis
3135 2178 3557 2232 commoveret.
3589 2174 3731 2232 Nam
3755 2192 3863 2234 nec

2217 2254 2624 2335 presbyterum
2658 2273 2977 2332 suum,uec
2995 2258 3516 2339 chorepiscopum,
3553 2280 3663 2323 nec
3695 2263 3860 2323 Basi-

2215 2343 2356 2404 lium
2386 2344 2795 2426 reverebatur,
2826 2349 3249 2429 perpetuisque
3279 2354 3487 2411 urbem
3516 2351 3863 2414 tumultibus

478 2436 735 2501 rendum
768 2438 949 2492 esset.
1001 2431 1319 2508 Postquam
1353 2430 1649 2493 Eusebius
1678 2436 1747 2495 ad
1800 2436 1995 2497 locum
2032 2456 2131 2498 ex-
2213 2434 2633 2497 acuniversurn
2662 2436 2889 2497 clerum
2918 2437 3624 2517 permiscebat.Taudem
3651 2460 3684 2502 a
3705 2441 3866 2503 Basi-

480 2526 600 2590 silii
635 2521 927 2606 pervenit,
955 2519 1196 2613 scripsit
1233 2519 1307 2579 ad
1363 2539 1498 2581 eum
1555 2524 1879 2600 Gregorius
1912 2528 1997 2606 (a)
2060 2546 2126 2588 ac
2214 2523 2293 2584 lio
2326 2533 2383 2585 et
2409 2526 2841 2613 chorepiscopo
2875 2526 3088 2588 leviter
3145 2526 3339 2588 verbis
3386 2528 3761 2609 objurgatus,
3789 2549 3866 2593 ne

478 2613 722 2696 rogavit,
751 2620 813 2672 ut
844 2609 996 2690 quod
1029 2626 1101 2667 ex
1131 2608 1263 2687 ejus
1287 2628 1613 2689 congressu
1644 2615 1714 2673 ad
1773 2617 1993 2677 anima
2025 2636 2123 2677 sa-
2210 2608 2895 2696 contemptor'evaderet
2928 2617 3087 2696 (nam
3116 2618 3371 2694 juvenes
3397 2616 3573 2677 etiam
3597 2618 3668 2677 ad
3693 2637 3865 2679 eam-

479 2708 666 2772 lutem
726 2696 1014 2778 consequi
1059 2716 1179 2758 non
1222 2707 1517 2779 potuerat,
1563 2700 1626 2762 id
1678 2702 1793 2765 sibi
1846 2704 2125 2784 precibus
2209 2704 3866 2784 demcontumaciamexercebat),faciuusadmodumau~

477 2796 634 2877 apud
667 2792 856 2853 Deum
890 2786 1240 2851 conciliaret
1274 2805 1287 2849 :
1323 2807 1519 2869 neque
1542 2792 1700 2852 enim
1734 2793 1843 2854 viri
1878 2804 1959 2855 tot
1993 2814 2125 2875 per-
2212 2795 2327 2856 dax
2354 2794 2817 2857 etinbumanum
2842 2792 3867 2877 excogitat:virgines,quotquotpo-

476 2878 890 2950 secutionibus
924 2895 1029 2959 pro
1063 2877 1386 2956 Evangelio
1445 2879 1677 2961 probati
1728 2883 1927 2944 minus
1982 2904 2125 2965 pro-
2213 2884 2343 2959 tuit,
2381 2902 2487 2963 per
2507 2883 2885 2960 sacrilegium
2912 2881 3417 2963 pradatus,nocte
3435 2883 3864 2962 observata,fu-

480 2981 655 3040 desse
680 2970 833 3050 apud
854 2970 1043 3031 Deum
1080 2984 1315 3047 preces,
1340 2984 1520 3045 quam
1540 2970 1796 3051 alicujus
1818 2991 1884 3033 ex
1908 2982 2128 3035 sanctis
2210 2991 2342 3053 gam
2376 2971 2765 3054 capessit.Rei
2799 2972 3132 3032 molestiam
3160 2980 3219 3033 et
3241 2972 3521 3035 facinoris
3539 2975 3861 3055 nequitiam

484 3060 836 3145 martyribus
860 3057 1281 3139 patrocinium.
2211 3070 2446 3142 tempus
2477 3060 2751 3141 augebat.
2778 3060 2946 3123 Tunc
2971 3060 3131 3124 enim
3157 3064 3241 3139 (d)
3263 3064 3349 3123 ibi
3370 3063 3713 3126 habebatur
3726 3084 3859 3127 con-

561 3148 892 3229 Rescripsit
913 3146 1205 3209 Eusebius
1224 3146 1535 3228 Gregorio,
1560 3168 1820 3232 eumque
1838 3151 1913 3213 de
1944 3153 2125 3214 rebus
2146 3205 2187 3257 ω
2210 3158 2445 3257 uentus,
2475 3160 2658 3257 atque
2680 3153 2896 3257 uigens
2906 3153 3337 3257 undecunque,
3366 3160 3432 3255 ut
3449 3172 3566 3257 par
3585 3161 3691 3235 est,
3716 3172 3861 3217 con-

483 3252 607 3311 suis
645 3240 961 3304 certiorem
1002 3237 1161 3298 fecit.
1198 3236 1395 3309 Quare
1422 3257 1558 3301 cum
1584 3242 1919 3322 Eupraxius
1954 3243 2126 3322 paulo
2146 3236 2187 3257 "
2206 3240 2433 3322 ﬂuebat
2458 3241 2802 3304 multitudo.
2841 3240 2954 3303 Ille
2975 3250 3173 3303 autem
3196 3244 3463 3304 vicissim
3481 3243 3731 3306 chorum
3753 3264 3861 3308 su-

484 3344 617 3421 post
637 3349 742 3414 per
762 3326 1197 3421 Cappadociam
1224 3330 1524 3421 transiens
1545 3331 1974 3421 adEusebium
1996 3350 2127 3394 sese
2208 3347 2311 3392 um
2337 3331 2706 3421 introduxit,
2721 3331 3373 3421 juvenesisequeutem,
3400 3350 3473 3393 ac
3502 3335 3859 3414 tripudian-

482 3417 937 3500 conferret,tum
953 3429 1016 3476 ut
1040 3417 1455 3479 illiusvidendi
1478 3419 1840 3483 desiderium
1857 3420 2121 3497 satiaret,
2208 3426 2347 3497 tem,
2371 3439 2442 3482 ac
2466 3418 2813 3500 plurimum
2845 3420 3106 3500 quidem
3140 3423 3415 3482 tristitiae
3433 3423 3554 3501 piis
3600 3424 3861 3505 afferen-

484 3531 605 3582 tum
638 3522 701 3574 ut
729 3509 928 3571 debita
963 3506 1101 3571 huic
1120 3510 1373 3589 tempori
1398 3509 1594 3572 ofﬁcia
1616 3512 2125 3587 exhiberet;Gre-

2217 3517 2350 3585 tem,
2380 3508 2711 3590 plurimum
2728 3518 2930 3571 autem
2958 3510 3120 3570 risus
3143 3509 3385 3572 lascivis
3408 3518 3461 3573 et
3481 3512 3694 3592 lingua
3711 3531 3861 3593 pro-

481 3608 678 3690 gorius
702 3603 855 3662 hanc
880 3597 1185 3659 scribendi
1217 3606 1275 3690 et
1295 3599 1615 3690 gratiarum
1639 3605 2001 3683 agendarum
2028 3623 2124 3669 oc-
2206 3600 2469 3663 cacibus.
2491 3598 2713 3690 _Neque
2736 3600 2841 3690 his
2868 3607 3183 3690 couteutue
3210 3601 3358 3678 fuit,
3396 3608 3513 3663 etsi
3542 3609 3665 3664 tam
3697 3612 3863 3666 atro-

480 3687 779 3762 casionem
814 3707 933 3749 non
956 3687 1505 3769 pratermisit.Hac
1528 3692 1685 3753 enim
1710 3697 2122 3778 epistola,qua

2217 3690 2374 3753 cibus
2403 3695 2460 3752 et
2484 3688 2804 3751 horrendis
2838 3688 2977 3767 ;sed
3006 3691 3189 3749 etiam
3212 3699 3492 3767 parentes
3519 3696 3857 3779 virginum,

480 3787 747 3853 estinter
776 3779 1262 3859 Basilianas166,
1286 3780 1443 3860 apud
1469 3783 1824 3862 Gregorium
1850 3807 1985 3849 vero
2011 3788 2120 3848 tri—
2205 3780 2522 3841 orbitatem
2552 3796 2675 3839 non
2706 3779 2987 3854 ferentes,
3021 3785 3207 3855 atque
3238 3779 3571 3861 dispersam
3621 3783 3859 3846 turbam

480 3880 728 3955 cesima,
762 3870 996 3931 videtur
1041 3869 1440 3950 adjudicanda
1489 3873 1803 3949 Gregorio.
1856 3875 2121 3953 Gregorii
2205 3869 2491 3931 reducere
2509 3869 2845 3945 Cupientes,
2888 3874 2943 3927 σε
2974 3866 3053 3928 ad
3087 3867 3353 3936 ﬁliarum
3392 3891 3646 3935 suarum
3674 3875 3859 3955 pedes

479 3969 688 4050 stylum
726 3961 910 4040 magis
942 3961 1221 4021 redolent
1252 3960 1379 4019 hac
1409 3960 1697 4022 orationis
1729 3973 2121 4025 ornamenta:
2208 3973 2344 4050 cum
2369 3956 2721 4050 gemitibus,
2754 3962 3320 4050 utconsentaneum
3344 3970 3453 4040 est,
3491 3964 3859 4045 accidentes,

476 4044 568 4123 Ae
588 4055 864 4138 patrium
912 4051 1152 4130 quidem
1190 4048 1386 4110 solum
1438 4048 1658 4109 habent
1683 4050 1820 4125 alii,
1854 4071 1965 4113 nos
1988 4070 2129 4113 vero
2209 4044 2611 4138 admirandus
2637 4045 2879 4138 iuvenis
2906 4062 3048 4138 cum,
3075 4048 3451 4138 prc'l’datoria
3499 4071 3611 4114 sua
3670 4044 3860 4116 manu

475 4132 801 4228 supernam
829 4142 1130 4201 civitatem
1161 4158 1173 4199 :
1205 4139 1324 4228 alii
1364 4143 1639 4198 nostrum
1671 4141 1926 4217 fortasse
1962 4142 2129 4202 thro-
2210 4132 2593 4228 coutumeliis
2621 4135 3162 4228 atqueignominia
3183 4139 3411 4228 a/Tecit.

476 4221 652 4310 ηιλτη,
678 4251 787 4294 nos
819 4228 1153 4290 Christum.
1185 4226 1230 4286 0
1247 4228 1549 4305 prceciara
1584 4230 1951 4305 negotiatio!
1982 4247 2127 4309 qua-
2291 4222 2434 4285 Cum
2460 4221 2763 4304 Glycerius
2800 4221 3148 4285 basianzum
3171 4226 3579 4291 venissetcum
3600 4230 3710 4296 hoc
3731 4234 3854 4294 vir-

480 4331 572 4390 m,
622 4320 1115 4398 wnwmpsimus,
1168 4316 1377 4395 qualia
1424 4315 1647 4378 lucratz‘
1685 4321 1935 4380 sumus!
2001 4317 2128 4379 Huc
2211 4314 2409 4392 ginum
2443 4313 3077 4394 grege,collegithanc
3099 4316 3852 4401 captivitatemGregorius,

477 4412 712 4481 accedit
742 4407 902 4489 quod
937 4407 1061 4468 hac
1093 4405 1347 4486 epistola
1374 4404 1433 4465 iu
1460 4406 1740 4467 erunibus
1769 4408 1989 4469 nostris
2019 4428 2124 4469 co-
2209 4423 2276 4465 ac
2319 4422 2636 4466 commune
2680 4404 2942 4466 dedecus
2986 4414 3307 4485 contegere
3358 4420 3607 4473 conatus
3641 4421 3751 4476 est.
3789 4412 3852 4474 Id

476 4505 710 4570 dicibus
738 4518 881 4560 mss.
914 4497 1295 4557 desideratur
1331 4505 1575 4575 excepto
1610 4495 1997 4560 Coisliniano.
2150 4559 2189 4582 η
2209 4492 2312 4555 ubi
2341 4493 2579 4555 rescivit
2608 4493 3105 4571 Basilius,scribit
3128 4497 3439 4581 Gregorio,
3476 4520 3600 4562 rem
3627 4512 3855 4582 gestam

556 4559 866 4657 iribuitur
890 4588 1066 4647 etiam
1101 4584 1390 4663 Gregorio
1422 4559 1681 4665 se'quens
1697 4587 1768 4647 ad
1795 4586 2122 4650 Eusebium
2150 4559 2408 4645 Dnarrat
2437 4583 2669 4661 ordine,
2705 4604 2773 4646 ac
2803 4592 2970 4665 rogat
2993 4604 3067 4647 ne
3103 4586 3227 4648 hac
3272 4559 3611 4652 tolerabilia
3627 4559 3850 4654 vexisti-

478 4683 731 4767 epilela
767 4679 878 4758 (δ),
903 4695 1033 4757 quae
1056 4675 1273 4756 Pariter
1293 4676 1352 4767 ἥρ
1376 4676 1505 4767 ξοΙο
1525 4675 1738 4754 legitur
1762 4675 2122 4767 Coisliniano
2207 4682 2351 4767 met,
2383 4673 2487 4767 sed
2518 4673 2576 4734 in
2610 4672 2836 4767 primis
2845 4674 3055 4767 jubeat
3075 4675 3419 4767 Glycerium
3443 4699 3576 4742 cum
3602 4682 3853 4763 virgini-

478 4765 710 4839 codice.
733 4767 1047 4831 Existimat
1076 4774 1277 4827 tamen
1301 4765 1712 4827 Tillemontius
1746 4766 1963 4829 Basilio
1989 4786 2120 4828 me-

478 4866 594 4928 lius
620 4858 943 4924 convenire
958 4855 1555 4935 excusationem,qua
1572 4854 1755 4916 utitur
1775 4867 1983 4917 auctor
1999 4857 2120 4936 epi—

476 4954 663 5028 stola,
696 4968 802 5013 cur
832 4948 904 5009 ad
934 4947 1257 5009 Eusebium
1280 4961 1397 5005 non
1424 4945 1856 5021 proficiscatur,
1878 4954 1939 5007 ut
1959 4944 2032 5006 ab
2052 4964 2121 5006 eo

475 5038 774 5127 patientia
798 5042 858 5099 in
881 5045 1160 5099 arumnis
1191 5035 1530 5127 exemplum
1560 5034 1776 5127 capiat.
1832 5035 1932 5127 ᾼίι
1960 5036 2115 5096 enim

474 5124 539 5196 se
572 5130 860 5193 molestiis
882 5137 945 5188 et
974 5126 1228 5207 negotiis
1247 5124 1526 5187 detineri.
1551 5124 1667 5186 Sed
1687 5142 1808 5187 sua
1829 5124 2117 5203 Gregorio

475 5220 766 5285 molestia
790 5234 896 5279 cur
926 5216 1371 5278 defuerintnon
1413 5213 1607 5275 video.
1655 5211 1827 5277 Certe
1884 5214 2119 5293 negotia

474 5313 688 5376 deesse
718 5326 838 5369 non
872 5314 1149 5385 poterant
1169 5303 1493 5367 Ecclesiam
1525 5300 1949 5365 Nazianzeuam
1984 5311 2119 5385 post

476 5410 729 5463 mortem
754 5393 939 5477 patris
956 5390 1591 5473 gubernanti.Utrique
1609 5391 1832 5472 optime
1849 5392 2118 5471 congruit

554 5570 638 5732 Et}
664 5567 783 5731 ἓξὲξ
807 5566 957 5713 iis.

2207 4762 2317 4826 bus
2338 4762 2705 4826 redirezeum
2741 4764 2902 4825 enim
2952 4764 3426 4830 misericordiam
3484 4762 3767 4849 aliquam,
3802 4775 3852 4834 si

2204 4872 2340 4916 cum
2364 4854 2639 4931 Gregorii
2672 4852 2882 4915 litteris
2900 4854 3383 4937 redeat,sperare
3406 4861 3779 4941 posse.Quod
3799 4866 3851 4927 si

2204 4943 2256 5005 is
2282 4943 2481 5006 redire
2504 4943 2676 5018 nolit,
2723 4942 2932 5005 saltem
2966 4943 3227 5024 virgines
3257 4948 3329 5008 ad
3352 4946 3678 5013 Ecclesiam
3713 4972 3851 5015 ma-

2205 5040 2351 5096 trem
2370 5032 2946 5105 remitlantur.Quod
2979 5033 3029 5096 si
3060 5035 3172 5096 hoc
3196 5036 3323 5098 fieri
3348 5041 3579 5119 nequit,
3595 5051 3653 5103 at
3684 5052 3852 5104 certe

2200 5122 2262 5184 in
2284 5142 2384 5187 eas
2404 5143 2542 5203 qua
2554 5123 2756 5185 redire
2776 5123 2999 5207 volunt,
3027 5126 3403 5205 tyrannidem
3429 5132 3849 5195 exerceriGre-

2198 5214 2404 5293 gorius
2421 5233 2540 5277 non
2563 5212 3082 5296 patiatur.Alioqui
3102 5215 3292 5277 Deum
3306 5225 3366 5279 et
3382 5218 3659 5284 homines
3672 5230 3847 5284 testa-

2201 5312 2298 5392 tur
2313 5305 2568 5368 Basilius
2590 5304 2716 5392 bac
2734 5303 2979 5392 minime
3001 5310 3166 5392 recte
3196 5305 3348 5389 fieri,
3378 5328 3572 5392 neque
3595 5330 3665 5374 ex
3688 5312 3844 5392 legi-

2199 5391 2315 5456 bus
2327 5391 2914 5475 Ecclesia.Glycerio
2939 5410 3073 5456 cum
3091 5390 3405 5476 disciplina
3417 5390 3842 5482 etcongruenti

2283 5568 2365 5710 εἰ)
2386 5563 2499 5709 ξι).
2529 5561 2672 5628 470.

2447 5664 2503 5710 υ.
2542 5644 2672 5709 169.

2283 5644 2365 5727 (ἀ)
2394 5644 2503 5728 Ep.
2542 5644 2678 5709 169.
