4142 6420
414 340 653 389 CXXVIII

1778 317 2187 383 PBOLEGOM
2196 320 2345 382 ENA
2356 367 2369 381 .

414 460 622 544 praelia
637 478 775 544 cum
797 460 1059 544 veritatis
1078 455 1871 544 hostibus_detin_t_i_erunt.(a)
1890 456 2053 544 Co_n-
2074 461 2114 511 Α
2137 453 2407 544 sepultus
2426 453 2685 544 dicitur.
2698 451 3041 544 Sitnplicius
3064 449 3249 544 multo
3263 467 3331 544 ac
3344 449 3544 544 verius
3567 449 3789 512 Usuar-

417 535 599 603 iinuae
618 541 797 605 etiam
810 556 879 603 ac
891 540 1280 603 vehementes
1291 538 1490 601 febres
1507 538 1668 600 illius
1681 554 1896 618 corpus
1912 535 2059 598 adeo

418 638 939 713 consumpserunt,
969 641 1034 691 ut
1053 629 1246 692 visum
1276 629 1352 691 sit
1381 626 1604 709 aliquid
1636 628 1764 707 ipso
1799 626 2057 705 tenuius,

415 721 546 801 ipse
569 739 781 801 nempe
804 719 1384 782 Basilius.Pra3terea
1405 724 1823 798 quartanarum
1845 733 2058 777 acces-

416 829 516 871 sus
541 812 695 873 ultra
724 809 931 889 viginti
957 809 1116 871 vices
1140 809 1555 890 perstiterunt.
1582 805 1868 868 Febribus
1901 804 2057 865 libe-

413 907 600 976 ratus,
637 899 719 961 ita
749 899 968 962 debilis
1007 908 1155 976 erat,
1190 908 1254 960 ut
1293 898 1441 960 nihil
1474 898 1546 959 ab
1571 914 1787 958 aranea
1820 895 2060 956 differre

411 989 739 1053 videretur.
765 988 967 1069 Itaque
995 1009 1133 1051 cum
1187 1007 1323 1050 eum
1381 986 1648 1049 Meletius
1701 984 1967 1047 medicus
1999 985 2058 1044 in

411 1097 579 1141 suam
630 1079 1012 1141 solitudinem
1064 1078 1392 1158 invitasset,
1432 1095 1549 1137 non
1583 1074 1771 1156 potuit
1808 1074 1918 1133 hoc
1950 1073 2062 1134 iter

412 1168 1082 1251 suscipere,quemlibet
1111 1187 1273 1231 aurae
1299 1166 1619 1247 impulsum
1636 1162 2054 1239 reformidans,

412 1258 518 1319 sed
552 1257 770 1321 iterum
800 1278 863 1321 se
886 1277 1067 1321 verno
1099 1267 1366 1339 tempore
1392 1254 1687 1337 promisit,
1709 1254 1885 1314 modo
1918 1271 2053 1315 eum

411 1346 572 1409 Deus
598 1368 810 1429 magna
837 1368 946 1411 sua
980 1367 1155 1411 manu
1187 1355 1447 1411 sanaret.

495 1436 713 1500 Incidit
741 1440 799 1499 in
819 1439 981 1500 hunc
1007 1437 1279 1500 morbum
1303 1446 1440 1499 ante
1471 1436 1734 1512 Pascha;
1761 1436 2055 1518 siquidem

414 1526 619 1590 libera
640 1528 906 1591 febribus
940 1546 1182 1590 vernum
1207 1536 1439 1607 tempus
1466 1525 1862 1605 exspectabat.
1892 1523 2055 1598 Quod

412 1616 463 1677 si
484 1618 541 1677 in
561 1618 738 1697 epist.
771 1618 885 1681 198
909 1618 1162 1679 febrium
1197 1616 1578 1679 acerbitatem
1604 1623 2053 1686 commemorat,

411 1706 503 1767 vel
536 1708 610 1769 de
640 1708 958 1788 praaleritis
990 1706 1259 1768 febribus
1284 1707 1341 1767 id
1368 1705 1821 1784 intelligendum
1847 1703 2057 1778 est,vel

2144 542 2254 604 dus
2277 551 2335 606 et
2363 543 2492 605 Ado
2523 542 2586 608 S.
2618 541 2965 623 Dionysium
2994 540 3055 601 in
3087 539 3459 621 Cappadocia
3489 546 3788 601 mortuum

2144 650 2275 694 esse
2305 634 2567 706 tradunt,
2602 634 2853 713 ejusque
2883 647 3104 710 corpus
3155 629 3476 692 Ambrosio
3505 627 3795 691 Basilium

2140 721 2497 785 reddidisse.
2523 721 2686 787 Utris
2718 720 3120 783 monumentis
3144 720 3293 782 fides
3321 718 3662 781 adhibenda
3691 719 3790 795 sit,

2145 811 2448 891 ambigere
2498 820 2653 874 vetat
2704 811 2953 891 epistola
3006 809 3210 871 Basilii
3257 810 3331 871 ad
3375 808 3789 883 Ambrosium,

2144 922 2316 983 quam
2352 903 2411 963 in
2440 903 2571 964 aliis
2593 902 2901 963 codicibus
2919 918 3064 961 mss.
3092 906 3149 959 et
3171 898 3347 960 editis
3372 897 3597 978 insigni
3623 906 3790 978 parte

2144 999 2500 1068 truncatam,
2538 992 2597 1052 in
2632 989 3031 1051 vetustissimo
3065 989 3271 1050 codice
3302 987 3609 1053 Harlaaano
3643 989 3789 1053 inte-

2143 1099 2306 1161 gram
2345 1080 2771 1160 percommode
2800 1079 3162 1160 reperimus.

2225 1170 2827 1241 (blAmbrosiusinter
2842 1170 3064 1248 primas
3078 1167 3457 1248 episcopatus
3468 1166 3793 1231 suisollici-

2144 1259 2383 1321 tudines
2402 1260 2457 1320 id
2484 1276 2644 1322 cura;
2660 1258 2958 1339 habuit,ut
2979 1276 3195 1338 corpus
3214 1256 3370 1320 beati
3392 1256 3793 1339 Dionysii,qui

2141 1348 2201 1409 in
2236 1349 2607 1429 Cappadocia
2637 1347 3292 1427 obierat,hiediolanum
3326 1347 3664 1409 reduceret.
3691 1350 3795 1410 Mi-

2142 1438 2217 1499 sit
2248 1457 2387 1518 ergo
2422 1457 2454 1499 e
2486 1439 2646 1500 clero
2691 1455 2798 1499 suo
2824 1438 3079 1499 selectos
3120 1437 3280 1498 viros
3309 1455 3443 1498 cum
3476 1437 3688 1498 litteris
3717 1437 3795 1500 ad

2145 1529 2449 1603 Basilium,
2479 1547 2654 1609 quem
2681 1527 2926 1605 rogabat
2959 1536 3022 1589 ut
3052 1527 3164 1588 sibi
3186 1528 3245 1587 in
3281 1527 3391 1588 hoc
3421 1526 3669 1588 consilio
3691 1526 3794 1587 ad-

2136 1619 2299 1696 jutor
2316 1618 2982 1681 esset.Mediolanenses
3013 1616 3219 1679 clerici
3241 1617 3478 1679 laudem
3505 1616 3609 1677 toti
3628 1617 3789 1679 clero

2142 1707 2576 1770 Mediolanensi
2601 1708 2996 1768 conciliarunt
3021 1726 3252 1767 morum
3275 1724 3517 1767 suorum
3531 1708 3786 1785 gravita-

411 1795 486 1856 de
517 1798 725 1859 morbo
751 1794 1579 1859 recrudescente.Recruduit
1599 1796 1755 1856 enim
1786 1792 2055 1859 morbus:
2142 1804 2293 1859 te:et
2313 1815 2447 1861 cum
2468 1798 2661 1858 adhuc
2675 1797 3114 1858 saevirethiems
3132 1796 3190 1857 in
3206 1794 3789 1876 Cappadocia,liben-

411 1884 569 1947 unde
589 1886 668 1947 ait
688 1886 750 1948 in
769 1886 1017 1967 epistola
1040 1887 1158 1949 200
1175 1908 1192 1949 :
1215 1886 1420 1949 Morbi
1435 1902 1531 1948 me
1554 1901 1631 1946 ea:
1648 1882 1881 1945 morbis
1901 1884 2060 1944 επί-
2085 1876 2120 1926 Β
2146 1894 2235 1948 ter
2255 1889 2368 1949 hoc
2396 1887 2845 1949 incommodum
2869 1887 3339 1967 pertulerunt,ut
3360 1885 3637 1947 mandata
3658 1888 3790 1967 epi-

404 1976 606 2054 piunt.

490 2065 759 2128 Morbum
779 2085 950 2128 suum
972 2065 1184 2129 eodem
1202 2064 1377 2127 modo
1400 2063 1627 2126 indicat
1648 2066 1702 2124 in
1724 2063 1973 2141 epistola
1987 2061 2059 2123 ad

408 2155 664 2227 Zoilum,
690 2175 820 2237 quae
845 2156 1097 2237 proinde
1139 2154 1211 2216 ad
1243 2154 1407 2215 idem
1442 2164 1680 2231 tempus
1714 2151 2056 2215 referenda.

408 2243 691 2309 Eruditus
720 2246 823 2307 ille
853 2246 942 2307 vir
972 2264 1039 2307 ac
1066 2244 1349 2318 disertus,
1387 2262 1518 2304 cum
1552 2243 1633 2306 sic
1666 2242 1739 2303 ad
1770 2240 2052 2303 Basilium

408 2335 767 2415 scripsisset,
796 2341 861 2398 ut
883 2336 1041 2397 velut
1063 2336 1121 2396 in
1142 2333 1462 2397 audaciore
1486 2334 1741 2411 quodam
1764 2332 1916 2393 facto
1948 2348 2053 2392 ve-

410 2425 570 2486 niam
597 2432 849 2506 peteret,
872 2427 1141 2487 hortatur
1161 2443 1296 2486 eum
1321 2422 1607 2500 Basilius,
1632 2431 1695 2484 ut
1715 2422 1786 2484 ad
1813 2439 2053 2484 omnem

408 2514 781 2578 occasionem
803 2515 1026 2578 scribat
1050 2514 1339 2591 ;libenter
1362 2514 1518 2575 enim
1538 2514 1833 2576 lecturum
1861 2530 1925 2573 se
1948 2511 2055 2573 viri

412 2605 753 2683 eloquentis
784 2606 1032 2679 litteras,
1069 2613 1127 2667 et
1172 2624 1303 2666 cum
1338 2624 1370 2667 a
1425 2603 1729 2685 Scriptura
1781 2601 2055 2662 didicerit

411 2703 695 2777 quantum
727 2697 803 2756 sit
836 2695 1143 2757 charitatis
1191 2694 1439 2774 bonum,
1473 2692 1889 2755 suavissimum
1943 2689 2054 2750 sibi

408 2785 536 2847 fore
566 2784 827 2847 hominis
847 2784 1102 2846 amantis
1129 2785 1519 2863 colloquium.
1549 2782 1830 2861 Ejusdem
1864 2779 2055 2840 morbi

410 2882 565 2935 notae
585 2872 980 2936 observantur
1012 2882 1133 2935 tum
1168 2874 1229 2935 in
1260 2873 1511 2954 epistola
1540 2872 1611 2933 ad
1642 2870 2051 2951 Euphronium

404 2962 665 3026 Coloniae
695 2964 1069 3045 episcopum,
1097 2964 1156 3023 in
1192 2982 1307 3043 qua
1328 2962 1473 3024 dicit
1495 2961 1679 3023 videri
1699 2978 1763 3022 se
1785 2957 2053 3022 adhucin

404 3060 566 3115 terra
582 3054 963 3132 versari,tum
988 3054 1048 3115 in
1068 3054 1181 3115 alia
1202 3054 1274 3114 ad
1304 3052 1843 3132 Aburgium,quem
1868 3056 2050 3129 optat,

407 3150 475 3206 ut
507 3142 822 3223 aliquando
845 3144 904 3205 in
940 3144 1129 3224 patria
1156 3143 1356 3205 videre
1383 3142 1591 3223 possit,
1620 3142 1759 3203 dum
1791 3140 1852 3201 in
1878 3137 2054 3200 terris

2143 1977 2305 2057 scopi
2331 1980 2421 2037 sui
2445 1976 2994 2058 adimplerent.Sed
3016 1976 3434 2039 difﬁcillimum
3461 1975 3571 2036 fuit
3589 1975 3789 2037 fideli-

2142 2066 2254 2128 bus
2276 2067 2438 2129 illius
2460 2068 2595 2137 loci,
2625 2068 2726 2129 ubi
2760 2066 3028 2147 sepultus
3053 2076 3180 2128 erat
3200 2064 3265 2127 S.
3295 2066 3627 2145 Dionysius,
3653 2084 3791 2146 per-

2143 2157 2488 2237 suadere,ut
2509 2167 2735 2238 patrem
2765 2166 2826 2218 et
2848 2166 3161 2237 patronum
3187 2175 3359 2217 suum
3379 2155 3794 2231 cederent,cui

2143 2249 2415 2327 martyris
2438 2248 2701 2310 honores
2726 2246 3097 2319 deferebant,
3128 2263 3427 2327 quemque
3449 2244 3790 2326 praesidium

2141 2336 2306 2398 urbis
2328 2355 2449 2399 sum
2471 2356 2604 2399 esse
2628 2335 3077 2400 ducebant.Sed
3094 2345 3290 2398 tamen
3305 2354 3409 2398 eos
3429 2334 3597 2396 ﬂexit
3616 2334 3795 2398 cleri-

2141 2444 2343 2488 corum
2368 2426 2899 2489 Mediolanensium
2932 2427 3115 2489 animi
3136 2423 3479 2488 firmitas.ln
3502 2443 3621 2505 quo
3643 2424 3788 2502 qui-

2140 2516 2276 2578 dem
2308 2518 2625 2597 perutilem
2649 2518 2737 2580 eis
2758 2536 3001 2599 operam
3029 2517 3257 2579 navavit
3293 2514 3621 2577 Therasius
3647 2533 3788 2594 pre-

2137 2605 2335 2686 sbyter
2352 2608 2757 2681 Cassariensis,
2771 2626 2947 2685 quem
2964 2606 3221 2670 Basilius
3234 2606 3321 2665 eis
3336 2603 3565 2665 socium
3578 2603 3789 2681 adjun-

2136 2704 2325 2760 xerat.
2360 2696 2415 2759 Is
2438 2697 2638 2758 labore
2665 2697 2898 2758 itineris
2922 2704 3132 2775 sponte
3155 2700 3432 2771 suscepto
3456 2691 3790 2753 vehemens-

2138 2787 2353 2848 tiorem
2372 2787 2639 2847 ﬁdelium
2667 2786 2781 2847 loci
2804 2785 2965 2846 illius
2998 2786 3284 2863 impetum
3309 2781 3704 2862 compressit:
3734 2790 3795 2842 et

2140 2894 2274 2937 cum
2297 2876 2658 2937 reluctantes
2686 2874 2957 2936 oratione
2984 2892 3089 2935 sua
3111 2872 3399 2951 ﬂexisset,
3428 2889 3628 2932 coram
3652 2889 3793 2950 pre-

2140 2964 3051 3045 sbyteris,diacouis,multisque
3072 2962 3205 3023 aliis
3228 2962 3415 3023 Deum
3438 2960 3794 3023 timentibus

2140 3054 2399 3115 sublatas
2419 3073 2553 3113 cum
2588 3052 2789 3114 debita
2811 3053 3146 3114 reverentia
3184 3050 3468 3131 reliquias
3499 3048 3785 3112 Mediola-

2140 3142 2423 3205 nensibus
2472 3144 2750 3224 servavit,
2787 3161 2934 3221 quas
2976 3143 3076 3223 qui
3124 3150 3296 3203 antea
3348 3139 3786 3217 custodiebant,

406 3240 695 3309 versatur,
732 3241 909 3314 atque
940 3251 1142 3294 aerem
1177 3233 1380 3308 ducit;
1410 3234 1469 3293 in
1495 3234 1605 3294 hoc
1640 3231 1799 3292 enim
1827 3238 2053 3291 tantum
2076 3242 2114 3292 C
2141 3251 2259 3293 non
2292 3232 2423 3293 sine
2451 3232 2724 3313 lacrymis
2760 3232 3062 3313 prosecuti
3094 3239 3256 3307 sunt,
3291 3228 3395 3291 sed
3421 3238 3622 3291 tamen
3644 3230 3786 3291 alio-

406 3322 753 3402 participem
788 3341 852 3384 se
882 3341 1011 3384 esse
1044 3322 1195 3397 vitae,
1231 3324 1385 3404 quod
1420 3322 1697 3402 respiret.

488 3412 633 3473 Cum
681 3412 952 3489 Colonia,
990 3413 1086 3474 cui
1134 3418 1387 3492 praeerat
1427 3412 1829 3493 Euphronius,
1865 3426 1897 3471 a
1943 3409 2053 3469 viis

408 3501 661 3581 publicis
691 3502 959 3576 distaret,
995 3502 1246 3564 Basilius
1277 3522 1412 3564 raro
1444 3503 1516 3565 ad
1543 3521 1679 3564 eum
1720 3499 2045 3573 scribebat,

407 3592 673 3671 quamvis
707 3610 861 3673 saepe
883 3593 953 3654 ad
981 3592 1127 3655 alios
1155 3592 1451 3655 Armenia;
1478 3593 1795 3673 episcopos
1829 3590 2049 3652 scribe-

405 3689 518 3763 ret,
552 3684 691 3763 quia
723 3689 1020 3744 neminem
1054 3683 1317 3744 futurum
1353 3684 1649 3764 sperabat,
1686 3681 1790 3760 qui
1822 3682 2049 3743 litteras

404 3790 541 3833 suas
565 3773 873 3838 Coloniam
909 3773 1217 3854 perferret.
1251 3772 1365 3836 Sed
1393 3793 1524 3835 cum
1559 3785 1702 3834 tunc
1733 3773 2051 3833 haberetur

405 3862 724 3925 concilium
750 3863 987 3944 aliquod
1013 3863 1074 3924 in
1099 3863 1400 3935 Armenia,
1426 3863 1585 3943 quod
1610 3861 1849 3941 quidem
1877 3862 2050 3941 paulo

405 3960 537 4032 post
565 3951 790 4015 Pascha
820 3953 1055 4015 videtur
1076 3954 1395 4030 contigisse
1429 3974 1443 4028 ;
1469 3952 1721 4015 Basilius
1738 3958 1841 4011 aut
1859 3951 2051 4030 ipsum

401 4041 808 4123 Euphronium
832 4061 1080 4122 sperans
1097 4042 1571 4119 adfuturum,aut
1589 4040 1800 4101 saltem
1828 4038 2055 4117 episco-

406 4152 511 4213 pos
542 4133 756 4213 quibus
789 4132 1110 4203 scribebat,
1147 4150 1389 4211 operam
1426 4132 1668 4191 daturos
1699 4137 1763 4189 ut
1786 4145 1891 4187 sua
1923 4145 2054 4207 per-

408 4223 661 4283 ferretur
685 4220 957 4299 epistola,
980 4222 1135 4281 hanc
1163 4219 1323 4281 illius
1347 4219 1640 4281 salutandi
1676 4217 2052 4280 occasionem

408 4328 528 4370 non
563 4309 969 4389 praetermisit.
1005 4309 1262 4389 Epistola
1321 4309 1421 4371 illa
1452 4311 1523 4371 ad
1568 4308 1887 4390 episcopos
1934 4309 2055 4368 Ar-

410 4399 624 4460 meniae
643 4399 887 4479 scripta,
918 4398 975 4461 in
1013 4418 1223 4478 magno
1256 4418 1508 4461 numero
1536 4406 1627 4461 est
1656 4415 1884 4470 earum,
1915 4414 2061 4477 quas

409 4507 740 4552 amnsrmus.

2134 3340 2265 3383 rum
2300 3323 2575 3402 gaudium
2618 3341 2737 3383 sua:
2770 3322 3163 3383 consolationi
3206 3319 3624 3401 praetulerunt.

2216 3413 2315 3476 Sic
2364 3412 2546 3474 rebus
2580 3431 2646 3473 ex
2681 3413 2976 3473 sententia
3020 3410 3310 3472 confectis
3341 3408 3655 3473 Ambrosio
3686 3426 3787 3470 re-

2136 3502 2379 3583 scripsit
2394 3501 2674 3579 Basilius,
2702 3519 2767 3562 se
2792 3500 2948 3561 inter
2965 3518 3183 3581 magna
3200 3499 3309 3561 Dei
3332 3500 3490 3561 dona
3510 3515 3790 3559 numera-

2132 3592 2385 3669 re,quod
2408 3610 2541 3653 eum
2559 3594 2999 3671 cognoverit,et
3017 3590 3238 3652 interni
3255 3588 3517 3651 hominis
3530 3588 3795 3668 pulchri—

2133 3684 2398 3746 tudinem
2426 3702 2496 3744 ex
2516 3682 2726 3744 litteris
2748 3683 3345 3761 perspexerit.Deum
3369 3679 3793 3759 glorificat,qui

2134 3792 2269 3835 eum
2308 3791 2339 3833 e
2359 3770 2664 3851 judicibus
2694 3778 2869 3831 terrae
2899 3777 2973 3830 ad
3003 3769 3352 3831 cathedram
3384 3768 3791 3850 apostolorum

2138 3861 2492 3923 mirabiliter
2515 3857 3132 3920 transtulitﬂortatur
3155 3866 3219 3919 ut
3236 3858 3461 3919 bonum
3488 3867 3793 3921 certamen

2139 3958 2351 4027 certet,
2388 3958 2445 4009 et
2476 3958 2713 4027 patrum
2752 3954 2997 4009 renovet
3052 3948 3309 4024 vestigia
3336 3957 3395 4009 et
3440 3967 3598 4030 saepe
3628 3948 3700 4009 ad
3727 3967 3793 4010 se

2140 4036 2383 4099 scribat.
2410 4036 2621 4097 Narrat
2647 4036 2945 4117 quomodo
2968 4055 3185 4116 corpus
3207 4037 3366 4099 beati
3393 4038 3661 4118 Dionysii
3685 4037 3791 4099 im-

2143 4135 2437 4208 petratum
2469 4126 2647 4187 fuerit
2677 4147 2710 4188 a
2752 4126 3031 4189 fidelibus
3063 4127 3222 4190 illius
3254 4128 3392 4202 loci,
3426 4127 3488 4189 in
3521 4147 3638 4208 quo
3688 4145 3792 4189 re-

2142 4217 2801 4299 quiescebat.Declarat
2823 4218 3053 4281 nullum
3071 4217 3789 4297 esseambigendilocum:

2144 4309 2302 4371 hunc
2336 4307 2498 4369 illum
2524 4326 2657 4370 esse
2680 4307 2969 4371 invictum
2995 4308 3286 4370 athletam
3314 4329 3327 4369 :
3356 4308 3483 4371 hinc
3504 4327 3639 4371 ossa
3664 4328 3798 4388 quae

2143 4417 2279 4460 cum
2300 4399 2473 4459 beata
2498 4397 2696 4461 anima
2716 4398 3364 4461 dimicaveruntmnam
3389 4417 3589 4462 arcam
3613 4398 3796 4461 fuisse

2145 4506 2277 4571 quae
2308 4487 2716 4551 venerandum
2756 4489 2904 4550 illud
2940 4507 3159 4569 corpus
3188 4489 3420 4569 excepit
3447 4510 3463 4571 ;
3488 4490 3794 4553 neminem

489 4576 565 4640 ll.
598 4580 683 4642 De
716 4579 1102 4642 translatione
1124 4580 1394 4660 corporis
1426 4579 1614 4641 sancti
1637 4577 1899 4658 Dionysii
1934 4575 2058 4639 Μει-
2086 4599 2127 4650 ο
2149 4598 2334 4661 prope
2365 4577 2557 4659 ipsum
2601 4579 2883 4659 iacuisse,
2908 4577 3144 4657 insigne
3186 4579 3528 4659 sepulcrum
3572 4580 3791 4661 fuisse;

410 4668 772 4732 diolanensis
797 4672 971 4733 variae
998 4669 1268 4732 feruntur
1299 4669 1587 4743 historiae,
1627 4670 1685 4730 in
1717 4667 1939 4748 quibus
1972 4666 2057 4727 di-

400 4759 745 4840 judicandis
792 4760 1160 4823 recentiores
1191 4760 1517 4840 scriptores
1552 4758 1936 4821 sudaverunt.
1974 4757 2059 4818 Ex

408 4849 762 4929 quibusdam
785 4850 949 4913 Actis
964 4850 1121 4932 apud
1144 4849 1544 4911 Mombritium
1569 4854 1811 4909 sanctus
1836 4846 2058 4927 Diony-

411 4938 533 4999 sius
565 4939 787 5003 obiisse
817 4939 1033 5001 dicitur
1065 4940 1123 5001 in
1153 4939 1459 5013 Armenia,
1497 4939 1555 4998 in
1587 4938 1845 5017 quadam
1883 4935 2057 5008 urbe,

413 5046 588 5108 quam
604 5029 705 5091 alii
734 5031 1093 5103 Arreicium,
1118 5030 1220 5091 alii
1251 5029 1627 5098 Ariaratiam,
1652 5028 1751 5089 alii
1782 5026 1916 5087 aliis
1951 5044 2063 5105 ap-

412 5118 632 5198 pellant
652 5121 1014 5184 nominibus.
1031 5121 1223 5199 Hujus
1241 5120 1405 5182 urbis
1422 5118 1737 5198 episcopus
1750 5116 2053 5190 Aurelius,

415 5207 1697 5289 proutDionysiusmoriensrogaverat,illius
1720 5225 1935 5287 corpus
1948 5204 2065 5268 Me-

416 5299 804 5361 diolanumad
822 5299 1205 5364 Ambrosium
1229 5300 1575 5380 episcopum
1596 5296 1796 5359 retulit
1823 5318 1838 5370 ;
1864 5297 2065 5377 ibique

417 5399 547 5470 post
575 5397 696 5450 tres
728 5408 915 5452 annos
943 5391 1068 5470 ipso
1116 5388 1304 5451 sancti
1348 5386 1613 5469 Dionysii
1657 5386 2063 5449 anniversario

415 5479 513 5543 die
545 5487 837 5556 mortuus,
866 5498 1051 5563 prope
1081 5478 1358 5544 eumdem
1407 5497 1442 5540 a
1487 5483 1692 5540 sancto
1744 5475 2066 5541 Ambrosio

500 5649 586 5733 (α)
613 5650 729 5735 Ep.
765 5650 907 5717 193.

2143 4669 2513 4733 Christianos
2536 4670 2639 4750 qui
2667 4668 2834 4730 illum
2858 4668 3117 4747 hospitio
3160 4677 3541 4748 exceperant,
3577 4678 3635 4731 et
3658 4677 3798 4733 tunc

2145 4758 2420 4821 manibus
2448 4758 2574 4820 suis
2595 4758 2952 4840 deposuisse
2976 4765 3037 4820 et
3071 4777 3228 4820 nunc
3251 4759 3572 4837 extulisse;
3604 4761 3793 4823 hono-

2144 4868 2272 4913 rem
2306 4849 2583 4931 martyris
2608 4849 2664 4909 ei
2695 4849 2959 4910 delatum
2984 4848 3189 4912 fuisse.

2226 4941 2357 5003 Non
2377 4958 2496 5000 una
2522 4947 2613 5000 est
2633 4956 2948 5018 causa,cur
2971 4938 3125 5000 hanc
3148 4937 3465 5019 epistolam
3491 4940 3607 5002 hoc
3640 4958 3797 5003 anno

2147 5030 2305 5092 circa
2334 5029 2564 5092 Pascha
2577 5029 2859 5109 scriptam
2874 5027 3235 5092 existimem.
3252 5030 3315 5092 1°
3332 5027 3397 5092 S.
3413 5030 3797 5092 Ambrosium

2148 5119 2423 5192 Basilius,
2448 5126 2509 5179 ut
2534 5135 2749 5179 recens
2768 5116 3049 5197 electum,
3075 5119 3343 5179 hortatur
3362 5119 3434 5181 ad
3456 5128 3685 5199 patrum
3709 5136 3800 5182 se-

2151 5205 2388 5290 quenda
2414 5206 2947 5288 vestigia,eumque
2970 5205 3261 5286 laudat,ut
3281 5225 3384 5287 spe
3406 5217 3462 5269 et
3485 5216 3798 5289 exspecta-

2148 5300 2311 5360 tione
2343 5294 2553 5374 magis,
2584 5315 2763 5377 quam
2794 5295 2978 5358 rebus
3012 5313 3116 5375 pro
3139 5294 3405 5358 Ecclesia
3435 5297 3668 5361 fortiter
3691 5315 3801 5378 ge-

2150 5390 2260 5449 stis
2283 5384 2602 5463 insignem.
2624 5386 2693 5448 20
2721 5384 2888 5448 Illius
2912 5385 3089 5446 etiam
3112 5385 3368 5447 clericos
3389 5386 3611 5462 laudat,
3640 5386 3799 5468 quod

2150 5476 2413 5539 hiemem
2428 5473 2778 5556 imperviam
2791 5493 2913 5539 non
2924 5473 3798 5545 reformidaverint.dummodo

2232 5644 2323 5727 (b)
2341 5642 2453 5728 Ep.
2487 5644 2626 5711 197.
