  <div class='ocr_page' id='page_1' title='image "/cluster/home/n/w/nwhite01/storage/ocr_20150623/29:no.1/coo.31924054873108/142.png"; bbox 0 0 4142 6400; ppageno 0'>
   <div class='ocr_carea' id='block_1_1' title="bbox 1652 310 2291 383">
    <p class='ocr_par' dir='ltr' id='par_1_1' title="bbox 1652 310 2291 383">
     <span class='ocr_line' id='line_1_1' title="bbox 1652 310 2291 383; baseline -0.006 0"><span class='ocrx_word' id='word_1_1' title='bbox 1652 310 1841 383; x_wconf 82' lang='lat' dir='ltr'><strong>VITA</strong></span> <span class='ocrx_word' id='word_1_2' title='bbox 1883 315 1944 380; x_wconf 93' lang='lat' dir='ltr'><strong>S.</strong></span> <span class='ocrx_word' id='word_1_3' title='bbox 1990 313 2291 380; x_wconf 82' lang='lat' dir='ltr'><strong>BASILII.</strong></span> 
     </span>
    </p>
   </div>
   <div class='ocr_carea' id='block_1_2' title="bbox 3486 326 3687 388">
    <p class='ocr_par' dir='ltr' id='par_1_2' title="bbox 3486 326 3687 388">
     <span class='ocr_line' id='line_1_2' title="bbox 3486 326 3687 388; baseline 0.01 -2"><span class='ocrx_word' id='word_1_4' title='bbox 3486 326 3687 388; x_wconf 69' lang='lat' dir='ltr'><strong>CXXIX</strong></span> 
     </span>
    </p>
   </div>
   <div class='ocr_carea' id='block_1_3' title="bbox 271 448 3686 540">
    <p class='ocr_par' dir='ltr' id='par_1_3' title="bbox 271 448 3686 540">
     <span class='ocr_line' id='line_1_3' title="bbox 271 448 3686 540; baseline 0 -19"><span class='ocrx_word' id='word_1_5' title='bbox 271 458 557 540; x_wconf 80' lang='lat' dir='ltr'><strong>episcopi</strong></span> <span class='ocrx_word' id='word_1_6' title='bbox 590 458 685 520; x_wconf 89' lang='lat' dir='ltr'><strong>sui</strong></span> <span class='ocrx_word' id='word_1_7' title='bbox 718 457 993 520; x_wconf 87' lang='lat' dir='ltr'><strong>mandata</strong></span> <span class='ocrx_word' id='word_1_8' title='bbox 1048 459 1435 522; x_wconf 80' lang='lat' dir='ltr'><strong>facesserent.</strong></span> <span class='ocrx_word' id='word_1_9' title='bbox 1462 458 1525 522; x_wconf 93' lang='lat' dir='ltr'><strong>Id</strong></span> <span class='ocrx_word' id='word_1_10' title='bbox 1557 463 1753 520; x_wconf 91' lang='lat' dir='ltr'><strong>autem</strong></span> <span class='ocrx_word' id='word_1_11' title='bbox 1792 450 1939 517; x_wconf 88' lang='lat' dir='ltr'><strong>nulli</strong></span> <span class='ocrx_word' id='word_1_12' title='bbox 1961 456 1998 507; x_wconf 83' lang='lat' dir='ltr'><strong>A</strong></span> <span class='ocrx_word' id='word_1_13' title='bbox 2024 448 2277 530; x_wconf 91' lang='lat' dir='ltr'><strong>epistola</strong></span> <span class='ocrx_word' id='word_1_14' title='bbox 2298 449 2587 512; x_wconf 90' lang='lat' dir='ltr'><strong>canonica</strong></span> <span class='ocrx_word' id='word_1_15' title='bbox 2610 449 2873 513; x_wconf 88' lang='lat' dir='ltr'><strong>secunda</strong></span> <span class='ocrx_word' id='word_1_16' title='bbox 2894 459 2951 513; x_wconf 92' lang='lat' dir='ltr'><strong>et</strong></span> <span class='ocrx_word' id='word_1_17' title='bbox 2980 467 3243 533; x_wconf 89' lang='lat' dir='ltr'><strong>sequens</strong></span> <span class='ocrx_word' id='word_1_18' title='bbox 3262 452 3515 535; x_wconf 89' lang='lat' dir='ltr'><strong>epistola</strong></span> <span class='ocrx_word' id='word_1_19' title='bbox 3536 455 3686 522; x_wconf 77' lang='lat'><strong>200.</strong></span> 
     </span>
    </p>
   </div>
   <div class='ocr_carea' id='block_1_4' title="bbox 269 547 1945 629">
    <p class='ocr_par' dir='ltr' id='par_1_4' title="bbox 269 547 1945 629">
     <span class='ocr_line' id='line_1_4' title="bbox 269 547 1945 629; baseline -0.004 -17"><span class='ocrx_word' id='word_1_20' title='bbox 269 568 430 612; x_wconf 87' lang='lat' dir='ltr'><strong>anno</strong></span> <span class='ocrx_word' id='word_1_21' title='bbox 459 547 689 610; x_wconf 90' lang='lat' dir='ltr'><strong>melius</strong></span> <span class='ocrx_word' id='word_1_22' title='bbox 712 549 1007 627; x_wconf 90' lang='lat' dir='ltr'><strong>congruit,</strong></span> <span class='ocrx_word' id='word_1_23' title='bbox 1044 569 1220 629; x_wconf 92' lang='lat' dir='ltr'><strong>quam</strong></span> <span class='ocrx_word' id='word_1_24' title='bbox 1248 548 1386 611; x_wconf 88' lang='lat' dir='ltr'><strong>huic</strong></span> <span class='ocrx_word' id='word_1_25' title='bbox 1418 547 1558 621; x_wconf 85' lang='lat'><strong>375,</strong></span> <span class='ocrx_word' id='word_1_26' title='bbox 1597 568 1713 628; x_wconf 92' lang='lat' dir='ltr'><strong>quo</strong></span> <span class='ocrx_word' id='word_1_27' title='bbox 1737 563 1945 608; x_wconf 92' lang='lat' dir='ltr'><strong>omnes</strong></span> 
     </span>
    </p>
   </div>
   <div class='ocr_carea' id='block_1_5' title="bbox 271 635 1941 720">
    <p class='ocr_par' dir='ltr' id='par_1_5' title="bbox 271 635 1941 720">
     <span class='ocr_line' id='line_1_5' title="bbox 271 635 1941 720; baseline -0.005 -17"><span class='ocrx_word' id='word_1_28' title='bbox 271 638 682 720; x_wconf 82' lang='lat' dir='ltr'><strong>Cappadocia</strong></span> <span class='ocrx_word' id='word_1_29' title='bbox 705 638 813 699; x_wconf 87' lang='lat' dir='ltr'><strong>via</strong></span> <span class='ocrx_word' id='word_1_30' title='bbox 850 656 1036 719; x_wconf 90' lang='lat' dir='ltr'><strong>usque</strong></span> <span class='ocrx_word' id='word_1_31' title='bbox 1067 639 1140 699; x_wconf 91' lang='lat' dir='ltr'><strong>ad</strong></span> <span class='ocrx_word' id='word_1_32' title='bbox 1175 640 1402 701; x_wconf 87' lang='lat' dir='ltr'><strong>Pascha</strong></span> <span class='ocrx_word' id='word_1_33' title='bbox 1452 637 1788 700; x_wconf 90' lang='lat' dir='ltr'><strong>interclusa</strong></span> <span class='ocrx_word' id='word_1_34' title='bbox 1810 635 1941 696; x_wconf 92' lang='lat' dir='ltr'><strong>fue-</strong></span> 
     </span>
    </p>
   </div>
   <div class='ocr_carea' id='block_1_6' title="bbox 272 726 1944 809">
    <p class='ocr_par' dir='ltr' id='par_1_6' title="bbox 272 726 1944 809">
     <span class='ocr_line' id='line_1_6' title="bbox 272 726 1944 809; baseline -0.003 -19"><span class='ocrx_word' id='word_1_35' title='bbox 272 737 435 803; x_wconf 89' lang='lat' dir='ltr'><strong>runt,</strong></span> <span class='ocrx_word' id='word_1_36' title='bbox 476 737 547 789; x_wconf 89' lang='lat' dir='ltr'><strong>ut</strong></span> <span class='ocrx_word' id='word_1_37' title='bbox 574 727 825 806; x_wconf 84' lang='lat' dir='ltr'><strong>legimus</strong></span> <span class='ocrx_word' id='word_1_38' title='bbox 860 728 917 786; x_wconf 92' lang='lat' dir='ltr'><strong>in</strong></span> <span class='ocrx_word' id='word_1_39' title='bbox 952 728 1209 808; x_wconf 87' lang='lat' dir='ltr'><strong>epistola</strong></span> <span class='ocrx_word' id='word_1_40' title='bbox 1252 728 1550 809; x_wconf 76' lang='lat' dir='ltr'><strong>sequenti.</strong></span> <span class='ocrx_word' id='word_1_41' title='bbox 1585 727 1647 787; x_wconf 86' lang='lat'><strong>3°</strong></span> <span class='ocrx_word' id='word_1_42' title='bbox 1694 726 1944 787; x_wconf 85' lang='lat' dir='ltr'><strong>Sanctus</strong></span> 
     </span>
    </p>
   </div>
   <div class='ocr_carea' id='block_1_7' title="bbox 272 814 1941 897">
    <p class='ocr_par' dir='ltr' id='par_1_7' title="bbox 272 814 1941 897">
     <span class='ocr_line' id='line_1_7' title="bbox 272 814 1941 897; baseline -0.004 -16"><span class='ocrx_word' id='word_1_43' title='bbox 272 816 638 881; x_wconf 81' lang='lat' dir='ltr'><strong>Ambrosius</strong></span> <span class='ocrx_word' id='word_1_44' title='bbox 662 816 751 877; x_wconf 92' lang='lat' dir='ltr'><strong>sic</strong></span> <span class='ocrx_word' id='word_1_45' title='bbox 781 816 857 878; x_wconf 89' lang='lat' dir='ltr'><strong>de</strong></span> <span class='ocrx_word' id='word_1_46' title='bbox 886 816 1170 896; x_wconf 83' lang='lat' dir='ltr'><strong>Dionysio</strong></span> <span class='ocrx_word' id='word_1_47' title='bbox 1201 818 1471 896; x_wconf 88' lang='lat' dir='ltr'><strong>loquitur</strong></span> <span class='ocrx_word' id='word_1_48' title='bbox 1496 817 1556 878; x_wconf 93' lang='lat' dir='ltr'><strong>in</strong></span> <span class='ocrx_word' id='word_1_49' title='bbox 1589 815 1839 897; x_wconf 89' lang='lat' dir='ltr'><strong>epistola</strong></span> <span class='ocrx_word' id='word_1_50' title='bbox 1870 814 1941 875; x_wconf 91' lang='lat' dir='ltr'><strong>ad</strong></span> 
     </span>
    </p>
   </div>
   <div class='ocr_carea' id='block_1_8' title="bbox 280 906 1943 987">
    <p class='ocr_par' dir='ltr' id='par_1_8' title="bbox 280 906 1943 987">
     <span class='ocr_line' id='line_1_8' title="bbox 280 906 1943 987; baseline -0.002 -18"><span class='ocrx_word' id='word_1_51' title='bbox 280 906 728 969; x_wconf 85' lang='lat' dir='ltr'><strong>Vercellenses:</strong></span> <span class='ocrx_word' id='word_1_52' title='bbox 766 906 998 968; x_wconf 79' lang='lat' dir='ltr'><strong>Beatus</strong></span> <span class='ocrx_word' id='word_1_53' title='bbox 1021 906 1815 987; x_wconf 73' lang='lat' dir='ltr'><strong>Dionysius,inquit,e:cegit</strong></span> <span class='ocrx_word' id='word_1_54' title='bbox 1835 922 1943 966; x_wconf 85' lang='lat' dir='ltr'><strong>vo-</strong></span> 
     </span>
    </p>
   </div>
   <div class='ocr_carea' id='block_1_9' title="bbox 280 996 1945 1078">
    <p class='ocr_par' dir='ltr' id='par_1_9' title="bbox 280 996 1945 1078">
     <span class='ocr_line' id='line_1_9' title="bbox 280 996 1945 1078; baseline -0.003 -18"><span class='ocrx_word' id='word_1_55' title='bbox 280 1000 356 1060; x_wconf 88' lang='lat' dir='ltr'><strong>tis</strong></span> <span class='ocrx_word' id='word_1_56' title='bbox 368 1005 438 1060; x_wconf 88' lang='lat' dir='ltr'><strong>ut</strong></span> <span class='ocrx_word' id='word_1_57' title='bbox 456 999 529 1058; x_wconf 85' lang='lat' dir='ltr'><strong>in</strong></span> <span class='ocrx_word' id='word_1_58' title='bbox 546 996 769 1058; x_wconf 71' lang='lat' dir='ltr'><strong>exsilio</strong></span> <span class='ocrx_word' id='word_1_59' title='bbox 792 997 983 1057; x_wconf 82' lang='lat' dir='ltr'><strong>vitam</strong></span> <span class='ocrx_word' id='word_1_60' title='bbox 992 1005 1354 1078; x_wconf 84' lang='lat' dir='ltr'><strong>poneret,ne</strong></span> <span class='ocrx_word' id='word_1_61' title='bbox 1367 1013 1668 1075; x_wconf 80' lang='lat' dir='ltr'><strong>regressus</strong></span> <span class='ocrx_word' id='word_1_62' title='bbox 1684 996 1945 1071; x_wconf 80' lang='lat' dir='ltr'><strong>confusa</strong></span> 
     </span>
    </p>
   </div>
   <div class='ocr_carea' id='block_1_10' title="bbox 282 1082 1947 1165">
    <p class='ocr_par' dir='ltr' id='par_1_10' title="bbox 282 1082 1947 1165">
     <span class='ocr_line' id='line_1_10' title="bbox 282 1082 1947 1165; baseline -0.003 -16"><span class='ocrx_word' id='word_1_63' title='bbox 282 1088 591 1149; x_wconf 70' lang='lat' dir='ltr'><strong>institutis</strong></span> <span class='ocrx_word' id='word_1_64' title='bbox 613 1092 670 1148; x_wconf 86' lang='lat' dir='ltr'><strong>et</strong></span> <span class='ocrx_word' id='word_1_65' title='bbox 690 1102 808 1145; x_wconf 87' lang='lat' dir='ltr'><strong>usu</strong></span> <span class='ocrx_word' id='word_1_66' title='bbox 826 1082 1166 1163; x_wconf 80' lang='lat' dir='ltr'><strong>inﬁdelium</strong></span> <span class='ocrx_word' id='word_1_67' title='bbox 1191 1087 1398 1148; x_wconf 86' lang='lat' dir='ltr'><strong>studia</strong></span> <span class='ocrx_word' id='word_1_68' title='bbox 1430 1083 1619 1165; x_wconf 78' lang='lat' dir='ltr'><strong>plebis</strong></span> <span class='ocrx_word' id='word_1_69' title='bbox 1654 1090 1761 1146; x_wconf 85' lang='lat' dir='ltr'><strong>aut</strong></span> <span class='ocrx_word' id='word_1_70' title='bbox 1798 1085 1947 1146; x_wconf 76' lang='lat' dir='ltr'><strong>cieri</strong></span> 
     </span>
    </p>
   </div>
   <div class='ocr_carea' id='block_1_11' title="bbox 288 1174 1944 1254">
    <p class='ocr_par' dir='ltr' id='par_1_11' title="bbox 288 1174 1944 1254">
     <span class='ocr_line' id='line_1_11' title="bbox 288 1174 1944 1254; baseline -0.002 -17"><span class='ocrx_word' id='word_1_71' title='bbox 288 1175 966 1254; x_wconf 63' lang='lat' dir='ltr'><strong>inveniretmeruitque</strong></span> <span class='ocrx_word' id='word_1_72' title='bbox 980 1174 1143 1238; x_wconf 82' lang='lat' dir='ltr'><strong>hanc</strong></span> <span class='ocrx_word' id='word_1_73' title='bbox 1157 1174 1944 1254; x_wconf 85' lang='lat' dir='ltr'><strong>gratiam,utpacemDomi—</strong></span> 
     </span>
    </p>
   </div>
   <div class='ocr_carea' id='block_1_12' title="bbox 291 1262 1941 1344">
    <p class='ocr_par' dir='ltr' id='par_1_12' title="bbox 291 1262 1941 1344">
     <span class='ocr_line' id='line_1_12' title="bbox 291 1262 1941 1344; baseline -0.002 -17"><span class='ocrx_word' id='word_1_74' title='bbox 291 1268 351 1328; x_wconf 83' lang='lat' dir='ltr'><strong>ni</strong></span> <span class='ocrx_word' id='word_1_75' title='bbox 378 1263 713 1344; x_wconf 78' lang='lat' dir='ltr'><strong>tranquillo</strong></span> <span class='ocrx_word' id='word_1_76' title='bbox 735 1262 956 1343; x_wconf 65' lang='lat' dir='ltr'><strong>affectu</strong></span> <span class='ocrx_word' id='word_1_77' title='bbox 976 1282 1176 1328; x_wconf 84' lang='lat' dir='ltr'><strong>secum</strong></span> <span class='ocrx_word' id='word_1_78' title='bbox 1201 1267 1474 1344; x_wconf 77' lang='lat' dir='ltr'><strong>referret.</strong></span> <span class='ocrx_word' id='word_1_79' title='bbox 1511 1264 1608 1327; x_wconf 91' lang='lat' dir='ltr'><strong>Sic</strong></span> <span class='ocrx_word' id='word_1_80' title='bbox 1630 1282 1769 1343; x_wconf 86' lang='lat' dir='ltr'><strong>ergo</strong></span> <span class='ocrx_word' id='word_1_81' title='bbox 1792 1282 1941 1325; x_wconf 88' lang='lat' dir='ltr'><strong>con-</strong></span> 
     </span>
    </p>
   </div>
   <div class='ocr_carea' id='block_1_13' title="bbox 285 1351 1938 1435">
    <p class='ocr_par' dir='ltr' id='par_1_13' title="bbox 285 1351 1938 1435">
     <span class='ocr_line' id='line_1_13' title="bbox 285 1351 1938 1435; baseline -0.002 -18"><span class='ocrx_word' id='word_1_82' title='bbox 285 1353 798 1435; x_wconf 81' lang='lat' dir='ltr'><strong>junctusDionysii</strong></span> <span class='ocrx_word' id='word_1_83' title='bbox 813 1353 1040 1416; x_wconf 90' lang='lat' dir='ltr'><strong>reditus</strong></span> <span class='ocrx_word' id='word_1_84' title='bbox 1060 1373 1193 1416; x_wconf 92' lang='lat' dir='ltr'><strong>cum</strong></span> <span class='ocrx_word' id='word_1_85' title='bbox 1210 1354 1515 1416; x_wconf 89' lang='lat' dir='ltr'><strong>Ambrosii</strong></span> <span class='ocrx_word' id='word_1_86' title='bbox 1537 1351 1938 1432; x_wconf 83' lang='lat' dir='ltr'><strong>ordinatione,</strong></span> 
     </span>
    </p>
   </div>
   <div class='ocr_carea' id='block_1_14' title="bbox 292 1443 1938 1526">
    <p class='ocr_par' dir='ltr' id='par_1_14' title="bbox 292 1443 1938 1526">
     <span class='ocr_line' id='line_1_14' title="bbox 292 1443 1938 1526; baseline -0.002 -19"><span class='ocrx_word' id='word_1_87' title='bbox 292 1464 419 1526; x_wconf 86' lang='lat' dir='ltr'><strong>qua</strong></span> <span class='ocrx_word' id='word_1_88' title='bbox 439 1462 652 1525; x_wconf 91' lang='lat' dir='ltr'><strong>pacem</strong></span> <span class='ocrx_word' id='word_1_89' title='bbox 676 1444 960 1520; x_wconf 87' lang='lat' dir='ltr'><strong>restituit,</strong></span> <span class='ocrx_word' id='word_1_90' title='bbox 987 1456 1055 1505; x_wconf 85' lang='lat' dir='ltr'><strong>ut</strong></span> <span class='ocrx_word' id='word_1_91' title='bbox 1072 1443 1522 1525; x_wconf 88' lang='lat' dir='ltr'><strong>ipseDionysius</strong></span> <span class='ocrx_word' id='word_1_92' title='bbox 1545 1461 1750 1523; x_wconf 90' lang='lat' dir='ltr'><strong>pacem</strong></span> <span class='ocrx_word' id='word_1_93' title='bbox 1770 1450 1938 1505; x_wconf 85' lang='lat' dir='ltr'><strong>retu-</strong></span> 
     </span>
    </p>
   </div>
   <div class='ocr_carea' id='block_1_15' title="bbox 297 1532 1943 1614">
    <p class='ocr_par' dir='ltr' id='par_1_15' title="bbox 297 1532 1943 1614">
     <span class='ocr_line' id='line_1_15' title="bbox 297 1532 1943 1614; baseline -0.002 -20"><span class='ocrx_word' id='word_1_94' title='bbox 297 1534 853 1596; x_wconf 71' lang='lat' dir='ltr'><strong>lissevideretur-Ex</strong></span> <span class='ocrx_word' id='word_1_95' title='bbox 869 1534 962 1595; x_wconf 93' lang='lat' dir='ltr'><strong>his</strong></span> <span class='ocrx_word' id='word_1_96' title='bbox 974 1532 1701 1614; x_wconf 88' lang='lat' dir='ltr'><strong>colligimusAmbrosium</strong></span> <span class='ocrx_word' id='word_1_97' title='bbox 1717 1532 1943 1613; x_wconf 87' lang='lat' dir='ltr'><strong>episco-</strong></span> 
     </span>
    </p>
   </div>
   <div class='ocr_carea' id='block_1_16' title="bbox 306 1622 1940 1704">
    <p class='ocr_par' dir='ltr' id='par_1_16' title="bbox 306 1622 1940 1704">
     <span class='ocr_line' id='line_1_16' title="bbox 306 1622 1940 1704; baseline 0.001 -20"><span class='ocrx_word' id='word_1_98' title='bbox 306 1631 472 1703; x_wconf 85' lang='lat' dir='ltr'><strong>patus</strong></span> <span class='ocrx_word' id='word_1_99' title='bbox 484 1624 565 1684; x_wconf 90' lang='lat' dir='ltr'><strong>sui</strong></span> <span class='ocrx_word' id='word_1_100' title='bbox 576 1624 901 1704; x_wconf 90' lang='lat' dir='ltr'><strong>primordia</strong></span> <span class='ocrx_word' id='word_1_101' title='bbox 915 1623 1582 1703; x_wconf 86' lang='lat' dir='ltr'><strong>sanctiDionysiireditu</strong></span> <span class='ocrx_word' id='word_1_102' title='bbox 1597 1622 1940 1686; x_wconf 84' lang='lat' dir='ltr'><strong>illustrasse.</strong></span> 
     </span>
    </p>
   </div>
   <div class='ocr_carea' id='block_1_17' title="bbox 385 1710 1943 1793">
    <p class='ocr_par' dir='ltr' id='par_1_17' title="bbox 385 1710 1943 1793">
     <span class='ocr_line' id='line_1_17' title="bbox 385 1710 1943 1793; baseline -0.001 -21"><span class='ocrx_word' id='word_1_103' title='bbox 385 1710 476 1775; x_wconf 89' lang='lat' dir='ltr'><strong>Ill.</strong></span> <span class='ocrx_word' id='word_1_104' title='bbox 506 1712 677 1774; x_wconf 87' lang='lat' dir='ltr'><strong>Paulo</strong></span> <span class='ocrx_word' id='word_1_105' title='bbox 695 1722 833 1774; x_wconf 85' lang='lat' dir='ltr'><strong>ante</strong></span> <span class='ocrx_word' id='word_1_106' title='bbox 856 1712 1081 1775; x_wconf 83' lang='lat' dir='ltr'><strong>Pascha</strong></span> <span class='ocrx_word' id='word_1_107' title='bbox 1114 1713 1354 1793; x_wconf 76' lang='lat' dir='ltr'><strong>scripsit</strong></span> <span class='ocrx_word' id='word_1_108' title='bbox 1385 1720 1624 1774; x_wconf 89' lang='lat' dir='ltr'><strong>sanctus</strong></span> <span class='ocrx_word' id='word_1_109' title='bbox 1652 1710 1943 1773; x_wconf 88' lang='lat' dir='ltr'><strong>Eusebius</strong></span> 
     </span>
    </p>
   </div>
   <div class='ocr_carea' id='block_1_18' title="bbox 2028 540 3685 621">
    <p class='ocr_par' dir='ltr' id='par_1_18' title="bbox 2028 540 3685 621">
     <span class='ocr_line' id='line_1_18' title="bbox 2028 540 3685 621; baseline 0.005 -19"><span class='ocrx_word' id='word_1_110' title='bbox 2028 540 2175 602; x_wconf 90' lang='lat' dir='ltr'><strong>Nam</strong></span> <span class='ocrx_word' id='word_1_111' title='bbox 2210 541 2271 600; x_wconf 90' lang='lat' dir='ltr'><strong>in</strong></span> <span class='ocrx_word' id='word_1_112' title='bbox 2303 540 2554 621; x_wconf 88' lang='lat' dir='ltr'><strong>epistola</strong></span> <span class='ocrx_word' id='word_1_113' title='bbox 2576 541 2863 603; x_wconf 86' lang='lat' dir='ltr'><strong>canonica</strong></span> <span class='ocrx_word' id='word_1_114' title='bbox 2893 548 3138 603; x_wconf 86' lang='lat' dir='ltr'><strong>excusat</strong></span> <span class='ocrx_word' id='word_1_115' title='bbox 3172 543 3449 606; x_wconf 87' lang='lat' dir='ltr'><strong>morbum</strong></span> <span class='ocrx_word' id='word_1_116' title='bbox 3482 555 3541 608; x_wconf 91' lang='lat' dir='ltr'><strong>et</strong></span> <span class='ocrx_word' id='word_1_117' title='bbox 3567 550 3685 609; x_wconf 86' lang='lat' dir='ltr'><strong>mi-</strong></span> 
     </span>
    </p>
   </div>
   <div class='ocr_carea' id='block_1_19' title="bbox 2027 630 3682 711">
    <p class='ocr_par' dir='ltr' id='par_1_19' title="bbox 2027 630 3682 711">
     <span class='ocr_line' id='line_1_19' title="bbox 2027 630 3682 711; baseline 0.005 -20"><span class='ocrx_word' id='word_1_118' title='bbox 2027 630 2353 691; x_wconf 90' lang='lat' dir='ltr'><strong>nistrorum</strong></span> <span class='ocrx_word' id='word_1_119' title='bbox 2393 631 2725 709; x_wconf 77' lang='lat' dir='ltr'><strong>penuriam,</strong></span> <span class='ocrx_word' id='word_1_120' title='bbox 2752 649 2860 691; x_wconf 91' lang='lat' dir='ltr'><strong>cur</strong></span> <span class='ocrx_word' id='word_1_121' title='bbox 2884 650 3004 692; x_wconf 88' lang='lat' dir='ltr'><strong>non</strong></span> <span class='ocrx_word' id='word_1_122' title='bbox 3028 632 3315 711; x_wconf 87' lang='lat' dir='ltr'><strong>scriptum</strong></span> <span class='ocrx_word' id='word_1_123' title='bbox 3344 632 3492 695; x_wconf 91' lang='lat' dir='ltr'><strong>illud</strong></span> <span class='ocrx_word' id='word_1_124' title='bbox 3507 638 3682 701; x_wconf 88' lang='lat' dir='ltr'><strong>citius</strong></span> 
     </span>
    </p>
   </div>
   <div class='ocr_carea' id='block_1_20' title="bbox 2029 720 3681 803">
    <p class='ocr_par' dir='ltr' id='par_1_20' title="bbox 2029 720 3681 803">
     <span class='ocr_line' id='line_1_20' title="bbox 2029 720 3681 803; baseline 0.005 -23"><span class='ocrx_word' id='word_1_125' title='bbox 2029 720 2278 793; x_wconf 86' lang='lat' dir='ltr'><strong>miserit,</strong></span> <span class='ocrx_word' id='word_1_126' title='bbox 2316 738 2451 782; x_wconf 89' lang='lat' dir='ltr'><strong>cum</strong></span> <span class='ocrx_word' id='word_1_127' title='bbox 2498 720 2850 801; x_wconf 88' lang='lat' dir='ltr'><strong>jamdudum</strong></span> <span class='ocrx_word' id='word_1_128' title='bbox 2888 721 3209 802; x_wconf 84' lang='lat' dir='ltr'><strong>propositis</strong></span> <span class='ocrx_word' id='word_1_129' title='bbox 3238 721 3311 783; x_wconf 89' lang='lat' dir='ltr'><strong>ab</strong></span> <span class='ocrx_word' id='word_1_130' title='bbox 3359 725 3681 803; x_wconf 88' lang='lat' dir='ltr'><strong>Amphilo-</strong></span> 
     </span>
    </p>
   </div>
   <div class='ocr_carea' id='block_1_21' title="bbox 2028 810 3678 892">
    <p class='ocr_par' dir='ltr' id='par_1_21' title="bbox 2028 810 3678 892">
     <span class='ocr_line' id='line_1_21' title="bbox 2028 810 3678 892; baseline 0.004 -21"><span class='ocrx_word' id='word_1_131' title='bbox 2028 810 2161 872; x_wconf 90' lang='lat' dir='ltr'><strong>chio</strong></span> <span class='ocrx_word' id='word_1_132' title='bbox 2188 810 2620 889; x_wconf 85' lang='lat' dir='ltr'><strong>quastionibus</strong></span> <span class='ocrx_word' id='word_1_133' title='bbox 2648 812 3082 892; x_wconf 85' lang='lat' dir='ltr'><strong>respondisset.</strong></span> <span class='ocrx_word' id='word_1_134' title='bbox 3112 814 3175 874; x_wconf 91' lang='lat' dir='ltr'><strong>In</strong></span> <span class='ocrx_word' id='word_1_135' title='bbox 3199 812 3450 892; x_wconf 90' lang='lat' dir='ltr'><strong>epistola</strong></span> <span class='ocrx_word' id='word_1_136' title='bbox 3479 822 3678 878; x_wconf 90' lang='lat' dir='ltr'><strong>autem</strong></span> 
     </span>
    </p>
   </div>
   <div class='ocr_carea' id='block_1_22' title="bbox 2028 899 3682 980">
    <p class='ocr_par' dir='ltr' id='par_1_22' title="bbox 2028 899 3682 980">
     <span class='ocr_line' id='line_1_22' title="bbox 2028 899 3682 980; baseline 0.005 -21"><span class='ocrx_word' id='word_1_137' title='bbox 2028 904 2146 961; x_wconf 78' lang='lat'><strong>200</strong></span> <span class='ocrx_word' id='word_1_138' title='bbox 2169 899 2412 963; x_wconf 89' lang='lat' dir='ltr'><strong>morbos</strong></span> <span class='ocrx_word' id='word_1_139' title='bbox 2444 909 2499 962; x_wconf 90' lang='lat' dir='ltr'><strong>et</strong></span> <span class='ocrx_word' id='word_1_140' title='bbox 2532 906 2968 980; x_wconf 88' lang='lat' dir='ltr'><strong>occupationes</strong></span> <span class='ocrx_word' id='word_1_141' title='bbox 3007 901 3385 978; x_wconf 83' lang='lat' dir='ltr'><strong>negotiorum</strong></span> <span class='ocrx_word' id='word_1_142' title='bbox 3419 906 3682 967; x_wconf 87' lang='lat' dir='ltr'><strong>exterio-</strong></span> 
     </span>
    </p>
   </div>
   <div class='ocr_carea' id='block_1_23' title="bbox 2026 990 3682 1074">
    <p class='ocr_par' dir='ltr' id='par_1_23' title="bbox 2026 990 3682 1074">
     <span class='ocr_line' id='line_1_23' title="bbox 2026 990 3682 1074; baseline 0.005 -25"><span class='ocrx_word' id='word_1_143' title='bbox 2026 1006 2157 1050; x_wconf 91' lang='lat' dir='ltr'><strong>rum</strong></span> <span class='ocrx_word' id='word_1_144' title='bbox 2192 998 2251 1052; x_wconf 92' lang='lat' dir='ltr'><strong>et</strong></span> <span class='ocrx_word' id='word_1_145' title='bbox 2282 990 2611 1052; x_wconf 88' lang='lat' dir='ltr'><strong>certamina</strong></span> <span class='ocrx_word' id='word_1_146' title='bbox 2634 1010 2771 1051; x_wconf 92' lang='lat' dir='ltr'><strong>cum</strong></span> <span class='ocrx_word' id='word_1_147' title='bbox 2802 990 3101 1053; x_wconf 89' lang='lat' dir='ltr'><strong>hareticis</strong></span> <span class='ocrx_word' id='word_1_148' title='bbox 3128 1001 3426 1066; x_wconf 86' lang='lat' dir='ltr'><strong>causatur,</strong></span> <span class='ocrx_word' id='word_1_149' title='bbox 3464 995 3682 1074; x_wconf 82' lang='lat' dir='ltr'><strong>quibus</strong></span> 
     </span>
    </p>
   </div>
   <div class='ocr_carea' id='block_1_24' title="bbox 2029 1080 3682 1164">
    <p class='ocr_par' dir='ltr' id='par_1_24' title="bbox 2029 1080 3682 1164">
     <span class='ocr_line' id='line_1_24' title="bbox 2029 1080 3682 1164; baseline 0.005 -25"><span class='ocrx_word' id='word_1_150' title='bbox 2029 1097 2092 1140; x_wconf 92' lang='lat' dir='ltr'><strong>se</strong></span> <span class='ocrx_word' id='word_1_151' title='bbox 2127 1098 2231 1160; x_wconf 92' lang='lat' dir='ltr'><strong>per</strong></span> <span class='ocrx_word' id='word_1_152' title='bbox 2254 1089 2433 1141; x_wconf 88' lang='lat' dir='ltr'><strong>totam</strong></span> <span class='ocrx_word' id='word_1_153' title='bbox 2492 1080 2754 1143; x_wconf 88' lang='lat' dir='ltr'><strong>hiemem</strong></span> <span class='ocrx_word' id='word_1_154' title='bbox 2822 1099 3017 1161; x_wconf 90' lang='lat' dir='ltr'><strong>usque</strong></span> <span class='ocrx_word' id='word_1_155' title='bbox 3068 1080 3145 1141; x_wconf 88' lang='lat' dir='ltr'><strong>ad</strong></span> <span class='ocrx_word' id='word_1_156' title='bbox 3192 1081 3369 1161; x_wconf 89' lang='lat' dir='ltr'><strong>hujus</strong></span> <span class='ocrx_word' id='word_1_157' title='bbox 3416 1084 3682 1164; x_wconf 88' lang='lat' dir='ltr'><strong>epistola</strong></span> 
     </span>
    </p>
   </div>
   <div class='ocr_carea' id='block_1_25' title="bbox 2026 1168 3679 1251">
    <p class='ocr_par' dir='ltr' id='par_1_25' title="bbox 2026 1168 3679 1251">
     <span class='ocr_line' id='line_1_25' title="bbox 2026 1168 3679 1251; baseline 0.004 -20"><span class='ocrx_word' id='word_1_158' title='bbox 2026 1178 2270 1249; x_wconf 88' lang='lat' dir='ltr'><strong>tempus</strong></span> <span class='ocrx_word' id='word_1_159' title='bbox 2304 1170 2445 1231; x_wconf 87' lang='lat' dir='ltr'><strong>dicit</strong></span> <span class='ocrx_word' id='word_1_160' title='bbox 2477 1171 2791 1232; x_wconf 87' lang='lat' dir='ltr'><strong>detentum</strong></span> <span class='ocrx_word' id='word_1_161' title='bbox 2853 1170 3059 1233; x_wconf 90' lang='lat' dir='ltr'><strong>fuisse.</strong></span> <span class='ocrx_word' id='word_1_162' title='bbox 3092 1168 3273 1233; x_wconf 81' lang='lat' dir='ltr'><strong>Missa</strong></span> <span class='ocrx_word' id='word_1_163' title='bbox 3313 1190 3452 1251; x_wconf 89' lang='lat' dir='ltr'><strong>ergo</strong></span> <span class='ocrx_word' id='word_1_164' title='bbox 3501 1175 3679 1248; x_wconf 81' lang='lat' dir='ltr'><strong>simul</strong></span> 
     </span>
    </p>
   </div>
   <div class='ocr_carea' id='block_1_26' title="bbox 2024 1259 3676 1341">
    <p class='ocr_par' dir='ltr' id='par_1_26' title="bbox 2024 1259 3676 1341">
     <span class='ocr_line' id='line_1_26' title="bbox 2024 1259 3676 1341; baseline 0.005 -22"><span class='ocrx_word' id='word_1_165' title='bbox 2024 1266 2275 1340; x_wconf 88' lang='lat' dir='ltr'><strong>utraque</strong></span> <span class='ocrx_word' id='word_1_166' title='bbox 2308 1260 2583 1341; x_wconf 86' lang='lat' dir='ltr'><strong>epistola,</strong></span> <span class='ocrx_word' id='word_1_167' title='bbox 2618 1259 2916 1341; x_wconf 88' lang='lat' dir='ltr'><strong>siquidem</strong></span> <span class='ocrx_word' id='word_1_168' title='bbox 2941 1261 3178 1341; x_wconf 89' lang='lat' dir='ltr'><strong>utrique</strong></span> <span class='ocrx_word' id='word_1_169' title='bbox 3201 1279 3429 1325; x_wconf 91' lang='lat' dir='ltr'><strong>moram</strong></span> <span class='ocrx_word' id='word_1_170' title='bbox 3455 1264 3676 1328; x_wconf 87' lang='lat' dir='ltr'><strong>eadem</strong></span> 
     </span>
    </p>
   </div>
   <div class='ocr_carea' id='block_1_27' title="bbox 2025 1350 2595 1413">
    <p class='ocr_par' dir='ltr' id='par_1_27' title="bbox 2025 1350 2595 1413">
     <span class='ocr_line' id='line_1_27' title="bbox 2025 1350 2595 1413; baseline 0.004 -2"><span class='ocrx_word' id='word_1_171' title='bbox 2025 1368 2222 1411; x_wconf 87' lang='lat' dir='ltr'><strong>causa</strong></span> <span class='ocrx_word' id='word_1_172' title='bbox 2242 1350 2595 1413; x_wconf 87' lang='lat' dir='ltr'><strong>attulerunt.</strong></span> 
     </span>
    </p>
   </div>
   <div class='ocr_carea' id='block_1_28' title="bbox 2106 1439 3678 1525">
    <p class='ocr_par' dir='ltr' id='par_1_28' title="bbox 2106 1439 3678 1525">
     <span class='ocr_line' id='line_1_28' title="bbox 2106 1439 3678 1525; baseline 0.004 -25"><span class='ocrx_word' id='word_1_173' title='bbox 2106 1439 2348 1501; x_wconf 89' lang='lat' dir='ltr'><strong>Frustra</strong></span> <span class='ocrx_word' id='word_1_174' title='bbox 2377 1440 2770 1503; x_wconf 88' lang='lat' dir='ltr'><strong>Tilemontius</strong></span> <span class='ocrx_word' id='word_1_175' title='bbox 2823 1439 3121 1502; x_wconf 82' lang='lat' dir='ltr'><strong>existimat</strong></span> <span class='ocrx_word' id='word_1_176' title='bbox 3166 1444 3519 1505; x_wconf 84' lang='lat' dir='ltr'><strong>canonicam</strong></span> <span class='ocrx_word' id='word_1_177' title='bbox 3552 1446 3678 1525; x_wconf 82' lang='lat' dir='ltr'><strong>pri-</strong></span> 
     </span>
    </p>
   </div>
   <div class='ocr_carea' id='block_1_29' title="bbox 2025 1530 3676 1597">
    <p class='ocr_par' dir='ltr' id='par_1_29' title="bbox 2025 1530 3676 1597">
     <span class='ocr_line' id='line_1_29' title="bbox 2025 1530 3676 1597; baseline 0.005 -8"><span class='ocrx_word' id='word_1_178' title='bbox 2025 1547 2181 1590; x_wconf 90' lang='lat' dir='ltr'><strong>mam</strong></span> <span class='ocrx_word' id='word_1_179' title='bbox 2216 1530 2390 1591; x_wconf 87' lang='lat' dir='ltr'><strong>simul</strong></span> <span class='ocrx_word' id='word_1_180' title='bbox 2424 1550 2559 1592; x_wconf 91' lang='lat' dir='ltr'><strong>cum</strong></span> <span class='ocrx_word' id='word_1_181' title='bbox 2602 1530 2867 1591; x_wconf 90' lang='lat' dir='ltr'><strong>secunda</strong></span> <span class='ocrx_word' id='word_1_182' title='bbox 2900 1531 3140 1591; x_wconf 90' lang='lat' dir='ltr'><strong>missam</strong></span> <span class='ocrx_word' id='word_1_183' title='bbox 3179 1530 3383 1594; x_wconf 88' lang='lat' dir='ltr'><strong>fuisse.</strong></span> <span class='ocrx_word' id='word_1_184' title='bbox 3415 1535 3566 1596; x_wconf 90' lang='lat' dir='ltr'><strong>Nam</strong></span> <span class='ocrx_word' id='word_1_185' title='bbox 3614 1535 3676 1597; x_wconf 91' lang='lat' dir='ltr'><strong>in</strong></span> 
     </span>
    </p>
   </div>
   <div class='ocr_carea' id='block_1_30' title="bbox 2026 1619 3674 1697">
    <p class='ocr_par' dir='ltr' id='par_1_30' title="bbox 2026 1619 3674 1697">
     <span class='ocr_line' id='line_1_30' title="bbox 2026 1619 3674 1697; baseline 0.005 -18"><span class='ocrx_word' id='word_1_186' title='bbox 2026 1619 2289 1680; x_wconf 90' lang='lat' dir='ltr'><strong>secunda</strong></span> <span class='ocrx_word' id='word_1_187' title='bbox 2307 1640 2422 1681; x_wconf 92' lang='lat' dir='ltr'><strong>non</strong></span> <span class='ocrx_word' id='word_1_188' title='bbox 2447 1621 2637 1681; x_wconf 90' lang='lat' dir='ltr'><strong>solum</strong></span> <span class='ocrx_word' id='word_1_189' title='bbox 2666 1620 2866 1682; x_wconf 87' lang='lat' dir='ltr'><strong>multa</strong></span> <span class='ocrx_word' id='word_1_190' title='bbox 2886 1620 3249 1697; x_wconf 87' lang='lat' dir='ltr'><strong>quastiones</strong></span> <span class='ocrx_word' id='word_1_191' title='bbox 3268 1622 3580 1686; x_wconf 89' lang='lat' dir='ltr'><strong>solvuntur</strong></span> <span class='ocrx_word' id='word_1_192' title='bbox 3601 1626 3674 1689; x_wconf 89' lang='lat' dir='ltr'><strong>de</strong></span> 
     </span>
    </p>
   </div>
   <div class='ocr_carea' id='block_1_31' title="bbox 2025 1707 3675 1797">
    <p class='ocr_par' dir='ltr' id='par_1_31' title="bbox 2025 1707 3675 1797">
     <span class='ocr_line' id='line_1_31' title="bbox 2025 1707 3675 1797; baseline 0.005 -28"><span class='ocrx_word' id='word_1_193' title='bbox 2025 1707 2241 1789; x_wconf 90' lang='lat' dir='ltr'><strong>quibus</strong></span> <span class='ocrx_word' id='word_1_194' title='bbox 2258 1711 2448 1789; x_wconf 87' lang='lat' dir='ltr'><strong>prima</strong></span> <span class='ocrx_word' id='word_1_195' title='bbox 2465 1709 2611 1771; x_wconf 89' lang='lat' dir='ltr'><strong>nihil</strong></span> <span class='ocrx_word' id='word_1_196' title='bbox 2633 1709 3193 1787; x_wconf 83' lang='lat' dir='ltr'><strong>habuerat,velutde</strong></span> <span class='ocrx_word' id='word_1_197' title='bbox 3208 1713 3547 1791; x_wconf 84' lang='lat' dir='ltr'><strong>raptoribus</strong></span> <span class='ocrx_word' id='word_1_198' title='bbox 3563 1715 3645 1795; x_wconf 87' lang='lat' dir='ltr'><strong>(b)</strong></span> <span class='ocrx_word' id='word_1_199' title='bbox 3660 1766 3675 1797; x_wconf 90' lang='lat'><strong>,</strong></span> 
     </span>
    </p>
   </div>
   <div class='ocr_carea' id='block_1_32' title="bbox 311 1798 3675 1883">
    <p class='ocr_par' dir='ltr' id='par_1_32' title="bbox 311 1798 3675 1883">
     <span class='ocr_line' id='line_1_32' title="bbox 311 1798 3675 1883; baseline 0.001 -22"><span class='ocrx_word' id='word_1_200' title='bbox 311 1799 376 1861; x_wconf 81' lang='lat' dir='ltr'><strong>ad</strong></span> <span class='ocrx_word' id='word_1_201' title='bbox 403 1800 699 1881; x_wconf 84' lang='lat' dir='ltr'><strong>Basilium,</strong></span> <span class='ocrx_word' id='word_1_202' title='bbox 733 1810 949 1863; x_wconf 90' lang='lat' dir='ltr'><strong>etcum</strong></span> <span class='ocrx_word' id='word_1_203' title='bbox 984 1803 1359 1883; x_wconf 85' lang='lat' dir='ltr'><strong>eojurgavit,</strong></span> <span class='ocrx_word' id='word_1_204' title='bbox 1395 1800 1551 1883; x_wconf 92' lang='lat' dir='ltr'><strong>quod</strong></span> <span class='ocrx_word' id='word_1_205' title='bbox 1592 1802 1664 1862; x_wconf 86' lang='lat' dir='ltr'><strong>ad</strong></span> <span class='ocrx_word' id='word_1_206' title='bbox 1725 1819 1790 1862; x_wconf 92' lang='lat' dir='ltr'><strong>se</strong></span> <span class='ocrx_word' id='word_1_207' title='bbox 1822 1819 1939 1861; x_wconf 92' lang='lat' dir='ltr'><strong>non</strong></span> <span class='ocrx_word' id='word_1_208' title='bbox 1965 1820 2002 1869; x_wconf 76' lang='grc' dir='ltr'><strong>Β</strong></span> <span class='ocrx_word' id='word_1_209' title='bbox 2026 1798 2102 1859; x_wconf 92' lang='lat' dir='ltr'><strong>de</strong></span> <span class='ocrx_word' id='word_1_210' title='bbox 2135 1798 2475 1879; x_wconf 79' lang='lat' dir='ltr'><strong>presbytero</strong></span> <span class='ocrx_word' id='word_1_211' title='bbox 2532 1799 2761 1878; x_wconf 87' lang='lat' dir='ltr'><strong>nuptiis</strong></span> <span class='ocrx_word' id='word_1_212' title='bbox 2793 1798 3021 1861; x_wconf 89' lang='lat' dir='ltr'><strong>illicitis</strong></span> <span class='ocrx_word' id='word_1_213' title='bbox 3083 1800 3383 1880; x_wconf 89' lang='lat' dir='ltr'><strong>implicato</strong></span> <span class='ocrx_word' id='word_1_214' title='bbox 3437 1804 3537 1883; x_wconf 81' lang='lat' dir='ltr'><strong>(e),</strong></span> <span class='ocrx_word' id='word_1_215' title='bbox 3599 1806 3675 1867; x_wconf 91' lang='lat' dir='ltr'><strong>de</strong></span> 
     </span>
    </p>
   </div>
   <div class='ocr_carea' id='block_1_33' title="bbox 308 1890 1937 1971">
    <p class='ocr_par' dir='ltr' id='par_1_33' title="bbox 308 1890 1937 1971">
     <span class='ocr_line' id='line_1_33' title="bbox 308 1890 1937 1971; baseline 0 -20"><span class='ocrx_word' id='word_1_216' title='bbox 308 1890 600 1971; x_wconf 84' lang='lat' dir='ltr'><strong>scriberet,</strong></span> <span class='ocrx_word' id='word_1_217' title='bbox 634 1911 702 1953; x_wconf 90' lang='lat' dir='ltr'><strong>ac</strong></span> <span class='ocrx_word' id='word_1_218' title='bbox 726 1892 774 1953; x_wconf 90' lang='lat' dir='ltr'><strong>si</strong></span> <span class='ocrx_word' id='word_1_219' title='bbox 799 1892 999 1953; x_wconf 88' lang='lat' dir='ltr'><strong>desint</strong></span> <span class='ocrx_word' id='word_1_220' title='bbox 1037 1893 1405 1964; x_wconf 83' lang='lat' dir='ltr'><strong>occasiones,</strong></span> <span class='ocrx_word' id='word_1_221' title='bbox 1465 1910 1583 1952; x_wconf 90' lang='lat' dir='ltr'><strong>non</strong></span> <span class='ocrx_word' id='word_1_222' title='bbox 1615 1890 1871 1970; x_wconf 92' lang='lat' dir='ltr'><strong>aliquem</strong></span> <span class='ocrx_word' id='word_1_223' title='bbox 1904 1909 1937 1951; x_wconf 91' lang='lat' dir='ltr'><strong>e</strong></span> 
     </span>
    </p>
   </div>
   <div class='ocr_carea' id='block_1_34' title="bbox 301 1980 1936 2059">
    <p class='ocr_par' dir='ltr' id='par_1_34' title="bbox 301 1980 1936 2059">
     <span class='ocr_line' id='line_1_34' title="bbox 301 1980 1936 2059; baseline 0.001 -20"><span class='ocrx_word' id='word_1_224' title='bbox 301 1981 415 2041; x_wconf 92' lang='lat' dir='ltr'><strong>suis</strong></span> <span class='ocrx_word' id='word_1_225' title='bbox 441 1982 675 2043; x_wconf 90' lang='lat' dir='ltr'><strong>clericis</strong></span> <span class='ocrx_word' id='word_1_226' title='bbox 697 1982 981 2046; x_wconf 85' lang='lat' dir='ltr'><strong>mitteret.</strong></span> <span class='ocrx_word' id='word_1_227' title='bbox 1013 1981 1140 2046; x_wconf 88' lang='lat' dir='ltr'><strong>Jam</strong></span> <span class='ocrx_word' id='word_1_228' title='bbox 1204 1990 1379 2044; x_wconf 89' lang='lat' dir='ltr'><strong>antea</strong></span> <span class='ocrx_word' id='word_1_229' title='bbox 1428 1982 1603 2043; x_wconf 91' lang='lat' dir='ltr'><strong>aliam</strong></span> <span class='ocrx_word' id='word_1_230' title='bbox 1665 1980 1936 2059; x_wconf 84' lang='lat' dir='ltr'><strong>ejusdem</strong></span> 
     </span>
    </p>
   </div>
   <div class='ocr_carea' id='block_1_35' title="bbox 295 2068 1938 2153">
    <p class='ocr_par' dir='ltr' id='par_1_35' title="bbox 295 2068 1938 2153">
     <span class='ocr_line' id='line_1_35' title="bbox 295 2068 1938 2153; baseline 0.001 -23"><span class='ocrx_word' id='word_1_231' title='bbox 295 2068 525 2133; x_wconf 85' lang='lat' dir='ltr'><strong>Eusebii</strong></span> <span class='ocrx_word' id='word_1_232' title='bbox 548 2072 856 2153; x_wconf 90' lang='lat' dir='ltr'><strong>epistolam</strong></span> <span class='ocrx_word' id='word_1_233' title='bbox 887 2073 1176 2135; x_wconf 81' lang='lat' dir='ltr'><strong>officiales</strong></span> <span class='ocrx_word' id='word_1_234' title='bbox 1200 2070 1796 2135; x_wconf 85' lang='lat' dir='ltr'><strong>detulerant.Revera</strong></span> <span class='ocrx_word' id='word_1_235' title='bbox 1820 2089 1938 2131; x_wconf 91' lang='lat' dir='ltr'><strong>non</strong></span> 
     </span>
    </p>
   </div>
   <div class='ocr_carea' id='block_1_36' title="bbox 293 2159 1939 2243">
    <p class='ocr_par' dir='ltr' id='par_1_36' title="bbox 293 2159 1939 2243">
     <span class='ocr_line' id='line_1_36' title="bbox 293 2159 1939 2243; baseline 0.001 -22"><span class='ocrx_word' id='word_1_236' title='bbox 293 2160 502 2223; x_wconf 89' lang='lat' dir='ltr'><strong>multas</strong></span> <span class='ocrx_word' id='word_1_237' title='bbox 532 2159 788 2224; x_wconf 90' lang='lat' dir='ltr'><strong>Eusebio</strong></span> <span class='ocrx_word' id='word_1_238' title='bbox 821 2164 1141 2243; x_wconf 90' lang='lat' dir='ltr'><strong>scripserat</strong></span> <span class='ocrx_word' id='word_1_239' title='bbox 1173 2164 1454 2243; x_wconf 87' lang='lat' dir='ltr'><strong>epistolas</strong></span> <span class='ocrx_word' id='word_1_240' title='bbox 1482 2160 1765 2233; x_wconf 90' lang='lat' dir='ltr'><strong>Basilius,</strong></span> <span class='ocrx_word' id='word_1_241' title='bbox 1802 2162 1939 2242; x_wconf 87' lang='lat' dir='ltr'><strong>quia</strong></span> 
     </span>
    </p>
   </div>
   <div class='ocr_carea' id='block_1_37' title="bbox 293 2251 1936 2334">
    <p class='ocr_par' dir='ltr' id='par_1_37' title="bbox 293 2251 1936 2334">
     <span class='ocr_line' id='line_1_37' title="bbox 293 2251 1936 2334; baseline 0.002 -24"><span class='ocrx_word' id='word_1_242' title='bbox 293 2259 493 2313; x_wconf 89' lang='lat' dir='ltr'><strong>nactus</strong></span> <span class='ocrx_word' id='word_1_243' title='bbox 523 2271 644 2313; x_wconf 90' lang='lat' dir='ltr'><strong>non</strong></span> <span class='ocrx_word' id='word_1_244' title='bbox 678 2259 825 2328; x_wconf 89' lang='lat' dir='ltr'><strong>erat,</strong></span> <span class='ocrx_word' id='word_1_245' title='bbox 852 2254 952 2333; x_wconf 92' lang='lat' dir='ltr'><strong>qui</strong></span> <span class='ocrx_word' id='word_1_246' title='bbox 984 2254 1059 2315; x_wconf 88' lang='lat' dir='ltr'><strong>ad</strong></span> <span class='ocrx_word' id='word_1_247' title='bbox 1090 2272 1224 2314; x_wconf 87' lang='lat' dir='ltr'><strong>eum</strong></span> <span class='ocrx_word' id='word_1_248' title='bbox 1258 2253 1797 2334; x_wconf 84' lang='lat' dir='ltr'><strong>proficiscerentur,</strong></span> <span class='ocrx_word' id='word_1_249' title='bbox 1830 2251 1936 2313; x_wconf 91' lang='lat' dir='ltr'><strong>sed</strong></span> 
     </span>
    </p>
   </div>
   <div class='ocr_carea' id='block_1_38' title="bbox 290 2341 1937 2424">
    <p class='ocr_par' dir='ltr' id='par_1_38' title="bbox 290 2341 1937 2424">
     <span class='ocr_line' id='line_1_38' title="bbox 290 2341 1937 2424; baseline 0.002 -24"><span class='ocrx_word' id='word_1_250' title='bbox 290 2347 482 2424; x_wconf 83' lang='lat' dir='ltr'><strong>tamen</strong></span> <span class='ocrx_word' id='word_1_251' title='bbox 510 2342 642 2422; x_wconf 86' lang='lat' dir='ltr'><strong>plus</strong></span> <span class='ocrx_word' id='word_1_252' title='bbox 682 2351 949 2424; x_wconf 52' lang='lat' dir='ltr'><strong>quatuor</strong></span> <span class='ocrx_word' id='word_1_253' title='bbox 1003 2342 1681 2424; x_wconf 77' lang='lat' dir='ltr'><strong>scripserat,simulque</strong></span> <span class='ocrx_word' id='word_1_254' title='bbox 1713 2341 1937 2424; x_wconf 87' lang='lat' dir='ltr'><strong>litteras</strong></span> 
     </span>
    </p>
   </div>
   <div class='ocr_carea' id='block_1_39' title="bbox 284 2421 1935 2504">
    <p class='ocr_par' dir='ltr' id='par_1_39' title="bbox 284 2421 1935 2504">
     <span class='ocr_line' id='line_1_39' title="bbox 284 2421 1935 2504; baseline 0.001 -22"><span class='ocrx_word' id='word_1_255' title='bbox 284 2421 353 2483; x_wconf 85' lang='lat' dir='ltr'><strong>ad</strong></span> <span class='ocrx_word' id='word_1_256' title='bbox 374 2441 439 2484; x_wconf 89' lang='lat' dir='ltr'><strong>se</strong></span> <span class='ocrx_word' id='word_1_257' title='bbox 456 2421 589 2503; x_wconf 75' lang='lat' dir='ltr'><strong>past</strong></span> <span class='ocrx_word' id='word_1_258' title='bbox 606 2421 866 2501; x_wconf 89' lang='lat' dir='ltr'><strong>priorem</strong></span> <span class='ocrx_word' id='word_1_259' title='bbox 896 2421 1140 2486; x_wconf 81' lang='lat' dir='ltr'><strong>Eusebii</strong></span> <span class='ocrx_word' id='word_1_260' title='bbox 1156 2423 1466 2504; x_wconf 89' lang='lat' dir='ltr'><strong>epistolam</strong></span> <span class='ocrx_word' id='word_1_261' title='bbox 1501 2421 1821 2484; x_wconf 90' lang='lat' dir='ltr'><strong>Samosatis</strong></span> <span class='ocrx_word' id='word_1_262' title='bbox 1844 2424 1935 2483; x_wconf 89' lang='lat' dir='ltr'><strong>al-</strong></span> 
     </span>
    </p>
   </div>
   <div class='ocr_carea' id='block_1_40' title="bbox 286 2509 1937 2593">
    <p class='ocr_par' dir='ltr' id='par_1_40' title="bbox 286 2509 1937 2593">
     <span class='ocr_line' id='line_1_40' title="bbox 286 2509 1937 2593; baseline 0.001 -22"><span class='ocrx_word' id='word_1_263' title='bbox 286 2509 452 2587; x_wconf 88' lang='lat' dir='ltr'><strong>latas,</strong></span> <span class='ocrx_word' id='word_1_264' title='bbox 479 2513 723 2574; x_wconf 86' lang='lat' dir='ltr'><strong>Leontio</strong></span> <span class='ocrx_word' id='word_1_265' title='bbox 750 2514 1145 2593; x_wconf 81' lang='lat' dir='ltr'><strong>peraquatori</strong></span> <span class='ocrx_word' id='word_1_266' title='bbox 1163 2516 1383 2578; x_wconf 88' lang='lat' dir='ltr'><strong>Nicaa</strong></span> <span class='ocrx_word' id='word_1_267' title='bbox 1404 2512 1672 2586; x_wconf 80' lang='lat' dir='ltr'><strong>miserat,</strong></span> <span class='ocrx_word' id='word_1_268' title='bbox 1698 2518 1761 2571; x_wconf 92' lang='lat' dir='ltr'><strong>ut</strong></span> <span class='ocrx_word' id='word_1_269' title='bbox 1778 2510 1937 2575; x_wconf 91' lang='lat' dir='ltr'><strong>illius</strong></span> 
     </span>
    </p>
   </div>
   <div class='ocr_carea' id='block_1_41' title="bbox 288 2597 1937 2684">
    <p class='ocr_par' dir='ltr' id='par_1_41' title="bbox 288 2597 1937 2684">
     <span class='ocr_line' id='line_1_41' title="bbox 288 2597 1937 2684; baseline -0.006 -19"><span class='ocrx_word' id='word_1_270' title='bbox 288 2615 466 2681; x_wconf 88' lang='lat' dir='ltr'><strong>Opera</strong></span> <span class='ocrx_word' id='word_1_271' title='bbox 490 2603 775 2664; x_wconf 88' lang='lat' dir='ltr'><strong>darentur</strong></span> <span class='ocrx_word' id='word_1_272' title='bbox 808 2600 1134 2683; x_wconf 90' lang='lat' dir='ltr'><strong>Sophronii</strong></span> <span class='ocrx_word' id='word_1_273' title='bbox 1155 2603 1365 2665; x_wconf 92' lang='lat' dir='ltr'><strong>domus</strong></span> <span class='ocrx_word' id='word_1_274' title='bbox 1390 2597 1785 2684; x_wconf 89' lang='lat' dir='ltr'><strong>procuratori,</strong></span> <span class='ocrx_word' id='word_1_275' title='bbox 1810 2613 1937 2657; x_wconf 85' lang='lat' dir='ltr'><strong>eas-</strong></span> 
     </span>
    </p>
   </div>
   <div class='ocr_carea' id='block_1_42' title="bbox 291 2685 1938 2775">
    <p class='ocr_par' dir='ltr' id='par_1_42' title="bbox 291 2685 1938 2775">
     <span class='ocr_line' id='line_1_42' title="bbox 291 2685 1938 2775; baseline -0.003 -23"><span class='ocrx_word' id='word_1_276' title='bbox 291 2708 404 2771; x_wconf 90' lang='lat' dir='ltr'><strong>qne</strong></span> <span class='ocrx_word' id='word_1_277' title='bbox 434 2693 534 2755; x_wconf 92' lang='lat' dir='ltr'><strong>ille</strong></span> <span class='ocrx_word' id='word_1_278' title='bbox 560 2692 635 2754; x_wconf 90' lang='lat' dir='ltr'><strong>ad</strong></span> <span class='ocrx_word' id='word_1_279' title='bbox 682 2691 1001 2754; x_wconf 89' lang='lat' dir='ltr'><strong>Eusebium</strong></span> <span class='ocrx_word' id='word_1_280' title='bbox 1037 2693 1425 2775; x_wconf 86' lang='lat' dir='ltr'><strong>perferendas</strong></span> <span class='ocrx_word' id='word_1_281' title='bbox 1465 2698 1721 2754; x_wconf 87' lang='lat' dir='ltr'><strong>curaret.</strong></span> <span class='ocrx_word' id='word_1_282' title='bbox 1766 2685 1938 2751; x_wconf 88' lang='lat' dir='ltr'><strong>Unde</strong></span> 
     </span>
    </p>
   </div>
   <div class='ocr_carea' id='block_1_43' title="bbox 294 2777 1939 2864">
    <p class='ocr_par' dir='ltr' id='par_1_43' title="bbox 294 2777 1939 2864">
     <span class='ocr_line' id='line_1_43' title="bbox 294 2777 1939 2864; baseline -0.002 -23"><span class='ocrx_word' id='word_1_283' title='bbox 294 2782 624 2864; x_wconf 89' lang='lat' dir='ltr'><strong>suspicatur</strong></span> <span class='ocrx_word' id='word_1_284' title='bbox 644 2780 898 2844; x_wconf 91' lang='lat' dir='ltr'><strong>Basilius</strong></span> <span class='ocrx_word' id='word_1_285' title='bbox 922 2783 1008 2863; x_wconf 85' lang='lat' dir='ltr'><strong>(a)</strong></span> <span class='ocrx_word' id='word_1_286' title='bbox 1035 2784 1289 2864; x_wconf 90' lang='lat' dir='ltr'><strong>alicujus</strong></span> <span class='ocrx_word' id='word_1_287' title='bbox 1334 2802 1539 2845; x_wconf 92' lang='lat' dir='ltr'><strong>eorum</strong></span> <span class='ocrx_word' id='word_1_288' title='bbox 1599 2779 1816 2858; x_wconf 86' lang='lat' dir='ltr'><strong>quibus</strong></span> <span class='ocrx_word' id='word_1_289' title='bbox 1847 2777 1939 2837; x_wconf 92' lang='lat' dir='ltr'><strong>ha</strong></span> 
     </span>
    </p>
   </div>
   <div class='ocr_carea' id='block_1_44' title="bbox 294 2869 1939 2952">
    <p class='ocr_par' dir='ltr' id='par_1_44' title="bbox 294 2869 1939 2952">
     <span class='ocr_line' id='line_1_44' title="bbox 294 2869 1939 2952; baseline -0.004 -20"><span class='ocrx_word' id='word_1_290' title='bbox 294 2869 503 2936; x_wconf 87' lang='lat' dir='ltr'><strong>littera</strong></span> <span class='ocrx_word' id='word_1_291' title='bbox 542 2873 874 2949; x_wconf 88' lang='lat' dir='ltr'><strong>traduntur,</strong></span> <span class='ocrx_word' id='word_1_292' title='bbox 903 2882 1006 2934; x_wconf 91' lang='lat' dir='ltr'><strong>aut</strong></span> <span class='ocrx_word' id='word_1_293' title='bbox 1039 2874 1290 2952; x_wconf 91' lang='lat' dir='ltr'><strong>negotiis</strong></span> <span class='ocrx_word' id='word_1_294' title='bbox 1314 2881 1413 2935; x_wconf 92' lang='lat' dir='ltr'><strong>aut</strong></span> <span class='ocrx_word' id='word_1_295' title='bbox 1442 2871 1693 2952; x_wconf 83' lang='lat' dir='ltr'><strong>segnitie</strong></span> <span class='ocrx_word' id='word_1_296' title='bbox 1716 2869 1840 2932; x_wconf 87' lang='lat' dir='ltr'><strong>fieri</strong></span> <span class='ocrx_word' id='word_1_297' title='bbox 1874 2873 1939 2928; x_wconf 90' lang='lat' dir='ltr'><strong>ut</strong></span> 
     </span>
    </p>
   </div>
   <div class='ocr_carea' id='block_1_45' title="bbox 295 2959 1934 3045">
    <p class='ocr_par' dir='ltr' id='par_1_45' title="bbox 295 2959 1934 3045">
     <span class='ocr_line' id='line_1_45' title="bbox 295 2959 1934 3045; baseline -0.002 -22"><span class='ocrx_word' id='word_1_298' title='bbox 295 2978 416 3024; x_wconf 87' lang='lat' dir='ltr'><strong>non</strong></span> <span class='ocrx_word' id='word_1_299' title='bbox 438 2963 779 3026; x_wconf 88' lang='lat' dir='ltr'><strong>reddantur.</strong></span> <span class='ocrx_word' id='word_1_300' title='bbox 802 2962 922 3026; x_wconf 88' lang='lat' dir='ltr'><strong>Cur</strong></span> <span class='ocrx_word' id='word_1_301' title='bbox 942 2972 1139 3026; x_wconf 89' lang='lat' dir='ltr'><strong>autem</strong></span> <span class='ocrx_word' id='word_1_302' title='bbox 1162 2963 1421 3045; x_wconf 90' lang='lat' dir='ltr'><strong>aliquem</strong></span> <span class='ocrx_word' id='word_1_303' title='bbox 1448 2982 1521 3025; x_wconf 84' lang='lat' dir='ltr'><strong>ex</strong></span> <span class='ocrx_word' id='word_1_304' title='bbox 1547 2959 1785 3023; x_wconf 89' lang='lat' dir='ltr'><strong>clericis</strong></span> <span class='ocrx_word' id='word_1_305' title='bbox 1810 2976 1934 3020; x_wconf 89' lang='lat' dir='ltr'><strong>non</strong></span> 
     </span>
    </p>
   </div>
   <div class='ocr_carea' id='block_1_46' title="bbox 299 3050 1933 3134">
    <p class='ocr_par' dir='ltr' id='par_1_46' title="bbox 299 3050 1933 3134">
     <span class='ocr_line' id='line_1_46' title="bbox 299 3050 1933 3134; baseline -0.001 -23"><span class='ocrx_word' id='word_1_306' title='bbox 299 3050 545 3134; x_wconf 87' lang='lat' dir='ltr'><strong>miserit,</strong></span> <span class='ocrx_word' id='word_1_307' title='bbox 557 3060 795 3116; x_wconf 82' lang='lat' dir='ltr'><strong>excusat</strong></span> <span class='ocrx_word' id='word_1_308' title='bbox 814 3052 1268 3117; x_wconf 85' lang='lat' dir='ltr'><strong>acerbissimam</strong></span> <span class='ocrx_word' id='word_1_309' title='bbox 1283 3054 1711 3134; x_wconf 85' lang='lat' dir='ltr'><strong>hiemem,qua</strong></span> <span class='ocrx_word' id='word_1_310' title='bbox 1725 3066 1933 3112; x_wconf 89' lang='lat' dir='ltr'><strong>omnes</strong></span> 
     </span>
    </p>
   </div>
   <div class='ocr_carea' id='block_1_47' title="bbox 2022 1887 3670 1975">
    <p class='ocr_par' dir='ltr' id='par_1_47' title="bbox 2022 1887 3670 1975">
     <span class='ocr_line' id='line_1_47' title="bbox 2022 1887 3670 1975; baseline 0.004 -27"><span class='ocrx_word' id='word_1_311' title='bbox 2022 1887 2457 1950; x_wconf 88' lang='lat' dir='ltr'><strong>absurdisvotis</strong></span> <span class='ocrx_word' id='word_1_312' title='bbox 2475 1890 2553 1964; x_wconf 74' lang='grc' dir='ltr'><strong>(ἁ)</strong></span> <span class='ocrx_word' id='word_1_313' title='bbox 2576 1888 2778 1949; x_wconf 90' lang='lat' dir='ltr'><strong>etaliis</strong></span> <span class='ocrx_word' id='word_1_314' title='bbox 2798 1889 3231 1967; x_wconf 88' lang='lat' dir='ltr'><strong>ejusmodi;sed</strong></span> <span class='ocrx_word' id='word_1_315' title='bbox 3257 1891 3435 1952; x_wconf 90' lang='lat' dir='ltr'><strong>etiam</strong></span> <span class='ocrx_word' id='word_1_316' title='bbox 3461 1894 3670 1975; x_wconf 83' lang='lat' dir='ltr'><strong>multa,</strong></span> 
     </span>
    </p>
   </div>
   <div class='ocr_carea' id='block_1_48' title="bbox 2022 1978 3672 2057">
    <p class='ocr_par' dir='ltr' id='par_1_48' title="bbox 2022 1978 3672 2057">
     <span class='ocr_line' id='line_1_48' title="bbox 2022 1978 3672 2057; baseline 0.004 -18"><span class='ocrx_word' id='word_1_317' title='bbox 2022 1996 2154 2057; x_wconf 89' lang='lat' dir='ltr'><strong>qua</strong></span> <span class='ocrx_word' id='word_1_318' title='bbox 2184 1978 2244 2038; x_wconf 93' lang='lat' dir='ltr'><strong>in</strong></span> <span class='ocrx_word' id='word_1_319' title='bbox 2282 1978 2473 2057; x_wconf 90' lang='lat' dir='ltr'><strong>prima</strong></span> <span class='ocrx_word' id='word_1_320' title='bbox 2504 1986 2723 2039; x_wconf 91' lang='lat' dir='ltr'><strong>statuta</strong></span> <span class='ocrx_word' id='word_1_321' title='bbox 2754 1978 3010 2053; x_wconf 86' lang='lat' dir='ltr'><strong>fuerant,</strong></span> <span class='ocrx_word' id='word_1_322' title='bbox 3074 1978 3289 2040; x_wconf 90' lang='lat' dir='ltr'><strong>clarius</strong></span> <span class='ocrx_word' id='word_1_323' title='bbox 3340 1989 3397 2042; x_wconf 90' lang='lat' dir='ltr'><strong>et</strong></span> <span class='ocrx_word' id='word_1_324' title='bbox 3428 1982 3672 2046; x_wconf 87' lang='lat' dir='ltr'><strong>uberius</strong></span> 
     </span>
    </p>
   </div>
   <div class='ocr_carea' id='block_1_49' title="bbox 2020 2066 3669 2154">
    <p class='ocr_par' dir='ltr' id='par_1_49' title="bbox 2020 2066 3669 2154">
     <span class='ocr_line' id='line_1_49' title="bbox 2020 2066 3669 2154; baseline 0.005 -27"><span class='ocrx_word' id='word_1_325' title='bbox 2020 2067 2417 2147; x_wconf 87' lang='lat' dir='ltr'><strong>explanantur</strong></span> <span class='ocrx_word' id='word_1_326' title='bbox 2439 2068 2501 2129; x_wconf 93' lang='lat' dir='ltr'><strong>in</strong></span> <span class='ocrx_word' id='word_1_327' title='bbox 2527 2068 2890 2141; x_wconf 83' lang='lat' dir='ltr'><strong>secunda,ut</strong></span> <span class='ocrx_word' id='word_1_328' title='bbox 2913 2068 2988 2129; x_wconf 93' lang='lat' dir='ltr'><strong>de</strong></span> <span class='ocrx_word' id='word_1_329' title='bbox 3010 2066 3190 2148; x_wconf 88' lang='lat' dir='ltr'><strong>lapsis</strong></span> <span class='ocrx_word' id='word_1_330' title='bbox 3213 2069 3541 2148; x_wconf 76' lang='lat' dir='ltr'><strong>virginibus</strong></span> <span class='ocrx_word' id='word_1_331' title='bbox 3560 2075 3669 2154; x_wconf 88' lang='lat' dir='ltr'><strong>(e),</strong></span> 
     </span>
    </p>
   </div>
   <div class='ocr_carea' id='block_1_50' title="bbox 2022 2155 3668 2237">
    <p class='ocr_par' dir='ltr' id='par_1_50' title="bbox 2022 2155 3668 2237">
     <span class='ocr_line' id='line_1_50' title="bbox 2022 2155 3668 2237; baseline 0.005 -21"><span class='ocrx_word' id='word_1_332' title='bbox 2022 2155 2097 2217; x_wconf 91' lang='lat' dir='ltr'><strong>de</strong></span> <span class='ocrx_word' id='word_1_333' title='bbox 2128 2156 2423 2236; x_wconf 89' lang='lat' dir='ltr'><strong>baptismo</strong></span> <span class='ocrx_word' id='word_1_334' title='bbox 2449 2157 2863 2219; x_wconf 87' lang='lat' dir='ltr'><strong>hareticorum</strong></span> <span class='ocrx_word' id='word_1_335' title='bbox 2888 2157 2969 2235; x_wconf 86' lang='lat' dir='ltr'><strong>(f)</strong></span> <span class='ocrx_word' id='word_1_336' title='bbox 3002 2165 3059 2219; x_wconf 88' lang='lat' dir='ltr'><strong>et</strong></span> <span class='ocrx_word' id='word_1_337' title='bbox 3105 2158 3374 2237; x_wconf 90' lang='lat' dir='ltr'><strong>pluribus</strong></span> <span class='ocrx_word' id='word_1_338' title='bbox 3406 2161 3561 2225; x_wconf 90' lang='lat' dir='ltr'><strong>aliis.</strong></span> <span class='ocrx_word' id='word_1_339' title='bbox 3584 2163 3668 2225; x_wconf 78' lang='lat' dir='ltr'><strong>Ex</strong></span> 
     </span>
    </p>
   </div>
   <div class='ocr_carea' id='block_1_51' title="bbox 2020 2245 3672 2330">
    <p class='ocr_par' dir='ltr' id='par_1_51' title="bbox 2020 2245 3672 2330">
     <span class='ocr_line' id='line_1_51' title="bbox 2020 2245 3672 2330; baseline 0.005 -24"><span class='ocrx_word' id='word_1_340' title='bbox 2020 2245 2237 2327; x_wconf 90' lang='lat' dir='ltr'><strong>quibus</strong></span> <span class='ocrx_word' id='word_1_341' title='bbox 2260 2254 2423 2328; x_wconf 91' lang='lat' dir='ltr'><strong>patet</strong></span> <span class='ocrx_word' id='word_1_342' title='bbox 2449 2246 2971 2327; x_wconf 88' lang='lat' dir='ltr'><strong>Amphilochium,</strong></span> <span class='ocrx_word' id='word_1_343' title='bbox 3000 2247 3157 2309; x_wconf 89' lang='lat' dir='ltr'><strong>lecta</strong></span> <span class='ocrx_word' id='word_1_344' title='bbox 3190 2247 3389 2327; x_wconf 90' lang='lat' dir='ltr'><strong>priore</strong></span> <span class='ocrx_word' id='word_1_345' title='bbox 3422 2251 3672 2330; x_wconf 87' lang='lat' dir='ltr'><strong>epistola</strong></span> 
     </span>
    </p>
   </div>
   <div class='ocr_carea' id='block_1_52' title="bbox 2020 2336 3676 2418">
    <p class='ocr_par' dir='ltr' id='par_1_52' title="bbox 2020 2336 3676 2418">
     <span class='ocr_line' id='line_1_52' title="bbox 2020 2336 3676 2418; baseline 0.005 -22"><span class='ocrx_word' id='word_1_346' title='bbox 2020 2336 2328 2409; x_wconf 90' lang='lat' dir='ltr'><strong>canonica,</strong></span> <span class='ocrx_word' id='word_1_347' title='bbox 2355 2355 2535 2398; x_wconf 83' lang='lat' dir='ltr'><strong>novas</strong></span> <span class='ocrx_word' id='word_1_348' title='bbox 2567 2336 2936 2414; x_wconf 87' lang='lat' dir='ltr'><strong>quastiones</strong></span> <span class='ocrx_word' id='word_1_349' title='bbox 2954 2336 3173 2398; x_wconf 89' lang='lat' dir='ltr'><strong>Basilio</strong></span> <span class='ocrx_word' id='word_1_350' title='bbox 3200 2340 3676 2418; x_wconf 90' lang='lat' dir='ltr'><strong>proposuisse,et</strong></span> 
     </span>
    </p>
   </div>
   <div class='ocr_carea' id='block_1_53' title="bbox 2020 2424 3676 2507">
    <p class='ocr_par' dir='ltr' id='par_1_53' title="bbox 2020 2424 3676 2507">
     <span class='ocr_line' id='line_1_53' title="bbox 2020 2424 3676 2507; baseline 0.005 -22"><span class='ocrx_word' id='word_1_351' title='bbox 2020 2424 2096 2486; x_wconf 83' lang='lat' dir='ltr'><strong>de</strong></span> <span class='ocrx_word' id='word_1_352' title='bbox 2114 2424 2607 2507; x_wconf 87' lang='lat' dir='ltr'><strong>prateritis,quid</strong></span> <span class='ocrx_word' id='word_1_353' title='bbox 2634 2424 2881 2487; x_wconf 87' lang='lat' dir='ltr'><strong>dubium</strong></span> <span class='ocrx_word' id='word_1_354' title='bbox 2909 2432 3007 2487; x_wconf 88' lang='lat' dir='ltr'><strong>aut</strong></span> <span class='ocrx_word' id='word_1_355' title='bbox 3028 2425 3348 2491; x_wconf 87' lang='lat' dir='ltr'><strong>obscurum</strong></span> <span class='ocrx_word' id='word_1_356' title='bbox 3374 2427 3484 2489; x_wconf 88' lang='lat' dir='ltr'><strong>sibi</strong></span> <span class='ocrx_word' id='word_1_357' title='bbox 3506 2429 3676 2493; x_wconf 84' lang='lat' dir='ltr'><strong>vide-</strong></span> 
     </span>
    </p>
   </div>
   <div class='ocr_carea' id='block_1_54' title="bbox 2019 2513 3669 2598">
    <p class='ocr_par' dir='ltr' id='par_1_54' title="bbox 2019 2513 3669 2598">
     <span class='ocr_line' id='line_1_54' title="bbox 2019 2513 3669 2598; baseline 0.005 -24"><span class='ocrx_word' id='word_1_358' title='bbox 2019 2521 2186 2574; x_wconf 88' lang='lat' dir='ltr'><strong>retur</strong></span> <span class='ocrx_word' id='word_1_359' title='bbox 2214 2514 2599 2593; x_wconf 73' lang='lat' dir='ltr'><strong>significasse.</strong></span> <span class='ocrx_word' id='word_1_360' title='bbox 2644 2513 2707 2575; x_wconf 93' lang='lat' dir='ltr'><strong>Id</strong></span> <span class='ocrx_word' id='word_1_361' title='bbox 2744 2514 3040 2594; x_wconf 81' lang='lat' dir='ltr'><strong>praecipue</strong></span> <span class='ocrx_word' id='word_1_362' title='bbox 3065 2514 3365 2577; x_wconf 87' lang='lat' dir='ltr'><strong>observari</strong></span> <span class='ocrx_word' id='word_1_363' title='bbox 3392 2526 3589 2598; x_wconf 89' lang='lat' dir='ltr'><strong>potest</strong></span> <span class='ocrx_word' id='word_1_364' title='bbox 3608 2519 3669 2582; x_wconf 90' lang='lat' dir='ltr'><strong>in</strong></span> 
     </span>
    </p>
   </div>
   <div class='ocr_carea' id='block_1_55' title="bbox 2020 2604 3673 2687">
    <p class='ocr_par' dir='ltr' id='par_1_55' title="bbox 2020 2604 3673 2687">
     <span class='ocr_line' id='line_1_55' title="bbox 2020 2604 3673 2687; baseline 0.002 -18"><span class='ocrx_word' id='word_1_365' title='bbox 2020 2622 2248 2669; x_wconf 88' lang='lat' dir='ltr'><strong>canone</strong></span> <span class='ocrx_word' id='word_1_366' title='bbox 2278 2606 2354 2666; x_wconf 82' lang='lat'><strong>47</strong></span> <span class='ocrx_word' id='word_1_367' title='bbox 2386 2604 2462 2666; x_wconf 93' lang='lat' dir='ltr'><strong>de</strong></span> <span class='ocrx_word' id='word_1_368' title='bbox 2484 2605 2781 2684; x_wconf 91' lang='lat' dir='ltr'><strong>baptismo</strong></span> <span class='ocrx_word' id='word_1_369' title='bbox 2816 2604 3265 2687; x_wconf 89' lang='lat' dir='ltr'><strong>hareticorum,</strong></span> <span class='ocrx_word' id='word_1_370' title='bbox 3290 2606 3391 2669; x_wconf 90' lang='lat' dir='ltr'><strong>ubi</strong></span> <span class='ocrx_word' id='word_1_371' title='bbox 3420 2610 3673 2673; x_wconf 87' lang='lat' dir='ltr'><strong>Basilius</strong></span> 
     </span>
    </p>
   </div>
   <div class='ocr_carea' id='block_1_56' title="bbox 2021 2692 3670 2776">
    <p class='ocr_par' dir='ltr' id='par_1_56' title="bbox 2021 2692 3670 2776">
     <span class='ocr_line' id='line_1_56' title="bbox 2021 2692 3670 2776; baseline 0.005 -22"><span class='ocrx_word' id='word_1_372' title='bbox 2021 2693 2182 2755; x_wconf 90' lang='lat' dir='ltr'><strong>idem</strong></span> <span class='ocrx_word' id='word_1_373' title='bbox 2215 2693 2291 2754; x_wconf 90' lang='lat' dir='ltr'><strong>de</strong></span> <span class='ocrx_word' id='word_1_374' title='bbox 2324 2692 2673 2767; x_wconf 88' lang='lat' dir='ltr'><strong>Encratitis,</strong></span> <span class='ocrx_word' id='word_1_375' title='bbox 2698 2693 3101 2773; x_wconf 84' lang='lat' dir='ltr'><strong>Saccophoris</strong></span> <span class='ocrx_word' id='word_1_376' title='bbox 3122 2704 3180 2756; x_wconf 92' lang='lat' dir='ltr'><strong>et</strong></span> <span class='ocrx_word' id='word_1_377' title='bbox 3200 2698 3557 2776; x_wconf 88' lang='lat' dir='ltr'><strong>Apotactitis</strong></span> <span class='ocrx_word' id='word_1_378' title='bbox 3580 2702 3670 2762; x_wconf 91' lang='lat' dir='ltr'><strong>fe-</strong></span> 
     </span>
    </p>
   </div>
   <div class='ocr_carea' id='block_1_57' title="bbox 2019 2782 3667 2863">
    <p class='ocr_par' dir='ltr' id='par_1_57' title="bbox 2019 2782 3667 2863">
     <span class='ocr_line' id='line_1_57' title="bbox 2019 2782 3667 2863; baseline 0.005 -18"><span class='ocrx_word' id='word_1_379' title='bbox 2019 2783 2274 2845; x_wconf 88' lang='lat' dir='ltr'><strong>rendum</strong></span> <span class='ocrx_word' id='word_1_380' title='bbox 2307 2802 2439 2845; x_wconf 87' lang='lat' dir='ltr'><strong>esse</strong></span> <span class='ocrx_word' id='word_1_381' title='bbox 2456 2782 2747 2863; x_wconf 90' lang='lat' dir='ltr'><strong>judicium</strong></span> <span class='ocrx_word' id='word_1_382' title='bbox 2770 2792 3045 2862; x_wconf 88' lang='lat' dir='ltr'><strong>negat,ac</strong></span> <span class='ocrx_word' id='word_1_383' title='bbox 3066 2783 3142 2845; x_wconf 92' lang='lat' dir='ltr'><strong>de</strong></span> <span class='ocrx_word' id='word_1_384' title='bbox 3157 2783 3520 2853; x_wconf 83' lang='lat' dir='ltr'><strong>Novatianis:</strong></span> <span class='ocrx_word' id='word_1_385' title='bbox 3548 2810 3667 2853; x_wconf 89' lang='lat' dir='ltr'><strong>non</strong></span> 
     </span>
    </p>
   </div>
   <div class='ocr_carea' id='block_1_58' title="bbox 2017 2872 3667 2954">
    <p class='ocr_par' dir='ltr' id='par_1_58' title="bbox 2017 2872 3667 2954">
     <span class='ocr_line' id='line_1_58' title="bbox 2017 2872 3667 2954; baseline 0.005 -19"><span class='ocrx_word' id='word_1_386' title='bbox 2017 2872 2194 2935; x_wconf 89' lang='lat' dir='ltr'><strong>aliam</strong></span> <span class='ocrx_word' id='word_1_387' title='bbox 2226 2891 2369 2934; x_wconf 87' lang='lat' dir='ltr'><strong>sane</strong></span> <span class='ocrx_word' id='word_1_388' title='bbox 2395 2873 2470 2935; x_wconf 83' lang='lat' dir='ltr'><strong>ob</strong></span> <span class='ocrx_word' id='word_1_389' title='bbox 2502 2889 2766 2949; x_wconf 89' lang='lat' dir='ltr'><strong>causam,</strong></span> <span class='ocrx_word' id='word_1_390' title='bbox 2802 2874 2915 2934; x_wconf 90' lang='lat' dir='ltr'><strong>nisi</strong></span> <span class='ocrx_word' id='word_1_391' title='bbox 2938 2873 3075 2953; x_wconf 90' lang='lat' dir='ltr'><strong>quia</strong></span> <span class='ocrx_word' id='word_1_392' title='bbox 3095 2874 3553 2954; x_wconf 88' lang='lat' dir='ltr'><strong>Amphilochius</strong></span> <span class='ocrx_word' id='word_1_393' title='bbox 3584 2884 3667 2944; x_wconf 64' lang='lat' dir='ltr'><strong>sio</strong></span> 
     </span>
    </p>
   </div>
   <div class='ocr_carea' id='block_1_59' title="bbox 2015 2962 3669 3043">
    <p class='ocr_par' dir='ltr' id='par_1_59' title="bbox 2015 2962 3669 3043">
     <span class='ocr_line' id='line_1_59' title="bbox 2015 2962 3669 3043; baseline 0.005 -19"><span class='ocrx_word' id='word_1_394' title='bbox 2015 2963 2397 3043; x_wconf 79' lang='lat' dir='ltr'><strong>gniﬁcaverat</strong></span> <span class='ocrx_word' id='word_1_395' title='bbox 2429 2962 2755 3025; x_wconf 91' lang='lat' dir='ltr'><strong>discrimen</strong></span> <span class='ocrx_word' id='word_1_396' title='bbox 2786 2962 2948 3024; x_wconf 89' lang='lat' dir='ltr'><strong>inter</strong></span> <span class='ocrx_word' id='word_1_397' title='bbox 2969 2963 3075 3025; x_wconf 89' lang='lat' dir='ltr'><strong>bas</strong></span> <span class='ocrx_word' id='word_1_398' title='bbox 3106 2973 3298 3026; x_wconf 92' lang='lat' dir='ltr'><strong>sectas</strong></span> <span class='ocrx_word' id='word_1_399' title='bbox 3324 2966 3440 3028; x_wconf 91' lang='lat' dir='ltr'><strong>sibi</strong></span> <span class='ocrx_word' id='word_1_400' title='bbox 3472 2970 3669 3033; x_wconf 93' lang='lat' dir='ltr'><strong>minus</strong></span> 
     </span>
    </p>
   </div>
   <div class='ocr_carea' id='block_1_60' title="bbox 2018 3052 3669 3144">
    <p class='ocr_par' dir='ltr' id='par_1_60' title="bbox 2018 3052 3669 3144">
     <span class='ocr_line' id='line_1_60' title="bbox 2018 3052 3669 3144; baseline 0.005 -30"><span class='ocrx_word' id='word_1_401' title='bbox 2018 3053 2285 3134; x_wconf 89' lang='lat' dir='ltr'><strong>probari.</strong></span> <span class='ocrx_word' id='word_1_402' title='bbox 2316 3052 2489 3117; x_wconf 91' lang='lat' dir='ltr'><strong>Unde</strong></span> <span class='ocrx_word' id='word_1_403' title='bbox 2512 3053 2790 3117; x_wconf 87' lang='lat' dir='ltr'><strong>Basilius:</strong></span> <span class='ocrx_word' id='word_1_404' title='bbox 2828 3054 3005 3130; x_wconf 82' lang='lat' dir='ltr'><strong>Quod</strong></span> <span class='ocrx_word' id='word_1_405' title='bbox 3027 3056 3083 3116; x_wconf 92' lang='lat' dir='ltr'><strong>si</strong></span> <span class='ocrx_word' id='word_1_406' title='bbox 3102 3055 3266 3134; x_wconf 86' lang='lat' dir='ltr'><strong>apud</strong></span> <span class='ocrx_word' id='word_1_407' title='bbox 3296 3074 3419 3134; x_wconf 82' lang='lat' dir='ltr'><strong>vos,</strong></span> <span class='ocrx_word' id='word_1_408' title='bbox 3451 3059 3669 3144; x_wconf 87' lang='lat' dir='ltr'><strong>inquit,</strong></span> 
     </span>
    </p>
   </div>
   <div class='ocr_carea' id='block_1_61' title="bbox 297 3137 3673 3243">
    <p class='ocr_par' dir='ltr' id='par_1_61' title="bbox 297 3137 3673 3243">
     <span class='ocr_line' id='line_1_61' title="bbox 297 3137 3673 3243; baseline 0.002 -43"><span class='ocrx_word' id='word_1_409' title='bbox 297 3137 418 3241; x_wconf 77' lang='lat' dir='ltr'><strong>vias</strong></span> <span class='ocrx_word' id='word_1_410' title='bbox 440 3144 695 3224; x_wconf 88' lang='lat' dir='ltr'><strong>usquead</strong></span> <span class='ocrx_word' id='word_1_411' title='bbox 708 3142 1365 3243; x_wconf 46' lang='lat' dir='ltr'><strong>Pasch-sintercluserat</strong></span> <span class='ocrx_word' id='word_1_412' title='bbox 1387 3162 1402 3220; x_wconf 90' lang='lat'><strong>;</strong></span> <span class='ocrx_word' id='word_1_413' title='bbox 1425 3151 1564 3243; x_wconf 35' lang='lat' dir='ltr'><strong>tum.</strong></span> <span class='ocrx_word' id='word_1_414' title='bbox 1584 3141 1762 3243; x_wconf 76' lang='lat' dir='ltr'><strong>etiam</strong></span> <span class='ocrx_word' id='word_1_415' title='bbox 1799 3138 1928 3240; x_wconf 76' lang='lat' dir='ltr'><strong>cle-</strong></span> <span class='ocrx_word' id='word_1_416' title='bbox 1948 3192 1987 3243; x_wconf 64' lang='grc' dir='ltr'>Ο</span> <span class='ocrx_word' id='word_1_417' title='bbox 2010 3144 2318 3224; x_wconf 85' lang='lat' dir='ltr'><strong>prohibita</strong></span> <span class='ocrx_word' id='word_1_418' title='bbox 2333 3151 2417 3206; x_wconf 85' lang='lat' dir='ltr'><strong>est</strong></span> <span class='ocrx_word' id='word_1_419' title='bbox 2431 3145 2836 3243; x_wconf 69' lang='lat' dir='ltr'><strong>rebaptizatio</strong></span> <span class='ocrx_word' id='word_1_420' title='bbox 2853 3145 3007 3243; x_wconf 69' lang='lat' dir='ltr'><strong>sicut</strong></span> <span class='ocrx_word' id='word_1_421' title='bbox 3030 3137 3673 3243; x_wconf 47' lang='lat' dir='ltr'><strong>aptidﬂomanosmos;</strong></span> 
     </span>
    </p>
   </div>
   <div class='ocr_carea' id='block_1_62' title="bbox 288 3231 3665 3315">
    <p class='ocr_par' dir='ltr' id='par_1_62' title="bbox 288 3231 3665 3315">
     <span class='ocr_line' id='line_1_62' title="bbox 288 3231 3665 3315; baseline 0.004 -25"><span class='ocrx_word' id='word_1_422' title='bbox 288 3231 562 3308; x_wconf 86' lang='lat' dir='ltr'><strong>ricorum,</strong></span> <span class='ocrx_word' id='word_1_423' title='bbox 587 3252 829 3297; x_wconf 87' lang='lat' dir='ltr'><strong>suorum</strong></span> <span class='ocrx_word' id='word_1_424' title='bbox 854 3233 1120 3297; x_wconf 84' lang='lat' dir='ltr'><strong>alienum</strong></span> <span class='ocrx_word' id='word_1_425' title='bbox 1146 3253 1179 3296; x_wconf 90' lang='lat' dir='ltr'><strong>a</strong></span> <span class='ocrx_word' id='word_1_426' title='bbox 1204 3231 1787 3315; x_wconf 85' lang='lat' dir='ltr'><strong>peregrinationibus</strong></span> <span class='ocrx_word' id='word_1_427' title='bbox 1808 3231 1931 3291; x_wconf 82' lang='lat' dir='ltr'><strong>ani-</strong></span> <span class='ocrx_word' id='word_1_428' title='bbox 1951 3231 1987 3243; x_wconf 66' lang='grc' dir='ltr'>ν</span> <span class='ocrx_word' id='word_1_429' title='bbox 2014 3240 2115 3297; x_wconf 88' lang='lat' dir='ltr'><strong>tra</strong></span> <span class='ocrx_word' id='word_1_430' title='bbox 2140 3241 2340 3298; x_wconf 86' lang='lat' dir='ltr'><strong>tamen</strong></span> <span class='ocrx_word' id='word_1_431' title='bbox 2356 3236 2515 3297; x_wconf 80' lang='lat' dir='ltr'><strong>ratio</strong></span> <span class='ocrx_word' id='word_1_432' title='bbox 2531 3234 2650 3296; x_wconf 84' lang='lat' dir='ltr'><strong>vim</strong></span> <span class='ocrx_word' id='word_1_433' title='bbox 2664 3232 3665 3315; x_wconf 88' lang='lat' dir='ltr'><strong>obtineat.DecepitTillemontium</strong></span> 
     </span>
    </p>
   </div>
   <div class='ocr_carea' id='block_1_63' title="bbox 282 3321 1931 3403">
    <p class='ocr_par' dir='ltr' id='par_1_63' title="bbox 282 3321 1931 3403">
     <span class='ocr_line' id='line_1_63' title="bbox 282 3321 1931 3403; baseline -0.001 -24"><span class='ocrx_word' id='word_1_434' title='bbox 282 3336 466 3403; x_wconf 90' lang='lat' dir='ltr'><strong>mum,</strong></span> <span class='ocrx_word' id='word_1_435' title='bbox 496 3342 566 3385; x_wconf 92' lang='lat' dir='ltr'><strong>eo</strong></span> <span class='ocrx_word' id='word_1_436' title='bbox 589 3322 752 3401; x_wconf 90' lang='lat' dir='ltr'><strong>quod</strong></span> <span class='ocrx_word' id='word_1_437' title='bbox 777 3342 843 3384; x_wconf 79' lang='lat' dir='ltr'><strong>ex</strong></span> <span class='ocrx_word' id='word_1_438' title='bbox 868 3324 1224 3386; x_wconf 89' lang='lat' dir='ltr'><strong>sedentariis</strong></span> <span class='ocrx_word' id='word_1_439' title='bbox 1256 3325 1485 3384; x_wconf 90' lang='lat' dir='ltr'><strong>artibus</strong></span> <span class='ocrx_word' id='word_1_440' title='bbox 1518 3321 1739 3383; x_wconf 84' lang='lat' dir='ltr'><strong>victum</strong></span> <span class='ocrx_word' id='word_1_441' title='bbox 1770 3335 1931 3379; x_wconf 68' lang='lat' dir='ltr'><strong>com«</strong></span> 
     </span>
    </p>
   </div>
   <div class='ocr_carea' id='block_1_64' title="bbox 279 3410 1927 3490">
    <p class='ocr_par' dir='ltr' id='par_1_64' title="bbox 279 3410 1927 3490">
     <span class='ocr_line' id='line_1_64' title="bbox 279 3410 1927 3490; baseline -0.003 -19"><span class='ocrx_word' id='word_1_442' title='bbox 279 3420 505 3490; x_wconf 91' lang='lat' dir='ltr'><strong>parent.</strong></span> <span class='ocrx_word' id='word_1_443' title='bbox 540 3410 711 3476; x_wconf 90' lang='lat' dir='ltr'><strong>Unde</strong></span> <span class='ocrx_word' id='word_1_444' title='bbox 742 3412 919 3473; x_wconf 90' lang='lat' dir='ltr'><strong>etiam</strong></span> <span class='ocrx_word' id='word_1_445' title='bbox 952 3430 1094 3473; x_wconf 90' lang='lat' dir='ltr'><strong>rure</strong></span> <span class='ocrx_word' id='word_1_446' title='bbox 1125 3421 1367 3474; x_wconf 89' lang='lat' dir='ltr'><strong>coactus</strong></span> <span class='ocrx_word' id='word_1_447' title='bbox 1389 3413 1581 3472; x_wconf 89' lang='lat' dir='ltr'><strong>fuerat</strong></span> <span class='ocrx_word' id='word_1_448' title='bbox 1596 3424 1927 3487; x_wconf 84' lang='lat' dir='ltr'><strong>accersere,</strong></span> 
     </span>
    </p>
   </div>
   <div class='ocr_carea' id='block_1_65' title="bbox 280 3498 1927 3581">
    <p class='ocr_par' dir='ltr' id='par_1_65' title="bbox 280 3498 1927 3581">
     <span class='ocr_line' id='line_1_65' title="bbox 280 3498 1927 3581; baseline -0.004 -20"><span class='ocrx_word' id='word_1_449' title='bbox 280 3499 375 3581; x_wconf 89' lang='lat' dir='ltr'><strong>qui</strong></span> <span class='ocrx_word' id='word_1_450' title='bbox 402 3502 561 3563; x_wconf 91' lang='lat' dir='ltr'><strong>hanc</strong></span> <span class='ocrx_word' id='word_1_451' title='bbox 591 3499 905 3580; x_wconf 90' lang='lat' dir='ltr'><strong>epistolam</strong></span> <span class='ocrx_word' id='word_1_452' title='bbox 938 3500 1253 3578; x_wconf 87' lang='lat' dir='ltr'><strong>perferret.</strong></span> <span class='ocrx_word' id='word_1_453' title='bbox 1287 3498 1611 3561; x_wconf 89' lang='lat' dir='ltr'><strong>Eusebium</strong></span> <span class='ocrx_word' id='word_1_454' title='bbox 1642 3498 1927 3558; x_wconf 90' lang='lat' dir='ltr'><strong>lectorem</strong></span> 
     </span>
    </p>
   </div>
   <div class='ocr_carea' id='block_1_66' title="bbox 275 3586 1927 3670">
    <p class='ocr_par' dir='ltr' id='par_1_66' title="bbox 275 3586 1927 3670">
     <span class='ocr_line' id='line_1_66' title="bbox 275 3586 1927 3670; baseline -0.004 -19"><span class='ocrx_word' id='word_1_455' title='bbox 275 3590 372 3652; x_wconf 92' lang='lat' dir='ltr'><strong>diu</strong></span> <span class='ocrx_word' id='word_1_456' title='bbox 400 3588 567 3670; x_wconf 81' lang='lat' dir='ltr'><strong>apud</strong></span> <span class='ocrx_word' id='word_1_457' title='bbox 586 3606 651 3649; x_wconf 89' lang='lat' dir='ltr'><strong>se</strong></span> <span class='ocrx_word' id='word_1_458' title='bbox 669 3586 1000 3650; x_wconf 88' lang='lat' dir='ltr'><strong>retinuerat</strong></span> <span class='ocrx_word' id='word_1_459' title='bbox 1014 3587 1293 3670; x_wconf 90' lang='lat' dir='ltr'><strong>Basilius,</strong></span> <span class='ocrx_word' id='word_1_460' title='bbox 1314 3605 1513 3650; x_wconf 89' lang='lat' dir='ltr'><strong>aerem</strong></span> <span class='ocrx_word' id='word_1_461' title='bbox 1534 3592 1927 3664; x_wconf 88' lang='lat' dir='ltr'><strong>temperatum</strong></span> 
     </span>
    </p>
   </div>
   <div class='ocr_carea' id='block_1_67' title="bbox 276 3675 1930 3761">
    <p class='ocr_par' dir='ltr' id='par_1_67' title="bbox 276 3675 1930 3761">
     <span class='ocr_line' id='line_1_67' title="bbox 276 3675 1930 3761; baseline -0.003 -19"><span class='ocrx_word' id='word_1_462' title='bbox 276 3686 636 3761; x_wconf 83' lang='lat' dir='ltr'><strong>exspectans</strong></span> <span class='ocrx_word' id='word_1_463' title='bbox 670 3695 684 3737; x_wconf 91' lang='lat'>:</span> <span class='ocrx_word' id='word_1_464' title='bbox 723 3676 965 3739; x_wconf 90' lang='lat' dir='ltr'><strong>tandem</strong></span> <span class='ocrx_word' id='word_1_465' title='bbox 997 3675 1253 3753; x_wconf 87' lang='lat' dir='ltr'><strong>dimisit,</strong></span> <span class='ocrx_word' id='word_1_466' title='bbox 1289 3696 1403 3739; x_wconf 85' lang='lat' dir='ltr'><strong>non</strong></span> <span class='ocrx_word' id='word_1_467' title='bbox 1439 3677 1571 3738; x_wconf 90' lang='lat' dir='ltr'><strong>sine</strong></span> <span class='ocrx_word' id='word_1_468' title='bbox 1606 3685 1789 3753; x_wconf 89' lang='lat' dir='ltr'><strong>metu,</strong></span> <span class='ocrx_word' id='word_1_469' title='bbox 1851 3693 1930 3737; x_wconf 88' lang='lat' dir='ltr'><strong>ne</strong></span> 
     </span>
    </p>
   </div>
   <div class='ocr_carea' id='block_1_68' title="bbox 272 3766 1929 3835">
    <p class='ocr_par' dir='ltr' id='par_1_68' title="bbox 272 3766 1929 3835">
     <span class='ocr_line' id='line_1_68' title="bbox 272 3766 1929 3835; baseline 0.001 -4"><span class='ocrx_word' id='word_1_470' title='bbox 272 3768 387 3833; x_wconf 89' lang='lat' dir='ltr'><strong>iter</strong></span> <span class='ocrx_word' id='word_1_471' title='bbox 409 3770 669 3833; x_wconf 82' lang='lat' dir='ltr'><strong>infirma</strong></span> <span class='ocrx_word' id='word_1_472' title='bbox 681 3767 1005 3830; x_wconf 83' lang='lat' dir='ltr'><strong>valetudini</strong></span> <span class='ocrx_word' id='word_1_473' title='bbox 1026 3767 1666 3832; x_wconf 90' lang='lat' dir='ltr'><strong>noceret.Nonnullain</strong></span> <span class='ocrx_word' id='word_1_474' title='bbox 1684 3766 1929 3835; x_wconf 86' lang='lat' dir='ltr'><strong>Oriente</strong></span> 
     </span>
    </p>
   </div>
   <div class='ocr_carea' id='block_1_69' title="bbox 275 3858 1924 3939">
    <p class='ocr_par' dir='ltr' id='par_1_69' title="bbox 275 3858 1924 3939">
     <span class='ocr_line' id='line_1_69' title="bbox 275 3858 1924 3939; baseline 0.001 -16"><span class='ocrx_word' id='word_1_475' title='bbox 275 3870 497 3925; x_wconf 83' lang='lat' dir='ltr'><strong>novata</strong></span> <span class='ocrx_word' id='word_1_476' title='bbox 516 3859 773 3939; x_wconf 89' lang='lat' dir='ltr'><strong>fuerant,</strong></span> <span class='ocrx_word' id='word_1_477' title='bbox 798 3858 903 3920; x_wconf 90' lang='lat' dir='ltr'><strong>sed</strong></span> <span class='ocrx_word' id='word_1_478' title='bbox 922 3878 1058 3920; x_wconf 91' lang='lat' dir='ltr'><strong>cum</strong></span> <span class='ocrx_word' id='word_1_479' title='bbox 1082 3877 1153 3921; x_wconf 90' lang='lat' dir='ltr'><strong>ea</strong></span> <span class='ocrx_word' id='word_1_480' title='bbox 1171 3859 1383 3923; x_wconf 89' lang='lat' dir='ltr'><strong>fratres</strong></span> <span class='ocrx_word' id='word_1_481' title='bbox 1406 3858 1663 3923; x_wconf 86' lang='lat' dir='ltr'><strong>Eusebio</strong></span> <span class='ocrx_word' id='word_1_482' title='bbox 1708 3864 1924 3925; x_wconf 78' lang='lat' dir='ltr'><strong>narra-</strong></span> 
     </span>
    </p>
   </div>
   <div class='ocr_carea' id='block_1_70' title="bbox 269 3947 1922 4030">
    <p class='ocr_par' dir='ltr' id='par_1_70' title="bbox 269 3947 1922 4030">
     <span class='ocr_line' id='line_1_70' title="bbox 269 3947 1922 4030; baseline 0.002 -19"><span class='ocrx_word' id='word_1_483' title='bbox 269 3958 433 4014; x_wconf 90' lang='lat' dir='ltr'><strong>turos</strong></span> <span class='ocrx_word' id='word_1_484' title='bbox 451 3949 657 4022; x_wconf 87' lang='lat' dir='ltr'><strong>sciret,</strong></span> <span class='ocrx_word' id='word_1_485' title='bbox 672 3947 1008 4011; x_wconf 88' lang='lat' dir='ltr'><strong>scribendis</strong></span> <span class='ocrx_word' id='word_1_486' title='bbox 1028 3949 1387 4030; x_wconf 88' lang='lat' dir='ltr'><strong>supersedit.</strong></span> <span class='ocrx_word' id='word_1_487' title='bbox 1409 3953 1496 4013; x_wconf 93' lang='lat' dir='ltr'><strong>Ita</strong></span> <span class='ocrx_word' id='word_1_488' title='bbox 1519 3948 1727 4012; x_wconf 90' lang='lat' dir='ltr'><strong>morbo</strong></span> <span class='ocrx_word' id='word_1_489' title='bbox 1747 3951 1922 4014; x_wconf 84' lang='lat' dir='ltr'><strong>debi-</strong></span> 
     </span>
    </p>
   </div>
   <div class='ocr_carea' id='block_1_71' title="bbox 269 4037 1924 4120">
    <p class='ocr_par' dir='ltr' id='par_1_71' title="bbox 269 4037 1924 4120">
     <span class='ocr_line' id='line_1_71' title="bbox 269 4037 1924 4120; baseline 0.003 -19"><span class='ocrx_word' id='word_1_490' title='bbox 269 4039 501 4103; x_wconf 90' lang='lat' dir='ltr'><strong>litatum</strong></span> <span class='ocrx_word' id='word_1_491' title='bbox 530 4057 597 4101; x_wconf 89' lang='lat' dir='ltr'><strong>se</strong></span> <span class='ocrx_word' id='word_1_492' title='bbox 627 4056 761 4100; x_wconf 83' lang='lat' dir='ltr'><strong>esse</strong></span> <span class='ocrx_word' id='word_1_493' title='bbox 793 4037 967 4113; x_wconf 88' lang='lat' dir='ltr'><strong>dicit,</strong></span> <span class='ocrx_word' id='word_1_494' title='bbox 1003 4047 1068 4099; x_wconf 93' lang='lat' dir='ltr'><strong>ut</strong></span> <span class='ocrx_word' id='word_1_495' title='bbox 1092 4058 1157 4101; x_wconf 91' lang='lat' dir='ltr'><strong>se</strong></span> <span class='ocrx_word' id='word_1_496' title='bbox 1189 4057 1542 4101; x_wconf 90' lang='lat' dir='ltr'><strong>arumnosa</strong></span> <span class='ocrx_word' id='word_1_497' title='bbox 1564 4039 1748 4120; x_wconf 87' lang='lat' dir='ltr'><strong>hujus</strong></span> <span class='ocrx_word' id='word_1_498' title='bbox 1790 4042 1924 4106; x_wconf 85' lang='lat' dir='ltr'><strong>vita</strong></span> 
     </span>
    </p>
   </div>
   <div class='ocr_carea' id='block_1_72' title="bbox 272 4127 1921 4211">
    <p class='ocr_par' dir='ltr' id='par_1_72' title="bbox 272 4127 1921 4211">
     <span class='ocr_line' id='line_1_72' title="bbox 272 4127 1921 4211; baseline 0.002 -20"><span class='ocrx_word' id='word_1_499' title='bbox 272 4138 512 4211; x_wconf 91' lang='lat' dir='ltr'><strong>tempus</strong></span> <span class='ocrx_word' id='word_1_500' title='bbox 529 4127 796 4208; x_wconf 82' lang='lat' dir='ltr'><strong>exegisse</strong></span> <span class='ocrx_word' id='word_1_501' title='bbox 822 4127 1124 4191; x_wconf 89' lang='lat' dir='ltr'><strong>crederet.</strong></span> <span class='ocrx_word' id='word_1_502' title='bbox 1156 4128 1310 4202; x_wconf 87' lang='lat' dir='ltr'><strong>Quid</strong></span> <span class='ocrx_word' id='word_1_503' title='bbox 1338 4136 1537 4191; x_wconf 90' lang='lat' dir='ltr'><strong>autem</strong></span> <span class='ocrx_word' id='word_1_504' title='bbox 1568 4128 1631 4190; x_wconf 93' lang='lat' dir='ltr'><strong>in</strong></span> <span class='ocrx_word' id='word_1_505' title='bbox 1673 4129 1921 4194; x_wconf 92' lang='lat' dir='ltr'><strong>Oriente</strong></span> 
     </span>
    </p>
   </div>
   <div class='ocr_carea' id='block_1_73' title="bbox 268 4218 1923 4305">
    <p class='ocr_par' dir='ltr' id='par_1_73' title="bbox 268 4218 1923 4305">
     <span class='ocr_line' id='line_1_73' title="bbox 268 4218 1923 4305; baseline 0.001 -22"><span class='ocrx_word' id='word_1_506' title='bbox 268 4222 405 4283; x_wconf 82' lang='lat' dir='ltr'><strong>novi</strong></span> <span class='ocrx_word' id='word_1_507' title='bbox 430 4218 719 4295; x_wconf 81' lang='lat' dir='ltr'><strong>evenerit,</strong></span> <span class='ocrx_word' id='word_1_508' title='bbox 753 4236 872 4279; x_wconf 90' lang='lat' dir='ltr'><strong>non</strong></span> <span class='ocrx_word' id='word_1_509' title='bbox 898 4218 1075 4282; x_wconf 90' lang='lat' dir='ltr'><strong>facile</strong></span> <span class='ocrx_word' id='word_1_510' title='bbox 1106 4228 1195 4282; x_wconf 90' lang='lat' dir='ltr'><strong>est</strong></span> <span class='ocrx_word' id='word_1_511' title='bbox 1219 4220 1475 4300; x_wconf 88' lang='lat' dir='ltr'><strong>assequi.</strong></span> <span class='ocrx_word' id='word_1_512' title='bbox 1507 4218 1685 4281; x_wconf 85' lang='lat' dir='ltr'><strong>Forte</strong></span> <span class='ocrx_word' id='word_1_513' title='bbox 1724 4221 1923 4305; x_wconf 87' lang='lat' dir='ltr'><strong>loqui-</strong></span> 
     </span>
    </p>
   </div>
   <div class='ocr_carea' id='block_1_74' title="bbox 272 4308 1921 4389">
    <p class='ocr_par' dir='ltr' id='par_1_74' title="bbox 272 4308 1921 4389">
     <span class='ocr_line' id='line_1_74' title="bbox 272 4308 1921 4389; baseline 0.001 -15"><span class='ocrx_word' id='word_1_514' title='bbox 272 4316 363 4374; x_wconf 86' lang='lat' dir='ltr'><strong>tur</strong></span> <span class='ocrx_word' id='word_1_515' title='bbox 377 4309 634 4374; x_wconf 88' lang='lat' dir='ltr'><strong>Basilius</strong></span> <span class='ocrx_word' id='word_1_516' title='bbox 650 4309 725 4371; x_wconf 94' lang='lat' dir='ltr'><strong>de</strong></span> <span class='ocrx_word' id='word_1_517' title='bbox 740 4309 1028 4372; x_wconf 89' lang='lat' dir='ltr'><strong>Ecclesia</strong></span> <span class='ocrx_word' id='word_1_518' title='bbox 1042 4308 1431 4371; x_wconf 81' lang='lat' dir='ltr'><strong>Antiochena</strong></span> <span class='ocrx_word' id='word_1_519' title='bbox 1449 4308 1896 4389; x_wconf 88' lang='lat' dir='ltr'><strong>perturbatione</strong></span> <span class='ocrx_word' id='word_1_520' title='bbox 1908 4363 1921 4387; x_wconf 90' lang='lat'><strong>,</strong></span> 
     </span>
    </p>
   </div>
   <div class='ocr_carea' id='block_1_75' title="bbox 274 4394 1921 4482">
    <p class='ocr_par' dir='ltr' id='par_1_75' title="bbox 274 4394 1921 4482">
     <span class='ocr_line' id='line_1_75' title="bbox 274 4394 1921 4482; baseline -0.006 -18"><span class='ocrx_word' id='word_1_521' title='bbox 274 4419 404 4482; x_wconf 85' lang='lat' dir='ltr'><strong>qua</strong></span> <span class='ocrx_word' id='word_1_522' title='bbox 433 4399 609 4481; x_wconf 90' lang='lat' dir='ltr'><strong>paulo</strong></span> <span class='ocrx_word' id='word_1_523' title='bbox 638 4408 774 4461; x_wconf 90' lang='lat' dir='ltr'><strong>ante</strong></span> <span class='ocrx_word' id='word_1_524' title='bbox 798 4398 977 4478; x_wconf 91' lang='lat' dir='ltr'><strong>hujus</strong></span> <span class='ocrx_word' id='word_1_525' title='bbox 1005 4398 1272 4480; x_wconf 89' lang='lat' dir='ltr'><strong>epistola</strong></span> <span class='ocrx_word' id='word_1_526' title='bbox 1298 4408 1532 4479; x_wconf 91' lang='lat' dir='ltr'><strong>tempus</strong></span> <span class='ocrx_word' id='word_1_527' title='bbox 1563 4405 1721 4461; x_wconf 90' lang='lat' dir='ltr'><strong>tanta</strong></span> <span class='ocrx_word' id='word_1_528' title='bbox 1751 4394 1921 4458; x_wconf 80' lang='lat' dir='ltr'><strong>exsti-</strong></span> 
     </span>
    </p>
   </div>
   <div class='ocr_carea' id='block_1_76' title="bbox 278 4487 1920 4573">
    <p class='ocr_par' dir='ltr' id='par_1_76' title="bbox 278 4487 1920 4573">
     <span class='ocr_line' id='line_1_76' title="bbox 278 4487 1920 4573; baseline -0.003 -21"><span class='ocrx_word' id='word_1_529' title='bbox 278 4492 368 4573; x_wconf 89' lang='lat' dir='ltr'><strong>tit,</strong></span> <span class='ocrx_word' id='word_1_530' title='bbox 391 4500 462 4554; x_wconf 91' lang='lat' dir='ltr'><strong>ut</strong></span> <span class='ocrx_word' id='word_1_531' title='bbox 492 4488 821 4571; x_wconf 79' lang='lat' dir='ltr'><strong>presbyteri</strong></span> <span class='ocrx_word' id='word_1_532' title='bbox 855 4489 1127 4551; x_wconf 91' lang='lat' dir='ltr'><strong>nonnulli</strong></span> <span class='ocrx_word' id='word_1_533' title='bbox 1152 4489 1359 4568; x_wconf 89' lang='lat' dir='ltr'><strong>jurare</strong></span> <span class='ocrx_word' id='word_1_534' title='bbox 1392 4487 1584 4549; x_wconf 87' lang='lat' dir='ltr'><strong>coacti</strong></span> <span class='ocrx_word' id='word_1_535' title='bbox 1613 4487 1732 4549; x_wconf 90' lang='lat' dir='ltr'><strong>sint</strong></span> <span class='ocrx_word' id='word_1_536' title='bbox 1762 4505 1920 4547; x_wconf 92' lang='lat' dir='ltr'><strong>nun-</strong></span> 
     </span>
    </p>
   </div>
   <div class='ocr_carea' id='block_1_77' title="bbox 277 4555 1987 4661">
    <p class='ocr_par' dir='ltr' id='par_1_77' title="bbox 277 4555 1987 4661">
     <span class='ocr_line' id='line_1_77' title="bbox 277 4555 1987 4661; baseline -0.002 -18"><span class='ocrx_word' id='word_1_537' title='bbox 277 4555 455 4661; x_wconf 65' lang='lat' dir='ltr'><strong>quam</strong></span> <span class='ocrx_word' id='word_1_538' title='bbox 478 4555 545 4643; x_wconf 69' lang='lat' dir='ltr'><strong>se</strong></span> <span class='ocrx_word' id='word_1_539' title='bbox 575 4555 812 4661; x_wconf 73' lang='lat' dir='ltr'><strong>publice</strong></span> <span class='ocrx_word' id='word_1_540' title='bbox 841 4555 1175 4644; x_wconf 69' lang='lat' dir='ltr'><strong>Antiochia</strong></span> <span class='ocrx_word' id='word_1_541' title='bbox 1190 4577 1532 4641; x_wconf 88' lang='lat' dir='ltr'><strong>sacerdotio</strong></span> <span class='ocrx_word' id='word_1_542' title='bbox 1588 4576 1917 4640; x_wconf 87' lang='lat' dir='ltr'><strong>functuros.</strong></span> <span class='ocrx_word' id='word_1_543' title='bbox 1943 4555 1987 4605; x_wconf 66' lang='grc' dir='ltr'><strong>Β</strong></span> 
     </span>
    </p>
   </div>
   <div class='ocr_carea' id='block_1_78' title="bbox 275 4665 1926 4752">
    <p class='ocr_par' dir='ltr' id='par_1_78' title="bbox 275 4665 1926 4752">
     <span class='ocr_line' id='line_1_78' title="bbox 275 4665 1926 4752; baseline -0.004 -20"><span class='ocrx_word' id='word_1_544' title='bbox 275 4666 414 4737; x_wconf 83' lang='lat' dir='ltr'><strong>Vid.</strong></span> <span class='ocrx_word' id='word_1_545' title='bbox 452 4670 631 4752; x_wconf 88' lang='lat' dir='ltr'><strong>epist.</strong></span> <span class='ocrx_word' id='word_1_546' title='bbox 658 4670 803 4743; x_wconf 72' lang='grc'>199,</span> <span class='ocrx_word' id='word_1_547' title='bbox 832 4687 963 4731; x_wconf 87' lang='lat' dir='ltr'><strong>can.</strong></span> <span class='ocrx_word' id='word_1_548' title='bbox 990 4670 1088 4732; x_wconf 79' lang='lat'><strong>17.</strong></span> <span class='ocrx_word' id='word_1_549' title='bbox 1122 4668 1299 4731; x_wconf 90' lang='lat' dir='ltr'><strong>Forte</strong></span> <span class='ocrx_word' id='word_1_550' title='bbox 1321 4667 1496 4730; x_wconf 91' lang='lat' dir='ltr'><strong>etiam</strong></span> <span class='ocrx_word' id='word_1_551' title='bbox 1519 4666 1718 4729; x_wconf 90' lang='lat' dir='ltr'><strong>Basilii</strong></span> <span class='ocrx_word' id='word_1_552' title='bbox 1744 4665 1926 4729; x_wconf 89' lang='lat' dir='ltr'><strong>verba</strong></span> 
     </span>
    </p>
   </div>
   <div class='ocr_carea' id='block_1_79' title="bbox 272 4753 1929 4840">
    <p class='ocr_par' dir='ltr' id='par_1_79' title="bbox 272 4753 1929 4840">
     <span class='ocr_line' id='line_1_79' title="bbox 272 4753 1929 4840; baseline -0.002 -19"><span class='ocrx_word' id='word_1_553' title='bbox 272 4758 346 4823; x_wconf 87' lang='lat' dir='ltr'><strong>de</strong></span> <span class='ocrx_word' id='word_1_554' title='bbox 361 4760 545 4824; x_wconf 90' lang='lat' dir='ltr'><strong>rebus</strong></span> <span class='ocrx_word' id='word_1_555' title='bbox 563 4758 1079 4822; x_wconf 88' lang='lat' dir='ltr'><strong>Samosatensibus</strong></span> <span class='ocrx_word' id='word_1_556' title='bbox 1100 4758 1291 4840; x_wconf 86' lang='lat' dir='ltr'><strong>accipi</strong></span> <span class='ocrx_word' id='word_1_557' title='bbox 1316 4756 1716 4820; x_wconf 86' lang='lat' dir='ltr'><strong>debent.Nam</strong></span> <span class='ocrx_word' id='word_1_558' title='bbox 1730 4753 1929 4818; x_wconf 89' lang='lat' dir='ltr'><strong>Euno-</strong></span> 
     </span>
    </p>
   </div>
   <div class='ocr_carea' id='block_1_80' title="bbox 272 4844 1922 4932">
    <p class='ocr_par' dir='ltr' id='par_1_80' title="bbox 272 4844 1922 4932">
     <span class='ocr_line' id='line_1_80' title="bbox 272 4844 1922 4932; baseline -0.004 -21"><span class='ocrx_word' id='word_1_559' title='bbox 272 4850 454 4927; x_wconf 87' lang='lat' dir='ltr'><strong>mius,</strong></span> <span class='ocrx_word' id='word_1_560' title='bbox 483 4848 584 4932; x_wconf 92' lang='lat' dir='ltr'><strong>qui</strong></span> <span class='ocrx_word' id='word_1_561' title='bbox 604 4849 666 4911; x_wconf 90' lang='lat' dir='ltr'><strong>in</strong></span> <span class='ocrx_word' id='word_1_562' title='bbox 687 4849 882 4911; x_wconf 90' lang='lat' dir='ltr'><strong>locum</strong></span> <span class='ocrx_word' id='word_1_563' title='bbox 901 4849 1093 4911; x_wconf 83' lang='lat' dir='ltr'><strong>sancti</strong></span> <span class='ocrx_word' id='word_1_564' title='bbox 1118 4847 1363 4910; x_wconf 90' lang='lat' dir='ltr'><strong>Eusebii</strong></span> <span class='ocrx_word' id='word_1_565' title='bbox 1406 4848 1677 4909; x_wconf 88' lang='lat' dir='ltr'><strong>intrusus</strong></span> <span class='ocrx_word' id='word_1_566' title='bbox 1708 4844 1922 4926; x_wconf 84' lang='lat' dir='ltr'><strong>fuerat,</strong></span> 
     </span>
    </p>
   </div>
   <div class='ocr_carea' id='block_1_81' title="bbox 268 4933 1921 5003">
    <p class='ocr_par' dir='ltr' id='par_1_81' title="bbox 268 4933 1921 5003">
     <span class='ocr_line' id='line_1_81' title="bbox 268 4933 1921 5003; baseline -0.004 -3"><span class='ocrx_word' id='word_1_567' title='bbox 268 4956 386 5003; x_wconf 90' lang='lat' dir='ltr'><strong>non</strong></span> <span class='ocrx_word' id='word_1_568' title='bbox 410 4940 514 5002; x_wconf 93' lang='lat' dir='ltr'><strong>diu</strong></span> <span class='ocrx_word' id='word_1_569' title='bbox 541 4937 780 5003; x_wconf 83' lang='lat' dir='ltr'><strong>videtur</strong></span> <span class='ocrx_word' id='word_1_570' title='bbox 808 4939 919 5001; x_wconf 85' lang='lat' dir='ltr'><strong>hac</strong></span> <span class='ocrx_word' id='word_1_571' title='bbox 949 4939 1011 5000; x_wconf 92' lang='lat' dir='ltr'><strong>in</strong></span> <span class='ocrx_word' id='word_1_572' title='bbox 1033 4937 1186 5001; x_wconf 89' lang='lat' dir='ltr'><strong>urbe</strong></span> <span class='ocrx_word' id='word_1_573' title='bbox 1216 4937 1527 4999; x_wconf 90' lang='lat' dir='ltr'><strong>mansisse.</strong></span> <span class='ocrx_word' id='word_1_574' title='bbox 1564 4936 1710 4999; x_wconf 89' lang='lat' dir='ltr'><strong>Cum</strong></span> <span class='ocrx_word' id='word_1_575' title='bbox 1762 4933 1921 4996; x_wconf 90' lang='lat' dir='ltr'><strong>enim</strong></span> 
     </span>
    </p>
   </div>
   <div class='ocr_carea' id='block_1_82' title="bbox 267 5023 1928 5102">
    <p class='ocr_par' dir='ltr' id='par_1_82' title="bbox 267 5023 1928 5102">
     <span class='ocr_line' id='line_1_82' title="bbox 267 5023 1928 5102; baseline -0.004 -11"><span class='ocrx_word' id='word_1_576' title='bbox 267 5027 524 5093; x_wconf 78' lang='lat' dir='ltr'><strong>invisum</strong></span> <span class='ocrx_word' id='word_1_577' title='bbox 547 5047 614 5093; x_wconf 87' lang='lat' dir='ltr'><strong>se</strong></span> <span class='ocrx_word' id='word_1_578' title='bbox 633 5027 917 5091; x_wconf 89' lang='lat' dir='ltr'><strong>omnibus</strong></span> <span class='ocrx_word' id='word_1_579' title='bbox 939 5046 1073 5091; x_wconf 88' lang='lat' dir='ltr'><strong>esse</strong></span> <span class='ocrx_word' id='word_1_580' title='bbox 1097 5026 1643 5102; x_wconf 89' lang='lat' dir='ltr'><strong>animadvertisset,</strong></span> <span class='ocrx_word' id='word_1_581' title='bbox 1665 5023 1928 5087; x_wconf 80' lang='lat' dir='ltr'><strong>libenter</strong></span> 
     </span>
    </p>
   </div>
   <div class='ocr_carea' id='block_1_83' title="bbox 271 5115 1925 5200">
    <p class='ocr_par' dir='ltr' id='par_1_83' title="bbox 271 5115 1925 5200">
     <span class='ocr_line' id='line_1_83' title="bbox 271 5115 1925 5200; baseline -0.003 -19"><span class='ocrx_word' id='word_1_582' title='bbox 271 5119 607 5185; x_wconf 77' lang='lat' dir='ltr'><strong>abscessit:</strong></span> <span class='ocrx_word' id='word_1_583' title='bbox 644 5127 703 5182; x_wconf 90' lang='lat' dir='ltr'><strong>at</strong></span> <span class='ocrx_word' id='word_1_584' title='bbox 729 5120 860 5200; x_wconf 81' lang='lat' dir='ltr'><strong>eius</strong></span> <span class='ocrx_word' id='word_1_585' title='bbox 888 5117 1019 5182; x_wconf 90' lang='lat' dir='ltr'><strong>loco</strong></span> <span class='ocrx_word' id='word_1_586' title='bbox 1060 5119 1311 5183; x_wconf 85' lang='lat' dir='ltr'><strong>Lucium</strong></span> <span class='ocrx_word' id='word_1_587' title='bbox 1357 5116 1565 5181; x_wconf 88' lang='lat' dir='ltr'><strong>Arlani</strong></span> <span class='ocrx_word' id='word_1_588' title='bbox 1617 5115 1925 5177; x_wconf 88' lang='lat' dir='ltr'><strong>hominem</strong></span> 
     </span>
    </p>
   </div>
   <div class='ocr_carea' id='block_1_84' title="bbox 273 5207 1317 5293">
    <p class='ocr_par' dir='ltr' id='par_1_84' title="bbox 273 5207 1317 5293">
     <span class='ocr_line' id='line_1_84' title="bbox 273 5207 1317 5293; baseline 0.003 -22"><span class='ocrx_word' id='word_1_589' title='bbox 273 5207 447 5293; x_wconf 86' lang='lat' dir='ltr'><strong>longe</strong></span> <span class='ocrx_word' id='word_1_590' title='bbox 476 5210 840 5275; x_wconf 87' lang='lat' dir='ltr'><strong>deteriorem</strong></span> <span class='ocrx_word' id='word_1_591' title='bbox 863 5209 1317 5274; x_wconf 82' lang='lat' dir='ltr'><strong>ordinaverunt.</strong></span> 
     </span>
    </p>
   </div>
   <div class='ocr_carea' id='block_1_85' title="bbox 2014 3324 3666 3406">
    <p class='ocr_par' dir='ltr' id='par_1_85' title="bbox 2014 3324 3666 3406">
     <span class='ocr_line' id='line_1_85' title="bbox 2014 3324 3666 3406; baseline 0.006 -21"><span class='ocrx_word' id='word_1_592' title='bbox 2014 3324 2129 3386; x_wconf 91' lang='lat' dir='ltr'><strong>hoc</strong></span> <span class='ocrx_word' id='word_1_593' title='bbox 2159 3324 2429 3404; x_wconf 85' lang='lat' dir='ltr'><strong>epistola</strong></span> <span class='ocrx_word' id='word_1_594' title='bbox 2449 3324 2731 3386; x_wconf 90' lang='lat' dir='ltr'><strong>secunda</strong></span> <span class='ocrx_word' id='word_1_595' title='bbox 2760 3324 3065 3387; x_wconf 89' lang='lat' dir='ltr'><strong>canonica</strong></span> <span class='ocrx_word' id='word_1_596' title='bbox 3102 3328 3490 3406; x_wconf 81' lang='lat' dir='ltr'><strong>prooemium:</strong></span> <span class='ocrx_word' id='word_1_597' title='bbox 3511 3332 3666 3395; x_wconf 79' lang='lat' dir='ltr'><strong>Cum</strong></span> 
     </span>
    </p>
   </div>
   <div class='ocr_carea' id='block_1_86' title="bbox 2007 3413 3669 3499">
    <p class='ocr_par' dir='ltr' id='par_1_86' title="bbox 2007 3413 3669 3499">
     <span class='ocr_line' id='line_1_86' title="bbox 2007 3413 3669 3499; baseline 0.005 -24"><span class='ocrx_word' id='word_1_598' title='bbox 2007 3415 2249 3494; x_wconf 76' lang='lat' dir='ltr'><strong>pridem</strong></span> <span class='ocrx_word' id='word_1_599' title='bbox 2264 3416 2342 3477; x_wconf 90' lang='lat' dir='ltr'><strong>ad</strong></span> <span class='ocrx_word' id='word_1_600' title='bbox 2350 3417 2692 3495; x_wconf 84' lang='lat' dir='ltr'><strong>prepositas</strong></span> <span class='ocrx_word' id='word_1_601' title='bbox 2707 3413 2882 3477; x_wconf 83' lang='lat' dir='ltr'><strong>nobis</strong></span> <span class='ocrx_word' id='word_1_602' title='bbox 2895 3432 2932 3476; x_wconf 88' lang='lat' dir='ltr'><strong>a</strong></span> <span class='ocrx_word' id='word_1_603' title='bbox 2948 3422 3053 3476; x_wconf 85' lang='lat' dir='ltr'><strong>tua</strong></span> <span class='ocrx_word' id='word_1_604' title='bbox 3065 3418 3293 3495; x_wconf 85' lang='lat' dir='ltr'><strong>pietate</strong></span> <span class='ocrx_word' id='word_1_605' title='bbox 3306 3426 3669 3499; x_wconf 72' lang='lat' dir='ltr'><strong>quastione:</strong></span> 
     </span>
    </p>
   </div>
   <div class='ocr_carea' id='block_1_87' title="bbox 2014 3504 3663 3589">
    <p class='ocr_par' dir='ltr' id='par_1_87' title="bbox 2014 3504 3663 3589">
     <span class='ocr_line' id='line_1_87' title="bbox 2014 3504 3663 3589; baseline 0.007 -26"><span class='ocrx_word' id='word_1_606' title='bbox 2014 3504 2472 3581; x_wconf 80' lang='lat' dir='ltr'><strong>respondissem,</strong></span> <span class='ocrx_word' id='word_1_607' title='bbox 2507 3521 2630 3566; x_wconf 75' lang='lat' dir='ltr'><strong>non</strong></span> <span class='ocrx_word' id='word_1_608' title='bbox 2652 3506 2794 3565; x_wconf 88' lang='lat' dir='ltr'><strong>misi</strong></span> <span class='ocrx_word' id='word_1_609' title='bbox 2822 3505 3143 3585; x_wconf 85' lang='lat' dir='ltr'><strong>scriptum,</strong></span> <span class='ocrx_word' id='word_1_610' title='bbox 3175 3509 3403 3585; x_wconf 79' lang='lat' dir='ltr'><strong>partim</strong></span> <span class='ocrx_word' id='word_1_611' title='bbox 3426 3512 3663 3589; x_wconf 80' lang='lat' dir='ltr'><strong>quidem</strong></span> 
     </span>
    </p>
   </div>
   <div class='ocr_carea' id='block_1_88' title="bbox 2016 3592 3670 3674">
    <p class='ocr_par' dir='ltr' id='par_1_88' title="bbox 2016 3592 3670 3674">
     <span class='ocr_line' id='line_1_88' title="bbox 2016 3592 3670 3674; baseline 0.01 -24"><span class='ocrx_word' id='word_1_612' title='bbox 2016 3593 2199 3669; x_wconf 87' lang='lat' dir='ltr'><strong>longo</strong></span> <span class='ocrx_word' id='word_1_613' title='bbox 2233 3600 2289 3653; x_wconf 90' lang='lat' dir='ltr'><strong>et</strong></span> <span class='ocrx_word' id='word_1_614' title='bbox 2314 3593 2660 3670; x_wconf 79' lang='lat' dir='ltr'><strong>periculoso</strong></span> <span class='ocrx_word' id='word_1_615' title='bbox 2685 3592 2890 3655; x_wconf 85' lang='lat' dir='ltr'><strong>morbo</strong></span> <span class='ocrx_word' id='word_1_616' title='bbox 2922 3595 3217 3674; x_wconf 82' lang='lat' dir='ltr'><strong>detentus,</strong></span> <span class='ocrx_word' id='word_1_617' title='bbox 3247 3600 3475 3673; x_wconf 82' lang='lat' dir='ltr'><strong>partim</strong></span> <span class='ocrx_word' id='word_1_618' title='bbox 3523 3619 3670 3666; x_wconf 72' lang='lat' dir='ltr'><strong>vero</strong></span> 
     </span>
    </p>
   </div>
   <div class='ocr_carea' id='block_1_89' title="bbox 2004 3682 3667 3759">
    <p class='ocr_par' dir='ltr' id='par_1_89' title="bbox 2004 3682 3667 3759">
     <span class='ocr_line' id='line_1_89' title="bbox 2004 3682 3667 3759; baseline 0.007 -18"><span class='ocrx_word' id='word_1_619' title='bbox 2004 3687 2260 3758; x_wconf 84' lang='lat' dir='ltr'><strong>propter</strong></span> <span class='ocrx_word' id='word_1_620' title='bbox 2277 3682 2595 3759; x_wconf 84' lang='lat' dir='ltr'><strong>penuriam</strong></span> <span class='ocrx_word' id='word_1_621' title='bbox 2620 3683 3070 3744; x_wconf 85' lang='lat' dir='ltr'><strong>ministrorum.</strong></span> <span class='ocrx_word' id='word_1_622' title='bbox 3095 3683 3232 3745; x_wconf 87' lang='lat' dir='ltr'><strong>Hac</strong></span> <span class='ocrx_word' id='word_1_623' title='bbox 3250 3685 3339 3746; x_wconf 87' lang='lat' dir='ltr'><strong>vir</strong></span> <span class='ocrx_word' id='word_1_624' title='bbox 3358 3688 3569 3750; x_wconf 89' lang='lat' dir='ltr'><strong>doctus</strong></span> <span class='ocrx_word' id='word_1_625' title='bbox 3590 3692 3667 3754; x_wconf 90' lang='lat' dir='ltr'><strong>de</strong></span> 
     </span>
    </p>
   </div>
   <div class='ocr_carea' id='block_1_90' title="bbox 2013 3768 3664 3852">
    <p class='ocr_par' dir='ltr' id='par_1_90' title="bbox 2013 3768 3664 3852">
     <span class='ocr_line' id='line_1_90' title="bbox 2013 3768 3664 3852; baseline 0.007 -23"><span class='ocrx_word' id='word_1_626' title='bbox 2013 3769 2221 3849; x_wconf 89' lang='lat' dir='ltr'><strong>primis</strong></span> <span class='ocrx_word' id='word_1_627' title='bbox 2253 3769 2585 3830; x_wconf 90' lang='lat' dir='ltr'><strong>canonibus</strong></span> <span class='ocrx_word' id='word_1_628' title='bbox 2606 3768 2767 3829; x_wconf 91' lang='lat' dir='ltr'><strong>dicta</strong></span> <span class='ocrx_word' id='word_1_629' title='bbox 2790 3769 3455 3852; x_wconf 81' lang='lat' dir='ltr'><strong>existimavit,quamvis</strong></span> <span class='ocrx_word' id='word_1_630' title='bbox 3476 3776 3552 3840; x_wconf 91' lang='lat' dir='ltr'><strong>de</strong></span> <span class='ocrx_word' id='word_1_631' title='bbox 3573 3796 3664 3841; x_wconf 90' lang='lat' dir='ltr'><strong>se-</strong></span> 
     </span>
    </p>
   </div>
   <div class='ocr_carea' id='block_1_91' title="bbox 2011 3855 3665 3940">
    <p class='ocr_par' dir='ltr' id='par_1_91' title="bbox 2011 3855 3665 3940">
     <span class='ocr_line' id='line_1_91' title="bbox 2011 3855 3665 3940; baseline 0.005 -20"><span class='ocrx_word' id='word_1_632' title='bbox 2011 3857 2205 3920; x_wconf 90' lang='lat' dir='ltr'><strong>cunda</strong></span> <span class='ocrx_word' id='word_1_633' title='bbox 2227 3855 2481 3939; x_wconf 89' lang='lat' dir='ltr'><strong>epistola</strong></span> <span class='ocrx_word' id='word_1_634' title='bbox 2499 3856 2786 3918; x_wconf 90' lang='lat' dir='ltr'><strong>canonica</strong></span> <span class='ocrx_word' id='word_1_635' title='bbox 2805 3857 2958 3918; x_wconf 90' lang='lat' dir='ltr'><strong>dicta</strong></span> <span class='ocrx_word' id='word_1_636' title='bbox 2981 3859 3224 3932; x_wconf 90' lang='lat' dir='ltr'><strong>sint,cui</strong></span> <span class='ocrx_word' id='word_1_637' title='bbox 3237 3861 3361 3940; x_wconf 91' lang='lat' dir='ltr'><strong>jam</strong></span> <span class='ocrx_word' id='word_1_638' title='bbox 3379 3863 3665 3931; x_wconf 87' lang='lat' dir='ltr'><strong>absoluta</strong></span> 
     </span>
    </p>
   </div>
   <div class='ocr_carea' id='block_1_92' title="bbox 2008 3946 3659 4035">
    <p class='ocr_par' dir='ltr' id='par_1_92' title="bbox 2008 3946 3659 4035">
     <span class='ocr_line' id='line_1_92' title="bbox 2008 3946 3659 4035; baseline -0.001 -27"><span class='ocrx_word' id='word_1_639' title='bbox 2008 3948 2357 4024; x_wconf 90' lang='lat' dir='ltr'><strong>Basilius,ut</strong></span> <span class='ocrx_word' id='word_1_640' title='bbox 2383 3946 2779 4028; x_wconf 85' lang='lat' dir='ltr'><strong>scriptoribus</strong></span> <span class='ocrx_word' id='word_1_641' title='bbox 2805 3965 2923 4007; x_wconf 93' lang='lat' dir='ltr'><strong>non</strong></span> <span class='ocrx_word' id='word_1_642' title='bbox 2956 3946 3265 4011; x_wconf 90' lang='lat' dir='ltr'><strong>insolitum</strong></span> <span class='ocrx_word' id='word_1_643' title='bbox 3291 3960 3405 4027; x_wconf 86' lang='lat' dir='ltr'><strong>est,</strong></span> <span class='ocrx_word' id='word_1_644' title='bbox 3444 3958 3659 4035; x_wconf 84' lang='lat' dir='ltr'><strong>prafa-</strong></span> 
     </span>
    </p>
   </div>
   <div class='ocr_carea' id='block_1_93' title="bbox 2008 4035 3659 4123">
    <p class='ocr_par' dir='ltr' id='par_1_93' title="bbox 2008 4035 3659 4123">
     <span class='ocr_line' id='line_1_93' title="bbox 2008 4035 3659 4123; baseline 0.006 -24"><span class='ocrx_word' id='word_1_645' title='bbox 2008 4040 2231 4100; x_wconf 90' lang='lat' dir='ltr'><strong>tionem</strong></span> <span class='ocrx_word' id='word_1_646' title='bbox 2255 4035 2770 4119; x_wconf 85' lang='lat' dir='ltr'><strong>apponebat.Hac</strong></span> <span class='ocrx_word' id='word_1_647' title='bbox 2802 4037 2962 4099; x_wconf 91' lang='lat' dir='ltr'><strong>enim</strong></span> <span class='ocrx_word' id='word_1_648' title='bbox 2991 4040 3258 4101; x_wconf 90' lang='lat' dir='ltr'><strong>secunda</strong></span> <span class='ocrx_word' id='word_1_649' title='bbox 3284 4042 3536 4123; x_wconf 88' lang='lat' dir='ltr'><strong>epistola</strong></span> <span class='ocrx_word' id='word_1_650' title='bbox 3553 4066 3659 4109; x_wconf 90' lang='lat' dir='ltr'><strong>ca-</strong></span> 
     </span>
    </p>
   </div>
   <div class='ocr_carea' id='block_1_94' title="bbox 2005 4127 3663 4209">
    <p class='ocr_par' dir='ltr' id='par_1_94' title="bbox 2005 4127 3663 4209">
     <span class='ocr_line' id='line_1_94' title="bbox 2005 4127 3663 4209; baseline 0.006 -18"><span class='ocrx_word' id='word_1_651' title='bbox 2005 4133 2223 4191; x_wconf 89' lang='lat' dir='ltr'><strong>nonica</strong></span> <span class='ocrx_word' id='word_1_652' title='bbox 2255 4127 2433 4188; x_wconf 90' lang='lat' dir='ltr'><strong>simul</strong></span> <span class='ocrx_word' id='word_1_653' title='bbox 2469 4145 2604 4188; x_wconf 90' lang='lat' dir='ltr'><strong>cum</strong></span> <span class='ocrx_word' id='word_1_654' title='bbox 2635 4127 3052 4190; x_wconf 84' lang='lat' dir='ltr'><strong>ducentesima</strong></span> <span class='ocrx_word' id='word_1_655' title='bbox 3084 4128 3333 4209; x_wconf 91' lang='lat' dir='ltr'><strong>epistola</strong></span> <span class='ocrx_word' id='word_1_656' title='bbox 3359 4134 3536 4197; x_wconf 90' lang='lat' dir='ltr'><strong>missa</strong></span> <span class='ocrx_word' id='word_1_657' title='bbox 3567 4147 3663 4203; x_wconf 89' lang='lat' dir='ltr'><strong>est</strong></span> 
     </span>
    </p>
   </div>
   <div class='ocr_carea' id='block_1_95' title="bbox 2010 4217 3653 4299">
    <p class='ocr_par' dir='ltr' id='par_1_95' title="bbox 2010 4217 3653 4299">
     <span class='ocr_line' id='line_1_95' title="bbox 2010 4217 3653 4299; baseline 0.006 -20"><span class='ocrx_word' id='word_1_658' title='bbox 2010 4238 2115 4299; x_wconf 93' lang='lat' dir='ltr'><strong>per</strong></span> <span class='ocrx_word' id='word_1_659' title='bbox 2146 4217 2585 4297; x_wconf 88' lang='lat' dir='ltr'><strong>Meletium,qui</strong></span> <span class='ocrx_word' id='word_1_660' title='bbox 2616 4217 3002 4297; x_wconf 85' lang='lat' dir='ltr'><strong>proficiscens</strong></span> <span class='ocrx_word' id='word_1_661' title='bbox 3026 4230 3341 4283; x_wconf 91' lang='lat' dir='ltr'><strong>monuerat</strong></span> <span class='ocrx_word' id='word_1_662' title='bbox 3376 4224 3653 4289; x_wconf 89' lang='lat' dir='ltr'><strong>Basilium</strong></span> 
     </span>
    </p>
   </div>
   <div class='ocr_carea' id='block_1_96' title="bbox 2006 4305 3661 4389">
    <p class='ocr_par' dir='ltr' id='par_1_96' title="bbox 2006 4305 3661 4389">
     <span class='ocr_line' id='line_1_96' title="bbox 2006 4305 3661 4389; baseline 0.005 -20"><span class='ocrx_word' id='word_1_663' title='bbox 2006 4308 2241 4389; x_wconf 85' lang='lat' dir='ltr'><strong>copiam</strong></span> <span class='ocrx_word' id='word_1_664' title='bbox 2273 4324 2409 4368; x_wconf 90' lang='lat' dir='ltr'><strong>esse</strong></span> <span class='ocrx_word' id='word_1_665' title='bbox 2459 4306 2755 4369; x_wconf 87' lang='lat' dir='ltr'><strong>salutandi</strong></span> <span class='ocrx_word' id='word_1_666' title='bbox 2810 4305 3237 4387; x_wconf 87' lang='lat' dir='ltr'><strong>Amphilochii.</strong></span> <span class='ocrx_word' id='word_1_667' title='bbox 3293 4311 3356 4374; x_wconf 90' lang='lat' dir='ltr'><strong>In</strong></span> <span class='ocrx_word' id='word_1_668' title='bbox 3409 4317 3661 4379; x_wconf 85' lang='lat' dir='ltr'><strong>exordio</strong></span> 
     </span>
    </p>
   </div>
   <div class='ocr_carea' id='block_1_97' title="bbox 2006 4395 3661 4480">
    <p class='ocr_par' dir='ltr' id='par_1_97' title="bbox 2006 4395 3661 4480">
     <span class='ocr_line' id='line_1_97' title="bbox 2006 4395 3661 4480; baseline 0.005 -20"><span class='ocrx_word' id='word_1_669' title='bbox 2006 4398 2320 4478; x_wconf 90' lang='lat' dir='ltr'><strong>utriusque</strong></span> <span class='ocrx_word' id='word_1_670' title='bbox 2348 4395 2619 4476; x_wconf 89' lang='lat' dir='ltr'><strong>epistola</strong></span> <span class='ocrx_word' id='word_1_671' title='bbox 2643 4396 2885 4459; x_wconf 89' lang='lat' dir='ltr'><strong>easdem</strong></span> <span class='ocrx_word' id='word_1_672' title='bbox 2912 4397 3000 4458; x_wconf 87' lang='lat' dir='ltr'><strong>aff</strong></span> <span class='ocrx_word' id='word_1_673' title='bbox 3003 4407 3092 4459; x_wconf 92' lang='lat' dir='ltr'><strong>ert</strong></span> <span class='ocrx_word' id='word_1_674' title='bbox 3108 4399 3517 4480; x_wconf 89' lang='lat' dir='ltr'><strong>rationes,cur</strong></span> <span class='ocrx_word' id='word_1_675' title='bbox 3530 4419 3661 4469; x_wconf 84' lang='lat' dir='ltr'><strong>tan-</strong></span> 
     </span>
    </p>
   </div>
   <div class='ocr_carea' id='block_1_98' title="bbox 2005 4485 3660 4566">
    <p class='ocr_par' dir='ltr' id='par_1_98' title="bbox 2005 4485 3660 4566">
     <span class='ocr_line' id='line_1_98' title="bbox 2005 4485 3660 4566; baseline 0.006 -17"><span class='ocrx_word' id='word_1_676' title='bbox 2005 4487 2108 4549; x_wconf 92' lang='lat' dir='ltr'><strong>diu</strong></span> <span class='ocrx_word' id='word_1_677' title='bbox 2140 4485 2395 4549; x_wconf 89' lang='lat' dir='ltr'><strong>siluerit.</strong></span> <span class='ocrx_word' id='word_1_678' title='bbox 2426 4486 2499 4547; x_wconf 90' lang='lat' dir='ltr'><strong>At</strong></span> <span class='ocrx_word' id='word_1_679' title='bbox 2539 4486 2673 4547; x_wconf 90' lang='lat' dir='ltr'><strong>dua</strong></span> <span class='ocrx_word' id='word_1_680' title='bbox 2705 4487 2819 4548; x_wconf 88' lang='lat' dir='ltr'><strong>illa</strong></span> <span class='ocrx_word' id='word_1_681' title='bbox 2851 4487 3117 4566; x_wconf 89' lang='lat' dir='ltr'><strong>epistola</strong></span> <span class='ocrx_word' id='word_1_682' title='bbox 3146 4487 3327 4554; x_wconf 90' lang='lat' dir='ltr'><strong>simul</strong></span> <span class='ocrx_word' id='word_1_683' title='bbox 3363 4493 3514 4558; x_wconf 91' lang='lat' dir='ltr'><strong>mitti</strong></span> <span class='ocrx_word' id='word_1_684' title='bbox 3538 4515 3660 4559; x_wconf 89' lang='lat' dir='ltr'><strong>non</strong></span> 
     </span>
    </p>
   </div>
   <div class='ocr_carea' id='block_1_99' title="bbox 2011 4580 3659 4662">
    <p class='ocr_par' dir='ltr' id='par_1_99' title="bbox 2011 4580 3659 4662">
     <span class='ocr_line' id='line_1_99' title="bbox 2011 4580 3659 4662; baseline 0.007 -19"><span class='ocrx_word' id='word_1_685' title='bbox 2011 4580 2505 4662; x_wconf 88' lang='lat' dir='ltr'><strong>potuerunt,quin</strong></span> <span class='ocrx_word' id='word_1_686' title='bbox 2540 4580 2832 4642; x_wconf 88' lang='lat' dir='ltr'><strong>canonica</strong></span> <span class='ocrx_word' id='word_1_687' title='bbox 2854 4580 3041 4642; x_wconf 92' lang='lat' dir='ltr'><strong>multo</strong></span> <span class='ocrx_word' id='word_1_688' title='bbox 3074 4591 3215 4645; x_wconf 87' lang='lat' dir='ltr'><strong>ante</strong></span> <span class='ocrx_word' id='word_1_689' title='bbox 3236 4584 3507 4651; x_wconf 91' lang='lat' dir='ltr'><strong>absoluta</strong></span> <span class='ocrx_word' id='word_1_690' title='bbox 3522 4590 3659 4655; x_wconf 89' lang='lat' dir='ltr'><strong>fue-</strong></span> 
     </span>
    </p>
   </div>
   <div class='ocr_carea' id='block_1_100' title="bbox 2006 4668 3660 4744">
    <p class='ocr_par' dir='ltr' id='par_1_100' title="bbox 2006 4668 3660 4744">
     <span class='ocr_line' id='line_1_100' title="bbox 2006 4668 3660 4744; baseline 0.008 -13"><span class='ocrx_word' id='word_1_691' title='bbox 2006 4669 2106 4733; x_wconf 92' lang='lat' dir='ltr'><strong>rit.</strong></span> <span class='ocrx_word' id='word_1_692' title='bbox 2136 4671 2285 4731; x_wconf 90' lang='lat' dir='ltr'><strong>Cum</strong></span> <span class='ocrx_word' id='word_1_693' title='bbox 2320 4668 2481 4730; x_wconf 92' lang='lat' dir='ltr'><strong>enim</strong></span> <span class='ocrx_word' id='word_1_694' title='bbox 2515 4668 2728 4731; x_wconf 91' lang='lat' dir='ltr'><strong>inutile</strong></span> <span class='ocrx_word' id='word_1_695' title='bbox 2774 4668 2984 4732; x_wconf 86' lang='lat' dir='ltr'><strong>fuisset</strong></span> <span class='ocrx_word' id='word_1_696' title='bbox 3012 4669 3160 4733; x_wconf 91' lang='lat' dir='ltr'><strong>duas</strong></span> <span class='ocrx_word' id='word_1_697' title='bbox 3181 4674 3358 4737; x_wconf 91' lang='lat' dir='ltr'><strong>simul</strong></span> <span class='ocrx_word' id='word_1_698' title='bbox 3386 4679 3460 4740; x_wconf 92' lang='lat' dir='ltr'><strong>ad</strong></span> <span class='ocrx_word' id='word_1_699' title='bbox 3485 4698 3660 4744; x_wconf 88' lang='lat' dir='ltr'><strong>eum-</strong></span> 
     </span>
    </p>
   </div>
   <div class='ocr_carea' id='block_1_101' title="bbox 2008 4757 3663 4844">
    <p class='ocr_par' dir='ltr' id='par_1_101' title="bbox 2008 4757 3663 4844">
     <span class='ocr_line' id='line_1_101' title="bbox 2008 4757 3663 4844; baseline 0.008 -23"><span class='ocrx_word' id='word_1_700' title='bbox 2008 4760 2145 4821; x_wconf 91' lang='lat' dir='ltr'><strong>dem</strong></span> <span class='ocrx_word' id='word_1_701' title='bbox 2177 4758 2461 4839; x_wconf 89' lang='lat' dir='ltr'><strong>epistolas</strong></span> <span class='ocrx_word' id='word_1_702' title='bbox 2494 4757 2787 4833; x_wconf 86' lang='lat' dir='ltr'><strong>scribere,</strong></span> <span class='ocrx_word' id='word_1_703' title='bbox 2825 4766 2949 4820; x_wconf 91' lang='lat' dir='ltr'><strong>tum</strong></span> <span class='ocrx_word' id='word_1_704' title='bbox 2971 4778 3117 4824; x_wconf 85' lang='lat' dir='ltr'><strong>vero</strong></span> <span class='ocrx_word' id='word_1_705' title='bbox 3148 4762 3549 4844; x_wconf 87' lang='lat' dir='ltr'><strong>improbabile</strong></span> <span class='ocrx_word' id='word_1_706' title='bbox 3569 4780 3663 4833; x_wconf 90' lang='lat' dir='ltr'><strong>est</strong></span> 
     </span>
    </p>
   </div>
   <div class='ocr_carea' id='block_1_102' title="bbox 2007 4846 3663 4936">
    <p class='ocr_par' dir='ltr' id='par_1_102' title="bbox 2007 4846 3663 4936">
     <span class='ocr_line' id='line_1_102' title="bbox 2007 4846 3663 4936; baseline 0.008 -25"><span class='ocrx_word' id='word_1_707' title='bbox 2007 4847 2298 4911; x_wconf 89' lang='lat' dir='ltr'><strong>Basilium</strong></span> <span class='ocrx_word' id='word_1_708' title='bbox 2331 4846 2512 4909; x_wconf 87' lang='lat' dir='ltr'><strong>unius</strong></span> <span class='ocrx_word' id='word_1_709' title='bbox 2541 4856 2643 4909; x_wconf 86' lang='lat' dir='ltr'><strong>aut</strong></span> <span class='ocrx_word' id='word_1_710' title='bbox 2671 4847 2921 4909; x_wconf 86' lang='lat' dir='ltr'><strong>alterius</strong></span> <span class='ocrx_word' id='word_1_711' title='bbox 2950 4849 3071 4912; x_wconf 88' lang='lat' dir='ltr'><strong>diei</strong></span> <span class='ocrx_word' id='word_1_712' title='bbox 3106 4856 3298 4933; x_wconf 88' lang='lat' dir='ltr'><strong>spatio</strong></span> <span class='ocrx_word' id='word_1_713' title='bbox 3334 4856 3571 4936; x_wconf 86' lang='lat' dir='ltr'><strong>triginta</strong></span> <span class='ocrx_word' id='word_1_714' title='bbox 3602 4870 3663 4923; x_wconf 93' lang='lat' dir='ltr'><strong>et</strong></span> 
     </span>
    </p>
   </div>
   <div class='ocr_carea' id='block_1_103' title="bbox 2008 4937 3664 5023">
    <p class='ocr_par' dir='ltr' id='par_1_103' title="bbox 2008 4937 3664 5023">
     <span class='ocr_line' id='line_1_103' title="bbox 2008 4937 3664 5023; baseline 0.007 -22"><span class='ocrx_word' id='word_1_715' title='bbox 2008 4957 2101 5001; x_wconf 93' lang='lat' dir='ltr'><strong>am</strong></span> <span class='ocrx_word' id='word_1_716' title='bbox 2111 4938 2268 5020; x_wconf 81' lang='lat' dir='ltr'><strong>ptius</strong></span> <span class='ocrx_word' id='word_1_717' title='bbox 2282 4955 2546 5001; x_wconf 87' lang='lat' dir='ltr'><strong>canones</strong></span> <span class='ocrx_word' id='word_1_718' title='bbox 2567 4937 3081 5020; x_wconf 88' lang='lat' dir='ltr'><strong>condidisse,cum</strong></span> <span class='ocrx_word' id='word_1_719' title='bbox 3109 4946 3437 5023; x_wconf 89' lang='lat' dir='ltr'><strong>prasertim</strong></span> <span class='ocrx_word' id='word_1_720' title='bbox 3459 4949 3664 5013; x_wconf 87' lang='lat' dir='ltr'><strong>decla-</strong></span> 
     </span>
    </p>
   </div>
   <div class='ocr_carea' id='block_1_104' title="bbox 2008 5027 3662 5110">
    <p class='ocr_par' dir='ltr' id='par_1_104' title="bbox 2008 5027 3662 5110">
     <span class='ocr_line' id='line_1_104' title="bbox 2008 5027 3662 5110; baseline 0.009 -20"><span class='ocrx_word' id='word_1_721' title='bbox 2008 5038 2103 5091; x_wconf 87' lang='lat' dir='ltr'><strong>ret</strong></span> <span class='ocrx_word' id='word_1_722' title='bbox 2130 5028 2194 5089; x_wconf 91' lang='lat' dir='ltr'><strong>in</strong></span> <span class='ocrx_word' id='word_1_723' title='bbox 2209 5028 2500 5108; x_wconf 79' lang='lat' dir='ltr'><strong>prooemio</strong></span> <span class='ocrx_word' id='word_1_724' title='bbox 2521 5027 2829 5091; x_wconf 88' lang='lat' dir='ltr'><strong>canonica</strong></span> <span class='ocrx_word' id='word_1_725' title='bbox 2852 5030 3363 5110; x_wconf 85' lang='lat' dir='ltr'><strong>prima,coactum</strong></span> <span class='ocrx_word' id='word_1_726' title='bbox 3387 5057 3453 5102; x_wconf 89' lang='lat' dir='ltr'><strong>se</strong></span> <span class='ocrx_word' id='word_1_727' title='bbox 3476 5040 3662 5105; x_wconf 88' lang='lat' dir='ltr'><strong>fuisse</strong></span> 
     </span>
    </p>
   </div>
   <div class='ocr_carea' id='block_1_105' title="bbox 2008 5118 3662 5200">
    <p class='ocr_par' dir='ltr' id='par_1_105' title="bbox 2008 5118 3662 5200">
     <span class='ocr_line' id='line_1_105' title="bbox 2008 5118 3662 5200; baseline 0.007 -19"><span class='ocrx_word' id='word_1_728' title='bbox 2008 5118 2334 5197; x_wconf 88' lang='lat' dir='ltr'><strong>diligenter</strong></span> <span class='ocrx_word' id='word_1_729' title='bbox 2350 5118 2751 5194; x_wconf 88' lang='lat' dir='ltr'><strong>attendere,et</strong></span> <span class='ocrx_word' id='word_1_730' title='bbox 2771 5118 2822 5180; x_wconf 90' lang='lat' dir='ltr'><strong>si</strong></span> <span class='ocrx_word' id='word_1_731' title='bbox 2840 5119 2985 5200; x_wconf 91' lang='lat' dir='ltr'><strong>quid</strong></span> <span class='ocrx_word' id='word_1_732' title='bbox 3021 5138 3055 5182; x_wconf 89' lang='lat' dir='ltr'><strong>a</strong></span> <span class='ocrx_word' id='word_1_733' title='bbox 3076 5124 3423 5190; x_wconf 89' lang='lat' dir='ltr'><strong>senioribus</strong></span> <span class='ocrx_word' id='word_1_734' title='bbox 3440 5130 3662 5194; x_wconf 87' lang='lat' dir='ltr'><strong>audiis-</strong></span> 
     </span>
    </p>
   </div>
   <div class='ocr_carea' id='block_1_106' title="bbox 2009 5207 3661 5300">
    <p class='ocr_par' dir='ltr' id='par_1_106' title="bbox 2009 5207 3661 5300">
     <span class='ocr_line' id='line_1_106' title="bbox 2009 5207 3661 5300; baseline 0.008 -30"><span class='ocrx_word' id='word_1_735' title='bbox 2009 5207 2811 5300; x_wconf 76' lang='lat' dir='ltr'><strong>set,recordari,et_eognsta_</strong></span> <span class='ocrx_word' id='word_1_736' title='bbox 2828 5208 2903 5300; x_wconf 82' lang='lat' dir='ltr'><strong>iis</strong></span> <span class='ocrx_word' id='word_1_737' title='bbox 2932 5226 3067 5291; x_wconf 86' lang='lat' dir='ltr'><strong>qua</strong></span> <span class='ocrx_word' id='word_1_738' title='bbox 3099 5211 3418 5299; x_wconf 84' lang='lat' dir='ltr'><strong>didicerat,</strong></span> <span class='ocrx_word' id='word_1_739' title='bbox 3457 5237 3566 5300; x_wconf 88' lang='lat' dir='ltr'><strong>per</strong></span> <span class='ocrx_word' id='word_1_740' title='bbox 3594 5238 3661 5283; x_wconf 88' lang='lat' dir='ltr'><strong>se</strong></span> 
     </span>
    </p>
   </div>
   <div class='ocr_carea' id='block_1_107' title="bbox 350 5294 3661 5383">
    <p class='ocr_par' dir='ltr' id='par_1_107' title="bbox 350 5294 3661 5383">
     <span class='ocr_line' id='line_1_107' title="bbox 350 5294 3661 5383; baseline 0.002 -16"><span class='ocrx_word' id='word_1_741' title='bbox 350 5300 447 5367; x_wconf 81' lang='lat' dir='ltr'><strong>IV.</strong></span> <span class='ocrx_word' id='word_1_742' title='bbox 469 5298 662 5366; x_wconf 82' lang='lat' dir='ltr'><strong>Missa</strong></span> <span class='ocrx_word' id='word_1_743' title='bbox 677 5301 854 5365; x_wconf 88' lang='lat' dir='ltr'><strong>etiam</strong></span> <span class='ocrx_word' id='word_1_744' title='bbox 875 5300 1296 5383; x_wconf 79' lang='lat' dir='ltr'><strong>Amphilochia</strong></span> <span class='ocrx_word' id='word_1_745' title='bbox 1318 5296 1496 5381; x_wconf 90' lang='lat' dir='ltr'><strong>paulo</strong></span> <span class='ocrx_word' id='word_1_746' title='bbox 1520 5303 1653 5380; x_wconf 90' lang='lat' dir='ltr'><strong>post</strong></span> <span class='ocrx_word' id='word_1_747' title='bbox 1695 5294 1923 5359; x_wconf 85' lang='lat' dir='ltr'><strong>Pascha</strong></span> <span class='ocrx_word' id='word_1_748' title='bbox 2001 5297 2135 5380; x_wconf 87' lang='lat' dir='ltr'><strong>ipse</strong></span> <span class='ocrx_word' id='word_1_749' title='bbox 2164 5296 2667 5362; x_wconf 86' lang='lat' dir='ltr'><strong>ratiocinari.Non</strong></span> <span class='ocrx_word' id='word_1_750' title='bbox 2688 5297 3016 5364; x_wconf 77' lang='lat' dir='ltr'><strong>verisimile</strong></span> <span class='ocrx_word' id='word_1_751' title='bbox 3037 5309 3132 5365; x_wconf 87' lang='lat' dir='ltr'><strong>est</strong></span> <span class='ocrx_word' id='word_1_752' title='bbox 3159 5294 3537 5371; x_wconf 40' lang='lat' dir='ltr'><strong>Basiliam-in</strong></span> <span class='ocrx_word' id='word_1_753' title='bbox 3568 5327 3661 5373; x_wconf 84' lang='lat' dir='ltr'><strong>se-</strong></span> 
     </span>
    </p>
   </div>
   <div class='ocr_carea' id='block_1_108' title="bbox 350 5473 745 5555">
    <p class='ocr_par' dir='ltr' id='par_1_108' title="bbox 350 5473 745 5555">
     <span class='ocr_line' id='line_1_108' title="bbox 350 5473 745 5555; baseline 0.008 -2"><span class='ocrx_word' id='word_1_754' title='bbox 350 5476 428 5553; x_wconf 78' lang='lat' dir='ltr'><strong>ta)</strong></span> <span class='ocrx_word' id='word_1_755' title='bbox 463 5473 745 5555; x_wconf 54' lang='lat' dir='ltr'><strong>Far-198.</strong></span> 
     </span>
    </p>
   </div>
   <div class='ocr_carea' id='block_1_109' title="bbox 348 5553 731 5636">
    <p class='ocr_par' dir='ltr' id='par_1_109' title="bbox 348 5553 731 5636">
     <span class='ocr_line' id='line_1_109' title="bbox 348 5553 731 5636; baseline -0.008 -19"><span class='ocrx_word' id='word_1_756' title='bbox 348 5556 425 5636; x_wconf 88' lang='lat' dir='ltr'><strong>(b)</strong></span> <span class='ocrx_word' id='word_1_757' title='bbox 460 5553 605 5632; x_wconf 66' lang='lat' dir='ltr'><strong>Cen,</strong></span> <span class='ocrx_word' id='word_1_758' title='bbox 631 5553 731 5636; x_wconf 71' lang='grc'><strong>30.</strong></span> 
     </span>
    </p>
   </div>
   <div class='ocr_carea' id='block_1_110' title="bbox 344 5633 726 5717">
    <p class='ocr_par' dir='ltr' id='par_1_110' title="bbox 344 5633 726 5717">
     <span class='ocr_line' id='line_1_110' title="bbox 344 5633 726 5717; baseline -0.01 -18"><span class='ocrx_word' id='word_1_759' title='bbox 344 5633 415 5717; x_wconf 71' lang='grc' dir='ltr'><strong>(ο)</strong></span> <span class='ocrx_word' id='word_1_760' title='bbox 446 5639 593 5702; x_wconf 75' lang='lat' dir='ltr'><strong>Cen.</strong></span> <span class='ocrx_word' id='word_1_761' title='bbox 624 5633 726 5696; x_wconf 75' lang='lat'><strong>27.</strong></span> 
     </span>
    </p>
   </div>
   <div class='ocr_carea' id='block_1_111' title="bbox 2084 5468 2436 5549">
    <p class='ocr_par' dir='ltr' id='par_1_111' title="bbox 2084 5468 2436 5549">
     <span class='ocr_line' id='line_1_111' title="bbox 2084 5468 2436 5549; baseline -0.011 -18"><span class='ocrx_word' id='word_1_762' title='bbox 2084 5469 2176 5549; x_wconf 89' lang='lat' dir='ltr'><strong>(d)</strong></span> <span class='ocrx_word' id='word_1_763' title='bbox 2200 5470 2343 5532; x_wconf 90' lang='lat' dir='ltr'><strong>Can.</strong></span> <span class='ocrx_word' id='word_1_764' title='bbox 2376 5468 2436 5529; x_wconf 92' lang='grc'><strong>8.</strong></span> 
     </span>
    </p>
   </div>
   <div class='ocr_carea' id='block_1_112' title="bbox 2076 5550 2479 5628">
    <p class='ocr_par' dir='ltr' id='par_1_112' title="bbox 2076 5550 2479 5628">
     <span class='ocr_line' id='line_1_112' title="bbox 2076 5550 2479 5628; baseline -0.005 -16"><span class='ocrx_word' id='word_1_765' title='bbox 2076 5552 2165 5628; x_wconf 89' lang='lat' dir='ltr'><strong>(e)</strong></span> <span class='ocrx_word' id='word_1_766' title='bbox 2197 5550 2343 5613; x_wconf 88' lang='lat' dir='ltr'><strong>Can.</strong></span> <span class='ocrx_word' id='word_1_767' title='bbox 2380 5550 2479 5613; x_wconf 86' lang='grc'><strong>18.</strong></span> 
     </span>
    </p>
   </div>
   <div class='ocr_carea' id='block_1_113' title="bbox 2073 5631 2464 5713">
    <p class='ocr_par' dir='ltr' id='par_1_113' title="bbox 2073 5631 2464 5713">
     <span class='ocr_line' id='line_1_113' title="bbox 2073 5631 2464 5713; baseline 0.003 -20"><span class='ocrx_word' id='word_1_768' title='bbox 2073 5633 2153 5713; x_wconf 71' lang='grc' dir='ltr'><strong>(Γ)</strong></span> <span class='ocrx_word' id='word_1_769' title='bbox 2185 5631 2332 5695; x_wconf 88' lang='lat' dir='ltr'><strong>Can.</strong></span> <span class='ocrx_word' id='word_1_770' title='bbox 2362 5634 2464 5694; x_wconf 87' lang='lat'><strong>97.</strong></span> 
     </span>
    </p>
   </div>
  </div>
