4142 6384
501 283 669 332 CXXX

1853 269 2441 335 PROLEGOMENA.

503 408 697 471 cunda
713 404 1262 485 canonicaepistola
1277 406 1976 487 adornaudasegniorem
2000 407 2205 471 fuis-A
2231 407 2612 469 consuluerat
2642 423 2797 467 anno
2845 405 3113 486 proxime
3147 404 3353 486 elapso
3387 405 3873 487 Amphilochius,

501 517 592 560 se.
621 495 974 559 Jamduilum
1009 513 1150 572 ergo
1182 494 1402 555 conditi
1436 510 1858 557 canonesante
1876 496 2140 559 oblatam

502 588 833 648 facultatem
884 583 1224 652 Meletii,ac
1287 585 1547 664 prafatio
1611 595 1737 664 post
1797 586 2140 648 absolutum

500 696 647 757 opus
679 675 896 735 addita.
933 671 1224 734 Similiter
1284 675 1513 736 duabus
1545 676 1676 736 aliis
1736 677 2007 755 epistolis
2039 695 2141 736 ca-

500 765 731 828 nonicis
765 762 1051 842 prafatio,
1093 771 1403 842 postquam
1438 764 1725 826 absoluta
1745 765 2005 837 fuerunt,
2038 785 2134 845 ap-

501 855 687 936 posita
721 849 848 913 fuit.
876 854 1024 914 Nam
1061 870 1194 911 cum
1230 852 1310 912 ait
1342 853 1594 914 Basilius
1628 854 1687 914 in
1744 856 1952 934 prima
1997 875 2139 936 pro—

497 944 707 1023 (nmio,
735 941 1188 1022 prudentiorem
1213 941 1427 1002 factum
1449 961 1514 1002 se
1539 961 1694 1024 esse,
1726 955 1781 1005 et
1807 945 1988 1005 multa
2008 964 2143 1021 qua

495 1032 809 1116 ignorabat
840 1029 1143 1104 didicisse,
1179 1050 1245 1091 ac
1278 1042 1550 1094 coactum
1605 1033 1788 1095 fuisse
1819 1035 2142 1113 diligenter

495 1119 948 1187 attendere,etsi
971 1119 1109 1197 quid
1127 1119 1390 1180 audierat
1404 1140 1436 1180 a
1454 1121 2114 1185 senioribusirecordari
2128 1173 2143 1202 ,

499 1227 559 1280 et
587 1221 834 1294 cognata
855 1211 929 1272 iis
953 1230 1082 1290 qua
1103 1213 1513 1292 audierat,per
1538 1216 1746 1293 seipse
1771 1215 2137 1296 ratiocinari;

499 1324 655 1376 cum,
693 1303 959 1381 inquam,
1021 1300 1148 1360 hac
1204 1301 1369 1381 dicit,
1427 1303 1742 1364 manifeste
1781 1305 2044 1366 declarat
2077 1324 2141 1365 se

498 1396 674 1473 hujus
706 1390 903 1471 operis
935 1388 1139 1449 labore
1173 1388 1514 1451 defunctum
1549 1411 1703 1454 esse.
1726 1393 1943 1456 Tertia
1968 1395 2133 1474 epis-

500 1485 632 1547 tola
665 1480 1070 1562 prafationem
1104 1479 1339 1558 scripsit
1373 1481 1644 1559 Basilius,
1669 1503 1804 1544 cmn
1859 1484 2135 1546 redeunti

499 1595 568 1637 ex
601 1569 846 1635 Pontico
879 1568 1088 1627 itinere
1115 1567 1304 1629 allata
1322 1571 2132 1656 suntlitteraAmphilochii,

497 1662 708 1744 quibus
742 1658 908 1718 nulla
940 1657 1286 1736 interposita
1318 1677 1480 1719 mora
1506 1663 1914 1742 respondit;ac
1940 1664 2134 1744 proin-

2226 516 2339 576 qua
2371 497 2746 577 potissimum
2804 496 2894 556 via
2923 496 3256 558 remedium
3294 497 3433 558 huic
3480 497 3634 557 malo
3670 497 3877 558 feren-

2227 587 2366 646 dum
2401 594 2553 647 esset
2588 607 2602 666 ;
2632 585 2734 646 sed
2767 586 2880 646 hoc
2902 604 3059 646 anno
3090 603 3213 646 rem
3248 586 3493 646 minimc
3522 587 3844 666 protrahen

2228 675 2360 736 dam
2392 688 2556 737 ratus
2581 694 2714 736 cum
2763 675 3062 754 episcopis
3121 674 3463 737 deliberare
3521 677 3746 748 statuit,
3811 693 3878 736 ac

2228 765 2510 826 Basilium
2562 766 2634 826 ad
2685 764 3008 827 consilium
3065 783 3236 825 suum
3287 764 3604 826 advocavit.
3658 764 3880 826 Prater

2225 854 2590 915 desiderium
2625 853 2862 914 videndi
2892 852 3320 934 Ampliilochii,
3351 863 3465 915 tam
3481 854 3700 915 eximia
3725 874 3872 915 con-

2227 944 2503 1005 veniendi
2537 963 2713 1006 causa
2746 943 3028 1004 Basilium
3064 944 3135 1021 (ei
3161 943 3514 1005 exacuebat.
3570 943 3686 1005 Sed
3738 963 3873 1005 eum

2234 1035 2455 1095 moveri
2490 1053 2610 1096 non
2633 1033 2910 1094 sinebant
2937 1032 3129 1094 morbi
3163 1033 3457 1109 reliquia.
3492 1031 3693 1113 Nuper
3715 1035 3872 1094 enim

2230 1143 2408 1184 curru
2430 1125 2504 1185 ad
2531 1133 2815 1204 martyres
2847 1142 3036 1204 usque
3070 1130 3294 1197 vectus,
3326 1142 3479 1202 pene
3509 1122 3566 1184 in
3592 1122 3873 1183 eumdem

2228 1223 2439 1273 statum
2475 1215 2743 1294 relapsus
2770 1213 2978 1274 fuerat.
3021 1214 3207 1290 Rogat
3239 1213 3436 1292 itaque
3463 1221 3524 1272 ut
3546 1211 3726 1286 res,si
3747 1212 3876 1274 ﬁeri

2229 1303 2429 1382 possit,
2464 1305 2521 1364 in
2557 1323 2776 1382 paucos
2799 1303 2928 1363 dies
2953 1301 3283 1376 differatur,
3321 1321 3504 1381 seque
3531 1301 3872 1362 adfuturum

2226 1393 2537 1470 promittit.
2570 1393 2672 1453 Sin
2705 1401 2905 1454 autem
2943 1399 3156 1470 urgent
3187 1393 3443 1471 negotia,
3508 1391 3780 1452 hortatur
3811 1400 3875 1452 ut

2223 1492 2506 1559 peragant
2534 1501 2665 1562 qua
2697 1482 2758 1542 in
2814 1481 3089 1542 manibus
3136 1489 3299 1557 sunt,
3352 1499 3538 1560 seque
3587 1490 3870 1558 tanquam

2223 1582 2577 1650 prasentem
2612 1591 2846 1652 eorum,
2880 1590 3012 1651 qua
3043 1571 3330 1652 praclare
3388 1580 3692 1650 gerentur,
3731 1589 3870 1651 par-

2225 1661 2464 1740 ticipem
2494 1671 2832 1722 numerent.

495 1755 572 1815 de
599 1749 850 1831 spatium
877 1766 994 1806 non
1014 1747 1789 1812 habuissetcondendorum
1817 1772 2137 1826 canonum,
2163 1750 2202 1799 Β
2307 1750 2435 1812 Νοιι
2461 1751 2707 1812 dubium
2742 1761 2830 1812 est
2861 1750 3001 1830 quin
3039 1758 3418 1830 exspectatus
3463 1751 3636 1812 fuerit
3666 1749 3872 1812 Basilii

497 1843 608 1904 nisi
640 1848 815 1901 antea
836 1835 1094 1897 absoluti
1125 1836 1398 1899 fuissent.

572 1929 782 1992 Narrat
810 1926 1064 1988 Basilius
1098 1926 1186 2005 (α)
1220 1928 1277 1986 in
1309 1930 1564 2007 epistola
1593 1931 1886 1992 canonica
1916 1949 2135 1992 secun-

491 2018 934 2096 da,consu|tum
962 2033 1028 2075 se
1059 2015 1242 2076 fuisse
1262 2035 1296 2077 a
1329 2019 1691 2099 presbyteris
1718 2021 2134 2093 Antiochenis,

493 2111 595 2193 qui
625 2124 828 2171 coram
858 2103 1086 2166 infideli
1120 2106 1241 2166 viro
1275 2109 1466 2169 coacti
1497 2109 1734 2170 fuerant
1749 2110 1958 2190 jurare
1979 2130 2136 2174 nun-

491 2217 672 2278 quam
705 2215 771 2259 se
803 2193 1142 2256 Antiochiae
1171 2197 1507 2258 sacerdotio
1542 2199 1958 2278 perfuncturos
1987 2220 2002 2277 ;
2039 2220 2137 2262 se-

488 2308 607 2370 que
637 2293 943 2348 auctorem
967 2283 1054 2344 eis
1085 2282 1293 2357 fuisse,
1318 2295 1425 2346 uta
1452 2287 1709 2366 publicis
1737 2288 1978 2368 quidem
2001 2309 2139 2350 con-

489 2378 761 2440 ventibus
782 2374 1175 2454 abstinerent,
1213 2375 1481 2454 privatim
1532 2386 1727 2439 autem
1771 2379 1973 2440 munia
2003 2379 2135 2440 obi-

489 2477 626 2531 rent
653 2464 1161 2548 presbyterorum.
1217 2462 1360 2525 Cum
1411 2474 1608 2527 autem
1645 2485 1796 2527 unus
1858 2487 1926 2529 ex
1995 2469 2131 2547 illis,

488 2559 709 2622 Bianor
740 2554 1004 2625 nomine,
1041 2553 1255 2627 Iconii,
1291 2556 1610 2616 Antiochia
1667 2557 1900 2631 relicta,
1935 2559 2133 2618 domi-

489 2649 690 2712 cilium
723 2661 896 2705 suum
949 2643 1383 2718 constituisset,
1437 2655 1646 2706 censet
1697 2646 1948 2708 Basilius
2000 2667 2132 2708 eum

491 2742 602 2802 hac
633 2738 763 2814 lege
787 2751 904 2794 non
925 2731 1141 2810 teneri,
1174 2744 1231 2793 et
1260 2733 1498 2812 publice
1522 2734 1862 2798 sacerdotio
1899 2737 2137 2818 perfun-

487 2838 541 2910 εἰ
573 2843 749 2909 posse
784 2843 798 2898 ;
833 2822 1009 2883 modo
1043 2831 1242 2885 tamen
1280 2825 1693 2902 paenitentiam
1748 2838 1880 2905 agat
1938 2826 2012 2889 ob
2046 2826 2135 2888 fa-

487 2918 664 2982 cilem
698 2921 758 2975 et
779 2918 1117 2993 promptum
1143 2911 1216 2971 ad
1246 2913 1660 2992 jusjurandum
1693 2917 1984 2981 animum.

569 3003 862 3076 Meletius,
892 3002 993 3080 qui
1027 3001 1132 3060 has
1157 3001 1382 3062 litteras
1404 3003 1642 3078 detulit,
1671 3005 1890 3066 milites
1919 3024 2137 3066 recens

2224 1841 2533 1904 adventus.
2567 1839 2711 1902 Nam
2738 1858 2800 1901 se
2833 1841 2890 1900 in
2911 1839 3190 1900 Pisidiam
3216 1840 3452 1902 venisse
3476 1848 3722 1902 testatur
3755 1842 3870 1922 (ἀ),

2226 1940 2287 1992 ut
2309 1951 2442 1992 cum
2476 1930 2774 2011 episcopis
2806 1929 2963 1991 illius
2988 1930 3250 2008 regionis
3273 1949 3363 2010 ea,
3390 1947 3523 2006 qua
3549 1930 3620 1991 ad
3651 1929 3869 1993 fratres

2228 2021 2465 2082 Isauria
2491 2019 3358 2101 spectant,componeret.Cum
3394 2029 3588 2082 autem
3622 2019 3758 2083 huic
3792 2021 3866 2081 de

2223 2110 2610 2172 restituendis
2663 2110 3104 2190 episcopatibus
3183 2110 3607 2172 deliberationi
3672 2111 3868 2171 multa

2224 2202 2490 2262 inessent
2512 2199 2911 2274 difficultates,
2941 2199 3170 2261 videtur
3214 2219 3284 2260 ea
3305 2199 3525 2261 vicisse
3547 2207 3868 2278 sententia,

2223 2308 2397 2370 quam
2423 2309 2577 2351 anno
2602 2289 2911 2368 superiore
2939 2296 3330 2370 proposuerat
3352 2289 3627 2365 Basilius,
3656 2299 3718 2350 ut
3745 2307 3870 2349 ma-

2223 2399 2352 2458 gna
2382 2378 2602 2440 civitati
2639 2379 2895 2458 primum
2946 2380 3263 2460 episcolius
3297 2379 3539 2440 daretur
3577 2403 3590 2456 ς
3643 2398 3871 2459 suoque

2221 2471 2306 2531 illi
2330 2469 2555 2530 circulo
2591 2469 3072 2548 circumscripto,
3108 2470 3247 2549 quia
3292 2470 3515 2530 vicinos
3548 2468 3872 2529 nonnullos

2221 2558 2853 2638 ordinabat,deinceps
2878 2577 3063 2639 penes
3085 2557 3572 2638 Amphilochium
3591 2559 3693 2634 jus
3713 2567 3874 2620 esset

2221 2658 2279 2710 et
2307 2647 2619 2708 arbitrium
2655 2647 3074 2727 episcoporum
3109 2649 3169 2706 in
3199 2646 3332 2705 aliis
3370 2645 3704 2705 civitatibus
3727 2666 3866 2706 con-

2221 2737 2754 2800 stituendorum.ld
2773 2735 3112 2813 colligimus
3139 2754 3206 2796 ex
3241 2733 3412 2794 initio
3434 2733 3700 2813 epistola
3723 2735 3865 2816 217,

2221 2847 2350 2908 qua
2382 2837 2470 2887 est
2493 2824 2782 2886 canonica
2811 2825 3012 2903 tertia,
3036 2822 3135 2885 ubi
3160 2822 3415 2886 Basilius
3435 2831 3644 2884 auctor
3664 2833 3775 2897 est,
3803 2833 3866 2885 ut

2219 2917 2438 2993 aliquis
2471 2933 2542 2977 ex
2576 2914 2888 2993 neophytis
2913 2913 3225 2975 ordinetur
3251 2911 3723 2993 episcopus,sive
3742 2915 3861 2974 Ma-

2219 3006 2472 3067 cedonio
2506 3005 2586 3064 ita
2616 3003 2910 3083 videatur,
2941 3003 3065 3063 sive
3085 3021 3226 3065 non.
3253 3001 3389 3062 Erat
3420 3020 3560 3079 ergo
3586 3001 3862 3063 Macedo-

485 3089 1503 3163 collectosdeducebaLGralissima
1521 3093 1855 3159 fuitBasilio
1869 3094 2130 3156 scriben-
2154 3115 2195 3165 c
2223 3095 2356 3156 nius
2381 3111 2606 3172 magna
2637 3093 2889 3154 civitatis
2912 3093 3253 3171 episcopus,
3283 3109 3352 3151 ac
3376 3091 3673 3152 metuebat
3693 3092 3862 3154 Basi-

488 3191 550 3252 di
578 3186 651 3250 ad
675 3178 1165 3261 Amphilochium
1212 3182 1448 3243 occasio
1477 3203 1492 3245 τ
1531 3184 1691 3245 hunc
1721 3193 1911 3264 rogat,
1937 3192 2002 3245 ut
2035 3185 2130 3244 in-

491 3281 640 3340 visat
668 3271 995 3337 Ecclesiam
1029 3271 1481 3344 Casariensem,
1522 3282 1836 3354 postquam
1873 3291 1968 3334 res
2019 3273 2129 3353 Ly-

487 3367 716 3434 caonia
745 3360 1168 3440 composuerit,
1207 3380 1488 3442 eamque,
1537 3365 1658 3424 sive
1709 3382 1774 3424 se
1824 3362 1974 3441 vivo,
2009 3364 2134 3426 sive

491 3466 749 3533 mortuo,
777 3459 840 3512 ut
861 3449 1159 3530 propriam
1189 3461 1382 3514 curet.
1416 3452 1812 3514 Commendat
1854 3452 1908 3513 ei
1940 3452 2126 3516 Mele-

486 3552 658 3621 tium,
695 3548 1014 3619 monetque
1048 3547 1109 3599 ut
1137 3539 1254 3601 diei
1289 3542 1441 3604 festo
1465 3540 1977 3621 sanctiEupsychii
2007 3562 2126 3603 non

489 3639 663 3713 desit,
687 3649 880 3712 neque
897 3638 1220 3709 exspectet,
1247 3631 1387 3692 dum
1415 3631 1628 3694 iterum
1656 3639 1992 3706 moneatur,
2010 3633 2126 3695 imo

483 3737 681 3813 ipsum
714 3723 874 3784 diem
907 3728 1263 3813 antevertat,
1300 3731 1361 3782 ut
1382 3742 1446 3784 se
1471 3723 1786 3813 exhilareﬁt.

567 3819 712 3881 Cum
745 3815 872 3874 haec
895 3808 1187 3871 scriberet
1210 3813 1490 3887 Basilius,
1513 3811 1996 3892 Amphilochium
2022 3830 2120 3890 pu-

483 3911 644 3977 tabat
671 3904 892 3986 optima
925 3901 1005 3960 uti
1024 3901 1382 3966 valetudine.
1411 3902 1528 3964 Sed
1565 3903 1736 3982 paulo
1773 3907 1904 3978 post
1939 3901 2124 3978 scrip-

481 4005 560 4065 sit
590 3994 1044 4077 Amphilochius
1085 3994 1242 4054 sein
1293 3993 1569 4053 morbum
1629 3989 1944 4077 incidisse.
1965 3987 2123 4077 ,Per-

482 4074 800 4155 molestum
834 4084 893 4143 id
926 4083 1031 4142 fuit
1062 4083 1298 4157 Basilio,
1326 4081 1429 4158 qui
1449 4076 1859 4158 Amphilochii
1883 4074 2126 4137 videndi

484 4196 696 4255 magno
730 4172 1042 4235 tenebatur
1099 4171 1421 4250 desiderio,
1467 4172 1716 4248 ejusque
1768 4164 2018 4226 consilio
2052 4167 2124 4226 ad

489 4269 671 4329 multa
693 4263 774 4324 uti
805 4259 1062 4322 volebat.
1099 4259 1216 4320 Sed
1250 4261 1329 4338 ib)
1362 4260 1413 4319 ei
1462 4257 1692 4318 veniam
1727 4257 1827 4321 dat
1881 4269 1940 4322 et
1990 4255 2138 4335 petit

489 4354 915 4434 vicissim,cum
943 4358 1258 4428 utrumque
1281 4347 1504 4410 eadem
1530 4366 1725 4409 causa
1741 4349 2133 4427 detinuerint,

489 4446 736 4508 morbus
761 4439 1266 4520 Amphilochium,
1300 4438 1589 4501 Basilium
1633 4447 1797 4502 vetus
1851 4438 2135 4521 agritudo

485 4554 619 4616 qua
648 4533 912 4596 nondum
945 4529 1344 4591 abscesserat.

569 4629 644 4692 V.
682 4626 998 4702 Postquam
1031 4638 1063 4681 e
1098 4619 1302 4681 morbo
1333 4619 1628 4681 convaluit
1651 4619 2131 4702 Amphilochius,

484 4734 692 4780 curam
719 4721 775 4775 et
794 4709 1258 4773 sollicitudinem
1285 4711 1344 4771 in
1372 4726 1438 4771 re
1466 4711 1662 4789 magni
1683 4710 1973 4772 momenti
1993 4726 2135 4770 con-

483 4804 786 4870 stituenda
814 4802 1158 4882 insumpsit.
1182 4801 1344 4862 Inter
1373 4799 1489 4861 alia
1541 4802 1984 4879 provinciarum
2033 4817 2134 4858 se-

484 4905 746 4977 gmenta,
779 4911 910 4974 qua
930 4891 1212 4952 attributa
1233 4888 1436 4951 Iconio
1455 4888 1711 4969 fuerant,
1734 4890 1988 4970 insignis
2009 4893 2138 4949 erat

481 4988 688 5048 civitas
719 4983 1126 5062 lsaurus,qua
1156 4979 1478 5060 provincia
1498 4978 1739 5040 Isauria
1769 4999 1990 5041 nomen
2023 4979 2135 5040 de-

482 5075 740 5148 derat,et
771 5072 913 5132 inde
969 5088 1106 5130 cum
1171 5069 1372 5130 multis
1421 5067 1555 5130 aliis
1606 5070 1847 5149 oppidis
1905 5071 2132 5143 avulsa,

482 5164 788 5246 Lycaonia
803 5162 1084 5239 adjuncta
1115 5167 1230 5222 est.
1262 5158 1563 5220 Destituta
1591 5168 1795 5220 autem
1828 5157 2136 5241 episcOpis

485 5261 654 5318 erant
693 5264 818 5314 tum
852 5267 1068 5327 magna
1097 5248 1199 5311 illa
1219 5248 1582 5324 civitas,tum
1607 5247 1724 5310 alia
1742 5250 1985 5330 oppida,
2013 5249 2137 5310 sive

487 5347 561 5409 ab
595 5342 911 5416 bareticis,
949 5338 1076 5401 sive
1131 5339 1204 5400 ab
1238 5338 1512 5400 hostibus
1551 5348 1770 5402 vastata
1805 5360 1822 5417 ;
1853 5342 2136 5403 Basilium

564 5519 653 5594 (α)
685 5515 833 5575 Can.
861 5513 960 5573 17.

568 5597 646 5678 (υ)
680 5590 1044 5678 Epist-301-

567 5612 650 5762 ὶΖῖ
678 5612 963 5762 ἓὲῗὲδέἶ

2219 3183 2335 3244 lius
2357 3201 2432 3244 ne
2459 3180 2992 3262 isjurisdictionem
3015 3199 3180 3241 suam
3203 3181 3618 3260 episcoporum
3646 3179 3705 3241 in
3732 3181 3866 3244 aliis

2217 3272 2549 3333 civitatibus
2566 3271 2943 3333 ordinatione
2959 3270 3228 3332 coerceri
3259 3269 3511 3330 moleste
3538 3269 3866 3333 ferret.Sed

2218 3363 2395 3442 hujus
2427 3361 2514 3423 rei
2538 3360 2990 3440 interpellanda
3020 3359 3284 3422 ablatum
3309 3359 3482 3438 eijus
3507 3361 3864 3421 lueratcon-

2214 3453 2349 3513 silio
2372 3450 2695 3530 Basilii.qui
2715 3469 2886 3510 suum
2908 3449 3296 3510 illicirculum
3319 3450 3588 3511 voluerat
3607 3450 3867 3511 circum-

2215 3542 2420 3604 scribi.
2455 3539 2840 3601 Macedonius
2871 3557 2988 3599 non
3023 3538 3126 3598 diu
3159 3541 3432 3600 Isaurum
3493 3539 3646 3599 rexit
3677 3562 3688 3598 :
3727 3559 3863 3600 nam

2212 3631 2390 3711 hujus
2421 3631 2669 3692 civitatis
2693 3629 3011 3708 episcopus
3043 3627 3304 3688 Hilarius
3330 3628 3389 3687 iu
3429 3629 3680 3690 concilio
3706 3631 3865 3692 Con-

2211 3721 2738 3800 stantinopolitano
2767 3727 2824 3779 et
2854 3717 2917 3778 in
2945 3719 3323 3778 Testamento
3364 3720 3554 3781 sancti
3588 3718 3865 3799 Gregorii

2212 3809 2572 3874 Nazianzeni
2594 3816 2858 3868 vocatur.

2758 3950 2996 4014 CAPUT
3045 3951 3310 4016 XXXIII.

2213 4085 2254 4132 Ι.
2282 4083 2632 4130 Daximonem
2653 4079 2943 4140 perturbat
2965 4081 3289 4130 Eustathius
3311 4085 3362 4130 et
3403 4083 3600 4131 multos
3641 4082 3860 4132 abstra-

2275 4145 2358 4193 hit
2399 4158 2432 4192 a
2476 4143 2851 4207 communione
2897 4144 3111 4201 Basilii,
3161 4149 3253 4207 qui
3299 4145 3372 4193 ad
3418 4159 3502 4194 cos
3541 4146 3746 4194 scribit.
3802 4147 3873 4195 II.

2282 4207 2486 4257 Scribit
2509 4207 2680 4254 etiam
2698 4206 2776 4253 ad
2802 4206 3269 4257 A'eocwsarienses.
3298 4208 3395 4256 III.
3446 4210 3655 4257 Iterum
3701 4211 3884 4258 mittit

2286 4274 2343 4318 in
2374 4271 2608 4318 Pontum
2633 4269 2683 4315 et
2713 4271 2839 4332 agit
2872 4268 2937 4317 de
2976 4283 3261 4331 congressu
3305 4283 3424 4319 cum
3464 4273 3738 4332 episcopis.
3785 4271 3881 4321 IV.

2283 4330 2800 4382 Neocwsariensibus
2841 4332 2984 4394 nihil
3006 4330 3462 4394 reSpondentibus
3490 4330 3704 4383 iterum
3746 4337 3886 4383 scri-

2283 4396 2376 4445 bit.
2407 4397 2545 4442 Duae
2591 4394 2720 4441 alia:
2761 4393 2945 4444 eadem
2972 4400 3038 4444 rte
3075 4393 3132 4444 re
3175 4397 3252 4445 ad
3285 4400 3489 4446 amicos
3533 4397 3754 4445 littera.
3816 4397 3881 4445 V.

2286 4460 2417 4509 Post
2441 4457 2654 4518 festum
2695 4459 2876 4505 sancti
2927 4459 3218 4520 Eupsychii
3261 4463 3320 4507 in
3371 4461 3609 4508 Pontum
3657 4457 3885 4520 projici-

2154 4526 2198 4575 D
2278 4523 2466 4571 scitur.
2521 4521 2597 4569 Eo
2657 4521 2904 4568 uniente
2961 4522 3034 4569 ad
3095 4522 3316 4582 fratris
3390 4522 3547 4578 cedes.
3621 4522 3887 4570 turbatur

2279 4589 2639 4647 Neoca’sarea.
2686 4582 2889 4630 Scribit
2952 4584 3026 4632 ad
3071 4597 3152 4632 eos
3199 4587 3251 4633 et
3293 4584 3368 4633 ad
3408 4585 3731 4647 Olympium.
3788 4583 3880 4633 VI.

2279 4645 2488 4697 Basilio
2514 4645 2764 4710 redeunti
2796 4648 3095 4710 nuntiatur
3117 4647 3252 4710 quid
3275 4645 3484 4696 contra
3502 4645 3674 4710 ipsum
3713 4647 3884 4695 hare—

2283 4711 2397 4768 tici,
2420 4708 2548 4771 quid
2574 4707 3072 4771 contra_Meletium
3123 4707 3358 4759 Taulini
3416 4707 3708 4759 sectatores
3764 4723 3883 4757 mo—

2282 4769 2500 4820 liantur
2550 4769 2745 4819 Plures
2769 4769 2854 4817 his
2877 4770 2944 4818 de
2972 4773 3126 4820 rebus
3153 4772 3374 4822 littera.
3403 4773 3517 4822 VII.
3547 4775 3626 4821 De
3647 4772 3880 4834 epistola

2282 4836 2549 4899 canonica
2602 4835 2787 4899 tertia,
2830 4836 2882 4880 et
2925 4835 3155 4899 epistola
3195 4837 3286 4884 2t8
3332 4849 3454 4899 qua
3495 4835 3658 4899 simul
3713 4837 3882 4884 missa

2282 4901 2375 4946 est.
2410 4895 2556 4946 VIII.
2602 4898 2825 4944 Littera:
2860 4895 3406 4958 ad’SamosatensEs,
3453 4898 3526 4948 ad
3565 4900 3879 4948 Bcrwenses

2281 4963 2333 5010 et
2357 4958 2735 5010 Chalcidenses
2753 4971 2858 5020 per
2877 4963 3125 5011 Acacium
3161 4964 3354 5011 missa.

2299 5067 2345 5130 Ι.
2380 5065 2602 5127 Prater
2631 5063 2889 5126 famosos
2929 5065 3620 5148 libellos,quibusBasilii
3647 5067 3871 5128 famam

2219 5154 2562 5219 Eustathius
2580 5153 3227 5232 laceraverat,occultis
3250 5157 3428 5219 etiam
3454 5156 3622 5217 illum
3651 5155 3872 5216 machi-

2222 5245 2564 5309 nationibus
2589 5243 2805 5306 laedere
2837 5245 3343 5309 conabatur.Nam
3378 5245 3866 5321 (eiDazimonem,

2223 5356 2357 5419 qua
2384 5334 2549 5414 regio
2583 5347 2674 5396 est
2705 5335 2876 5398 Ponti
2905 5354 3079 5399 secus
3097 5336 3318 5400 Iridem
3342 5333 3869 5419 sita,perturbave-

2306 5507 2396 5588 (ἀ)
2418 5508 2537 5588 ΕΡ.
2566 5505 2713 5588 21β.

2305 5587 2380 5673 (ε)
2415 5587 2526 5672 sp.
2553 5587 2695 5652 216.
