  <div class='ocr_page' id='page_1' title='image "/cluster/home/n/w/nwhite01/storage/ocr_20150623/29:no.1/coo.31924054873108/148.png"; bbox 0 0 4142 6414; ppageno 0'>
   <div class='ocr_carea' id='block_1_1' title="bbox 1768 388 2408 457">
    <p class='ocr_par' dir='ltr' id='par_1_1' title="bbox 1768 388 2408 457">
     <span class='ocr_line' id='line_1_1' title="bbox 1768 388 2408 457; baseline 0.005 -4"><span class='ocrx_word' id='word_1_1' title='bbox 1768 388 1956 453; x_wconf 84' lang='lat' dir='ltr'><strong>VITA</strong></span> <span class='ocrx_word' id='word_1_2' title='bbox 1999 389 2059 453; x_wconf 91' lang='lat' dir='ltr'><strong>S.</strong></span> <span class='ocrx_word' id='word_1_3' title='bbox 2108 392 2408 457; x_wconf 84' lang='lat' dir='ltr'><strong>BASILII.</strong></span> 
     </span>
    </p>
   </div>
   <div class='ocr_carea' id='block_1_2' title="bbox 3547 418 3752 470">
    <p class='ocr_par' dir='ltr' id='par_1_2' title="bbox 3547 418 3752 470">
     <span class='ocr_line' id='line_1_2' title="bbox 3547 418 3752 470; baseline 0.005 -1"><span class='ocrx_word' id='word_1_4' title='bbox 3547 418 3752 470; x_wconf 69' lang='lat' dir='ltr'><strong>CXXXV</strong></span> 
     </span>
    </p>
   </div>
   <div class='ocr_carea' id='block_1_3' title="bbox 368 525 3755 610">
    <p class='ocr_par' dir='ltr' id='par_1_3' title="bbox 368 525 3755 610">
     <span class='ocr_line' id='line_1_3' title="bbox 368 525 3755 610; baseline 0.004 -22"><span class='ocrx_word' id='word_1_5' title='bbox 368 527 531 589; x_wconf 90' lang='lat' dir='ltr'><strong>hanc</strong></span> <span class='ocrx_word' id='word_1_6' title='bbox 561 544 696 587; x_wconf 92' lang='lat' dir='ltr'><strong>cum</strong></span> <span class='ocrx_word' id='word_1_7' title='bbox 732 526 954 589; x_wconf 90' lang='lat' dir='ltr'><strong>Meletii</strong></span> <span class='ocrx_word' id='word_1_8' title='bbox 976 526 1242 589; x_wconf 83' lang='lat' dir='ltr'><strong>Ecclesia</strong></span> <span class='ocrx_word' id='word_1_9' title='bbox 1260 530 1748 608; x_wconf 86' lang='lat' dir='ltr'><strong>conjunctionem</strong></span> <span class='ocrx_word' id='word_1_10' title='bbox 1770 527 2025 589; x_wconf 76' lang='lat' dir='ltr'><strong>auctori-</strong></span> <span class='ocrx_word' id='word_1_11' title='bbox 2046 532 2089 581; x_wconf 76' lang='grc' dir='ltr'>Α</span> <span class='ocrx_word' id='word_1_12' title='bbox 2110 525 2244 586; x_wconf 91' lang='lat' dir='ltr'><strong>oleo</strong></span> <span class='ocrx_word' id='word_1_13' title='bbox 2269 537 2329 590; x_wconf 90' lang='lat' dir='ltr'><strong>et</strong></span> <span class='ocrx_word' id='word_1_14' title='bbox 2356 548 2537 609; x_wconf 82' lang='lat' dir='ltr'><strong>opera</strong></span> <span class='ocrx_word' id='word_1_15' title='bbox 2560 530 2802 610; x_wconf 92' lang='lat' dir='ltr'><strong>scripsit</strong></span> <span class='ocrx_word' id='word_1_16' title='bbox 2830 549 2898 594; x_wconf 89' lang='lat' dir='ltr'><strong>ac</strong></span> <span class='ocrx_word' id='word_1_17' title='bbox 2927 532 3230 596; x_wconf 88' lang='lat' dir='ltr'><strong>Terentio.</strong></span> <span class='ocrx_word' id='word_1_18' title='bbox 3262 534 3406 598; x_wconf 82' lang='lat' dir='ltr'><strong>Cum</strong></span> <span class='ocrx_word' id='word_1_19' title='bbox 3440 546 3637 601; x_wconf 82' lang='lat' dir='ltr'><strong>autem</strong></span> <span class='ocrx_word' id='word_1_20' title='bbox 3677 542 3755 602; x_wconf 93' lang='lat' dir='ltr'><strong>si-</strong></span> 
     </span>
    </p>
   </div>
   <div class='ocr_carea' id='block_1_4' title="bbox 368 616 913 695">
    <p class='ocr_par' dir='ltr' id='par_1_4' title="bbox 368 616 913 695">
     <span class='ocr_line' id='line_1_4' title="bbox 368 616 913 695; baseline 0.004 -18"><span class='ocrx_word' id='word_1_21' title='bbox 368 624 487 678; x_wconf 89' lang='lat' dir='ltr'><strong>tate</strong></span> <span class='ocrx_word' id='word_1_22' title='bbox 520 634 627 677; x_wconf 91' lang='lat' dir='ltr'><strong>sua</strong></span> <span class='ocrx_word' id='word_1_23' title='bbox 652 616 913 695; x_wconf 87' lang='lat' dir='ltr'><strong>juvaret.</strong></span> 
     </span>
    </p>
   </div>
   <div class='ocr_carea' id='block_1_5' title="bbox 452 704 2024 786">
    <p class='ocr_par' dir='ltr' id='par_1_5' title="bbox 452 704 2024 786">
     <span class='ocr_line' id='line_1_5' title="bbox 452 704 2024 786; baseline -0.001 -20"><span class='ocrx_word' id='word_1_24' title='bbox 452 706 736 767; x_wconf 91' lang='lat' dir='ltr'><strong>Audierat</strong></span> <span class='ocrx_word' id='word_1_25' title='bbox 763 706 1012 767; x_wconf 84' lang='lat' dir='ltr'><strong>Basilius</strong></span> <span class='ocrx_word' id='word_1_26' title='bbox 1038 708 1480 786; x_wconf 81' lang='lat' dir='ltr'><strong>(a)Terentium</strong></span> <span class='ocrx_word' id='word_1_27' title='bbox 1515 726 1583 770; x_wconf 81' lang='lat' dir='ltr'><strong>ex</strong></span> <span class='ocrx_word' id='word_1_28' title='bbox 1604 707 1751 786; x_wconf 84' lang='lat' dir='ltr'><strong>otio,</strong></span> <span class='ocrx_word' id='word_1_29' title='bbox 1780 708 1839 767; x_wconf 90' lang='lat' dir='ltr'><strong>in</strong></span> <span class='ocrx_word' id='word_1_30' title='bbox 1867 704 2024 786; x_wconf 89' lang='lat' dir='ltr'><strong>quod</strong></span> 
     </span>
    </p>
   </div>
   <div class='ocr_carea' id='block_1_6' title="bbox 367 795 2024 877">
    <p class='ocr_par' dir='ltr' id='par_1_6' title="bbox 367 795 2024 877">
     <span class='ocr_line' id='line_1_6' title="bbox 367 795 2024 877; baseline -0.001 -21"><span class='ocrx_word' id='word_1_31' title='bbox 367 814 435 856; x_wconf 87' lang='lat' dir='ltr'><strong>se</strong></span> <span class='ocrx_word' id='word_1_32' title='bbox 458 795 530 856; x_wconf 88' lang='lat' dir='ltr'><strong>ad</strong></span> <span class='ocrx_word' id='word_1_33' title='bbox 553 796 814 855; x_wconf 90' lang='lat' dir='ltr'><strong>animam</strong></span> <span class='ocrx_word' id='word_1_34' title='bbox 840 799 1163 858; x_wconf 84' lang='lat' dir='ltr'><strong>curandam</strong></span> <span class='ocrx_word' id='word_1_35' title='bbox 1187 800 1771 877; x_wconf 89' lang='lat' dir='ltr'><strong>removerat,iterum</strong></span> <span class='ocrx_word' id='word_1_36' title='bbox 1796 796 1865 856; x_wconf 88' lang='lat' dir='ltr'><strong>ad</strong></span> <span class='ocrx_word' id='word_1_37' title='bbox 1893 796 2024 855; x_wconf 86' lang='lat' dir='ltr'><strong>bel-</strong></span> 
     </span>
    </p>
   </div>
   <div class='ocr_carea' id='block_1_7' title="bbox 369 884 2020 956">
    <p class='ocr_par' dir='ltr' id='par_1_7' title="bbox 369 884 2020 956">
     <span class='ocr_line' id='line_1_7' title="bbox 369 884 2020 956; baseline -0.001 -11"><span class='ocrx_word' id='word_1_38' title='bbox 369 886 521 946; x_wconf 91' lang='lat' dir='ltr'><strong>licos</strong></span> <span class='ocrx_word' id='word_1_39' title='bbox 553 885 844 945; x_wconf 79' lang='lat' dir='ltr'><strong>tumultus</strong></span> <span class='ocrx_word' id='word_1_40' title='bbox 902 886 1103 946; x_wconf 90' lang='lat' dir='ltr'><strong>redire</strong></span> <span class='ocrx_word' id='word_1_41' title='bbox 1150 896 1420 947; x_wconf 86' lang='lat' dir='ltr'><strong>coactum</strong></span> <span class='ocrx_word' id='word_1_42' title='bbox 1466 887 1674 947; x_wconf 91' lang='lat' dir='ltr'><strong>fuisse.</strong></span> <span class='ocrx_word' id='word_1_43' title='bbox 1709 884 1825 947; x_wconf 88' lang='lat' dir='ltr'><strong>Sed</strong></span> <span class='ocrx_word' id='word_1_44' title='bbox 1860 892 2020 956; x_wconf 79' lang='lat' dir='ltr'><strong>tunc,</strong></span> 
     </span>
    </p>
   </div>
   <div class='ocr_carea' id='block_1_8' title="bbox 371 972 2027 1052">
    <p class='ocr_par' dir='ltr' id='par_1_8' title="bbox 371 972 2027 1052">
     <span class='ocr_line' id='line_1_8' title="bbox 371 972 2027 1052; baseline -0.001 -17"><span class='ocrx_word' id='word_1_45' title='bbox 371 975 473 1035; x_wconf 91' lang='lat' dir='ltr'><strong>ubi</strong></span> <span class='ocrx_word' id='word_1_46' title='bbox 508 972 791 1052; x_wconf 80' lang='lat' dir='ltr'><strong>cOgnovit</strong></span> <span class='ocrx_word' id='word_1_47' title='bbox 824 992 959 1034; x_wconf 92' lang='lat' dir='ltr'><strong>eum</strong></span> <span class='ocrx_word' id='word_1_48' title='bbox 1007 976 1341 1037; x_wconf 67' lang='lat' dir='ltr'><strong>Antiochia:</strong></span> <span class='ocrx_word' id='word_1_49' title='bbox 1389 977 1637 1048; x_wconf 87' lang='lat' dir='ltr'><strong>versari,</strong></span> <span class='ocrx_word' id='word_1_50' title='bbox 1677 981 1734 1034; x_wconf 90' lang='lat' dir='ltr'><strong>et</strong></span> <span class='ocrx_word' id='word_1_51' title='bbox 1786 973 2027 1051; x_wconf 79' lang='lat' dir='ltr'><strong>negotia</strong></span> 
     </span>
    </p>
   </div>
   <div class='ocr_carea' id='block_1_9' title="bbox 367 1063 2023 1142">
    <p class='ocr_par' dir='ltr' id='par_1_9' title="bbox 367 1063 2023 1142">
     <span class='ocr_line' id='line_1_9' title="bbox 367 1063 2023 1142; baseline -0.002 -17"><span class='ocrx_word' id='word_1_52' title='bbox 367 1083 504 1125; x_wconf 89' lang='lat' dir='ltr'><strong>cum</strong></span> <span class='ocrx_word' id='word_1_53' title='bbox 527 1063 757 1141; x_wconf 75' lang='lat' dir='ltr'><strong>magnis</strong></span> <span class='ocrx_word' id='word_1_54' title='bbox 791 1066 1187 1142; x_wconf 90' lang='lat' dir='ltr'><strong>potestatibus</strong></span> <span class='ocrx_word' id='word_1_55' title='bbox 1217 1063 1637 1125; x_wconf 83' lang='lat' dir='ltr'><strong>administrare</strong></span> <span class='ocrx_word' id='word_1_56' title='bbox 1666 1086 1680 1133; x_wconf 89' lang='lat'><strong>;</strong></span> <span class='ocrx_word' id='word_1_57' title='bbox 1714 1072 1833 1123; x_wconf 92' lang='lat' dir='ltr'><strong>tum</strong></span> <span class='ocrx_word' id='word_1_58' title='bbox 1886 1080 2023 1122; x_wconf 91' lang='lat' dir='ltr'><strong>vero</strong></span> 
     </span>
    </p>
   </div>
   <div class='ocr_carea' id='block_1_10' title="bbox 369 1152 2026 1225">
    <p class='ocr_par' dir='ltr' id='par_1_10' title="bbox 369 1152 2026 1225">
     <span class='ocr_line' id='line_1_10' title="bbox 369 1152 2026 1225; baseline -0.003 -10"><span class='ocrx_word' id='word_1_59' title='bbox 369 1153 619 1215; x_wconf 89' lang='lat' dir='ltr'><strong>minime</strong></span> <span class='ocrx_word' id='word_1_60' title='bbox 652 1153 1011 1214; x_wconf 88' lang='lat' dir='ltr'><strong>cessandum</strong></span> <span class='ocrx_word' id='word_1_61' title='bbox 1048 1165 1213 1215; x_wconf 91' lang='lat' dir='ltr'><strong>ratus</strong></span> <span class='ocrx_word' id='word_1_62' title='bbox 1245 1162 1301 1213; x_wconf 88' lang='lat' dir='ltr'><strong>in</strong></span> <span class='ocrx_word' id='word_1_63' title='bbox 1330 1173 1395 1214; x_wconf 90' lang='lat' dir='ltr'><strong>re</strong></span> <span class='ocrx_word' id='word_1_64' title='bbox 1420 1154 1566 1214; x_wconf 85' lang='lat' dir='ltr'><strong>tanti</strong></span> <span class='ocrx_word' id='word_1_65' title='bbox 1593 1152 1900 1225; x_wconf 88' lang='lat' dir='ltr'><strong>momenti,</strong></span> <span class='ocrx_word' id='word_1_66' title='bbox 1928 1170 2026 1211; x_wconf 84' lang='lat' dir='ltr'><strong>ex-</strong></span> 
     </span>
    </p>
   </div>
   <div class='ocr_carea' id='block_1_11' title="bbox 372 1241 2025 1324">
    <p class='ocr_par' dir='ltr' id='par_1_11' title="bbox 372 1241 2025 1324">
     <span class='ocr_line' id='line_1_11' title="bbox 372 1241 2025 1324; baseline -0.002 -21"><span class='ocrx_word' id='word_1_67' title='bbox 372 1251 647 1323; x_wconf 88' lang='lat' dir='ltr'><strong>spectare</strong></span> <span class='ocrx_word' id='word_1_68' title='bbox 678 1242 888 1318; x_wconf 89' lang='lat' dir='ltr'><strong>noluit,</strong></span> <span class='ocrx_word' id='word_1_69' title='bbox 925 1243 1064 1303; x_wconf 85' lang='lat' dir='ltr'><strong>dum</strong></span> <span class='ocrx_word' id='word_1_70' title='bbox 1102 1243 1505 1324; x_wconf 83' lang='lat' dir='ltr'><strong>Acacius,qui</strong></span> <span class='ocrx_word' id='word_1_71' title='bbox 1539 1252 1661 1303; x_wconf 92' lang='lat' dir='ltr'><strong>tum</strong></span> <span class='ocrx_word' id='word_1_72' title='bbox 1696 1241 2025 1302; x_wconf 68' lang='lat' dir='ltr'><strong>eratCaasa-</strong></span> 
     </span>
    </p>
   </div>
   <div class='ocr_carea' id='block_1_12' title="bbox 372 1331 2027 1414">
    <p class='ocr_par' dir='ltr' id='par_1_12' title="bbox 372 1331 2027 1414">
     <span class='ocr_line' id='line_1_12' title="bbox 372 1331 2027 1414; baseline -0.003 -20"><span class='ocrx_word' id='word_1_73' title='bbox 372 1351 490 1394; x_wconf 66' lang='lat' dir='ltr'><strong>reae</strong></span> <span class='ocrx_word' id='word_1_74' title='bbox 516 1332 625 1412; x_wconf 79' lang='grc' dir='ltr'><strong>(ὁ),</strong></span> <span class='ocrx_word' id='word_1_75' title='bbox 662 1332 725 1393; x_wconf 90' lang='lat' dir='ltr'><strong>in</strong></span> <span class='ocrx_word' id='word_1_76' title='bbox 765 1333 1013 1411; x_wconf 85' lang='lat' dir='ltr'><strong>patriam</strong></span> <span class='ocrx_word' id='word_1_77' title='bbox 1051 1334 1324 1409; x_wconf 88' lang='lat' dir='ltr'><strong>rediret;</strong></span> <span class='ocrx_word' id='word_1_78' title='bbox 1358 1333 1461 1395; x_wconf 90' lang='lat' dir='ltr'><strong>sed</strong></span> <span class='ocrx_word' id='word_1_79' title='bbox 1499 1340 1788 1414; x_wconf 73' lang='lat' dir='ltr'><strong>praeterea</strong></span> <span class='ocrx_word' id='word_1_80' title='bbox 1833 1331 2027 1391; x_wconf 91' lang='lat' dir='ltr'><strong>minus</strong></span> 
     </span>
    </p>
   </div>
   <div class='ocr_carea' id='block_1_13' title="bbox 373 1420 2027 1503">
    <p class='ocr_par' dir='ltr' id='par_1_13' title="bbox 373 1420 2027 1503">
     <span class='ocr_line' id='line_1_13' title="bbox 373 1420 2027 1503; baseline -0.003 -19"><span class='ocrx_word' id='word_1_81' title='bbox 373 1431 712 1502; x_wconf 91' lang='lat' dir='ltr'><strong>suspectum</strong></span> <span class='ocrx_word' id='word_1_82' title='bbox 748 1440 883 1483; x_wconf 90' lang='lat' dir='ltr'><strong>esse</strong></span> <span class='ocrx_word' id='word_1_83' title='bbox 914 1423 1143 1485; x_wconf 92' lang='lat' dir='ltr'><strong>ducens</strong></span> <span class='ocrx_word' id='word_1_84' title='bbox 1169 1442 1274 1503; x_wconf 86' lang='lat' dir='ltr'><strong>per</strong></span> <span class='ocrx_word' id='word_1_85' title='bbox 1299 1424 1537 1502; x_wconf 86' lang='lat' dir='ltr'><strong>ignotos</strong></span> <span class='ocrx_word' id='word_1_86' title='bbox 1566 1420 1852 1483; x_wconf 89' lang='lat' dir='ltr'><strong>Terentio</strong></span> <span class='ocrx_word' id='word_1_87' title='bbox 1883 1420 2027 1480; x_wconf 90' lang='lat' dir='ltr'><strong>scri-</strong></span> 
     </span>
    </p>
   </div>
   <div class='ocr_carea' id='block_1_14' title="bbox 375 1509 2018 1591">
    <p class='ocr_par' dir='ltr' id='par_1_14' title="bbox 375 1509 2018 1591">
     <span class='ocr_line' id='line_1_14' title="bbox 375 1509 2018 1591; baseline -0.004 -18"><span class='ocrx_word' id='word_1_88' title='bbox 375 1512 542 1591; x_wconf 86' lang='lat' dir='ltr'><strong>bere,</strong></span> <span class='ocrx_word' id='word_1_89' title='bbox 577 1511 893 1591; x_wconf 80' lang='lat' dir='ltr'><strong>epistolam</strong></span> <span class='ocrx_word' id='word_1_90' title='bbox 930 1512 1097 1573; x_wconf 84' lang='lat' dir='ltr'><strong>dedit</strong></span> <span class='ocrx_word' id='word_1_91' title='bbox 1129 1514 1473 1575; x_wconf 79' lang='lat' dir='ltr'><strong>numerario</strong></span> <span class='ocrx_word' id='word_1_92' title='bbox 1507 1510 1691 1572; x_wconf 79' lang='lat' dir='ltr'><strong>officii</strong></span> <span class='ocrx_word' id='word_1_93' title='bbox 1725 1509 2018 1590; x_wconf 75' lang='lat' dir='ltr'><strong>praesidis,</strong></span> 
     </span>
    </p>
   </div>
   <div class='ocr_carea' id='block_1_15' title="bbox 379 1600 2026 1681">
    <p class='ocr_par' dir='ltr' id='par_1_15' title="bbox 379 1600 2026 1681">
     <span class='ocr_line' id='line_1_15' title="bbox 379 1600 2026 1681; baseline -0.004 -18"><span class='ocrx_word' id='word_1_94' title='bbox 379 1601 472 1663; x_wconf 89' lang='lat' dir='ltr'><strong>cui</strong></span> <span class='ocrx_word' id='word_1_95' title='bbox 505 1603 785 1681; x_wconf 68' lang='lat' dir='ltr'><strong>praecepit</strong></span> <span class='ocrx_word' id='word_1_96' title='bbox 807 1610 872 1661; x_wconf 92' lang='lat' dir='ltr'><strong>ut</strong></span> <span class='ocrx_word' id='word_1_97' title='bbox 902 1619 1030 1661; x_wconf 88' lang='lat' dir='ltr'><strong>eam</strong></span> <span class='ocrx_word' id='word_1_98' title='bbox 1058 1600 1358 1664; x_wconf 88' lang='lat' dir='ltr'><strong>Dorotheo</strong></span> <span class='ocrx_word' id='word_1_99' title='bbox 1394 1600 1739 1681; x_wconf 81' lang='lat' dir='ltr'><strong>presbytero</strong></span> <span class='ocrx_word' id='word_1_100' title='bbox 1774 1600 2026 1677; x_wconf 86' lang='lat' dir='ltr'><strong>ejusque</strong></span> 
     </span>
    </p>
   </div>
   <div class='ocr_carea' id='block_1_16' title="bbox 373 1690 1183 1771">
    <p class='ocr_par' dir='ltr' id='par_1_16' title="bbox 373 1690 1183 1771">
     <span class='ocr_line' id='line_1_16' title="bbox 373 1690 1183 1771; baseline 0.001 -20"><span class='ocrx_word' id='word_1_101' title='bbox 373 1690 580 1751; x_wconf 87' lang='lat' dir='ltr'><strong>amicis</strong></span> <span class='ocrx_word' id='word_1_102' title='bbox 610 1691 781 1771; x_wconf 88' lang='lat' dir='ltr'><strong>prius</strong></span> <span class='ocrx_word' id='word_1_103' title='bbox 813 1691 1183 1752; x_wconf 87' lang='lat' dir='ltr'><strong>ostenderet.</strong></span> 
     </span>
    </p>
   </div>
   <div class='ocr_carea' id='block_1_17' title="bbox 460 1776 2026 1860">
    <p class='ocr_par' dir='ltr' id='par_1_17' title="bbox 460 1776 2026 1860">
     <span class='ocr_line' id='line_1_17' title="bbox 460 1776 2026 1860; baseline -0.005 -19"><span class='ocrx_word' id='word_1_104' title='bbox 460 1778 691 1841; x_wconf 89' lang='lat' dir='ltr'><strong>Veritus</strong></span> <span class='ocrx_word' id='word_1_105' title='bbox 746 1782 945 1860; x_wconf 80' lang='lat' dir='ltr'><strong>itaque</strong></span> <span class='ocrx_word' id='word_1_106' title='bbox 983 1780 1239 1842; x_wconf 87' lang='lat' dir='ltr'><strong>Basilius</strong></span> <span class='ocrx_word' id='word_1_107' title='bbox 1296 1800 1370 1841; x_wconf 89' lang='lat' dir='ltr'><strong>ne</strong></span> <span class='ocrx_word' id='word_1_108' title='bbox 1422 1780 1536 1840; x_wconf 89' lang='lat' dir='ltr'><strong>sibi</strong></span> <span class='ocrx_word' id='word_1_109' title='bbox 1583 1794 1861 1856; x_wconf 80' lang='lat' dir='ltr'><strong>magnum</strong></span> <span class='ocrx_word' id='word_1_110' title='bbox 1916 1776 2026 1835; x_wconf 82' lang='lat' dir='ltr'><strong>hoc</strong></span> 
     </span>
    </p>
   </div>
   <div class='ocr_carea' id='block_1_18' title="bbox 2108 616 3747 692">
    <p class='ocr_par' dir='ltr' id='par_1_18' title="bbox 2108 616 3747 692">
     <span class='ocr_line' id='line_1_18' title="bbox 2108 616 3747 692; baseline 0.01 -17"><span class='ocrx_word' id='word_1_111' title='bbox 2108 616 2450 692; x_wconf 84' lang='lat' dir='ltr'><strong>gnificasset</strong></span> <span class='ocrx_word' id='word_1_112' title='bbox 2492 621 2828 682; x_wconf 91' lang='lat' dir='ltr'><strong>Dorotheus</strong></span> <span class='ocrx_word' id='word_1_113' title='bbox 2877 621 2990 681; x_wconf 90' lang='lat' dir='ltr'><strong>sibi</strong></span> <span class='ocrx_word' id='word_1_114' title='bbox 3014 622 3074 683; x_wconf 91' lang='lat' dir='ltr'><strong>in</strong></span> <span class='ocrx_word' id='word_1_115' title='bbox 3103 624 3300 685; x_wconf 90' lang='lat' dir='ltr'><strong>animo</strong></span> <span class='ocrx_word' id='word_1_116' title='bbox 3334 644 3463 687; x_wconf 89' lang='lat' dir='ltr'><strong>esse</strong></span> <span class='ocrx_word' id='word_1_117' title='bbox 3496 630 3747 692; x_wconf 79' lang='lat' dir='ltr'><strong>Romam</strong></span> 
     </span>
    </p>
   </div>
   <div class='ocr_carea' id='block_1_19' title="bbox 2110 706 3751 797">
    <p class='ocr_par' dir='ltr' id='par_1_19' title="bbox 2110 706 3751 797">
     <span class='ocr_line' id='line_1_19' title="bbox 2110 706 3751 797; baseline 0.012 -35"><span class='ocrx_word' id='word_1_118' title='bbox 2110 706 2427 797; x_wconf 81' lang='lat' dir='ltr'><strong>proficisci,</strong></span> <span class='ocrx_word' id='word_1_119' title='bbox 2458 709 2687 770; x_wconf 89' lang='lat' dir='ltr'><strong>scilicet</strong></span> <span class='ocrx_word' id='word_1_120' title='bbox 2713 720 2775 770; x_wconf 93' lang='lat' dir='ltr'><strong>ut</strong></span> <span class='ocrx_word' id='word_1_121' title='bbox 2813 728 3047 771; x_wconf 87' lang='lat' dir='ltr'><strong>causam</strong></span> <span class='ocrx_word' id='word_1_122' title='bbox 3082 712 3301 776; x_wconf 86' lang='lat' dir='ltr'><strong>Meletii</strong></span> <span class='ocrx_word' id='word_1_123' title='bbox 3345 725 3650 797; x_wconf 87' lang='lat' dir='ltr'><strong>tueretur;</strong></span> <span class='ocrx_word' id='word_1_124' title='bbox 3682 738 3751 781; x_wconf 88' lang='lat' dir='ltr'><strong>ac</strong></span> 
     </span>
    </p>
   </div>
   <div class='ocr_carea' id='block_1_20' title="bbox 2110 794 3753 883">
    <p class='ocr_par' dir='ltr' id='par_1_20' title="bbox 2110 794 3753 883">
     <span class='ocr_line' id='line_1_20' title="bbox 2110 794 3753 883; baseline 0.012 -31"><span class='ocrx_word' id='word_1_125' title='bbox 2110 794 2389 857; x_wconf 87' lang='lat' dir='ltr'><strong>Basilium</strong></span> <span class='ocrx_word' id='word_1_126' title='bbox 2414 806 2680 876; x_wconf 82' lang='lat' dir='ltr'><strong>rogasset</strong></span> <span class='ocrx_word' id='word_1_127' title='bbox 2700 810 2765 861; x_wconf 92' lang='lat' dir='ltr'><strong>ut</strong></span> <span class='ocrx_word' id='word_1_128' title='bbox 2793 801 3144 879; x_wconf 79' lang='lat' dir='ltr'><strong>Gregorium</strong></span> <span class='ocrx_word' id='word_1_129' title='bbox 3178 804 3507 883; x_wconf 80' lang='lat' dir='ltr'><strong>Nyssenum</strong></span> <span class='ocrx_word' id='word_1_130' title='bbox 3540 809 3610 869; x_wconf 90' lang='lat' dir='ltr'><strong>ad</strong></span> <span class='ocrx_word' id='word_1_131' title='bbox 3638 794 3753 871; x_wconf 88' lang='lat' dir='ltr'><strong>hoc</strong></span> 
     </span>
    </p>
   </div>
   <div class='ocr_carea' id='block_1_21' title="bbox 2109 883 3751 969">
    <p class='ocr_par' dir='ltr' id='par_1_21' title="bbox 2109 883 3751 969">
     <span class='ocr_line' id='line_1_21' title="bbox 2109 883 3751 969; baseline 0.009 -26"><span class='ocrx_word' id='word_1_132' title='bbox 2109 883 2222 944; x_wconf 82' lang='lat' dir='ltr'><strong>iter</strong></span> <span class='ocrx_word' id='word_1_133' title='bbox 2243 886 2687 966; x_wconf 89' lang='lat' dir='ltr'><strong>suscipiendum</strong></span> <span class='ocrx_word' id='word_1_134' title='bbox 2714 888 3071 969; x_wconf 87' lang='lat' dir='ltr'><strong>impelleret,</strong></span> <span class='ocrx_word' id='word_1_135' title='bbox 3097 900 3267 969; x_wconf 82' lang='lat' dir='ltr'><strong>negat</strong></span> <span class='ocrx_word' id='word_1_136' title='bbox 3282 894 3533 956; x_wconf 88' lang='lat' dir='ltr'><strong>Basilius</strong></span> <span class='ocrx_word' id='word_1_137' title='bbox 3557 899 3751 959; x_wconf 85' lang='lat' dir='ltr'><strong>Doro-</strong></span> 
     </span>
    </p>
   </div>
   <div class='ocr_carea' id='block_1_22' title="bbox 2109 974 3756 1065">
    <p class='ocr_par' dir='ltr' id='par_1_22' title="bbox 2109 974 3756 1065">
     <span class='ocr_line' id='line_1_22' title="bbox 2109 974 3756 1065; baseline 0.009 -33"><span class='ocrx_word' id='word_1_138' title='bbox 2109 974 2309 1036; x_wconf 92' lang='lat' dir='ltr'><strong>theum</strong></span> <span class='ocrx_word' id='word_1_139' title='bbox 2346 976 2543 1036; x_wconf 87' lang='lat' dir='ltr'><strong>hieme</strong></span> <span class='ocrx_word' id='word_1_140' title='bbox 2576 975 2821 1039; x_wconf 81' lang='lat' dir='ltr'><strong>Romam</strong></span> <span class='ocrx_word' id='word_1_141' title='bbox 2860 979 3156 1058; x_wconf 89' lang='lat' dir='ltr'><strong>proficisci</strong></span> <span class='ocrx_word' id='word_1_142' title='bbox 3189 999 3405 1058; x_wconf 89' lang='lat' dir='ltr'><strong>posse;</strong></span> <span class='ocrx_word' id='word_1_143' title='bbox 3442 995 3756 1065; x_wconf 86' lang='lat' dir='ltr'><strong>propterea</strong></span> 
     </span>
    </p>
   </div>
   <div class='ocr_carea' id='block_1_23' title="bbox 2107 1064 3754 1153">
    <p class='ocr_par' dir='ltr' id='par_1_23' title="bbox 2107 1064 3754 1153">
     <span class='ocr_line' id='line_1_23' title="bbox 2107 1064 3754 1153; baseline 0.009 -31"><span class='ocrx_word' id='word_1_144' title='bbox 2107 1065 2264 1142; x_wconf 85' lang='lat' dir='ltr'><strong>quod</strong></span> <span class='ocrx_word' id='word_1_145' title='bbox 2292 1064 2849 1147; x_wconf 71' lang='lat' dir='ltr'><strong>ationstantinopoli</strong></span> <span class='ocrx_word' id='word_1_146' title='bbox 2876 1086 3065 1147; x_wconf 87' lang='lat' dir='ltr'><strong>usque</strong></span> <span class='ocrx_word' id='word_1_147' title='bbox 3088 1069 3157 1130; x_wconf 91' lang='lat' dir='ltr'><strong>ad</strong></span> <span class='ocrx_word' id='word_1_148' title='bbox 3184 1070 3332 1131; x_wconf 85' lang='lat' dir='ltr'><strong>ﬁnes</strong></span> <span class='ocrx_word' id='word_1_149' title='bbox 3363 1064 3754 1153; x_wconf 65' lang='lat' dir='ltr'><strong>Cappadociae</strong></span> 
     </span>
    </p>
   </div>
   <div class='ocr_carea' id='block_1_24' title="bbox 2108 1153 3751 1225">
    <p class='ocr_par' dir='ltr' id='par_1_24' title="bbox 2108 1153 3751 1225">
     <span class='ocr_line' id='line_1_24' title="bbox 2108 1153 3751 1225; baseline 0.007 -14"><span class='ocrx_word' id='word_1_150' title='bbox 2108 1154 2305 1212; x_wconf 87' lang='lat' dir='ltr'><strong>omnia</strong></span> <span class='ocrx_word' id='word_1_151' title='bbox 2332 1153 2600 1215; x_wconf 86' lang='lat' dir='ltr'><strong>hostibus</strong></span> <span class='ocrx_word' id='word_1_152' title='bbox 2628 1156 2846 1217; x_wconf 87' lang='lat' dir='ltr'><strong>referta</strong></span> <span class='ocrx_word' id='word_1_153' title='bbox 2874 1174 2887 1218; x_wconf 90' lang='lat'>:</span> <span class='ocrx_word' id='word_1_154' title='bbox 2923 1158 2973 1217; x_wconf 91' lang='lat' dir='ltr'><strong>si</strong></span> <span class='ocrx_word' id='word_1_155' title='bbox 3007 1164 3207 1218; x_wconf 89' lang='lat' dir='ltr'><strong>tamen</strong></span> <span class='ocrx_word' id='word_1_156' title='bbox 3239 1160 3573 1223; x_wconf 88' lang='lat' dir='ltr'><strong>Dorotbeus</strong></span> <span class='ocrx_word' id='word_1_157' title='bbox 3607 1165 3751 1225; x_wconf 89' lang='lat' dir='ltr'><strong>mari</strong></span> 
     </span>
    </p>
   </div>
   <div class='ocr_carea' id='block_1_25' title="bbox 2113 1244 3754 1326">
    <p class='ocr_par' dir='ltr' id='par_1_25' title="bbox 2113 1244 3754 1326">
     <span class='ocr_line' id='line_1_25' title="bbox 2113 1244 3754 1326; baseline 0.009 -26"><span class='ocrx_word' id='word_1_158' title='bbox 2113 1251 2327 1321; x_wconf 83' lang='lat' dir='ltr'><strong>utatur,</strong></span> <span class='ocrx_word' id='word_1_159' title='bbox 2355 1253 2588 1322; x_wconf 85' lang='lat' dir='ltr'><strong>tempus</strong></span> <span class='ocrx_word' id='word_1_160' title='bbox 2617 1244 2923 1306; x_wconf 90' lang='lat' dir='ltr'><strong>futurum:</strong></span> <span class='ocrx_word' id='word_1_161' title='bbox 2963 1247 3137 1307; x_wconf 91' lang='lat' dir='ltr'><strong>modo</strong></span> <span class='ocrx_word' id='word_1_162' title='bbox 3166 1248 3277 1308; x_wconf 92' lang='lat' dir='ltr'><strong>hoc</strong></span> <span class='ocrx_word' id='word_1_163' title='bbox 3319 1247 3495 1326; x_wconf 82' lang='lat' dir='ltr'><strong>legati</strong></span> <span class='ocrx_word' id='word_1_164' title='bbox 3538 1270 3754 1314; x_wconf 90' lang='lat' dir='ltr'><strong>munus</strong></span> 
     </span>
    </p>
   </div>
   <div class='ocr_carea' id='block_1_26' title="bbox 2111 1334 3753 1413">
    <p class='ocr_par' dir='ltr' id='par_1_26' title="bbox 2111 1334 3753 1413">
     <span class='ocr_line' id='line_1_26' title="bbox 2111 1334 3753 1413; baseline 0.007 -23"><span class='ocrx_word' id='word_1_165' title='bbox 2111 1349 2228 1390; x_wconf 89' lang='lat' dir='ltr'><strong>non</strong></span> <span class='ocrx_word' id='word_1_166' title='bbox 2249 1341 2486 1392; x_wconf 90' lang='lat' dir='ltr'><strong>recuset</strong></span> <span class='ocrx_word' id='word_1_167' title='bbox 2506 1334 2832 1412; x_wconf 79' lang='lat' dir='ltr'><strong>Gregorius</strong></span> <span class='ocrx_word' id='word_1_168' title='bbox 2856 1336 3181 1413; x_wconf 82' lang='lat' dir='ltr'><strong>Nyssenus.</strong></span> <span class='ocrx_word' id='word_1_169' title='bbox 3215 1336 3331 1397; x_wconf 88' lang='lat' dir='ltr'><strong>Sed</strong></span> <span class='ocrx_word' id='word_1_170' title='bbox 3362 1339 3605 1399; x_wconf 86' lang='lat' dir='ltr'><strong>Basilius</strong></span> <span class='ocrx_word' id='word_1_171' title='bbox 3636 1360 3753 1402; x_wconf 92' lang='lat' dir='ltr'><strong>non</strong></span> 
     </span>
    </p>
   </div>
   <div class='ocr_carea' id='block_1_27' title="bbox 2111 1421 3755 1510">
    <p class='ocr_par' dir='ltr' id='par_1_27' title="bbox 2111 1421 3755 1510">
     <span class='ocr_line' id='line_1_27' title="bbox 2111 1421 3755 1510; baseline 0.008 -32"><span class='ocrx_word' id='word_1_172' title='bbox 2111 1421 2344 1482; x_wconf 86' lang='lat' dir='ltr'><strong>videbat</strong></span> <span class='ocrx_word' id='word_1_173' title='bbox 2368 1422 2610 1501; x_wconf 88' lang='lat' dir='ltr'><strong>quinam</strong></span> <span class='ocrx_word' id='word_1_174' title='bbox 2636 1441 2768 1483; x_wconf 92' lang='lat' dir='ltr'><strong>cum</strong></span> <span class='ocrx_word' id='word_1_175' title='bbox 2799 1442 2870 1484; x_wconf 91' lang='lat' dir='ltr'><strong>eo</strong></span> <span class='ocrx_word' id='word_1_176' title='bbox 2896 1425 3605 1506; x_wconf 85' lang='lat' dir='ltr'><strong>proficiscerentur;quod</strong></span> <span class='ocrx_word' id='word_1_177' title='bbox 3625 1432 3755 1510; x_wconf 85' lang='lat' dir='ltr'><strong>qui-</strong></span> 
     </span>
    </p>
   </div>
   <div class='ocr_carea' id='block_1_28' title="bbox 2111 1511 3754 1599">
    <p class='ocr_par' dir='ltr' id='par_1_28' title="bbox 2111 1511 3754 1599">
     <span class='ocr_line' id='line_1_28' title="bbox 2111 1511 3754 1599; baseline 0.007 -30"><span class='ocrx_word' id='word_1_178' title='bbox 2111 1515 2247 1571; x_wconf 89' lang='lat' dir='ltr'><strong>dem</strong></span> <span class='ocrx_word' id='word_1_179' title='bbox 2282 1512 2355 1599; x_wconf 85' lang='lat' dir='ltr'><strong>de</strong></span> <span class='ocrx_word' id='word_1_180' title='bbox 2382 1511 2677 1591; x_wconf 89' lang='lat' dir='ltr'><strong>episcopis</strong></span> <span class='ocrx_word' id='word_1_181' title='bbox 2729 1514 3180 1591; x_wconf 80' lang='lat' dir='ltr'><strong>intelligendum</strong></span> <span class='ocrx_word' id='word_1_182' title='bbox 3206 1533 3229 1591; x_wconf 89' lang='lat'><em>;</em></span> <span class='ocrx_word' id='word_1_183' title='bbox 3255 1534 3389 1576; x_wconf 90' lang='lat' dir='ltr'><strong>nam</strong></span> <span class='ocrx_word' id='word_1_184' title='bbox 3424 1516 3754 1599; x_wconf 79' lang='lat' dir='ltr'><strong>presbyteri</strong></span> 
     </span>
    </p>
   </div>
   <div class='ocr_carea' id='block_1_29' title="bbox 2110 1598 3755 1670">
    <p class='ocr_par' dir='ltr' id='par_1_29' title="bbox 2110 1598 3755 1670">
     <span class='ocr_line' id='line_1_29' title="bbox 2110 1598 3755 1670; baseline 0.007 -11"><span class='ocrx_word' id='word_1_185' title='bbox 2110 1619 2226 1660; x_wconf 89' lang='lat' dir='ltr'><strong>non</strong></span> <span class='ocrx_word' id='word_1_186' title='bbox 2260 1598 2499 1661; x_wconf 70' lang='lat' dir='ltr'><strong>difficile</strong></span> <span class='ocrx_word' id='word_1_187' title='bbox 2527 1602 2746 1663; x_wconf 89' lang='lat' dir='ltr'><strong>inventi</strong></span> <span class='ocrx_word' id='word_1_188' title='bbox 2783 1602 3067 1666; x_wconf 74' lang='lat' dir='ltr'><strong>fuissent:</strong></span> <span class='ocrx_word' id='word_1_189' title='bbox 3094 1606 3198 1665; x_wconf 88' lang='lat' dir='ltr'><strong>sed</strong></span> <span class='ocrx_word' id='word_1_190' title='bbox 3221 1605 3375 1665; x_wconf 93' lang='lat' dir='ltr'><strong>viros</strong></span> <span class='ocrx_word' id='word_1_191' title='bbox 3406 1598 3755 1670; x_wconf 84' lang='lat' dir='ltr'><strong>auctoritate</strong></span> 
     </span>
    </p>
   </div>
   <div class='ocr_carea' id='block_1_30' title="bbox 2111 1689 3756 1769">
    <p class='ocr_par' dir='ltr' id='par_1_30' title="bbox 2111 1689 3756 1769">
     <span class='ocr_line' id='line_1_30' title="bbox 2111 1689 3756 1769; baseline 0.007 -22"><span class='ocrx_word' id='word_1_192' title='bbox 2111 1689 2390 1768; x_wconf 63' lang='lat' dir='ltr'><strong>praeditos</strong></span> <span class='ocrx_word' id='word_1_193' title='bbox 2422 1690 2702 1769; x_wconf 77' lang='lat' dir='ltr'><strong>Evagrius</strong></span> <span class='ocrx_word' id='word_1_194' title='bbox 2736 1693 2924 1753; x_wconf 79' lang='lat' dir='ltr'><strong>Roma</strong></span> <span class='ocrx_word' id='word_1_195' title='bbox 2962 1693 3205 1753; x_wconf 85' lang='lat' dir='ltr'><strong>rediens</strong></span> <span class='ocrx_word' id='word_1_196' title='bbox 3248 1694 3571 1755; x_wconf 84' lang='lat' dir='ltr'><strong>mittendos</strong></span> <span class='ocrx_word' id='word_1_197' title='bbox 3622 1715 3756 1760; x_wconf 88' lang='lat' dir='ltr'><strong>esse</strong></span> 
     </span>
    </p>
   </div>
   <div class='ocr_carea' id='block_1_31' title="bbox 2110 1778 3753 1847">
    <p class='ocr_par' dir='ltr' id='par_1_31' title="bbox 2110 1778 3753 1847">
     <span class='ocr_line' id='line_1_31' title="bbox 2110 1778 3753 1847; baseline 0.006 -10"><span class='ocrx_word' id='word_1_198' title='bbox 2110 1778 2501 1841; x_wconf 89' lang='lat' dir='ltr'><strong>nuntiaverat.</strong></span> <span class='ocrx_word' id='word_1_199' title='bbox 2558 1782 2850 1842; x_wconf 68' lang='lat' dir='ltr'><strong>Praeterea</strong></span> <span class='ocrx_word' id='word_1_200' title='bbox 2907 1781 3151 1843; x_wconf 86' lang='lat' dir='ltr'><strong>fratrem</strong></span> <span class='ocrx_word' id='word_1_201' title='bbox 3211 1801 3381 1843; x_wconf 90' lang='lat' dir='ltr'><strong>suum</strong></span> <span class='ocrx_word' id='word_1_202' title='bbox 3434 1783 3653 1845; x_wconf 84' lang='lat' dir='ltr'><strong>fatetur</strong></span> <span class='ocrx_word' id='word_1_203' title='bbox 3679 1787 3753 1847; x_wconf 89' lang='lat' dir='ltr'><strong>ad</strong></span> 
     </span>
    </p>
   </div>
   <div class='ocr_carea' id='block_1_32' title="bbox 369 1867 3739 1952">
    <p class='ocr_par' dir='ltr' id='par_1_32' title="bbox 369 1867 3739 1952">
     <span class='ocr_line' id='line_1_32' title="bbox 369 1867 3739 1952; baseline 0.001 -20"><span class='ocrx_word' id='word_1_204' title='bbox 369 1872 431 1932; x_wconf 92' lang='lat' dir='ltr'><strong>S.</strong></span> <span class='ocrx_word' id='word_1_205' title='bbox 458 1868 677 1931; x_wconf 81' lang='lat' dir='ltr'><strong>Meletii</strong></span> <span class='ocrx_word' id='word_1_206' title='bbox 699 1888 893 1931; x_wconf 70' lang='lat' dir='ltr'><strong>causae</strong></span> <span class='ocrx_word' id='word_1_207' title='bbox 915 1870 1261 1950; x_wconf 64' lang='lat' dir='ltr'><strong>praesidium</strong></span> <span class='ocrx_word' id='word_1_208' title='bbox 1291 1868 2024 1947; x_wconf 86' lang='lat' dir='ltr'><strong>eriperetur,demonstrat</strong></span> <span class='ocrx_word' id='word_1_209' title='bbox 2049 1887 2084 1936; x_wconf 76' lang='grc' dir='ltr'><strong>Β</strong></span> <span class='ocrx_word' id='word_1_210' title='bbox 2110 1867 2403 1947; x_wconf 77' lang='lat' dir='ltr'><strong>ejusmodi</strong></span> <span class='ocrx_word' id='word_1_211' title='bbox 2428 1868 2662 1946; x_wconf 84' lang='lat' dir='ltr'><strong>negotia</strong></span> <span class='ocrx_word' id='word_1_212' title='bbox 2694 1870 2887 1931; x_wconf 89' lang='lat' dir='ltr'><strong>minus</strong></span> <span class='ocrx_word' id='word_1_213' title='bbox 2910 1869 3194 1932; x_wconf 90' lang='lat' dir='ltr'><strong>idoneum</strong></span> <span class='ocrx_word' id='word_1_214' title='bbox 3219 1889 3349 1932; x_wconf 90' lang='lat' dir='ltr'><strong>esse</strong></span> <span class='ocrx_word' id='word_1_215' title='bbox 3375 1893 3387 1933; x_wconf 90' lang='lat'>:</span> <span class='ocrx_word' id='word_1_216' title='bbox 3419 1872 3551 1952; x_wconf 86' lang='lat' dir='ltr'><strong>ejus</strong></span> <span class='ocrx_word' id='word_1_217' title='bbox 3580 1875 3739 1935; x_wconf 90' lang='lat' dir='ltr'><strong>enim</strong></span> 
     </span>
    </p>
   </div>
   <div class='ocr_carea' id='block_1_33' title="bbox 368 1953 2019 2035">
    <p class='ocr_par' dir='ltr' id='par_1_33' title="bbox 368 1953 2019 2035">
     <span class='ocr_line' id='line_1_33' title="bbox 368 1953 2019 2035; baseline -0.004 -15"><span class='ocrx_word' id='word_1_218' title='bbox 368 1959 653 2020; x_wconf 88' lang='lat' dir='ltr'><strong>Terentio</strong></span> <span class='ocrx_word' id='word_1_219' title='bbox 676 1960 820 2035; x_wconf 89' lang='lat' dir='ltr'><strong>quid</strong></span> <span class='ocrx_word' id='word_1_220' title='bbox 846 1959 920 2020; x_wconf 91' lang='lat' dir='ltr'><strong>de</strong></span> <span class='ocrx_word' id='word_1_221' title='bbox 944 1959 1162 2020; x_wconf 89' lang='lat' dir='ltr'><strong>litteris</strong></span> <span class='ocrx_word' id='word_1_222' title='bbox 1196 1959 1382 2020; x_wconf 83' lang='lat' dir='ltr'><strong>Roma</strong></span> <span class='ocrx_word' id='word_1_223' title='bbox 1412 1958 1605 2020; x_wconf 85' lang='lat' dir='ltr'><strong>allatis</strong></span> <span class='ocrx_word' id='word_1_224' title='bbox 1638 1953 2019 2018; x_wconf 88' lang='lat' dir='ltr'><strong>sentiendum</strong></span> 
     </span>
    </p>
   </div>
   <div class='ocr_carea' id='block_1_34' title="bbox 368 2044 2018 2129">
    <p class='ocr_par' dir='ltr' id='par_1_34' title="bbox 368 2044 2018 2129">
     <span class='ocr_line' id='line_1_34' title="bbox 368 2044 2018 2129; baseline -0.005 -18"><span class='ocrx_word' id='word_1_225' title='bbox 368 2050 467 2125; x_wconf 87' lang='lat' dir='ltr'><strong>sit,</strong></span> <span class='ocrx_word' id='word_1_226' title='bbox 499 2048 642 2129; x_wconf 93' lang='lat' dir='ltr'><strong>quid</strong></span> <span class='ocrx_word' id='word_1_227' title='bbox 679 2049 755 2110; x_wconf 91' lang='lat' dir='ltr'><strong>de</strong></span> <span class='ocrx_word' id='word_1_228' title='bbox 804 2049 939 2110; x_wconf 90' lang='lat' dir='ltr'><strong>aliis</strong></span> <span class='ocrx_word' id='word_1_229' title='bbox 985 2049 1202 2111; x_wconf 85' lang='lat' dir='ltr'><strong>litteris</strong></span> <span class='ocrx_word' id='word_1_230' title='bbox 1253 2049 1553 2110; x_wconf 82' lang='lat' dir='ltr'><strong>Athanasii</strong></span> <span class='ocrx_word' id='word_1_231' title='bbox 1584 2046 1656 2107; x_wconf 92' lang='lat' dir='ltr'><strong>ad</strong></span> <span class='ocrx_word' id='word_1_232' title='bbox 1684 2044 2018 2116; x_wconf 90' lang='lat' dir='ltr'><strong>Paulinum,</strong></span> 
     </span>
    </p>
   </div>
   <div class='ocr_carea' id='block_1_35' title="bbox 368 2132 2019 2220">
    <p class='ocr_par' dir='ltr' id='par_1_35' title="bbox 368 2132 2019 2220">
     <span class='ocr_line' id='line_1_35' title="bbox 368 2132 2019 2220; baseline -0.007 -19"><span class='ocrx_word' id='word_1_233' title='bbox 368 2157 516 2220; x_wconf 89' lang='lat' dir='ltr'><strong>quas</strong></span> <span class='ocrx_word' id='word_1_234' title='bbox 537 2137 702 2199; x_wconf 85' lang='lat' dir='ltr'><strong>illius</strong></span> <span class='ocrx_word' id='word_1_235' title='bbox 724 2148 1047 2200; x_wconf 82' lang='lat' dir='ltr'><strong>sectatores</strong></span> <span class='ocrx_word' id='word_1_236' title='bbox 1059 2137 1684 2218; x_wconf 81' lang='lat' dir='ltr'><strong>jactabant.Quamvis</strong></span> <span class='ocrx_word' id='word_1_237' title='bbox 1709 2132 2019 2197; x_wconf 81' lang='lat' dir='ltr'><strong>Paulinum</strong></span> 
     </span>
    </p>
   </div>
   <div class='ocr_carea' id='block_1_36' title="bbox 370 2226 2024 2309">
    <p class='ocr_par' dir='ltr' id='par_1_36' title="bbox 370 2226 2024 2309">
     <span class='ocr_line' id='line_1_36' title="bbox 370 2226 2024 2309; baseline -0.005 -19"><span class='ocrx_word' id='word_1_238' title='bbox 370 2226 1293 2309; x_wconf 80' lang='lat' dir='ltr'><strong>perhonorificeappellet,negat</strong></span> <span class='ocrx_word' id='word_1_239' title='bbox 1314 2237 1513 2287; x_wconf 85' lang='lat' dir='ltr'><strong>tamen</strong></span> <span class='ocrx_word' id='word_1_240' title='bbox 1527 2245 1590 2287; x_wconf 90' lang='lat' dir='ltr'><strong>se</strong></span> <span class='ocrx_word' id='word_1_241' title='bbox 1611 2243 1743 2285; x_wconf 86' lang='lat' dir='ltr'><strong>cum</strong></span> <span class='ocrx_word' id='word_1_242' title='bbox 1770 2242 1839 2284; x_wconf 83' lang='grc' dir='ltr'><strong>ρο</strong></span> <span class='ocrx_word' id='word_1_243' title='bbox 1862 2241 2024 2283; x_wconf 80' lang='lat' dir='ltr'><strong>com—</strong></span> 
     </span>
    </p>
   </div>
   <div class='ocr_carea' id='block_1_37' title="bbox 374 2312 2023 2392">
    <p class='ocr_par' dir='ltr' id='par_1_37' title="bbox 374 2312 2023 2392">
     <span class='ocr_line' id='line_1_37' title="bbox 374 2312 2023 2392; baseline -0.004 -14"><span class='ocrx_word' id='word_1_244' title='bbox 374 2317 845 2389; x_wconf 87' lang='lat' dir='ltr'><strong>municaturum,</strong></span> <span class='ocrx_word' id='word_1_245' title='bbox 878 2316 1113 2379; x_wconf 91' lang='lat' dir='ltr'><strong>etiamsi</strong></span> <span class='ocrx_word' id='word_1_246' title='bbox 1136 2316 1365 2377; x_wconf 85' lang='lat' dir='ltr'><strong>litteras</strong></span> <span class='ocrx_word' id='word_1_247' title='bbox 1397 2316 1547 2377; x_wconf 80' lang='lat' dir='ltr'><strong>ccelo</strong></span> <span class='ocrx_word' id='word_1_248' title='bbox 1582 2315 1790 2375; x_wconf 88' lang='lat' dir='ltr'><strong>allatas</strong></span> <span class='ocrx_word' id='word_1_249' title='bbox 1822 2312 2023 2392; x_wconf 84' lang='lat' dir='ltr'><strong>profe-</strong></span> 
     </span>
    </p>
   </div>
   <div class='ocr_carea' id='block_1_38' title="bbox 370 2400 2025 2486">
    <p class='ocr_par' dir='ltr' id='par_1_38' title="bbox 370 2400 2025 2486">
     <span class='ocr_line' id='line_1_38' title="bbox 370 2400 2025 2486; baseline -0.005 -19"><span class='ocrx_word' id='word_1_250' title='bbox 370 2417 485 2470; x_wconf 88' lang='lat' dir='ltr'><strong>rat.</strong></span> <span class='ocrx_word' id='word_1_251' title='bbox 506 2405 712 2486; x_wconf 85' lang='lat' dir='ltr'><strong>Neque</strong></span> <span class='ocrx_word' id='word_1_252' title='bbox 734 2406 895 2466; x_wconf 90' lang='lat' dir='ltr'><strong>enim</strong></span> <span class='ocrx_word' id='word_1_253' title='bbox 921 2406 1314 2485; x_wconf 70' lang='lat' dir='ltr'><strong>quaestionem</strong></span> <span class='ocrx_word' id='word_1_254' title='bbox 1339 2406 1413 2466; x_wconf 89' lang='lat' dir='ltr'><strong>de</strong></span> <span class='ocrx_word' id='word_1_255' title='bbox 1434 2402 1844 2483; x_wconf 80' lang='lat' dir='ltr'><strong>hypostasibus</strong></span> <span class='ocrx_word' id='word_1_256' title='bbox 1876 2400 2025 2460; x_wconf 91' lang='lat' dir='ltr'><strong>levis</strong></span> 
     </span>
    </p>
   </div>
   <div class='ocr_carea' id='block_1_39' title="bbox 375 2488 2025 2575">
    <p class='ocr_par' dir='ltr' id='par_1_39' title="bbox 375 2488 2025 2575">
     <span class='ocr_line' id='line_1_39' title="bbox 375 2488 2025 2575; baseline -0.007 -17"><span class='ocrx_word' id='word_1_257' title='bbox 375 2495 664 2558; x_wconf 89' lang='lat' dir='ltr'><strong>momenti</strong></span> <span class='ocrx_word' id='word_1_258' title='bbox 695 2495 884 2556; x_wconf 91' lang='lat' dir='ltr'><strong>videri</strong></span> <span class='ocrx_word' id='word_1_259' title='bbox 918 2494 1166 2575; x_wconf 86' lang='lat' dir='ltr'><strong>debere,</strong></span> <span class='ocrx_word' id='word_1_260' title='bbox 1193 2495 1298 2556; x_wconf 89' lang='lat' dir='ltr'><strong>sed</strong></span> <span class='ocrx_word' id='word_1_261' title='bbox 1332 2491 1692 2555; x_wconf 90' lang='lat' dir='ltr'><strong>latissimum</strong></span> <span class='ocrx_word' id='word_1_262' title='bbox 1725 2488 2025 2551; x_wconf 68' lang='lat' dir='ltr'><strong>hmt‘eticis</strong></span> 
     </span>
    </p>
   </div>
   <div class='ocr_carea' id='block_1_40' title="bbox 369 2578 2024 2667">
    <p class='ocr_par' dir='ltr' id='par_1_40' title="bbox 369 2578 2024 2667">
     <span class='ocr_line' id='line_1_40' title="bbox 369 2578 2024 2667; baseline -0.007 -20"><span class='ocrx_word' id='word_1_263' title='bbox 369 2605 645 2667; x_wconf 82' lang='lat' dir='ltr'><strong>campum</strong></span> <span class='ocrx_word' id='word_1_264' title='bbox 671 2586 744 2646; x_wconf 90' lang='lat' dir='ltr'><strong>ad</strong></span> <span class='ocrx_word' id='word_1_265' title='bbox 772 2584 1211 2646; x_wconf 88' lang='lat' dir='ltr'><strong>detrahendum</strong></span> <span class='ocrx_word' id='word_1_266' title='bbox 1234 2585 1307 2645; x_wconf 92' lang='lat' dir='ltr'><strong>de</strong></span> <span class='ocrx_word' id='word_1_267' title='bbox 1336 2583 1607 2644; x_wconf 90' lang='lat' dir='ltr'><strong>Ecclesia</strong></span> <span class='ocrx_word' id='word_1_268' title='bbox 1630 2590 1900 2661; x_wconf 89' lang='lat' dir='ltr'><strong>apertum</strong></span> <span class='ocrx_word' id='word_1_269' title='bbox 1923 2578 2024 2659; x_wconf 88' lang='lat' dir='ltr'><strong>iri,</strong></span> 
     </span>
    </p>
   </div>
   <div class='ocr_carea' id='block_1_41' title="bbox 370 2670 2019 2755">
    <p class='ocr_par' dir='ltr' id='par_1_41' title="bbox 370 2670 2019 2755">
     <span class='ocr_line' id='line_1_41' title="bbox 370 2670 2019 2755; baseline -0.005 -19"><span class='ocrx_word' id='word_1_270' title='bbox 370 2677 418 2736; x_wconf 90' lang='lat' dir='ltr'><strong>si</strong></span> <span class='ocrx_word' id='word_1_271' title='bbox 451 2676 554 2755; x_wconf 90' lang='lat' dir='ltr'><strong>qui</strong></span> <span class='ocrx_word' id='word_1_272' title='bbox 579 2694 760 2736; x_wconf 89' lang='lat' dir='ltr'><strong>unam</strong></span> <span class='ocrx_word' id='word_1_273' title='bbox 785 2692 921 2734; x_wconf 85' lang='lat' dir='ltr'><strong>cum</strong></span> <span class='ocrx_word' id='word_1_274' title='bbox 971 2673 1231 2735; x_wconf 87' lang='lat' dir='ltr'><strong>Sabellio</strong></span> <span class='ocrx_word' id='word_1_275' title='bbox 1278 2670 1639 2753; x_wconf 78' lang='lat' dir='ltr'><strong>hypostasim</strong></span> <span class='ocrx_word' id='word_1_276' title='bbox 1683 2670 2019 2750; x_wconf 88' lang='lat' dir='ltr'><strong>profitetur,</strong></span> 
     </span>
    </p>
   </div>
   <div class='ocr_carea' id='block_1_42' title="bbox 371 2761 2021 2844">
    <p class='ocr_par' dir='ltr' id='par_1_42' title="bbox 371 2761 2021 2844">
     <span class='ocr_line' id='line_1_42' title="bbox 371 2761 2021 2844; baseline -0.006 -15"><span class='ocrx_word' id='word_1_277' title='bbox 371 2763 656 2829; x_wconf 58' lang='lat' dir='ltr'><strong>Ecclesia;</strong></span> <span class='ocrx_word' id='word_1_278' title='bbox 675 2764 1066 2826; x_wconf 65' lang='lat' dir='ltr'><strong>Antiochense</strong></span> <span class='ocrx_word' id='word_1_279' title='bbox 1092 2763 1868 2844; x_wconf 88' lang='lat' dir='ltr'><strong>principatum,contempto</strong></span> <span class='ocrx_word' id='word_1_280' title='bbox 1892 2761 2021 2820; x_wconf 83' lang='lat' dir='ltr'><strong>Me-</strong></span> 
     </span>
    </p>
   </div>
   <div class='ocr_carea' id='block_1_43' title="bbox 372 2848 2025 2934">
    <p class='ocr_par' dir='ltr' id='par_1_43' title="bbox 372 2848 2025 2934">
     <span class='ocr_line' id='line_1_43' title="bbox 372 2848 2025 2934; baseline -0.006 -18"><span class='ocrx_word' id='word_1_281' title='bbox 372 2855 539 2934; x_wconf 93' lang='lat' dir='ltr'><strong>letio,</strong></span> <span class='ocrx_word' id='word_1_282' title='bbox 565 2852 1027 2917; x_wconf 86' lang='lat' dir='ltr'><strong>obtineat.Hanc</strong></span> <span class='ocrx_word' id='word_1_283' title='bbox 1049 2854 1111 2914; x_wconf 90' lang='lat' dir='ltr'><strong>in</strong></span> <span class='ocrx_word' id='word_1_284' title='bbox 1133 2857 1494 2915; x_wconf 87' lang='lat' dir='ltr'><strong>sententiam</strong></span> <span class='ocrx_word' id='word_1_285' title='bbox 1519 2848 1870 2930; x_wconf 84' lang='lat' dir='ltr'><strong>accipienda</strong></span> <span class='ocrx_word' id='word_1_286' title='bbox 1894 2865 2025 2908; x_wconf 89' lang='lat' dir='ltr'><strong>esse</strong></span> 
     </span>
    </p>
   </div>
   <div class='ocr_carea' id='block_1_44' title="bbox 373 2938 2023 3022">
    <p class='ocr_par' dir='ltr' id='par_1_44' title="bbox 373 2938 2023 3022">
     <span class='ocr_line' id='line_1_44' title="bbox 373 2938 2023 3022; baseline -0.007 -14"><span class='ocrx_word' id='word_1_287' title='bbox 373 2944 578 3008; x_wconf 86' lang='lat' dir='ltr'><strong>Basilii</strong></span> <span class='ocrx_word' id='word_1_288' title='bbox 600 2943 781 3004; x_wconf 87' lang='lat' dir='ltr'><strong>verba</strong></span> <span class='ocrx_word' id='word_1_289' title='bbox 805 2942 1185 3022; x_wconf 79' lang='lat' dir='ltr'><strong>probavimus</strong></span> <span class='ocrx_word' id='word_1_290' title='bbox 1205 2942 1266 3003; x_wconf 90' lang='lat' dir='ltr'><strong>in</strong></span> <span class='ocrx_word' id='word_1_291' title='bbox 1294 2939 1661 3002; x_wconf 69' lang='lat' dir='ltr'><strong>Prail‘ationis</strong></span> <span class='ocrx_word' id='word_1_292' title='bbox 1683 2938 1880 3017; x_wconf 88' lang='lat' dir='ltr'><strong>capite</strong></span> <span class='ocrx_word' id='word_1_293' title='bbox 1898 2945 2023 2997; x_wconf 90' lang='lat' dir='ltr'><strong>ter-</strong></span> 
     </span>
    </p>
   </div>
   <div class='ocr_carea' id='block_1_45' title="bbox 377 3026 2023 3110">
    <p class='ocr_par' dir='ltr' id='par_1_45' title="bbox 377 3026 2023 3110">
     <span class='ocr_line' id='line_1_45' title="bbox 377 3026 2023 3110; baseline -0.006 -15"><span class='ocrx_word' id='word_1_294' title='bbox 377 3036 480 3095; x_wconf 90' lang='lat' dir='ltr'><strong>tio.</strong></span> <span class='ocrx_word' id='word_1_295' title='bbox 519 3034 823 3095; x_wconf 84' lang='lat' dir='ltr'><strong>Postremo</strong></span> <span class='ocrx_word' id='word_1_296' title='bbox 855 3030 1209 3093; x_wconf 86' lang='lat' dir='ltr'><strong>Terentium</strong></span> <span class='ocrx_word' id='word_1_297' title='bbox 1242 3040 1409 3110; x_wconf 84' lang='lat' dir='ltr'><strong>rogat</strong></span> <span class='ocrx_word' id='word_1_298' title='bbox 1444 3028 1719 3108; x_wconf 84' lang='lat' dir='ltr'><strong>Basilius,</strong></span> <span class='ocrx_word' id='word_1_299' title='bbox 1759 3036 1822 3087; x_wconf 93' lang='lat' dir='ltr'><strong>ut</strong></span> <span class='ocrx_word' id='word_1_300' title='bbox 1862 3026 2023 3087; x_wconf 90' lang='lat' dir='ltr'><strong>inte-</strong></span> 
     </span>
    </p>
   </div>
   <div class='ocr_carea' id='block_1_46' title="bbox 382 3120 2028 3203">
    <p class='ocr_par' dir='ltr' id='par_1_46' title="bbox 382 3120 2028 3203">
     <span class='ocr_line' id='line_1_46' title="bbox 382 3120 2028 3203; baseline -0.004 -20"><span class='ocrx_word' id='word_1_301' title='bbox 382 3142 549 3201; x_wconf 76' lang='lat' dir='ltr'><strong>grum</strong></span> <span class='ocrx_word' id='word_1_302' title='bbox 572 3141 633 3185; x_wconf 90' lang='lat' dir='ltr'><strong>se</strong></span> <span class='ocrx_word' id='word_1_303' title='bbox 647 3136 1044 3203; x_wconf 79' lang='lat' dir='ltr'><strong>servatusque</strong></span> <span class='ocrx_word' id='word_1_304' title='bbox 1057 3122 1128 3183; x_wconf 90' lang='lat' dir='ltr'><strong>ad</strong></span> <span class='ocrx_word' id='word_1_305' title='bbox 1146 3121 1403 3183; x_wconf 89' lang='lat' dir='ltr'><strong>reditum</strong></span> <span class='ocrx_word' id='word_1_306' title='bbox 1429 3120 2028 3195; x_wconf 87' lang='lat' dir='ltr'><strong>confessorum,quos</strong></span> 
     </span>
    </p>
   </div>
   <div class='ocr_carea' id='block_1_47' title="bbox 2109 1958 3743 2036">
    <p class='ocr_par' dir='ltr' id='par_1_47' title="bbox 2109 1958 3743 2036">
     <span class='ocr_line' id='line_1_47' title="bbox 2109 1958 3743 2036; baseline 0.006 -20"><span class='ocrx_word' id='word_1_307' title='bbox 2109 1974 2492 2033; x_wconf 82' lang='lat' dir='ltr'><strong>congressum</strong></span> <span class='ocrx_word' id='word_1_308' title='bbox 2513 1958 2766 2036; x_wconf 82' lang='lat' dir='ltr'><strong>benigno</strong></span> <span class='ocrx_word' id='word_1_309' title='bbox 2779 1978 2845 2019; x_wconf 89' lang='lat' dir='ltr'><strong>ac</strong></span> <span class='ocrx_word' id='word_1_310' title='bbox 2864 1959 2988 2019; x_wconf 92' lang='lat' dir='ltr'><strong>miti</strong></span> <span class='ocrx_word' id='word_1_311' title='bbox 3022 1960 3140 2020; x_wconf 81' lang='lat' dir='ltr'><strong>viro</strong></span> <span class='ocrx_word' id='word_1_312' title='bbox 3165 1961 3567 2023; x_wconf 85' lang='lat' dir='ltr'><strong>venerabilem</strong></span> <span class='ocrx_word' id='word_1_313' title='bbox 3594 1965 3743 2027; x_wconf 92' lang='lat' dir='ltr'><strong>fore:</strong></span> 
     </span>
    </p>
   </div>
   <div class='ocr_carea' id='block_1_48' title="bbox 2109 2046 3753 2130">
    <p class='ocr_par' dir='ltr' id='par_1_48' title="bbox 2109 2046 3753 2130">
     <span class='ocr_line' id='line_1_48' title="bbox 2109 2046 3753 2130; baseline 0.006 -26"><span class='ocrx_word' id='word_1_314' title='bbox 2109 2055 2166 2105; x_wconf 90' lang='lat' dir='ltr'><strong>at</strong></span> <span class='ocrx_word' id='word_1_315' title='bbox 2199 2064 2330 2105; x_wconf 88' lang='lat' dir='ltr'><strong>cum</strong></span> <span class='ocrx_word' id='word_1_316' title='bbox 2359 2046 2515 2106; x_wconf 89' lang='lat' dir='ltr'><strong>elato</strong></span> <span class='ocrx_word' id='word_1_317' title='bbox 2564 2055 2621 2107; x_wconf 92' lang='lat' dir='ltr'><strong>et</strong></span> <span class='ocrx_word' id='word_1_318' title='bbox 2670 2048 2912 2109; x_wconf 90' lang='lat' dir='ltr'><strong>sublimi</strong></span> <span class='ocrx_word' id='word_1_319' title='bbox 2943 2060 3001 2109; x_wconf 94' lang='lat' dir='ltr'><strong>et</strong></span> <span class='ocrx_word' id='word_1_320' title='bbox 3024 2050 3199 2110; x_wconf 90' lang='lat' dir='ltr'><strong>altius</strong></span> <span class='ocrx_word' id='word_1_321' title='bbox 3230 2049 3490 2130; x_wconf 90' lang='lat' dir='ltr'><strong>sedenti,</strong></span> <span class='ocrx_word' id='word_1_322' title='bbox 3525 2053 3753 2129; x_wconf 88' lang='lat' dir='ltr'><strong>quique</strong></span> 
     </span>
    </p>
   </div>
   <div class='ocr_carea' id='block_1_49' title="bbox 2112 2136 3755 2216">
    <p class='ocr_par' dir='ltr' id='par_1_49' title="bbox 2112 2136 3755 2216">
     <span class='ocr_line' id='line_1_49' title="bbox 2112 2136 3755 2216; baseline 0.005 -22"><span class='ocrx_word' id='word_1_323' title='bbox 2112 2145 2425 2215; x_wconf 88' lang='lat' dir='ltr'><strong>propterea</strong></span> <span class='ocrx_word' id='word_1_324' title='bbox 2457 2136 2762 2197; x_wconf 86' lang='lat' dir='ltr'><strong>veritatem</strong></span> <span class='ocrx_word' id='word_1_325' title='bbox 2790 2138 2955 2198; x_wconf 92' lang='lat' dir='ltr'><strong>humi</strong></span> <span class='ocrx_word' id='word_1_326' title='bbox 2978 2139 3369 2216; x_wconf 66' lang='lat' dir='ltr'><strong>praedicantes</strong></span> <span class='ocrx_word' id='word_1_327' title='bbox 3399 2140 3607 2203; x_wconf 89' lang='lat' dir='ltr'><strong>audire</strong></span> <span class='ocrx_word' id='word_1_328' title='bbox 3633 2160 3755 2203; x_wconf 88' lang='lat' dir='ltr'><strong>non</strong></span> 
     </span>
    </p>
   </div>
   <div class='ocr_carea' id='block_1_50' title="bbox 2114 2226 3756 2307">
    <p class='ocr_par' dir='ltr' id='par_1_50' title="bbox 2114 2226 3756 2307">
     <span class='ocr_line' id='line_1_50' title="bbox 2114 2226 3756 2307; baseline 0.007 -27"><span class='ocrx_word' id='word_1_329' title='bbox 2114 2226 2323 2304; x_wconf 75' lang='lat' dir='ltr'><strong>possit,</strong></span> <span class='ocrx_word' id='word_1_330' title='bbox 2347 2243 2554 2305; x_wconf 90' lang='lat' dir='ltr'><strong>parum</strong></span> <span class='ocrx_word' id='word_1_331' title='bbox 2588 2227 3012 2288; x_wconf 89' lang='lat' dir='ltr'><strong>communibus</strong></span> <span class='ocrx_word' id='word_1_332' title='bbox 3045 2228 3225 2288; x_wconf 83' lang='lat' dir='ltr'><strong>rebus</strong></span> <span class='ocrx_word' id='word_1_333' title='bbox 3256 2230 3626 2307; x_wconf 89' lang='lat' dir='ltr'><strong>profuturum</strong></span> <span class='ocrx_word' id='word_1_334' title='bbox 3653 2232 3756 2292; x_wconf 85' lang='lat' dir='ltr'><strong>bo-</strong></span> 
     </span>
    </p>
   </div>
   <div class='ocr_carea' id='block_1_51' title="bbox 2114 2314 3758 2384">
    <p class='ocr_par' dir='ltr' id='par_1_51' title="bbox 2114 2314 3758 2384">
     <span class='ocr_line' id='line_1_51' title="bbox 2114 2314 3758 2384; baseline 0.006 -11"><span class='ocrx_word' id='word_1_335' title='bbox 2114 2321 2332 2375; x_wconf 88' lang='lat' dir='ltr'><strong>minem</strong></span> <span class='ocrx_word' id='word_1_336' title='bbox 2366 2315 2437 2375; x_wconf 90' lang='lat' dir='ltr'><strong>ab</strong></span> <span class='ocrx_word' id='word_1_337' title='bbox 2470 2314 2749 2376; x_wconf 88' lang='lat' dir='ltr'><strong>illiberali</strong></span> <span class='ocrx_word' id='word_1_338' title='bbox 2787 2319 3188 2379; x_wconf 86' lang='lat' dir='ltr'><strong>assentatione</strong></span> <span class='ocrx_word' id='word_1_339' title='bbox 3217 2319 3501 2382; x_wconf 91' lang='lat' dir='ltr'><strong>alienum.</strong></span> <span class='ocrx_word' id='word_1_340' title='bbox 3534 2320 3623 2382; x_wconf 86' lang='lat' dir='ltr'><strong>Ad</strong></span> <span class='ocrx_word' id='word_1_341' title='bbox 3653 2322 3758 2384; x_wconf 89' lang='lat' dir='ltr'><strong>has</strong></span> 
     </span>
    </p>
   </div>
   <div class='ocr_carea' id='block_1_52' title="bbox 2110 2404 3753 2490">
    <p class='ocr_par' dir='ltr' id='par_1_52' title="bbox 2110 2404 3753 2490">
     <span class='ocr_line' id='line_1_52' title="bbox 2110 2404 3753 2490; baseline 0.005 -27"><span class='ocrx_word' id='word_1_342' title='bbox 2110 2404 2185 2464; x_wconf 85' lang='lat' dir='ltr'><strong>de</strong></span> <span class='ocrx_word' id='word_1_343' title='bbox 2265 2407 2532 2466; x_wconf 81' lang='lat' dir='ltr'><strong>Romano</strong></span> <span class='ocrx_word' id='word_1_344' title='bbox 2612 2406 2891 2484; x_wconf 86' lang='lat' dir='ltr'><strong>pontifice</strong></span> <span class='ocrx_word' id='word_1_345' title='bbox 2971 2408 3244 2488; x_wconf 90' lang='lat' dir='ltr'><strong>querelas</strong></span> <span class='ocrx_word' id='word_1_346' title='bbox 3299 2408 3535 2490; x_wconf 88' lang='lat' dir='ltr'><strong>impulit</strong></span> <span class='ocrx_word' id='word_1_347' title='bbox 3582 2409 3753 2472; x_wconf 89' lang='lat' dir='ltr'><strong>Basi-</strong></span> 
     </span>
    </p>
   </div>
   <div class='ocr_carea' id='block_1_53' title="bbox 2111 2494 3758 2580">
    <p class='ocr_par' dir='ltr' id='par_1_53' title="bbox 2111 2494 3758 2580">
     <span class='ocr_line' id='line_1_53' title="bbox 2111 2494 3758 2580; baseline 0.006 -28"><span class='ocrx_word' id='word_1_348' title='bbox 2111 2494 2252 2553; x_wconf 89' lang='lat' dir='ltr'><strong>lium</strong></span> <span class='ocrx_word' id='word_1_349' title='bbox 2334 2494 2693 2555; x_wconf 86' lang='lat' dir='ltr'><strong>commotior</strong></span> <span class='ocrx_word' id='word_1_350' title='bbox 2760 2496 2984 2576; x_wconf 91' lang='lat' dir='ltr'><strong>iniquis</strong></span> <span class='ocrx_word' id='word_1_351' title='bbox 3027 2497 3273 2576; x_wconf 90' lang='lat' dir='ltr'><strong>judiciis</strong></span> <span class='ocrx_word' id='word_1_352' title='bbox 3330 2499 3587 2574; x_wconf 90' lang='lat' dir='ltr'><strong>animus,</strong></span> <span class='ocrx_word' id='word_1_353' title='bbox 3624 2518 3758 2580; x_wconf 82' lang='lat' dir='ltr'><strong>quae</strong></span> 
     </span>
    </p>
   </div>
   <div class='ocr_carea' id='block_1_54' title="bbox 2110 2582 3756 2665">
    <p class='ocr_par' dir='ltr' id='par_1_54' title="bbox 2110 2582 3756 2665">
     <span class='ocr_line' id='line_1_54' title="bbox 2110 2582 3756 2665; baseline 0.004 -21"><span class='ocrx_word' id='word_1_354' title='bbox 2110 2582 2313 2645; x_wconf 66' lang='lat' dir='ltr'><strong>Romae</strong></span> <span class='ocrx_word' id='word_1_355' title='bbox 2337 2582 2410 2643; x_wconf 87' lang='lat' dir='ltr'><strong>de</strong></span> <span class='ocrx_word' id='word_1_356' title='bbox 2459 2582 2520 2643; x_wconf 94' lang='lat' dir='ltr'><strong>S.</strong></span> <span class='ocrx_word' id='word_1_357' title='bbox 2556 2583 2796 2645; x_wconf 81' lang='lat' dir='ltr'><strong>Meletio</strong></span> <span class='ocrx_word' id='word_1_358' title='bbox 2826 2586 2938 2665; x_wconf 73' lang='grc' dir='ltr'><strong>(ά),</strong></span> <span class='ocrx_word' id='word_1_359' title='bbox 2973 2604 3040 2647; x_wconf 90' lang='lat' dir='ltr'><strong>re</strong></span> <span class='ocrx_word' id='word_1_360' title='bbox 3088 2605 3208 2648; x_wconf 90' lang='lat' dir='ltr'><strong>non</strong></span> <span class='ocrx_word' id='word_1_361' title='bbox 3259 2588 3612 2663; x_wconf 80' lang='lat' dir='ltr'><strong>examinata,</strong></span> <span class='ocrx_word' id='word_1_362' title='bbox 3650 2588 3756 2651; x_wconf 90' lang='lat' dir='ltr'><strong>sed</strong></span> 
     </span>
    </p>
   </div>
   <div class='ocr_carea' id='block_1_55' title="bbox 2107 2670 3754 2757">
    <p class='ocr_par' dir='ltr' id='par_1_55' title="bbox 2107 2670 3754 2757">
     <span class='ocr_line' id='line_1_55' title="bbox 2107 2670 3754 2757; baseline 0.004 -24"><span class='ocrx_word' id='word_1_363' title='bbox 2107 2692 2177 2733; x_wconf 82' lang='lat' dir='ltr'><strong>ex</strong></span> <span class='ocrx_word' id='word_1_364' title='bbox 2208 2670 2553 2733; x_wconf 87' lang='lat' dir='ltr'><strong>hominibus</strong></span> <span class='ocrx_word' id='word_1_365' title='bbox 2584 2673 2838 2752; x_wconf 91' lang='lat' dir='ltr'><strong>partium</strong></span> <span class='ocrx_word' id='word_1_366' title='bbox 2881 2675 3169 2738; x_wconf 91' lang='lat' dir='ltr'><strong>studiosis</strong></span> <span class='ocrx_word' id='word_1_367' title='bbox 3217 2676 3445 2757; x_wconf 88' lang='lat' dir='ltr'><strong>audita,</strong></span> <span class='ocrx_word' id='word_1_368' title='bbox 3472 2677 3754 2740; x_wconf 81' lang='lat' dir='ltr'><strong>fereban-</strong></span> 
     </span>
    </p>
   </div>
   <div class='ocr_carea' id='block_1_56' title="bbox 2111 2770 2227 2823">
    <p class='ocr_par' dir='ltr' id='par_1_56' title="bbox 2111 2770 2227 2823">
     <span class='ocr_line' id='line_1_56' title="bbox 2111 2770 2227 2823; baseline 0 -2"><span class='ocrx_word' id='word_1_369' title='bbox 2111 2770 2227 2823; x_wconf 91' lang='lat' dir='ltr'><strong>tur.</strong></span> 
     </span>
    </p>
   </div>
   <div class='ocr_carea' id='block_1_57' title="bbox 2191 2850 3757 2937">
    <p class='ocr_par' dir='ltr' id='par_1_57' title="bbox 2191 2850 3757 2937">
     <span class='ocr_line' id='line_1_57' title="bbox 2191 2850 3757 2937; baseline 0.004 -25"><span class='ocrx_word' id='word_1_370' title='bbox 2191 2850 2377 2929; x_wconf 85' lang='lat' dir='ltr'><strong>Magni</strong></span> <span class='ocrx_word' id='word_1_371' title='bbox 2406 2851 2692 2913; x_wconf 90' lang='lat' dir='ltr'><strong>momenti</strong></span> <span class='ocrx_word' id='word_1_372' title='bbox 2710 2853 3133 2914; x_wconf 83' lang='lat' dir='ltr'><strong>estobservare</strong></span> <span class='ocrx_word' id='word_1_373' title='bbox 3159 2854 3467 2935; x_wconf 86' lang='lat' dir='ltr'><strong>epistolam</strong></span> <span class='ocrx_word' id='word_1_374' title='bbox 3492 2857 3757 2937; x_wconf 81' lang='lat' dir='ltr'><strong>2l5,hoc</strong></span> 
     </span>
    </p>
   </div>
   <div class='ocr_carea' id='block_1_58' title="bbox 2108 2940 3752 3025">
    <p class='ocr_par' dir='ltr' id='par_1_58' title="bbox 2108 2940 3752 3025">
     <span class='ocr_line' id='line_1_58' title="bbox 2108 2940 3752 3025; baseline 0.005 -22"><span class='ocrx_word' id='word_1_375' title='bbox 2108 2960 2269 3003; x_wconf 88' lang='lat' dir='ltr'><strong>anno</strong></span> <span class='ocrx_word' id='word_1_376' title='bbox 2317 2940 2432 3004; x_wconf 83' lang='grc'><strong>375</strong></span> <span class='ocrx_word' id='word_1_377' title='bbox 2467 2949 2597 3021; x_wconf 93' lang='lat' dir='ltr'><strong>post</strong></span> <span class='ocrx_word' id='word_1_378' title='bbox 2626 2942 2883 3004; x_wconf 90' lang='lat' dir='ltr'><strong>reditum</strong></span> <span class='ocrx_word' id='word_1_379' title='bbox 2919 2962 2989 3004; x_wconf 82' lang='lat' dir='ltr'><strong>ex</strong></span> <span class='ocrx_word' id='word_1_380' title='bbox 3020 2942 3206 3004; x_wconf 89' lang='lat' dir='ltr'><strong>Ponto</strong></span> <span class='ocrx_word' id='word_1_381' title='bbox 3236 2945 3518 3025; x_wconf 89' lang='lat' dir='ltr'><strong>scriptam</strong></span> <span class='ocrx_word' id='word_1_382' title='bbox 3548 2948 3752 3013; x_wconf 86' lang='lat' dir='ltr'><strong>fuisse.</strong></span> 
     </span>
    </p>
   </div>
   <div class='ocr_carea' id='block_1_59' title="bbox 2108 3031 3757 3112">
    <p class='ocr_par' dir='ltr' id='par_1_59' title="bbox 2108 3031 3757 3112">
     <span class='ocr_line' id='line_1_59' title="bbox 2108 3031 3757 3112; baseline 0.004 -19"><span class='ocrx_word' id='word_1_383' title='bbox 2108 3031 2419 3093; x_wconf 86' lang='lat' dir='ltr'><strong>Manifesta</strong></span> <span class='ocrx_word' id='word_1_384' title='bbox 2445 3050 2542 3093; x_wconf 88' lang='lat' dir='ltr'><strong>res</strong></span> <span class='ocrx_word' id='word_1_385' title='bbox 2574 3041 2662 3092; x_wconf 89' lang='lat' dir='ltr'><strong>est</strong></span> <span class='ocrx_word' id='word_1_386' title='bbox 2694 3051 2761 3092; x_wconf 84' lang='lat' dir='ltr'><strong>ex</strong></span> <span class='ocrx_word' id='word_1_387' title='bbox 2795 3031 3006 3112; x_wconf 90' lang='lat' dir='ltr'><strong>primis</strong></span> <span class='ocrx_word' id='word_1_388' title='bbox 3037 3033 3307 3112; x_wconf 62' lang='lat' dir='ltr'><strong>epistolae</strong></span> <span class='ocrx_word' id='word_1_389' title='bbox 3337 3035 3573 3098; x_wconf 88' lang='lat' dir='ltr'><strong>verbis:</strong></span> <span class='ocrx_word' id='word_1_390' title='bbox 3607 3036 3757 3099; x_wconf 86' lang='lat' dir='ltr'><strong>Sta-</strong></span> 
     </span>
    </p>
   </div>
   <div class='ocr_carea' id='block_1_60' title="bbox 2110 3122 3758 3204">
    <p class='ocr_par' dir='ltr' id='par_1_60' title="bbox 2110 3122 3758 3204">
     <span class='ocr_line' id='line_1_60' title="bbox 2110 3122 3758 3204; baseline 0.004 -21"><span class='ocrx_word' id='word_1_391' title='bbox 2110 3124 2218 3183; x_wconf 96' lang='lat' dir='ltr'><strong>tim</strong></span> <span class='ocrx_word' id='word_1_392' title='bbox 2235 3123 2602 3183; x_wconf 79' lang='lat' dir='ltr'><strong>occasionem</strong></span> <span class='ocrx_word' id='word_1_393' title='bbox 2623 3122 3305 3204; x_wconf 76' lang='lat' dir='ltr'><strong>nactus,inquit,scripsi</strong></span> <span class='ocrx_word' id='word_1_394' title='bbox 3316 3127 3449 3186; x_wconf 84' lang='lat' dir='ltr'><strong>viro</strong></span> <span class='ocrx_word' id='word_1_395' title='bbox 3462 3127 3527 3186; x_wconf 86' lang='lat' dir='ltr'><strong>in</strong></span> <span class='ocrx_word' id='word_1_396' title='bbox 3536 3129 3758 3204; x_wconf 77' lang='lat' dir='ltr'><strong>primis</strong></span> 
     </span>
    </p>
   </div>
   <div class='ocr_carea' id='block_1_61' title="bbox 380 3208 3759 3294">
    <p class='ocr_par' dir='ltr' id='par_1_61' title="bbox 380 3208 3759 3294">
     <span class='ocr_line' id='line_1_61' title="bbox 380 3208 3759 3294; baseline 0 -17"><span class='ocrx_word' id='word_1_397' title='bbox 380 3214 630 3277; x_wconf 89' lang='lat' dir='ltr'><strong>Basilius</strong></span> <span class='ocrx_word' id='word_1_398' title='bbox 652 3217 961 3277; x_wconf 87' lang='lat' dir='ltr'><strong>columnas</strong></span> <span class='ocrx_word' id='word_1_399' title='bbox 982 3223 1041 3277; x_wconf 91' lang='lat' dir='ltr'><strong>et</strong></span> <span class='ocrx_word' id='word_1_400' title='bbox 1058 3215 1500 3276; x_wconf 89' lang='lat' dir='ltr'><strong>firmamentum</strong></span> <span class='ocrx_word' id='word_1_401' title='bbox 1525 3211 1795 3273; x_wconf 88' lang='lat' dir='ltr'><strong>veritatis</strong></span> <span class='ocrx_word' id='word_1_402' title='bbox 1820 3219 1881 3272; x_wconf 92' lang='lat' dir='ltr'><strong>et</strong></span> <span class='ocrx_word' id='word_1_403' title='bbox 1908 3208 2024 3270; x_wconf 86' lang='lat' dir='ltr'><strong>Ec-</strong></span> <span class='ocrx_word' id='word_1_404' title='bbox 2046 3240 2086 3290; x_wconf 74' lang='grc' dir='ltr'><strong>ρ</strong></span> <span class='ocrx_word' id='word_1_405' title='bbox 2110 3211 2479 3273; x_wconf 76' lang='lat' dir='ltr'><strong>admirando</strong></span> <span class='ocrx_word' id='word_1_406' title='bbox 2502 3213 2710 3273; x_wconf 77' lang='lat' dir='ltr'><strong>comiti</strong></span> <span class='ocrx_word' id='word_1_407' title='bbox 2729 3209 3027 3286; x_wconf 79' lang='lat' dir='ltr'><strong>Terentio,</strong></span> <span class='ocrx_word' id='word_1_408' title='bbox 3053 3214 3256 3274; x_wconf 85' lang='lat' dir='ltr'><strong>minus</strong></span> <span class='ocrx_word' id='word_1_409' title='bbox 3271 3223 3608 3294; x_wconf 80' lang='lat' dir='ltr'><strong>suspectum</strong></span> <span class='ocrx_word' id='word_1_410' title='bbox 3632 3233 3759 3277; x_wconf 83' lang='lat' dir='ltr'><strong>esse</strong></span> 
     </span>
    </p>
   </div>
   <div class='ocr_carea' id='block_1_62' title="bbox 377 3301 3759 3383">
    <p class='ocr_par' dir='ltr' id='par_1_62' title="bbox 377 3301 3759 3383">
     <span class='ocr_line' id='line_1_62' title="bbox 377 3301 3759 3383; baseline 0.001 -20"><span class='ocrx_word' id='word_1_411' title='bbox 377 3304 573 3364; x_wconf 72' lang='lat' dir='ltr'><strong>clesiae</strong></span> <span class='ocrx_word' id='word_1_412' title='bbox 604 3324 736 3367; x_wconf 89' lang='lat' dir='ltr'><strong>esse</strong></span> <span class='ocrx_word' id='word_1_413' title='bbox 768 3304 1053 3369; x_wconf 86' lang='lat' dir='ltr'><strong>declarat.</strong></span> <span class='ocrx_word' id='word_1_414' title='bbox 2110 3301 2469 3363; x_wconf 62' lang='lat' dir='ltr'><strong>existimans</strong></span> <span class='ocrx_word' id='word_1_415' title='bbox 2489 3319 2600 3379; x_wconf 83' lang='lat' dir='ltr'><strong>per</strong></span> <span class='ocrx_word' id='word_1_416' title='bbox 2619 3303 2861 3378; x_wconf 86' lang='lat' dir='ltr'><strong>ignotos</strong></span> <span class='ocrx_word' id='word_1_417' title='bbox 2880 3302 2963 3361; x_wconf 84' lang='lat' dir='ltr'><strong>ad</strong></span> <span class='ocrx_word' id='word_1_418' title='bbox 2984 3319 3119 3363; x_wconf 90' lang='lat' dir='ltr'><strong>eum</strong></span> <span class='ocrx_word' id='word_1_419' title='bbox 3138 3302 3213 3363; x_wconf 72' lang='lat' dir='ltr'><strong>de</strong></span> <span class='ocrx_word' id='word_1_420' title='bbox 3228 3304 3555 3383; x_wconf 76' lang='lat' dir='ltr'><strong>propositis</strong></span> <span class='ocrx_word' id='word_1_421' title='bbox 3582 3304 3759 3367; x_wconf 83' lang='lat' dir='ltr'><strong>rebus</strong></span> 
     </span>
    </p>
   </div>
   <div class='ocr_carea' id='block_1_63' title="bbox 456 3385 3759 3474">
    <p class='ocr_par' dir='ltr' id='par_1_63' title="bbox 456 3385 3759 3474">
     <span class='ocr_line' id='line_1_63' title="bbox 456 3385 3759 3474; baseline 0 -19"><span class='ocrx_word' id='word_1_422' title='bbox 456 3394 845 3474; x_wconf 89' lang='lat' dir='ltr'><strong>Perspicuum</strong></span> <span class='ocrx_word' id='word_1_423' title='bbox 882 3404 940 3454; x_wconf 89' lang='lat' dir='ltr'><strong>et</strong></span> <span class='ocrx_word' id='word_1_424' title='bbox 989 3394 1358 3472; x_wconf 81' lang='lat' dir='ltr'><strong>exploratum</strong></span> <span class='ocrx_word' id='word_1_425' title='bbox 1393 3398 1486 3450; x_wconf 78' lang='lat' dir='ltr'><strong>est</strong></span> <span class='ocrx_word' id='word_1_426' title='bbox 1518 3390 1671 3449; x_wconf 89' lang='lat' dir='ltr'><strong>hanc</strong></span> <span class='ocrx_word' id='word_1_427' title='bbox 1703 3385 2021 3467; x_wconf 87' lang='lat' dir='ltr'><strong>epistolam</strong></span> <span class='ocrx_word' id='word_1_428' title='bbox 2106 3389 2707 3467; x_wconf 82' lang='lat' dir='ltr'><strong>scribere;simulque</strong></span> <span class='ocrx_word' id='word_1_429' title='bbox 2729 3395 2822 3450; x_wconf 79' lang='lat' dir='ltr'><strong>rei</strong></span> <span class='ocrx_word' id='word_1_430' title='bbox 2844 3408 3082 3452; x_wconf 81' lang='lat' dir='ltr'><strong>moram</strong></span> <span class='ocrx_word' id='word_1_431' title='bbox 3107 3394 3603 3467; x_wconf 68' lang='lat' dir='ltr'><strong>afferrenolensa</strong></span> <span class='ocrx_word' id='word_1_432' title='bbox 3626 3394 3759 3455; x_wconf 85' lang='lat' dir='ltr'><strong>cha-</strong></span> 
     </span>
    </p>
   </div>
   <div class='ocr_carea' id='block_1_64' title="bbox 370 3476 3754 3562">
    <p class='ocr_par' dir='ltr' id='par_1_64' title="bbox 370 3476 3754 3562">
     <span class='ocr_line' id='line_1_64' title="bbox 370 3476 3754 3562; baseline 0 -19"><span class='ocrx_word' id='word_1_433' title='bbox 370 3484 575 3543; x_wconf 88' lang='lat' dir='ltr'><strong>statim</strong></span> <span class='ocrx_word' id='word_1_434' title='bbox 602 3493 733 3562; x_wconf 88' lang='lat' dir='ltr'><strong>post</strong></span> <span class='ocrx_word' id='word_1_435' title='bbox 753 3482 1017 3543; x_wconf 86' lang='lat' dir='ltr'><strong>reditum</strong></span> <span class='ocrx_word' id='word_1_436' title='bbox 1051 3499 1119 3539; x_wconf 78' lang='lat' dir='ltr'><strong>ex</strong></span> <span class='ocrx_word' id='word_1_437' title='bbox 1150 3483 1334 3541; x_wconf 90' lang='lat' dir='ltr'><strong>Ponto</strong></span> <span class='ocrx_word' id='word_1_438' title='bbox 1365 3477 1649 3554; x_wconf 84' lang='lat' dir='ltr'><strong>scriptam</strong></span> <span class='ocrx_word' id='word_1_439' title='bbox 1688 3492 1848 3536; x_wconf 86' lang='lat' dir='ltr'><strong>esse.</strong></span> <span class='ocrx_word' id='word_1_440' title='bbox 1876 3476 2021 3562; x_wconf 75' lang='lat' dir='ltr'><strong>Nam</strong></span> <span class='ocrx_word' id='word_1_441' title='bbox 2110 3479 3200 3560; x_wconf 80' lang='lat' dir='ltr'><strong>rissimofratrcAcacio.Scriptaergo</strong></span> <span class='ocrx_word' id='word_1_442' title='bbox 3216 3482 3754 3560; x_wconf 66' lang='lat' dir='ltr'><strong>baacepistolacum</strong></span> 
     </span>
    </p>
   </div>
   <div class='ocr_carea' id='block_1_65' title="bbox 371 3560 3760 3651">
    <p class='ocr_par' dir='ltr' id='par_1_65' title="bbox 371 3560 3760 3651">
     <span class='ocr_line' id='line_1_65' title="bbox 371 3560 3760 3651; baseline 0 -19"><span class='ocrx_word' id='word_1_443' title='bbox 371 3572 431 3632; x_wconf 90' lang='lat' dir='ltr'><strong>in</strong></span> <span class='ocrx_word' id='word_1_444' title='bbox 464 3560 651 3651; x_wconf 84' lang='lat' dir='ltr'><strong>epist.</strong></span> <span class='ocrx_word' id='word_1_445' title='bbox 675 3570 815 3647; x_wconf 69' lang='grc'><strong>216,</strong></span> <span class='ocrx_word' id='word_1_446' title='bbox 837 3586 1011 3648; x_wconf 87' lang='lat' dir='ltr'><strong>quam</strong></span> <span class='ocrx_word' id='word_1_447' title='bbox 1043 3586 1259 3628; x_wconf 91' lang='lat' dir='ltr'><strong>recens</strong></span> <span class='ocrx_word' id='word_1_448' title='bbox 1288 3566 1361 3626; x_wconf 92' lang='lat' dir='ltr'><strong>ab</strong></span> <span class='ocrx_word' id='word_1_449' title='bbox 1398 3565 1512 3624; x_wconf 87' lang='lat' dir='ltr'><strong>hoc</strong></span> <span class='ocrx_word' id='word_1_450' title='bbox 1540 3564 1757 3623; x_wconf 89' lang='lat' dir='ltr'><strong>itinere</strong></span> <span class='ocrx_word' id='word_1_451' title='bbox 1785 3560 2027 3638; x_wconf 83' lang='lat' dir='ltr'><strong>scripsit</strong></span> <span class='ocrx_word' id='word_1_452' title='bbox 2108 3568 2266 3645; x_wconf 89' lang='lat' dir='ltr'><strong>apud</strong></span> <span class='ocrx_word' id='word_1_453' title='bbox 2292 3567 2573 3627; x_wconf 90' lang='lat' dir='ltr'><strong>Basilium</strong></span> <span class='ocrx_word' id='word_1_454' title='bbox 2598 3575 2760 3626; x_wconf 89' lang='lat' dir='ltr'><strong>esset</strong></span> <span class='ocrx_word' id='word_1_455' title='bbox 2787 3569 3071 3628; x_wconf 84' lang='lat' dir='ltr'><strong>Aeacius.</strong></span> <span class='ocrx_word' id='word_1_456' title='bbox 3101 3573 3179 3630; x_wconf 83' lang='lat' dir='ltr'><strong>At</strong></span> <span class='ocrx_word' id='word_1_457' title='bbox 3202 3571 3314 3631; x_wconf 93' lang='lat' dir='ltr'><strong>hoc</strong></span> <span class='ocrx_word' id='word_1_458' title='bbox 3336 3570 3466 3649; x_wconf 84' lang='lat' dir='ltr'><strong>ipso</strong></span> <span class='ocrx_word' id='word_1_459' title='bbox 3491 3580 3760 3651; x_wconf 87' lang='lat' dir='ltr'><strong>tempore</strong></span> 
     </span>
    </p>
   </div>
   <div class='ocr_carea' id='block_1_66' title="bbox 375 3653 3762 3737">
    <p class='ocr_par' dir='ltr' id='par_1_66' title="bbox 375 3653 3762 3737">
     <span class='ocr_line' id='line_1_66' title="bbox 375 3653 3762 3737; baseline 0 -16"><span class='ocrx_word' id='word_1_460' title='bbox 375 3660 650 3732; x_wconf 89' lang='lat' dir='ltr'><strong>Basilius,</strong></span> <span class='ocrx_word' id='word_1_461' title='bbox 677 3659 999 3721; x_wconf 88' lang='lat' dir='ltr'><strong>certiorem</strong></span> <span class='ocrx_word' id='word_1_462' title='bbox 1024 3656 1161 3717; x_wconf 87' lang='lat' dir='ltr'><strong>facit</strong></span> <span class='ocrx_word' id='word_1_463' title='bbox 1178 3658 1241 3718; x_wconf 87' lang='lat' dir='ltr'><strong>S.</strong></span> <span class='ocrx_word' id='word_1_464' title='bbox 1267 3653 1570 3718; x_wconf 84' lang='lat' dir='ltr'><strong>Meletium</strong></span> <span class='ocrx_word' id='word_1_465' title='bbox 1598 3669 1686 3726; x_wconf 89' lang='lat' dir='ltr'><strong>se,</strong></span> <span class='ocrx_word' id='word_1_466' title='bbox 1714 3659 2022 3730; x_wconf 88' lang='lat' dir='ltr'><strong>postquam</strong></span> <span class='ocrx_word' id='word_1_467' title='bbox 2109 3653 2391 3714; x_wconf 86' lang='lat' dir='ltr'><strong>Acacium</strong></span> <span class='ocrx_word' id='word_1_468' title='bbox 2424 3659 2751 3715; x_wconf 66' lang='lat' dir='ltr'><strong>Caesaream</strong></span> <span class='ocrx_word' id='word_1_469' title='bbox 2786 3656 3022 3715; x_wconf 89' lang='lat' dir='ltr'><strong>venisse</strong></span> <span class='ocrx_word' id='word_1_470' title='bbox 3065 3657 3478 3719; x_wconf 75' lang='lat' dir='ltr'><strong>demonstrant</strong></span> <span class='ocrx_word' id='word_1_471' title='bbox 3508 3668 3762 3737; x_wconf 89' lang='lat' dir='ltr'><strong>quatuor</strong></span> 
     </span>
    </p>
   </div>
   <div class='ocr_carea' id='block_1_67' title="bbox 371 3738 3760 3826">
    <p class='ocr_par' dir='ltr' id='par_1_67' title="bbox 371 3738 3760 3826">
     <span class='ocr_line' id='line_1_67' title="bbox 371 3738 3760 3826; baseline -0 -14"><span class='ocrx_word' id='word_1_472' title='bbox 371 3749 567 3812; x_wconf 88' lang='lat' dir='ltr'><strong>audiit</strong></span> <span class='ocrx_word' id='word_1_473' title='bbox 599 3747 834 3811; x_wconf 90' lang='lat' dir='ltr'><strong>Paulini</strong></span> <span class='ocrx_word' id='word_1_474' title='bbox 867 3754 1200 3808; x_wconf 89' lang='lat' dir='ltr'><strong>sectatores</strong></span> <span class='ocrx_word' id='word_1_475' title='bbox 1251 3761 1493 3824; x_wconf 89' lang='lat' dir='ltr'><strong>operam</strong></span> <span class='ocrx_word' id='word_1_476' title='bbox 1526 3740 1669 3802; x_wconf 91' lang='lat' dir='ltr'><strong>dare</strong></span> <span class='ocrx_word' id='word_1_477' title='bbox 1700 3748 1762 3800; x_wconf 93' lang='lat' dir='ltr'><strong>ut</strong></span> <span class='ocrx_word' id='word_1_478' title='bbox 1791 3738 2021 3800; x_wconf 89' lang='lat' dir='ltr'><strong>Teren-</strong></span> <span class='ocrx_word' id='word_1_479' title='bbox 2108 3741 2343 3821; x_wconf 57' lang='lat' dir='ltr'><strong>litterae,</strong></span> <span class='ocrx_word' id='word_1_480' title='bbox 2377 3760 2523 3821; x_wconf 92' lang='lat' dir='ltr'><strong>quas</strong></span> <span class='ocrx_word' id='word_1_481' title='bbox 2554 3742 2610 3802; x_wconf 89' lang='lat' dir='ltr'><strong>ei</strong></span> <span class='ocrx_word' id='word_1_482' title='bbox 2638 3742 2892 3803; x_wconf 91' lang='lat' dir='ltr'><strong>Basilius</strong></span> <span class='ocrx_word' id='word_1_483' title='bbox 2939 3744 2998 3804; x_wconf 91' lang='lat' dir='ltr'><strong>in</strong></span> <span class='ocrx_word' id='word_1_484' title='bbox 3034 3746 3342 3807; x_wconf 84' lang='lat' dir='ltr'><strong>Orientem</strong></span> <span class='ocrx_word' id='word_1_485' title='bbox 3370 3747 3760 3826; x_wconf 90' lang='lat' dir='ltr'><strong>perferendas</strong></span> 
     </span>
    </p>
   </div>
   <div class='ocr_carea' id='block_1_68' title="bbox 370 3829 3747 3918">
    <p class='ocr_par' dir='ltr' id='par_1_68' title="bbox 370 3829 3747 3918">
     <span class='ocr_line' id='line_1_68' title="bbox 370 3829 3747 3918; baseline 0 -18"><span class='ocrx_word' id='word_1_486' title='bbox 370 3838 748 3901; x_wconf 85' lang='lat' dir='ltr'><strong>tiuminsuas</strong></span> <span class='ocrx_word' id='word_1_487' title='bbox 764 3845 961 3918; x_wconf 89' lang='lat' dir='ltr'><strong>partes</strong></span> <span class='ocrx_word' id='word_1_488' title='bbox 976 3831 1634 3916; x_wconf 88' lang='lat' dir='ltr'><strong>pertrahant,celeriter</strong></span> <span class='ocrx_word' id='word_1_489' title='bbox 1653 3831 1725 3891; x_wconf 89' lang='lat' dir='ltr'><strong>ad</strong></span> <span class='ocrx_word' id='word_1_490' title='bbox 1752 3829 1913 3890; x_wconf 91' lang='lat' dir='ltr'><strong>hunc</strong></span> <span class='ocrx_word' id='word_1_491' title='bbox 1929 3846 2025 3889; x_wconf 88' lang='lat' dir='ltr'><strong>co-</strong></span> <span class='ocrx_word' id='word_1_492' title='bbox 2108 3831 2429 3912; x_wconf 91' lang='lat' dir='ltr'><strong>commisit,</strong></span> <span class='ocrx_word' id='word_1_493' title='bbox 2466 3839 2526 3891; x_wconf 93' lang='lat' dir='ltr'><strong>ut</strong></span> <span class='ocrx_word' id='word_1_494' title='bbox 2559 3832 2733 3891; x_wconf 82' lang='lat' dir='ltr'><strong>modo</strong></span> <span class='ocrx_word' id='word_1_495' title='bbox 2766 3833 3121 3896; x_wconf 86' lang='lat' dir='ltr'><strong>videbimus.</strong></span> <span class='ocrx_word' id='word_1_496' title='bbox 3155 3834 3447 3897; x_wconf 62' lang='lat' dir='ltr'><strong>Praeterea</strong></span> <span class='ocrx_word' id='word_1_497' title='bbox 3496 3838 3747 3918; x_wconf 90' lang='lat' dir='ltr'><strong>epistola</strong></span> 
     </span>
    </p>
   </div>
   <div class='ocr_carea' id='block_1_69' title="bbox 373 3919 3745 4007">
    <p class='ocr_par' dir='ltr' id='par_1_69' title="bbox 373 3919 3745 4007">
     <span class='ocr_line' id='line_1_69' title="bbox 373 3919 3745 4007; baseline -0 -18"><span class='ocrx_word' id='word_1_498' title='bbox 373 3929 582 3990; x_wconf 89' lang='lat' dir='ltr'><strong>mitem</strong></span> <span class='ocrx_word' id='word_1_499' title='bbox 608 3925 1016 4007; x_wconf 89' lang='lat' dir='ltr'><strong>scripsisse,ut</strong></span> <span class='ocrx_word' id='word_1_500' title='bbox 1035 3943 1241 3987; x_wconf 90' lang='lat' dir='ltr'><strong>eorum</strong></span> <span class='ocrx_word' id='word_1_501' title='bbox 1267 3922 1506 3985; x_wconf 90' lang='lat' dir='ltr'><strong>fraudes</strong></span> <span class='ocrx_word' id='word_1_502' title='bbox 1528 3920 1693 3982; x_wconf 91' lang='lat' dir='ltr'><strong>illum</strong></span> <span class='ocrx_word' id='word_1_503' title='bbox 1715 3920 2017 4007; x_wconf 82' lang='lat' dir='ltr'><strong>edoceret.</strong></span> <span class='ocrx_word' id='word_1_504' title='bbox 2106 3922 2231 3995; x_wconf 92' lang='lat' dir='ltr'><strong>illa,</strong></span> <span class='ocrx_word' id='word_1_505' title='bbox 2258 3940 2431 4002; x_wconf 89' lang='lat' dir='ltr'><strong>quam</strong></span> <span class='ocrx_word' id='word_1_506' title='bbox 2453 3938 2518 3982; x_wconf 90' lang='lat' dir='ltr'><strong>se</strong></span> <span class='ocrx_word' id='word_1_507' title='bbox 2538 3919 2821 3982; x_wconf 87' lang='lat' dir='ltr'><strong>Terentio</strong></span> <span class='ocrx_word' id='word_1_508' title='bbox 2852 3924 3163 4002; x_wconf 85' lang='lat' dir='ltr'><strong>scripsisse</strong></span> <span class='ocrx_word' id='word_1_509' title='bbox 3196 3933 3397 3985; x_wconf 89' lang='lat' dir='ltr'><strong>narrat</strong></span> <span class='ocrx_word' id='word_1_510' title='bbox 3423 3935 3581 3987; x_wconf 89' lang='lat' dir='ltr'><strong>tanta</strong></span> <span class='ocrx_word' id='word_1_511' title='bbox 3610 3947 3745 3988; x_wconf 89' lang='lat' dir='ltr'><strong>cum</strong></span> 
     </span>
    </p>
   </div>
   <div class='ocr_carea' id='block_1_70' title="bbox 370 4006 3751 4096">
    <p class='ocr_par' dir='ltr' id='par_1_70' title="bbox 370 4006 3751 4096">
     <span class='ocr_line' id='line_1_70' title="bbox 370 4006 3751 4096; baseline -0.001 -17"><span class='ocrx_word' id='word_1_512' title='bbox 370 4016 681 4079; x_wconf 85' lang='lat' dir='ltr'><strong>Immerito</strong></span> <span class='ocrx_word' id='word_1_513' title='bbox 698 4006 841 4094; x_wconf 82' lang='lat' dir='ltr'><strong>ergo</strong></span> <span class='ocrx_word' id='word_1_514' title='bbox 866 4006 1119 4096; x_wconf 91' lang='lat' dir='ltr'><strong>epistola</strong></span> <span class='ocrx_word' id='word_1_515' title='bbox 1144 4012 1377 4076; x_wconf 89' lang='lat' dir='ltr'><strong>Damasi</strong></span> <span class='ocrx_word' id='word_1_516' title='bbox 1396 4011 1467 4071; x_wconf 91' lang='lat' dir='ltr'><strong>ad</strong></span> <span class='ocrx_word' id='word_1_517' title='bbox 1492 4008 1804 4071; x_wconf 89' lang='lat' dir='ltr'><strong>Paulinum</strong></span> <span class='ocrx_word' id='word_1_518' title='bbox 1835 4006 2021 4069; x_wconf 86' lang='lat' dir='ltr'><strong>refer-</strong></span> <span class='ocrx_word' id='word_1_519' title='bbox 2105 4011 2516 4089; x_wconf 89' lang='lat' dir='ltr'><strong>celeritate,ut</strong></span> <span class='ocrx_word' id='word_1_520' title='bbox 2543 4011 2739 4070; x_wconf 88' lang='lat' dir='ltr'><strong>Acacii</strong></span> <span class='ocrx_word' id='word_1_521' title='bbox 2779 4012 3034 4073; x_wconf 91' lang='lat' dir='ltr'><strong>reditum</strong></span> <span class='ocrx_word' id='word_1_522' title='bbox 3070 4023 3419 4091; x_wconf 88' lang='lat' dir='ltr'><strong>exspectare</strong></span> <span class='ocrx_word' id='word_1_523' title='bbox 3451 4015 3658 4095; x_wconf 89' lang='lat' dir='ltr'><strong>nollet,</strong></span> <span class='ocrx_word' id='word_1_524' title='bbox 3692 4029 3751 4078; x_wconf 87' lang='lat' dir='ltr'><strong>et</strong></span> 
     </span>
    </p>
   </div>
   <div class='ocr_carea' id='block_1_71' title="bbox 370 4097 3750 4186">
    <p class='ocr_par' dir='ltr' id='par_1_71' title="bbox 370 4097 3750 4186">
     <span class='ocr_line' id='line_1_71' title="bbox 370 4097 3750 4186; baseline -0.001 -17"><span class='ocrx_word' id='word_1_525' title='bbox 370 4117 467 4169; x_wconf 90' lang='lat' dir='ltr'><strong>tur</strong></span> <span class='ocrx_word' id='word_1_526' title='bbox 503 4106 575 4168; x_wconf 89' lang='lat' dir='ltr'><strong>ad</strong></span> <span class='ocrx_word' id='word_1_527' title='bbox 599 4124 821 4167; x_wconf 90' lang='lat' dir='ltr'><strong>annum</strong></span> <span class='ocrx_word' id='word_1_528' title='bbox 854 4106 997 4186; x_wconf 84' lang='lat'><strong>378,</strong></span> <span class='ocrx_word' id='word_1_529' title='bbox 1022 4104 1095 4165; x_wconf 89' lang='lat' dir='ltr'><strong>ab</strong></span> <span class='ocrx_word' id='word_1_530' title='bbox 1120 4101 1353 4165; x_wconf 89' lang='lat' dir='ltr'><strong>erudito</strong></span> <span class='ocrx_word' id='word_1_531' title='bbox 1378 4100 1607 4162; x_wconf 89' lang='lat' dir='ltr'><strong>editore</strong></span> <span class='ocrx_word' id='word_1_532' title='bbox 1628 4097 2017 4177; x_wconf 85' lang='lat' dir='ltr'><strong>epistolarum</strong></span> <span class='ocrx_word' id='word_1_533' title='bbox 2108 4109 2269 4162; x_wconf 91' lang='lat' dir='ltr'><strong>tanta</strong></span> <span class='ocrx_word' id='word_1_534' title='bbox 2299 4119 2434 4161; x_wconf 81' lang='lat' dir='ltr'><strong>cum</strong></span> <span class='ocrx_word' id='word_1_535' title='bbox 2465 4100 2740 4161; x_wconf 87' lang='lat' dir='ltr'><strong>cautione</strong></span> <span class='ocrx_word' id='word_1_536' title='bbox 2770 4111 2835 4163; x_wconf 91' lang='lat' dir='ltr'><strong>ut</strong></span> <span class='ocrx_word' id='word_1_537' title='bbox 2870 4120 2976 4180; x_wconf 91' lang='lat' dir='ltr'><strong>per</strong></span> <span class='ocrx_word' id='word_1_538' title='bbox 3005 4102 3236 4180; x_wconf 80' lang='lat' dir='ltr'><strong>ignotos</strong></span> <span class='ocrx_word' id='word_1_539' title='bbox 3267 4102 3535 4163; x_wconf 91' lang='lat' dir='ltr'><strong>scribere</strong></span> <span class='ocrx_word' id='word_1_540' title='bbox 3566 4105 3750 4167; x_wconf 88' lang='lat' dir='ltr'><strong>tutius</strong></span> 
     </span>
    </p>
   </div>
   <div class='ocr_carea' id='block_1_72' title="bbox 370 4186 3748 4275">
    <p class='ocr_par' dir='ltr' id='par_1_72' title="bbox 370 4186 3748 4275">
     <span class='ocr_line' id='line_1_72' title="bbox 370 4186 3748 4275; baseline -0.001 -17"><span class='ocrx_word' id='word_1_541' title='bbox 370 4214 741 4258; x_wconf 88' lang='lat' dir='ltr'><strong>summorum</strong></span> <span class='ocrx_word' id='word_1_542' title='bbox 778 4194 1150 4275; x_wconf 90' lang='lat' dir='ltr'><strong>pontificum.</strong></span> <span class='ocrx_word' id='word_1_543' title='bbox 1183 4193 1434 4255; x_wconf 84' lang='lat' dir='ltr'><strong>Exstant</strong></span> <span class='ocrx_word' id='word_1_544' title='bbox 1467 4188 1625 4250; x_wconf 89' lang='lat' dir='ltr'><strong>enim</strong></span> <span class='ocrx_word' id='word_1_545' title='bbox 1660 4188 1753 4248; x_wconf 64' lang='lat' dir='ltr'><strong>ha:</strong></span> <span class='ocrx_word' id='word_1_546' title='bbox 1782 4186 2019 4250; x_wconf 87' lang='lat' dir='ltr'><strong>Damasi</strong></span> <span class='ocrx_word' id='word_1_547' title='bbox 2104 4190 2405 4263; x_wconf 88' lang='lat' dir='ltr'><strong>crederet,</strong></span> <span class='ocrx_word' id='word_1_548' title='bbox 2438 4189 2556 4251; x_wconf 90' lang='lat' dir='ltr'><strong>alia</strong></span> <span class='ocrx_word' id='word_1_549' title='bbox 2576 4190 2841 4270; x_wconf 88' lang='lat' dir='ltr'><strong>profecto</strong></span> <span class='ocrx_word' id='word_1_550' title='bbox 2874 4210 3006 4253; x_wconf 91' lang='lat' dir='ltr'><strong>esse</strong></span> <span class='ocrx_word' id='word_1_551' title='bbox 3026 4210 3142 4252; x_wconf 91' lang='lat' dir='ltr'><strong>non</strong></span> <span class='ocrx_word' id='word_1_552' title='bbox 3168 4200 3381 4272; x_wconf 88' lang='lat' dir='ltr'><strong>potest,</strong></span> <span class='ocrx_word' id='word_1_553' title='bbox 3409 4211 3585 4273; x_wconf 92' lang='lat' dir='ltr'><strong>quam</strong></span> <span class='ocrx_word' id='word_1_554' title='bbox 3606 4212 3748 4275; x_wconf 75' lang='lat' dir='ltr'><strong>prae-</strong></span> 
     </span>
    </p>
   </div>
   <div class='ocr_carea' id='block_1_73' title="bbox 369 4275 3752 4365">
    <p class='ocr_par' dir='ltr' id='par_1_73' title="bbox 369 4275 3752 4365">
     <span class='ocr_line' id='line_1_73' title="bbox 369 4275 3752 4365; baseline -0.001 -18"><span class='ocrx_word' id='word_1_555' title='bbox 369 4285 609 4365; x_wconf 70' lang='lat' dir='ltr'><strong>litteraa,</strong></span> <span class='ocrx_word' id='word_1_556' title='bbox 640 4302 775 4364; x_wconf 65' lang='lat' dir='ltr'><strong>quae</strong></span> <span class='ocrx_word' id='word_1_557' title='bbox 799 4302 933 4346; x_wconf 88' lang='lat' dir='ltr'><strong>cum</strong></span> <span class='ocrx_word' id='word_1_558' title='bbox 958 4281 1277 4345; x_wconf 85' lang='lat' dir='ltr'><strong>Paulinum</strong></span> <span class='ocrx_word' id='word_1_559' title='bbox 1301 4277 1639 4341; x_wconf 62' lang='lat' dir='ltr'><strong>Antiochiae</strong></span> <span class='ocrx_word' id='word_1_560' title='bbox 1670 4275 2021 4365; x_wconf 80' lang='lat' dir='ltr'><strong>episcopum</strong></span> <span class='ocrx_word' id='word_1_561' title='bbox 2106 4280 2331 4341; x_wconf 91' lang='lat' dir='ltr'><strong>cedens</strong></span> <span class='ocrx_word' id='word_1_562' title='bbox 2362 4280 2437 4341; x_wconf 89' lang='lat' dir='ltr'><strong>ad</strong></span> <span class='ocrx_word' id='word_1_563' title='bbox 2468 4276 2815 4340; x_wconf 88' lang='lat' dir='ltr'><strong>Terentium</strong></span> <span class='ocrx_word' id='word_1_564' title='bbox 2848 4280 3117 4359; x_wconf 89' lang='lat' dir='ltr'><strong>epistola,</strong></span> <span class='ocrx_word' id='word_1_565' title='bbox 3156 4300 3289 4361; x_wconf 84' lang='lat' dir='ltr'><strong>quae</strong></span> <span class='ocrx_word' id='word_1_566' title='bbox 3329 4289 3387 4343; x_wconf 91' lang='lat' dir='ltr'><strong>et</strong></span> <span class='ocrx_word' id='word_1_567' title='bbox 3435 4284 3752 4345; x_wconf 90' lang='lat' dir='ltr'><strong>celerrime</strong></span> 
     </span>
    </p>
   </div>
   <div class='ocr_carea' id='block_1_74' title="bbox 371 4363 3750 4453">
    <p class='ocr_par' dir='ltr' id='par_1_74' title="bbox 371 4363 3750 4453">
     <span class='ocr_line' id='line_1_74' title="bbox 371 4363 3750 4453; baseline 0 -17"><span class='ocrx_word' id='word_1_568' title='bbox 371 4363 831 4453; x_wconf 15' lang='lat' dir='ltr'><strong>salutent,ivisa3</strong></span> <span class='ocrx_word' id='word_1_569' title='bbox 861 4381 999 4434; x_wconf 90' lang='lat' dir='ltr'><strong>sunt</strong></span> <span class='ocrx_word' id='word_1_570' title='bbox 1026 4370 1080 4433; x_wconf 93' lang='lat' dir='ltr'><strong>ei</strong></span> <span class='ocrx_word' id='word_1_571' title='bbox 1112 4370 1524 4451; x_wconf 90' lang='lat' dir='ltr'><strong>episcopatum</strong></span> <span class='ocrx_word' id='word_1_572' title='bbox 1559 4366 1927 4446; x_wconf 85' lang='lat' dir='ltr'><strong>adjudicare.</strong></span> <span class='ocrx_word' id='word_1_573' title='bbox 1957 4363 2022 4425; x_wconf 88' lang='lat' dir='ltr'><strong>In</strong></span> <span class='ocrx_word' id='word_1_574' title='bbox 2107 4370 2329 4447; x_wconf 88' lang='lat' dir='ltr'><strong>scripta</strong></span> <span class='ocrx_word' id='word_1_575' title='bbox 2351 4376 2464 4443; x_wconf 91' lang='lat' dir='ltr'><strong>est,</strong></span> <span class='ocrx_word' id='word_1_576' title='bbox 2494 4378 2557 4429; x_wconf 91' lang='lat' dir='ltr'><strong>ut</strong></span> <span class='ocrx_word' id='word_1_577' title='bbox 2582 4375 2837 4431; x_wconf 91' lang='lat' dir='ltr'><strong>testatur</strong></span> <span class='ocrx_word' id='word_1_578' title='bbox 2870 4370 3119 4432; x_wconf 90' lang='lat' dir='ltr'><strong>Basilius</strong></span> <span class='ocrx_word' id='word_1_579' title='bbox 3149 4372 3206 4430; x_wconf 89' lang='lat' dir='ltr'><strong>in</strong></span> <span class='ocrx_word' id='word_1_580' title='bbox 3240 4372 3490 4452; x_wconf 85' lang='lat' dir='ltr'><strong>epistola</strong></span> <span class='ocrx_word' id='word_1_581' title='bbox 3520 4376 3659 4445; x_wconf 71' lang='grc'><strong>216,</strong></span> <span class='ocrx_word' id='word_1_582' title='bbox 3692 4385 3750 4436; x_wconf 90' lang='lat' dir='ltr'><strong>et</strong></span> 
     </span>
    </p>
   </div>
   <div class='ocr_carea' id='block_1_75' title="bbox 376 4453 3750 4545">
    <p class='ocr_par' dir='ltr' id='par_1_75' title="bbox 376 4453 3750 4545">
     <span class='ocr_line' id='line_1_75' title="bbox 376 4453 3750 4545; baseline -0.001 -19"><span class='ocrx_word' id='word_1_583' title='bbox 376 4483 494 4545; x_wconf 84' lang='lat' dir='ltr'><strong>quo</strong></span> <span class='ocrx_word' id='word_1_584' title='bbox 519 4464 762 4545; x_wconf 91' lang='lat' dir='ltr'><strong>quidem</strong></span> <span class='ocrx_word' id='word_1_585' title='bbox 787 4460 1367 4524; x_wconf 91' lang='lat' dir='ltr'><strong>discessitDamasus</strong></span> <span class='ocrx_word' id='word_1_586' title='bbox 1388 4455 1667 4545; x_wconf 17' lang='lat' dir='ltr'><strong>aiLiberii</strong></span> <span class='ocrx_word' id='word_1_587' title='bbox 1690 4453 2025 4545; x_wconf 67' lang='lat' dir='ltr'><strong>decessoris</strong></span> <span class='ocrx_word' id='word_1_588' title='bbox 2106 4478 2242 4521; x_wconf 91' lang='lat' dir='ltr'><strong>cum</strong></span> <span class='ocrx_word' id='word_1_589' title='bbox 2275 4468 2475 4537; x_wconf 81' lang='lat' dir='ltr'><strong>ageret</strong></span> <span class='ocrx_word' id='word_1_590' title='bbox 2500 4460 2575 4519; x_wconf 91' lang='lat' dir='ltr'><strong>de</strong></span> <span class='ocrx_word' id='word_1_591' title='bbox 2604 4458 2786 4519; x_wconf 89' lang='lat' dir='ltr'><strong>rebus</strong></span> <span class='ocrx_word' id='word_1_592' title='bbox 2809 4458 3046 4535; x_wconf 85' lang='lat' dir='ltr'><strong>Meletii,</strong></span> <span class='ocrx_word' id='word_1_593' title='bbox 3083 4460 3284 4522; x_wconf 90' lang='lat' dir='ltr'><strong>minus</strong></span> <span class='ocrx_word' id='word_1_594' title='bbox 3308 4460 3458 4523; x_wconf 89' lang='lat' dir='ltr'><strong>forte</strong></span> <span class='ocrx_word' id='word_1_595' title='bbox 3482 4463 3750 4525; x_wconf 90' lang='lat' dir='ltr'><strong>animum</strong></span> 
     </span>
    </p>
   </div>
   <div class='ocr_carea' id='block_1_76' title="bbox 371 4542 3752 4647">
    <p class='ocr_par' dir='ltr' id='par_1_76' title="bbox 371 4542 3752 4647">
     <span class='ocr_line' id='line_1_76' title="bbox 371 4542 3752 4647; baseline -0.001 -31"><span class='ocrx_word' id='word_1_596' title='bbox 371 4542 463 4616; x_wconf 71' lang='lat' dir='ltr'><strong>sui</strong></span> <span class='ocrx_word' id='word_1_597' title='bbox 495 4542 785 4631; x_wconf 74' lang='lat' dir='ltr'><strong>vestigiis,</strong></span> <span class='ocrx_word' id='word_1_598' title='bbox 820 4552 921 4632; x_wconf 92' lang='lat' dir='ltr'><strong>qui</strong></span> <span class='ocrx_word' id='word_1_599' title='bbox 951 4551 1010 4611; x_wconf 93' lang='lat' dir='ltr'><strong>in</strong></span> <span class='ocrx_word' id='word_1_600' title='bbox 1038 4548 1258 4611; x_wconf 84' lang='lat' dir='ltr'><strong>litteris</strong></span> <span class='ocrx_word' id='word_1_601' title='bbox 1285 4564 1392 4628; x_wconf 92' lang='lat' dir='ltr'><strong>per</strong></span> <span class='ocrx_word' id='word_1_602' title='bbox 1423 4544 1727 4647; x_wconf 78' lang='lat' dir='ltr'><strong>Silvanum</strong></span> <span class='ocrx_word' id='word_1_603' title='bbox 1760 4542 2018 4647; x_wconf 76' lang='lat' dir='ltr'><strong>Tarsen-</strong></span> <span class='ocrx_word' id='word_1_604' title='bbox 2043 4548 2377 4647; x_wconf 82' lang='lat' dir='ltr'><strong>DTerentii</strong></span> <span class='ocrx_word' id='word_1_605' title='bbox 2410 4548 2851 4623; x_wconf 90' lang='lat' dir='ltr'><strong>commovisset,</strong></span> <span class='ocrx_word' id='word_1_606' title='bbox 2866 4549 2944 4647; x_wconf 35' lang='lat' dir='ltr'><strong>si.</strong></span> <span class='ocrx_word' id='word_1_607' title='bbox 2972 4569 3112 4647; x_wconf 70' lang='lat' dir='ltr'><strong>eam</strong></span> <span class='ocrx_word' id='word_1_608' title='bbox 3144 4550 3397 4614; x_wconf 88' lang='lat' dir='ltr'><strong>Acacius</strong></span> <span class='ocrx_word' id='word_1_609' title='bbox 3430 4552 3662 4615; x_wconf 84' lang='lat' dir='ltr'><strong>Meletio</strong></span> <span class='ocrx_word' id='word_1_610' title='bbox 3694 4562 3752 4614; x_wconf 91' lang='lat' dir='ltr'><strong>et</strong></span> 
     </span>
    </p>
   </div>
   <div class='ocr_carea' id='block_1_77' title="bbox 372 4634 3158 4705">
    <p class='ocr_par' dir='ltr' id='par_1_77' title="bbox 372 4634 3158 4705">
     <span class='ocr_line' id='line_1_77' title="bbox 372 4634 3158 4705; baseline -0.001 0"><span class='ocrx_word' id='word_1_611' title='bbox 372 4661 502 4705; x_wconf 87' lang='lat' dir='ltr'><strong>sem</strong></span> <span class='ocrx_word' id='word_1_612' title='bbox 532 4643 591 4703; x_wconf 90' lang='lat' dir='ltr'><strong>in</strong></span> <span class='ocrx_word' id='word_1_613' title='bbox 618 4639 926 4705; x_wconf 87' lang='lat' dir='ltr'><strong>Orientem</strong></span> <span class='ocrx_word' id='word_1_614' title='bbox 959 4639 1157 4701; x_wconf 88' lang='lat' dir='ltr'><strong>allatis</strong></span> <span class='ocrx_word' id='word_1_615' title='bbox 1215 4637 1277 4701; x_wconf 92' lang='lat' dir='ltr'><strong>S.</strong></span> <span class='ocrx_word' id='word_1_616' title='bbox 1336 4634 1636 4699; x_wconf 86' lang='lat' dir='ltr'><strong>Meletium</strong></span> <span class='ocrx_word' id='word_1_617' title='bbox 1693 4634 2089 4696; x_wconf 63' lang='lat' dir='ltr'><strong>Antiochiae&quot;</strong></span> <span class='ocrx_word' id='word_1_618' title='bbox 2109 4640 2327 4702; x_wconf 88' lang='lat' dir='ltr'><strong>Basilio</strong></span> <span class='ocrx_word' id='word_1_619' title='bbox 2354 4638 2754 4700; x_wconf 87' lang='lat' dir='ltr'><strong>amicissimus</strong></span> <span class='ocrx_word' id='word_1_620' title='bbox 2776 4639 3158 4702; x_wconf 90' lang='lat' dir='ltr'><strong>reddidisset.</strong></span> 
     </span>
    </p>
   </div>
   <div class='ocr_carea' id='block_1_78' title="bbox 370 4724 3753 4813">
    <p class='ocr_par' dir='ltr' id='par_1_78' title="bbox 370 4724 3753 4813">
     <span class='ocr_line' id='line_1_78' title="bbox 370 4724 3753 4813; baseline -0.004 -19"><span class='ocrx_word' id='word_1_621' title='bbox 370 4732 722 4813; x_wconf 84' lang='lat' dir='ltr'><strong>episcopum</strong></span> <span class='ocrx_word' id='word_1_622' title='bbox 751 4738 1094 4809; x_wconf 69' lang='lat' dir='ltr'><strong>agnoverat,</strong></span> <span class='ocrx_word' id='word_1_623' title='bbox 1125 4737 1190 4790; x_wconf 90' lang='lat' dir='ltr'><strong>ut</strong></span> <span class='ocrx_word' id='word_1_624' title='bbox 1222 4735 1472 4789; x_wconf 90' lang='lat' dir='ltr'><strong>testatur</strong></span> <span class='ocrx_word' id='word_1_625' title='bbox 1515 4724 1773 4787; x_wconf 88' lang='lat' dir='ltr'><strong>Basilius</strong></span> <span class='ocrx_word' id='word_1_626' title='bbox 1801 4724 1863 4785; x_wconf 89' lang='lat' dir='ltr'><strong>in</strong></span> <span class='ocrx_word' id='word_1_627' title='bbox 1895 4726 2023 4804; x_wconf 89' lang='lat' dir='ltr'><strong>epi-</strong></span> <span class='ocrx_word' id='word_1_628' title='bbox 2187 4731 2548 4810; x_wconf 83' lang='lat' dir='ltr'><strong>EpiscOpum</strong></span> <span class='ocrx_word' id='word_1_629' title='bbox 2583 4727 2959 4807; x_wconf 89' lang='lat' dir='ltr'><strong>illum,quem</strong></span> <span class='ocrx_word' id='word_1_630' title='bbox 2980 4747 3155 4808; x_wconf 90' lang='lat' dir='ltr'><strong>supra</strong></span> <span class='ocrx_word' id='word_1_631' title='bbox 3178 4730 3432 4792; x_wconf 89' lang='lat' dir='ltr'><strong>Basilius</strong></span> <span class='ocrx_word' id='word_1_632' title='bbox 3459 4733 3753 4808; x_wconf 70' lang='lat' dir='ltr'><strong>(e)aucto-</strong></span> 
     </span>
    </p>
   </div>
   <div class='ocr_carea' id='block_1_79' title="bbox 369 4814 3749 4898">
    <p class='ocr_par' dir='ltr' id='par_1_79' title="bbox 369 4814 3749 4898">
     <span class='ocr_line' id='line_1_79' title="bbox 369 4814 3749 4898; baseline -0.001 -14"><span class='ocrx_word' id='word_1_633' title='bbox 369 4821 520 4884; x_wconf 76' lang='lat' dir='ltr'><strong>stola</strong></span> <span class='ocrx_word' id='word_1_634' title='bbox 546 4823 647 4884; x_wconf 85' lang='lat'><strong>67.</strong></span> <span class='ocrx_word' id='word_1_635' title='bbox 674 4821 823 4883; x_wconf 92' lang='lat' dir='ltr'><strong>Eum</strong></span> <span class='ocrx_word' id='word_1_636' title='bbox 854 4827 1056 4881; x_wconf 86' lang='lat' dir='ltr'><strong>autem</strong></span> <span class='ocrx_word' id='word_1_637' title='bbox 1094 4818 1382 4881; x_wconf 78' lang='lat' dir='ltr'><strong>Damasus</strong></span> <span class='ocrx_word' id='word_1_638' title='bbox 1416 4834 1537 4877; x_wconf 89' lang='lat' dir='ltr'><strong>non</strong></span> <span class='ocrx_word' id='word_1_639' title='bbox 1568 4814 1762 4875; x_wconf 89' lang='lat' dir='ltr'><strong>solum</strong></span> <span class='ocrx_word' id='word_1_640' title='bbox 1795 4815 2023 4895; x_wconf 54' lang='lat' dir='ltr'><strong>episcoo</strong></span> <span class='ocrx_word' id='word_1_641' title='bbox 2104 4837 2233 4881; x_wconf 92' lang='lat' dir='ltr'><strong>rem</strong></span> <span class='ocrx_word' id='word_1_642' title='bbox 2261 4818 2379 4880; x_wconf 91' lang='lat' dir='ltr'><strong>sibi</strong></span> <span class='ocrx_word' id='word_1_643' title='bbox 2398 4835 2532 4879; x_wconf 84' lang='lat' dir='ltr'><strong>esse</strong></span> <span class='ocrx_word' id='word_1_644' title='bbox 2553 4817 2813 4891; x_wconf 89' lang='lat' dir='ltr'><strong>dicebat,</strong></span> <span class='ocrx_word' id='word_1_645' title='bbox 2837 4821 2977 4879; x_wconf 83' lang='lat' dir='ltr'><strong>utin</strong></span> <span class='ocrx_word' id='word_1_646' title='bbox 3005 4820 3491 4898; x_wconf 82' lang='lat' dir='ltr'><strong>Mesopotamiam</strong></span> <span class='ocrx_word' id='word_1_647' title='bbox 3519 4837 3587 4880; x_wconf 91' lang='lat' dir='ltr'><strong>ac</strong></span> <span class='ocrx_word' id='word_1_648' title='bbox 3609 4819 3749 4883; x_wconf 90' lang='lat' dir='ltr'><strong>inde</strong></span> 
     </span>
    </p>
   </div>
   <div class='ocr_carea' id='block_1_80' title="bbox 370 4904 3749 4993">
    <p class='ocr_par' dir='ltr' id='par_1_80' title="bbox 370 4904 3749 4993">
     <span class='ocr_line' id='line_1_80' title="bbox 370 4904 3749 4993; baseline -0.001 -21"><span class='ocrx_word' id='word_1_649' title='bbox 370 4921 509 4993; x_wconf 91' lang='lat' dir='ltr'><strong>patu</strong></span> <span class='ocrx_word' id='word_1_650' title='bbox 531 4910 983 4985; x_wconf 88' lang='lat' dir='ltr'><strong>frustratur,sed</strong></span> <span class='ocrx_word' id='word_1_651' title='bbox 1010 4908 1188 4971; x_wconf 80' lang='lat' dir='ltr'><strong>etiam</strong></span> <span class='ocrx_word' id='word_1_652' title='bbox 1210 4926 1346 4969; x_wconf 89' lang='lat' dir='ltr'><strong>eum</strong></span> <span class='ocrx_word' id='word_1_653' title='bbox 1368 4904 1714 4985; x_wconf 79' lang='lat' dir='ltr'><strong>gravissima</strong></span> <span class='ocrx_word' id='word_1_654' title='bbox 1735 4913 1900 4965; x_wconf 87' lang='lat' dir='ltr'><strong>notat</strong></span> <span class='ocrx_word' id='word_1_655' title='bbox 1920 4906 2021 4965; x_wconf 88' lang='lat' dir='ltr'><strong>in—</strong></span> <span class='ocrx_word' id='word_1_656' title='bbox 2105 4908 2485 4973; x_wconf 89' lang='lat' dir='ltr'><strong>Antiochiam</strong></span> <span class='ocrx_word' id='word_1_657' title='bbox 2521 4924 2586 4967; x_wconf 86' lang='lat' dir='ltr'><strong>se</strong></span> <span class='ocrx_word' id='word_1_658' title='bbox 2616 4904 2939 4979; x_wconf 86' lang='lat' dir='ltr'><strong>conferret,</strong></span> <span class='ocrx_word' id='word_1_659' title='bbox 2973 4906 3277 4969; x_wconf 89' lang='lat' dir='ltr'><strong>Meletium</strong></span> <span class='ocrx_word' id='word_1_660' title='bbox 3311 4907 3493 4969; x_wconf 90' lang='lat' dir='ltr'><strong>fuisse</strong></span> <span class='ocrx_word' id='word_1_661' title='bbox 3522 4924 3749 4987; x_wconf 75' lang='lat' dir='ltr'><strong>cogno-</strong></span> 
     </span>
    </p>
   </div>
   <div class='ocr_carea' id='block_1_81' title="bbox 361 4994 3750 5082">
    <p class='ocr_par' dir='ltr' id='par_1_81' title="bbox 361 4994 3750 5082">
     <span class='ocr_line' id='line_1_81' title="bbox 361 4994 3750 5082; baseline -0.001 -18"><span class='ocrx_word' id='word_1_662' title='bbox 361 5002 546 5082; x_wconf 84' lang='lat' dir='ltr'><strong>juria,</strong></span> <span class='ocrx_word' id='word_1_663' title='bbox 586 5020 719 5063; x_wconf 90' lang='lat' dir='ltr'><strong>cum</strong></span> <span class='ocrx_word' id='word_1_664' title='bbox 751 5001 829 5061; x_wconf 87' lang='lat' dir='ltr'><strong>ait</strong></span> <span class='ocrx_word' id='word_1_665' title='bbox 862 5017 962 5061; x_wconf 87' lang='lat' dir='ltr'><strong>eos</strong></span> <span class='ocrx_word' id='word_1_666' title='bbox 990 5000 1099 5079; x_wconf 75' lang='lat' dir='ltr'><strong>qui</strong></span> <span class='ocrx_word' id='word_1_667' title='bbox 1144 4998 1215 5059; x_wconf 74' lang='lat' dir='ltr'><strong>de</strong></span> <span class='ocrx_word' id='word_1_668' title='bbox 1265 4996 1559 5059; x_wconf 66' lang='lat' dir='ltr'><strong>Eccleaiis</strong></span> <span class='ocrx_word' id='word_1_669' title='bbox 1607 4997 1691 5058; x_wconf 83' lang='lat' dir='ltr'><strong>ad</strong></span> <span class='ocrx_word' id='word_1_670' title='bbox 1720 4997 1877 5057; x_wconf 76' lang='lat' dir='ltr'><strong>alias</strong></span> <span class='ocrx_word' id='word_1_671' title='bbox 1904 4994 2026 5055; x_wconf 75' lang='grc' dir='ltr'><strong>Εε-</strong></span> <span class='ocrx_word' id='word_1_672' title='bbox 2106 4999 2334 5062; x_wconf 92' lang='lat' dir='ltr'><strong>scimus</strong></span> <span class='ocrx_word' id='word_1_673' title='bbox 2364 5015 2436 5058; x_wconf 89' lang='lat' dir='ltr'><strong>ex</strong></span> <span class='ocrx_word' id='word_1_674' title='bbox 2464 4995 2674 5075; x_wconf 90' lang='lat' dir='ltr'><strong>primis</strong></span> <span class='ocrx_word' id='word_1_675' title='bbox 2709 4995 2905 5056; x_wconf 88' lang='lat' dir='ltr'><strong>verbis</strong></span> <span class='ocrx_word' id='word_1_676' title='bbox 2936 4994 3204 5074; x_wconf 74' lang='lat' dir='ltr'><strong>epistolae</strong></span> <span class='ocrx_word' id='word_1_677' title='bbox 3228 4995 3367 5071; x_wconf 73' lang='lat'><strong>216,</strong></span> <span class='ocrx_word' id='word_1_678' title='bbox 3392 5013 3527 5077; x_wconf 83' lang='lat' dir='ltr'><strong>quae</strong></span> <span class='ocrx_word' id='word_1_679' title='bbox 3556 5006 3647 5058; x_wconf 88' lang='lat' dir='ltr'><strong>est</strong></span> <span class='ocrx_word' id='word_1_680' title='bbox 3676 4998 3750 5060; x_wconf 90' lang='lat' dir='ltr'><strong>ad</strong></span> 
     </span>
    </p>
   </div>
   <div class='ocr_carea' id='block_1_82' title="bbox 370 5084 2023 5169">
    <p class='ocr_par' dir='ltr' id='par_1_82' title="bbox 370 5088 2023 5169">
     <span class='ocr_line' id='line_1_82' title="bbox 370 5088 2023 5169; baseline -0.005 -14"><span class='ocrx_word' id='word_1_681' title='bbox 370 5093 583 5155; x_wconf 76' lang='lat' dir='ltr'><strong>etesias</strong></span> <span class='ocrx_word' id='word_1_682' title='bbox 620 5093 1079 5169; x_wconf 74' lang='lat' dir='ltr'><strong>migrauerunt,</strong></span> <span class='ocrx_word' id='word_1_683' title='bbox 1114 5088 1335 5149; x_wconf 83' lang='lat' dir='ltr'><strong>tandiu</strong></span> <span class='ocrx_word' id='word_1_684' title='bbox 1373 5105 1411 5148; x_wconf 81' lang='grc' dir='ltr'><em>α</em></span> <span class='ocrx_word' id='word_1_685' title='bbox 1463 5088 1886 5148; x_wconf 82' lang='lat' dir='ltr'><strong>communione</strong></span> <span class='ocrx_word' id='word_1_686' title='bbox 1914 5103 2023 5147; x_wconf 84' lang='lat' dir='ltr'><strong>sua</strong></span> 
     </span>
    </p>
   </div>
   <div class='ocr_carea' id='block_1_83' title="bbox 2113 5084 3750 5169">
    <p class='ocr_par' dir='ltr' id='par_1_83' title="bbox 2113 5084 3750 5166">
     <span class='ocr_line' id='line_1_83' title="bbox 2113 5084 3750 5166; baseline -0.002 -13"><span class='ocrx_word' id='word_1_687' title='bbox 2113 5089 2409 5153; x_wconf 84' lang='lat' dir='ltr'><strong>Meletium</strong></span> <span class='ocrx_word' id='word_1_688' title='bbox 2443 5108 2456 5145; x_wconf 91' lang='lat'><strong>:</strong></span> <span class='ocrx_word' id='word_1_689' title='bbox 2483 5085 2688 5149; x_wconf 70' lang='lat' dir='ltr'><strong>Multae</strong></span> <span class='ocrx_word' id='word_1_690' title='bbox 2708 5084 3115 5166; x_wconf 85' lang='lat' dir='ltr'><strong>nos,inquit,et</strong></span> <span class='ocrx_word' id='word_1_691' title='bbox 3134 5084 3275 5147; x_wconf 73' lang='lat' dir='ltr'><strong>alia:</strong></span> <span class='ocrx_word' id='word_1_692' title='bbox 3292 5087 3750 5165; x_wconf 81' lang='lat' dir='ltr'><strong>peregrinatio-</strong></span> 
     </span>
    </p>
   </div>
   <div class='ocr_carea' id='block_1_84' title="bbox 370 5172 3752 5259">
    <p class='ocr_par' dir='ltr' id='par_1_84' title="bbox 370 5172 3752 5259">
     <span class='ocr_line' id='line_1_84' title="bbox 370 5172 3752 5259; baseline -0.003 -13"><span class='ocrx_word' id='word_1_693' title='bbox 370 5182 603 5246; x_wconf 67' lang='lat' dir='ltr'><strong>alieuos</strong></span> <span class='ocrx_word' id='word_1_694' title='bbox 632 5183 783 5259; x_wconf 80' lang='lat' dir='ltr'><strong>fore,</strong></span> <span class='ocrx_word' id='word_1_695' title='bbox 818 5179 1007 5241; x_wconf 86' lang='lat' dir='ltr'><strong>donec</strong></span> <span class='ocrx_word' id='word_1_696' title='bbox 1038 5178 1115 5240; x_wconf 84' lang='lat' dir='ltr'><strong>ad</strong></span> <span class='ocrx_word' id='word_1_697' title='bbox 1163 5194 1268 5239; x_wconf 82' lang='lat' dir='ltr'><strong>cas</strong></span> <span class='ocrx_word' id='word_1_698' title='bbox 1296 5177 1591 5239; x_wconf 76' lang='lat' dir='ltr'><strong>redierint</strong></span> <span class='ocrx_word' id='word_1_699' title='bbox 1619 5175 1921 5255; x_wconf 83' lang='lat' dir='ltr'><strong>civitates,</strong></span> <span class='ocrx_word' id='word_1_700' title='bbox 1957 5176 2023 5237; x_wconf 84' lang='lat' dir='ltr'><strong>in</strong></span> <span class='ocrx_word' id='word_1_701' title='bbox 2105 5198 2212 5242; x_wconf 83' lang='lat' dir='ltr'><strong>nes</strong></span> <span class='ocrx_word' id='word_1_702' title='bbox 2233 5197 2270 5240; x_wconf 82' lang='grc' dir='ltr'><em>α</em></span> <span class='ocrx_word' id='word_1_703' title='bbox 2284 5177 2499 5257; x_wconf 82' lang='lat' dir='ltr'><strong>patria</strong></span> <span class='ocrx_word' id='word_1_704' title='bbox 2520 5181 2875 5238; x_wconf 81' lang='lat' dir='ltr'><strong>aoocaruut.</strong></span> <span class='ocrx_word' id='word_1_705' title='bbox 2901 5172 3051 5236; x_wconf 93' lang='lat' dir='ltr'><strong>Tum</strong></span> <span class='ocrx_word' id='word_1_706' title='bbox 3076 5193 3182 5237; x_wconf 86' lang='lat' dir='ltr'><strong>sua</strong></span> <span class='ocrx_word' id='word_1_707' title='bbox 3205 5176 3263 5236; x_wconf 92' lang='lat' dir='ltr'><strong>in</strong></span> <span class='ocrx_word' id='word_1_708' title='bbox 3292 5174 3574 5238; x_wconf 88' lang='lat' dir='ltr'><strong>Pisidiam</strong></span> <span class='ocrx_word' id='word_1_709' title='bbox 3605 5186 3667 5238; x_wconf 89' lang='lat' dir='ltr'><strong>et</strong></span> <span class='ocrx_word' id='word_1_710' title='bbox 3691 5177 3752 5237; x_wconf 89' lang='lat' dir='ltr'><strong>in</strong></span> 
     </span>
    </p>
   </div>
   <div class='ocr_carea' id='block_1_85' title="bbox 370 5264 3750 5354">
    <p class='ocr_par' dir='ltr' id='par_1_85' title="bbox 370 5264 3750 5354">
     <span class='ocr_line' id='line_1_85' title="bbox 370 5264 3750 5354; baseline -0.003 -20"><span class='ocrx_word' id='word_1_711' title='bbox 370 5274 594 5354; x_wconf 82' lang='lat' dir='ltr'><strong>quibus</strong></span> <span class='ocrx_word' id='word_1_712' title='bbox 620 5276 896 5351; x_wconf 76' lang='lat' dir='ltr'><strong>primum</strong></span> <span class='ocrx_word' id='word_1_713' title='bbox 927 5274 1070 5330; x_wconf 82' lang='lat' dir='ltr'><strong>sunt</strong></span> <span class='ocrx_word' id='word_1_714' title='bbox 1091 5270 1432 5330; x_wconf 84' lang='lat' dir='ltr'><strong>comtituti.</strong></span> <span class='ocrx_word' id='word_1_715' title='bbox 2107 5270 2359 5330; x_wconf 91' lang='lat' dir='ltr'><strong>Pontum</strong></span> <span class='ocrx_word' id='word_1_716' title='bbox 2395 5274 2595 5329; x_wconf 89' lang='lat' dir='ltr'><strong>narrat</strong></span> <span class='ocrx_word' id='word_1_717' title='bbox 2635 5264 2877 5342; x_wconf 89' lang='lat' dir='ltr'><strong>itinera,</strong></span> <span class='ocrx_word' id='word_1_718' title='bbox 2909 5282 2980 5326; x_wconf 89' lang='lat' dir='ltr'><strong>ac</strong></span> <span class='ocrx_word' id='word_1_719' title='bbox 3029 5264 3281 5344; x_wconf 80' lang='lat' dir='ltr'><strong>scriptas</strong></span> <span class='ocrx_word' id='word_1_720' title='bbox 3308 5266 3506 5327; x_wconf 89' lang='lat' dir='ltr'><strong>reditu</strong></span> <span class='ocrx_word' id='word_1_721' title='bbox 3538 5284 3646 5327; x_wconf 88' lang='lat' dir='ltr'><strong>suo</strong></span> <span class='ocrx_word' id='word_1_722' title='bbox 3675 5265 3750 5326; x_wconf 87' lang='lat' dir='ltr'><strong>ad</strong></span> 
     </span>
    </p>
   </div>
   <div class='ocr_carea' id='block_1_86' title="bbox 455 5354 3751 5435">
    <p class='ocr_par' dir='ltr' id='par_1_86' title="bbox 455 5354 3751 5435">
     <span class='ocr_line' id='line_1_86' title="bbox 455 5354 3751 5435; baseline -0.002 -13"><span class='ocrx_word' id='word_1_723' title='bbox 455 5363 687 5423; x_wconf 63' lang='lat' dir='ltr'><strong>Littera</strong></span> <span class='ocrx_word' id='word_1_724' title='bbox 703 5357 1022 5422; x_wconf 82' lang='lat' dir='ltr'><strong>Antiochia</strong></span> <span class='ocrx_word' id='word_1_725' title='bbox 1050 5355 1246 5419; x_wconf 68' lang='lat' dir='ltr'><strong>allatae</strong></span> <span class='ocrx_word' id='word_1_726' title='bbox 1261 5355 1751 5433; x_wconf 65' lang='lat' dir='ltr'><strong>Basilio,scriptm</strong></span> <span class='ocrx_word' id='word_1_727' title='bbox 1779 5354 2025 5417; x_wconf 86' lang='lat' dir='ltr'><strong>fuerunt</strong></span> <span class='ocrx_word' id='word_1_728' title='bbox 2105 5357 2452 5421; x_wconf 88' lang='lat' dir='ltr'><strong>Terentium</strong></span> <span class='ocrx_word' id='word_1_729' title='bbox 2472 5355 2721 5416; x_wconf 90' lang='lat' dir='ltr'><strong>litteras.</strong></span> <span class='ocrx_word' id='word_1_730' title='bbox 2748 5358 2833 5417; x_wconf 80' lang='lat' dir='ltr'><strong>Ex</strong></span> <span class='ocrx_word' id='word_1_731' title='bbox 2855 5354 3076 5430; x_wconf 87' lang='lat' dir='ltr'><strong>verbis,</strong></span> <span class='ocrx_word' id='word_1_732' title='bbox 3103 5373 3233 5435; x_wconf 66' lang='lat' dir='ltr'><strong>quas</strong></span> <span class='ocrx_word' id='word_1_733' title='bbox 3254 5354 3582 5430; x_wconf 86' lang='lat' dir='ltr'><strong>attulimus,</strong></span> <span class='ocrx_word' id='word_1_734' title='bbox 3611 5371 3751 5431; x_wconf 88' lang='lat' dir='ltr'><strong>per-</strong></span> 
     </span>
    </p>
   </div>
   <div class='ocr_carea' id='block_1_87' title="bbox 372 5441 3751 5532">
    <p class='ocr_par' dir='ltr' id='par_1_87' title="bbox 372 5441 3751 5532">
     <span class='ocr_line' id='line_1_87' title="bbox 372 5441 3751 5532; baseline -0.004 -15"><span class='ocrx_word' id='word_1_735' title='bbox 372 5471 409 5516; x_wconf 80' lang='lat' dir='ltr'><strong>a</strong></span> <span class='ocrx_word' id='word_1_736' title='bbox 436 5452 738 5517; x_wconf 86' lang='lat' dir='ltr'><strong>Dorotheo</strong></span> <span class='ocrx_word' id='word_1_737' title='bbox 767 5447 1140 5531; x_wconf 78' lang='lat' dir='ltr'><strong>presbytoro,</strong></span> <span class='ocrx_word' id='word_1_738' title='bbox 1172 5446 1271 5510; x_wconf 90' lang='lat' dir='ltr'><strong>cui</strong></span> <span class='ocrx_word' id='word_1_739' title='bbox 1300 5446 1556 5510; x_wconf 85' lang='lat' dir='ltr'><strong>Basilius</strong></span> <span class='ocrx_word' id='word_1_740' title='bbox 1585 5452 1660 5523; x_wconf 78' lang='grc' dir='ltr'><strong>(ε)</strong></span> <span class='ocrx_word' id='word_1_741' title='bbox 1683 5446 1757 5507; x_wconf 89' lang='lat' dir='ltr'><strong>de</strong></span> <span class='ocrx_word' id='word_1_742' title='bbox 1809 5444 2021 5509; x_wconf 88' lang='lat' dir='ltr'><strong>eodem</strong></span> <span class='ocrx_word' id='word_1_743' title='bbox 2107 5448 2360 5532; x_wconf 87' lang='lat' dir='ltr'><strong>spicitur</strong></span> <span class='ocrx_word' id='word_1_744' title='bbox 2386 5444 2647 5526; x_wconf 80' lang='lat' dir='ltr'><strong>aliquam</strong></span> <span class='ocrx_word' id='word_1_745' title='bbox 2676 5441 3508 5525; x_wconf 76' lang='lat' dir='ltr'><strong>peregrinationemaMeletio</strong></span> <span class='ocrx_word' id='word_1_746' title='bbox 3520 5459 3751 5523; x_wconf 84' lang='lat' dir='ltr'><strong>propo-</strong></span> 
     </span>
    </p>
   </div>
   <div class='ocr_carea' id='block_1_88' title="bbox 448 5620 864 5705">
    <p class='ocr_par' dir='ltr' id='par_1_88' title="bbox 448 5620 864 5705">
     <span class='ocr_line' id='line_1_88' title="bbox 448 5620 864 5705; baseline -0.005 -18"><span class='ocrx_word' id='word_1_747' title='bbox 448 5624 541 5705; x_wconf 80' lang='grc' dir='ltr'><strong>(α)</strong></span> <span class='ocrx_word' id='word_1_748' title='bbox 574 5620 688 5703; x_wconf 86' lang='lat' dir='ltr'><strong>Ep.</strong></span> <span class='ocrx_word' id='word_1_749' title='bbox 708 5622 864 5705; x_wconf 48' lang='lat' dir='ltr'><strong>ﬁt}.</strong></span> 
     </span>
    </p>
   </div>
   <div class='ocr_carea' id='block_1_89' title="bbox 450 5699 847 5783">
    <p class='ocr_par' dir='ltr' id='par_1_89' title="bbox 450 5699 847 5783">
     <span class='ocr_line' id='line_1_89' title="bbox 450 5699 847 5783; baseline 0.003 -16"><span class='ocrx_word' id='word_1_750' title='bbox 450 5699 533 5783; x_wconf 69' lang='lat' dir='ltr'><strong>(bi</strong></span> <span class='ocrx_word' id='word_1_751' title='bbox 552 5699 681 5783; x_wconf 51' lang='lat' dir='ltr'><strong>Ep.</strong></span> <span class='ocrx_word' id='word_1_752' title='bbox 704 5699 847 5768; x_wconf 76' lang='lat' dir='ltr'><strong>2t5.</strong></span> 
     </span>
    </p>
   </div>
   <div class='ocr_carea' id='block_1_90' title="bbox 450 5780 716 5868">
    <p class='ocr_par' dir='ltr' id='par_1_90' title="bbox 450 5780 716 5868">
     <span class='ocr_line' id='line_1_90' title="bbox 450 5780 716 5868; baseline -0.019 -17"><span class='ocrx_word' id='word_1_753' title='bbox 450 5780 526 5868; x_wconf 75' lang='grc' dir='ltr'><strong>(ο)</strong></span> 
     </span>
    </p>
   </div>
   <div class='ocr_carea' id='block_1_91' title="bbox 2191 5615 2780 5701">
    <p class='ocr_par' dir='ltr' id='par_1_91' title="bbox 2191 5615 2780 5701">
     <span class='ocr_line' id='line_1_91' title="bbox 2191 5615 2780 5701; baseline -0.032 -3"><span class='ocrx_word' id='word_1_754' title='bbox 2191 5619 2267 5697; x_wconf 79' lang='grc' dir='ltr'><strong>(ἀ)</strong></span> <span class='ocrx_word' id='word_1_755' title='bbox 2300 5620 2413 5701; x_wconf 68' lang='grc' dir='ltr'>ΕΡ.</span> <span class='ocrx_word' id='word_1_756' title='bbox 2446 5615 2588 5701; x_wconf 58' lang='lat'><strong>215,</strong></span> <span class='ocrx_word' id='word_1_757' title='bbox 2620 5634 2682 5682; x_wconf 85' lang='grc' dir='ltr'><strong>ιι.</strong></span> <span class='ocrx_word' id='word_1_758' title='bbox 2716 5617 2780 5679; x_wconf 68' lang='grc'>9.</span> 
     </span>
    </p>
   </div>
   <div class='ocr_carea' id='block_1_92' title="bbox 2191 5695 2584 5784">
    <p class='ocr_par' dir='ltr' id='par_1_92' title="bbox 2191 5695 2584 5784">
     <span class='ocr_line' id='line_1_92' title="bbox 2191 5695 2584 5784; baseline -0.003 -19"><span class='ocrx_word' id='word_1_759' title='bbox 2191 5695 2274 5781; x_wconf 75' lang='grc' dir='ltr'><strong>(ι)</strong></span> <span class='ocrx_word' id='word_1_760' title='bbox 2301 5695 2411 5784; x_wconf 72' lang='lat' dir='ltr'><strong>Ep.</strong></span> <span class='ocrx_word' id='word_1_761' title='bbox 2440 5695 2584 5764; x_wconf 75' lang='lat'><strong>213.</strong></span> 
     </span>
    </p>
   </div>
  </div>
