  <div class='ocr_page' id='page_1' title='image "/cluster/home/n/w/nwhite01/storage/ocr_20150623/29:no.1/coo.31924054873108/156.png"; bbox 0 0 4142 6386; ppageno 0'>
   <div class='ocr_carea' id='block_1_1' title="bbox 1546 319 2211 392">
    <p class='ocr_par' dir='ltr' id='par_1_1' title="bbox 1546 319 2211 392">
     <span class='ocr_line' id='line_1_1' title="bbox 1546 319 2211 392; baseline 0.002 -2"><span class='ocrx_word' id='word_1_1' title='bbox 1546 329 1732 392; x_wconf 86' lang='lat' dir='ltr'><strong>VITA</strong></span> <span class='ocrx_word' id='word_1_2' title='bbox 1777 327 1835 391; x_wconf 82' lang='lat' dir='ltr'><strong>S.</strong></span> <span class='ocrx_word' id='word_1_3' title='bbox 1885 319 2211 392; x_wconf 59' lang='lat' dir='ltr'><strong>BASILIL</strong></span> 
     </span>
    </p>
   </div>
   <div class='ocr_carea' id='block_1_2' title="bbox 3413 347 3601 398">
    <p class='ocr_par' dir='ltr' id='par_1_2' title="bbox 3413 347 3601 398">
     <span class='ocr_line' id='line_1_2' title="bbox 3413 347 3601 398; baseline -0.005 0"><span class='ocrx_word' id='word_1_4' title='bbox 3413 347 3601 398; x_wconf 77' lang='lat' dir='ltr'><strong>CXLIII</strong></span> 
     </span>
    </p>
   </div>
   <div class='ocr_carea' id='block_1_3' title="bbox 215 463 3590 548">
    <p class='ocr_par' dir='ltr' id='par_1_3' title="bbox 215 463 3590 548">
     <span class='ocr_line' id='line_1_3' title="bbox 215 463 3590 548; baseline -0 -17"><span class='ocrx_word' id='word_1_5' title='bbox 215 487 429 531; x_wconf 90' lang='lat' dir='ltr'><strong>norum</strong></span> <span class='ocrx_word' id='word_1_6' title='bbox 449 465 935 546; x_wconf 89' lang='lat' dir='ltr'><strong>improbitas,sed</strong></span> <span class='ocrx_word' id='word_1_7' title='bbox 962 463 1158 544; x_wconf 80' lang='lat' dir='ltr'><strong>potius</strong></span> <span class='ocrx_word' id='word_1_8' title='bbox 1177 484 1390 526; x_wconf 89' lang='lat' dir='ltr'><strong>novum</strong></span> <span class='ocrx_word' id='word_1_9' title='bbox 1413 465 1555 526; x_wconf 83' lang='lat' dir='ltr'><strong>huic</strong></span> <span class='ocrx_word' id='word_1_10' title='bbox 1571 465 1856 526; x_wconf 88' lang='lat' dir='ltr'><strong>Ecclesia</strong></span> <span class='ocrx_word' id='word_1_11' title='bbox 1880 472 1912 519; x_wconf 85' lang='lat' dir='ltr'><strong>A</strong></span> <span class='ocrx_word' id='word_1_12' title='bbox 1939 482 2109 523; x_wconf 91' lang='lat' dir='ltr'><strong>suum</strong></span> <span class='ocrx_word' id='word_1_13' title='bbox 2141 463 2391 527; x_wconf 89' lang='lat' dir='ltr'><strong>levasset</strong></span> <span class='ocrx_word' id='word_1_14' title='bbox 2421 465 2694 528; x_wconf 85' lang='lat' dir='ltr'><strong>Basilius.</strong></span> <span class='ocrx_word' id='word_1_15' title='bbox 2732 471 2986 548; x_wconf 92' lang='lat' dir='ltr'><strong>Scripsit</strong></span> <span class='ocrx_word' id='word_1_16' title='bbox 3034 473 3273 532; x_wconf 85' lang='lat' dir='ltr'><strong>tandem</strong></span> <span class='ocrx_word' id='word_1_17' title='bbox 3326 468 3398 529; x_wconf 89' lang='lat' dir='ltr'><strong>ad</strong></span> <span class='ocrx_word' id='word_1_18' title='bbox 3451 488 3590 530; x_wconf 91' lang='lat' dir='ltr'><strong>eum</strong></span> 
     </span>
    </p>
   </div>
   <div class='ocr_carea' id='block_1_4' title="bbox 214 554 1862 635">
    <p class='ocr_par' dir='ltr' id='par_1_4' title="bbox 214 554 1862 635">
     <span class='ocr_line' id='line_1_4' title="bbox 214 554 1862 635; baseline -0.004 -12"><span class='ocrx_word' id='word_1_19' title='bbox 214 562 400 622; x_wconf 83' lang='lat' dir='ltr'><strong>decus</strong></span> <span class='ocrx_word' id='word_1_20' title='bbox 428 557 648 635; x_wconf 75' lang='lat' dir='ltr'><strong>attulit,</strong></span> <span class='ocrx_word' id='word_1_21' title='bbox 679 556 872 617; x_wconf 79' lang='lat' dir='ltr'><strong>oblata</strong></span> <span class='ocrx_word' id='word_1_22' title='bbox 925 555 1063 616; x_wconf 81' lang='lat' dir='ltr'><strong>fidei</strong></span> <span class='ocrx_word' id='word_1_23' title='bbox 1095 554 1489 616; x_wconf 70' lang='lat' dir='ltr'><strong>defendendae</strong></span> <span class='ocrx_word' id='word_1_24' title='bbox 1525 557 1862 616; x_wconf 84' lang='lat' dir='ltr'><strong>occasione.</strong></span> 
     </span>
    </p>
   </div>
   <div class='ocr_carea' id='block_1_5' title="bbox 218 645 1866 726">
    <p class='ocr_par' dir='ltr' id='par_1_5' title="bbox 218 645 1866 726">
     <span class='ocr_line' id='line_1_5' title="bbox 218 645 1866 726; baseline -0.005 -12"><span class='ocrx_word' id='word_1_25' title='bbox 218 654 580 714; x_wconf 86' lang='lat' dir='ltr'><strong>Frontonem</strong></span> <span class='ocrx_word' id='word_1_26' title='bbox 595 647 799 708; x_wconf 86' lang='lat' dir='ltr'><strong>Ariani</strong></span> <span class='ocrx_word' id='word_1_27' title='bbox 815 645 1055 726; x_wconf 88' lang='lat' dir='ltr'><strong>quidem</strong></span> <span class='ocrx_word' id='word_1_28' title='bbox 1073 645 1416 725; x_wconf 88' lang='lat' dir='ltr'><strong>episcopum</strong></span> <span class='ocrx_word' id='word_1_29' title='bbox 1436 645 1866 719; x_wconf 73' lang='lat' dir='ltr'><strong>ordinaruntla)</strong></span> 
     </span>
    </p>
   </div>
   <div class='ocr_carea' id='block_1_6' title="bbox 214 734 1862 818">
    <p class='ocr_par' dir='ltr' id='par_1_6' title="bbox 214 734 1862 818">
     <span class='ocr_line' id='line_1_6' title="bbox 214 734 1862 818; baseline -0.005 -14"><span class='ocrx_word' id='word_1_30' title='bbox 214 741 322 804; x_wconf 91' lang='lat' dir='ltr'><strong>sed</strong></span> <span class='ocrx_word' id='word_1_31' title='bbox 351 741 410 800; x_wconf 91' lang='lat' dir='ltr'><strong>in</strong></span> <span class='ocrx_word' id='word_1_32' title='bbox 434 758 506 800; x_wconf 92' lang='lat' dir='ltr'><strong>eo</strong></span> <span class='ocrx_word' id='word_1_33' title='bbox 532 737 864 818; x_wconf 87' lang='lat' dir='ltr'><strong>rejiciendo</strong></span> <span class='ocrx_word' id='word_1_34' title='bbox 887 734 1100 796; x_wconf 87' lang='lat' dir='ltr'><strong>enituit</strong></span> <span class='ocrx_word' id='word_1_35' title='bbox 1125 735 1268 796; x_wconf 91' lang='lat' dir='ltr'><strong>cleri</strong></span> <span class='ocrx_word' id='word_1_36' title='bbox 1293 754 1363 797; x_wconf 86' lang='lat' dir='ltr'><strong>ac</strong></span> <span class='ocrx_word' id='word_1_37' title='bbox 1387 736 1584 816; x_wconf 86' lang='lat' dir='ltr'><strong>populi</strong></span> <span class='ocrx_word' id='word_1_38' title='bbox 1609 753 1862 797; x_wconf 91' lang='lat' dir='ltr'><strong>consen-</strong></span> 
     </span>
    </p>
   </div>
   <div class='ocr_carea' id='block_1_7' title="bbox 215 826 1868 894">
    <p class='ocr_par' dir='ltr' id='par_1_7' title="bbox 215 826 1868 894">
     <span class='ocr_line' id='line_1_7' title="bbox 215 826 1868 894; baseline -0.003 -1"><span class='ocrx_word' id='word_1_39' title='bbox 215 852 338 894; x_wconf 86' lang='lat' dir='ltr'><strong>sus.</strong></span> <span class='ocrx_word' id='word_1_40' title='bbox 372 831 482 891; x_wconf 85' lang='lat' dir='ltr'><strong>Vix</strong></span> <span class='ocrx_word' id='word_1_41' title='bbox 505 847 664 888; x_wconf 88' lang='lat' dir='ltr'><strong>unus</strong></span> <span class='ocrx_word' id='word_1_42' title='bbox 687 835 784 887; x_wconf 92' lang='lat' dir='ltr'><strong>aut</strong></span> <span class='ocrx_word' id='word_1_43' title='bbox 805 828 958 888; x_wconf 85' lang='lat' dir='ltr'><strong>alter</strong></span> <span class='ocrx_word' id='word_1_44' title='bbox 990 827 1255 888; x_wconf 79' lang='lat' dir='ltr'><strong>clericus</strong></span> <span class='ocrx_word' id='word_1_45' title='bbox 1282 845 1417 889; x_wconf 91' lang='lat' dir='ltr'><strong>cum</strong></span> <span class='ocrx_word' id='word_1_46' title='bbox 1447 846 1517 887; x_wconf 92' lang='lat' dir='ltr'><strong>eo</strong></span> <span class='ocrx_word' id='word_1_47' title='bbox 1541 826 1745 888; x_wconf 90' lang='lat' dir='ltr'><strong>abiere</strong></span> <span class='ocrx_word' id='word_1_48' title='bbox 1773 847 1784 888; x_wconf 94' lang='lat'>:</span> <span class='ocrx_word' id='word_1_49' title='bbox 1810 837 1868 888; x_wconf 83' lang='lat' dir='ltr'><strong>at</strong></span> 
     </span>
    </p>
   </div>
   <div class='ocr_carea' id='block_1_8' title="bbox 214 917 1863 983">
    <p class='ocr_par' dir='ltr' id='par_1_8' title="bbox 214 917 1863 983">
     <span class='ocr_line' id='line_1_8' title="bbox 214 917 1863 983; baseline -0.005 0"><span class='ocrx_word' id='word_1_50' title='bbox 214 922 404 983; x_wconf 84' lang='lat' dir='ltr'><strong>factus</strong></span> <span class='ocrx_word' id='word_1_51' title='bbox 435 931 525 980; x_wconf 90' lang='lat' dir='ltr'><strong>est</strong></span> <span class='ocrx_word' id='word_1_52' title='bbox 554 919 890 979; x_wconf 92' lang='lat' dir='ltr'><strong>communis</strong></span> <span class='ocrx_word' id='word_1_53' title='bbox 955 918 1283 977; x_wconf 85' lang='lat' dir='ltr'><strong>exsecratio</strong></span> <span class='ocrx_word' id='word_1_54' title='bbox 1331 917 1508 976; x_wconf 90' lang='lat' dir='ltr'><strong>totius</strong></span> <span class='ocrx_word' id='word_1_55' title='bbox 1543 917 1863 978; x_wconf 81' lang='lat' dir='ltr'><strong>Armenia.</strong></span> 
     </span>
    </p>
   </div>
   <div class='ocr_carea' id='block_1_9' title="bbox 216 1006 1868 1092">
    <p class='ocr_par' dir='ltr' id='par_1_9' title="bbox 216 1006 1868 1092">
     <span class='ocr_line' id='line_1_9' title="bbox 216 1006 1868 1092; baseline -0.004 -19"><span class='ocrx_word' id='word_1_56' title='bbox 216 1012 419 1092; x_wconf 89' lang='lat' dir='ltr'><strong>Itaque</strong></span> <span class='ocrx_word' id='word_1_57' title='bbox 453 1007 660 1072; x_wconf 80' lang='lat' dir='ltr'><strong>Ariani</strong></span> <span class='ocrx_word' id='word_1_58' title='bbox 686 1026 751 1068; x_wconf 91' lang='lat' dir='ltr'><strong>re</strong></span> <span class='ocrx_word' id='word_1_59' title='bbox 783 1008 1002 1068; x_wconf 78' lang='lat' dir='ltr'><strong>infecta</strong></span> <span class='ocrx_word' id='word_1_60' title='bbox 1033 1006 1365 1076; x_wconf 88' lang='lat' dir='ltr'><strong>redierunt,</strong></span> <span class='ocrx_word' id='word_1_61' title='bbox 1394 1015 1450 1067; x_wconf 91' lang='lat' dir='ltr'><strong>et</strong></span> <span class='ocrx_word' id='word_1_62' title='bbox 1472 1006 1528 1065; x_wconf 92' lang='lat' dir='ltr'><strong>in</strong></span> <span class='ocrx_word' id='word_1_63' title='bbox 1560 1006 1868 1066; x_wconf 89' lang='lat' dir='ltr'><strong>redeundo</strong></span> 
     </span>
    </p>
   </div>
   <div class='ocr_carea' id='block_1_10' title="bbox 220 1095 1868 1181">
    <p class='ocr_par' dir='ltr' id='par_1_10' title="bbox 220 1095 1868 1181">
     <span class='ocr_line' id='line_1_10' title="bbox 220 1095 1868 1181; baseline -0.004 -19"><span class='ocrx_word' id='word_1_64' title='bbox 220 1102 412 1181; x_wconf 89' lang='lat' dir='ltr'><strong>aliqua</strong></span> <span class='ocrx_word' id='word_1_65' title='bbox 440 1100 765 1177; x_wconf 87' lang='lat' dir='ltr'><strong>impietatis</strong></span> <span class='ocrx_word' id='word_1_66' title='bbox 793 1116 914 1157; x_wconf 86' lang='lat' dir='ltr'><strong>sua</strong></span> <span class='ocrx_word' id='word_1_67' title='bbox 948 1096 1187 1174; x_wconf 88' lang='lat' dir='ltr'><strong>vestigia</strong></span> <span class='ocrx_word' id='word_1_68' title='bbox 1218 1098 1609 1174; x_wconf 89' lang='lat' dir='ltr'><strong>reliquerunt,</strong></span> <span class='ocrx_word' id='word_1_69' title='bbox 1634 1095 1708 1156; x_wconf 91' lang='lat' dir='ltr'><strong>de</strong></span> <span class='ocrx_word' id='word_1_70' title='bbox 1731 1098 1868 1176; x_wconf 88' lang='lat' dir='ltr'><strong>qui-</strong></span> 
     </span>
    </p>
   </div>
   <div class='ocr_carea' id='block_1_11' title="bbox 215 1186 1863 1267">
    <p class='ocr_par' dir='ltr' id='par_1_11' title="bbox 215 1186 1863 1267">
     <span class='ocr_line' id='line_1_11' title="bbox 215 1186 1863 1267; baseline -0.004 -15"><span class='ocrx_word' id='word_1_71' title='bbox 215 1193 328 1252; x_wconf 87' lang='lat' dir='ltr'><strong>bus</strong></span> <span class='ocrx_word' id='word_1_72' title='bbox 361 1193 441 1250; x_wconf 87' lang='lat' dir='ltr'><strong>sic</strong></span> <span class='ocrx_word' id='word_1_73' title='bbox 476 1190 729 1250; x_wconf 88' lang='lat' dir='ltr'><strong>Basilius</strong></span> <span class='ocrx_word' id='word_1_74' title='bbox 763 1188 823 1247; x_wconf 92' lang='lat' dir='ltr'><strong>in</strong></span> <span class='ocrx_word' id='word_1_75' title='bbox 866 1206 964 1267; x_wconf 90' lang='lat' dir='ltr'><strong>ep.</strong></span> <span class='ocrx_word' id='word_1_76' title='bbox 1000 1188 1140 1266; x_wconf 73' lang='lat' dir='ltr'><strong>25f,</strong></span> <span class='ocrx_word' id='word_1_77' title='bbox 1179 1206 1239 1247; x_wconf 91' lang='lat' dir='ltr'><strong>n.</strong></span> <span class='ocrx_word' id='word_1_78' title='bbox 1274 1186 1348 1247; x_wconf 91' lang='lat'>3:</span> <span class='ocrx_word' id='word_1_79' title='bbox 1411 1186 1493 1246; x_wconf 77' lang='grc' dir='ltr'><strong>Ηι·</strong></span> <span class='ocrx_word' id='word_1_80' title='bbox 1536 1187 1863 1266; x_wconf 75' lang='lat' dir='ltr'><strong>Nicopolim</strong></span> 
     </span>
    </p>
   </div>
   <div class='ocr_carea' id='block_1_12' title="bbox 214 1277 1867 1362">
    <p class='ocr_par' dir='ltr' id='par_1_12' title="bbox 214 1277 1867 1362">
     <span class='ocr_line' id='line_1_12' title="bbox 214 1277 1867 1362; baseline -0.004 -18"><span class='ocrx_word' id='word_1_81' title='bbox 214 1299 401 1362; x_wconf 84' lang='lat' dir='ltr'><strong>usque</strong></span> <span class='ocrx_word' id='word_1_82' title='bbox 427 1280 757 1359; x_wconf 79' lang='lat' dir='ltr'><strong>progressi,</strong></span> <span class='ocrx_word' id='word_1_83' title='bbox 776 1296 909 1338; x_wconf 87' lang='lat' dir='ltr'><strong>cum</strong></span> <span class='ocrx_word' id='word_1_84' title='bbox 933 1277 1094 1337; x_wconf 79' lang='lat' dir='ltr'><strong>nihil</strong></span> <span class='ocrx_word' id='word_1_85' title='bbox 1115 1282 1456 1355; x_wconf 74' lang='lat' dir='ltr'><strong>potuissent</strong></span> <span class='ocrx_word' id='word_1_86' title='bbox 1479 1293 1708 1351; x_wconf 83' lang='lat' dir='ltr'><strong>eorum,</strong></span> <span class='ocrx_word' id='word_1_87' title='bbox 1729 1296 1867 1356; x_wconf 66' lang='lat' dir='ltr'><strong>quae</strong></span> 
     </span>
    </p>
   </div>
   <div class='ocr_carea' id='block_1_13' title="bbox 208 1366 1864 1450">
    <p class='ocr_par' dir='ltr' id='par_1_13' title="bbox 208 1366 1864 1450">
     <span class='ocr_line' id='line_1_13' title="bbox 208 1366 1864 1450; baseline -0.003 -18"><span class='ocrx_word' id='word_1_88' title='bbox 208 1368 966 1450; x_wconf 73' lang='lat' dir='ltr'><strong>promiserant,perﬁcere;</strong></span> <span class='ocrx_word' id='word_1_89' title='bbox 989 1367 1290 1447; x_wconf 81' lang='lat' dir='ltr'><strong>quomodo</strong></span> <span class='ocrx_word' id='word_1_90' title='bbox 1313 1366 1864 1445; x_wconf 81' lang='lat' dir='ltr'><strong>redierint,qualc-</strong></span> 
     </span>
    </p>
   </div>
   <div class='ocr_carea' id='block_1_14' title="bbox 207 1456 1863 1540">
    <p class='ocr_par' dir='ltr' id='par_1_14' title="bbox 207 1456 1863 1540">
     <span class='ocr_line' id='line_1_14' title="bbox 207 1456 1863 1540; baseline -0.007 -18"><span class='ocrx_word' id='word_1_91' title='bbox 207 1479 358 1540; x_wconf 83' lang='lat' dir='ltr'><strong>sque</strong></span> <span class='ocrx_word' id='word_1_92' title='bbox 388 1465 454 1520; x_wconf 80' lang='lat' dir='ltr'><strong>in</strong></span> <span class='ocrx_word' id='word_1_93' title='bbox 476 1457 784 1520; x_wconf 82' lang='lat' dir='ltr'><strong>redeundo</strong></span> <span class='ocrx_word' id='word_1_94' title='bbox 804 1458 924 1517; x_wconf 80' lang='lat' dir='ltr'><strong>visi</strong></span> <span class='ocrx_word' id='word_1_95' title='bbox 949 1457 1093 1532; x_wconf 85' lang='lat' dir='ltr'><strong>sint,</strong></span> <span class='ocrx_word' id='word_1_96' title='bbox 1120 1464 1354 1518; x_wconf 82' lang='lat' dir='ltr'><strong>norunt</strong></span> <span class='ocrx_word' id='word_1_97' title='bbox 1373 1457 1476 1533; x_wconf 75' lang='lat' dir='ltr'><strong>qui.</strong></span> <span class='ocrx_word' id='word_1_98' title='bbox 1503 1456 1863 1530; x_wconf 80' lang='lat' dir='ltr'><strong>adfuerunt.</strong></span> 
     </span>
    </p>
   </div>
   <div class='ocr_carea' id='block_1_15' title="bbox 292 1544 1862 1622">
    <p class='ocr_par' dir='ltr' id='par_1_15' title="bbox 292 1544 1862 1622">
     <span class='ocr_line' id='line_1_15' title="bbox 292 1544 1862 1622; baseline -0.003 -12"><span class='ocrx_word' id='word_1_99' title='bbox 292 1549 724 1610; x_wconf 89' lang='lat' dir='ltr'><strong>Demosthenes</strong></span> <span class='ocrx_word' id='word_1_100' title='bbox 740 1545 841 1606; x_wconf 91' lang='lat' dir='ltr'><strong>ubi</strong></span> <span class='ocrx_word' id='word_1_101' title='bbox 859 1545 1001 1606; x_wconf 89' lang='lat' dir='ltr'><strong>vidit</strong></span> <span class='ocrx_word' id='word_1_102' title='bbox 1023 1544 1471 1622; x_wconf 80' lang='lat' dir='ltr'><strong>Nicopolitanos</strong></span> <span class='ocrx_word' id='word_1_103' title='bbox 1487 1564 1603 1604; x_wconf 91' lang='lat' dir='ltr'><strong>non</strong></span> <span class='ocrx_word' id='word_1_104' title='bbox 1623 1545 1862 1618; x_wconf 87' lang='lat' dir='ltr'><strong>cedere,</strong></span> 
     </span>
    </p>
   </div>
   <div class='ocr_carea' id='block_1_16' title="bbox 211 1634 1864 1716">
    <p class='ocr_par' dir='ltr' id='par_1_16' title="bbox 211 1634 1864 1716">
     <span class='ocr_line' id='line_1_16' title="bbox 211 1634 1864 1716; baseline -0.002 -20"><span class='ocrx_word' id='word_1_105' title='bbox 211 1640 264 1699; x_wconf 96' lang='lat' dir='ltr'><strong>vi</strong></span> <span class='ocrx_word' id='word_1_106' title='bbox 293 1648 351 1698; x_wconf 94' lang='lat' dir='ltr'><strong>et</strong></span> <span class='ocrx_word' id='word_1_107' title='bbox 383 1637 773 1716; x_wconf 90' lang='lat' dir='ltr'><strong>impressione</strong></span> <span class='ocrx_word' id='word_1_108' title='bbox 801 1634 1139 1695; x_wconf 90' lang='lat' dir='ltr'><strong>ordinatum</strong></span> <span class='ocrx_word' id='word_1_109' title='bbox 1167 1634 1283 1694; x_wconf 92' lang='lat' dir='ltr'><strong>illis</strong></span> <span class='ocrx_word' id='word_1_110' title='bbox 1305 1634 1864 1713; x_wconf 89' lang='lat' dir='ltr'><strong>episcopumimpo-</strong></span> 
     </span>
    </p>
   </div>
   <div class='ocr_carea' id='block_1_17' title="bbox 213 1723 1864 1804">
    <p class='ocr_par' dir='ltr' id='par_1_17' title="bbox 213 1723 1864 1804">
     <span class='ocr_line' id='line_1_17' title="bbox 213 1723 1864 1804; baseline -0.004 -16"><span class='ocrx_word' id='word_1_111' title='bbox 213 1745 360 1788; x_wconf 89' lang='lat' dir='ltr'><strong>nere</strong></span> <span class='ocrx_word' id='word_1_112' title='bbox 378 1743 692 1804; x_wconf 83' lang='lat' dir='ltr'><strong>aggressus</strong></span> <span class='ocrx_word' id='word_1_113' title='bbox 715 1734 827 1792; x_wconf 93' lang='lat' dir='ltr'><strong>est,</strong></span> <span class='ocrx_word' id='word_1_114' title='bbox 859 1743 924 1784; x_wconf 89' lang='lat' dir='ltr'><strong>ac</strong></span> <span class='ocrx_word' id='word_1_115' title='bbox 946 1724 1275 1785; x_wconf 86' lang='lat' dir='ltr'><strong>Ecclesiam</strong></span> <span class='ocrx_word' id='word_1_116' title='bbox 1303 1723 1557 1784; x_wconf 87' lang='lat' dir='ltr'><strong>civitatis</strong></span> <span class='ocrx_word' id='word_1_117' title='bbox 1578 1723 1864 1783; x_wconf 80' lang='lat' dir='ltr'><strong>Frontoni</strong></span> 
     </span>
    </p>
   </div>
   <div class='ocr_carea' id='block_1_18' title="bbox 211 1813 1867 1894">
    <p class='ocr_par' dir='ltr' id='par_1_18' title="bbox 211 1813 1867 1894">
     <span class='ocr_line' id='line_1_18' title="bbox 211 1813 1867 1894; baseline -0.004 -16"><span class='ocrx_word' id='word_1_118' title='bbox 211 1816 478 1878; x_wconf 89' lang='lat' dir='ltr'><strong>tradidit.</strong></span> <span class='ocrx_word' id='word_1_119' title='bbox 518 1813 632 1876; x_wconf 89' lang='lat' dir='ltr'><strong>Sed</strong></span> <span class='ocrx_word' id='word_1_120' title='bbox 666 1821 869 1876; x_wconf 84' lang='lat' dir='ltr'><strong>tamen</strong></span> <span class='ocrx_word' id='word_1_121' title='bbox 895 1813 1044 1873; x_wconf 90' lang='lat' dir='ltr'><strong>nihil</strong></span> <span class='ocrx_word' id='word_1_122' title='bbox 1077 1813 1397 1894; x_wconf 87' lang='lat' dir='ltr'><strong>promovit,</strong></span> <span class='ocrx_word' id='word_1_123' title='bbox 1428 1813 1867 1891; x_wconf 88' lang='lat' dir='ltr'><strong>malueruntpii</strong></span> 
     </span>
    </p>
   </div>
   <div class='ocr_carea' id='block_1_19' title="bbox 212 1904 1870 1982">
    <p class='ocr_par' dir='ltr' id='par_1_19' title="bbox 212 1904 1870 1982">
     <span class='ocr_line' id='line_1_19' title="bbox 212 1904 1870 1982; baseline -0.003 -15"><span class='ocrx_word' id='word_1_124' title='bbox 212 1907 496 1968; x_wconf 89' lang='lat' dir='ltr'><strong>homines</strong></span> <span class='ocrx_word' id='word_1_125' title='bbox 528 1904 637 1964; x_wconf 91' lang='lat' dir='ltr'><strong>sub</strong></span> <span class='ocrx_word' id='word_1_126' title='bbox 664 1904 762 1964; x_wconf 88' lang='lat' dir='ltr'><strong>dio</strong></span> <span class='ocrx_word' id='word_1_127' title='bbox 797 1913 1125 1964; x_wconf 90' lang='lat' dir='ltr'><strong>conventus</strong></span> <span class='ocrx_word' id='word_1_128' title='bbox 1152 1921 1290 1963; x_wconf 87' lang='lat' dir='ltr'><strong>suos</strong></span> <span class='ocrx_word' id='word_1_129' title='bbox 1314 1920 1512 1980; x_wconf 86' lang='lat' dir='ltr'><strong>agere,</strong></span> <span class='ocrx_word' id='word_1_130' title='bbox 1537 1921 1713 1982; x_wconf 91' lang='lat' dir='ltr'><strong>quam</strong></span> <span class='ocrx_word' id='word_1_131' title='bbox 1739 1921 1870 1963; x_wconf 91' lang='lat' dir='ltr'><strong>cum</strong></span> 
     </span>
    </p>
   </div>
   <div class='ocr_carea' id='block_1_20' title="bbox 213 1991 1875 2072">
    <p class='ocr_par' dir='ltr' id='par_1_20' title="bbox 213 1991 1875 2072">
     <span class='ocr_line' id='line_1_20' title="bbox 213 1991 1875 2072; baseline -0.005 -13"><span class='ocrx_word' id='word_1_132' title='bbox 213 1997 518 2059; x_wconf 89' lang='lat' dir='ltr'><strong>Frontone</strong></span> <span class='ocrx_word' id='word_1_133' title='bbox 571 1994 1041 2055; x_wconf 88' lang='lat' dir='ltr'><strong>communicare.</strong></span> <span class='ocrx_word' id='word_1_134' title='bbox 1078 1993 1282 2072; x_wconf 88' lang='lat' dir='ltr'><strong>Itaque</strong></span> <span class='ocrx_word' id='word_1_135' title='bbox 1319 1993 1376 2051; x_wconf 90' lang='lat' dir='ltr'><strong>in</strong></span> <span class='ocrx_word' id='word_1_136' title='bbox 1415 1993 1611 2052; x_wconf 88' lang='lat' dir='ltr'><strong>vacuis</strong></span> <span class='ocrx_word' id='word_1_137' title='bbox 1639 1991 1875 2052; x_wconf 88' lang='lat' dir='ltr'><strong>adibus</strong></span> 
     </span>
    </p>
   </div>
   <div class='ocr_carea' id='block_1_21' title="bbox 217 2083 1870 2168">
    <p class='ocr_par' dir='ltr' id='par_1_21' title="bbox 217 2083 1870 2168">
     <span class='ocr_line' id='line_1_21' title="bbox 217 2083 1870 2168; baseline -0.002 -20"><span class='ocrx_word' id='word_1_138' title='bbox 217 2087 484 2168; x_wconf 85' lang='lat' dir='ltr'><strong>quotidie</strong></span> <span class='ocrx_word' id='word_1_139' title='bbox 508 2103 641 2145; x_wconf 87' lang='lat' dir='ltr'><strong>cum</strong></span> <span class='ocrx_word' id='word_1_140' title='bbox 666 2102 842 2164; x_wconf 88' lang='lat' dir='ltr'><strong>parva</strong></span> <span class='ocrx_word' id='word_1_141' title='bbox 869 2092 1227 2144; x_wconf 89' lang='lat' dir='ltr'><strong>sectatorum</strong></span> <span class='ocrx_word' id='word_1_142' title='bbox 1263 2101 1437 2143; x_wconf 89' lang='lat' dir='ltr'><strong>manu</strong></span> <span class='ocrx_word' id='word_1_143' title='bbox 1463 2083 1870 2152; x_wconf 89' lang='lat' dir='ltr'><strong>recumbebat.</strong></span> 
     </span>
    </p>
   </div>
   <div class='ocr_carea' id='block_1_22' title="bbox 217 2173 1871 2258">
    <p class='ocr_par' dir='ltr' id='par_1_22' title="bbox 217 2173 1871 2258">
     <span class='ocr_line' id='line_1_22' title="bbox 217 2173 1871 2258; baseline -0.001 -24"><span class='ocrx_word' id='word_1_144' title='bbox 217 2197 324 2258; x_wconf 88' lang='lat' dir='ltr'><strong>pro</strong></span> <span class='ocrx_word' id='word_1_145' title='bbox 343 2177 724 2257; x_wconf 80' lang='lat' dir='ltr'><strong>episcopatus</strong></span> <span class='ocrx_word' id='word_1_146' title='bbox 740 2176 947 2253; x_wconf 80' lang='lat' dir='ltr'><strong>gloria,</strong></span> <span class='ocrx_word' id='word_1_147' title='bbox 976 2192 1151 2252; x_wconf 91' lang='lat' dir='ltr'><strong>quam</strong></span> <span class='ocrx_word' id='word_1_148' title='bbox 1178 2183 1487 2252; x_wconf 87' lang='lat' dir='ltr'><strong>tantopere</strong></span> <span class='ocrx_word' id='word_1_149' title='bbox 1511 2173 1871 2251; x_wconf 90' lang='lat' dir='ltr'><strong>concupive-</strong></span> 
     </span>
    </p>
   </div>
   <div class='ocr_carea' id='block_1_23' title="bbox 216 2263 1532 2344">
    <p class='ocr_par' dir='ltr' id='par_1_23' title="bbox 216 2263 1532 2344">
     <span class='ocr_line' id='line_1_23' title="bbox 216 2263 1532 2344; baseline -0.003 -17"><span class='ocrx_word' id='word_1_150' title='bbox 216 2276 328 2337; x_wconf 86' lang='lat' dir='ltr'><strong>rat,</strong></span> <span class='ocrx_word' id='word_1_151' title='bbox 361 2264 691 2343; x_wconf 79' lang='lat' dir='ltr'><strong>ignominia</strong></span> <span class='ocrx_word' id='word_1_152' title='bbox 721 2273 778 2324; x_wconf 90' lang='lat' dir='ltr'><strong>et</strong></span> <span class='ocrx_word' id='word_1_153' title='bbox 810 2263 1153 2344; x_wconf 85' lang='lat' dir='ltr'><strong>opprobriis</strong></span> <span class='ocrx_word' id='word_1_154' title='bbox 1186 2271 1532 2341; x_wconf 87' lang='lat' dir='ltr'><strong>coopertus.</strong></span> 
     </span>
    </p>
   </div>
   <div class='ocr_carea' id='block_1_24' title="bbox 297 2351 1867 2433">
    <p class='ocr_par' dir='ltr' id='par_1_24' title="bbox 297 2351 1867 2433">
     <span class='ocr_line' id='line_1_24' title="bbox 297 2351 1867 2433; baseline -0.004 -16"><span class='ocrx_word' id='word_1_155' title='bbox 297 2355 434 2417; x_wconf 86' lang='lat' dir='ltr'><strong>Hac</strong></span> <span class='ocrx_word' id='word_1_156' title='bbox 464 2354 642 2433; x_wconf 88' lang='lat' dir='ltr'><strong>paulo</strong></span> <span class='ocrx_word' id='word_1_157' title='bbox 666 2354 843 2414; x_wconf 85' lang='lat' dir='ltr'><strong>aliter</strong></span> <span class='ocrx_word' id='word_1_158' title='bbox 873 2372 940 2414; x_wconf 88' lang='lat' dir='ltr'><strong>ac</strong></span> <span class='ocrx_word' id='word_1_159' title='bbox 970 2352 1386 2413; x_wconf 89' lang='lat' dir='ltr'><strong>Tillemontius</strong></span> <span class='ocrx_word' id='word_1_160' title='bbox 1415 2351 1867 2431; x_wconf 87' lang='lat' dir='ltr'><strong>descripsimus.</strong></span> 
     </span>
    </p>
   </div>
   <div class='ocr_carea' id='block_1_25' title="bbox 217 2440 1867 2522">
    <p class='ocr_par' dir='ltr' id='par_1_25' title="bbox 217 2440 1867 2522">
     <span class='ocr_line' id='line_1_25' title="bbox 217 2440 1867 2522; baseline -0.004 -14"><span class='ocrx_word' id='word_1_161' title='bbox 217 2443 701 2510; x_wconf 88' lang='lat' dir='ltr'><strong>Existimatenim</strong></span> <span class='ocrx_word' id='word_1_162' title='bbox 718 2440 1867 2522; x_wconf 89' lang='lat' dir='ltr'><strong>doctissimusscriptorDemosthenem,</strong></span> 
     </span>
    </p>
   </div>
   <div class='ocr_carea' id='block_1_26' title="bbox 217 2529 1865 2613">
    <p class='ocr_par' dir='ltr' id='par_1_26' title="bbox 217 2529 1865 2613">
     <span class='ocr_line' id='line_1_26' title="bbox 217 2529 1865 2613; baseline -0.004 -15"><span class='ocrx_word' id='word_1_163' title='bbox 217 2555 353 2598; x_wconf 89' lang='lat' dir='ltr'><strong>cum</strong></span> <span class='ocrx_word' id='word_1_164' title='bbox 396 2533 947 2613; x_wconf 83' lang='lat' dir='ltr'><strong>Nicopolitanorum</strong></span> <span class='ocrx_word' id='word_1_165' title='bbox 1009 2530 1244 2592; x_wconf 86' lang='lat' dir='ltr'><strong>animos</strong></span> <span class='ocrx_word' id='word_1_166' title='bbox 1298 2529 1617 2591; x_wconf 89' lang='lat' dir='ltr'><strong>levioribus</strong></span> <span class='ocrx_word' id='word_1_167' title='bbox 1671 2541 1865 2592; x_wconf 91' lang='lat' dir='ltr'><strong>tenta-</strong></span> 
     </span>
    </p>
   </div>
   <div class='ocr_carea' id='block_1_27' title="bbox 218 2621 1866 2704">
    <p class='ocr_par' dir='ltr' id='par_1_27' title="bbox 218 2621 1866 2704">
     <span class='ocr_line' id='line_1_27' title="bbox 218 2621 1866 2704; baseline -0.004 -17"><span class='ocrx_word' id='word_1_168' title='bbox 218 2625 438 2687; x_wconf 90' lang='lat' dir='ltr'><strong>mentis</strong></span> <span class='ocrx_word' id='word_1_169' title='bbox 457 2631 884 2704; x_wconf 82' lang='lat' dir='ltr'><strong>oppugnasset,</strong></span> <span class='ocrx_word' id='word_1_170' title='bbox 911 2630 974 2682; x_wconf 88' lang='lat' dir='ltr'><strong>nt</strong></span> <span class='ocrx_word' id='word_1_171' title='bbox 996 2621 1287 2682; x_wconf 88' lang='lat' dir='ltr'><strong>Eustathii</strong></span> <span class='ocrx_word' id='word_1_172' title='bbox 1321 2639 1496 2680; x_wconf 89' lang='lat' dir='ltr'><strong>manu</strong></span> <span class='ocrx_word' id='word_1_173' title='bbox 1521 2621 1866 2700; x_wconf 90' lang='lat' dir='ltr'><strong>episcopum</strong></span> 
     </span>
    </p>
   </div>
   <div class='ocr_carea' id='block_1_28' title="bbox 215 2710 1866 2794">
    <p class='ocr_par' dir='ltr' id='par_1_28' title="bbox 215 2710 1866 2794">
     <span class='ocr_line' id='line_1_28' title="bbox 215 2710 1866 2794; baseline -0.004 -17"><span class='ocrx_word' id='word_1_174' title='bbox 215 2715 584 2794; x_wconf 89' lang='lat' dir='ltr'><strong>acciperent,</strong></span> <span class='ocrx_word' id='word_1_175' title='bbox 621 2712 722 2773; x_wconf 93' lang='lat' dir='ltr'><strong>ubi</strong></span> <span class='ocrx_word' id='word_1_176' title='bbox 766 2711 912 2772; x_wconf 84' lang='lat' dir='ltr'><strong>vidit</strong></span> <span class='ocrx_word' id='word_1_177' title='bbox 949 2729 1053 2772; x_wconf 91' lang='lat' dir='ltr'><strong>eos</strong></span> <span class='ocrx_word' id='word_1_178' title='bbox 1099 2730 1218 2772; x_wconf 90' lang='lat' dir='ltr'><strong>non</strong></span> <span class='ocrx_word' id='word_1_179' title='bbox 1270 2710 1509 2780; x_wconf 86' lang='lat' dir='ltr'><strong>cedere,</strong></span> <span class='ocrx_word' id='word_1_180' title='bbox 1543 2711 1866 2771; x_wconf 89' lang='lat' dir='ltr'><strong>violentum</strong></span> 
     </span>
    </p>
   </div>
   <div class='ocr_carea' id='block_1_29' title="bbox 217 2801 1868 2883">
    <p class='ocr_par' dir='ltr' id='par_1_29' title="bbox 217 2801 1868 2883">
     <span class='ocr_line' id='line_1_29' title="bbox 217 2801 1868 2883; baseline -0.002 -17"><span class='ocrx_word' id='word_1_181' title='bbox 217 2805 365 2868; x_wconf 90' lang='lat' dir='ltr'><strong>illud</strong></span> <span class='ocrx_word' id='word_1_182' title='bbox 386 2822 598 2883; x_wconf 84' lang='lat' dir='ltr'><strong>agmen</strong></span> <span class='ocrx_word' id='word_1_183' title='bbox 631 2803 986 2866; x_wconf 85' lang='lat' dir='ltr'><strong>Arianorum</strong></span> <span class='ocrx_word' id='word_1_184' title='bbox 1017 2801 1428 2862; x_wconf 90' lang='lat' dir='ltr'><strong>immisisse.ln</strong></span> <span class='ocrx_word' id='word_1_185' title='bbox 1457 2819 1584 2860; x_wconf 90' lang='lat' dir='ltr'><strong>eam</strong></span> <span class='ocrx_word' id='word_1_186' title='bbox 1620 2811 1868 2862; x_wconf 92' lang='lat' dir='ltr'><strong>senten-</strong></span> 
     </span>
    </p>
   </div>
   <div class='ocr_carea' id='block_1_30' title="bbox 219 2889 1877 2973">
    <p class='ocr_par' dir='ltr' id='par_1_30' title="bbox 219 2889 1877 2973">
     <span class='ocr_line' id='line_1_30' title="bbox 219 2889 1877 2973; baseline -0.004 -17"><span class='ocrx_word' id='word_1_187' title='bbox 219 2896 365 2956; x_wconf 91' lang='lat' dir='ltr'><strong>tiam</strong></span> <span class='ocrx_word' id='word_1_188' title='bbox 385 2896 811 2973; x_wconf 89' lang='lat' dir='ltr'><strong>interpretatur</strong></span> <span class='ocrx_word' id='word_1_189' title='bbox 827 2890 971 2952; x_wconf 92' lang='lat' dir='ltr'><strong>illud</strong></span> <span class='ocrx_word' id='word_1_190' title='bbox 1001 2910 1068 2951; x_wconf 87' lang='lat' dir='ltr'><strong>ex</strong></span> <span class='ocrx_word' id='word_1_191' title='bbox 1091 2891 1268 2969; x_wconf 89' lang='lat' dir='ltr'><strong>epist.</strong></span> <span class='ocrx_word' id='word_1_192' title='bbox 1289 2889 1555 2960; x_wconf 67' lang='lat' dir='ltr'><strong>937,Ubi</strong></span> <span class='ocrx_word' id='word_1_193' title='bbox 1588 2892 1753 2952; x_wconf 79' lang='lat' dir='ltr'><strong>videt</strong></span> <span class='ocrx_word' id='word_1_194' title='bbox 1777 2910 1877 2953; x_wconf 71' lang='lat' dir='ltr'><strong>e03</strong></span> 
     </span>
    </p>
   </div>
   <div class='ocr_carea' id='block_1_31' title="bbox 228 2979 1881 3051">
    <p class='ocr_par' dir='ltr' id='par_1_31' title="bbox 228 2979 1881 3051">
     <span class='ocr_line' id='line_1_31' title="bbox 228 2979 1881 3051; baseline -0.003 -11"><span class='ocrx_word' id='word_1_195' title='bbox 228 2985 451 3041; x_wconf 70' lang='lat' dir='ltr'><strong>libenter</strong></span> <span class='ocrx_word' id='word_1_196' title='bbox 479 3000 584 3038; x_wconf 77' lang='lat' dir='ltr'><strong>non</strong></span> <span class='ocrx_word' id='word_1_197' title='bbox 611 2983 818 3050; x_wconf 80' lang='lat' dir='ltr'><strong>cedere,</strong></span> <span class='ocrx_word' id='word_1_198' title='bbox 852 2997 996 3037; x_wconf 83' lang='lat' dir='ltr'><strong>nunc</strong></span> <span class='ocrx_word' id='word_1_199' title='bbox 1027 2981 1344 3051; x_wconf 75' lang='lat' dir='ltr'><strong>aggreditur</strong></span> <span class='ocrx_word' id='word_1_200' title='bbox 1373 2979 1686 3037; x_wconf 78' lang='lat' dir='ltr'><strong>violentiore</strong></span> <span class='ocrx_word' id='word_1_201' title='bbox 1725 2999 1881 3035; x_wconf 85' lang='lat' dir='ltr'><strong>manu</strong></span> 
     </span>
    </p>
   </div>
   <div class='ocr_carea' id='block_1_32' title="bbox 235 3065 1878 3148">
    <p class='ocr_par' dir='ltr' id='par_1_32' title="bbox 235 3065 1878 3148">
     <span class='ocr_line' id='line_1_32' title="bbox 235 3065 1878 3148; baseline -0.001 -19"><span class='ocrx_word' id='word_1_202' title='bbox 235 3070 456 3130; x_wconf 88' lang='lat' dir='ltr'><strong>datum</strong></span> <span class='ocrx_word' id='word_1_203' title='bbox 472 3068 593 3130; x_wconf 75' lang='lat' dir='ltr'><strong>illis</strong></span> <span class='ocrx_word' id='word_1_204' title='bbox 611 3070 952 3148; x_wconf 83' lang='lat' dir='ltr'><strong>episcopum</strong></span> <span class='ocrx_word' id='word_1_205' title='bbox 978 3068 1370 3128; x_wconf 83' lang='lat' dir='ltr'><strong>constituere.</strong></span> <span class='ocrx_word' id='word_1_206' title='bbox 1393 3065 1515 3126; x_wconf 92' lang='lat' dir='ltr'><strong>Sed</strong></span> <span class='ocrx_word' id='word_1_207' title='bbox 1542 3065 1665 3127; x_wconf 89' lang='lat' dir='ltr'><strong>hac</strong></span> <span class='ocrx_word' id='word_1_208' title='bbox 1690 3067 1878 3128; x_wconf 87' lang='lat' dir='ltr'><strong>inter-</strong></span> 
     </span>
    </p>
   </div>
   <div class='ocr_carea' id='block_1_33' title="bbox 242 3155 1880 3237">
    <p class='ocr_par' dir='ltr' id='par_1_33' title="bbox 242 3155 1880 3237">
     <span class='ocr_line' id='line_1_33' title="bbox 242 3155 1880 3237; baseline -0.002 -19"><span class='ocrx_word' id='word_1_209' title='bbox 242 3158 496 3237; x_wconf 90' lang='lat' dir='ltr'><strong>pretatio</strong></span> <span class='ocrx_word' id='word_1_210' title='bbox 511 3169 660 3218; x_wconf 88' lang='lat' dir='ltr'><strong>stare</strong></span> <span class='ocrx_word' id='word_1_211' title='bbox 683 3176 800 3218; x_wconf 89' lang='lat' dir='ltr'><strong>non</strong></span> <span class='ocrx_word' id='word_1_212' title='bbox 823 3163 1016 3237; x_wconf 90' lang='lat' dir='ltr'><strong>potest</strong></span> <span class='ocrx_word' id='word_1_213' title='bbox 1040 3179 1056 3228; x_wconf 87' lang='lat'><strong>;</strong></span> <span class='ocrx_word' id='word_1_214' title='bbox 1087 3165 1322 3216; x_wconf 79' lang='lat' dir='ltr'><strong>conSIat</strong></span> <span class='ocrx_word' id='word_1_215' title='bbox 1341 3155 1500 3216; x_wconf 91' lang='lat' dir='ltr'><strong>enim</strong></span> <span class='ocrx_word' id='word_1_216' title='bbox 1524 3157 1880 3217; x_wconf 85' lang='lat' dir='ltr'><strong>Frontonem</strong></span> 
     </span>
    </p>
   </div>
   <div class='ocr_carea' id='block_1_34' title="bbox 1951 552 3593 640">
    <p class='ocr_par' dir='ltr' id='par_1_34' title="bbox 1951 552 3593 640">
     <span class='ocr_line' id='line_1_34' title="bbox 1951 552 3593 640; baseline 0.004 -27"><span class='ocrx_word' id='word_1_217' title='bbox 1951 552 2261 633; x_wconf 80' lang='lat' dir='ltr'><strong>epistolam</strong></span> <span class='ocrx_word' id='word_1_218' title='bbox 2284 555 2424 635; x_wconf 76' lang='lat'><strong>237,</strong></span> <span class='ocrx_word' id='word_1_219' title='bbox 2451 555 2632 618; x_wconf 89' lang='lat' dir='ltr'><strong>initio</strong></span> <span class='ocrx_word' id='word_1_220' title='bbox 2651 558 2826 636; x_wconf 89' lang='lat' dir='ltr'><strong>hujus</strong></span> <span class='ocrx_word' id='word_1_221' title='bbox 2849 561 2990 621; x_wconf 90' lang='lat' dir='ltr'><strong>anni</strong></span> <span class='ocrx_word' id='word_1_222' title='bbox 3015 562 3152 632; x_wconf 85' lang='lat'><strong>376,</strong></span> <span class='ocrx_word' id='word_1_223' title='bbox 3185 567 3315 640; x_wconf 92' lang='lat' dir='ltr'><strong>post</strong></span> <span class='ocrx_word' id='word_1_224' title='bbox 3339 559 3593 620; x_wconf 90' lang='lat' dir='ltr'><strong>reditum</strong></span> 
     </span>
    </p>
   </div>
   <div class='ocr_carea' id='block_1_35' title="bbox 1950 643 3598 726">
    <p class='ocr_par' dir='ltr' id='par_1_35' title="bbox 1950 643 3598 726">
     <span class='ocr_line' id='line_1_35' title="bbox 1950 643 3598 726; baseline 0.005 -24"><span class='ocrx_word' id='word_1_225' title='bbox 1950 643 2310 705; x_wconf 88' lang='lat' dir='ltr'><strong>Arianorum</strong></span> <span class='ocrx_word' id='word_1_226' title='bbox 2365 664 2435 706; x_wconf 87' lang='lat' dir='ltr'><strong>ex</strong></span> <span class='ocrx_word' id='word_1_227' title='bbox 2487 646 2632 707; x_wconf 88' lang='lat' dir='ltr'><strong>urbe</strong></span> <span class='ocrx_word' id='word_1_228' title='bbox 2668 647 2962 726; x_wconf 88' lang='lat' dir='ltr'><strong>Nicopoli,</strong></span> <span class='ocrx_word' id='word_1_229' title='bbox 3007 659 3129 711; x_wconf 91' lang='lat' dir='ltr'><strong>tum</strong></span> <span class='ocrx_word' id='word_1_230' title='bbox 3174 669 3306 710; x_wconf 91' lang='lat' dir='ltr'><strong>cum</strong></span> <span class='ocrx_word' id='word_1_231' title='bbox 3340 649 3598 710; x_wconf 86' lang='lat' dir='ltr'><strong>vicarius</strong></span> 
     </span>
    </p>
   </div>
   <div class='ocr_carea' id='block_1_36' title="bbox 1952 731 3601 818">
    <p class='ocr_par' dir='ltr' id='par_1_36' title="bbox 1952 731 3601 818">
     <span class='ocr_line' id='line_1_36' title="bbox 1952 731 3601 818; baseline 0.004 -27"><span class='ocrx_word' id='word_1_232' title='bbox 1952 731 2225 809; x_wconf 84' lang='lat' dir='ltr'><strong>graviora</strong></span> <span class='ocrx_word' id='word_1_233' title='bbox 2249 735 2672 808; x_wconf 78' lang='lat' dir='ltr'><strong>minare:er,ac</strong></span> <span class='ocrx_word' id='word_1_234' title='bbox 2698 738 2848 797; x_wconf 90' lang='lat' dir='ltr'><strong>forte</strong></span> <span class='ocrx_word' id='word_1_235' title='bbox 2861 750 3180 818; x_wconf 83' lang='lat' dir='ltr'><strong>antequam</strong></span> <span class='ocrx_word' id='word_1_236' title='bbox 3207 739 3420 799; x_wconf 90' lang='lat' dir='ltr'><strong>tradita</strong></span> <span class='ocrx_word' id='word_1_237' title='bbox 3443 747 3601 800; x_wconf 83' lang='lat' dir='ltr'><strong>esset</strong></span> 
     </span>
    </p>
   </div>
   <div class='ocr_carea' id='block_1_37' title="bbox 1951 820 3596 907">
    <p class='ocr_par' dir='ltr' id='par_1_37' title="bbox 1951 820 3596 907">
     <span class='ocr_line' id='line_1_37' title="bbox 1951 820 3596 907; baseline 0.005 -27"><span class='ocrx_word' id='word_1_238' title='bbox 1951 820 2221 884; x_wconf 88' lang='lat' dir='ltr'><strong>Ecclesia</strong></span> <span class='ocrx_word' id='word_1_239' title='bbox 2235 823 2543 888; x_wconf 85' lang='lat' dir='ltr'><strong>Frontoni.</strong></span> <span class='ocrx_word' id='word_1_240' title='bbox 2565 826 2622 886; x_wconf 89' lang='lat' dir='ltr'><strong>In</strong></span> <span class='ocrx_word' id='word_1_241' title='bbox 2652 828 2760 888; x_wconf 89' lang='lat' dir='ltr'><strong>hac</strong></span> <span class='ocrx_word' id='word_1_242' title='bbox 2785 829 3034 907; x_wconf 88' lang='lat' dir='ltr'><strong>epistola</strong></span> <span class='ocrx_word' id='word_1_243' title='bbox 3059 828 3347 889; x_wconf 90' lang='lat' dir='ltr'><strong>rationem</strong></span> <span class='ocrx_word' id='word_1_244' title='bbox 3375 828 3596 899; x_wconf 87' lang='lat' dir='ltr'><strong>reddit,</strong></span> 
     </span>
    </p>
   </div>
   <div class='ocr_carea' id='block_1_38' title="bbox 1953 914 3600 997">
    <p class='ocr_par' dir='ltr' id='par_1_38' title="bbox 1953 914 3600 997">
     <span class='ocr_line' id='line_1_38' title="bbox 1953 914 3600 997; baseline 0.003 -26"><span class='ocrx_word' id='word_1_245' title='bbox 1953 930 2060 972; x_wconf 92' lang='lat' dir='ltr'><strong>cur</strong></span> <span class='ocrx_word' id='word_1_246' title='bbox 2090 919 2252 975; x_wconf 87' lang='lat' dir='ltr'><strong>tanto</strong></span> <span class='ocrx_word' id='word_1_247' title='bbox 2291 914 2601 977; x_wconf 89' lang='lat' dir='ltr'><strong>intervallo</strong></span> <span class='ocrx_word' id='word_1_248' title='bbox 2634 916 2878 990; x_wconf 88' lang='lat' dir='ltr'><strong>scribat,</strong></span> <span class='ocrx_word' id='word_1_249' title='bbox 2907 936 2973 978; x_wconf 82' lang='lat' dir='ltr'><strong>ac</strong></span> <span class='ocrx_word' id='word_1_250' title='bbox 3007 919 3511 997; x_wconf 89' lang='lat' dir='ltr'><strong>persecutionem,</strong></span> <span class='ocrx_word' id='word_1_251' title='bbox 3537 925 3600 978; x_wconf 92' lang='lat' dir='ltr'><strong>ut</strong></span> 
     </span>
    </p>
   </div>
   <div class='ocr_carea' id='block_1_39' title="bbox 1955 1000 2814 1070">
    <p class='ocr_par' dir='ltr' id='par_1_39' title="bbox 1955 1000 2814 1070">
     <span class='ocr_line' id='line_1_39' title="bbox 1955 1000 2814 1070; baseline 0.008 -11"><span class='ocrx_word' id='word_1_252' title='bbox 1955 1000 2226 1069; x_wconf 83' lang='lat' dir='ltr'><strong>vidimus.</strong></span> <span class='ocrx_word' id='word_1_253' title='bbox 2265 1004 2474 1065; x_wconf 84' lang='lat' dir='ltr'><strong>ordine</strong></span> <span class='ocrx_word' id='word_1_254' title='bbox 2507 1005 2814 1070; x_wconf 82' lang='lat' dir='ltr'><strong>describit.</strong></span> 
     </span>
    </p>
   </div>
   <div class='ocr_carea' id='block_1_40' title="bbox 2035 1093 3597 1177">
    <p class='ocr_par' dir='ltr' id='par_1_40' title="bbox 2035 1093 3597 1177">
     <span class='ocr_line' id='line_1_40' title="bbox 2035 1093 3597 1177; baseline 0.003 -24"><span class='ocrx_word' id='word_1_255' title='bbox 2035 1093 2417 1171; x_wconf 79' lang='lat' dir='ltr'><strong>Scripserunt</strong></span> <span class='ocrx_word' id='word_1_256' title='bbox 2447 1096 2776 1175; x_wconf 84' lang='lat' dir='ltr'><strong>presbyteri</strong></span> <span class='ocrx_word' id='word_1_257' title='bbox 2799 1096 3196 1177; x_wconf 86' lang='lat' dir='ltr'><strong>Nicopolitani</strong></span> <span class='ocrx_word' id='word_1_258' title='bbox 3221 1096 3291 1157; x_wconf 85' lang='lat' dir='ltr'><strong>ad</strong></span> <span class='ocrx_word' id='word_1_259' title='bbox 3319 1095 3597 1157; x_wconf 91' lang='lat' dir='ltr'><strong>Basilium</strong></span> 
     </span>
    </p>
   </div>
   <div class='ocr_carea' id='block_1_41' title="bbox 1950 1181 3600 1248">
    <p class='ocr_par' dir='ltr' id='par_1_41' title="bbox 1950 1181 3600 1248">
     <span class='ocr_line' id='line_1_41' title="bbox 1950 1181 3600 1248; baseline 0.002 -7"><span class='ocrx_word' id='word_1_260' title='bbox 1950 1181 2023 1242; x_wconf 89' lang='lat' dir='ltr'><strong>de</strong></span> <span class='ocrx_word' id='word_1_261' title='bbox 2046 1183 2329 1242; x_wconf 89' lang='lat' dir='ltr'><strong>arumnis</strong></span> <span class='ocrx_word' id='word_1_262' title='bbox 2357 1185 2641 1246; x_wconf 88' lang='lat' dir='ltr'><strong>Ecclesia</strong></span> <span class='ocrx_word' id='word_1_263' title='bbox 2667 1188 2940 1248; x_wconf 89' lang='lat' dir='ltr'><strong>sua.Sed</strong></span> <span class='ocrx_word' id='word_1_264' title='bbox 2968 1206 3170 1248; x_wconf 90' lang='lat' dir='ltr'><strong>eorum</strong></span> <span class='ocrx_word' id='word_1_265' title='bbox 3199 1187 3423 1247; x_wconf 90' lang='lat' dir='ltr'><strong>litteras</strong></span> <span class='ocrx_word' id='word_1_266' title='bbox 3447 1186 3600 1245; x_wconf 82' lang='lat' dir='ltr'><strong>fama</strong></span> 
     </span>
    </p>
   </div>
   <div class='ocr_carea' id='block_1_42' title="bbox 1950 1271 3596 1355">
    <p class='ocr_par' dir='ltr' id='par_1_42' title="bbox 1950 1271 3596 1355">
     <span class='ocr_line' id='line_1_42' title="bbox 1950 1271 3596 1355; baseline 0.002 -25"><span class='ocrx_word' id='word_1_267' title='bbox 1950 1289 2056 1330; x_wconf 92' lang='lat' dir='ltr'><strong>sua</strong></span> <span class='ocrx_word' id='word_1_268' title='bbox 2088 1271 2390 1334; x_wconf 87' lang='lat' dir='ltr'><strong>celeritate</strong></span> <span class='ocrx_word' id='word_1_269' title='bbox 2426 1284 2840 1355; x_wconf 89' lang='lat' dir='ltr'><strong>superaverat,</strong></span> <span class='ocrx_word' id='word_1_270' title='bbox 2880 1285 2938 1339; x_wconf 91' lang='lat' dir='ltr'><strong>et</strong></span> <span class='ocrx_word' id='word_1_271' title='bbox 2969 1277 3028 1336; x_wconf 90' lang='lat' dir='ltr'><strong>in</strong></span> <span class='ocrx_word' id='word_1_272' title='bbox 3059 1276 3306 1338; x_wconf 89' lang='lat' dir='ltr'><strong>vicinam</strong></span> <span class='ocrx_word' id='word_1_273' title='bbox 3356 1293 3596 1335; x_wconf 91' lang='lat' dir='ltr'><strong>omnem</strong></span> 
     </span>
    </p>
   </div>
   <div class='ocr_carea' id='block_1_43' title="bbox 1951 1359 3601 1446">
    <p class='ocr_par' dir='ltr' id='par_1_43' title="bbox 1951 1359 3601 1446">
     <span class='ocr_line' id='line_1_43' title="bbox 1951 1359 3601 1446; baseline 0.002 -26"><span class='ocrx_word' id='word_1_274' title='bbox 1951 1359 2253 1436; x_wconf 87' lang='lat' dir='ltr'><strong>regionem</strong></span> <span class='ocrx_word' id='word_1_275' title='bbox 2289 1362 2485 1423; x_wconf 88' lang='lat' dir='ltr'><strong>scelus</strong></span> <span class='ocrx_word' id='word_1_276' title='bbox 2516 1362 2834 1425; x_wconf 88' lang='lat' dir='ltr'><strong>Frontonis</strong></span> <span class='ocrx_word' id='word_1_277' title='bbox 2864 1377 2923 1427; x_wconf 90' lang='lat' dir='ltr'><strong>et</strong></span> <span class='ocrx_word' id='word_1_278' title='bbox 2957 1366 3101 1427; x_wconf 89' lang='lat' dir='ltr'><strong>cleri</strong></span> <span class='ocrx_word' id='word_1_279' title='bbox 3132 1384 3198 1425; x_wconf 88' lang='lat' dir='ltr'><strong>ac</strong></span> <span class='ocrx_word' id='word_1_280' title='bbox 3224 1363 3415 1446; x_wconf 87' lang='lat' dir='ltr'><strong>plebis</strong></span> <span class='ocrx_word' id='word_1_281' title='bbox 3439 1367 3495 1425; x_wconf 91' lang='lat' dir='ltr'><strong>in</strong></span> <span class='ocrx_word' id='word_1_282' title='bbox 3533 1382 3601 1424; x_wconf 91' lang='lat' dir='ltr'><strong>eo</strong></span> 
     </span>
    </p>
   </div>
   <div class='ocr_carea' id='block_1_44' title="bbox 1953 1449 3607 1535">
    <p class='ocr_par' dir='ltr' id='par_1_44' title="bbox 1953 1449 3607 1535">
     <span class='ocr_line' id='line_1_44' title="bbox 1953 1449 3607 1535; baseline 0.001 -26"><span class='ocrx_word' id='word_1_283' title='bbox 1953 1449 2306 1510; x_wconf 86' lang='lat' dir='ltr'><strong>detestando</strong></span> <span class='ocrx_word' id='word_1_284' title='bbox 2341 1469 2694 1514; x_wconf 54' lang='lat' dir='ltr'><strong>consensum</strong></span> <span class='ocrx_word' id='word_1_285' title='bbox 2748 1455 3073 1516; x_wconf 86' lang='lat' dir='ltr'><strong>detulerat.</strong></span> <span class='ocrx_word' id='word_1_286' title='bbox 3105 1455 3306 1535; x_wconf 90' lang='lat' dir='ltr'><strong>Itaque</strong></span> <span class='ocrx_word' id='word_1_287' title='bbox 3356 1453 3607 1516; x_wconf 90' lang='lat' dir='ltr'><strong>Basilius</strong></span> 
     </span>
    </p>
   </div>
   <div class='ocr_carea' id='block_1_45' title="bbox 1955 1539 3610 1623">
    <p class='ocr_par' dir='ltr' id='par_1_45' title="bbox 1955 1539 3610 1623">
     <span class='ocr_line' id='line_1_45' title="bbox 1955 1539 3610 1623; baseline 0.001 -24"><span class='ocrx_word' id='word_1_288' title='bbox 1955 1539 2101 1600; x_wconf 90' lang='lat' dir='ltr'><strong>nihil</strong></span> <span class='ocrx_word' id='word_1_289' title='bbox 2131 1541 2262 1600; x_wconf 90' lang='lat' dir='ltr'><strong>novi</strong></span> <span class='ocrx_word' id='word_1_290' title='bbox 2298 1559 2363 1602; x_wconf 84' lang='lat' dir='ltr'><strong>ex</strong></span> <span class='ocrx_word' id='word_1_291' title='bbox 2385 1559 2599 1602; x_wconf 91' lang='lat' dir='ltr'><strong>eorum</strong></span> <span class='ocrx_word' id='word_1_292' title='bbox 2635 1543 2852 1605; x_wconf 90' lang='lat' dir='ltr'><strong>litteris</strong></span> <span class='ocrx_word' id='word_1_293' title='bbox 2876 1545 3105 1608; x_wconf 84' lang='lat' dir='ltr'><strong>didicit.</strong></span> <span class='ocrx_word' id='word_1_294' title='bbox 3138 1544 3483 1623; x_wconf 82' lang='lat' dir='ltr'><strong>Respondet</strong></span> <span class='ocrx_word' id='word_1_295' title='bbox 3506 1560 3610 1621; x_wconf 88' lang='lat' dir='ltr'><strong>per</strong></span> 
     </span>
    </p>
   </div>
   <div class='ocr_carea' id='block_1_46' title="bbox 1953 1628 3609 1714">
    <p class='ocr_par' dir='ltr' id='par_1_46' title="bbox 1953 1628 3609 1714">
     <span class='ocr_line' id='line_1_46' title="bbox 1953 1628 3609 1714; baseline 0.002 -26"><span class='ocrx_word' id='word_1_296' title='bbox 1953 1628 2262 1707; x_wconf 87' lang='lat' dir='ltr'><strong>epistolam</strong></span> <span class='ocrx_word' id='word_1_297' title='bbox 2286 1630 2500 1712; x_wconf 75' lang='lat' dir='ltr'><strong>238,ac</strong></span> <span class='ocrx_word' id='word_1_298' title='bbox 2520 1632 2790 1694; x_wconf 85' lang='lat' dir='ltr'><strong>hortatur</strong></span> <span class='ocrx_word' id='word_1_299' title='bbox 2811 1653 2884 1695; x_wconf 91' lang='lat' dir='ltr'><strong>ne</strong></span> <span class='ocrx_word' id='word_1_300' title='bbox 2907 1635 3171 1696; x_wconf 90' lang='lat' dir='ltr'><strong>animum</strong></span> <span class='ocrx_word' id='word_1_301' title='bbox 3197 1633 3609 1714; x_wconf 87' lang='lat' dir='ltr'><strong>despondeant</strong></span> 
     </span>
    </p>
   </div>
   <div class='ocr_carea' id='block_1_47' title="bbox 1952 1718 3603 1804">
    <p class='ocr_par' dir='ltr' id='par_1_47' title="bbox 1952 1718 3603 1804">
     <span class='ocr_line' id='line_1_47' title="bbox 1952 1718 3603 1804; baseline 0.003 -27"><span class='ocrx_word' id='word_1_302' title='bbox 1952 1718 2026 1777; x_wconf 92' lang='lat' dir='ltr'><strong>ob</strong></span> <span class='ocrx_word' id='word_1_303' title='bbox 2057 1719 2282 1799; x_wconf 88' lang='lat' dir='ltr'><strong>lapsum</strong></span> <span class='ocrx_word' id='word_1_304' title='bbox 2318 1722 2492 1782; x_wconf 91' lang='lat' dir='ltr'><strong>unius</strong></span> <span class='ocrx_word' id='word_1_305' title='bbox 2522 1732 2621 1783; x_wconf 90' lang='lat' dir='ltr'><strong>aut</strong></span> <span class='ocrx_word' id='word_1_306' title='bbox 2674 1725 2921 1785; x_wconf 88' lang='lat' dir='ltr'><strong>alterius</strong></span> <span class='ocrx_word' id='word_1_307' title='bbox 2956 1725 3054 1804; x_wconf 88' lang='lat' dir='ltr'><strong>qui</strong></span> <span class='ocrx_word' id='word_1_308' title='bbox 3083 1743 3147 1784; x_wconf 91' lang='lat' dir='ltr'><strong>se</strong></span> <span class='ocrx_word' id='word_1_309' title='bbox 3176 1723 3460 1785; x_wconf 89' lang='lat' dir='ltr'><strong>Frontoni</strong></span> <span class='ocrx_word' id='word_1_310' title='bbox 3490 1723 3603 1782; x_wconf 88' lang='lat' dir='ltr'><strong>ad-</strong></span> 
     </span>
    </p>
   </div>
   <div class='ocr_carea' id='block_1_48' title="bbox 1902 1807 3602 1895">
    <p class='ocr_par' dir='ltr' id='par_1_48' title="bbox 1902 1807 3602 1895">
     <span class='ocr_line' id='line_1_48' title="bbox 1902 1807 3602 1895; baseline -0.001 -26"><span class='ocrx_word' id='word_1_311' title='bbox 1902 1807 2298 1890; x_wconf 48' lang='lat' dir='ltr'><strong>;gjunxerant,</strong></span> <span class='ocrx_word' id='word_1_312' title='bbox 2338 1831 2471 1871; x_wconf 91' lang='lat' dir='ltr'><strong>cum</strong></span> <span class='ocrx_word' id='word_1_313' title='bbox 2508 1813 2653 1874; x_wconf 91' lang='lat' dir='ltr'><strong>cleri</strong></span> <span class='ocrx_word' id='word_1_314' title='bbox 2706 1833 2926 1895; x_wconf 83' lang='lat' dir='ltr'><strong>corpus</strong></span> <span class='ocrx_word' id='word_1_315' title='bbox 2972 1817 3269 1892; x_wconf 88' lang='lat' dir='ltr'><strong>integrum</strong></span> <span class='ocrx_word' id='word_1_316' title='bbox 3323 1823 3602 1885; x_wconf 81' lang='lat' dir='ltr'><strong>maneat;</strong></span> 
     </span>
    </p>
   </div>
   <div class='ocr_carea' id='block_1_49' title="bbox 1963 1902 3607 1983">
    <p class='ocr_par' dir='ltr' id='par_1_49' title="bbox 1963 1902 3607 1983">
     <span class='ocr_line' id='line_1_49' title="bbox 1963 1902 3607 1983; baseline 0.001 -26"><span class='ocrx_word' id='word_1_317' title='bbox 1963 1916 2156 1977; x_wconf 91' lang='lat' dir='ltr'><strong>neque</strong></span> <span class='ocrx_word' id='word_1_318' title='bbox 2211 1906 2384 1960; x_wconf 90' lang='lat' dir='ltr'><strong>etiam</strong></span> <span class='ocrx_word' id='word_1_319' title='bbox 2434 1902 2611 1962; x_wconf 92' lang='lat' dir='ltr'><strong>nimis</strong></span> <span class='ocrx_word' id='word_1_320' title='bbox 2672 1903 2939 1978; x_wconf 85' lang='lat' dir='ltr'><strong>doleant,</strong></span> <span class='ocrx_word' id='word_1_321' title='bbox 2975 1904 3129 1983; x_wconf 89' lang='lat' dir='ltr'><strong>quod</strong></span> <span class='ocrx_word' id='word_1_322' title='bbox 3185 1909 3350 1964; x_wconf 83' lang='lat' dir='ltr'><strong>extra</strong></span> <span class='ocrx_word' id='word_1_323' title='bbox 3404 1919 3607 1961; x_wconf 91' lang='lat' dir='ltr'><strong>muros</strong></span> 
     </span>
    </p>
   </div>
   <div class='ocr_carea' id='block_1_50' title="bbox 1961 1988 3606 2070">
    <p class='ocr_par' dir='ltr' id='par_1_50' title="bbox 1961 1988 3606 2070">
     <span class='ocr_line' id='line_1_50' title="bbox 1961 1988 3606 2070; baseline 0.002 -23"><span class='ocrx_word' id='word_1_324' title='bbox 1961 1988 2136 2066; x_wconf 91' lang='lat' dir='ltr'><strong>ejecti</strong></span> <span class='ocrx_word' id='word_1_325' title='bbox 2170 1989 2310 2068; x_wconf 92' lang='lat' dir='ltr'><strong>sint,</strong></span> <span class='ocrx_word' id='word_1_326' title='bbox 2346 1991 2449 2050; x_wconf 82' lang='lat' dir='ltr'><strong>sed</strong></span> <span class='ocrx_word' id='word_1_327' title='bbox 2485 1992 2531 2050; x_wconf 91' lang='lat' dir='ltr'><strong>si</strong></span> <span class='ocrx_word' id='word_1_328' title='bbox 2561 2011 2673 2070; x_wconf 90' lang='lat' dir='ltr'><strong>qua</strong></span> <span class='ocrx_word' id='word_1_329' title='bbox 2706 1992 2780 2052; x_wconf 90' lang='lat' dir='ltr'><strong>sit</strong></span> <span class='ocrx_word' id='word_1_330' title='bbox 2808 1994 2916 2052; x_wconf 90' lang='lat' dir='ltr'><strong>hac</strong></span> <span class='ocrx_word' id='word_1_331' title='bbox 2961 1993 3021 2052; x_wconf 89' lang='lat' dir='ltr'><strong>in</strong></span> <span class='ocrx_word' id='word_1_332' title='bbox 3076 2011 3141 2053; x_wconf 93' lang='lat' dir='ltr'><strong>re</strong></span> <span class='ocrx_word' id='word_1_333' title='bbox 3171 1991 3462 2064; x_wconf 90' lang='lat' dir='ltr'><strong>molestia,</strong></span> <span class='ocrx_word' id='word_1_334' title='bbox 3501 2008 3606 2070; x_wconf 91' lang='lat' dir='ltr'><strong>spe</strong></span> 
     </span>
    </p>
   </div>
   <div class='ocr_carea' id='block_1_51' title="bbox 1963 2078 3608 2160">
    <p class='ocr_par' dir='ltr' id='par_1_51' title="bbox 1963 2078 3608 2160">
     <span class='ocr_line' id='line_1_51' title="bbox 1963 2078 3608 2160; baseline 0.001 -23"><span class='ocrx_word' id='word_1_335' title='bbox 1963 2078 2264 2139; x_wconf 85' lang='lat' dir='ltr'><strong>mercedis</strong></span> <span class='ocrx_word' id='word_1_336' title='bbox 2298 2088 2354 2139; x_wconf 90' lang='lat' dir='ltr'><strong>et</strong></span> <span class='ocrx_word' id='word_1_337' title='bbox 2387 2080 2646 2141; x_wconf 87' lang='lat' dir='ltr'><strong>adfuturi</strong></span> <span class='ocrx_word' id='word_1_338' title='bbox 2699 2083 2816 2142; x_wconf 90' lang='lat' dir='ltr'><strong>cito</strong></span> <span class='ocrx_word' id='word_1_339' title='bbox 2850 2082 3054 2142; x_wconf 85' lang='lat' dir='ltr'><strong>auxilii</strong></span> <span class='ocrx_word' id='word_1_340' title='bbox 3102 2089 3442 2142; x_wconf 81' lang='lat' dir='ltr'><strong>constanter</strong></span> <span class='ocrx_word' id='word_1_341' title='bbox 3474 2099 3608 2160; x_wconf 84' lang='lat' dir='ltr'><strong>per-</strong></span> 
     </span>
    </p>
   </div>
   <div class='ocr_carea' id='block_1_52' title="bbox 1962 2167 2176 2230">
    <p class='ocr_par' dir='ltr' id='par_1_52' title="bbox 1962 2167 2176 2230">
     <span class='ocr_line' id='line_1_52' title="bbox 1962 2167 2176 2230; baseline 0.014 -4"><span class='ocrx_word' id='word_1_342' title='bbox 1962 2167 2176 2230; x_wconf 90' lang='lat' dir='ltr'><strong>ferant.</strong></span> 
     </span>
    </p>
   </div>
   <div class='ocr_carea' id='block_1_53' title="bbox 2039 2257 3605 2340">
    <p class='ocr_par' dir='ltr' id='par_1_53' title="bbox 2039 2257 3605 2340">
     <span class='ocr_line' id='line_1_53' title="bbox 2039 2257 3605 2340; baseline 0 -22"><span class='ocrx_word' id='word_1_343' title='bbox 2039 2257 2168 2319; x_wconf 91' lang='lat' dir='ltr'><strong>Non</strong></span> <span class='ocrx_word' id='word_1_344' title='bbox 2195 2259 2381 2319; x_wconf 87' lang='lat' dir='ltr'><strong>multo</strong></span> <span class='ocrx_word' id='word_1_345' title='bbox 2396 2267 2526 2338; x_wconf 90' lang='lat' dir='ltr'><strong>post</strong></span> <span class='ocrx_word' id='word_1_346' title='bbox 2548 2259 2827 2340; x_wconf 87' lang='lat' dir='ltr'><strong>scriptam</strong></span> <span class='ocrx_word' id='word_1_347' title='bbox 2853 2259 3108 2321; x_wconf 90' lang='lat' dir='ltr'><strong>Eusebio</strong></span> <span class='ocrx_word' id='word_1_348' title='bbox 3133 2260 3438 2339; x_wconf 87' lang='lat' dir='ltr'><strong>epistolam</strong></span> <span class='ocrx_word' id='word_1_349' title='bbox 3466 2258 3605 2330; x_wconf 73' lang='grc' dir='ltr'><strong>ς237,</strong></span> 
     </span>
    </p>
   </div>
   <div class='ocr_carea' id='block_1_54' title="bbox 1958 2347 3613 2412">
    <p class='ocr_par' dir='ltr' id='par_1_54' title="bbox 1958 2347 3613 2412">
     <span class='ocr_line' id='line_1_54' title="bbox 1958 2347 3613 2412; baseline 0.002 -6"><span class='ocrx_word' id='word_1_350' title='bbox 1958 2348 2284 2410; x_wconf 85' lang='lat' dir='ltr'><strong>Antiochus</strong></span> <span class='ocrx_word' id='word_1_351' title='bbox 2307 2367 2373 2409; x_wconf 86' lang='lat' dir='ltr'><strong>ex</strong></span> <span class='ocrx_word' id='word_1_352' title='bbox 2401 2347 2644 2411; x_wconf 83' lang='lat' dir='ltr'><strong>Oriente</strong></span> <span class='ocrx_word' id='word_1_353' title='bbox 2669 2353 2724 2409; x_wconf 90' lang='lat' dir='ltr'><strong>in</strong></span> <span class='ocrx_word' id='word_1_354' title='bbox 2751 2350 3070 2412; x_wconf 87' lang='lat' dir='ltr'><strong>Thraciam</strong></span> <span class='ocrx_word' id='word_1_355' title='bbox 3095 2349 3467 2410; x_wconf 89' lang='lat' dir='ltr'><strong>contendens</strong></span> <span class='ocrx_word' id='word_1_356' title='bbox 3491 2348 3613 2409; x_wconf 82' lang='lat' dir='ltr'><strong>Ca—</strong></span> 
     </span>
    </p>
   </div>
   <div class='ocr_carea' id='block_1_55' title="bbox 1957 2438 3611 2519">
    <p class='ocr_par' dir='ltr' id='par_1_55' title="bbox 1957 2438 3611 2519">
     <span class='ocr_line' id='line_1_55' title="bbox 1957 2438 3611 2519; baseline -0.001 -22"><span class='ocrx_word' id='word_1_357' title='bbox 1957 2455 2123 2500; x_wconf 86' lang='lat' dir='ltr'><strong>sarea</strong></span> <span class='ocrx_word' id='word_1_358' title='bbox 2148 2439 2483 2518; x_wconf 90' lang='lat' dir='ltr'><strong>transiit,ac</strong></span> <span class='ocrx_word' id='word_1_359' title='bbox 2508 2457 2672 2500; x_wconf 84' lang='lat' dir='ltr'><strong>nova</strong></span> <span class='ocrx_word' id='word_1_360' title='bbox 2696 2440 2961 2519; x_wconf 85' lang='lat' dir='ltr'><strong>epistola</strong></span> <span class='ocrx_word' id='word_1_361' title='bbox 2991 2440 3366 2500; x_wconf 88' lang='lat' dir='ltr'><strong>occasionem</strong></span> <span class='ocrx_word' id='word_1_362' title='bbox 3395 2438 3611 2499; x_wconf 84' lang='lat' dir='ltr'><strong>Basilio</strong></span> 
     </span>
    </p>
   </div>
   <div class='ocr_carea' id='block_1_56' title="bbox 1957 2527 3612 2608">
    <p class='ocr_par' dir='ltr' id='par_1_56' title="bbox 1957 2527 3612 2608">
     <span class='ocr_line' id='line_1_56' title="bbox 1957 2527 3612 2608; baseline 0 -21"><span class='ocrx_word' id='word_1_363' title='bbox 1957 2527 2172 2588; x_wconf 88' lang='lat' dir='ltr'><strong>attulit.</strong></span> <span class='ocrx_word' id='word_1_364' title='bbox 2210 2530 2383 2589; x_wconf 86' lang='lat' dir='ltr'><strong>Hanc</strong></span> <span class='ocrx_word' id='word_1_365' title='bbox 2417 2528 2751 2608; x_wconf 90' lang='lat' dir='ltr'><strong>epistolam,</strong></span> <span class='ocrx_word' id='word_1_366' title='bbox 2789 2548 2922 2608; x_wconf 87' lang='lat' dir='ltr'><strong>qua</strong></span> <span class='ocrx_word' id='word_1_367' title='bbox 2973 2539 3060 2589; x_wconf 89' lang='lat' dir='ltr'><strong>est</strong></span> <span class='ocrx_word' id='word_1_368' title='bbox 3091 2529 3232 2607; x_wconf 75' lang='lat'><strong>239,</strong></span> <span class='ocrx_word' id='word_1_369' title='bbox 3278 2547 3396 2588; x_wconf 91' lang='lat' dir='ltr'><strong>non</strong></span> <span class='ocrx_word' id='word_1_370' title='bbox 3430 2527 3612 2588; x_wconf 92' lang='lat' dir='ltr'><strong>multo</strong></span> 
     </span>
    </p>
   </div>
   <div class='ocr_carea' id='block_1_57' title="bbox 1957 2617 3609 2697">
    <p class='ocr_par' dir='ltr' id='par_1_57' title="bbox 1957 2617 3609 2697">
     <span class='ocr_line' id='line_1_57' title="bbox 1957 2617 3609 2697; baseline 0.001 -22"><span class='ocrx_word' id='word_1_371' title='bbox 1957 2625 2086 2694; x_wconf 91' lang='lat' dir='ltr'><strong>post</strong></span> <span class='ocrx_word' id='word_1_372' title='bbox 2113 2634 2239 2676; x_wconf 89' lang='lat' dir='ltr'><strong>eam</strong></span> <span class='ocrx_word' id='word_1_373' title='bbox 2267 2636 2398 2697; x_wconf 89' lang='lat' dir='ltr'><strong>qua</strong></span> <span class='ocrx_word' id='word_1_374' title='bbox 2422 2627 2511 2679; x_wconf 90' lang='lat' dir='ltr'><strong>est</strong></span> <span class='ocrx_word' id='word_1_375' title='bbox 2534 2618 2966 2696; x_wconf 77' lang='lat' dir='ltr'><strong>237,5criptam</strong></span> <span class='ocrx_word' id='word_1_376' title='bbox 2997 2636 3129 2678; x_wconf 90' lang='lat' dir='ltr'><strong>esse</strong></span> <span class='ocrx_word' id='word_1_377' title='bbox 3159 2617 3517 2697; x_wconf 87' lang='lat' dir='ltr'><strong>perspicitur</strong></span> <span class='ocrx_word' id='word_1_378' title='bbox 3539 2635 3609 2677; x_wconf 90' lang='lat' dir='ltr'><strong>ex</strong></span> 
     </span>
    </p>
   </div>
   <div class='ocr_carea' id='block_1_58' title="bbox 1955 2705 3616 2786">
    <p class='ocr_par' dir='ltr' id='par_1_58' title="bbox 1955 2705 3616 2786">
     <span class='ocr_line' id='line_1_58' title="bbox 1955 2705 3616 2786; baseline -0.001 -19"><span class='ocrx_word' id='word_1_379' title='bbox 1955 2707 2082 2786; x_wconf 91' lang='lat' dir='ltr'><strong>ipso</strong></span> <span class='ocrx_word' id='word_1_380' title='bbox 2106 2705 2486 2769; x_wconf 75' lang='lat' dir='ltr'><strong>initiozbedil</strong></span> <span class='ocrx_word' id='word_1_381' title='bbox 2511 2708 2680 2769; x_wconf 83' lang='lat' dir='ltr'><strong>nobis</strong></span> <span class='ocrx_word' id='word_1_382' title='bbox 2700 2708 2993 2769; x_wconf 79' lang='lat' dir='ltr'><strong>Dominus</strong></span> <span class='ocrx_word' id='word_1_383' title='bbox 3008 2711 3196 2769; x_wconf 71' lang='lat' dir='ltr'><strong>etiam</strong></span> <span class='ocrx_word' id='word_1_384' title='bbox 3211 2723 3392 2768; x_wconf 78' lang='lat' dir='ltr'><strong>nunc.</strong></span> <span class='ocrx_word' id='word_1_385' title='bbox 3407 2754 3420 2768; x_wconf 94' lang='lat'><strong>.</strong></span> <span class='ocrx_word' id='word_1_386' title='bbox 3435 2705 3616 2768; x_wconf 84' lang='lat' dir='ltr'><strong>.salu-</strong></span> 
     </span>
    </p>
   </div>
   <div class='ocr_carea' id='block_1_59' title="bbox 1958 2794 3610 2874">
    <p class='ocr_par' dir='ltr' id='par_1_59' title="bbox 1958 2794 3610 2874">
     <span class='ocr_line' id='line_1_59' title="bbox 1958 2794 3610 2874; baseline -0.002 -17"><span class='ocrx_word' id='word_1_387' title='bbox 1958 2802 2088 2857; x_wconf 86' lang='lat' dir='ltr'><strong>tare</strong></span> <span class='ocrx_word' id='word_1_388' title='bbox 2135 2798 2527 2858; x_wconf 73' lang='lat' dir='ltr'><strong>sanctitatem</strong></span> <span class='ocrx_word' id='word_1_389' title='bbox 2560 2803 2749 2874; x_wconf 84' lang='lat' dir='ltr'><strong>tuam,</strong></span> <span class='ocrx_word' id='word_1_390' title='bbox 2787 2807 2902 2857; x_wconf 93' lang='lat' dir='ltr'><strong>etc.</strong></span> <span class='ocrx_word' id='word_1_391' title='bbox 2935 2799 3168 2858; x_wconf 87' lang='lat' dir='ltr'><strong>Statum</strong></span> <span class='ocrx_word' id='word_1_392' title='bbox 3201 2794 3610 2857; x_wconf 89' lang='lat' dir='ltr'><strong>Ecclesiarum</strong></span> 
     </span>
    </p>
   </div>
   <div class='ocr_carea' id='block_1_60' title="bbox 1963 2883 3615 2963">
    <p class='ocr_par' dir='ltr' id='par_1_60' title="bbox 1963 2883 3615 2963">
     <span class='ocr_line' id='line_1_60' title="bbox 1963 2883 3615 2963; baseline -0.001 -20"><span class='ocrx_word' id='word_1_393' title='bbox 1963 2884 2254 2963; x_wconf 87' lang='lat' dir='ltr'><strong>deplorat,</strong></span> <span class='ocrx_word' id='word_1_394' title='bbox 2285 2903 2353 2946; x_wconf 85' lang='lat' dir='ltr'><strong>ac</strong></span> <span class='ocrx_word' id='word_1_395' title='bbox 2380 2886 2454 2945; x_wconf 92' lang='lat' dir='ltr'><strong>de</strong></span> <span class='ocrx_word' id='word_1_396' title='bbox 2485 2885 2695 2962; x_wconf 85' lang='lat' dir='ltr'><strong>legatis</strong></span> <span class='ocrx_word' id='word_1_397' title='bbox 2724 2888 2965 2945; x_wconf 78' lang='lat' dir='ltr'><strong>Romam</strong></span> <span class='ocrx_word' id='word_1_398' title='bbox 2994 2885 3302 2946; x_wconf 82' lang='lat' dir='ltr'><strong>mittendis</strong></span> <span class='ocrx_word' id='word_1_399' title='bbox 3328 2883 3615 2946; x_wconf 88' lang='lat' dir='ltr'><strong>nonnulla</strong></span> 
     </span>
    </p>
   </div>
   <div class='ocr_carea' id='block_1_61' title="bbox 1963 2973 3613 3054">
    <p class='ocr_par' dir='ltr' id='par_1_61' title="bbox 1963 2973 3613 3054">
     <span class='ocr_line' id='line_1_61' title="bbox 1963 2973 3613 3054; baseline 0.001 -22"><span class='ocrx_word' id='word_1_400' title='bbox 1963 2973 2224 3053; x_wconf 91' lang='lat' dir='ltr'><strong>disserit,</strong></span> <span class='ocrx_word' id='word_1_401' title='bbox 2249 2994 2378 3054; x_wconf 87' lang='lat' dir='ltr'><strong>qua</strong></span> <span class='ocrx_word' id='word_1_402' title='bbox 2411 2976 2585 3036; x_wconf 91' lang='lat' dir='ltr'><strong>modo</strong></span> <span class='ocrx_word' id='word_1_403' title='bbox 2620 2975 3118 3037; x_wconf 81' lang='lat' dir='ltr'><strong>examinabimus.</strong></span> <span class='ocrx_word' id='word_1_404' title='bbox 3156 2976 3270 3036; x_wconf 87' lang='lat' dir='ltr'><strong>Sed</strong></span> <span class='ocrx_word' id='word_1_405' title='bbox 3300 2983 3613 3054; x_wconf 87' lang='lat' dir='ltr'><strong>antequam</strong></span> 
     </span>
    </p>
   </div>
   <div class='ocr_carea' id='block_1_62' title="bbox 1965 3063 3615 3144">
    <p class='ocr_par' dir='ltr' id='par_1_62' title="bbox 1965 3063 3615 3144">
     <span class='ocr_line' id='line_1_62' title="bbox 1965 3063 3615 3144; baseline 0 -21"><span class='ocrx_word' id='word_1_406' title='bbox 1965 3065 2036 3123; x_wconf 88' lang='lat' dir='ltr'><strong>ad</strong></span> <span class='ocrx_word' id='word_1_407' title='bbox 2073 3064 2224 3124; x_wconf 89' lang='lat' dir='ltr'><strong>hanc</strong></span> <span class='ocrx_word' id='word_1_408' title='bbox 2245 3065 2602 3141; x_wconf 88' lang='lat' dir='ltr'><strong>legationem</strong></span> <span class='ocrx_word' id='word_1_409' title='bbox 2623 3064 3098 3144; x_wconf 87' lang='lat' dir='ltr'><strong>veniamus,qua</strong></span> <span class='ocrx_word' id='word_1_410' title='bbox 3126 3065 3326 3126; x_wconf 91' lang='lat' dir='ltr'><strong>multis</strong></span> <span class='ocrx_word' id='word_1_411' title='bbox 3351 3063 3615 3124; x_wconf 79' lang='lat' dir='ltr'><strong>difﬁcul-</strong></span> 
     </span>
    </p>
   </div>
   <div class='ocr_carea' id='block_1_63' title="bbox 1970 3153 3619 3234">
    <p class='ocr_par' dir='ltr' id='par_1_63' title="bbox 1970 3153 3619 3234">
     <span class='ocr_line' id='line_1_63' title="bbox 1970 3153 3619 3234; baseline 0.001 -22"><span class='ocrx_word' id='word_1_412' title='bbox 1970 3153 2186 3214; x_wconf 90' lang='lat' dir='ltr'><strong>tatibus</strong></span> <span class='ocrx_word' id='word_1_413' title='bbox 2221 3155 2522 3234; x_wconf 85' lang='lat' dir='ltr'><strong>implicata</strong></span> <span class='ocrx_word' id='word_1_414' title='bbox 2554 3162 2665 3225; x_wconf 88' lang='lat' dir='ltr'><strong>est,</strong></span> <span class='ocrx_word' id='word_1_415' title='bbox 2701 3156 2813 3215; x_wconf 89' lang='lat' dir='ltr'><strong>alia</strong></span> <span class='ocrx_word' id='word_1_416' title='bbox 2843 3154 3046 3215; x_wconf 90' lang='lat' dir='ltr'><strong>Basilii</strong></span> <span class='ocrx_word' id='word_1_417' title='bbox 3091 3153 3619 3216; x_wconf 89' lang='lat' dir='ltr'><strong>commemoranda</strong></span> 
     </span>
    </p>
   </div>
   <div class='ocr_carea' id='block_1_64' title="bbox 235 3242 3615 3328">
    <p class='ocr_par' dir='ltr' id='par_1_64' title="bbox 235 3242 3615 3328">
     <span class='ocr_line' id='line_1_64' title="bbox 235 3242 3615 3328; baseline -0 -21"><span class='ocrx_word' id='word_1_418' title='bbox 235 3246 312 3307; x_wconf 90' lang='lat' dir='ltr'><strong>ab</strong></span> <span class='ocrx_word' id='word_1_419' title='bbox 345 3246 582 3308; x_wconf 90' lang='lat' dir='ltr'><strong>Arianis</strong></span> <span class='ocrx_word' id='word_1_420' title='bbox 616 3248 1025 3328; x_wconf 88' lang='lat' dir='ltr'><strong>episcopatum</strong></span> <span class='ocrx_word' id='word_1_421' title='bbox 1068 3245 1393 3325; x_wconf 90' lang='lat' dir='ltr'><strong>accepisse.</strong></span> <span class='ocrx_word' id='word_1_422' title='bbox 1423 3244 1620 3315; x_wconf 89' lang='lat' dir='ltr'><strong>Quare</strong></span> <span class='ocrx_word' id='word_1_423' title='bbox 1651 3246 1881 3309; x_wconf 91' lang='lat' dir='ltr'><strong>violen-</strong></span> <span class='ocrx_word' id='word_1_424' title='bbox 1904 3253 1943 3301; x_wconf 92' lang='lat' dir='ltr'>C</span> <span class='ocrx_word' id='word_1_425' title='bbox 1969 3243 2040 3302; x_wconf 83' lang='lat' dir='ltr'><strong>ad</strong></span> <span class='ocrx_word' id='word_1_426' title='bbox 2071 3243 2519 3320; x_wconf 81' lang='lat' dir='ltr'><strong>Nicopolltanos</strong></span> <span class='ocrx_word' id='word_1_427' title='bbox 2543 3242 2924 3323; x_wconf 82' lang='lat' dir='ltr'><strong>presbyteros</strong></span> <span class='ocrx_word' id='word_1_428' title='bbox 2948 3243 3373 3322; x_wconf 71' lang='lat' dir='ltr'><strong>epistolatlum</strong></span> <span class='ocrx_word' id='word_1_429' title='bbox 3408 3261 3615 3324; x_wconf 86' lang='lat' dir='ltr'><strong>parum</strong></span> 
     </span>
    </p>
   </div>
   <div class='ocr_carea' id='block_1_65' title="bbox 232 3335 1882 3417">
    <p class='ocr_par' dir='ltr' id='par_1_65' title="bbox 232 3335 1882 3417">
     <span class='ocr_line' id='line_1_65' title="bbox 232 3335 1882 3417; baseline 0.002 -22"><span class='ocrx_word' id='word_1_430' title='bbox 232 3337 374 3395; x_wconf 90' lang='lat' dir='ltr'><strong>tiam</strong></span> <span class='ocrx_word' id='word_1_431' title='bbox 415 3335 594 3407; x_wconf 85' lang='lat' dir='ltr'><strong>illam,</strong></span> <span class='ocrx_word' id='word_1_432' title='bbox 625 3356 801 3417; x_wconf 87' lang='lat' dir='ltr'><strong>quam</strong></span> <span class='ocrx_word' id='word_1_433' title='bbox 857 3337 1295 3398; x_wconf 89' lang='lat' dir='ltr'><strong>Demosthenes</strong></span> <span class='ocrx_word' id='word_1_434' title='bbox 1330 3335 1621 3396; x_wconf 89' lang='lat' dir='ltr'><strong>adhibere</strong></span> <span class='ocrx_word' id='word_1_435' title='bbox 1653 3337 1882 3415; x_wconf 89' lang='lat' dir='ltr'><strong>statuit,</strong></span> 
     </span>
    </p>
   </div>
   <div class='ocr_carea' id='block_1_66' title="bbox 240 3424 1886 3504">
    <p class='ocr_par' dir='ltr' id='par_1_66' title="bbox 240 3424 1886 3504">
     <span class='ocr_line' id='line_1_66' title="bbox 240 3424 1886 3504; baseline -0.001 -19"><span class='ocrx_word' id='word_1_436' title='bbox 240 3434 306 3485; x_wconf 91' lang='lat' dir='ltr'><strong>ut</strong></span> <span class='ocrx_word' id='word_1_437' title='bbox 327 3424 540 3486; x_wconf 76' lang='lat' dir='ltr'><strong>datum</strong></span> <span class='ocrx_word' id='word_1_438' title='bbox 568 3433 912 3504; x_wconf 78' lang='lat' dir='ltr'><strong>episcopum</strong></span> <span class='ocrx_word' id='word_1_439' title='bbox 937 3424 1886 3502; x_wconf 88' lang='lat' dir='ltr'><strong>constitueret,nonimmittendis</strong></span> 
     </span>
    </p>
   </div>
   <div class='ocr_carea' id='block_1_67' title="bbox 231 3512 1882 3590">
    <p class='ocr_par' dir='ltr' id='par_1_67' title="bbox 231 3512 1882 3590">
     <span class='ocr_line' id='line_1_67' title="bbox 231 3512 1882 3590; baseline -0.003 -14"><span class='ocrx_word' id='word_1_440' title='bbox 231 3513 468 3576; x_wconf 90' lang='lat' dir='ltr'><strong>Arianis</strong></span> <span class='ocrx_word' id='word_1_441' title='bbox 499 3515 796 3585; x_wconf 86' lang='lat' dir='ltr'><strong>adhibuit,</strong></span> <span class='ocrx_word' id='word_1_442' title='bbox 825 3512 924 3590; x_wconf 87' lang='lat' dir='ltr'><strong>qui</strong></span> <span class='ocrx_word' id='word_1_443' title='bbox 949 3513 1075 3590; x_wconf 88' lang='lat' dir='ltr'><strong>jam</strong></span> <span class='ocrx_word' id='word_1_444' title='bbox 1111 3513 1484 3590; x_wconf 84' lang='lat' dir='ltr'><strong>perfecerant</strong></span> <span class='ocrx_word' id='word_1_445' title='bbox 1514 3513 1668 3590; x_wconf 88' lang='lat' dir='ltr'><strong>quod</strong></span> <span class='ocrx_word' id='word_1_446' title='bbox 1705 3514 1882 3573; x_wconf 91' lang='lat' dir='ltr'><strong>situm</strong></span> 
     </span>
    </p>
   </div>
   <div class='ocr_carea' id='block_1_68' title="bbox 235 3599 1884 3682">
    <p class='ocr_par' dir='ltr' id='par_1_68' title="bbox 235 3599 1884 3682">
     <span class='ocr_line' id='line_1_68' title="bbox 235 3599 1884 3682; baseline -0.002 -18"><span class='ocrx_word' id='word_1_447' title='bbox 235 3605 297 3664; x_wconf 90' lang='lat' dir='ltr'><strong>in</strong></span> <span class='ocrx_word' id='word_1_448' title='bbox 331 3603 477 3682; x_wconf 90' lang='lat' dir='ltr'><strong>ipsis</strong></span> <span class='ocrx_word' id='word_1_449' title='bbox 513 3603 727 3680; x_wconf 89' lang='lat' dir='ltr'><strong>fuerat,</strong></span> <span class='ocrx_word' id='word_1_450' title='bbox 751 3601 855 3662; x_wconf 91' lang='lat' dir='ltr'><strong>sed</strong></span> <span class='ocrx_word' id='word_1_451' title='bbox 876 3599 1058 3660; x_wconf 90' lang='lat' dir='ltr'><strong>sacris</strong></span> <span class='ocrx_word' id='word_1_452' title='bbox 1083 3600 1310 3661; x_wconf 84' lang='lat' dir='ltr'><strong>adibus</strong></span> <span class='ocrx_word' id='word_1_453' title='bbox 1333 3600 1620 3662; x_wconf 87' lang='lat' dir='ltr'><strong>Frontoni</strong></span> <span class='ocrx_word' id='word_1_454' title='bbox 1648 3620 1753 3680; x_wconf 87' lang='lat' dir='ltr'><strong>per</strong></span> <span class='ocrx_word' id='word_1_455' title='bbox 1772 3601 1884 3661; x_wconf 86' lang='lat' dir='ltr'><strong>vim</strong></span> 
     </span>
    </p>
   </div>
   <div class='ocr_carea' id='block_1_69' title="bbox 232 3688 1885 3772">
    <p class='ocr_par' dir='ltr' id='par_1_69' title="bbox 232 3688 1885 3772">
     <span class='ocr_line' id='line_1_69' title="bbox 232 3688 1885 3772; baseline -0.002 -19"><span class='ocrx_word' id='word_1_456' title='bbox 232 3693 565 3754; x_wconf 86' lang='lat' dir='ltr'><strong>tradendis.</strong></span> <span class='ocrx_word' id='word_1_457' title='bbox 603 3690 752 3753; x_wconf 88' lang='lat' dir='ltr'><strong>Vide</strong></span> <span class='ocrx_word' id='word_1_458' title='bbox 785 3709 915 3772; x_wconf 87' lang='lat' dir='ltr'><strong>qua</strong></span> <span class='ocrx_word' id='word_1_459' title='bbox 945 3688 1392 3752; x_wconf 83' lang='lat' dir='ltr'><strong>observavimus</strong></span> <span class='ocrx_word' id='word_1_460' title='bbox 1442 3689 1516 3750; x_wconf 89' lang='lat' dir='ltr'><strong>ad</strong></span> <span class='ocrx_word' id='word_1_461' title='bbox 1575 3689 1885 3769; x_wconf 87' lang='lat' dir='ltr'><strong>epistolam</strong></span> 
     </span>
    </p>
   </div>
   <div class='ocr_carea' id='block_1_70' title="bbox 319 3869 1893 3953">
    <p class='ocr_par' dir='ltr' id='par_1_70' title="bbox 319 3869 1893 3953">
     <span class='ocr_line' id='line_1_70' title="bbox 319 3869 1893 3953; baseline -0.002 -20"><span class='ocrx_word' id='word_1_462' title='bbox 319 3872 416 3934; x_wconf 93' lang='lat' dir='ltr'><strong>IV.</strong></span> <span class='ocrx_word' id='word_1_463' title='bbox 451 3870 602 3932; x_wconf 93' lang='lat' dir='ltr'><strong>Tum</strong></span> <span class='ocrx_word' id='word_1_464' title='bbox 639 3890 772 3934; x_wconf 91' lang='lat' dir='ltr'><strong>cum</strong></span> <span class='ocrx_word' id='word_1_465' title='bbox 809 3870 1240 3953; x_wconf 87' lang='lat' dir='ltr'><strong>Nicopolitanis</strong></span> <span class='ocrx_word' id='word_1_466' title='bbox 1264 3871 1534 3950; x_wconf 81' lang='lat' dir='ltr'><strong>graviora</strong></span> <span class='ocrx_word' id='word_1_467' title='bbox 1563 3869 1893 3930; x_wconf 89' lang='lat' dir='ltr'><strong>minaretur</strong></span> 
     </span>
    </p>
   </div>
   <div class='ocr_carea' id='block_1_71' title="bbox 235 3959 1888 4041">
    <p class='ocr_par' dir='ltr' id='par_1_71' title="bbox 235 3959 1888 4041">
     <span class='ocr_line' id='line_1_71' title="bbox 235 3959 1888 4041; baseline -0.004 -16"><span class='ocrx_word' id='word_1_468' title='bbox 235 3961 696 4034; x_wconf 87' lang='lat' dir='ltr'><strong>Demosthenes,</strong></span> <span class='ocrx_word' id='word_1_469' title='bbox 719 3980 926 4023; x_wconf 88' lang='lat' dir='ltr'><strong>rumor</strong></span> <span class='ocrx_word' id='word_1_470' title='bbox 960 3970 1086 4024; x_wconf 90' lang='lat' dir='ltr'><strong>erat</strong></span> <span class='ocrx_word' id='word_1_471' title='bbox 1115 3961 1386 4034; x_wconf 89' lang='lat' dir='ltr'><strong>Arianos,</strong></span> <span class='ocrx_word' id='word_1_472' title='bbox 1422 3965 1520 4041; x_wconf 88' lang='lat' dir='ltr'><strong>qui</strong></span> <span class='ocrx_word' id='word_1_473' title='bbox 1552 3959 1702 4022; x_wconf 91' lang='lat' dir='ltr'><strong>forte</strong></span> <span class='ocrx_word' id='word_1_474' title='bbox 1736 3977 1888 4021; x_wconf 84' lang='lat' dir='ltr'><strong>non-</strong></span> 
     </span>
    </p>
   </div>
   <div class='ocr_carea' id='block_1_72' title="bbox 233 4049 1879 4121">
    <p class='ocr_par' dir='ltr' id='par_1_72' title="bbox 233 4049 1879 4121">
     <span class='ocr_line' id='line_1_72' title="bbox 233 4049 1879 4121; baseline 0 -9"><span class='ocrx_word' id='word_1_475' title='bbox 233 4051 378 4112; x_wconf 89' lang='lat' dir='ltr'><strong>dum</strong></span> <span class='ocrx_word' id='word_1_476' title='bbox 405 4051 460 4110; x_wconf 90' lang='lat' dir='ltr'><strong>in</strong></span> <span class='ocrx_word' id='word_1_477' title='bbox 483 4049 768 4112; x_wconf 85' lang='lat' dir='ltr'><strong>Galatiam</strong></span> <span class='ocrx_word' id='word_1_478' title='bbox 801 4051 1303 4121; x_wconf 88' lang='lat' dir='ltr'><strong>redierant,aliud</strong></span> <span class='ocrx_word' id='word_1_479' title='bbox 1337 4049 1661 4111; x_wconf 90' lang='lat' dir='ltr'><strong>concilium</strong></span> <span class='ocrx_word' id='word_1_480' title='bbox 1698 4051 1879 4112; x_wconf 86' lang='lat' dir='ltr'><strong>medi-</strong></span> 
     </span>
    </p>
   </div>
   <div class='ocr_carea' id='block_1_73' title="bbox 235 4138 1892 4219">
    <p class='ocr_par' dir='ltr' id='par_1_73' title="bbox 235 4138 1892 4219">
     <span class='ocr_line' id='line_1_73' title="bbox 235 4138 1892 4219; baseline -0.002 -17"><span class='ocrx_word' id='word_1_481' title='bbox 235 4142 374 4213; x_wconf 86' lang='lat' dir='ltr'><strong>tari,</strong></span> <span class='ocrx_word' id='word_1_482' title='bbox 398 4138 469 4200; x_wconf 84' lang='lat' dir='ltr'><strong>ad</strong></span> <span class='ocrx_word' id='word_1_483' title='bbox 496 4140 651 4219; x_wconf 92' lang='lat' dir='ltr'><strong>quod</strong></span> <span class='ocrx_word' id='word_1_484' title='bbox 678 4142 1034 4202; x_wconf 83' lang='lat' dir='ltr'><strong>accersitum</strong></span> <span class='ocrx_word' id='word_1_485' title='bbox 1063 4140 1479 4212; x_wconf 89' lang='lat' dir='ltr'><strong>Basilium,aut</strong></span> <span class='ocrx_word' id='word_1_486' title='bbox 1507 4158 1707 4200; x_wconf 89' lang='lat' dir='ltr'><strong>secum</strong></span> <span class='ocrx_word' id='word_1_487' title='bbox 1729 4158 1892 4199; x_wconf 91' lang='lat' dir='ltr'><strong>com-</strong></span> 
     </span>
    </p>
   </div>
   <div class='ocr_carea' id='block_1_74' title="bbox 240 4228 1890 4310">
    <p class='ocr_par' dir='ltr' id='par_1_74' title="bbox 240 4228 1890 4310">
     <span class='ocr_line' id='line_1_74' title="bbox 240 4228 1890 4310; baseline 0 -21"><span class='ocrx_word' id='word_1_488' title='bbox 240 4248 294 4289; x_wconf 89' lang='lat' dir='ltr'><strong>m</strong></span> <span class='ocrx_word' id='word_1_489' title='bbox 307 4228 552 4291; x_wconf 88' lang='lat' dir='ltr'><strong>unicare</strong></span> <span class='ocrx_word' id='word_1_490' title='bbox 573 4241 1100 4310; x_wconf 88' lang='lat' dir='ltr'><strong>cogerent,autsna</strong></span> <span class='ocrx_word' id='word_1_491' title='bbox 1115 4230 1550 4291; x_wconf 89' lang='lat' dir='ltr'><strong>consuetudine</strong></span> <span class='ocrx_word' id='word_1_492' title='bbox 1564 4237 1890 4290; x_wconf 89' lang='lat' dir='ltr'><strong>uterentur.</strong></span> 
     </span>
    </p>
   </div>
   <div class='ocr_carea' id='block_1_75' title="bbox 1972 3329 3614 3414">
    <p class='ocr_par' dir='ltr' id='par_1_75' title="bbox 1972 3329 3614 3414">
     <span class='ocr_line' id='line_1_75' title="bbox 1972 3329 3614 3414; baseline 0.001 -24"><span class='ocrx_word' id='word_1_493' title='bbox 1972 3329 2180 3392; x_wconf 89' lang='lat' dir='ltr'><strong>beatus</strong></span> <span class='ocrx_word' id='word_1_494' title='bbox 2194 3331 2302 3392; x_wconf 82' lang='lat' dir='ltr'><strong>Slbl</strong></span> <span class='ocrx_word' id='word_1_495' title='bbox 2319 3332 2622 3394; x_wconf 88' lang='lat' dir='ltr'><strong>videretur</strong></span> <span class='ocrx_word' id='word_1_496' title='bbox 2637 3331 2855 3393; x_wconf 89' lang='lat' dir='ltr'><strong>Fronto</strong></span> <span class='ocrx_word' id='word_1_497' title='bbox 2870 3351 3066 3393; x_wconf 87' lang='lat' dir='ltr'><strong>vacua</strong></span> <span class='ocrx_word' id='word_1_498' title='bbox 3085 3332 3366 3394; x_wconf 90' lang='lat' dir='ltr'><strong>Ecclesia</strong></span> <span class='ocrx_word' id='word_1_499' title='bbox 3379 3351 3614 3414; x_wconf 88' lang='lat' dir='ltr'><strong>posses-</strong></span> 
     </span>
    </p>
   </div>
   <div class='ocr_carea' id='block_1_76' title="bbox 1970 3420 3613 3501">
    <p class='ocr_par' dir='ltr' id='par_1_76' title="bbox 1970 3420 3613 3501">
     <span class='ocr_line' id='line_1_76' title="bbox 1970 3420 3613 3501; baseline 0.002 -22"><span class='ocrx_word' id='word_1_500' title='bbox 1970 3420 2158 3492; x_wconf 89' lang='lat' dir='ltr'><strong>sione,</strong></span> <span class='ocrx_word' id='word_1_501' title='bbox 2185 3440 2310 3481; x_wconf 89' lang='lat' dir='ltr'><strong>rem</strong></span> <span class='ocrx_word' id='word_1_502' title='bbox 2345 3432 2472 3482; x_wconf 91' lang='lat' dir='ltr'><strong>astu</strong></span> <span class='ocrx_word' id='word_1_503' title='bbox 2495 3431 2752 3482; x_wconf 83' lang='lat' dir='ltr'><strong>tractare</strong></span> <span class='ocrx_word' id='word_1_504' title='bbox 2771 3431 2826 3481; x_wconf 92' lang='lat' dir='ltr'><strong>et</strong></span> <span class='ocrx_word' id='word_1_505' title='bbox 2846 3422 3022 3482; x_wconf 82' lang='lat' dir='ltr'><strong>fidem</strong></span> <span class='ocrx_word' id='word_1_506' title='bbox 3049 3423 3398 3484; x_wconf 85' lang='lat' dir='ltr'><strong>catholicam</strong></span> <span class='ocrx_word' id='word_1_507' title='bbox 3427 3425 3613 3501; x_wconf 85' lang='lat' dir='ltr'><strong>profi—</strong></span> 
     </span>
    </p>
   </div>
   <div class='ocr_carea' id='block_1_77' title="bbox 1972 3511 3612 3590">
    <p class='ocr_par' dir='ltr' id='par_1_77' title="bbox 1972 3511 3612 3590">
     <span class='ocr_line' id='line_1_77' title="bbox 1972 3511 3612 3590; baseline 0.002 -21"><span class='ocrx_word' id='word_1_508' title='bbox 1972 3514 2082 3569; x_wconf 90' lang='lat' dir='ltr'><strong>teri</strong></span> <span class='ocrx_word' id='word_1_509' title='bbox 2119 3511 2334 3590; x_wconf 76' lang='lat' dir='ltr'><strong>capit:</strong></span> <span class='ocrx_word' id='word_1_510' title='bbox 2377 3529 2570 3589; x_wconf 90' lang='lat' dir='ltr'><strong>neque</strong></span> <span class='ocrx_word' id='word_1_511' title='bbox 2604 3530 2738 3570; x_wconf 90' lang='lat' dir='ltr'><strong>eum</strong></span> <span class='ocrx_word' id='word_1_512' title='bbox 2776 3511 2899 3572; x_wconf 85' lang='lat' dir='ltr'><strong>hac</strong></span> <span class='ocrx_word' id='word_1_513' title='bbox 2931 3512 3059 3572; x_wconf 87' lang='lat' dir='ltr'><strong>alea</strong></span> <span class='ocrx_word' id='word_1_514' title='bbox 3090 3515 3333 3573; x_wconf 92' lang='lat' dir='ltr'><strong>omnino</strong></span> <span class='ocrx_word' id='word_1_515' title='bbox 3363 3513 3612 3573; x_wconf 86' lang='lat' dir='ltr'><strong>fefellit:</strong></span> 
     </span>
    </p>
   </div>
   <div class='ocr_carea' id='block_1_78' title="bbox 1973 3599 3622 3681">
    <p class='ocr_par' dir='ltr' id='par_1_78' title="bbox 1973 3599 3622 3681">
     <span class='ocr_line' id='line_1_78' title="bbox 1973 3599 3622 3681; baseline 0.004 -25"><span class='ocrx_word' id='word_1_516' title='bbox 1973 3615 2108 3656; x_wconf 87' lang='lat' dir='ltr'><strong>nam</strong></span> <span class='ocrx_word' id='word_1_517' title='bbox 2135 3599 2404 3660; x_wconf 89' lang='lat' dir='ltr'><strong>nonnulli</strong></span> <span class='ocrx_word' id='word_1_518' title='bbox 2427 3599 2702 3660; x_wconf 89' lang='lat' dir='ltr'><strong>dubitare</strong></span> <span class='ocrx_word' id='word_1_519' title='bbox 2729 3618 2796 3659; x_wconf 86' lang='lat' dir='ltr'><strong>ac</strong></span> <span class='ocrx_word' id='word_1_520' title='bbox 2821 3601 3107 3661; x_wconf 87' lang='lat' dir='ltr'><strong>fluctuare</strong></span> <span class='ocrx_word' id='word_1_521' title='bbox 3130 3605 3622 3681; x_wconf 79' lang='lat' dir='ltr'><strong>caperuntJnte-</strong></span> 
     </span>
    </p>
   </div>
   <div class='ocr_carea' id='block_1_79' title="bbox 1974 3687 3624 3751">
    <p class='ocr_par' dir='ltr' id='par_1_79' title="bbox 1974 3687 3624 3751">
     <span class='ocr_line' id='line_1_79' title="bbox 1974 3687 3624 3751; baseline 0.004 -7"><span class='ocrx_word' id='word_1_522' title='bbox 1974 3687 2086 3744; x_wconf 88' lang='lat' dir='ltr'><strong>rim</strong></span> <span class='ocrx_word' id='word_1_523' title='bbox 2120 3689 2262 3747; x_wconf 88' lang='lat' dir='ltr'><strong>varii</strong></span> <span class='ocrx_word' id='word_1_524' title='bbox 2289 3697 2344 3747; x_wconf 88' lang='lat' dir='ltr'><strong>et</strong></span> <span class='ocrx_word' id='word_1_525' title='bbox 2368 3688 2580 3750; x_wconf 81' lang='lat' dir='ltr'><strong>incerti</strong></span> <span class='ocrx_word' id='word_1_526' title='bbox 2612 3707 2889 3748; x_wconf 89' lang='lat' dir='ltr'><strong>rumores</strong></span> <span class='ocrx_word' id='word_1_527' title='bbox 2913 3690 3193 3749; x_wconf 89' lang='lat' dir='ltr'><strong>Basilium</strong></span> <span class='ocrx_word' id='word_1_528' title='bbox 3222 3691 3624 3751; x_wconf 85' lang='lat' dir='ltr'><strong>sollicitudine</strong></span> 
     </span>
    </p>
   </div>
   <div class='ocr_carea' id='block_1_80' title="bbox 1977 3775 3620 3857">
    <p class='ocr_par' dir='ltr' id='par_1_80' title="bbox 1977 3775 3620 3857">
     <span class='ocr_line' id='line_1_80' title="bbox 1977 3775 3620 3857; baseline 0.004 -23"><span class='ocrx_word' id='word_1_529' title='bbox 1977 3775 2431 3856; x_wconf 88' lang='lat' dir='ltr'><strong>distringebant,</strong></span> <span class='ocrx_word' id='word_1_530' title='bbox 2467 3788 2523 3837; x_wconf 91' lang='lat' dir='ltr'><strong>et</strong></span> <span class='ocrx_word' id='word_1_531' title='bbox 2556 3786 2719 3838; x_wconf 91' lang='lat' dir='ltr'><strong>certo</strong></span> <span class='ocrx_word' id='word_1_532' title='bbox 2774 3778 2932 3838; x_wconf 89' lang='lat' dir='ltr'><strong>scire</strong></span> <span class='ocrx_word' id='word_1_533' title='bbox 2967 3779 3252 3857; x_wconf 85' lang='lat' dir='ltr'><strong>majorem</strong></span> <span class='ocrx_word' id='word_1_534' title='bbox 3289 3779 3347 3839; x_wconf 91' lang='lat' dir='ltr'><strong>in</strong></span> <span class='ocrx_word' id='word_1_535' title='bbox 3381 3779 3620 3840; x_wconf 91' lang='lat' dir='ltr'><strong>modum</strong></span> 
     </span>
    </p>
   </div>
   <div class='ocr_carea' id='block_1_81' title="bbox 1974 3865 3625 3948">
    <p class='ocr_par' dir='ltr' id='par_1_81' title="bbox 1974 3865 3625 3948">
     <span class='ocr_line' id='line_1_81' title="bbox 1974 3865 3625 3948; baseline 0.001 -20"><span class='ocrx_word' id='word_1_536' title='bbox 1974 3865 2359 3948; x_wconf 85' lang='lat' dir='ltr'><strong>avebat,quid</strong></span> <span class='ocrx_word' id='word_1_537' title='bbox 2383 3867 2649 3945; x_wconf 86' lang='lat' dir='ltr'><strong>Nicopoli</strong></span> <span class='ocrx_word' id='word_1_538' title='bbox 2677 3876 2954 3944; x_wconf 89' lang='lat' dir='ltr'><strong>ageretur</strong></span> <span class='ocrx_word' id='word_1_539' title='bbox 2982 3885 2996 3940; x_wconf 89' lang='lat'>;</span> <span class='ocrx_word' id='word_1_540' title='bbox 3024 3887 3154 3927; x_wconf 92' lang='lat' dir='ltr'><strong>cum</strong></span> <span class='ocrx_word' id='word_1_541' title='bbox 3182 3878 3625 3948; x_wconf 88' lang='lat' dir='ltr'><strong>peropportune</strong></span> 
     </span>
    </p>
   </div>
   <div class='ocr_carea' id='block_1_82' title="bbox 1975 3955 3624 4038">
    <p class='ocr_par' dir='ltr' id='par_1_82' title="bbox 1975 3955 3624 4038">
     <span class='ocr_line' id='line_1_82' title="bbox 1975 3955 3624 4038; baseline 0.002 -23"><span class='ocrx_word' id='word_1_542' title='bbox 1975 3956 2046 4016; x_wconf 91' lang='lat' dir='ltr'><strong>ad</strong></span> <span class='ocrx_word' id='word_1_543' title='bbox 2062 3976 2194 4018; x_wconf 90' lang='lat' dir='ltr'><strong>eum</strong></span> <span class='ocrx_word' id='word_1_544' title='bbox 2213 3957 2534 4038; x_wconf 83' lang='lat' dir='ltr'><strong>presbyteri</strong></span> <span class='ocrx_word' id='word_1_545' title='bbox 2549 3955 2943 4037; x_wconf 88' lang='lat' dir='ltr'><strong>Nicopolitani</strong></span> <span class='ocrx_word' id='word_1_546' title='bbox 2958 3958 3390 4019; x_wconf 89' lang='lat' dir='ltr'><strong>miseruntcum</strong></span> <span class='ocrx_word' id='word_1_547' title='bbox 3408 3959 3624 4020; x_wconf 91' lang='lat' dir='ltr'><strong>litteris</strong></span> 
     </span>
    </p>
   </div>
   <div class='ocr_carea' id='block_1_83' title="bbox 1978 4045 3625 4127">
    <p class='ocr_par' dir='ltr' id='par_1_83' title="bbox 1978 4045 3625 4127">
     <span class='ocr_line' id='line_1_83' title="bbox 1978 4045 3625 4127; baseline -0.001 -19"><span class='ocrx_word' id='word_1_548' title='bbox 1978 4045 2384 4109; x_wconf 90' lang='lat' dir='ltr'><strong>Theodosium</strong></span> <span class='ocrx_word' id='word_1_549' title='bbox 2401 4067 2530 4108; x_wconf 91' lang='lat' dir='ltr'><strong>com</strong></span> <span class='ocrx_word' id='word_1_550' title='bbox 2541 4047 3050 4127; x_wconf 54' lang='lat' dir='ltr'><strong>presbyterum,“</strong></span> <span class='ocrx_word' id='word_1_551' title='bbox 3067 4066 3182 4127; x_wconf 91' lang='lat' dir='ltr'><strong>quo</strong></span> <span class='ocrx_word' id='word_1_552' title='bbox 3198 4047 3433 4126; x_wconf 82' lang='lat' dir='ltr'><strong>singula</strong></span> <span class='ocrx_word' id='word_1_553' title='bbox 3451 4067 3625 4109; x_wconf 88' lang='lat' dir='ltr'><strong>accu-</strong></span> 
     </span>
    </p>
   </div>
   <div class='ocr_carea' id='block_1_84' title="bbox 1979 4138 3628 4220">
    <p class='ocr_par' dir='ltr' id='par_1_84' title="bbox 1979 4138 3628 4220">
     <span class='ocr_line' id='line_1_84' title="bbox 1979 4138 3628 4220; baseline 0.001 -21"><span class='ocrx_word' id='word_1_554' title='bbox 1979 4148 2103 4200; x_wconf 91' lang='lat' dir='ltr'><strong>rate</strong></span> <span class='ocrx_word' id='word_1_555' title='bbox 2133 4140 2423 4218; x_wconf 86' lang='lat' dir='ltr'><strong>cognovit.</strong></span> <span class='ocrx_word' id='word_1_556' title='bbox 2463 4144 2556 4202; x_wconf 90' lang='lat' dir='ltr'><strong>Sic</strong></span> <span class='ocrx_word' id='word_1_557' title='bbox 2589 4138 2914 4218; x_wconf 87' lang='lat' dir='ltr'><strong>respondet</strong></span> <span class='ocrx_word' id='word_1_558' title='bbox 2941 4140 3216 4214; x_wconf 92' lang='lat' dir='ltr'><strong>Basilius,</strong></span> <span class='ocrx_word' id='word_1_559' title='bbox 3251 4151 3315 4201; x_wconf 91' lang='lat' dir='ltr'><strong>ut</strong></span> <span class='ocrx_word' id='word_1_560' title='bbox 3337 4160 3469 4220; x_wconf 81' lang='lat' dir='ltr'><strong>qua</strong></span> <span class='ocrx_word' id='word_1_561' title='bbox 3500 4143 3628 4219; x_wconf 88' lang='lat' dir='ltr'><strong>ipse</strong></span> 
     </span>
    </p>
   </div>
   <div class='ocr_carea' id='block_1_85' title="bbox 1982 4228 3632 4310">
    <p class='ocr_par' dir='ltr' id='par_1_85' title="bbox 1982 4228 3632 4310">
     <span class='ocr_line' id='line_1_85' title="bbox 1982 4228 3632 4310; baseline 0.002 -23"><span class='ocrx_word' id='word_1_562' title='bbox 1982 4228 2094 4288; x_wconf 89' lang='lat' dir='ltr'><strong>sibi</strong></span> <span class='ocrx_word' id='word_1_563' title='bbox 2129 4228 2432 4301; x_wconf 87' lang='lat' dir='ltr'><strong>suadebat,</strong></span> <span class='ocrx_word' id='word_1_564' title='bbox 2458 4228 2665 4289; x_wconf 90' lang='lat' dir='ltr'><strong>eadem</strong></span> <span class='ocrx_word' id='word_1_565' title='bbox 2701 4229 2820 4288; x_wconf 90' lang='lat' dir='ltr'><strong>illis</strong></span> <span class='ocrx_word' id='word_1_566' title='bbox 2853 4238 3147 4310; x_wconf 90' lang='lat' dir='ltr'><strong>proponat</strong></span> <span class='ocrx_word' id='word_1_567' title='bbox 3175 4251 3186 4288; x_wconf 90' lang='lat'>:</span> <span class='ocrx_word' id='word_1_568' title='bbox 3227 4248 3444 4310; x_wconf 90' lang='lat' dir='ltr'><strong>nempe</strong></span> <span class='ocrx_word' id='word_1_569' title='bbox 3478 4231 3632 4290; x_wconf 88' lang='lat' dir='ltr'><strong>hanc</strong></span> 
     </span>
    </p>
   </div>
   <div class='ocr_carea' id='block_1_86' title="bbox 237 4317 3628 4401">
    <p class='ocr_par' dir='ltr' id='par_1_86' title="bbox 237 4317 3628 4401">
     <span class='ocr_line' id='line_1_86' title="bbox 237 4317 3628 4401; baseline 0.001 -24"><span class='ocrx_word' id='word_1_570' title='bbox 237 4321 405 4378; x_wconf 91' lang='lat' dir='ltr'><strong>Inter</strong></span> <span class='ocrx_word' id='word_1_571' title='bbox 423 4319 529 4379; x_wconf 89' lang='lat' dir='ltr'><strong>has</strong></span> <span class='ocrx_word' id='word_1_572' title='bbox 549 4319 851 4380; x_wconf 90' lang='lat' dir='ltr'><strong>molestias</strong></span> <span class='ocrx_word' id='word_1_573' title='bbox 883 4319 1140 4381; x_wconf 81' lang='lat' dir='ltr'><strong>Basilius</strong></span> <span class='ocrx_word' id='word_1_574' title='bbox 1164 4317 1313 4378; x_wconf 89' lang='lat' dir='ltr'><strong>nihil</strong></span> <span class='ocrx_word' id='word_1_575' title='bbox 1338 4318 1412 4378; x_wconf 91' lang='lat' dir='ltr'><strong>de</strong></span> <span class='ocrx_word' id='word_1_576' title='bbox 1435 4318 1771 4379; x_wconf 87' lang='lat' dir='ltr'><strong>valetudine</strong></span> <span class='ocrx_word' id='word_1_577' title='bbox 1795 4338 1900 4380; x_wconf 90' lang='lat' dir='ltr'><strong>sua</strong></span> <span class='ocrx_word' id='word_1_578' title='bbox 1987 4321 2464 4398; x_wconf 89' lang='lat' dir='ltr'><strong>persecutionem</strong></span> <span class='ocrx_word' id='word_1_579' title='bbox 2495 4319 2774 4379; x_wconf 89' lang='lat' dir='ltr'><strong>eumdem</strong></span> <span class='ocrx_word' id='word_1_580' title='bbox 2816 4320 3032 4380; x_wconf 85' lang='lat' dir='ltr'><strong>exitum</strong></span> <span class='ocrx_word' id='word_1_581' title='bbox 3061 4320 3422 4400; x_wconf 87' lang='lat' dir='ltr'><strong>habituram,</strong></span> <span class='ocrx_word' id='word_1_582' title='bbox 3452 4339 3628 4401; x_wconf 90' lang='lat' dir='ltr'><strong>quem</strong></span> 
     </span>
    </p>
   </div>
   <div class='ocr_carea' id='block_1_87' title="bbox 235 4406 3630 4490">
    <p class='ocr_par' dir='ltr' id='par_1_87' title="bbox 235 4406 3630 4490">
     <span class='ocr_line' id='line_1_87' title="bbox 235 4406 3630 4490; baseline -0 -20"><span class='ocrx_word' id='word_1_583' title='bbox 235 4406 510 4470; x_wconf 87' lang='lat' dir='ltr'><strong>scribere</strong></span> <span class='ocrx_word' id='word_1_584' title='bbox 550 4407 809 4469; x_wconf 90' lang='lat' dir='ltr'><strong>audebat</strong></span> <span class='ocrx_word' id='word_1_585' title='bbox 858 4408 1142 4486; x_wconf 90' lang='lat' dir='ltr'><strong>Eusebio,</strong></span> <span class='ocrx_word' id='word_1_586' title='bbox 1177 4425 1254 4468; x_wconf 88' lang='lat' dir='ltr'><strong>ne</strong></span> <span class='ocrx_word' id='word_1_587' title='bbox 1279 4425 1418 4468; x_wconf 84' lang='lat' dir='ltr'><strong>vera</strong></span> <span class='ocrx_word' id='word_1_588' title='bbox 1452 4407 1711 4468; x_wconf 92' lang='lat' dir='ltr'><strong>dicendo</strong></span> <span class='ocrx_word' id='word_1_589' title='bbox 1742 4410 1898 4469; x_wconf 79' lang='lat' dir='ltr'><strong>al&#39;tli-</strong></span> <span class='ocrx_word' id='word_1_590' title='bbox 1988 4409 2189 4470; x_wconf 85' lang='lat' dir='ltr'><strong>multa</strong></span> <span class='ocrx_word' id='word_1_591' title='bbox 2217 4409 2349 4470; x_wconf 87' lang='lat' dir='ltr'><strong>alia</strong></span> <span class='ocrx_word' id='word_1_592' title='bbox 2380 4410 2722 4489; x_wconf 86' lang='lat' dir='ltr'><strong>superiores</strong></span> <span class='ocrx_word' id='word_1_593' title='bbox 2757 4409 3127 4486; x_wconf 87' lang='lat' dir='ltr'><strong>habuerant;</strong></span> <span class='ocrx_word' id='word_1_594' title='bbox 3166 4411 3551 4490; x_wconf 89' lang='lat' dir='ltr'><strong>quamobrem</strong></span> <span class='ocrx_word' id='word_1_595' title='bbox 3585 4412 3630 4470; x_wconf 89' lang='lat' dir='ltr'><strong>si</strong></span> 
     </span>
    </p>
   </div>
   <div class='ocr_carea' id='block_1_88' title="bbox 235 4495 3629 4579">
    <p class='ocr_par' dir='ltr' id='par_1_88' title="bbox 235 4495 3629 4579">
     <span class='ocr_line' id='line_1_88' title="bbox 235 4495 3629 4579; baseline 0.001 -21"><span class='ocrx_word' id='word_1_596' title='bbox 235 4504 431 4574; x_wconf 89' lang='lat' dir='ltr'><strong>geret.</strong></span> <span class='ocrx_word' id='word_1_597' title='bbox 468 4496 828 4558; x_wconf 81' lang='lat' dir='ltr'><strong>Jamdudum</strong></span> <span class='ocrx_word' id='word_1_598' title='bbox 867 4499 1060 4560; x_wconf 89' lang='lat' dir='ltr'><strong>nullas</strong></span> <span class='ocrx_word' id='word_1_599' title='bbox 1090 4495 1347 4558; x_wconf 84' lang='lat' dir='ltr'><strong>Eusebio</strong></span> <span class='ocrx_word' id='word_1_600' title='bbox 1373 4496 1601 4558; x_wconf 89' lang='lat' dir='ltr'><strong>litteras</strong></span> <span class='ocrx_word' id='word_1_601' title='bbox 1633 4499 1896 4570; x_wconf 89' lang='lat' dir='ltr'><strong>miserat,</strong></span> <span class='ocrx_word' id='word_1_602' title='bbox 1984 4499 2183 4575; x_wconf 82' lang='lat' dir='ltr'><strong>gravis</strong></span> <span class='ocrx_word' id='word_1_603' title='bbox 2216 4499 2313 4572; x_wconf 92' lang='lat' dir='ltr'><strong>sit,</strong></span> <span class='ocrx_word' id='word_1_604' title='bbox 2342 4519 2451 4579; x_wconf 87' lang='lat' dir='ltr'><strong>spe</strong></span> <span class='ocrx_word' id='word_1_605' title='bbox 2480 4517 2718 4560; x_wconf 86' lang='lat' dir='ltr'><strong>corona</strong></span> <span class='ocrx_word' id='word_1_606' title='bbox 2745 4499 3162 4576; x_wconf 85' lang='lat' dir='ltr'><strong>perferendam</strong></span> <span class='ocrx_word' id='word_1_607' title='bbox 3192 4518 3206 4562; x_wconf 92' lang='lat'><em>:</em></span> <span class='ocrx_word' id='word_1_608' title='bbox 3232 4501 3279 4561; x_wconf 91' lang='lat' dir='ltr'><strong>si</strong></span> <span class='ocrx_word' id='word_1_609' title='bbox 3312 4501 3477 4579; x_wconf 82' lang='lat' dir='ltr'><strong>levis,</strong></span> <span class='ocrx_word' id='word_1_610' title='bbox 3514 4519 3629 4560; x_wconf 92' lang='lat' dir='ltr'><strong>non</strong></span> 
     </span>
    </p>
   </div>
   <div class='ocr_carea' id='block_1_89' title="bbox 241 4585 3632 4674">
    <p class='ocr_par' dir='ltr' id='par_1_89' title="bbox 241 4585 3632 4674">
     <span class='ocr_line' id='line_1_89' title="bbox 241 4585 3632 4674; baseline 0.001 -28"><span class='ocrx_word' id='word_1_611' title='bbox 241 4604 363 4646; x_wconf 91' lang='lat' dir='ltr'><strong>non</strong></span> <span class='ocrx_word' id='word_1_612' title='bbox 396 4585 758 4664; x_wconf 84' lang='lat' dir='ltr'><strong>negligentia</strong></span> <span class='ocrx_word' id='word_1_613' title='bbox 787 4596 887 4648; x_wconf 86' lang='lat' dir='ltr'><strong>aut</strong></span> <span class='ocrx_word' id='word_1_614' title='bbox 916 4587 1236 4658; x_wconf 83' lang='lat' dir='ltr'><strong>oblivione,</strong></span> <span class='ocrx_word' id='word_1_615' title='bbox 1271 4585 1374 4647; x_wconf 91' lang='lat' dir='ltr'><strong>sed</strong></span> <span class='ocrx_word' id='word_1_616' title='bbox 1409 4585 1548 4665; x_wconf 86' lang='lat' dir='ltr'><strong>quia</strong></span> <span class='ocrx_word' id='word_1_617' title='bbox 1578 4605 1710 4646; x_wconf 90' lang='lat' dir='ltr'><strong>cum</strong></span> <span class='ocrx_word' id='word_1_618' title='bbox 1747 4588 1897 4647; x_wconf 86' lang='lat' dir='ltr'><strong>scri-</strong></span> <span class='ocrx_word' id='word_1_619' title='bbox 1927 4627 1964 4674; x_wconf 72' lang='grc' dir='ltr'>ο</span> <span class='ocrx_word' id='word_1_620' title='bbox 1986 4587 2153 4648; x_wconf 90' lang='lat' dir='ltr'><strong>valde</strong></span> <span class='ocrx_word' id='word_1_621' title='bbox 2184 4590 2245 4649; x_wconf 86' lang='lat' dir='ltr'><strong>in</strong></span> <span class='ocrx_word' id='word_1_622' title='bbox 2275 4608 2448 4669; x_wconf 89' lang='lat' dir='ltr'><strong>parvo</strong></span> <span class='ocrx_word' id='word_1_623' title='bbox 2479 4589 2859 4649; x_wconf 85' lang='lat' dir='ltr'><strong>incommodo</strong></span> <span class='ocrx_word' id='word_1_624' title='bbox 2888 4589 3230 4666; x_wconf 86' lang='lat' dir='ltr'><strong>lugendum.</strong></span> <span class='ocrx_word' id='word_1_625' title='bbox 3265 4588 3546 4651; x_wconf 86' lang='lat' dir='ltr'><strong>Hortatur</strong></span> <span class='ocrx_word' id='word_1_626' title='bbox 3567 4597 3632 4648; x_wconf 93' lang='lat' dir='ltr'><strong>ut</strong></span> 
     </span>
    </p>
   </div>
   <div class='ocr_carea' id='block_1_90' title="bbox 240 4673 3624 4759">
    <p class='ocr_par' dir='ltr' id='par_1_90' title="bbox 240 4673 3624 4759">
     <span class='ocr_line' id='line_1_90' title="bbox 240 4673 3624 4759; baseline 0.001 -24"><span class='ocrx_word' id='word_1_627' title='bbox 240 4673 460 4754; x_wconf 88' lang='lat' dir='ltr'><strong>psisset</strong></span> <span class='ocrx_word' id='word_1_628' title='bbox 494 4693 600 4754; x_wconf 91' lang='lat' dir='ltr'><strong>per</strong></span> <span class='ocrx_word' id='word_1_629' title='bbox 621 4676 888 4737; x_wconf 90' lang='lat' dir='ltr'><strong>Thracia</strong></span> <span class='ocrx_word' id='word_1_630' title='bbox 918 4677 1224 4747; x_wconf 90' lang='lat' dir='ltr'><strong>vicarium,</strong></span> <span class='ocrx_word' id='word_1_631' title='bbox 1254 4683 1312 4736; x_wconf 89' lang='lat' dir='ltr'><strong>et</strong></span> <span class='ocrx_word' id='word_1_632' title='bbox 1369 4693 1473 4754; x_wconf 90' lang='lat' dir='ltr'><strong>per</strong></span> <span class='ocrx_word' id='word_1_633' title='bbox 1514 4677 1896 4754; x_wconf 84' lang='lat' dir='ltr'><strong>prapositum</strong></span> <span class='ocrx_word' id='word_1_634' title='bbox 1929 4673 1938 4674; x_wconf 27' lang='grc' dir='ltr'>ί</span> <span class='ocrx_word' id='word_1_635' title='bbox 1986 4679 2452 4740; x_wconf 88' lang='lat' dir='ltr'><strong>meminerintse</strong></span> <span class='ocrx_word' id='word_1_636' title='bbox 2467 4689 2785 4759; x_wconf 85' lang='lat' dir='ltr'><strong>martyrum</strong></span> <span class='ocrx_word' id='word_1_637' title='bbox 2803 4681 3282 4740; x_wconf 77' lang='lat' dir='ltr'><strong>etconfessorum</strong></span> <span class='ocrx_word' id='word_1_638' title='bbox 3304 4681 3624 4749; x_wconf 83' lang='lat' dir='ltr'><strong>filiosesse,</strong></span> 
     </span>
    </p>
   </div>
   <div class='ocr_carea' id='block_1_91' title="bbox 241 4762 3625 4848">
    <p class='ocr_par' dir='ltr' id='par_1_91' title="bbox 241 4762 3625 4848">
     <span class='ocr_line' id='line_1_91' title="bbox 241 4762 3625 4848; baseline 0.001 -24"><span class='ocrx_word' id='word_1_639' title='bbox 241 4762 683 4843; x_wconf 84' lang='lat' dir='ltr'><strong>Philippopolis</strong></span> <span class='ocrx_word' id='word_1_640' title='bbox 739 4767 1178 4844; x_wconf 82' lang='lat' dir='ltr'><strong>thesaurorum,</strong></span> <span class='ocrx_word' id='word_1_641' title='bbox 1214 4765 1433 4826; x_wconf 88' lang='lat' dir='ltr'><strong>littera</strong></span> <span class='ocrx_word' id='word_1_642' title='bbox 1479 4764 1730 4825; x_wconf 85' lang='lat' dir='ltr'><strong>reddita</strong></span> <span class='ocrx_word' id='word_1_643' title='bbox 1783 4787 1897 4827; x_wconf 90' lang='lat' dir='ltr'><strong>non</strong></span> <span class='ocrx_word' id='word_1_644' title='bbox 1982 4787 2049 4828; x_wconf 90' lang='lat' dir='ltr'><strong>ac</strong></span> <span class='ocrx_word' id='word_1_645' title='bbox 2073 4769 2418 4830; x_wconf 88' lang='lat' dir='ltr'><strong>domesticis</strong></span> <span class='ocrx_word' id='word_1_646' title='bbox 2437 4768 2726 4848; x_wconf 84' lang='lat' dir='ltr'><strong>exemplis</strong></span> <span class='ocrx_word' id='word_1_647' title='bbox 2750 4776 3007 4828; x_wconf 89' lang='lat' dir='ltr'><strong>utantur.</strong></span> <span class='ocrx_word' id='word_1_648' title='bbox 3037 4769 3189 4832; x_wconf 90' lang='lat' dir='ltr'><strong>Illud</strong></span> <span class='ocrx_word' id='word_1_649' title='bbox 3223 4779 3422 4830; x_wconf 90' lang='lat' dir='ltr'><strong>autem</strong></span> <span class='ocrx_word' id='word_1_650' title='bbox 3450 4768 3625 4828; x_wconf 83' lang='lat' dir='ltr'><strong>etiam</strong></span> 
     </span>
    </p>
   </div>
   <div class='ocr_carea' id='block_1_92' title="bbox 241 4851 3630 4938">
    <p class='ocr_par' dir='ltr' id='par_1_92' title="bbox 241 4851 3630 4938">
     <span class='ocr_line' id='line_1_92' title="bbox 241 4851 3630 4938; baseline 0.001 -26"><span class='ocrx_word' id='word_1_651' title='bbox 241 4853 506 4914; x_wconf 89' lang='lat' dir='ltr'><strong>fuerunt.</strong></span> <span class='ocrx_word' id='word_1_652' title='bbox 542 4851 896 4932; x_wconf 87' lang='lat' dir='ltr'><strong>Peragrante</strong></span> <span class='ocrx_word' id='word_1_653' title='bbox 949 4855 1106 4916; x_wconf 92' lang='lat' dir='ltr'><strong>enim</strong></span> <span class='ocrx_word' id='word_1_654' title='bbox 1148 4853 1471 4933; x_wconf 76' lang='lat' dir='ltr'><strong>paroeciam</strong></span> <span class='ocrx_word' id='word_1_655' title='bbox 1515 4853 1755 4928; x_wconf 90' lang='lat' dir='ltr'><strong>Basilio,</strong></span> <span class='ocrx_word' id='word_1_656' title='bbox 1790 4856 1899 4915; x_wconf 79' lang='lat' dir='ltr'><strong>ad-</strong></span> <span class='ocrx_word' id='word_1_657' title='bbox 1984 4867 2158 4938; x_wconf 91' lang='lat' dir='ltr'><strong>atque</strong></span> <span class='ocrx_word' id='word_1_658' title='bbox 2184 4859 2358 4919; x_wconf 89' lang='lat' dir='ltr'><strong>etiam</strong></span> <span class='ocrx_word' id='word_1_659' title='bbox 2388 4867 2892 4936; x_wconf 89' lang='lat' dir='ltr'><strong>monet,nerecta</strong></span> <span class='ocrx_word' id='word_1_660' title='bbox 2914 4857 3051 4919; x_wconf 80' lang='lat' dir='ltr'><strong>fidei</strong></span> <span class='ocrx_word' id='word_1_661' title='bbox 3075 4857 3630 4918; x_wconf 87' lang='lat' dir='ltr'><strong>simulationedelu-</strong></span> 
     </span>
    </p>
   </div>
   <div class='ocr_carea' id='block_1_93' title="bbox 241 4943 3628 5027">
    <p class='ocr_par' dir='ltr' id='par_1_93' title="bbox 241 4943 3628 5027">
     <span class='ocr_line' id='line_1_93' title="bbox 241 4943 3628 5027; baseline 0.001 -26"><span class='ocrx_word' id='word_1_662' title='bbox 241 4943 410 5004; x_wconf 87' lang='lat' dir='ltr'><strong>venit</strong></span> <span class='ocrx_word' id='word_1_663' title='bbox 439 4961 687 5021; x_wconf 89' lang='lat' dir='ltr'><strong>vespere</strong></span> <span class='ocrx_word' id='word_1_664' title='bbox 721 4946 780 5005; x_wconf 90' lang='lat' dir='ltr'><strong>in</strong></span> <span class='ocrx_word' id='word_1_665' title='bbox 811 4947 1018 5006; x_wconf 90' lang='lat' dir='ltr'><strong>urbem</strong></span> <span class='ocrx_word' id='word_1_666' title='bbox 1053 4946 1331 5016; x_wconf 90' lang='lat' dir='ltr'><strong>vicarius,</strong></span> <span class='ocrx_word' id='word_1_667' title='bbox 1360 4954 1419 5005; x_wconf 92' lang='lat' dir='ltr'><strong>et</strong></span> <span class='ocrx_word' id='word_1_668' title='bbox 1450 4963 1683 5004; x_wconf 88' lang='lat' dir='ltr'><strong>summo</strong></span> <span class='ocrx_word' id='word_1_669' title='bbox 1726 4963 1902 5007; x_wconf 88' lang='lat' dir='ltr'><strong>mane</strong></span> <span class='ocrx_word' id='word_1_670' title='bbox 1986 4948 2220 5007; x_wconf 89' lang='lat' dir='ltr'><strong>dantur.</strong></span> <span class='ocrx_word' id='word_1_671' title='bbox 2255 4950 2444 5027; x_wconf 89' lang='lat' dir='ltr'><strong>Negat</strong></span> <span class='ocrx_word' id='word_1_672' title='bbox 2505 4967 2568 5009; x_wconf 90' lang='lat' dir='ltr'><strong>se</strong></span> <span class='ocrx_word' id='word_1_673' title='bbox 2629 4947 3111 5023; x_wconf 89' lang='lat' dir='ltr'><strong>commissurum,</strong></span> <span class='ocrx_word' id='word_1_674' title='bbox 3146 4957 3204 5007; x_wconf 91' lang='lat' dir='ltr'><strong>ut</strong></span> <span class='ocrx_word' id='word_1_675' title='bbox 3269 4950 3628 5009; x_wconf 80' lang='lat' dir='ltr'><strong>Frontonem</strong></span> 
     </span>
    </p>
   </div>
   <div class='ocr_carea' id='block_1_94' title="bbox 244 5031 3634 5118">
    <p class='ocr_par' dir='ltr' id='par_1_94' title="bbox 244 5031 3634 5118">
     <span class='ocr_line' id='line_1_94' title="bbox 244 5031 3634 5118; baseline 0 -24"><span class='ocrx_word' id='word_1_676' title='bbox 244 5031 418 5105; x_wconf 82' lang='lat' dir='ltr'><strong>abiit,</strong></span> <span class='ocrx_word' id='word_1_677' title='bbox 446 5032 699 5112; x_wconf 83' lang='lat' dir='ltr'><strong>ejusque</strong></span> <span class='ocrx_word' id='word_1_678' title='bbox 729 5035 1016 5096; x_wconf 86' lang='lat' dir='ltr'><strong>adventus</strong></span> <span class='ocrx_word' id='word_1_679' title='bbox 1048 5052 1397 5095; x_wconf 80' lang='lat' dir='ltr'><strong>aconomos</strong></span> <span class='ocrx_word' id='word_1_680' title='bbox 1413 5033 1684 5095; x_wconf 90' lang='lat' dir='ltr'><strong>ecclesia</strong></span> <span class='ocrx_word' id='word_1_681' title='bbox 1708 5034 1896 5100; x_wconf 87' lang='lat' dir='ltr'><strong>latuit.</strong></span> <span class='ocrx_word' id='word_1_682' title='bbox 1986 5037 2334 5118; x_wconf 82' lang='lat' dir='ltr'><strong>episcOpum</strong></span> <span class='ocrx_word' id='word_1_683' title='bbox 2351 5036 2833 5116; x_wconf 86' lang='lat' dir='ltr'><strong>agnoscat;idque</strong></span> <span class='ocrx_word' id='word_1_684' title='bbox 2845 5054 3049 5096; x_wconf 90' lang='lat' dir='ltr'><strong>eorum</strong></span> <span class='ocrx_word' id='word_1_685' title='bbox 3066 5035 3440 5117; x_wconf 90' lang='lat' dir='ltr'><strong>potissimum</strong></span> <span class='ocrx_word' id='word_1_686' title='bbox 3456 5054 3634 5096; x_wconf 86' lang='lat' dir='ltr'><strong>causa</strong></span> 
     </span>
    </p>
   </div>
   <div class='ocr_carea' id='block_1_95' title="bbox 250 5119 3635 5208">
    <p class='ocr_par' dir='ltr' id='par_1_95' title="bbox 250 5119 3635 5208">
     <span class='ocr_line' id='line_1_95' title="bbox 250 5119 3635 5208; baseline 0.001 -26"><span class='ocrx_word' id='word_1_687' title='bbox 250 5119 620 5201; x_wconf 87' lang='lat' dir='ltr'><strong>Prapositus</strong></span> <span class='ocrx_word' id='word_1_688' title='bbox 651 5141 813 5198; x_wconf 91' lang='lat' dir='ltr'><strong>vero,</strong></span> <span class='ocrx_word' id='word_1_689' title='bbox 848 5143 1024 5204; x_wconf 91' lang='lat' dir='ltr'><strong>quem</strong></span> <span class='ocrx_word' id='word_1_690' title='bbox 1057 5123 1311 5185; x_wconf 83' lang='lat' dir='ltr'><strong>Basilius</strong></span> <span class='ocrx_word' id='word_1_691' title='bbox 1354 5131 1660 5202; x_wconf 85' lang='lat' dir='ltr'><strong>rogaverat</strong></span> <span class='ocrx_word' id='word_1_692' title='bbox 1701 5133 1760 5185; x_wconf 90' lang='lat' dir='ltr'><strong>ut</strong></span> <span class='ocrx_word' id='word_1_693' title='bbox 1803 5125 1902 5186; x_wconf 59' lang='lat' dir='ltr'><strong>lit~</strong></span> <span class='ocrx_word' id='word_1_694' title='bbox 1991 5127 2275 5207; x_wconf 85' lang='lat' dir='ltr'><strong>declarat,</strong></span> <span class='ocrx_word' id='word_1_695' title='bbox 2308 5146 2458 5207; x_wconf 91' lang='lat' dir='ltr'><strong>quos</strong></span> <span class='ocrx_word' id='word_1_696' title='bbox 2486 5126 2754 5188; x_wconf 83' lang='lat' dir='ltr'><strong>audierat</strong></span> <span class='ocrx_word' id='word_1_697' title='bbox 2779 5127 3107 5188; x_wconf 85' lang='lat' dir='ltr'><strong>fluctuare:</strong></span> <span class='ocrx_word' id='word_1_698' title='bbox 3145 5146 3220 5187; x_wconf 92' lang='lat' dir='ltr'><strong>ne</strong></span> <span class='ocrx_word' id='word_1_699' title='bbox 3252 5126 3384 5208; x_wconf 88' lang='lat' dir='ltr'><strong>quis</strong></span> <span class='ocrx_word' id='word_1_700' title='bbox 3413 5145 3482 5187; x_wconf 85' lang='lat' dir='ltr'><strong>ex</strong></span> <span class='ocrx_word' id='word_1_701' title='bbox 3515 5125 3635 5186; x_wconf 88' lang='lat' dir='ltr'><strong>illis</strong></span> 
     </span>
    </p>
   </div>
   <div class='ocr_carea' id='block_1_96' title="bbox 251 5213 3636 5296">
    <p class='ocr_par' dir='ltr' id='par_1_96' title="bbox 251 5213 3636 5296">
     <span class='ocr_line' id='line_1_96' title="bbox 251 5213 3636 5296; baseline 0.002 -26"><span class='ocrx_word' id='word_1_702' title='bbox 251 5217 407 5271; x_wconf 87' lang='lat' dir='ltr'><strong>teras</strong></span> <span class='ocrx_word' id='word_1_703' title='bbox 460 5222 749 5287; x_wconf 87' lang='lat' dir='ltr'><strong>sumeret,</strong></span> <span class='ocrx_word' id='word_1_704' title='bbox 788 5223 1038 5292; x_wconf 88' lang='lat' dir='ltr'><strong>urgente</strong></span> <span class='ocrx_word' id='word_1_705' title='bbox 1093 5213 1344 5274; x_wconf 83' lang='lat' dir='ltr'><strong>fortasse</strong></span> <span class='ocrx_word' id='word_1_706' title='bbox 1391 5213 1593 5290; x_wconf 81' lang='lat' dir='ltr'><strong>aliquo</strong></span> <span class='ocrx_word' id='word_1_707' title='bbox 1647 5215 1903 5292; x_wconf 80' lang='lat' dir='ltr'><strong>negotio,</strong></span> <span class='ocrx_word' id='word_1_708' title='bbox 1991 5217 2416 5277; x_wconf 90' lang='lat' dir='ltr'><strong>communione</strong></span> <span class='ocrx_word' id='word_1_709' title='bbox 2443 5219 2758 5278; x_wconf 89' lang='lat' dir='ltr'><strong>Frontonis</strong></span> <span class='ocrx_word' id='word_1_710' title='bbox 2783 5225 3636 5296; x_wconf 81' lang='lat' dir='ltr'><strong>praoccuparetur,autacce-</strong></span> 
     </span>
    </p>
   </div>
   <div class='ocr_carea' id='block_1_97' title="bbox 251 5299 1906 5383">
    <p class='ocr_par' dir='ltr' id='par_1_97' title="bbox 251 5299 1906 5383">
     <span class='ocr_line' id='line_1_97' title="bbox 251 5299 1906 5383; baseline 0.004 -22"><span class='ocrx_word' id='word_1_711' title='bbox 251 5299 557 5379; x_wconf 86' lang='lat' dir='ltr'><strong>profectus</strong></span> <span class='ocrx_word' id='word_1_712' title='bbox 581 5310 675 5364; x_wconf 90' lang='lat' dir='ltr'><strong>est</strong></span> <span class='ocrx_word' id='word_1_713' title='bbox 694 5321 805 5364; x_wconf 90' lang='lat' dir='ltr'><strong>nec</strong></span> <span class='ocrx_word' id='word_1_714' title='bbox 829 5304 1122 5383; x_wconf 90' lang='lat' dir='ltr'><strong>susceptis</strong></span> <span class='ocrx_word' id='word_1_715' title='bbox 1144 5301 1360 5364; x_wconf 88' lang='lat' dir='ltr'><strong>litteris</strong></span> <span class='ocrx_word' id='word_1_716' title='bbox 1385 5321 1497 5365; x_wconf 88' lang='lat' dir='ltr'><strong>nec</strong></span> <span class='ocrx_word' id='word_1_717' title='bbox 1520 5303 1767 5364; x_wconf 88' lang='lat' dir='ltr'><strong>salutato</strong></span> <span class='ocrx_word' id='word_1_718' title='bbox 1794 5309 1906 5367; x_wconf 86' lang='lat' dir='ltr'><strong>Ba-</strong></span> 
     </span>
    </p>
   </div>
   <div class='ocr_carea' id='block_1_98' title="bbox 244 5388 1910 5472">
    <p class='ocr_par' dir='ltr' id='par_1_98' title="bbox 244 5388 1910 5472">
     <span class='ocr_line' id='line_1_98' title="bbox 244 5388 1910 5472; baseline 0.004 -23"><span class='ocrx_word' id='word_1_719' title='bbox 244 5388 409 5451; x_wconf 84' lang='lat' dir='ltr'><strong>silio.</strong></span> <span class='ocrx_word' id='word_1_720' title='bbox 437 5388 519 5450; x_wconf 89' lang='lat' dir='ltr'><strong>Eo</strong></span> <span class='ocrx_word' id='word_1_721' title='bbox 547 5391 894 5454; x_wconf 90' lang='lat' dir='ltr'><strong>molestiora</strong></span> <span class='ocrx_word' id='word_1_722' title='bbox 923 5395 1050 5456; x_wconf 84' lang='lat' dir='ltr'><strong>hac</strong></span> <span class='ocrx_word' id='word_1_723' title='bbox 1086 5401 1277 5466; x_wconf 85' lang='lat' dir='ltr'><strong>erant,</strong></span> <span class='ocrx_word' id='word_1_724' title='bbox 1313 5393 1468 5472; x_wconf 90' lang='lat' dir='ltr'><strong>quod</strong></span> <span class='ocrx_word' id='word_1_725' title='bbox 1519 5393 1784 5469; x_wconf 90' lang='lat' dir='ltr'><strong>quotidie</strong></span> <span class='ocrx_word' id='word_1_726' title='bbox 1814 5413 1910 5456; x_wconf 91' lang='lat' dir='ltr'><strong>res</strong></span> 
     </span>
    </p>
   </div>
   <div class='ocr_carea' id='block_1_99' title="bbox 247 5480 1906 5562">
    <p class='ocr_par' dir='ltr' id='par_1_99' title="bbox 247 5480 1906 5562">
     <span class='ocr_line' id='line_1_99' title="bbox 247 5480 1906 5562; baseline 0.004 -23"><span class='ocrx_word' id='word_1_727' title='bbox 247 5497 417 5540; x_wconf 82' lang='lat' dir='ltr'><strong>nova</strong></span> <span class='ocrx_word' id='word_1_728' title='bbox 434 5480 997 5562; x_wconf 89' lang='lat' dir='ltr'><strong>evenirent,quibus</strong></span> <span class='ocrx_word' id='word_1_729' title='bbox 1009 5481 1267 5546; x_wconf 91' lang='lat' dir='ltr'><strong>Eusebio</strong></span> <span class='ocrx_word' id='word_1_730' title='bbox 1286 5481 1627 5545; x_wconf 88' lang='lat' dir='ltr'><strong>scribendis</strong></span> <span class='ocrx_word' id='word_1_731' title='bbox 1641 5483 1906 5546; x_wconf 89' lang='lat' dir='ltr'><strong>dolorem</strong></span> 
     </span>
    </p>
   </div>
   <div class='ocr_carea' id='block_1_100' title="bbox 332 5648 922 5731">
    <p class='ocr_par' dir='ltr' id='par_1_100' title="bbox 332 5648 922 5731">
     <span class='ocr_line' id='line_1_100' title="bbox 332 5648 922 5731; baseline 0.008 -21"><span class='ocrx_word' id='word_1_732' title='bbox 332 5648 416 5727; x_wconf 84' lang='grc' dir='ltr'><strong>(α)</strong></span> <span class='ocrx_word' id='word_1_733' title='bbox 442 5649 555 5728; x_wconf 88' lang='lat' dir='ltr'><strong>Ep.</strong></span> <span class='ocrx_word' id='word_1_734' title='bbox 590 5651 736 5731; x_wconf 65' lang='lat'><strong>238,</strong></span> <span class='ocrx_word' id='word_1_735' title='bbox 775 5650 922 5716; x_wconf 76' lang='grc'><strong>240.</strong></span> 
     </span>
    </p>
   </div>
   <div class='ocr_carea' id='block_1_101' title="bbox 1993 5305 3642 5387">
    <p class='ocr_par' dir='ltr' id='par_1_101' title="bbox 1993 5305 3642 5387">
     <span class='ocr_line' id='line_1_101' title="bbox 1993 5305 3642 5387; baseline -0.001 -20"><span class='ocrx_word' id='word_1_736' title='bbox 1993 5317 2089 5385; x_wconf 89' lang='lat' dir='ltr'><strong>pta</strong></span> <span class='ocrx_word' id='word_1_737' title='bbox 2108 5305 2180 5367; x_wconf 84' lang='lat' dir='ltr'><strong>ab</strong></span> <span class='ocrx_word' id='word_1_738' title='bbox 2207 5326 2276 5368; x_wconf 92' lang='lat' dir='ltr'><strong>eo</strong></span> <span class='ocrx_word' id='word_1_739' title='bbox 2295 5306 2696 5376; x_wconf 88' lang='lat' dir='ltr'><strong>ordinatione,</strong></span> <span class='ocrx_word' id='word_1_740' title='bbox 2710 5314 2912 5381; x_wconf 88' lang='lat' dir='ltr'><strong>postea</strong></span> <span class='ocrx_word' id='word_1_741' title='bbox 2927 5306 3158 5367; x_wconf 88' lang='lat' dir='ltr'><strong>reddita</strong></span> <span class='ocrx_word' id='word_1_742' title='bbox 3181 5325 3326 5387; x_wconf 83' lang='lat' dir='ltr'><strong>pace</strong></span> <span class='ocrx_word' id='word_1_743' title='bbox 3343 5306 3456 5366; x_wconf 93' lang='lat' dir='ltr'><strong>vim</strong></span> <span class='ocrx_word' id='word_1_744' title='bbox 3485 5305 3642 5366; x_wconf 87' lang='lat' dir='ltr'><strong>face-</strong></span> 
     </span>
    </p>
   </div>
   <div class='ocr_carea' id='block_1_102' title="bbox 1993 5393 3639 5476">
    <p class='ocr_par' dir='ltr' id='par_1_102' title="bbox 1993 5393 3639 5476">
     <span class='ocr_line' id='line_1_102' title="bbox 1993 5393 3639 5476; baseline 0 -21"><span class='ocrx_word' id='word_1_745' title='bbox 1993 5404 2083 5455; x_wconf 91' lang='lat' dir='ltr'><strong>ret</strong></span> <span class='ocrx_word' id='word_1_746' title='bbox 2115 5396 2332 5474; x_wconf 86' lang='lat' dir='ltr'><strong>gradus</strong></span> <span class='ocrx_word' id='word_1_747' title='bbox 2365 5393 2667 5456; x_wconf 90' lang='lat' dir='ltr'><strong>retinendi</strong></span> <span class='ocrx_word' id='word_1_748' title='bbox 2697 5411 2900 5455; x_wconf 88' lang='lat' dir='ltr'><strong>causa.</strong></span> <span class='ocrx_word' id='word_1_749' title='bbox 2934 5395 3323 5476; x_wconf 87' lang='lat' dir='ltr'><strong>Perspicuum</strong></span> <span class='ocrx_word' id='word_1_750' title='bbox 3382 5403 3470 5457; x_wconf 93' lang='lat' dir='ltr'><strong>est</strong></span> <span class='ocrx_word' id='word_1_751' title='bbox 3513 5396 3639 5455; x_wconf 84' lang='lat' dir='ltr'><strong>hac</strong></span> 
     </span>
    </p>
   </div>
   <div class='ocr_carea' id='block_1_103' title="bbox 1995 5482 3642 5565">
    <p class='ocr_par' dir='ltr' id='par_1_103' title="bbox 1995 5482 3642 5565">
     <span class='ocr_line' id='line_1_103' title="bbox 1995 5482 3642 5565; baseline -0.002 -20"><span class='ocrx_word' id='word_1_752' title='bbox 1995 5485 2214 5565; x_wconf 89' lang='lat' dir='ltr'><strong>scripta</strong></span> <span class='ocrx_word' id='word_1_753' title='bbox 2275 5503 2431 5559; x_wconf 87' lang='lat' dir='ltr'><strong>esse,</strong></span> <span class='ocrx_word' id='word_1_754' title='bbox 2482 5491 2802 5564; x_wconf 88' lang='lat' dir='ltr'><strong>antequam</strong></span> <span class='ocrx_word' id='word_1_755' title='bbox 2865 5484 3304 5565; x_wconf 87' lang='lat' dir='ltr'><strong>persecutionis</strong></span> <span class='ocrx_word' id='word_1_756' title='bbox 3367 5482 3642 5544; x_wconf 84' lang='lat' dir='ltr'><strong>violentia</strong></span> 
     </span>
    </p>
   </div>
  </div>
