4142 6408
479 318 661 372 οων

1866 301 2457 369 PROLEGOMRNA.

480 448 800 504 cresceret.
834 440 1107 506 Nondum
1166 440 1329 503 enim
1387 439 1623 502 inﬂicta
1684 447 1856 503 erant
1912 434 2442 521 plaga,Aduabus
2472 438 2706 518 litteris,
2742 458 2875 521 qua
2922 459 2955 502 a
3012 437 3375 521 presbyteris
3431 436 3746 501 Dorotheo
3802 446 3865 500 et

487 530 751 592 nondum
778 549 1075 595 carceres.

564 619 653 681 Ad
673 620 786 682 hoc
810 629 1042 703 tempus
1066 620 1692 703 pertinetbrevissima
1709 620 1782 683 ad
1796 618 2129 683 Eusebium

486 708 890 793 epistola,qua
904 718 993 773 est
1010 710 1424 773 ducentesima
1442 710 1897 792 quadragesima
1918 709 2128 790 prima.

487 796 737 860 Videtur
793 808 1037 881 questus
1096 819 1229 864 esse
1277 800 1597 874 Eusebius,
1632 799 1789 881 quod
1833 800 1890 860 in
1921 798 2135 860 litteris

486 886 689 948 Basilii
716 888 866 951 nihil
891 889 1005 951 nisi
1039 908 1295 952 moerere
1316 902 1374 952 et
1394 890 1672 971 lacrymis
1703 889 1945 969 dignum
1979 890 2135 968 lege-

486 985 577 1037 ret
607 995 619 1039 :
659 977 817 1058 quod
850 978 1091 1059 quidem
1143 979 1555 1061 superioribus
1586 978 1818 1040 duabus
1846 978 1919 1040 ad
1946 980 2135 1039 Euse-

487 1065 652 1127 bium
677 1068 944 1148 epistolis
971 1070 1194 1149 optime
1216 1068 1865 1149 congruit.Respondet
1891 1069 2136 1129 Basilius

486 1173 553 1217 se
583 1155 656 1218 de
699 1158 967 1220 molestis
997 1158 1179 1221 rebus
1210 1178 1370 1241 sape
1404 1158 1701 1231 scribere,
1732 1177 1853 1219 non
1883 1170 1946 1219 ut
1976 1157 2138 1218 illius

488 1244 757 1307 dolorem
784 1257 1012 1326 augeat,
1041 1248 1146 1310 sed
1172 1258 1235 1310 ut
1257 1267 1429 1311 suum
1455 1248 1583 1330 ipse
1609 1247 1817 1321 leniat,
1854 1265 1923 1309 ac
1948 1246 2137 1308 Euse-

490 1333 652 1395 bium
685 1337 755 1397 ad
791 1338 1141 1400 intentiores
1169 1357 1276 1420 pro
1308 1338 1579 1400 Ecclesia
1637 1355 1853 1417 preces
1904 1338 2137 1398 excitet.

572 1423 786 1488 V.Duo
810 1428 1283 1507 prastantissimi
1309 1428 1599 1490 Ecclesia
1614 1426 2001 1489 Antiochena
2014 1445 2142 1507 pre-

490 1512 1149 1593 sbyteri,Dorotheuset
1173 1517 1836 1595 Sanctissimus,magno
1857 1517 2145 1579 Ecclesia

495 1604 872 1696 paciﬁcauda
894 1609 1085 1669 studio
1111 1608 1469 1685 ﬂagrabant;
1503 1624 1761 1696 cumque
1784 1606 2067 1685 precibus
2090 1616 2146 1667 et
2172 1649 2207 1696 Β

489 1693 822 1757 hortatibus
853 1700 1115 1775 egissent
1143 1699 1297 1779 apud
1338 1698 1659 1779 episcopos
1684 1694 2050 1771 Orientales,
2086 1706 2148 1756 ut

495 1784 709 1862 legatio
727 1793 783 1847 in
798 1787 1186 1852 Occidentem
1204 1786 1896 1864 mitteretur,commissa
1912 1787 2150 1863 utrique

489 1872 613 1934 hac
634 1878 933 1954 proviucia
958 1878 1118 1941 circa
1144 1879 1368 1942 Pascha
1389 1877 1566 1956 hujus
1585 1874 1729 1938 anni
1747 1873 2151 1937 376.Videtur

488 1961 817 2027 Dorotheus
828 1969 1141 2049 superiore
1153 1978 1458 2030 autummo
1474 1966 1722 2028 Romam
1740 1983 1811 2025 co
1821 1965 2056 2043 gitasset
2066 1976 2118 2035 α)
2133 2014 2147 2045 ,

492 2053 586 2113 vel
619 2057 825 2116 saltem
854 2056 1137 2120 Basilium
1170 2058 1435 2119 hortatus
1468 2056 1671 2130 fuisse,
1701 2063 1763 2115 ut
1794 2053 2146 2133 Gregorium

491 2142 820 2222 Nyssenum
858 2146 917 2206 in
942 2146 1331 2209 Occidentem
1351 2146 1608 2223 legatum
1628 2144 1921 2207 mitteret.
1949 2144 2152 2207 Caruit

494 2233 654 2295 exitu
674 2234 786 2295 hoc
810 2235 1281 2317 consilium,sive
1304 2235 1448 2315 quia
1467 2234 1816 2314 Gregorius,
1849 2241 1911 2296 ut
1932 2234 2147 2314 pravi-

494 2325 661 2386 derat
685 2326 962 2399 Basilius,
1000 2326 1114 2387 hoc
1146 2344 1361 2388 munus
1393 2324 1703 2405 suscipere
1734 2323 1946 2398 noluit,
1983 2323 2145 2402 quod

498 2413 661 2477 illius
701 2417 994 2479 stomachi
1024 2435 1142 2477 non
1176 2424 1324 2490 erat,
1360 2415 1485 2477 sive
1514 2414 1653 2487 alia,
1690 2413 1767 2474 de
1796 2431 1992 2475 causa.
2029 2412 2146 2475 Sed

497 2512 693 2568 tamen
728 2504 1091 2567 Dorotheum
1126 2505 1186 2567 in
1235 2506 1547 2569 Thraciam
1604 2504 1860 2575 venisse,
1896 2511 1953 2564 et
2012 2522 2143 2564 cum

493 2595 752 2658 Eusebio
776 2596 1174 2659 Samosatensi
1205 2596 1396 2658 fuisse
1421 2614 1582 2656 anno
1617 2594 1732 2657 375
1766 2601 2026 2654 exeunte
2057 2593 2145 2655 vel

498 2685 614 2747 3'76
639 2687 910 2766 ineunte,
944 2686 1193 2749 dicimus
1222 2705 1291 2747 ex
1326 2683 1576 2765 epistola
1606 2682 1746 2761 239,
1775 2701 1907 2762 qua
1926 2683 2146 2763 scripta

499 2786 587 2839 est
610 2796 727 2839 non
753 2774 937 2838 multo
964 2784 1093 2856 post
1113 2776 1346 2837 initium
1370 2778 1508 2837 anni
1528 2774 1670 2835 376.
1714 2772 1997 2835 Eratcum
2030 2773 2146 2835 Ba-

498 2867 629 2928 silio
666 2866 755 2929 vel
788 2867 849 2928 in
881 2865 1151 2928 ﬁnitimis
1200 2865 1374 2945 locis,
1407 2883 1542 2925 cum
1574 2863 1826 2926 Basilius
1869 2866 2146 2925 eamdem

498 2958 808 3038 epistolam
843 2957 1105 3038 scripsit.
1138 2956 1332 3035 Rogat
1374 2957 1533 3017 enim
1581 2954 1903 3017 Eusebium
1941 2957 2209 3043 qualesc

498 3048 772 3110 redeunti
805 3048 1105 3111 Dorotheo
1138 3046 1352 3107 dandae
1381 3045 1499 3106 sint
1534 3046 1779 3107 littera:
1806 3046 1955 3105 forte
1988 3045 2147 3106 enim

503 3139 782 3202 comitem
838 3137 1006 3199 illum
1057 3137 1319 3199 futurum
1354 3137 1574 3217 optimo
1609 3134 2017 3212 Sanctissimo,
2054 3133 2155 3213 qui

503 3247 712 3307 magno
746 3228 925 3289 animi
977 3226 1192 3288 ardore
1242 3224 1546 3289 Orientem
1585 3224 1956 3307 peragrabat,
1997 3232 2053 3284 et
2083 3222 2155 3284 ab

503 3315 838 3395 insignibus
861 3316 1195 3399 quibusque
1224 3317 1517 3397 episcopis
1568 3314 2059 3394 subscriptiones
2096 3318 2157 3375 et

505 3407 786 3487 epistolas
820 3406 1167 3487 colligebat.

587 3589 839 3669 Legatos
862 3589 922 3651 in
945 3585 1328 3652 Occidentem
1354 3587 1505 3650 mitti
1534 3606 1649 3648 non
1667 3584 1915 3649 multum
1945 3584 2152 3667 proba-

504 3680 601 3742 bat
636 3679 886 3741 Basilius
915 3700 927 3742 :
963 3680 1014 3740 si
1047 3680 1202 3740 enim
1228 3678 1515 3742 Dominus
1554 3676 1849 3757 propitius
1882 3676 2002 3750 ﬁat,
2032 3677 2151 3738 alio

504 3790 653 3853 opus
686 3790 803 3832 non
837 3771 963 3832 fore
991 3770 1208 3832 auxilio
1236 3792 1247 3833 :
1288 3770 1337 3832 si
1386 3768 1490 3831 Dei
1515 3768 1602 3829 ira
1634 3777 1997 3847 perseveret,
2034 3787 2153 3829 non

509 3880 717 3941 magno
742 3860 1020 3942 prasidio
1044 3859 1300 3921 futurum
1329 3856 1717 3923 Occidentale
1738 3858 2151 3936 supercilium.

505 3951 743 4014 Frustra
764 3950 1059 4029 ejusmodi
1082 3950 1357 4011 homines
1380 3946 1535 4008 orari
1555 3947 1951 4025 demonstrat,
1983 3946 2159 4006 allato

509 4044 567 4105 in
591 4063 721 4106 eam
753 4041 1109 4103 sententiam
1135 4058 1304 4099 versu
1330 4035 1673 4098 Homerico.
1702 4034 1975 4095 Nondum
2003 4036 2160 4097 enim

506 4134 691 4196 callus
716 4131 1012 4192 obductus
1042 4135 1169 4189 erat
1200 4127 1417 4199 dolori,
1449 4143 1628 4206 quem
1656 4142 1726 4185 ex
1767 4124 1967 4184 inutili
2001 4124 2161 4183 litte-

507 4242 705 4285 rarum
729 4219 1003 4283 anni372
1027 4218 1277 4296 exitu,et
1300 4234 1367 4277 ex
1402 4214 1709 4293 responsis
1738 4231 1945 4293 parum
1981 4212 2168 4292 aquis

515 4330 620 4391 par
652 4308 966 4387 Evagrium
993 4326 1150 4368 anno
1181 4306 1299 4367 373
1327 4304 1522 4368 allatis
1576 4311 1959 4382 conceperat.
2015 4301 2168 4374 Quin

2214 528 2597 591 Sanctissimo
2623 528 2864 608 perlata
2892 536 3124 611 optatos
3150 527 3342 590 exitus
3371 525 3737 590 habuerunt.

2295 619 2558 681 Suntha
2591 618 2808 681 littera
2836 618 2955 682 24‘)
2986 628 3045 682 et
3076 618 3215 683 243.
3246 617 3448 680 Prima
3468 617 3866 681 Orientalium

2218 708 2463 770 nomine
2493 706 2981 771 Occidentalibus
3021 709 3265 790 scripta.
3300 709 3564 771 Alteram
3615 708 3875 771 Basilius

2222 797 2490 876 privatim
2526 798 2769 879 scripsit
2796 799 2867 860 ad
2901 800 3085 862 Italia
3111 808 3168 860 et
3198 797 3403 861 Gallia
3428 798 3767 879 episcopos.
3806 801 3876 861 In

2222 890 2411 967 prima
2439 888 2773 967 signiﬁcant
2801 888 3135 951 Orientales
3167 907 3233 949 se
3282 888 3442 951 inter
3490 888 3876 967 gravissimas

2225 978 2515 1056 procellas
2530 978 2602 1039 ab
2620 978 3025 1041 Ecclesiarum
3048 978 3397 1040 defensione
3416 998 3541 1041 non
3556 978 3869 1053 dimoveri,

2222 1085 2331 1127 nec
2377 1068 2641 1129 animum
2694 1069 3095 1149 despondere,
3130 1080 3189 1129 et
3222 1069 3447 1131 idcirco
3476 1068 3761 1130 auxilium
3793 1068 3870 1129 ab

2222 1156 2542 1219 Occidente
2562 1160 2686 1238 jam
2721 1177 2878 1238 sape
2910 1167 3315 1239 exspectatum
3342 1176 3609 1236 poscere.
3639 1157 3871 1219 Nume-

2221 1253 2353 1307 ranl
2369 1247 2671 1310 decimum
2700 1249 2937 1310 tertium
2966 1250 3395 1329 persecutionis
3418 1248 3733 1329 annum,in
3757 1266 3875 1329 qua

2226 1336 2431 1413 plures
2453 1336 2733 1400 Ecclesiis
2778 1339 3047 1401 evenisse
3098 1340 3454 1401 aﬁlictiones
3509 1347 3869 1413 asseverant,

2228 1446 2400 1507 quam
2449 1429 2720 1489 evenisse
2768 1438 3193 1500 memorantur,
3230 1448 3298 1490 ex
3331 1448 3446 1509 quo
3489 1427 3873 1508 Evangelium

2229 1519 2445 1580 Christi
2505 1520 2915 1581 annuntiatur.
2967 1518 3197 1598 Rogant
3224 1539 3365 1599 ergo
3398 1528 3461 1580 ut
3491 1520 3730 1581 tandem
3766 1518 3878 1580 ali-

2230 1606 2466 1687 quando
2495 1608 2800 1669 mittantur
2832 1627 2898 1669 ει
2933 1607 3281 1682 Occidente,
3317 1609 3415 1688 qui
3449 1608 3733 1671 Orientali
3765 1609 3882 1670 Ec-

2234 1697 2432 1757 clesia
2454 1715 2629 1775 opem
2666 1699 2875 1760 ferant.

2316 1784 2546 1865 Scripta
2579 1794 2667 1847 est
2697 1787 2754 1847 in
2788 1789 3058 1849 eamdem
3093 1788 3450 1849 sententiam
3473 1786 3717 1865 epistola
3740 1786 3880 1849 243.

2236 1877 2422 1954 Rogat
2454 1876 2706 1937 Basilius
2738 1886 2796 1938 ut
2823 1878 3247 1955 imperatorem
3282 1876 3628 1939 Occidentis
3658 1877 3884 1937 certio-

2233 1983 2361 2027 rem
2386 1966 2603 2027 faciant
2628 1966 2702 2027 de
2723 1966 2795 2027 iis
2815 1987 2947 2047 qua
2968 1978 3255 2047 geruntur
3276 1968 3337 2028 in
3361 1964 3719 2040 Oriente;vel
3740 1965 3789 2025 si
3812 1966 3875 2025 id

2234 2056 2481 2119 difﬁcile
2505 2056 2707 2127 fuerit,
2730 2058 2940 2120 saltem
2969 2058 3083 2139 ipsi
3112 2058 3344 2119 mittant
3373 2057 3469 2136 qui
3502 2054 3880 2116 consolentur

2232 2144 2506 2208 afﬂictos.
2547 2149 2887 2209 Persecutio
2923 2148 3168 2209 uberius
3200 2147 3578 2220 describitur,
3607 2162 3786 2223 quam
3818 2144 3881 2204 in

2231 2236 3303 2317 superioriepistola.NarratBasilius
3326 2236 3642 2317 episcopos
3666 2234 3887 2295 indicta

2231 2345 2408 2389 causa
2430 2326 2699 2389 damnari
2725 2346 2740 2403 ;
2768 2329 2887 2390 imo
2910 2329 3234 2392 nonnullos
3264 2328 3395 2389 sine
3414 2322 3884 2402 accusatoribus,

2231 2416 2799 2499 sinetribunalibus,
2830 2418 3042 2489 intem;
3068 2427 3192 2482 esta
3213 2427 3387 2479 nocte
3418 2424 3639 2495 raptos,
3668 2417 3725 2476 in
3750 2414 3884 2475 lon-

2230 2506 2482 2589 ginquas
2506 2509 2784 2587 regiones
2807 2510 3044 2585 fugatos
3074 2509 3259 2571 fuisse
3302 2507 3452 2569 Hinc
3472 2506 3621 2583 fuga
3652 2503 3892 2582 presby-

2234 2606 2496 2659 terorum
2524 2607 2581 2658 et
2606 2598 2993 2661 diaconorum
3009 2645 3027 2670 ,
3051 2599 3194 2660 cieri
3219 2592 3891 2674 depopulatio,p0pulo-

2231 2706 2361 2749 rum
2390 2687 2663 2765 gemitus.
2692 2688 2905 2748 altaria
2928 2686 3224 2764 spirituali
3252 2683 3410 2745 cultu
3440 2681 3892 2753 vacantia,ades

2237 2775 2595 2856 precationis
2618 2776 2837 2838 clausa
2858 2778 2987 2838 sine
3011 2773 3402 2837 corcionibus
3419 2791 3487 2833 ac
3510 2769 3840 2848 synaxibus
3867 2790 3881 2829 :

2234 2867 2373 2927 dum
2401 2863 2685 2926 Ecclesia
2716 2868 2993 2927 columna
3022 2866 3307 2945 dispersa
3336 2871 3491 2937 sunt,
3530 2861 3776 2921 haresis
3807 2859 3883 2920 li-

2238 2955 2530 3015 bertatem
2560 2962 2752 3029 nacta,
2787 2956 3229 3017 multitudinem
3263 2952 3489 3014 inducit
3520 2951 3792 3015 deorum.
3829 2956 3889 3010 et

2239 3044 2524 3123 Spiritum
2548 3054 2818 3105 sanctum
2845 3047 3060 3125 rejicit,
3091 3064 3156 3106 ac
3180 3044 3318 3105 dum
3345 3042 3546 3103 omnia
3570 3040 3681 3100 sibi
3700 3039 3889 3103 eccle-

2241 3134 2478 3193 siastica
2531 3135 2731 3194 munia
2784 3145 3041 3213 arrogat,
3078 3135 3451 3213 baptismate,
3506 3130 3896 3193 deductiones

2244 3222 2780 3303 proﬁciscentium,
2809 3225 3261 3287 consolationes
3283 3220 3893 3301 agrotantium,com-

2244 3312 2565 3372 munioncs
2597 3320 3037 3393 mysteriorum,
3068 3314 3352 3375 Ecclesia
3385 3312 3540 3372 ﬁlios
3571 3309 3763 3387 impii:
3793 3308 3895 3367 do-

2238 3402 2449 3463 ctrina
2471 3403 2962 3467 assuefacitﬂac
2981 3424 3050 3465 eo
3072 3404 3420 3465 molestiora
3442 3396 3897 3463 erantOrienta-

2239 3492 2416 3565 tibus,
2452 3493 2607 3572 quod
2664 3502 3007 3556 metuerent
3035 3513 3111 3556 ne
3157 3492 3507 3555 incendium
3536 3494 3893 3563 consumpto

2236 3581 2482 3645 Oriente
2514 3583 2905 3646 Occidentem
2939 3586 3116 3645 etiam
3152 3582 3528 3665 pervaderet.

2317 3672 2415 3736 Vl.
2450 3675 2609 3736 Duos
2644 3675 2780 3734 illos
2830 3674 3213 3754 presbyteros
3263 3671 3435 3751 paulo
3489 3676 3622 3750 post
3669 3666 3897 3729 Pascha

2239 3764 2418 3843 hujus
2448 3764 2587 3824 anui
2636 3764 2753 3824 376
2787 3764 2845 3822 in
2878 3762 3273 3824 Occidentem
3312 3778 3426 3823 non
3463 3759 3655 3821 serius
3689 3756 3891 3837 profe-

2242 3863 2367 3915 ctos
2400 3870 2553 3931 esse,
2589 3853 2703 3913 hoc
2734 3851 2989 3911 maxime
3007 3860 3354 3930 argumento
3382 3850 3555 3913 nixus
3585 3847 3886 3920 existimo,

2245 3940 2405 4021 quod
2426 3940 2585 4001 idem
2616 3941 2938 4018 legatorum
2965 3959 3182 4002 munus
3204 3942 3418 4002 iterum
3445 3938 3794 4009 obierint,et
3814 3937 3893 3999 ab

2248 4049 2453 4091 eorum
2478 4048 2546 4091 ex
2569 4030 2828 4091 secunda
2846 4030 3137 4109 legatione
3152 4031 3346 4092 reditu
3364 4048 3551 4112 usque
3567 4028 3639 4091 ad
3655 4027 3892 4090 initium

2247 4119 2390 4181 anni
2412 4118 2848 4189 378,nounulla
2869 4121 3344 4202 evenerint,qua
3362 4130 3495 4201 apte
3515 4119 3751 4199 disponi
3775 4135 3894 4178 non

2253 4218 2512 4291 possent,
2553 4216 2599 4270 si
2639 4209 2828 4290 prima
2855 4211 3069 4288 legatio
3102 4212 3296 4272 serius
3326 4209 3693 4288 contigisset.

2331 4298 2537 4381 Neque
2568 4300 2742 4361 etiam
2776 4300 2950 4363 citius
2973 4302 3099 4363 hac
3121 4300 3339 4380 legatio
3366 4299 3556 4380 possit
3588 4296 3897 4368 collocari,

516 4388 692 4462 etiam
722 4399 934 4459 vulnus
961 4396 1361 4459 refricuerant
1389 4393 1724 4456 novissima
1748 4395 1983 4457 Damasi
2006 4392 2166 4453 litte-
2198 4396 2235 4446 ο
2258 4392 2317 4453 in
2345 4410 2462 4471 quo
2489 4407 2676 4453 sanea
2695 4389 3061 4453 Tillemontii
3086 4390 3393 4453 sententia
3418 4389 3595 4467 longe
3611 4388 3908 4449 distamus

520 4508 759 4571 ra,qua
782 4487 1029 4549 Paulino
1047 4484 1446 4566 episcopatum
1473 4484 1894 4557 attribuebant,
1922 4482 2165 4544 defrau-

520 4582 659 4644 dato
685 4577 945 4645 Meletio.
982 4576 1189 4639 Narrat
1212 4578 1273 4638 in
1305 4576 1513 4637 eadem
1549 4575 1803 4653 epistola
1822 4572 1943 4636 239
1963 4571 2076 4633 sibi
2108 4571 2168 4633 in

523 4678 782 4734 mentem
807 4669 1042 4731 venisse
1058 4666 1328 4749 privatim
1364 4666 1435 4727 ad
1471 4664 1843 4745 coryphaeum
1870 4662 2167 4726 Occiden—

522 4762 723 4825 talium
748 4759 1036 4835 scribere,
1061 4759 1137 4820 de
1156 4757 1334 4820 rebus
1363 4754 1603 4837 quidem
1625 4754 2051 4817 ecclesiasticis
2074 4754 2170 4814 ni-

518 4850 747 4928 hil,nisi
767 4850 925 4929 quod
943 4850 1517 4927 insinuasset,neque
1531 4845 1665 4907 illos
1678 4843 1751 4905 de
1766 4842 1947 4905 rebus
1961 4842 2170 4907 Orien-

522 4944 595 5004 tis
612 4962 746 5004 vera
778 4958 1182 5021 nosse,neque
1206 4940 1511 5018 viam,qua
1534 4934 1763 5016 possint
1780 4934 2168 5005 discere,am-

524 5032 702 5111 plecti
729 5055 745 5110 ;
776 5050 844 5097 ac
868 5032 1226 5111 generatim,
1248 5025 1615 5106 hominibus,
1643 5042 1793 5105 quos
1814 5025 2171 5086 tentationes

524 5122 809 5200 aiﬁigunt,
836 5121 1238 5182 insultandqu
1272 5136 1389 5180 non
1424 5135 1580 5188 esse,
1606 5133 1799 5195 nequc
1822 5114 2169 5193 dignitatem

525 5211 980 5275 existimandam
1013 5228 1146 5272 esse
1170 5207 1537 5290 superbiam.
1560 5204 1690 5267 Non
1715 5214 1910 5265 tamen
1944 5204 2173 5266 obstitit

526 5302 810 5381 legationi
834 5300 1122 5372 Basilius;
1150 5316 1346 5380 neque
1376 5297 1533 5358 enim
1558 5298 1608 5357 is
1630 5303 1779 5375 erat,
1802 5295 1903 5375 qui
1926 5294 2028 5357 ulli
2052 5296 2171 5358 Ec-

2256 4483 2310 4543 ls
2338 4481 2498 4541 enim
2534 4479 2787 4558 legatum
2847 4499 3004 4541 anno
3038 4479 3155 4543 373
3190 4487 3290 4540 aut
3320 4480 3435 4542 574
3471 4477 3716 4538 missum
3767 4491 3903 4537 esse

2260 4570 2617 4633 Dorotheum
2651 4571 2967 4643 existimat,
3004 4577 3060 4631 et
3088 4588 3242 4631 anno
3276 4570 3415 4639 375,
3442 4567 3552 4629 sub
3584 4568 3760 4628 ﬁnem
3784 4583 3899 4625 au-

2257 4659 2444 4721 tumni
2482 4660 2759 4722 rediisse.
2801 4663 2857 4722 1°
2889 4658 3203 4721 Neminem
3256 4678 3411 4721 anno
3472 4658 3586 4721 373
3646 4655 3897 4717 missum

2258 4750 2439 4812 fuisse
2454 4750 2577 4831 jam
2598 4767 2780 4831 supra
2801 4751 2943 4811 satis
2967 4748 3562 4829 probatum.Nullum
3587 4744 3901 4825 legationis

2259 4842 2562 4918 vestigium
2599 4841 2820 4901 habent
2850 4839 2988 4901 anni
3020 4839 3137 4901 3‘73
3164 4849 3267 4902 aut
3318 4838 3435 4901 874
3480 4837 3707 4899 Focum
3758 4833 3902 4896 fecit

2252 4931 2501 4991 eruditis
2524 4929 2666 4990 viris
2690 4931 2959 5011 opinatus
2985 4928 3263 4992 Dorothei
3288 4947 3357 4991 ex
3377 4926 3706 4992 Occidente
3729 4923 3898 4987 redi-

2254 5032 2347 5083 tus
2370 5040 2525 5081 anno
2545 5020 2686 5099 375,
2705 5038 2885 5100 quem
2908 5019 3278 5099 colliguntex
3302 5018 3398 5081 bis
3414 5016 3612 5080 verbis
3632 5013 3902 5097 epistola

2254 5111 2393 5175 539:
2409 5112 2493 5171 De
2510 5109 2690 5171 rebus
2704 5120 2902 5171 autem
2917 5108 3178 5173 Occidet:
3186 5108 3407 5172 talibus
3417 5110 3588 5188 prius
3600 5113 3728 5185 ipse
3739 5103 3906 5167 didi-

2254 5201 2413 5278 cisti,
2446 5207 2737 5261 narrante
2760 5201 2969 5261 omnia
2999 5201 3190 5278 fratre
3220 5197 3536 5271 Dorothco,
3562 5198 3660 5257 cui
3689 5195 3905 5275 quales

2254 5290 2481 5353 danda
2503 5289 2974 5357 rursusJittcrat
2997 5290 3285 5352 abeunti?
3311 5289 3393 5351 Ex
3421 5286 3513 5348 his
3533 5283 3903 5348 concludunt

529 5373 725 5456 ulcsia
743 5391 1058 5452 commodo
1076 5373 1301 5451 moram
1316 5385 1686 5449 aﬂ'erretzsed
1704 5373 1898 5465 potius
1921 5384 2177 5448 libenter
2258 5378 2620 5443 Dorotheum
2638 5378 2824 5440 Roma
2836 5378 3373 5459 redeuntem,apud
3389 5375 3716 5439 Eusebium
3746 5373 3897 5434 fuis-

526 5480 830 5545 communi
852 5498 1046 5543 causa
1065 5480 1266 5541 stilum
1291 5496 1460 5540 suum
1485 5475 1776 5556 impendit
1792 5475 1851 5537 in
1866 5475 2181 5538 exarandis
2262 5470 2537 5551 se,eique
2550 5468 2625 5532 de
2639 5468 2893 5531 rebusin
2908 5467 3235 5532 Occidente
3249 5467 3577 5549 perspectis
3591 5479 3895 5525 narrasse.

612 5656 693 5735 (α)
720 5652 833 5736 Ep.
867 5651 1010 5717 215.
