4142 6400
464 312 647 365 CXLIV

1852 295 2443 363 PROLEGOMENA.

464 441 785 497 cresceret.
818 433 1093 499 Nondum
1152 434 1314 498 enim
1373 432 1609 495 inflicta
1669 440 1841 496 erant
1896 432 2105 514 plaga,
2131 428 2427 494 Aduabus
2457 433 2691 512 litteris,
2727 453 2860 515 qua
2908 453 2941 497 a
2998 432 3362 515 presbyteris
3419 432 3734 499 Dorotheo
3791 444 3853 499 et

472 523 737 585 nondum
764 543 1061 589 carceres.

550 612 638 675 Ad
658 614 772 677 hoc
796 623 1029 697 tempus
1052 612 1677 697 pertinetbrevissima
1694 613 1767 676 ad
1781 611 2114 677 Eusebium

471 700 877 789 epistola,qua
890 713 979 768 est
996 704 1409 767 ducentesima
1426 703 1882 785 quadragesima
1904 703 2112 783 prima.

473 790 725 855 Videtur
780 802 1023 875 questus
1081 812 1214 857 esse
1262 794 1582 867 Eusebius,
1617 792 1773 874 quod
1817 793 1875 853 in
1906 792 2119 854 litteris

472 880 676 943 Basilii
704 882 853 945 nihil
878 883 992 945 nisi
1025 901 1280 945 marore
1302 895 1358 946 et
1379 883 1657 964 lacrymis
1687 882 1930 962 dignum
1964 883 2121 961 lege-

473 980 565 1033 ret
594 990 607 1034 :
646 971 802 1053 quod
837 972 1077 1053 quidem
1129 972 1541 1054 superioribus
1570 971 1803 1034 duabus
1831 972 1904 1033 ad
1930 974 2120 1033 Euse-

474 1060 639 1122 bium
662 1062 930 1141 epistolis
957 1063 1180 1143 optime
1202 1062 1850 1143 congruit.Bespondet
1876 1062 2121 1123 Basilius

472 1168 539 1212 se
569 1149 641 1212 de
684 1151 953 1213 molestis
983 1152 1166 1214 rebus
1196 1171 1355 1233 sape
1389 1151 1686 1225 scribere,
1717 1170 1837 1213 non
1867 1162 1931 1212 ut
1961 1150 2122 1212 illius

2198 522 2582 585 Sanctissimo
2608 522 2850 603 perlata
2877 531 3110 605 optatos
3136 523 3329 586 exitus
3358 522 3725 589 habuerunt.

2280 613 2543 675 Suntha
2576 613 2793 676 littera
2822 612 2941 677 242
2972 622 3031 677 et
3061 614 3202 679 243.
3233 613 3435 677 Prima
3455 615 3853 678 Orientalium

2202 702 2449 763 nomine
2478 700 2966 766 Occidentalibus
3006 705 3252 785 scripta.
3287 705 3551 768 Alteram
3602 706 3861 768 Basilius

2206 790 2475 870 privatim
2512 793 2754 873 scripsit
2782 794 2853 855 ad
2887 794 3071 857 Italia
3098 804 3154 855 et
3185 794 3389 857 Gallia
3415 795 3754 876 episcopos.
3793 799 3862 859 In

2206 884 2397 961 prima
2424 882 2759 961 signiﬁcant
2786 883 3121 946 Orientales
3154 903 3219 945 se
3268 885 3429 948 inter
3477 886 3861 964 gravissimas

2209 972 2500 1049 procellas
2515 972 2587 1033 ab
2606 973 3011 1035 Ecclesiarum
3034 974 3384 1036 defensione
3404 994 3527 1038 non
3542 975 3855 1051 dimoveri,

2207 1078 2317 1121 nec
2362 1061 2626 1122 animum
2680 1063 3081 1143 despondere,
3116 1075 3175 1125 et
3207 1065 3433 1128 idcirco
3462 1065 3747 1127 auxilium
3780 1064 3855 1127 ab

2206 1148 2528 1213 Occidente
2547 1153 2671 1231 jam
2706 1172 2863 1232 sape
2896 1163 3300 1234 exspectatum
3328 1173 3595 1233 poscere.
3625 1155 3855 1217 Nume-

473 1238 741 1301 dolorem
769 1250 997 1319 augeat,
1026 1242 1131 1303 sed
1156 1251 1220 1304 ut
1242 1260 1413 1304 suum
1440 1242 1569 1323 ipse
1594 1240 1801 1314 leniat,
1838 1258 1907 1302 ac
1932 1239 2121 1301 Euse-
2206 1247 2338 1300 rant
2355 1240 2655 1303 decimum
2684 1244 2922 1305 tertium
2951 1246 3380 1325 persecutionis
3403 1246 3718 1327 annum,in
3742 1264 3858 1326 qua

474 1327 636 1388 bium
670 1330 739 1390 ad
775 1332 1127 1393 intentiores
1152 1350 1261 1413 pro
1292 1331 1565 1393 Ecclesia
1622 1348 1837 1411 preces
1888 1331 2121 1391 excitet.
2210 1329 2415 1407 plures
2438 1330 2719 1394 Ecclesiis
2763 1334 3031 1396 evenisse
3082 1335 3439 1397 afﬂictiones
3494 1343 3853 1409 asseverant,

556 1416 770 1481 V.Duo
795 1421 1267 1500 prastantissimi
1293 1419 2126 1501 EcclesiaAntiochenapre-
2212 1440 2384 1500 quam
2433 1423 2704 1484 evenisse
2753 1434 3177 1495 memorantur,
3214 1444 3281 1487 ex
3315 1445 3430 1507 quo
3473 1424 3856 1505 Evangelium

473 1505 1821 1588 sbyteri,DorotheusetSanctissimus,magno
1840 1510 2129 1572 Ecclesia
2212 1512 2428 1573 Christi
2488 1514 2899 1576 annuntiatur.
2951 1513 3181 1594 Rogant
3207 1505 3349 1595 ergo
3381 1525 3445 1577 ut
3476 1516 3714 1578 tandem
3750 1514 3861 1575 ali-

478 1598 856 1689 pacificanda
878 1602 1069 1663 studio
1095 1602 1453 1679 ﬂagrabant;
1487 1617 1745 1689 cumque
1768 1598 2050 1678 precibus
2073 1609 2130 1660 et
2155 1642 2190 1689 Β
2213 1600 2449 1680 quando
2478 1602 2784 1664 mittantur
2816 1622 2882 1664 ex
2916 1603 3265 1678 Occidente,
3301 1605 3399 1685 qui
3433 1604 3717 1668 Orientali
3749 1605 3865 1667 Ec-

474 1687 806 1751 hortatibus
838 1694 1099 1769 egissent
1126 1693 1281 1772 apud
1322 1692 1645 1773 episcopos
1668 1687 2033 1763 Orientales,
2069 1698 2131 1750 ut
2156 1687 2180 1689 “
2216 1690 2415 1750 clesia
2436 1708 2612 1768 opem
2648 1693 2859 1755 ferant.

479 1778 694 1856 legatio
712 1787 768 1841 in
783 1781 1171 1846 Occidentem
1189 1778 1879 1858 mitteretur,commissa
1896 1779 2132 1856 utrique
2298 1777 2529 1858 Scripta
2561 1788 2651 1840 est
2680 1781 2738 1841 in
2772 1784 3042 1843 eamdem
3078 1784 3435 1843 sententiam
3458 1783 3702 1860 epistola
3724 1781 3863 1844 243.

474 1866 600 1929 hac
620 1872 919 1949 proviucia
944 1872 1104 1935 circa
1130 1873 1353 1936 Pascha
1374 1870 1550 1950 hujus
1570 1866 2133 1931 anni376.Videtur
2218 1869 2403 1946 Rogat
2434 1869 2689 1930 Basilius
2721 1880 2780 1931 ut
2807 1871 3232 1949 imperatorem
3266 1870 3614 1934 Occidentis
3644 1872 3869 1932 certio-

474 1956 1127 2044 Dorotheussuperiore
1139 1972 1443 2024 autummo
1458 1960 1705 2022 Romam
1722 1958 2036 2036 cogitasset
2047 1968 2129 2038 al,
2214 1976 2342 2019 rem
2368 1958 2585 2019 faciant
2611 1959 2686 2020 de
2706 1959 2779 2021 iis
2800 1980 2932 2040 qua
2952 1970 3240 2041 geruntur
3261 1961 3322 2021 in
3346 1958 3709 2034 Oriente;vel
3731 1958 3781 2018 si
3802 1959 3863 2018 id

478 2048 573 2109 vel
605 2052 811 2111 saltem
840 2051 1122 2115 Basiliam
1155 2052 1419 2113 hortatus
1452 2050 1654 2123 fuisse,
1683 2056 1745 2109 ut
1776 2046 2127 2126 Gregorium
2216 2048 2464 2111 difficile
2488 2048 2691 2120 fuerit,
2714 2051 2925 2113 saltem
2954 2051 3068 2132 ipsi
3097 2051 3329 2112 mittant
3358 2050 3455 2129 qui
3488 2048 3869 2110 consolentur

476 2137 805 2217 Nyssenum
842 2141 902 2201 in
926 2140 1315 2203 Occidentem
1336 2140 1591 2216 legatum
1610 2137 1903 2200 mitteret.
1931 2136 2134 2199 Caruit
2214 2137 2490 2200 afﬂictos.
2530 2141 2871 2202 Persecutio
2908 2141 3153 2202 uberius
3185 2141 3563 2214 describitur,
3593 2156 3772 2215 quam
3805 2138 3867 2198 in

479 2228 638 2289 exitu
659 2228 771 2290 hoc
794 2228 1264 2311 consilium,sive
1287 2228 1431 2308 quia
1450 2228 1799 2308 Gregorius,
1831 2234 1894 2289 ut
1915 2226 2129 2307 pravi-

479 2319 645 2380 derat
670 2320 946 2393 Basilius,
982 2321 1097 2383 hoc
1129 2338 1344 2382 munus
1376 2318 1686 2399 suscipere
1717 2316 1929 2392 noluit,
1966 2316 2128 2395 quod

483 2408 645 2472 illius
685 2411 977 2473 stomachi
1007 2430 1125 2472 non
1159 2418 1307 2484 erat,
1343 2409 1467 2471 sive
1497 2408 1636 2481 alia,
1673 2406 1750 2468 de
1779 2424 1975 2468 causa.
2012 2404 2129 2469 Sed

482 2507 677 2562 tamen
711 2499 1075 2562 Dorotbeum
1110 2499 1169 2561 in
1218 2500 1530 2564 Thraciam
1588 2497 1844 2569 venisse,
1878 2504 1937 2557 et
1995 2515 2127 2557 cum

476 2590 736 2653 Eusebio
760 2591 1159 2653 Samosatensi
1189 2590 1381 2653 fuisse
1406 2608 1567 2651 anno
1601 2587 1716 2651 375
1749 2594 2010 2648 exeunte
2040 2586 2129 2647 vel

482 2680 599 2742 376
624 2681 895 2761 ineunte,
929 2681 1180 2745 dicimus
1208 2700 1277 2742 ex
1311 2679 1562 2761 epistola
1590 2676 1731 2756 239,
1760 2695 1891 2757 qua
1911 2676 2131 2756 scripta

484 2781 713 2834 estnon
739 2769 923 2833 multo
950 2780 1080 2852 post
1100 2771 1333 2832 initium
1357 2773 1494 2832 anni
1514 2768 1655 2831 376.
1698 2767 1982 2829 Eratcum
2015 2766 2131 2827 Ba-

485 2863 616 2924 silio
652 2861 743 2925 vel
774 2862 835 2924 in
867 2861 1137 2924 finitimis
1187 2861 1359 2941 locis,
1393 2879 1527 2921 cum
1559 2858 1811 2921 Basilius
1854 2859 2130 2919 eamdem

484 2953 795 3035 epistolam
829 2953 1091 3034 scripsit.
1125 2952 1316 3031 Rogat
1359 2952 1517 3013 enim
1565 2948 1888 3012 Eusebium
1926 2950 2133 3029 quales
2153 2989 2193 3038 ο

484 3043 758 3105 redeunti
791 3043 1090 3106 Dorotheo
1123 3042 1335 3103 danda
1364 3040 1484 3102 sint
1518 3040 1763 3102 littera:
1792 3040 1941 3099 forte
1972 3039 2131 3100 enim

488 3134 767 3197 comitem
822 3132 990 3195 illum
1042 3133 1303 3194 futurum
1337 3132 1559 3212 optimo
1594 3129 2001 3207 Sanctissimo,
2038 3128 2141 3209 qui

487 3242 696 3302 magno
729 3223 909 3284 animi
961 3222 1176 3284 ardore
1227 3218 1532 3284 Orientem
1570 3219 1941 3301 peragrabat,
1981 3226 2037 3279 et
2067 3216 2140 3279 ab

486 3310 821 3390 insignibus
843 3311 1180 3394 quibusque
1209 3312 1503 3391 episcopis
1553 3308 2043 3390 subscriptiones
2080 3312 2142 3370 et

489 3402 768 3482 epistolas
803 3402 1151 3482 colligebat.

571 3584 824 3664 Legatos
848 3584 907 3646 in
930 3580 1314 3647 Occidentem
1340 3582 1493 3645 mitti
1520 3600 1635 3642 non
1654 3580 1901 3643 multum
1930 3580 2137 3662 proba-

489 3676 588 3737 bat
622 3675 872 3737 Basilius
901 3696 913 3737 :
949 3674 1000 3735 si
1032 3675 1189 3735 enim
1214 3673 1502 3735 Dominus
1541 3671 1834 3752 propitius
1868 3672 1988 3745 fiat,
2018 3671 2137 3733 alio

490 3786 639 3849 opus
672 3785 790 3828 non
822 3767 949 3827 fore
977 3766 1196 3827 auxilio
1223 3786 1236 3827 ε
1276 3764 1325 3826 si
1373 3762 1477 3824 Dei
1500 3762 1589 3823 ira
1620 3772 1983 3841 perseveret,
2020 3781 2140 3823 non

495 3876 704 3936 magno
728 3855 1006 3937 prasidio
1030 3854 1288 3916 futurum
1317 3851 1703 3917 Occidentale
1724 3852 2137 3932 supercilium.

491 3947 729 4010 Frustra
750 3944 1046 4025 ejusmodi
1069 3945 1343 4005 homines
1367 3941 1521 4003 orari
1540 3942 1937 4021 demonstrat,
1968 3942 2144 4003 allato

496 4040 555 4100 in
578 4058 709 4101 eam
740 4036 1096 4099 sententiam
1122 4053 1290 4095 versu
1315 4031 1658 4094 Homerico.
1688 4030 1959 4093 Nondum
1988 4032 2145 4093 enim

494 4130 678 4192 callus
702 4127 997 4188 obductus
1028 4133 1155 4186 erat
1186 4123 1403 4197 dolori,
1435 4140 1613 4203 quem
1640 4138 1711 4182 ex
1752 4121 1951 4182 inutili
1984 4121 2145 4180 litte-

494 4238 691 4282 rarum
714 4216 989 4281 anni372
1013 4216 1262 4294 exitu,et
1286 4232 1353 4274 ex
1387 4211 1694 4292 responsis
1722 4228 1930 4290 parum
1966 4210 2153 4290 aquis

500 4326 605 4389 par
636 4306 951 4385 Evagrium
979 4323 1135 4366 anno
1166 4303 1283 4365 373
1312 4302 1507 4365 allatis
1561 4308 1945 4380 conceperat.
2000 4299 2152 4372 Quin

2214 2228 3287 2309 superioriepistolaNarratBasilius
3310 2230 3627 2310 episcopos
3649 2226 3872 2288 indicta

2214 2338 2392 2381 causa
2414 2319 2684 2382 damnari
2710 2339 2724 2395 ;
2752 2322 2871 2383 imo
2895 2322 3217 2385 nonnullos
3247 2322 3379 2382 sine
3399 2316 3867 2397 accusatoribus,

2215 2409 2783 2493 sinetribunalibus,
2814 2412 3175 2483 intemi-esta
3196 2420 3370 2473 nocte
3401 2417 3623 2489 raptos,
3650 2410 3708 2470 in
3734 2408 3867 2469 lon-

2214 2499 2467 2582 ginquas
2490 2502 2768 2580 regiones
2790 2503 3027 2579 fugatos
3057 2503 3261 2564 fuisse.
3285 2501 3436 2563 Hinc
3456 2500 3605 2578 fuga
3636 2497 3873 2577 presby-

2217 2599 2481 2652 terorum
2508 2600 2564 2651 et
2590 2591 2798 2653 diacon
2810 2611 3011 2664 orum,
3035 2594 3179 2654 cleri
3203 2587 3871 2670 depopulatio,populo-

2215 2700 2345 2742 rum
2373 2680 2647 2758 gemitus.
2677 2682 2889 2742 altaria
2913 2681 3208 2759 spirituali
3236 2679 3394 2741 cultu
3424 2677 3872 2749 vacantia,ades

2221 2768 2579 2849 precationis
2602 2770 2821 2832 clausa
2843 2772 2970 2833 sine
2996 2768 3385 2833 corcionibus
3403 2787 3471 2829 ac
3494 2766 3823 2845 synaxibus
3850 2786 3863 2825 :

2218 2860 2356 2921 dum
2385 2857 2669 2920 Ecclesia
2700 2862 2977 2922 columna
3007 2861 3292 2941 dispersa
3321 2868 3476 2934 sunt,
3516 2858 3760 2919 haresis
3791 2856 3867 2916 li-

2221 2948 2514 3010 bertatem
2544 2957 2737 3024 nacta,
2771 2951 3214 3012 multitudinem
3248 2948 3473 3011 inducit
3505 2948 3776 3011 deorum.
3814 2951 3874 3005 et

2223 3038 2508 3118 Spiritum
2533 3048 2803 3099 sanctum
2830 3042 3045 3120 rejicit,
3076 3060 3141 3102 ac
3164 3040 3303 3101 dum
3330 3039 3531 3099 omnia
3555 3037 3665 3098 sibi
3685 3035 3874 3099 eccle-

2225 3128 2463 3189 siastica
2517 3130 2716 3189 munia
2769 3140 3027 3208 arrogat,
3063 3130 3437 3208 baptismate,
3492 3127 3880 3189 deductiones

2229 3217 2765 3298 proficiscentium,
2795 3220 3247 3282 consolationes
3268 3217 3878 3297 agrotantium,com-

2228 3306 2550 3367 munioncs
2582 3314 3023 3388 mysteriorum,
3054 3309 3337 3370 Ecclesia
3370 3307 3525 3368 filios
3556 3306 3751 3384 impii:
3783 3304 3883 3364 do-

2223 3397 2434 3459 ctrina
2456 3398 2948 3462 assuefacitﬂac
2967 3418 3037 3461 eo
3058 3399 3405 3461 molestiora
3428 3393 3882 3459 erantOrienta-

2224 3487 2401 3560 tibus,
2437 3488 2594 3567 quod
2650 3497 2993 3552 metuerent
3021 3509 3096 3552 ne
3142 3488 3491 3551 incendium
3521 3492 3877 3561 consumpto

2222 3576 2468 3640 Oriente
2499 3577 2891 3641 Occidentem
2925 3581 3101 3641 etiam
3137 3579 3512 3660 pervaderet.

2304 3666 2400 3730 VI.
2436 3670 2596 3730 Duos
2631 3670 2766 3729 illos
2815 3670 3197 3750 presbyteros
3247 3668 3419 3747 paulo
3473 3673 3607 3745 post
3654 3663 3881 3726 Pascha

2224 3759 2404 3838 hujus
2434 3758 2573 3819 anni
2622 3759 2739 3819 376
2772 3760 2829 3818 in
2863 3758 3257 3820 Occidentem
3296 3774 3410 3817 non
3447 3755 3640 3815 serius
3674 3753 3873 3831 profe-

2227 3857 2353 3911 ctos
2385 3866 2539 3927 esse,
2575 3849 2689 3909 hoc
2720 3847 2973 3908 maxime
2992 3854 3339 3925 argumento
3366 3843 3541 3905 nixus
3571 3841 3871 3913 existimo,

2230 3936 2389 4018 quod
2411 3936 2570 3997 idem
2600 3937 2923 4015 legatorum
2950 3954 3168 3997 munus
3189 3935 3403 3995 iterum
3430 3931 3779 4002 obierint,et
3800 3930 3877 3992 ab

2232 4045 2438 4089 eorum
2463 4044 2531 4088 ex
2553 4026 2813 4087 secunda
2832 4026 3123 4105 legatione
3138 4024 3333 4086 reditu
3350 4041 3536 4105 usque
3553 4021 3625 4084 ad
3641 4020 3876 4082 initium

2231 4117 2374 4179 anni
2396 4115 2833 4187 3'78,nonnulla
2855 4116 3329 4195 evenerint,qua
3348 4123 3481 4194 apte
3501 4112 3737 4192 disponi
3760 4127 3877 4171 non

2237 4215 2497 4288 possent,
2538 4213 2585 4267 si
2624 4206 2814 4286 prima
2841 4206 3055 4284 legatio
3088 4206 3281 4267 serius
3312 4202 3678 4282 contigisset.

2316 4296 2523 4377 Neque
2552 4297 2728 4357 etiam
2762 4296 2936 4359 citius
2959 4297 3085 4357 hac
3107 4294 3324 4375 legatio
3352 4292 3541 4374 possit
3572 4289 3879 4362 collocari,

501 4382 676 4460 etiam
707 4382 919 4457 vulnus
947 4394 1347 4457 refricuerant
1373 4391 1710 4454 novissima
1733 4393 1967 4454 Damasi
1991 4389 2151 4450 litte-
2182 4389 2302 4449 Din
2331 4407 2447 4468 quo
2474 4404 2661 4449 sanea
2680 4385 3047 4449 Tillemontii
3071 4384 3378 4448 sententia
3403 4383 3580 4460 longe
3596 4382 3890 4442 distamus

504 4505 744 4569 ra,qua
767 4485 1015 4547 Paulino
1033 4482 1431 4564 episcopatum
1458 4481 1879 4554 attribuebant,
1907 4479 2151 4569 defrau-

505 4568 649 4641 dato
669 4576 931 4643 Meletio.
968 4574 1174 4637 Narrat
1197 4575 1258 4635 in
1290 4573 1499 4635 eadem
1534 4572 1789 4650 epistola
1807 4569 1927 4633 239
1948 4568 2061 4630 sibi
2094 4568 2153 4629 in

508 4677 768 4731 mentem
793 4668 1028 4729 venisse
1044 4664 1313 4747 privatim
1350 4663 1421 4724 ad
1457 4661 1829 4742 coryphaum
1855 4659 2153 4723 Occiden-

508 4760 709 4823 talium
733 4757 1022 4832 scribere,
1048 4756 1123 4817 de
1143 4754 1320 4817 rebus
1348 4751 1589 4834 quidem
1611 4750 2036 4813 ecclesiasticis
2059 4750 2155 4811 ni-

505 4848 735 4924 hil,nisi
754 4847 912 4926 quod
930 4842 1651 4923 insinuasset.nequeillos
1664 4840 1738 4903 de
1753 4839 1933 4902 rebus
1946 4839 2156 4904 Orien-

510 4940 583 5001 tis
598 4959 734 5002 vera
766 4954 1170 5017 nosse,neque
1194 4936 1498 5015 viam,qua
1521 4930 1749 5013 possint
1766 4930 2155 5002 discere,am-

511 5029 689 5108 plecti
715 5052 732 5107 ;
763 5047 831 5093 ac
856 5027 1214 5108 generatim,
1235 5022 1602 5102 hominibus,
1629 5040 1779 5103 quos
1800 5021 2157 5083 tentationes

511 5119 797 5197 afﬂigunt,
823 5117 1226 5179 insultandum
1260 5133 1377 5176 non
1411 5132 1567 5185 esse,
1592 5130 1786 5192 nequc
1808 5111 2155 5190 dignitatem

512 5208 967 5272 existimandam
1001 5224 1133 5269 esse
1157 5204 1523 5287 superbiam.
1547 5202 1676 5265 Non
1701 5211 1897 5262 tamen
1930 5201 2161 5263 obstitit

514 5299 796 5377 legationi
821 5297 1071 5360 Basilius
1094 5318 1110 5369 ;
1137 5313 1333 5376 neque
1363 5294 1519 5355 enim
1544 5294 1594 5355 is
1616 5300 1766 5372 erat,
1788 5291 1891 5371 qui
1912 5290 2015 5353 ulli
2038 5292 2158 5354 Ec-

2240 4480 2295 4540 ls
2323 4478 2484 4537 enim
2520 4476 2773 4554 legatum
2833 4494 2989 4537 anno
3023 4474 3140 4538 373
3176 4481 3275 4534 aut
3305 4473 3421 4535 574
3457 4470 3703 4530 missum
3753 4484 3886 4529 esse

2246 4567 2603 4629 Dorotbeum
2637 4566 2954 4637 existimat,
2989 4572 3045 4625 et
3074 4582 3228 4624 anno
3262 4563 3402 4631 375,
3429 4559 3538 4621 sub
3570 4560 3747 4619 finem
3771 4575 3883 4617 au-

2243 4656 2430 4718 tumni
2468 4655 2745 4717 rediisse.
2787 4658 2842 4717 1°
2874 4653 3189 4716 Neminem
3242 4670 3399 4713 anno
3459 4650 3574 4712 373
3633 4647 3882 4707 missum

2244 4746 2425 4808 fuisse
2440 4746 2564 4826 jam
2585 4762 2766 4826 supra
2787 4746 2929 4806 satis
2954 4742 3351 4824 probatum.N
3361 4739 3549 4801 ullum
3575 4735 3886 4826 legationis

2245 4825 2549 4913 vestigium
2586 4825 2806 4896 habent
2836 4834 2975 4896 anni
3006 4832 3124 4895 373
3152 4841 3254 4895 aut
3305 4830 3422 4893 374
3468 4828 3695 4890 Focum
3746 4825 3887 4887 fecit

2240 4926 2488 4987 eruditis
2511 4924 2653 4985 viris
2676 4926 2946 5005 opinatus
2972 4921 3250 4985 Dorothei
3276 4940 3345 4983 ex
3365 4918 3694 4985 Occidente
3718 4914 3884 5005 redii-

2242 5028 2334 5078 tus
2357 5035 2512 5077 anno
2532 5015 2673 5094 375,
2692 5004 2872 5095 quem
2894 5014 3267 5093 colliguntex
3290 5011 3387 5073 his
3403 5008 3600 5072 verbis
3621 5004 3888 5095 epistola

2242 5107 2380 5171 539:
2396 5108 2480 5167 De
2497 5104 2677 5167 rebus
2691 5094 2889 5167 autem
2904 5101 3396 5167 Occidentalibus
3406 5101 3577 5179 prius
3589 5102 3612 5155 ί
3615 5114 3717 5174 pse
3728 5094 3892 5156 didi-

2242 5197 2400 5274 cisti,
2432 5202 2723 5257 narrante
2748 5196 2957 5257 omnia
2986 5196 3178 5272 fratre
3209 5188 3525 5261 Dorotheo,
3552 5187 3650 5247 cui
3679 5185 3891 5274 quales

2241 5272 2468 5349 danda
2490 5284 2961 5353 rursusJitterw
2985 5284 3275 5346 abeunti?
3300 5280 3382 5343 Ex
3412 5276 3503 5338 his
3524 5272 3890 5337 concludunt

516 5364 712 5453 clésia
730 5387 1045 5449 commodo
1064 5364 1287 5447 moram
1303 5383 1672 5447 aﬂ‘erret:sed
1691 5364 1885 5462 potius
1908 5380 2164 5444 libenter
2246 5374 2607 5439 Dorotbeum
2625 5369 3363 5462 Romaredeuntem,apud
3380 5365 3705 5462 Eusebium
3736 5364 3885 5424 fuis-

513 5500 645 5543 com
656 5478 817 5540 muni
840 5494 1033 5540 causa
1053 5476 1253 5538 stilum
1277 5493 1447 5537 suum
1472 5456 1765 5552 impendit
1780 5471 1840 5533 in
1855 5471 2167 5534 exarandis
2248 5466 2523 5548 se,eique
2537 5464 2612 5528 de
2626 5463 2881 5526 rebusin
2896 5461 3224 5526 Occidente
3239 5456 3567 5541 perspectis
3582 5469 3884 5516 narrasse.

599 5653 681 5733 (a)
708 5650 819 5735 Ep.
854 5648 997 5713 215.
