2071 3204
239 164 329 190 CXLVI

934 155 1082 188 PROLEG
1086 155 1232 188 OMENA.

243 222 316 254 thio:
330 222 619 259 demonstratquam
631 220 750 259 injustaa
763 219 909 251 Eustathii
921 223 1063 264 querelae,
1076 228 1096 252 Α
1107 225 1186 254 enim
1199 234 1259 255 non
1268 224 1415 264 dignatus
1425 229 1479 262 est,
1493 233 1555 256 non
1565 228 1629 256 tam
1644 228 1781 255 metuens
1792 232 1829 254 ne
1838 232 1876 255 ea:
1888 224 1936 254 lit-

244 277 332 309 quam
347 275 449 307 graves
459 265 576 305 injuriae
583 271 611 297 et
622 265 882 305 calumniaquam
894 268 1066 299 inconstans

244 322 322 343 nunc
338 312 393 343 hac
410 321 488 341 nunc
505 310 555 340 illa
572 310 632 341 fide
645 310 772 340 tenenda
797 314 826 340 et
839 311 1065 353 subscribenda,

244 367 322 388 nunc
335 356 381 387 his
391 365 469 386 nunc
480 355 540 385 illis
551 355 684 394 partibus
696 354 816 384 tuendis
827 356 995 394 animus;ac
1006 363 1066 388 tan-

243 402 312 433 dem
329 405 412 440 rogat
422 399 517 431 ulsibi
530 408 583 439 per
595 399 732 429 eumdem
744 398 921 439 Strategium
935 403 1066 441 perscri-

243 446 303 487 bat,
321 451 421 476 utrum
439 444 516 474 idem
534 453 604 482 erga
619 453 651 474 se
678 452 861 483 permaneat,
880 455 916 476 an
934 456 967 477 ex
993 457 1065 478 con-

243 500 347 531 gressu
364 499 432 520 cum
449 488 600 518 Eustathio
618 488 791 519 immutatus
807 489 856 519 sit.

283 534 481 566 Novissimum
497 532 652 563 Eustathio
664 533 782 563 facinus
802 533 832 564 in
862 535 917 566 hac
946 537 1069 576 epistola

246 581 326 621 (m5)
343 578 548 619 exprobratur.
561 577 962 618 Viderunlem'mCyzicum,
976 581 1070 621 inquit

246 627 290 666 (η.
308 625 348 662 9),
364 629 467 654 etcum
492 622 556 653 alia
576 622 633 657 ﬁde
658 624 772 653 reversi
783 624 941 655 sr.nt.Non
956 625 1070 658 viderat

243 671 319 701 hanc
331 669 420 699 ﬁdem
432 666 624 703 Basilius,sed
641 667 696 697 hoc
710 672 820 697 tantum
835 669 971 699 audierat
981 670 1069 701 silen-

243 715 316 745 tium
334 712 577 743 consubstantiali
589 711 776 751 impositum,
790 713 888 743 simile
900 715 1066 745 secundum

244 760 401 792 essentiam
418 758 575 789 inductum
591 758 693 787 fuisse.
708 757 776 788 Haec
792 759 921 790 formula
932 760 1009 791 inter
1020 770 1054 791 va

243 807 303 837 rias
319 804 473 843 formulas,
497 801 606 842 quibus
632 801 809 842 subscripsit
832 804 1013 843 Eustathius,
1036 810 1067 836 ut

1108 270 1182 299 teris
1192 273 1479 309 argueretur,qu
1488 269 1640 300 sollicitus
1648 277 1687 299 ne
1695 277 1750 299 nos
1760 277 1877 299 necesse
1884 268 1937 299 Ita-

1109 312 1188 344 beret
1199 317 1231 345 ut
1241 315 1394 353 episcopos
1413 313 1549 344 salutare
1567 315 1638 351 ;sed
1648 318 1727 344 certe
1743 313 1832 344 verba
1847 317 1936 343 erant

1108 359 1312 395 vehementia,
1327 363 1356 389 et
1367 363 1534 398 expectare
1544 360 1679 398 fervente
1690 360 1812 398 prolata
1823 368 1831 395 ;
1844 359 1878 388 in
1890 358 1936 388 his

1109 403 1312 435 disressimus.
1327 405 1421 434 Antea
1435 413 1493 434 non
1508 408 1566 434 tam
1583 404 1690 434 leniter
1701 412 1768 433 cum
1780 412 1816 434 eo
1827 403 1938 442 agebat

1110 448 1237 479 Basilius
1247 449 1304 488 (ὁ),
1320 458 1387 478 cum
1399 453 1585 488 quereretur.
1611 448 1690 488 quod
1715 457 1747 478 se
1764 448 1936 479 Eustathius

1110 501 1170 523 uno
1186 502 1255 523 cum
1270 493 1429 532 theophilo
1442 493 1535 523 Ciliae
1546 493 1579 523 in
1589 493 1847 532 frequentissimis
1861 501 1935 523 con-

1110 537 1250 568 ventibus
1265 537 1454 568 dilaceraret.
1467 535 1524 568 Ubi
1550 537 1632 567 vides
1657 536 1857 577 Theophilum
1882 546 1936 567 nec

1111 582 1231 612 fratrem
1247 591 1302 612 nec
1316 584 1489 621 episcopum
1505 581 1661 622 appellari.

1152 625 1200 657 lll.
1213 627 1286 657 Cnm
1302 635 1403 665 parum
1422 626 1531 656 Fronto
1548 626 1747 666 promovisset
1764 626 1830 656 ficta
1846 630 1936 656 recta:

1111 671 1178 701 ﬁdei
1193 670 1388 711 professione,
1404 674 1430 699 in
1439 674 1575 711 apertum
1590 671 1847 706 furorem,relictis
1857 675 1935 701 astu-

1111 715 1290 754 tiis.erupit.
1309 715 1406 745 Factae
1432 716 1652 754 magistratibus
1677 716 1933 755 contumeliam),

1110 760 1236 790 verbera
1248 759 1452 796 inﬂicta,£udes
1462 761 1609 800 expilatae,
1623 761 1725 792 civitas
1744 765 1865 796 vastata,
1883 769 1933 790 sa-

1108 805 1244 835 cerdotes
1259 804 1385 844 expulsi,
1400 810 1429 835 et
1442 806 1623 836 irruentibus
1637 806 1714 846 lupis
1728 814 1800 845 grex
1814 805 1934 845 disper-

243 848 451 881 recentissima
468 847 577 887 pariter
590 851 765 877 recensetur
781 848 809 877 in
835 858 881 889 ep.
903 849 972 886 251,
991 860 1008 880 n
1036 850 1064 881 4.
1079 863 1097 887 3
1108 858 1159 881 sus
1185 849 1312 880 Basilius
1327 850 1457 889 acceptis
1472 860 1506 881 ea
1530 850 1567 881 de
1578 859 1609 881 re
1623 850 1728 881 litteris
1743 850 1932 890 presbytero-

242 896 390 926 lndicatur
406 893 492 923 etiam
510 892 537 922 in
556 901 603 931 ep.
623 891 693 922 2‘26.
707 891 770 927 Quo
788 896 922 933 tempore
934 895 962 925 id
974 895 1067 925 conti-

242 940 330 979 gerit,
348 947 407 969 nan
420 936 552 967 declarat
565 936 692 966 Basilius
707 947 716 974 ς
733 937 784 967 sed
801 947 868 967 cum
885 947 990 970 recens
1002 949 1068 971 esse

241 986 350 1016 factum
366 982 478 1013 iudicet
495 992 501 1011 :
527 990 606 1011 anno
628 981 697 1017 375,
714 982 850 1013 evenisse
870 992 960 1023 supra
988 984 1067 1014 dixi-

243 1039 308 1061 mus
323 1032 392 1060 ante
408 1026 568 1057 concilium
583 1028 784 1066 Ancyranum.

282 1073 318 1105 ll.
332 1070 683 1112 TheophilusCastabalae
692 1070 723 1101 in
733 1069 837 1102 Cilicia
849 1073 1069 1113 episcopus.ve-

243 1121 368 1150 hemens
382 1117 478 1148 fuerat
493 1116 522 1145 in
538 1124 626 1146 causa
652 1114 797 1146 Eustathii
821 1117 950 1153 tuenda;
968 1119 997 1148 in
1013 1119 1055 1158 pri

246 1163 370 1195 mardiis
385 1160 582 1192 dissensionis
595 1159 861 1199 miserataliquem
892 1172 927 1192 ex
952 1163 1072 1194 clericis

245 1209 319 1249 suis,
331 1207 382 1248 qui
396 1205 504 1236 Basilio
520 1204 652 1243 indignis
668 1205 763 1235 modis
775 1206 1002 1239 conviciaretur:
1018 1217 1072 1238 nec

246 1255 382 1293 dignatus
398 1256 460 1282 erat
470 1250 507 1281 ad
521 1259 588 1281 eum
604 1249 793 1287 scribere,ne
805 1251 977 1292 episcopum
989 1249 1079 1283 illum-

245 1301 375 1329 salutare
386 1296 713 1336 cagerelurJ’osteala)
725 1295 840 1325 socium
852 1296 1029 1336 adjunierat
1040 1307 1072 1328 se

248 1342 401 1374 Eustathia
415 1340 554 1371 inBasilio
562 1339 816 1379 frequentissimis
831 1340 861 1371 in
871 1342 1070 1374 conventibus

246 1387 449 1419 dilaceranda.
466 1384 525 1416 Sed
543 1389 640 1415 tamen
655 1384 705 1414 ubi
718 1384 789 1415 vidit
799 1394 918 1416 causam
931 1388 1072 1418 suamBa-

245 1434 345 1465 silium
362 1432 393 1463 in
409 1430 573 1462 clarissima
584 1429 651 1459 luce
666 1434 696 1459 et
711 1429 843 1460 omnium
866 1431 961 1462 oculis
976 1441 1069 1472 expo-

247 1487 332 1515 nere,
349 1485 432 1507 suam
449 1484 518 1505 vero
544 1474 734 1504 Eustathium
752 1475 832 1515 turpi
856 1484 924 1506 cum
953 1478 1071 1508 Arianis

1110 903 1175 925 rum
1189 899 1216 924 et
1231 894 1467 934 magistratuum,
1487 894 1589 925 tribuit
1600 904 1702 925 eorum
1715 895 1934 935 teinporiquid-

1110 939 1181 978 quid
1199 940 1229 969 in
1243 948 1276 970 se
1293 939 1382 970 situm
1401 944 1476 974 erat.
1495 949 1595 970 coram
1613 940 1788 979 supplicavit
1804 939 1935 979 potenti-

1112 985 1165 1015 bus
1181 984 1261 1022 viris,
1276 990 1306 1015 et
1322 993 1375 1025 per
1387 984 1501 1015 litteras
1516 985 1552 1014 iis
1568 994 1584 1014 a
1598 984 1706 1024 quibus
1722 985 1751 1014 in
1773 984 1841 1014 aula
1865 983 1937 1013 dili-

1110 1029 1245 1067 gebatur,
1265 1034 1298 1059 ut
1313 1029 1409 1060 rabidi
1426 1029 1557 1059 hominis
1574 1029 1658 1060 furor
1675 1031 1935 1068 comprimeretur.

1110 1075 1184 1105 Cum
1220 1078 1320 1105 autem
1353 1074 1613 1105 animadvertisset
1637 1077 1666 1105 in
1698 1073 1936 1113 presbyterorum

1113 1119 1219 1150 litteris
1234 1119 1366 1149 animum
1381 1119 1461 1150 inter
1473 1123 1516 1149 tot
1531 1129 1679 1150 aerumnas
1697 1120 1806 1150 lassum
1822 1128 1860 1149 ac
1880 1118 1936 1147 mi-

1113 1173 1168 1194 nus
1184 1168 1380 1200 constantem,
1395 1163 1565 1194 consolatur
1581 1174 1632 1195 eos
1647 1173 1700 1205 spe
1724 1163 1828 1194 auxilii
1844 1172 1860 1193 a
1878 1163 1938 1193 Dea

1113 1209 1240 1244 venturi,
1258 1217 1292 1238 ac
1306 1208 1442 1238 hortatur
1457 1212 1488 1238 ut
1503 1209 1652 1248 precando
1669 1218 1707 1239 ne
1722 1207 1936 1247 defatigentur.

1114 1258 1143 1284 et
1155 1262 1220 1293 qua;
1231 1253 1374 1285 hactenus
1387 1253 1486 1283 verbis
1511 1253 1655 1290 docuere,
1679 1263 1713 1284 ea
1743 1262 1821 1283 nunc
1847 1261 1939 1291 opere

1114 1299 1280 1339 perﬁciant.
1296 1297 1442 1329 Similiter
1458 1298 1679 1337 magistratibus
1700 1298 1829 1328 celerem
1844 1306 1861 1327 ι
1878 1296 1938 1327 Deo

1113 1343 1281 1374 adfuturam
1297 1351 1385 1382 opem
1403 1342 1572 1382 pollicetur.

1153 1387 1280 1419 Basilius
1293 1395 1353 1426 pra:
1369 1396 1487 1417 summa
1501 1397 1555 1418 suo
1571 1387 1772 1427 Amphilochii
1784 1387 1938 1417 desiderio

1113 1432 1237 1463 moleste
1254 1432 1366 1462 ferebat
1376 1441 1408 1463 se
1420 1436 1478 1462 tam
1494 1432 1584 1470 longe
1599 1432 1635 1462 ab
1653 1441 1688 1462 eo
1715 1431 1845 1471 disjungi
1860 1441 1867 1468 ;
1884 1432 1936 1461 sed

1113 1487 1179 1508 cum
1188 1475 1392 1516 Amphilochii
1399 1476 1644 1515 tranquillitatem
1652 1476 1939 1515 consideraret,gra-

247 1522 459 1562 conjunctione
473 1518 601 1559 prodere
614 1529 621 1559 ;
633 1523 695 1549 tum
712 1527 781 1549 vero
797 1520 898 1550 Basilii
908 1521 1068 1552 amicitiam
1080 1527 1099 1551 C
1112 1523 1166 1553 tias
1178 1525 1284 1561 agebat
1300 1520 1374 1557 Deo,
1387 1521 1464 1560 quod
1478 1521 1503 1550 is
1515 1526 1647 1553 remotus
1658 1526 1736 1553 esset
1747 1521 1783 1552 ab
1800 1521 1937 1552 incendio

245 1567 421 1606 recolligere
431 1569 554 1595 conatus
565 1568 622 1603 est,
634 1564 676 1594 sic
694 1567 792 1594 tamen
810 1570 841 1594 ut
854 1574 906 1604 pro
919 1564 1071 1597 Eustathio

247 1613 369 1654 petiisse
385 1611 529 1640 videatur.
542 1608 720 1654 Respondet,
735 1609 762 1638 ei
781 1609 904 1640 Basilius
917 1619 949 1640 se
964 1611 1071 1641 amici-

247 1652 316 1688 tiam
335 1656 412 1687 illius
424 1654 523 1693 magni
536 1662 655 1693 semper
665 1652 785 1693 fecisse,
796 1663 850 1684 nec
861 1655 897 1685 ab
915 1664 960 1693 ea,
974 1665 1070 1696 quan-

248 1708 309 1733 tum
325 1701 362 1732 ad
373 1700 465 1731 animi
479 1697 668 1729 affectionem
693 1698 834 1737 pertinet,
865 1699 959 1730 ullum
991 1700 1070 1731 diem

247 1745 436 1782 discessisse;
449 1743 583 1784 quamvis
596 1742 695 1773 multae
705 1752 739 1773 ac
753 1752 866 1782 magnae
878 1743 988 1775 doloris
999 1754 1071 1775 cau-

249 1789 524 1823 saaacciderintzsed
537 1797 604 1818 cum
616 1788 751 1826 jucunda
762 1796 828 1817 cum
843 1788 1073 1830 molestis,velut

248 1837 278 1867 in
294 1836 414 1873 trutina,
425 1837 562 1874 poneret,
576 1833 642 1872 plus
654 1832 732 1872 apud
747 1832 921 1871 sejucunda
932 1834 1072 1873 ponderis

248 1880 399 1912 habuisse.
426 1878 510 1915 Quod
535 1881 649 1918 spectat
678 1877 711 1908 ad
738 1877 937 1918 Eustathium,
956 1879 1032 1910 hanc
1056 1889 1074 1911 a

247 1925 413 1966 Theophila
426 1926 541 1955 veniam
558 1922 631 1962 petit
646 1922 784 1958 Basilius,
798 1926 829 1952 ut
839 1931 905 1953 cum
927 1923 1070 1955 Eustathii

248 1970 419 2002 communio
432 1977 552 2009 semper
565 1967 622 1998 sibi
636 1967 820 2007 optatissima
830 1967 1070 2007 fuerit,quandiu

249 2018 273 2046 is
284 2026 301 2045 ει
315 2015 483 2046 sanioribus
499 2013 594 2043 stabat
610 2011 743 2052 partibus
757 2021 766 2049 ;
784 2021 863 2042 nunc
876 2021 911 2043 eo
929 2022 996 2044 cum
1014 2015 1069 2045 ad-

250 2060 387 2091 versariis
403 2060 499 2100 palam
517 2062 656 2096 etaperte
670 2056 842 2096 conjuncta,
856 2057 944 2088 liceat
960 2058 1014 2089 sibi
1029 2059 1070 2089 ni-

250 2107 290 2137 hil
307 2107 420 2135 veritati
436 2111 623 2145 praeponere.

289 2150 466 2181 Jamdudum
477 2148 634 2186 scripserat
644 2145 837 2186 TheOphilus,
853 2148 1073 2188 molestumque

250 2195 428 2227 eraitBasilio
438 2193 516 2233 quod
527 2191 702 2222 occasiones
709 2191 1072 2232 deessentrespandendi.

250 2243 308 2273 Sed
327 2241 445 2271 tandem
462 2241 566 2268 nactus
580 2236 774 2276 Strategium,
786 2238 936 2268 commisit
952 2237 979 2268 ei
998 2238 1073 2269 hanc

250 2287 404 2327 epistolam
417 2293 483 2314 cum
498 2283 689 2322 praecedenti.
704 2281 754 2327 Bis
765 2282 885 2327 quidem
897 2282 979 2313 venit
988 2282 1073 2314 Stra-

252 2326 393 2371 tegius,ut
405 2329 492 2359 modo
502 2326 682 2365 valebimus;
692 2326 745 2357 sed
756 2326 852 2367 primo
865 2327 930 2367 ejus
945 2328 1073 2358 adventu

252 2377 375 2407 Basilius
386 2373 550 2413 Theophila
560 2372 690 2412 scripsit:
704 2372 747 2403 sic
759 2372 838 2402 enim
848 2373 877 2402 in
892 2373 1075 2413 praecedenti

251 2422 379 2463 epistola
399 2419 437 2449 de
458 2417 624 2457 Theophila
639 2421 671 2463 et
684 2417 815 2463 acceptis
830 2416 867 2447 ab
895 2426 931 2463 eo
957 2417 1076 2463 injuriis

251 2461 382 2506 loquitur
398 2469 428 2495 ut
435 2464 497 2504 jam
515 2468 575 2493 tum
598 2462 734 2493 videatur
759 2461 945 2502 Theophilus
960 2462 997 2492 ad
1012 2462 1077 2502 ejus

251 2509 494 2541 communionem
500 2506 697 2539 etamicitiam
703 2506 897 2538 rediisse.Ait
905 2507 1076 2546 enim(n.2):

252 2557 275 2588 (ἐ
278 2564 328 2587 um
337 2555 419 2586 omni
429 2554 507 2584 mihi
518 2553 693 2583 reverentia
699 2556 727 2582 et
734 2551 850 2582 honore
860 2552 973 2591 dignus
981 2553 1080 2591 frater

257 2599 435 2641 Theophilus
441 2607 503 2630 uno
515 2607 553 2629 ex
563 2599 609 2629 his
620 2600 672 2637 qui
683 2605 751 2628 cum
759 2605 793 2627 eo
801 2603 872 2627 sum
883 2599 986 2637 misso,
1000 2606 1078 2628 non-

255 2647 342 2677 nulla
356 2645 550 2683 declarasset,
568 2651 636 2683 quae
650 2650 705 2673 nec
718 2642 776 2672 sibi
787 2641 930 2673 indecora
941 2642 1038 2682 dictu,
1054 2644 1081 2673 et

253 2692 342 2723 nobis
358 2692 468 2722 auditu
482 2688 676 2729 congruentia
705 2695 768 2718 esse
780 2686 907 2717 ducebat
921 2697 932 2724 ,-
947 2687 1083 2718 scribere

297 2775 340 2814 ta)
350 2772 410 2814 ΕΡ·
427 2771 496 2814 1130-

297 2812 338 2855 (b)
347 2813 404 2855 Ep.
420 2812 494 2849 378.
510 2822 541 2844 ιι.
557 2815 588 2845 4.

1113 1566 1331 1607 Cappadociam
1346 1570 1375 1596 et
1388 1566 1498 1597 vicinas
1508 1567 1676 1606 provincias
1683 1565 1938 1607 vastante,quibus

1113 1612 1237 1651 angelus
1254 1611 1369 1642 Satanae
1378 1610 1489 1641 bellum
1502 1611 1661 1651 inferebat,
1674 1615 1706 1642 ut
1718 1611 1854 1642 haeresim
1868 1620 1938 1651 pro-

1115 1661 1245 1697 pagaret,
1259 1665 1293 1686 ac
1306 1665 1342 1686 ne
1358 1655 1495 1695 sanguini
1507 1656 1628 1696 quidem
1642 1655 1776 1686 ﬁdelium
1788 1655 1938 1695 parcebat.

1112 1700 1526 1741 NamAsclepiusquidam,eo
1533 1701 1612 1741 quod
1621 1700 1863 1731 communionem
1871 1709 1938 1730 cum

1113 1747 1202 1784 Doec,
1220 1746 1249 1776 id
1260 1751 1316 1783 est,
1330 1755 1397 1777 cum
1408 1746 1558 1776 Frontone
1568 1746 1644 1776 inire
1656 1744 1809 1783 nollet,ab
1821 1745 1940 1776 haereti-

1113 1794 1156 1823 cis
1166 1791 1347 1831 verberatus,
1364 1800 1398 1822 ex
1417 1790 1508 1830 plagis
1535 1791 1661 1822 obierat.
1692 1791 1757 1822 Non
1787 1790 1941 1821 dubitabat

1114 1837 1252 1873 Basilius,
1269 1836 1343 1875 quin
1371 1835 1457 1875 hujus
1473 1837 1517 1866 rei
1543 1835 1620 1866 fama
1641 1835 1679 1866 ad
1696 1835 1938 1875 Amphilochium

1114 1882 1309 1923 pervenisset.
1326 1881 1439 1911 Caetera
1459 1880 1559 1910 omnia
1581 1880 1651 1911 huic
1672 1879 1797 1910 facinori
1811 1888 1938 1919 respon-

1112 1926 1233 1966 debant,
1248 1925 1470 1966 persecutiones
1485 1924 1725 1964 presbyterorum
1739 1928 1769 1954 et
1781 1924 1938 1961 magistra-

1112 1976 1206 2009 tuum,
1226 1975 1255 2001 et
1283 1969 1425 2010 quidquid
1442 1968 1479 1999 ab
1509 1968 1681 1999 hominibus
1709 1971 1882 1998 auctoritate
1903 1969 1938 1998 ad

1111 2016 1265 2047 arbitrium
1282 2013 1476 2045 abutentibus
1492 2013 1640 2053 proficisci
1653 2013 1759 2053 possit.

1152 2061 1215 2091 Jam
1227 2058 1382 2090 absolutus
1394 2062 1457 2088 erat
1469 2058 1546 2088 liber
1558 2058 1601 2089 De
1612 2057 1736 2098 Spiritu
1745 2061 1858 2094 sancto,
1870 2067 1936 2088 cum

1115 2109 1235 2137 sanctus
1247 2103 1476 2143 Amphilochius
1491 2102 1655 2134 Caesaream
1671 2103 1750 2133 venit
1766 2112 1845 2133 anno
1859 2111 1939 2143 prae-

1116 2150 1202 2182 terito
1214 2149 1252 2180 ad
1268 2148 1346 2178 diem
1372 2148 1479 2178 festum
1494 2148 1524 2179 S.
1538 2147 1710 2188 Eupsychii.
1724 2146 1820 2178 Maras
1831 2148 1940 2178 attule-

1117 2199 1187 2226 runt
1202 2193 1331 2225 librariis
1357 2192 1494 2223 mandata
1518 2192 1732 2233 Amphilochii,
1750 2192 1801 2232 qui
1828 2202 1897 2223 eum
1912 2193 1942 2223 iu

1088 2231 1109 2256 υ
1118 2239 1302 2271 membranis
1313 2238 1496 2278 descriptum
1509 2231 1612 2270 voluit.
1626 2236 1687 2269 Sub
1704 2231 1793 2268 finem
1806 2237 1942 2276 ejusdem

1115 2285 1185 2316 anni
1203 2283 1346 2324 promittit
1362 2292 1394 2313 se
1405 2283 1567 2313 missurum
1592 2281 1665 2312 illud
1688 2290 1773 2321 opus,
1804 2282 1828 2311 si
1855 2290 1943 2321 quem

1114 2330 1257 2360 idoneum
1272 2327 1414 2365 inveniat,
1427 2327 1475 2358 cui
1492 2326 1702 2367 perferendum
1728 2326 1942 2358 committatur.

1117 2374 1210 2414 Hujus
1220 2376 1299 2404 enim
1313 2371 1459 2404 cautionis
1472 2371 1681 2402 necessitatem
1694 2370 1837 2402 all'erebat
1847 2380 1946 2411 perse-

1119 2419 1209 2450 cutio.
1226 2418 1300 2449 Cum
1318 2417 1471 2447 neminem
1483 2416 1633 2456 ejusmodi
1655 2416 1801 2447 hactenus
1813 2416 1945 2446 invenis-

1119 2468 1176 2501 set,
1194 2467 1280 2503 rogat
1296 2461 1538 2502 Amphilochium
1561 2462 1590 2492 in
1607 2461 1662 2492 hac
1684 2460 1810 2502 epistola
1827 2462 1898 2501 248,
1916 2467 1946 2492 ut

1120 2508 1145 2538 si
1157 2517 1245 2548 quem
1260 2507 1325 2547 ipse
1336 2506 1476 2547 reperiat,
1491 2515 1567 2546 opus
1581 2504 1857 2538 accersat.Nolebat
1865 2506 1946 2537 enim

1122 2552 1249 2584 Basilius
1265 2551 1339 2581 illud
1351 2551 1505 2582 hominum
1514 2550 1636 2590 judiciis
1646 2550 1845 2586 committere,
1859 2555 1946 2581 ante-

1122 2605 1211 2637 quam
1228 2595 1436 2636 Amphilochio
1453 2596 1609 2635 probatum
1620 2594 1735 2626 fuisset.

1164 2642 1300 2681 Sequens
1319 2640 1456 2681 epistola,
1475 2649 1541 2680 qua;
1555 2638 1751 2679 inscriptione
1766 2643 1857 2677 caret,
1869 2638 1948 2670 inter

1124 2685 1178 2716 hos
1190 2685 1338 2716 tumultus
1350 2686 1468 2716 videtur
1490 2687 1612 2724 scripta.
1629 2684 1707 2715 Num
1734 2692 1802 2715 cum
1817 2684 1945 2725 aliquem

1165 2767 1206 2806 (c)
1217 2766 1275 2807 sp.
1290 2766 1362 2798 247.
