4142 6408
1716 355 1902 420 VITA
1948 353 2006 417 S.
2053 353 2348 418 BASILII.

3516 367 3720 425 CXLVII

341 492 470 556 vitae
491 490 1121 572 monasticaecupidum
1138 492 1443 572 proposito
1464 492 1979 554 monasteriicom-
2003 511 2040 545 Α
2064 495 2222 570 rent,
2249 508 2316 551 ac
2345 492 2616 568 exiguam
2665 507 2798 552 esse
2849 495 3073 570 partem
3133 492 3539 573 considerent,
3587 514 3716 576 quae

343 583 969 665 mendaret,przeclare
995 601 1126 642 cum
1158 600 1227 641 eo
1249 582 1373 641 viro
1399 581 1489 658 agi
1520 581 1834 651 existimat,
1866 601 1983 643 non

339 677 532 738 solum
557 675 711 757 quod
741 673 960 734 bonum
982 671 1094 732 sibi
1114 672 1184 731 ad
1214 672 1466 731 futuram
1488 672 1658 731 vitam
1680 670 1980 751 viaticum,

339 766 563 827 bonum
589 785 720 827 cum
748 762 1096 824 hominibus
1128 763 1442 823 Dominum
1470 760 1815 820 timentibus
1847 780 1985 822 con-

337 857 556 917 victum
594 856 787 933 eligat,
826 853 929 913 sed
968 852 1142 911 etiam
1176 851 1330 928 quod
1363 852 1544 925 hisce,
1581 851 1788 931 inquit,
1837 868 1982 910 nos-

341 953 453 1009 tris
487 943 847 1007 tumultibus
880 941 1188 1002 liberetur.

421 1035 518 1098 ιν.
533 1034 888 1113 Superiores
905 1030 1108 1090 Basilii
1135 1030 1206 1090 ad
1228 1030 1630 1110 Patrophilum
1656 1029 1869 1091 littera
1890 1049 1984 1092 ce-

340 1126 524 1188 lerem
559 1123 1013 1204 responsionem
1048 1118 1793 1197 merebantur.Rogabatur
1822 1120 1981 1181 enim

343 1214 814 1294 Patrophilus,ut
829 1211 1010 1272 misso
1028 1211 1244 1274 iterum
1264 1209 1551 1289 Strategio
1565 1209 1978 1290 responderet,

2072 579 2277 639 morbo
2302 580 2544 641 haeresis
2577 579 2827 659 laborat,
2859 579 3150 659 reliquam
3201 598 3340 640 vero
3385 580 3711 646 Ecclesiam

2069 669 2126 730 in
2157 689 2297 731 sana
2329 681 2385 731 et
2416 671 2761 751 incorrupta
2784 670 3054 730 doctrina
3087 671 3329 731 versari.

2147 759 2429 823 Numerat
2451 761 2701 822 Basilius
2723 766 2803 833 (n.
2833 758 2893 838 2)
2928 777 3117 820 annos
3145 759 3352 819 decem
3386 769 3444 820 et
3480 775 3712 842 septem

2069 869 2186 910 non
2208 859 2492 914 exactosa
2529 850 2782 911 concilio
2815 849 3491 930 Constantinopolitano,
3516 851 3576 910 in
3598 871 3713 931 quo

2071 939 2380 1018 depositus
2411 949 2498 1001 est
2523 937 2866 1000 Eustathius
2889 955 3044 997 anno
3065 937 3182 999 360
3199 938 3464 1000 ineunte.
3491 939 3572 999 Ex
3597 960 3714 1018 quo

2071 1037 2229 1108 patet
2263 1030 2413 1090 hanc
2436 1028 2747 1108 epistolam
2781 1046 2936 1087 anno
2963 1025 3078 1088 376
3096 1026 3378 1107 scriptam
3404 1047 3557 1092 esse.
3594 1032 3711 1094 Sed

2066 1137 2198 1178 cum
2223 1118 2641 1179 Tillemontius
2671 1115 2927 1178 Arianos
2958 1116 3257 1177 existimet
3287 1135 3319 1177 e
3360 1119 3580 1180 Galatia
3607 1139 3711 1180 ac—

2066 1208 2310 1271 cersitos
2338 1209 2409 1268 ab
2437 1207 2747 1269 Eustathio
2773 1206 2956 1267 fuisse
2998 1224 3156 1266 anno
3184 1205 3395 1288 376,in
3433 1210 3621 1270 varias
3649 1228 3715 1271 se

341 1314 533 1366 utrum
561 1305 619 1364 in
644 1303 843 1366 Basilii
864 1310 1129 1363 maneret
1154 1302 1678 1365 communione.an
1707 1307 1892 1360 totum
1919 1318 1984 1360 se
2066 1297 2307 1376 conjicit
2336 1299 2635 1376 ambages,
2673 1305 2735 1356 ut
2764 1295 3020 1376 explicet
3043 1297 3203 1372 quod
3235 1303 3314 1358 ait
3346 1299 3623 1380 Basilius,
3651 1300 3710 1361 id

336 1393 627 1455 Eustathii
661 1393 931 1471 partibus
960 1391 1312 1453 addixisset.
1356 1389 1591 1452 Tardus
1639 1391 1746 1450 fuit
1774 1388 1845 1449 ad
1877 1409 1979 1450 re-
2062 1386 2280 1448 factum
2314 1405 2474 1449 anno
2493 1391 2809 1466 praeterito
2855 1386 3065 1447 fuisse.
3121 1385 3467 1466 Suspicatur
3490 1389 3709 1453 Orien-

334 1481 749 1564 spondendum
778 1484 1093 1561 ngeensis
1115 1479 1856 1563 episcopus.Tandem,ubi
1894 1498 1982 1540 sa-
2066 1477 2210 1538 tales
2241 1497 2463 1538 annum
2496 1478 2761 1556 incipere
2792 1476 2987 1537 solere
3017 1494 3050 1535 a
3096 1495 3302 1537 mense
3341 1476 3706 1558 Septembri,

337 1576 411 1638 tis
442 1572 807 1634 deliberasse
831 1572 946 1633 sibi
977 1571 1131 1632 visus
1169 1579 1280 1652 est,
1318 1589 1424 1651 per
1449 1570 1724 1632 eumdem
1751 1571 1978 1631 Strate-
2065 1585 2132 1627 ac
2165 1567 2492 1647 proinde,si
2513 1567 2638 1627 haec
2670 1565 2914 1645 epistola
2945 1564 3254 1644 rejiciatur
3284 1575 3416 1647 post
3441 1588 3708 1632 mensem

334 1665 494 1745 gium
520 1663 761 1742 scripsit
794 1681 856 1722 se
885 1663 1162 1723 eumdem
1205 1680 1336 1722 esse
1364 1680 1502 1739 erga
1532 1659 1841 1734 Basilium,
1879 1666 1978 1742 qui
2067 1655 2509 1736 Septembrem,
2546 1655 2829 1717 Basiliam
2861 1654 2920 1715 id
2959 1657 3260 1734 praterito
3291 1675 3447 1719 anno
3486 1659 3708 1722 factum

331 1758 620 1818 hactenus
644 1753 943 1825 fuerat,ita
974 1759 1170 1812 tamen
1194 1759 1259 1810 ut
1290 1770 1322 1811 a
1353 1769 1458 1810 sua
1492 1751 1551 1810 in
1591 1751 1974 1814 Eustathium
2006 1749 2038 1796 Β
2063 1746 2266 1808 dicere
2295 1745 2947 1827 potuisse,quodverno
2973 1753 3239 1824 tempore
3260 1748 3534 1811 anni376
3563 1769 3704 1811 eve-

335 1843 735 1928 propensione
769 1861 884 1902 non
921 1842 1169 1901 multum
1206 1839 1565 1915 discederet,
1593 1858 1660 1901 ac
1685 1841 1885 1901 Basilii
1919 1844 1976 1904 in
2063 1847 2250 1898 nerat.
2272 1836 2562 1928 Quamvis
2590 1843 2789 1928 autem
2833 1833 3282 1928 probaverimus
3302 1838 3371 1928 in
3405 1839 3599 1918 capite
3631 1840 3708 1901 34

333 1925 682 2013 deneganda
732 1931 1040 1993 Eustathio
1109 1929 1531 1991 communione
1585 1933 1975 1994 constantiam
2062 1927 2352 1988 Eustathii
2387 1925 2875 2005 conjunctionem
2930 1943 3063 1985 cum
3112 1925 3347 1986 Arianis
3403 1946 3558 1989 anno
3588 1931 3706 1990 375

328 2027 524 2088 minus
554 2023 858 2102 probaret.
2060 2025 2195 2077 ante
2217 2015 2427 2079 Natale
2449 2014 2687 2077 Domini
2722 2013 3024 2102 evenisse,
3057 2014 3183 2074 haec
3216 2022 3412 2076 tamen
3436 2019 3508 2078 ad
3538 2015 3705 2080 Eve-

412 2101 649 2179 Gratias
681 2113 798 2191 agit
828 2112 1080 2172 Basilius
1109 2110 1264 2190 quod
1292 2111 1448 2172 idem
1483 2129 1622 2187 erga
1644 2129 1706 2172 se
1731 2130 1969 2191 perma-
2057 2122 2235 2166 senos
2267 2105 2517 2184 epistola
2552 2111 2682 2183 post
2713 2101 3129 2191 Septembrem
3160 2104 3493 2182 rejicienda
3526 2119 3705 2188 esset,

328 2203 610 2268 neat.Sed
645 2190 730 2262 iis
747 2202 1010 2281 omissis,
1033 2220 1164 2280 qua:
1181 2201 1253 2261 de
1274 2202 1584 2264 Eustathio
1607 2190 1974 2265 disseruerat

2080 2201 2104 2254 .i
2133 2195 2535 2275 Cappadoces,
2572 2202 2635 2254 ut
2665 2191 2967 2253 existimat
3008 2190 3450 2272 Tillemontius,
3485 2215 3706 2259 annum

325 2295 723 2375 Patrophilus,
760 2293 976 2354 factum
1011 2310 1185 2352 suum
1239 2292 1352 2352 hoc
1393 2311 1511 2352 uno
1564 2291 1808 2354 rationis
1841 2311 1968 2358 mo-
2055 2286 2447 2365 incoepissent
2478 2302 2512 2344 a
2545 2301 2751 2345 mense
2781 2281 3140 2375 Septembri.
3185 2284 3304 2345 Sed
3350 2286 3474 2348 hac
3505 2290 3707 2369 Opinio

324 2372 522 2447 mento
540 2381 992 2462 defendit,quod
1015 2401 1147 2442 cum
1165 2383 1505 2444 Eustathius
1523 2382 1713 2462 palam
1733 2392 1966 2464 etaper-
2055 2396 2174 2437 non
2202 2375 2431 2454 magnis
2445 2374 2652 2435 nititur
2675 2372 3319 2464 momentis,longeque
3340 2376 3708 2455 probabilius

327 2485 384 2538 te
415 2461 950 2537 communicaverit
979 2491 1111 2532 cum
1148 2472 1389 2546 Galatis,
1415 2461 1614 2550 quiab
1650 2461 1966 2550 insignium
2055 2478 2143 2527 est
2173 2467 2407 2526 initium
2439 2466 2575 2525 anni
2600 2463 2756 2543 apud
2783 2461 3166 2540 Cappadoces
3197 2482 3230 2523 a
3256 2483 3464 2528 mense
3495 2471 3704 2531 Martio

322 2566 674 2627 Arianorum
714 2561 986 2641 partibus
1018 2560 1334 2642 stabant,si
1363 2580 1497 2622 cum
1530 2562 1822 2640 ejusmodi
1856 2564 1965 2625 ho-
2051 2557 2373 2635 repetitum
2407 2554 2613 2615 fuisse.
2648 2556 2798 2642 Nam
2842 2551 3099 2642 Basilius
3141 2556 3201 2614 in
3234 2555 3408 2634 epist.
3435 2558 3538 2638 69,
3571 2578 3707 2636 quae

322 2654 581 2716 minibus
637 2652 1084 2714 communicare
1126 2641 1343 2728 ,liceat,
1380 2652 1554 2711 etiam
1591 2670 1724 2712 cum
1759 2671 1964 2715 eorum
2053 2645 2233 2708 citius
2267 2663 2472 2705 mense
2497 2641 2840 2723 Septembri
2873 2641 3055 2702 scribi
3075 2660 3195 2702 non
3219 2645 3703 2726 potuit,sanctum

320 2745 572 2806 ducibus
601 2753 660 2805 et
698 2741 997 2822 magistris
1051 2741 1247 2821 liceat,
1282 2759 1534 2822 quorum
1566 2750 1765 2803 tamen
1798 2763 1966 2805 com-
2055 2735 2448 2798 Athanasium
2478 2731 3136 2822 rogat,utDor_otheum
3159 2733 3232 2792 ad
3257 2734 3509 2810 primam
3532 2739 3701 2799 navi-

321 2835 663 2897 munionem
697 2819 965 2906 fugiebat
1001 2819 1403 2908 Patrophilus.
2053 2825 2350 2904 gationem
2379 2824 2660 2896 dimittat,
2706 2828 2772 2883 ut
2803 2819 3014 2882 saltem
3041 2824 3256 2900 possit,
3291 2823 3504 2903 inquit,
3540 2845 3705 2890 anno

399 2929 738 2988 Evaesenam
771 2922 1263 3002 Ecclesiam,quaz
1284 2923 1477 2984 vicina
1509 2931 1634 2984 erat
1658 2922 1963 3006 Caesareae,
1993 2997 2025 3006 _
2051 2917 2323 2994 sequenti
2341 2914 2579 3006 aliqttid
2598 2914 2738 2992 ﬁeri
2759 2928 2965 3006 eorum
2989 2929 3132 3006 quea
3153 2930 3498 3006 precamur.
3525 2918 3708 2980 Plana

320 3015 467 3077 nihil
489 3014 719 3076 laeserat
743 3023 1078 3094 temporum
1100 2997 1510 3089 di-fﬁcultas,id
1532 3014 1687 3094 quod
1713 2997 1967 3077 maxime

2080 3015 2144 3067 εει
2167 3015 2224 3067 et
2245 3012 2451 3087 aperta
2483 3004 2608 3066 hac
2638 3001 2850 3082 oratio,
2885 3001 2935 3094 si
2956 3002 3097 3062 anni
3117 3001 3354 3094 initium
3389 3015 3515 3067 erat
3542 3009 3702 3087 apud

316 3123 516 3167 rarum
544 3113 670 3167 erat
697 3111 753 3164 et
783 3091 1029 3165 inventu
1055 3103 1295 3164 difﬁcile
1332 3121 1344 3166 :
1392 3091 1621 3184 integra
1652 3112 1777 3167 erat
1809 3105 1965 3187 apud
2051 3097 2433 3179 Cappadoces
2483 3094 2708 3187 mensis
2748 3091 3050 3187 Martius;
3088 3091 3208 3187 Sed
3226 3093 3274 3153 si
3307 3092 3700 3176 Septembris,

317 3213 419 3257 eos
452 3204 508 3256 et
538 3194 759 3256 intacta
790 3193 940 3256 ﬁdes
995 3194 1361 3274 apostolica;
1394 3213 1458 3256 ac
1491 3213 1664 3256 suum
1699 3183 1966 3258 veritatis
2050 3188 2354 3264 quomodo
2388 3186 2638 3248 Basilius
2679 3183 2849 3245 initio
2901 3184 3040 3244 anni
3068 3183 3362 3274 scribens,
3409 3206 3528 3248 non
3560 3190 3706 3252 satis

316 3304 580 3347 amorem
607 3285 840 3363 egregie
873 3284 1280 3354 declararunt,
1311 3303 1444 3345 cum
1468 3292 1721 3346 structas
1743 3285 1964 3348 Basilio
2049 3296 2366 3359 superesse
2400 3277 2800 3338 existimasset
2825 3273 3136 3354 temporis,
3159 3273 3423 3356 satisque
3451 3278 3700 3341 habuis-

318 3375 721 3437 calumniasin
743 3373 1148 3434 mentientium
1165 3373 1966 3451 capitarejecerunt.Praeter
2048 3377 2156 3448 εει,
2194 3368 2244 3429 si
2279 3369 2486 3429 saltem
2520 3385 2675 3427 anno
2721 3364 2998 3444 sequenti
3045 3373 3322 3446 suscepta
3350 3368 3598 3432 consilia
3627 3371 3701 3433 ad

315 3463 807 3542 libellos,quibus
828 3461 1116 3521 Basilium
1159 3459 1500 3519 Eustathius
1533 3471 1669 3522 ante
1701 3470 1819 3523 tres
1849 3482 1962 3522 an-
2048 3458 2270 3517 exitum
2307 3454 2830 3536 perducerentur‘?

315 3570 424 3612 nos
455 3547 1139 3627 laceraverat,videntur
1162 3546 1485 3606 recentiori
1505 3549 1720 3609 astutia
1742 3551 1832 3610 vel
1863 3569 1968 3628 per
2126 3544 2439 3605 Existimat
2463 3543 2880 3606 Tillemontius
2916 3543 3005 3622 (α)
3035 3545 3365 3606 orationem
3396 3549 3600 3611 Basilii
3640 3553 3700 3612 in

316 3658 380 3700 se
409 3637 656 3719 ipse,vel
695 3655 800 3716 per
834 3635 1176 3696 emissarios
1208 3651 1349 3695 suos
1392 3636 1754 3714 persuadere
1796 3639 1964 3700 Evag-
2047 3632 2683 3722 sanctumlilamantem
2704 3632 2896 3710 primo
2915 3632 3171 3692 annidie
3199 3634 3458 3722 habitam
3484 3639 3695 3722 fuisse;

321 3728 480 3790 senis
514 3726 771 3788 voluisse
801 3731 881 3798 (η.
914 3726 1003 3804 4),
1037 3725 1308 3786 ordinem
1357 3733 1575 3789 sanctae
1603 3728 1906 3790 Trinitatis
1930 3749 1961 3792 a
2054 3733 2113 3782 θι
2145 3739 2278 3780 cum
2312 3720 2373 3784 S-
2433 3722 2703 3800 martyris
2753 3722 2964 3780 festum
3020 3722 3178 3799 apud
3226 3721 3459 3787 ercos
3491 3720 3697 3792 mense

318 3817 541 3880 Basilio
573 3816 901 3898 immutari,
938 3834 1006 3878 ac
1039 3814 1331 3897 Spiritum
1356 3816 1518 3878 Patri
1546 3825 1602 3880 et
1632 3817 1780 3880 Filio
1811 3837 1963 3899 prae.-
2053 3809 2395 3892 Septembri
2425 3811 2786 3899 celebretur,
2819 3809 3049 3899 initium
3086 3812 3226 3870 anni
3274 3815 3430 3892 apud
3462 3816 3696 3898 Cappa-

314 3908 475 3990 poni.
889 3897 894 3898 ί
1811 3897 1825 3899 “
2052 3901 2232 3964 doces
2253 3921 2287 3962 a
2309 3902 2500 3983 primo
2526 3897 2899 3990 Septembris
2929 3897 3039 3990 die
3058 3901 3295 3990 repetit.
3331 3905 3448 3965 Sed
3480 3897 3694 3969 festum

395 4000 754 4060 Persuasum
770 3996 1213 4059 habetBasilius
1229 4013 1497 4074 magnam
1516 3997 1966 4063 foreEvaaseno-
2050 3991 2113 4055 S.
2142 3993 2452 4055 Mamantis
2483 3990 2745 4053 secundo
2778 3987 3149 4080 Septembris
3181 3992 3300 4068 die,
3324 4011 3443 4055 non
3475 3999 3692 4080 primo,

311 4107 443 4150 rnm
467 4087 998 4169 mercedem,quod
1016 4085 1648 4149 calumniisaditumin
1664 4090 1842 4152 corda
1860 4110 1964 4153 sua
2045 4084 2201 4164 apud
2232 4085 2467 4147 Graecos
2498 4081 2858 4154 celebratur,
2899 4077 3246 4157 vigebatque
3276 4082 3403 4144 haec
3436 4077 3694 4149 consue;

312 4198 429 4240 non
463 4179 743 4240 dederint
780 4196 792 4237 :
829 4195 1055 4258 eosque
1088 4175 1477 4256 laudat,quod
1509 4181 1795 4257 praeclare
1825 4183 1959 4243 ani-
2047 4169 3693 4259 tudoConstantinopoli,utobservat'l‘illemontius,tem-

313 4268 762 4342 madverterint,
789 4268 1160 4348 iniquitatem
1187 4266 1717 4330 etinconstantiam
1742 4274 1956 4333 Eusta-
1986 4276 2021 4327 ἓ
2047 4284 2191 4347 pore
2215 4265 2434 4327 Leonis
2457 4262 2967 4326 Thracis.Deinde
2991 4280 3127 4323 vero
3149 4263 3356 4325 Basilii
3375 4267 3552 4330 verba
3574 4289 3693 4333 non

314 4356 1962 4441 thii,quicumNiczenaeﬁdeisubscripsissetRomae,pos-
2043 4356 2131 4417 sic
2159 4357 2352 4437 accipi
2385 4356 2630 4431 debent,
2666 4353 2837 4433 quasi
2895 4352 3021 4414 dies
3067 4352 3252 4416 festus
3283 4355 3345 4420 S.
3381 4359 3695 4425 Mamantis

310 4448 621 4510 teaBasilio
637 4447 1158 4509 bellumintuliteo
1174 4445 1959 4528 quod,ipsiuspetitu,eidem
2047 4447 2238 4526 primo
2268 4448 2408 4507 anni
2459 4446 2650 4508 civilis
2701 4445 2801 4508 die
2833 4443 3284 4524 celebraretur;
3314 4449 3419 4510 sed
3452 4470 3587 4512 cum
3620 4454 3691 4514 ad

311 4535 1303 4616 formulaiterumsubscripsisset;
1340 4547 1546 4600 etcum
1579 4538 1830 4602 Arianos
1850 4560 1957 4602 ne-
2046 4537 2203 4597 hunc
2230 4536 2387 4599 diem
2425 4555 2637 4616 magna
2681 4535 2991 4597 hominum
3028 4535 3341 4598 multitudo
3372 4543 3693 4620 quotannis

310 4627 1836 4709 gassetepiscoposessenunciissupplicatquosilli
1859 4650 1960 4693 or-
2045 4628 2402 4709 conﬂueret,
2435 4638 2564 4689 erat
2594 4627 2696 4689 ille
2729 4626 2859 4687 dies
2895 4633 2954 4686 et
2977 4627 3260 4706 praeteriti
3302 4630 3444 4691 anni
3477 4631 3613 4693 ﬁnis
3634 4644 3694 4694 et

312 4718 618 4795 dinavere;
655 4727 867 4780 etcum
882 4716 1794 4798 violenterexagitasseteos,qui
1820 4739 1954 4783 cum
2043 4716 2178 4777 novi
2213 4717 2652 4798 quodammodo
2682 4717 2941 4780 initium.
2969 4715 3067 4777 Sic
3096 4715 3360 4796 loquitur
3383 4719 3639 4782 Basilius
3671 4743 3686 4786 :

306 4807 548 4869 Arianis
579 4807 1299 4882 communicabant,nunc
1320 4806 1671 4871 Arianorum
1694 4828 1957 4872 commu-

2080 4817 2104 4864 )
2136 4807 2188 4862 δὲ
2223 4810 2564 4888 περιαγαγὼν
2624 4810 2779 4884 ἡμῶν
2833 4809 2932 4876 τὴν
2991 4808 3284 4886 πανήγυριθ
3337 4812 3556 4885 ταύτην,
3603 4817 3690 4870 καὶ

307 4896 551 4961 nionem
582 4898 986 4979 persequitur.
1017 4897 1258 4958 Fatetur
1287 4896 1542 4958 Basilius
1577 4898 1862 4961 humilem
1895 4919 1959 4962 se

2080 4896 2205 4976 τέρας
2251 4896 2370 4963 δοὺς
2401 4912 2525 4962 ταῖς
2561 4911 2873 4979 περυσιναϊς
2936 4901 3153 4977 εὐχαῖς,
3187 4900 3274 4954 καὶ
3309 4899 3544 4977 κεφαλὴν
3575 4901 3687 4965 δοὺς

309 5005 445 5049 esse
474 4995 532 5049 et
562 5006 834 5068 parvum,
869 4987 972 5048 sed
1012 4995 1211 5049 tamen
1243 4988 1520 5049 eumdem
1553 5007 1796 5071 semper
1819 5008 1958 5052 esse

2080 4989 2118 5064 ᾧ
2150 4989 2353 5046 ἐπιόντι
2397 4990 2578 5070 χρόνῴ
2613 4992 2681 5064 (ὼ
2714 4989 2813 5067 γὰρ
2855 4987 2990 5054 αὐτὴ
3041 4986 3212 5065 ἡμέρα
3244 4989 3400 5066 ὁρίζει
3434 4993 3569 5066 ἡμῖν
3600 4996 3689 5050 τὸν

309 5095 423 5139 nec
437 5097 696 5159 unquam
712 5096 845 5140 cum
860 5077 1042 5138 rebus
1060 5078 1432 5139 immutatum
1448 5076 1596 5140 .Non
1611 5078 1784 5141 aliam
1802 5079 1957 5161 apud

2083 5077 2369 5157 αρελθὸντα
2423 5078 2638 5159 κύκλον,
2697 5081 2783 5135 καὶ
2871 5076 3080 5158 κεφαλὴ
3141 5078 3339 5155 γίνεται
3399 5080 3557 5137 πάλιν
3611 5091 3688 5158 τῷ

310 5184 378 5229 se
403 5166 584 5228 ﬁdem
618 5187 751 5230 esse
811 5167 1130 5249 Seleucize,
1190 5167 1362 5230 aliam
1420 5166 1954 5251 Constantinopoli,

2080 5168 2556 5247 περχομέμῳ)..,..
2592 5165 2953 5247 διαφυλάξειεν
2974 5169 3116 5242 ἡμᾶς
3144 5166 3194 5224 ἐν
3229 5170 3373 5244 αὐτῷ
3406 5168 3682 5238 ἆὸλαὸετς,

309 5256 495 5318 aliam
522 5256 674 5320 Zelis
699 5266 756 5320 et
783 5257 1092 5338 Lampsaci
1110 5257 1378 5338 aliam,et
1398 5258 1603 5319 Romae
1620 5259 1820 5341 aliam,
1849 5277 1959 5321 nec
2046 5257 2174 5333 Qui
2203 5275 2342 5320 vero
2366 5258 2524 5321 hanc
2574 5263 2846 5319 nostram
2886 5254 3296 5320 Celebritatem
3332 5260 3599 5338 reduxit,
3634 5270 3690 5326 et

324 5365 483 5410 nunc
516 5367 727 5410 novam
788 5347 1166 5411 circumferri
1221 5366 1255 5409 a
1305 5348 1602 5428 prioribus
1641 5349 1957 5411 diversam.
2038 5349 2334 5427 praeteriti
2372 5354 2522 5410 anni
2577 5349 2732 5411 votis
2787 5347 2970 5426 ﬁnem
3019 5347 3185 5409 dedit
3242 5357 3295 5410 et
3350 5352 3693 5415 succedenti

315 5432 598 5501 Hortatur
626 5438 963 5516 Evaasenos,
990 5446 1053 5499 ut
1080 5438 1142 5502 in
1164 5438 1283 5502 ﬁde
1307 5446 1649 5502 constanter
1677 5457 1959 5521 perseve—
2046 5439 2316 5520 tempori
2344 5440 2592 5502 initium
2635 5438 2902 5516 largitus
2948 5444 3036 5499 est
3089 5439 3328 5517 (eadem
3371 5444 3534 5504 enim
3561 5444 3691 5508 dies

393 5600 484 5684 (α)
515 5603 689 5666 Τοω.
714 5601 818 5680 IV,
853 5623 908 5684 p.
947 5600 1082 5665 358.
