4142 6430
1797 331 2388 421 PROLEGOMENA.

437 486 522 550 Et
533 488 704 578 pacis
725 487 988 578 quidem,
1011 487 1466 568 inquit,semper
1484 491 1702 569 optavi
1721 489 2086 551 conciliator
2105 494 2144 541 A
2168 486 2335 549 silius
2353 493 2594 571 quinam
2620 495 2681 556 in
2701 494 2990 570 Ecclesia,
3017 496 3076 556 in
3111 517 3224 578 qua
3246 497 3499 574 degebat
3519 497 3819 578 Urbicius,

436 577 698 647 esse,sed
710 593 773 636 re
794 577 1290 655 infecta,mwreo;
1313 579 1788 668 quomodoenim
1806 597 1918 638 non
1937 597 2080 638 man
2171 579 2296 637 sani
2322 581 2532 654 sint,ut
2553 585 2770 664 quibus
2790 577 3178 646 scribendum
3205 587 3280 646 sit
3298 598 3355 647 et
3376 594 3434 649 in
3463 591 3679 668 quibus
3712 577 3820 653 acé

435 685 635 729 rerem
656 672 684 728 ‘?
702 665 872 738 Quali
894 674 1092 726 autem
1118 684 1188 726 ex
1213 684 1440 743 genere
1467 668 1541 727 sit
1564 667 1860 728 dissensio
1887 672 1942 726 in
1966 687 2085 726 mo-
2172 668 2598 744 quiescendum
2619 675 3115 748 cognoscat-Cum
3139 683 3338 735 autem
3365 665 3655 739 ἃιιά-ίίεεθῑ
3677 701 3791 742 non

433 755 813 818 nasterioillo
839 765 1041 817 exorta
1066 755 1414 834 perspicere
1429 775 1743 837 possumus
1763 776 1830 817 ex
1847 758 1938 816 his
1954 776 2084 836 quae
2174 755 2366 818 nullos
2397 779 2464 820 ex
2498 762 2570 821 iis
2599 761 2700 841 qui
2734 781 2868 822 cum
2903 761 3139 824 Urbicio
3170 774 3364 843 erant,
3403 769 3592 828 Deum
3627 769 3818 849 ipsum

433 855 803 926 sequuntur:
831 845 951 908 Sed
968 853 1170 907 tamen
1190 864 1260 907 ea
1283 865 1464 907 causa
1480 865 1826 908 succensere
1855 851 2083 908 nemini
2171 847 2229 904 in
2249 865 2489 909 carnem
2516 870 2866 914 conversum
2891 853 3121 927 dicere,
3143 852 3406 916 breviter
3426 845 3694 919 errorem
3719 879 3817 920 re-

424 955 671 1021 possum
702 953 877 1012 ;cum
899 937 1089 1024 sciam
1110 937 1278 1014 paris
1301 932 1515 997 bonum
1533 939 1667 1013 jam
1690 937 1829 997 olim
1852 956 1885 994 α
1913 937 2082 997 nobis
2167 936 2786 1020 t'ellit,l}rbiciumque
2811 942 3083 1004 hortatur
3105 953 3167 1004 ut
3189 943 3312 1004 haec
3340 946 3612 1024 impietas
3635 949 3818 1010 eccle-

428 1047 551 1092 esse
569 1027 895 1090 sublatum.
930 1022 1058 1085 Non
1093 1023 1178 1083 sic
1213 1023 1445 1085 locutus
1475 1025 1684 1116 fuisset
1735 1025 2011 1116 Basilius,
2032 1026 2079 1084 si
2167 1024 2403 1087 siastica
2426 1030 2850 1094 emendatione
2871 1050 2987 1092 non
3011 1033 3324 1094 careat.Ex
3342 1022 3457 1112 quo
3483 1036 3680 1116 colligi
3705 1058 3813 1116 po-

430 1117 732 1199 ejusmodi
779 1114 1056 1176 homines
1086 1131 1289 1174 errore
1329 1114 1681 1207 Apollinarii
1707 1115 1906 1175 infecti
1941 1116 2079 1175 fuis-
2169 1124 2280 1207 test
2302 1117 2462 1178 hunc
2484 1117 2788 1180 Urbicium
2814 1120 2904 1181 vel
2932 1121 3277 1182 monasterii
3305 1114 3813 1207 praepositumﬁel

436 342 510 415 ci.

427 1217 583 1271 sent.
611 1206 741 1268 Non
777 1204 935 1266 enim
966 1210 1237 1280 negasset
1258 1220 1322 1262 se
1346 1202 1464 1263 illis
1485 1221 1845 1265 succensere
1872 1224 2066 1285 posse:

429 1300 535 1363 sed
567 1297 727 1358 illius
760 1295 1064 1355 lenitatem
1099 1291 1238 1352 inde
1269 1299 1458 1352 ortam
1493 1302 1656 1370 puto,
1692 1296 1846 1372 quod
1881 1295 2069 1374 Apol-

428 1388 710 1452 linarium
739 1385 989 1464 ejusque
1021 1380 1311 1441 nonnulla
1341 1380 1501 1442 dicta
1537 1383 1622 1446 sic
1653 1383 2066 1452 defenderent,

429 1485 492 1538 ut
545 1475 859 1539 sententiae
934 1473 1278 1552 pravitatem
1342 1471 1588 1531 minime
1647 1488 2068 1552 sequerentur.

427 1567 592 1630 Idem
625 1567 749 1626 fere
783 1560 897 1623 sibi
951 1561 1224 1621 evenisse
1272 1567 1519 1620 testatur
1563 1561 1926 1640 Epiphanius
1962 1568 2070 1643 (τι),

424 1665 740 1736 antequam
791 1649 1142 1730 Apollinarii
1195 1649 1465 1712 haeresim
1513 1653 1803 1731 cognitam
1841 1671 1890 1712 ei
1933 1674 2068 1734 per-

2158 1203 2356 1284 aliquo
2381 1208 2807 1270 ecclesiasticae
2830 1210 3132 1287 dignitatis
3147 1213 3331 1288 gradu
3352 1214 3660 1293 praeditum
3678 1203 3814 1278 luis.

2157 1294 2438 1356 se.Nemo
2465 1304 2555 1357 est
2575 1298 2673 1377 qui
2700 1317 2814 1358 non
2837 1300 3030 1358 videat
3053 1301 3111 1359 in
3139 1301 3249 1360 hac
3271 1311 3332 1362 et
3357 1303 3654 1382 superiori
3677 1308 3806 1384 epi-

2161 1385 2304 1443 stola
2335 1385 2684 1462 Apollinarii
2723 1398 3060 1448 commenta
3091 1389 3398 1449 damnari:
3446 1410 3553 1452 nec
3591 1393 3804 1454 mirum

2158 1471 2345 1533 videri
2373 1475 2554 1535 debet
2581 1476 2632 1535 si
2659 1493 2775 1536 non
2805 1496 2959 1536 unus
2984 1488 3042 1538 et
3075 1479 3232 1538 idem
3261 1497 3431 1540 error
3462 1480 3520 1540 in
3556 1491 3804 1562 utraque

2159 1562 2408 1641 epistola
2440 1564 2767 1627 refellatur.
2799 1570 3016 1630 Narrat
3045 1567 3205 1628 enim
3239 1569 3614 1648 Epiphanius
3641 1572 3712 1650 (fi
3741 1591 3808 1633 se

2163 1652 2322 1712 inter
2347 1654 2700 1730 Apollinarii
2725 1665 3052 1718 sectatores
3085 1675 3354 1734 magnam
3377 1661 3805 1722 sententiarum

426 1755 694 1828 spectam
749 1745 1019 1805 haberet.
1083 1738 1341 1800 Credere
1399 1741 1658 1803 malebat
1714 1745 1868 1805 illius
1919 1745 2077 1806 dicta
2163 1741 2503 1803 varietatem
2535 1748 2932 1823 perspexisse.

425 1837 626 1897 minus
656 1840 932 1896 accurate
982 1829 1226 1901 referri,
1259 1848 1435 1908 quam
1493 1831 1782 1893 absurdos
1841 1851 2140 1902 erroresa

422 1935 584 1988 tanto
616 1923 738 1984 viro
771 1920 1127 1984 attribuere.

503 2013 626 2078 Vll.
651 2014 826 2075 Circa
849 2013 961 2072 hoc
986 2020 1219 2089 tempus
1242 2011 1517 2090 Optimus
1544 2013 1874 2075 Antiochiae
1895 2015 1958 2076 in
1979 2016 2068 2077 Pi-

421 2105 573 2166 sidia
587 2105 924 2184 episcopus,
941 2099 1216 2160 Basilium
1235 2102 1530 2160 consuluit
1548 2103 1625 2161 de
1646 2102 1736 2161 his
1749 2105 2068 2182 Scriptura;

425 2193 981 2268 verbisz0mnisqui
998 2191 1284 2251 occiderit
1303 2192 1507 2254 Cum.
1533 2201 1647 2252 etc.
1684 2193 1801 2270 (ως
1829 2195 1968 2254 item
1994 2198 2068 2256 de

422 2285 703 2347 Lamechi
727 2285 799 2344 ad
821 2298 1040 2343 uxores
1061 2290 1118 2340 et
1143 2281 1462 2358 Symeonis
1483 2282 1551 2339 ad
1578 2281 1818 2341 Mariam
1847 2285 2064 2345 verbis.

419 2375 784 2437 Numer-atur
801 2370 1072 2451 Optimus
1089 2386 1120 2429 a
1145 2366 1775 2448 Tbeodoreto(e)inter
1798 2383 2071 2437 strenuos

420 2463 561 2525 ﬁdei
595 2462 968 2533 defensores,
1003 2459 1177 2538 eique
1226 2476 1260 2517 a
1307 2457 1529 2536 synodo
1562 2464 1927 2524 (ecumenica
1969 2485 2068 2526 se-

421 2553 615 2615 cunda
649 2553 806 2613 idem
842 2550 1035 2610 bonos
1068 2547 1298 2608 delatus
1333 2555 1421 2606 est
1449 2564 1518 2608 ac
1547 2546 1819 2612 Helladio
1872 2555 2066 2616 Caesa-

415 2641 930 2720 rieusi,Gregorio
952 2640 1216 2718 Nysseno
1243 2646 1301 2696 et
1325 2637 1458 2696 aliis
1487 2641 1811 2701 nonnullis.
1849 2642 2066 2707 Eluce-

419 2732 516 2793 bat
545 2742 624 2802 (η.
657 2733 712 2811 l)
744 2731 802 2791 in
827 2729 988 2790 illius
1030 2726 1102 2788 ad
1138 2723 1418 2788 Basilium
1453 2725 1665 2787 litteris
1689 2732 1838 2791 etde
1868 2733 2063 2795 Eccle-

415 2824 520 2884 siis
543 2820 881 2883 sollicitudo
910 2827 968 2879 et
991 2816 1316 2894 Scriptura:
1338 2814 1605 2893 legendae
1626 2819 2066 2894 studium.Qua-

2685 1835 2932 1898 CAPUT
2994 1836 3261 1900 XXXVII

2152 1929 2187 1982 l.
2227 1929 2527 1985 Dorotheus
2557 1938 2605 1982 et
2649 1931 3029 1987 Sanctissimae
3074 1930 3292 1985 Romam
3337 1933 3533 1987 iterum
3577 1937 3804 1989 mittun-

2224 2004 2336 2054 tur.
2375 1998 2437 2054 ΙΙ.
2479 1999 2597 2056 Νοη
2622 2002 2873 2059 utdentur
2899 2003 3187 2071 confecisSe
3210 2003 3353 2127 gnati
3383 2005 3653 2074 praecipue
3689 2007 3808 2060 illis

2224 2072 2555 2127 Dronositum
2595 2081 2730 2127 erat.
2793 2073 2884 2127 Ill.
2938 2073 3156 2127 Laudat
3257 2075 3446 2127 asilius
3475 2076 3803 2127 confessam:

2220 2073 2555 2146 propositum
2595 2081 2745 2146 erat.
2793 2073 2884 2146 Ill.
2938 2073 3173 2146 Laudat,
3210 2073 3446 2130 Basilius
3475 2073 3803 2146 confessores

2225 2141 2509 2213 Egi/ptio:
2537 2144 2683 2214 quod
2710 2145 3110 2200 Apollinarium
3140 2145 3531 2200 damnaverint.
3571 2141 3660 2202 Ν.
3698 2149 3803 2204 Re-

2220 2214 2510 2285 prehendit
2539 2214 2674 2284 quod
2728 2216 3102 2272 Marcellianos
3141 2217 3216 2272 ad
3251 2221 3673 2274 communionem
3709 2236 3796 2275 re-

2224 2287 2479 2366 ceperint.
2521 2285 2578 2340 V.
2617 2285 2936 2356 Reprehensi
2972 2289 3140 2367 etiam
3188 2289 3348 2368 fuere
3377 2306 3412 2344 a
3466 2290 3631 2345 Petro
3673 2292 3800 2345 Ate-

2224 2356 2500 2412 xandrino
2547 2359 2618 2410 ad
2672 2375 2819 2413 auem
2873 2360 3059 2413 scribit
3106 2357 3338 2413 Basilius
3386 2377 3463 2413 eo.
3520 2361 3643 2413 266.
3710 2362 3795 2413 Vl.

2223 2360 2500 2412 mandrino
2547 2360 2618 2410 ad
2672 2375 2819 2431 quem
2873 2360 3059 2414 scribit
3106 2360 3338 2414 Basilius
3386 2377 3463 2430 ep.
3520 2361 3643 2417 266.
3710 2362 3795 2416 Vl.

2227 2426 2607 2514 ﬁxa-minatur:
2639 2447 2706 2483 an
2725 2431 2856 2514 jure
2899 2431 3371 2514 Basilius‘dirrrit
3402 2433 3716 2514 Marcellum
3739 2451 3804 2488 ea:

2231 2497 2464 2574 Ecclesia
2486 2497 2860 2574 exiisse'ouo
2891 2509 3117 2574 tempore
3142 2502 3265 2570 ﬁdei
3312 2505 3576 2574 con/assio
3621 2505 3792 2561 Atha-

2227 2573 2378 2645 nasio
2406 2572 2588 2628 oblata
2617 2591 2648 2626 α
2681 2572 3063 2645 Marcellianis.
3100 2575 3207 2630 Vll.
3257 2572 3418 2630 Petri
3451 2577 3688 2645 querelis
3737 2579 3801 2631 de

2224 2642 2487 2700 Dorotheo
2518 2647 2797 2716 respondet
2824 2644 3063 2702 Basilius
3092 2647 3147 2700 in
3176 2646 3350 2699 eadem
3380 2642 3612 2714 epistola.

2234 2725 2274 2788 Ι.
2316 2731 2654 2790 liorotheus
2687 2742 2743 2790 et
2782 2730 3210 2791 Sanetissimus
3248 2727 3611 2807 presbyteri.
3646 2745 3796 2806 quos

2149 2835 2305 2877 anno
2319 2819 2436 2879 376
2451 2821 2507 2878 in
2521 2817 2903 2880 Occidentem
2924 2825 3132 2877 missos
3145 2817 3326 2876 fuisse
3339 2817 3620 2879 eteodem
3637 2837 3796 2879 anno

415 2930 481 2973 re
507 2910 761 2974 Basilius
786 2925 1003 2989 pueros
1019 2906 1092 2966 ab
1115 2923 1182 2965 eo
1219 2903 1614 2983 missos,quos
1636 2907 1782 2966 alias
1809 2910 2072 2977 libenter
2155 2906 2406 2967 rediisse
2422 2907 2829 2985 diximus,uon
2854 2908 2952 2966 diu
2977 2925 3046 2966 ex
3067 2905 3356 2965 molestiis
3379 2905 3610 2967 itineris
3627 2907 3794 2987 quie-

417 3001 655 3062 videbat
692 3007 934 3079 propter
955 2995 1228 3072 egregios
1259 2993 1496 3054 illorum
1523 3012 1744 3073 mores,
1769 3016 1833 3058 ac
1860 3020 2066 3064 eorum

2152 3005 2386 3068 verunt,
2415 2995 2521 3055 sed
2545 2995 2744 3055 statim
2773 3013 2954 3054 novus
2983 2994 3104 3054 illis
3136 2993 3555 3073 suscipiendus
3579 2995 3690 3056 fuit
3715 2997 3795 3056 la-

416 3109 552 3151 cum
588 3089 830 3170 Optimo
891 3083 1424 3162 necessitudinem,
1460 3092 1600 3142 tunc
1662 3102 1730 3144 eo
1783 3087 2072 3156 libentius
2153 3081 2285 3162 bor,
2319 3093 2381 3144 ut
2411 3083 2709 3164 episcopis
2736 3083 2996 3145 Orientis
3021 3081 3513 3165 nuntiarentqum
3533 3084 3591 3145 in
3625 3084 3788 3146 Occi-

414 3180 588 3250 vidit,
625 3179 785 3260 quod
820 3178 980 3238 illius
1011 3173 1317 3254 epistolam
1351 3171 1641 3234 ferebant.

2153 3172 2332 3233 dente
2357 3173 2622 3234 viderant
2644 3172 2970 3253 (g),eisque
2995 3173 3428 3251 persuaderent
3453 3193 3662 3253 magno
3677 3186 3794 3235 stu-

495 3254 785 3345 Scriptam
811 3269 962 3330 hanc
983 3264 1294 3344 epistolam
1319 3263 1732 3343 posthairesim
1750 3269 1794 3326 Α
1808 3268 2069 3345 pollina-
2088 3254 2126 3303 Ο
2153 3261 2249 3322 dio
2275 3261 2590 3342 praesentia
2627 3263 3163 3340 negotiaindigere.
3199 3263 3340 3322 Nam
3367 3267 3476 3324 etsi
3504 3266 3790 3342 prolixam

412 3359 486 3420 rii
527 3359 802 3439 probant,
828 3374 960 3437 quae
985 3355 1059 3415 de
1090 3350 1422 3412 haeresibus
1447 3353 1926 3417 lncarnationem
1954 3380 2065 3441 ορ-

413 3467 683 3528 pugnare
710 3467 827 3508 non
852 3443 1226 3506 cessantibus
1250 3443 1726 3518 leguntur,num.
1745 3451 1803 3507 ὅ.
1826 3444 1954 3510 Huc
1973 3470 2067 3511 ac-

412 3538 572 3599 cedit
593 3538 749 3618 quod
777 3554 979 3597 senem
1001 3552 1065 3596 se
1085 3549 1217 3593 esse
1237 3531 1381 3591 dicit
1413 3531 1690 3607 Basilius,
1717 3541 2066 3618 ettempore

410 3646 478 3688 ac
513 3627 920 3688 imbecillitate
952 3624 1223 3697 corporis
1253 3632 1311 3683 et
1357 3623 1743 3686 multitudine
1783 3628 2063 3691 alllictio-

412 3737 577 3796 num,
613 3735 743 3796 qua;
777 3715 1049 3795 plurimas
1079 3714 1137 3773 in
1173 3731 1307 3773 eum
1339 3711 1650 3774 concitata:
1693 3715 1866 3776 vitam
1901 3718 2064 3782 illius

415 3815 939 3886 praigravaverant,
986 3805 1372 3866 einarcuisse.

491 3897 643 3959 Vill.
673 3901 816 3958 Cum
845 3894 1192 3974 Apollinarii
1223 3892 1467 3953 haeresis
1491 3891 1547 3951 in
1570 3892 1777 3954 urbem
1804 3897 2060 3976 802οιῖο-

411 3989 650 4050 litanam
680 3995 1131 4066 penetrassetac
1150 3981 1464 4042 nonnullos
1479 3982 2062 4065 infecisset,scripse~

411 4085 556 4139 runt
576 4097 646 4138 ea
669 4077 742 4136 de
767 4094 834 4136 re
859 4071 1257 4153 Sozopolilaui
1278 4071 1348 4131 ad
1376 4069 1436 4131 S.
1464 4070 1779 4150 Basilium,
1809 4075 1904 4150 qui
1934 4075 2063 4136 bre-

410 4169 561 4228 viter
597 4167 863 4246 quidem,
899 4163 1005 4224 sed
1038 4161 1271 4221 eximiis
1294 4158 1627 4219 rationibus
1664 4160 2057 4242 demonstrat,

407 4275 582 4337 quam
642 4253 966 4316 absurdum
1027 4251 1102 4310 sit
1163 4250 1462 4309 ccelestem
1523 4248 1754 4308 Christo
1817 4271 2055 4314 carnem

404 4347 721 4424 effingere,
761 4352 818 4404 et
852 4346 1138 4401 humanos
1189 4337 1433 4400 affectus
1465 4337 1525 4397 in
1559 4337 1744 4415 ipsam
1780 4339 2055 4402 divinita»

406 4447 524 4497 tem
554 4434 847 4496 conferre.
886 4432 1046 4492 Hanc
1080 4427 1390 4506 epistolam
1441 4427 1579 4486 citat
1628 4427 1911 4489 Leontius
1948 4433 2054 4511 (ά),

405 4537 462 4586 et
500 4524 768 4604 pluribus
803 4522 946 4583 locis
977 4520 1257 4600 Eulogius
1283 4523 1388 4593 (ε).

2151 3352 2915 3413 succurrendivoluntatem
2943 3353 3418 3430 signiﬁcaveranl
3443 3351 3794 3416 Occidenta-

2150 3440 2478 3513 les,eadem
2511 3441 2830 3503 manebant
2851 3439 3115 3504 Orientis
3137 3442 3619 3523 vulnera(h),nec
3643 3446 3796 3526 quis-

2149 3550 2326 3609 quam
2356 3533 2570 3592 missus
2593 3551 2662 3592 ex
2691 3530 3012 3594 Occidente
3035 3532 3137 3611 qui
3161 3550 3230 3593 ea
3255 3541 3493 3594 sanaret
3519 3554 3531 3594 :
3565 3554 3672 3596 nec
3696 3535 3797 3595 lit-

2153 3627 2471 3702 tertequas
2485 3623 2901 3684 Occidentales
2918 3623 3132 3682 misere
3148 3639 3251 3698 per
3266 3622 3726 3684 Sanctissimum
3745 3633 3802 3686 et

2149 3711 2540 3784 Dorotheum,
2581 3729 2853 3785 magnum
2880 3711 3210 3772 remedium
3238 3712 3794 3785 attulerant.Quare

2151 3798 2222 3878 (ἱ)
2252 3818 2399 3860 nova
2423 3820 2570 3880 opus
2596 3799 3065 3879 eratlegatione,
3089 3819 3156 3860 ac
3182 3804 3347 3860 novis
3379 3801 3798 3882 episcoporum

2149 3887 2710 3967 subscriptionibus,
2746 3907 2994 3968 quarum
3017 3889 3488 3966 colligendarum
3517 3910 3691 3953 causa
3719 3893 3798 3952 vi-

2150 3978 2325 4038 detur
2353 3977 2779 4040 Sanctissimus
2814 3978 3118 4041 Orientem
3157 3997 3526 4059 peragrasse.
3575 3980 3796 4042 Iterum

2149 4085 2294 4146 ergo
2332 4067 2629 4147 profectus
2659 4078 2748 4128 est
2779 4068 2838 4127 in
2871 4068 3259 4130 Occidentem
3296 4089 3430 4130 cum
3467 4070 3794 4142 Dorotheo,

2147 4157 2456 4237 epistolam
2501 4155 2894 4218 Orientalium
2927 4159 3224 4233 deferens,
3259 4159 3319 4219 in
3353 4179 3467 4239 qua
3497 4168 3706 4238 rogant
3738 4169 3800 4220 ut

2143 4247 2382 4306 tandem
2409 4247 2725 4326 aliquando
2758 4248 3064 4309 mittantur
3083 4249 3157 4325 lj)
3179 4248 3281 4324 qui
3305 4247 3612 4310 Orientem
3639 4248 3796 4310 invi-

2143 4345 2272 4395 sant
2297 4357 2310 4416 ;
2337 4336 2448 4402 vel.
2478 4336 2527 4396 si
2557 4336 2612 4400 id
2643 4337 2769 4396 fieri
2806 4356 2920 4396 non
2957 4347 3172 4418 potest,
3197 4337 3408 4399 saltem
3446 4338 3689 4400 veniant
3716 4338 3791 4400 ab

2140 4422 2461 4486 Occidente
2480 4426 2851 4506 litterae,quae
2873 4434 3146 4487 auctores
3165 4426 3454 4488 tumultus
3477 4440 3535 4490 et
3563 4441 3798 4506 pertur-

2143 4513 2400 4577 bationis
2428 4524 2886 4595 notent,eosque
2909 4523 2999 4594 (η.
3025 4516 3079 4586 5)
3103 4515 3176 4576 ab
3203 4517 3478 4578 ecclesiis
3500 4518 3796 4580 arcendos

486 4613 765 4678 Urbicius
787 4610 1303 4682 monachus,idem
1323 4610 1529 4688 procul
1549 4609 1939 4690 dubio,quem
1960 4613 2061 4672 Ba.
2083 4620 2127 4669 D
2147 4604 2554 4678 decernant,si
2571 4605 2628 4664 in
2645 4605 2836 4685 pravis
2849 4605 3206 4667 novitatibus
3222 4607 3797 4684 perseverent.lnter

407 4705 578 4764 silius
597 4722 751 4761 anno
773 4703 889 4764 373
914 4700 1190 4762 exsilium
1221 4707 1576 4779 exspectans
1597 4701 1667 4759 ad
1693 4718 1757 4760 se
1780 4720 2058 4763 accerse-

407 4791 652 4872 bat,scri
667 4792 781 4870 psit
803 4791 871 4852 ad
899 4791 1182 4852 Basilium
1213 4809 1326 4849 non
1356 4790 1485 4850 sine
1509 4790 2054 4872 aliquatimiditate,

406 4891 466 4941 ut
485 4881 558 4942 ad
580 4880 771 4941 virum
803 4879 957 4941 fama
982 4888 1038 4940 et
1063 4879 1344 4957 dignitate
1373 4887 1742 4959 pra-astantem
1762 4879 1900 4942 .Sed
1921 4898 2054 4940 eum

408 4973 682 5030 hortatur
712 4969 991 5043 Basilius,
1031 4978 1093 5029 ut
1143 4971 1294 5029 hanc
1341 4969 1720 5030 timiditatem
1757 4987 1824 5030 ex
1855 4970 2053 5031 animo

405 5059 635 5138 ejiciat,
662 5078 730 5120 ac
759 5078 917 5139 saepe
948 5059 1018 5119 ad
1045 5077 1109 5119 se
1133 5057 1392 5133 scribat;
1421 5075 1614 5137 neque
1637 5060 1792 5118 enim
1820 5061 2053 5120 nescire

407 5167 471 5208 se
501 5149 809 5209 hominum
839 5148 1234 5228 prastantiam
1261 5165 1331 5209 ex
1353 5150 1581 5207 timoris
1600 5146 1903 5226 Deigradu
1923 5167 2054 5226 pro-

417 5237 750 5317 ficisci,nec
767 5237 1088 5318 quidquam
1115 5237 1752 5318 impedire,quominus
1773 5256 1838 5298 se
1862 5238 2053 5316 major

407 5327 490 5387 sit
509 5324 810 5400 Urbicius,
836 5327 884 5388 si
903 5325 1089 5388 Deum
1117 5328 1306 5405 magis
1329 5322 1730 5390 timeat.Scire
1751 5326 1912 5404 cupit
1933 5326 2051 5388 Ba-

494 5448 570 5526 (a)
602 5443 827 5506 Haeres.
860 5446 962 5519 77,
998 5465 1056 5526 p.
1090 5446 1232 5508 996.

479 5524 562 5602 (bl
595 5527 746 5589 Gen.
777 5542 860 5601 iv,
890 5528 989 5589 l5.

512 5614 564 5678 ο)
604 5607 768 5669 Hist.
803 5606 1011 5670 eccles.
1045 5603 1151 5668 lib.
1179 5617 1255 5683 Iv,
1289 5623 1343 5666 c.
1379 5603 1477 5668 30.

518 5686 578 5766 ἀ)
616 5685 692 5766 [n
721 5685 958 5749 Nestor.
993 5693 1050 5750 et
1080 5685 1362 5766 Eutych,
1397 5705 1457 5766 p.
1491 5686 1670 5750 1000.

482 5765 567 5854 (ο)
597 5765 780 5832 Phot.
812 5768 944 5832 eod.
981 5766 1124 5844 225,
1157 5765 1221 5851 p;
1258 5765 1724 5851 160,801,808.

2144 4712 2271 4767 eos,
2297 4695 2399 4773 qui
2429 4695 2738 4755 Orientem
2777 4695 3153 4775 perturbant,
3177 4695 3291 4756 duo
3317 4697 3665 4757 nominatim
3691 4717 3792 4759 re-

2142 4791 2469 4844 censentur
2492 4783 2831 4846 Eustathius
2871 4796 2930 4846 et
2963 4784 3388 4864 Apollinarius.
3428 4787 3794 4849 Referuntur

2143 4875 2313 4933 variae
2346 4873 2635 4934 Eustathii
2671 4875 3024 4935 mutationes
3057 4875 3310 4955 partium
3339 4895 3354 4938 :
3389 4894 3524 4936 cum
3560 4876 3657 4958 iis,
3694 4877 3794 4957 qui

2139 4962 2644 5023 consulistantiale
2685 4964 3180 5026 auathematizant
3227 4965 3588 5045 conjunctus
3633 4986 3790 5040 esse,

2135 5070 2323 5131 seque
2338 5051 3016 5117 Pneumatomacborum
3033 5055 3283 5117 haeresis
3297 5056 3506 5120 ducem
3525 5057 3792 5136 praebere

2136 5141 2381 5203 dicitur.
2409 5140 2574 5204 Scire
2607 5153 2779 5204 avent
2799 5142 3138 5206 Orientales
3165 5143 3385 5225 quibus
3409 5145 3552 5205 olim
3579 5145 3790 5207 condi-

2137 5230 2399 5292 tionibus
2425 5250 2460 5292 a
2485 5231 2725 5294 Liberio
2750 5243 3064 5314 susceptus
3091 5233 3170 5293 sit
3198 5253 3214 5310 ;
3259 5241 3440 5313 atque
3457 5232 3583 5294 haec
3615 5233 3790 5295 addi-

2135 5329 2231 5383 tur
2259 5341 2458 5403 causa,
2481 5341 2588 5384 cur
2605 5321 2679 5385 ad
2711 5341 2846 5385 eum
2877 5322 3332 5404 reprimendum
3367 5320 3790 5388 Occidentales

2217 5444 2288 5521 if)
2320 5441 2546 5524 Haeres.
2583 5445 2678 5517 77,
2717 5463 2777 5524 ρ.
2809 5444 2948 5507 996.

2209 5525 2302 5663 illi
2328 5521 2440 5663 ἓξὲξ
2461 5523 2615 5663 ἓξὲξ

2210 5602 2302 5682 (λ)
2328 5602 2437 5683 Ep.
2461 5603 2604 5684 263,
2635 5623 2696 5669 ιι.
2737 5608 2790 5669 ι.

2211 5686 2286 5768 (if)
2314 5685 2429 5768 1'29-
2465 5684 2583 5768 ἓξὲ
2613 5693 2671 5746 ει
2700 5703 2870 5768 seqq-

2213 5766 2298 5846 (j)
2332 5764 2443 5846 Ep.
2471 5764 2614 5848 263,
2641 5785 2703 5831 n.
2733 5764 2793 5830 i.
