4142 6386
340 325 476 394 CL."

1691 303 2088 368 PROLEGOM
2101 303 2272 368 ENA.

343 446 607 508 hauserit
630 445 1054 524 MetrOphanes
1083 441 1350 522 Smyrna
1378 439 1697 520 episcopus
1727 441 1884 520 quod
1909 444 1991 500 ait
2017 461 2049 494 Α
2076 458 2162 501 se.
2191 442 2432 520 Alioqui
2463 461 2537 504 ne
2569 444 2639 504 ad
2663 444 2870 504 horam
2904 442 3148 522 quidem
3182 460 3247 502 se
3299 442 3540 503 illorum
3567 459 3726 502 com-

346 535 402 595 in
435 533 685 594 concilio
717 542 950 605 octavo,
980 543 1098 594 act.
1133 533 1170 596 6
1196 531 1572 593 :Nuvissime
1593 537 1791 590 autem
1830 532 1986 590 Μαν-

342 622 559 685 callum
589 624 668 685 ad
689 641 1011 702 proprium
1045 623 1330 683 vomitum
1355 637 1659 680 reversum
1685 627 1738 679 et
1766 622 1984 698 (Inpre-

345 714 595 774 ltensum
631 713 979 774 haereticum
1006 711 1071 772 hi
1121 713 1228 791 qui
1253 711 1417 772 circa
1450 708 1773 770 Silvanum
1807 717 1987 768 rruul

344 802 1064 876 auathemalizuverunt,
1087 801 1307 879 quibus
1330 806 1383 861 et
1408 799 1679 859 Liberius
1706 817 1856 877 papa
1879 817 1989 875 per

348 893 581 952 litteras
609 909 775 970 suas,
811 891 918 968 qui
943 898 1074 966 post
1102 889 1339 951 Iuli-um
1365 889 1503 965 fuit.
1542 888 1864 948 concm‘dm
1889 889 1987 947 tli-

346 999 535 1040 ccns:
585 979 930 1042 Marcellum
984 979 1180 1040 denuo
1230 977 1410 1055 impie
1467 978 1986 1053 dogmatizantem.

347 1074 573 1146 Pugnat
603 1088 736 1129 cum
775 1068 1252 1130 boctestimonio
1284 1067 1562 1140 Basilius,
1589 1067 1690 1145 qui
1725 1068 1780 1124 in
1819 1069 1987 1144 t'pisl.

345 1159 446 1238 89,
473 1177 648 1238 quam
694 1175 868 1235 supra
899 1157 1230 1234 citavimus,
1261 1155 1610 1218 Marcellum
1644 1174 1929 1233 nusquam
1963 1175 1996 1215 a

346 1246 628 1308 Romanis
648 1244 1030 1323 pontiﬁcibus
1056 1245 1397 1306 damnatum
1414 1243 1998 1324 queritur.Tcstatur

347 1334 608 1396 Hilarius
642 1335 873 1412 Fragm.
911 1335 1046 1396 hist.
1108 1335 1165 1395 ἓ.
1197 1354 1256 1394 n.
1287 1333 1386 1412 91,
1425 1333 1797 1404 Marcellum,
1861 1353 1993 1392 cum

348 1428 410 1488 S.
442 1424 765 1485 Athanasio
790 1423 1068 1503 probatus
1101 1434 1158 1483 et
1191 1435 1472 1502 purgatus
1506 1423 1734 1493 fuisset,
1797 1431 1994 1500 postea

349 1514 422 1574 ab
455 1513 723 1590 ejusdem
758 1523 1052 1574 remotum
1085 1513 1264 1574 fuisse
1296 1510 1743 1572 communione.
1783 1512 1857 1572 At
1891 1512 1992 1572 lli-

349 1603 476 1664 larii
506 1603 842 1662 testimonio
879 1602 958 1662 uti
989 1622 1106 1662 non
1146 1621 1407 1681 possum,
1446 1601 1583 1680 quia
1604 1601 1656 1660 id
1679 1601 1999 1678 contigisse

347 1693 491 1752 dicit
521 1702 830 1769 antequam
859 1692 1240 1752 damnaretur
1277 1691 1563 1752 Photinus
1595 1710 1614 1750 :
1642 1690 1797 1768 quod
1865 1693 1990 1768 qui-

2075 537 2414 593 munionem
2457 531 2860 595 admissurum
2893 532 3102 598 fuisse.
3142 531 3193 594 si
3227 531 3638 593 claudicantes
3664 531 3722 591 in

2073 619 2187 679 fide
2220 621 2500 684 vidisset.

2153 710 2297 771 Cum
2333 711 2586 789 spatium
2623 711 2856 791 aliquod
2885 713 3225 789 ponendum
3260 711 3335 770 sit
3363 709 3526 774 inter
3554 709 3721 770 redi-

2079 805 2199 857 tum
2231 799 2557 876 legatorum
2594 811 2654 862 et
2683 801 2835 861 hanc
2867 799 3064 860 Basilii
3129 801 3464 879 epistulam,
3505 801 3722 878 scripta

2078 905 2194 946 non
2223 887 2457 949 videtur
2482 889 2592 949 nisi
2627 908 2782 950 anno
2814 890 2952 963 378,
2993 909 3108 950 non
3163 889 3345 950 multo
3408 898 3720 969 antequam

2076 973 2281 1035 Petrus
2299 977 2486 1036 ltoma
2513 978 2876 1042 discederet.
2899 977 2953 1039 ls
2975 980 3134 1040 enim
3159 989 3293 1039 ante
3319 979 3470 1040 alios
3496 979 3722 1039 confes-

2077 1083 2243 1125 sores
2274 1066 2328 1124 in
2356 1066 2678 1128 Ecclesium
2699 1088 2861 1129 suam
2892 1069 3070 1129 rediit
3093 1068 3496 1148 (d),incoluini
3524 1068 3719 1129 adhuc

2085 1151 2350 1226 Valente,
2377 1157 2478 1216 sed
2509 1158 2910 1219 molestissimi
2933 1158 3072 1218 belli
3094 1157 3486 1219 incommodis
3514 1157 3591 1216 ita
3616 1158 3692 1217 im

2085 1243 2303 1321 pedite,
2343 1254 2402 1304 ut
2426 1247 2610 1306 otium
2643 1249 3073 1327 persequenda
3089 1247 3370 1308 Ecclesia
3396 1265 3512 1307 non
3539 1246 3689 1307 habe

2082 1342 2190 1394 ret.
2227 1333 2374 1394 Tum
2403 1354 2536 1395 cum
2573 1337 2722 1396 hanc
2755 1338 3068 1416 epistolam
3103 1338 3394 1398 scriberet
3439 1337 3718 1409 Basilius,

2083 1421 2345 1480 omnium
2367 1422 2626 1484 Orientis
2647 1426 3042 1488 Ecclesiaruui
3075 1427 3229 1486 oculi
3258 1428 3313 1487 in
3335 1425 3720 1497 Petrum,Bu-

2081 1509 2708 1588 silium,Meletium,et
2723 1516 2870 1575 alios
2888 1516 3177 1594 ejusmodi
3195 1516 3568 1575 confessores
3583 1534 3719 1575 con-

2081 1602 2235 1660 versi
2261 1609 2447 1662 erant.
2472 1601 2664 1674 Quare
2678 1604 3044 1667 demonstrat
3061 1605 3311 1666 Basilius
3333 1605 3532 1681 quanti
3553 1606 3727 1664 inter-

2083 1689 2156 1747 sit
2188 1699 2248 1748 ut
2273 1693 2564 1768 praterita
2621 1693 2908 1754 oblivioni
2940 1695 3266 1765 tradantur,
3317 1709 3372 1752 et
3409 1694 3720 1772 pacificum

348 1781 484 1842 dem
535 1780 748 1841 refellit
797 1779 925 1859 ipse
973 1781 1354 1859 Athanasius,
1410 1780 1504 1840 cui
1562 1778 1898 1850 Marcellus,
1937 1788 1996 1837 ut
2026 1810 2057 1857 Β
2083 1779 2317 1858 aliquod
2348 1781 2578 1842 initium
2611 1783 3196 1864 instituatur:quippe
3224 1804 3355 1844 cum
3382 1783 3724 1863 eoru.n,qui

348 1869 623 1932 observat
644 1869 1077 1943 Tillemontius,
1108 1869 1377 1948 pluribus
1410 1874 1579 1929 annis
1608 1877 1736 1947 post
1760 1869 1997 1928 damna-

346 1968 466 2019 tum
501 1959 817 2020 Photiuum
853 1958 1136 2037 probatus
1164 1959 1298 2020 fuit.

425 2047 584 2109 Nihil
605 2048 925 2109 detrahunt
946 2048 1020 2108 de
1048 2047 1138 2108 his
1166 2048 1463 2108 rationum
1494 2048 1837 2118 momentis,
1867 2066 1995 2124 qua

344 2138 414 2198 ad
449 2137 711 2198 Marcelli
743 2136 1156 2198 defensionem
1184 2136 1584 2214 proferuntur,
1625 2156 1755 2196 cum
1784 2138 1853 2197 ad
1886 2157 1990 2196 ex-

346 2235 570 2285 tremos
590 2224 746 2284 illius
757 2242 831 2284 an
842 2242 947 2284 nos
962 2243 1078 2284 non
1101 2221 1712 2304 pertineant.Frustra
1726 2244 1854 2284 com
1868 2245 1986 2284 niu-

343 2312 540 2375 nionis
569 2313 955 2393 littera,quas
973 2312 1332 2373 Marcelliani
1356 2312 1796 2373 confessoribus
1823 2313 1991 2393 ΖΕΗ-

350 2399 488 2479 ptiis
519 2401 937 2472 ostenderunt,
959 2401 1195 2479 scripta
1217 2420 1249 2461 a
1273 2401 1335 2463 S.
1367 2401 1686 2463 Athanasio
1709 2403 1990 2462 dicunur

345 2509 502 2550 anno
537 2488 675 2552 37t.
709 2487 1048 2550 Nullainest
1083 2490 1256 2570 hujus
1280 2490 1567 2568 temporis
1593 2501 1727 2550 nota
1757 2492 1814 2550 in
1851 2492 1987 2552 fidei

349 2579 750 2650 confessione,
787 2598 919 2660 qua
943 2580 1206 2641 Marcelli
1258 2582 1504 2660 ejusque
1527 2578 1667 2640 cleri
1703 2595 1758 2641 et
1799 2580 1989 2661 plebis

346 2669 589 2730 nomine
612 2667 805 2729 oblata
825 2669 1049 2730 litteras
1076 2669 1516 2730 communionis
1539 2689 1570 2730 a
1589 2668 1987 2731 S.Athanasio

347 2759 708 2838 impe‘ravit.
745 2758 1077 2830 Quinetiam
1107 2759 1264 2820 illam
1302 2759 1618 2838 perpaucis
1655 2766 1825 2820 anuis
1861 2773 1987 2840 post

2082 1875 2383 1930 vetitatem
2418 1871 2745 1934 defendunt
2777 1873 3093 1934 concordia
3127 1873 3378 1952 populos
3409 1873 3478 1930 ad
3522 1891 3722 1951 perse-

2079 1957 2378 2020 cutionem
2407 1961 2820 2022 sustinendam
2850 1963 3107 2023 acriores
3140 1963 3366 2023 factura
3393 1964 3485 2031 sit,
3517 1970 3570 2021 et
3604 1961 3718 2021 dis-

2079 2047 2282 2108 cordia
2316 2049 2628 2113 tardiores.

2600 2153 2847 2218 CAPUT
2879 2153 3196 2218 XXXVIII.

2077 2240 2445 2310 I.goucilium
2470 2246 2844 2310 Amphilochii,
2899 2251 2957 2295 in
3003 2261 3104 2310 quo
3145 2248 3412 2297 laudatur
3459 2250 3590 2298 liber
3651 2251 3724 2299 De

2135 2306 2660 2382 §pirirtusancto£rll
2712 2311 2972 2382 Epistula:
3012 2306 3291 2382 permulta
3339 2326 3487 2382 anno
3537 2311 3632 2382 377Δ
3670 2315 3724 2382 at

2135 2370 2225 2417 378
2267 2373 2505 2433 scriplw.
2562 2371 2658 2420 III.
2731 2376 2809 2420 De
2857 2373 3102 2432 pluribus
3165 2376 3291 2433 aliis
3337 2378 3393 2423 in
3455 2378 3730 2424 senectute

2215 2431 2414 2501 Basilii
2436 2436 2676 2501 scriptis.
2706 2435 2794 2484 IV.
2824 2431 2903 2485 De
2922 2437 3160 2498 epistolis
3189 2431 3254 2485 ini
3274 2440 3583 2499 episc0patu
3604 2442 3726 2501 qui—

2135 2492 2253 2542 dem
2275 2498 2511 2556 scriptis.
2537 2492 2628 2545 Sed
2650 2510 2754 2560 qua
2767 2512 2886 2548 rum
2916 2492 3122 2560 tempus
3144 2492 3431 2549 incertum.

2155 2582 2197 2645 I.
2237 2585 2568 2648 Concilium
2603 2588 2942 2651 celebrabat
2968 2591 3425 2670 Amphilochius
3454 2590 3559 2670 (ιι),
3587 2609 3721 2650 cum

2071 2693 2104 2734 a
2138 2684 2366 2734 remota
2396 2677 2650 2755 quadam
2686 2677 2959 2740 Ecclesia
2995 2680 3304 2739 consultus
3334 2689 3423 2738 est
3471 2679 3544 2739 de
3577 2679 3723 2740 doc-

2078 2763 2234 2823 trina
2265 2764 2519 2844 Spiritus
2572 2777 2762 2826 sancti
2820 2767 3147 2845 Respondit
3189 2787 3298 2826 suo
3350 2777 3406 2826 et
3471 2768 3720 2828 aliorum

348 2847 913 2910 exortosAnomaos
935 2849 1196 2910 oblatam
1219 2867 1285 2908 ex
1310 2849 1399 2908 his
1419 2847 1613 2907 verbis
1640 2850 1844 2927 colligi
1873 2871 2000 2928 pos-
2077 2851 2491 2930 episcoporum
2527 2859 2790 2920 nomine,
2844 2855 2948 2915 sed
3009 2855 3218 2915 litteris
3279 2857 3401 2914 suis
3455 2857 3725 2932 adjunxit

353 2946 460 3011 sel,
495 2939 944 3012 ἁναθεμπτέζομέν
977 2960 1030 2992 τε
1058 2941 1144 2993 κχὶ
1176 2940 1296 3000 τοὺς
1328 2948 1412 2996 νῦν
1441 2937 1742 3003 ἐξελθόντας
1778 2944 1871 2995 κ’λὶ
1903 2941 1990 2994 λε-

2088 2941 2585 3003 elucubrationem
2643 2942 2847 3003 Basilii
2871 2943 2945 3002 de
2976 2943 3203 3022 Spiritu
3248 2955 3479 3012 sancto,
3517 2945 3724 3005 dolere

351 3027 927 3106 yopévooq’mopotou;
945 3025 1566 3101 ((1).Anathemaleeos
1579 3044 1814 3107 quoque
1833 3030 1998 3088 dum-
2077 3047 2142 3090 se
2169 3030 2530 3108 significans,
2561 3032 2718 3106 quod
2745 3031 2998 3093 Basilius
3027 3033 3232 3092 morbo
3264 3032 3544 3094 detentus
3571 3055 3720 3095 con-

348 3135 589 3190 namus,
621 3117 726 3194 qui
766 3133 956 3192 nuper
979 3118 1172 3177 exorti.
1205 3124 1342 3177 sunt
1374 3123 1428 3177 et
1463 3120 1744 3177 Auomm‘
1775 3119 1993 3177 dir-uu-
2015 3139 2054 3184 ρ
2082 3117 2216 3179 cilio
2245 3138 2361 3179 non
2393 3119 2704 3192 adfuisset,
2741 3140 2876 3180 eum
2912 3122 3068 3182 enim
3103 3121 3430 3183 litterarum
3455 3124 3526 3183 ad
3566 3124 3719 3184 illam

353 3215 480 3269 tur.
520 3203 670 3266 Hinc
704 3205 862 3265 nulla
900 3208 1120 3266 mentio
1180 3206 1254 3266 de
1308 3209 1990 3268 Pneumatomachorum

351 3296 585 3356 haresi.
621 3293 764 3355 Cum
797 3303 992 3354 autem
1030 3295 1196 3357 missi
1225 3297 1294 3356 ad
1331 3296 1390 3357 S.
1453 3296 1840 3357 Athanasium
1887 3294 1994 3359 Ga-

351 3385 481 3446 lata
512 3383 726 3444 litteris
756 3385 1173 3464 episcoporum
1211 3384 1455 3447 Gracia
1509 3394 1563 3444 et
1624 3388 1996 3447 Macedonia

351 3475 563 3535 muniti
595 3474 862 3534 venerint
897 3475 996 3548 (bi,
1032 3474 1288 3552 conjicio
1317 3475 1442 3535 hac
1496 3475 1816 3552 contigisse
1873 3495 1985 3536 non

349 3563 533 3626 multo
566 3571 696 3644 post
725 3563 980 3644 synodos
1010 3562 1070 3624 in
1094 3563 1318 3626 Gracia
1352 3578 1404 3623 et
1451 3565 1797 3624 Macedonia
1825 3567 1985 3624 celo-

354 3655 550 3716 bratas
579 3652 738 3723 circa
763 3671 984 3715 annum
1018 3654 1135 3717 363
1172 3654 1263 3732 (ο),
1291 3672 1421 3733 qua
1447 3672 1580 3712 cum
1617 3655 1992 3715 decreverint

351 3743 745 3806 admittendus
767 3761 922 3812 esse,
955 3744 1299 3824 quicunque
1348 3743 1522 3803 [idem
1559 3741 1852 3804 Nicanam
1889 3764 1988 3805 re-

350 3831 1190 3914 ciperent,videnturMarcelli
1211 3833 1537 3912 discipulos
1560 3852 1631 3893 ea
1653 3833 1992 3895 conditione

351 3922 607 3985 libenter
629 3920 984 3998 suscepisse.

432 4009 803 4074 Vll.lnerant
826 4012 1002 4074 etiam
1031 4011 1184 4072 Petri
1208 4011 1362 4089 (ηὲ)
1393 4011 1878 4088 litterisquerela
1895 4013 1965 4072 ad

348 4099 1126 4180 versusDorotbeum,cujus
1151 4100 1452 4162 lenitatem
1479 4120 1547 4162 ac
1577 4101 1954 4161 mansuetudi
1972 4137 1991 4144 -

351 4209 488 4255 nem
513 4189 1101 4270 Petrusrequirebat.
1139 4192 1568 4252 Permolestum
1602 4191 1659 4250 id
1688 4191 1789 4250 fuit
1823 4191 1986 4251 Basi-

351 4278 566 4358 lio,qui
601 4279 859 4358 peccatis
896 4281 1022 4340 suis
1049 4280 1176 4341 fieri
1199 4280 1486 4351 declarat,
1523 4288 1585 4339 ut
1613 4283 1857 4339 fratrum
1894 4298 1990 4357 ορ-

358 4371 485 4432 timi
511 4367 1147 4446 alenitatediscedant,
1177 4389 1283 4431 nec
1308 4370 1376 4428 ad
1402 4369 1722 4429 commissa
1744 4387 1939 4430 mune!
1962 4389 1993 4427 a

352 4458 552 4522 idonei
572 4459 966 4538 reperiantur.
1001 4457 1115 4520 Sed
1149 4470 1461 4535 postquam
1481 4457 1846 4519 Dorotheum
1875 4459 1994 4518 cul-
2019 4451 2059 4499 ο

351 4549 526 4630 pavit,
567 4565 772 4608 rursus
816 4557 1099 4628 peracute
1142 4547 1511 4610 demonstrat
1561 4548 1989 4626 ignoscendum

348 4656 482 4701 esse
504 4637 663 4700 illius
694 4637 910 4707 dolori,
943 4640 990 4698 si
1022 4637 1316 4714 patienter
1365 4638 1575 4699 audire
1603 4656 1718 4697 non
1781 4638 1987 4717 potuit,

345 4747 480 4789 cum
513 4726 722 4789 Petrus
742 4745 943 4788 coram
972 4729 1223 4790 Damaso
1255 4725 1415 4789 inter
1438 4727 1750 4788 hareticos
1773 4746 1988 4788 nume-

345 4823 508 4878 raret
565 4825 833 4878 sanctum
863 4814 1172 4879 Heletium
1233 4826 1293 4877 et
1339 4825 1607 4880 sanctum
1647 4817 1986 4892 Eusebium,

346 4925 492 4987 quos
513 4905 564 4966 si
587 4905 737 4968 nihil
765 4903 953 4978 aliud,
987 4903 1194 4966 saltem
1231 4909 1482 4968 tolerata
1515 4925 1618 4985 pro
1648 4906 1764 4967 fide
1788 4927 1839 4986 ρι
1862 4925 1957 4966 rse

346 4996 504 5058 cutio
521 4992 960 5074 suspicionibus
977 4994 1288 5057 exsolvere
1316 5006 1374 5058 et
1395 4999 1709 5056 cumPetro
1733 4997 1986 5075 eonjun-

343 5103 488 5166 gere
519 5081 970 5146 debuisset.Sed
1001 5093 1288 5162 praterea
1316 5095 1566 5146 testatur
1590 5085 1841 5147 Basilius
1863 5088 1990 5146 ttul-

344 5175 465 5237 lum
526 5188 658 5233 esse
699 5180 876 5234 recta
901 5172 1190 5235 doctrina
1219 5175 1490 5243 verbum,
1527 5176 1681 5256 quod
1713 5195 1826 5234 non
1854 5195 1984 5236 cum

342 5262 796 5327 omnilibertate
821 5261 1430 5346 pradicaverinl,Deo
1453 5274 1604 5328 teste
1629 5274 1686 5324 et
1710 5265 1989 5326 audiente

421 5435 512 5509 (a)
546 5429 788 5495 Collect.
817 5435 1006 5496 Graec.
1044 5433 1254 5515 Patr.,
1286 5443 1327 5496 t.
1362 5433 1435 5516 ll,
1462 5455 1522 5517 p.
1555 5438 1616 5498 3.

425 5511 500 5593 ib)
533 5509 714 5587 Ibid.,
753 5531 807 5591 p.
849 5515 902 5574 l.

420 5557 500 5682 ὶξί
520 5557 1096 5682 Ᾱῖἰῖειὶῖειξξίὲρηειά
1127 5595 1319 5674 aut;
1373 5595 1669 5682 Liberius,
1720 5616 1819 5678 ep.
1856 5596 1976 5675 l3;

339 5673 545 5752 Basil.,
579 5693 676 5758 ep.
703 5675 845 5758 204,
875 5673 940 5741 n‘.
973 5675 1033 5740 6.

2077 3210 2407 3272 Ecclesium
2441 3209 2892 3271 scribendarum
2949 3212 3171 3272 socium
3223 3213 3309 3273 vel
3345 3213 3536 3292 potius
3577 3233 3720 3274 anc-

2078 3312 2265 3360 torem
2301 3300 2560 3360 futurum
2589 3299 3052 3364 fuisse.Videtur
3084 3302 3195 3362 hoc
3221 3302 3538 3362 concilium
3569 3323 3723 3363 anno

2077 3390 2190 3451 377
2224 3389 2486 3450 habitum
2514 3389 2877 3470 fuissszjam
2924 3392 3081 3450 enim
3139 3411 3347 3470 magna
3403 3411 3537 3471 pars
3585 3393 3724 3454 anni

2075 3479 2190 3541 376
2222 3480 2552 3551 efﬂuxerat,
2588 3486 2903 3558 antequam
2969 3480 3184 3542 librum
3243 3501 3414 3541 suum
3475 3481 3723 3562 Amphi-

2076 3570 2268 3631 lochio
2297 3569 2549 3630 Basilius
2579 3569 2856 3632 misisset.

2158 3658 2490 3721 Cotelerius
2531 3668 2585 3721 et
2620 3657 3040 3720 Tillemontius
3069 3661 3139 3734 tl)
3195 3661 3534 3721 existimant
3575 3662 3724 3722 hanc

2075 3749 2485 3827 Amphilochii
2512 3748 2849 3827 epistolam,
2872 3752 3002 3828 qna
3031 3759 3216 3811 exstat
3246 3760 3387 3811 tom.
3412 3748 3488 3810 Ill
3514 3750 3727 3811 Monu-

2076 3847 2415 3899 mentorum
2445 3837 2718 3900 Ecclesia:
2754 3839 3000 3918 Graeca,
3028 3839 3308 3918 scriptam
3337 3858 3467 3900 esse
3489 3839 3559 3899 ad
3594 3841 3725 3918 epi-

2076 3946 2289 4006 scopos
2313 3935 2556 3987 remota
2577 3926 2832 4005 alicujus
2866 3928 3217 4008 provincia,
3246 3927 3349 4004 qui
3394 3947 3526 3988 cum
3555 3937 3725 3988 antea

2075 4016 2624 4077 communicassent
2652 4035 2787 4077 cum
2817 4017 3355 4099 Macedonianis,et
3379 4017 3437 4078 in
3461 4036 3726 4078 commu-

2079 4104 2318 4168 nionem
2353 4124 2486 4166 cum
2522 4104 2842 4166 Catholicis
2869 4106 3067 4167 tedire
3101 4117 3368 4186 averent,
3402 4107 3596 4167 adhuc
3630 4116 3714 4166 ta-

2081 4213 2216 4255 men
2245 4195 2551 4255 fluctuanti
2581 4202 2746 4255 erant
2769 4195 2841 4256 de
2865 4193 3086 4274 Spiritu
3108 4205 3310 4258 sancto
3342 4197 3724 4276 sentcntia,et

2079 4283 2281 4344 mirari
2332 4283 2704 4363 videbantur,
2764 4303 2874 4345 cur
2903 4285 3016 4345 sibi
3061 4285 3132 4346 ad
3185 4287 3548 4347 credendum
3613 4289 3721 4347 huc

2078 4373 2290 4450 dogma
2326 4384 2784 4453 proponeretur,
2819 4375 2893 4436 de
2927 4394 3043 4454 quo
3075 4374 3225 4436 nihil
3279 4387 3564 4435 statuerat
3625 4396 3715 4454 sy-

2081 4463 2271 4523 nodus
2299 4463 2560 4524 Nicaea.

2158 4548 2272 4613 Sed
2301 4553 2504 4612 harum
2523 4571 2721 4612 rerum
2750 4552 2896 4613 nihil
2921 4552 2976 4611 in
3006 4553 3112 4612 hac
3136 4553 3384 4630 epistola
3399 4553 3719 4632 reperitur,

2077 4659 2208 4701 cum
2237 4642 2449 4721 legitur
2499 4643 2802 4703 attentius.
2839 4642 3074 4717 Scripta
3105 4651 3192 4701 est
3225 4641 3378 4700 enim
3407 4643 3476 4702 ad
3513 4641 3720 4703 Eccle-

2075 4729 2383 4809 siam,qua
2412 4749 2444 4790 a
2469 4728 2853 4809 presbyteris,
2875 4728 3146 4808 absente,
3187 4738 3247 4788 ut
3271 4732 3584 4792 verisimile
3609 4741 3716 4796 est,

2075 4819 2148 4879 ob
2172 4827 2651 4898 persecutionem
2688 4819 2948 4898 episcopi
2980 4868 2989 4879 .
3029 4822 3368 4899 regebatur,
3411 4839 3477 4881 ac
3514 4839 3722 4898 magna

2075 4909 2313 4988 quidem
2352 4927 2456 4988 pro
2484 4909 2601 4970 title
2632 4913 2956 4970 certamina
2979 4910 3486 4982 sustinuerat,sed
3509 4910 3722 4990 jurgiis

2075 4997 2493 5060 etdomesticis
2524 4999 2677 5059 odiis
2703 4998 3202 5059 laborabatPatet
3223 5000 3280 5060 id
3311 5020 3376 5060 ex
3408 5001 3501 5061 his
3526 5003 3721 5060 verbis

2078 5088 2189 5166 (ωε
2215 5091 2546 5168 Postquam
2582 5098 2786 5149 autem
2821 5091 3567 5168 litterasquoquepirlalit
3588 5109 3720 5149 res—

2069 5188 2178 5238 ινω
2192 5179 2755 5258 accepimus,aguo:
2768 5183 2921 5241 imus
2935 5196 3005 5240 re
3023 5196 3169 5239 veru
3187 5177 3466 5239 Ecclesia:
3484 5189 3723 5257 (ψη-δίω-

2068 5266 2200 5328 lica
2213 5266 2952 5349 characterem,bouorum
2965 5277 3282 5348 pastorum
3310 5267 3554 5346 zelum,
3581 5285 3592 5326 ἐ
3619 5270 3722 5330 in.-

2147 5437 2232 5514 (d)
2261 5435 2525 5516 Tillem.,
2557 5446 2601 5497 t.
2636 5436 2732 5500 VI.
2767 5457 2823 5516 p.
2858 5437 3004 5500 610.

2148 5515 2553 5598 mulionum”
2584 5517 2745 5578 Eccl.
2774 5515 3009 5598 Graec,
3045 5528 3087 5580 t.
3127 5515 3196 5592 ll,
3227 5538 3287 5598 p.
3320 5518 3418 5580 99.

2143 5598 2212 5674 (fi
2241 5594 2413 5656 Tom.
2447 5594 2548 5672 IX,
2582 5617 2642 5674 p.
2680 5599 2818 5659 6‘24.

2251 5617 2987 5760 vOIEiltlnf’ﬁccz‘Eracq
3033 5688 3182 5743 tom.
3215 5679 3291 5754 ιι,
3328 5697 3384 5759 ρ.
3429 5677 3564 5743 too.
