4142 6386
1793 316 1988 378 PROL
1998 315 2382 379 EGOMENA.

526 449 779 512 Basilius
800 448 929 511 vitae
948 449 1569 529 anachoreticaalonge
1593 452 1948 533 praeferebat
1964 472 2089 515 coe-
2106 458 2147 505 Α
2171 446 2375 511 bastiie
2404 452 2506 533 qui
2536 452 2695 515 illius
2726 454 2953 517 litteras
2980 454 3239 517 libenter
3263 456 3544 536 accipere
3570 456 3822 532 solebat,

446 539 767 601 nobiticam
796 560 810 621 ;
836 540 1135 620 huiusque
1161 540 1413 601 instituti
1434 548 1641 602 auctor
1670 541 1779 603 fuit
1809 549 1866 603 in
1900 542 2087 605 Ponto
2174 546 2347 599 etiam
2383 551 2560 623 atque
2590 544 2769 606 etiam
2808 554 2992 623 rogat,
3031 554 3091 605 ut
3139 545 3372 607 civibus
3403 544 3824 607 Alexandrinis

449 638 507 689 et
528 629 919 709 Cappadocia,
945 631 1162 711 quibus
1189 631 1249 690 in
1276 630 1423 691 locis
1453 632 1544 692 vix
1581 641 1756 693 antea
1788 634 2085 711 cognitum
2176 629 2957 715 propinquimortuicorpus
2974 634 3207 712 publico
3224 634 3499 697 mandato
3514 646 3825 716 exportan—

450 726 595 781 erat.
632 717 828 792 Quare
860 740 992 781 cum
1028 722 1286 782 venisset
1328 721 1386 782 in
1430 722 1731 800 quoddam
1785 733 2088 785 mouaste-
2172 717 2311 806 dum
2342 722 2553 795 tradat,
2589 722 2821 802 illisque
2874 724 3096 804 aliquid
3149 724 3351 785 auxilii
3384 742 3456 784 ex
3495 743 3673 787 cursu
3706 746 3821 806 pu-

444 807 625 884 rium,
663 809 765 871 ubi
824 812 1139 889 separatim
1199 820 1411 872 asceta}
1462 812 1785 892 degebant,
1821 814 2086 875 hortatus
2174 803 2326 866 blico
2351 812 2659 871 concedat.
2704 803 3168 874 Notandaetiam
3196 813 3447 893 epistola
3467 812 3673 893 307,in
3707 803 3822 892 qua

446 910 537 959 est
574 916 676 959 eos
717 899 790 959 ad
844 901 1023 960 vitam
1081 920 1486 962 communem,
1522 902 1591 963 Hi
1644 902 1853 964 docilis
1900 906 2083 966 animi
2170 895 2353 956 virum
2386 908 2683 977 potentem
2711 892 3626 980 rogat,utduobuslitigantibus
3646 923 3819 982 opem

442 988 907 1066 significationes
935 990 1250 1063 dederunt,
1286 997 1347 1052 et
1388 991 1462 1052 de
1517 992 1610 1067 iis,
1646 1012 1776 1072 quas
1839 996 2086 1056 Basilius
2170 982 2339 1057 ferai,
2378 990 2705 1066 prohibens
2746 1010 2818 1052 ne
2863 993 2932 1053 ad
2968 993 3235 1073 judicem
3274 995 3597 1071 introeant,
3634 1011 3821 1072 seque

443 1078 828 1154 disseruerat,
894 1081 1142 1142 Domino
1217 1082 1431 1158 gratias
1495 1092 1765 1161 egerunt,
1824 1086 2086 1165 Cupidus
2162 1074 2569 1152 judicemiliis
2598 1081 3480 1163 praebenszquodsialteruter
3510 1082 3822 1144 sententiae

443 1168 673 1228 sciendi
703 1169 974 1241 Basilius,
1009 1189 1082 1230 an
1116 1170 1287 1231 vitam
1318 1171 1473 1231 illam
1511 1174 1758 1235 testibus
1782 1184 2081 1239 carentem
2170 1181 2287 1252 ηοη
2324 1166 2503 1249 cedit,
2528 1170 2717 1231 ίδνθεη
2742 1172 3019 1251 iniuriam
3048 1171 3377 1252 Patientia“
3405 1190 3572 1252 339"“
3603 1184 3817 1249 [308W-

445 1257 820 1337 reliquerint,
860 1260 1036 1319 mittit
1088 1260 1343 1341 aliquem
1396 1281 1465 1322 ex
1516 1262 1821 1343 fratribus,
1867 1267 1969 1341 qui
2031 1274 2082 1326 et

2173 1251 2311 1314 lauti
2348 1261 2747 1334 patrocinium
2791 1251 3116 1341 impendat.

447 1348 605 1425 quod
631 1348 827 1409 alacre
860 1364 946 1409 est
977 1360 1381 1429 cognoscat,ci
1410 1352 1562 1428 quod
1588 1353 1817 1433 pigrum
1846 1355 2085 1436 excitet,
2179 1432 2188 1436 _
2257 1345 2533 1408 Caetereaa
2554 1351 2757 1411 Basilii
2777 1352 3045 1429 epistola;
3069 1351 3547 1412 salutandicausa
3562 1352 3816 1431 scriptae,

446 1444 505 1495 et
534 1437 690 1516 quod
718 1439 1045 1501 reluctatur
1076 1439 1190 1500 sibi
1222 1440 1467 1503 iudicet,
1592 1432 1601 1433 7
2072 1432 2081 1436 ⁷
2178 1432 2479 1513 leporibus
2513 1457 2579 1499 ac
2613 1441 2903 1520 perpolito
2950 1460 3228 1501 sermone
3262 1459 3468 1501 suaves
3501 1452 3557 1503 et
3586 1441 3820 1520 pietatis

531 1559 591 1617 lu
645 1556 888 1635 epistola
943 1558 1061 1619 9296
1115 1556 1344 1617 viduam
1408 1559 1675 1619 hortatur
1726 1560 2000 1640 Basilius,
2031 1570 2092 1622 ut
2883 1532 3188 1633 90"”1‘?“
3390 1531 3815 1640 sctipmfuni’

450 1614 901 1707 mortemacljei
915 1614 1207 1725 inicius
1221 1614 2092 1726 ἐῶρξέεὲιὶῖξεξευῖἆέ’ἐιζιῖἐειῖἶ
2175 1614 2419 1726 ῗῗἮίηέ
2436 1636 2559 1726 ληοῐ¹
2584 1628 2838 1726 mm?"
2948 1621 3207 1726 εξείνίεξε
3232 1622 3594 1726 Ρ¹¹ί¹³ετί¹ξ¹η
3616 1627 3821 1726 ,Ατὲθ“

446 1731 606 1793 unus
847 1700 1026 1797 mi‘am
1327 1700 1501 1816 eique
1915 1749 1975 1799 ιιι
2028 1739 2088 1800 in
2112 1784 2149 1834 ι,
2173 1704 3824 1834 ἓῖῗξῖττᾲὲἓὶῖἶῖῗξῖἔοξῖἷοὲἳῗςῖίςῗῖἷξὶἱῖῗ.ςὶίῗ.Ξῗῖξῗῗὲῗὲξῖῗ

442 330 621 380 CLVIII

437 1825 797 1885 meditandis
825 1827 1147 1906 Scripturis
1178 1826 1418 1887 assidue
1438 1836 1706 1888 versetur
1742 1830 1926 1890 Mulas
1950 1849 2085 1890 suas

435 1913 559 1973 haec
585 1913 759 1975 vidua
792 1916 1271 1977 commodaverat
1300 1916 1541 1989 Basilio,
1578 1918 1791 1998 quibus
1824 1918 1921 1979 ille
1944 1921 2083 1998 qui-

433 2006 569 2065 dem
597 2024 771 2086 parce
796 2015 1076 2089 tanquam
1100 2010 1225 2070 suis
1249 2028 1389 2070 usus
1412 2018 1501 2070 est
1522 2031 1536 2084 ;
1555 2010 1658 2070 sed
1676 2019 1871 2072 tamen
1894 2011 2085 2073 viduae

432 2094 489 2155 in
523 2113 588 2156 se
615 2097 877 2158 animum
913 2110 973 2158 et
1003 2098 1264 2159 studium
1298 2117 1436 2176 erga
1470 2098 1574 2161 Dei
1619 2119 1769 2180 opus
1792 2101 2083 2162 conside-

433 2201 595 2259 rans,
629 2205 831 2248 earum
878 2206 1048 2249 usum
1105 2189 1340 2266 longius
1372 2191 1750 2269 produxerat.
1787 2192 1976 2252 Aliam
2004 2191 2087 2250 vi-

438 2275 617 2337 duam
660 2279 715 2337 in
746 2278 997 2357 epistola
1054 2280 1325 2358 sequenti
1370 2280 1642 2342 hortatur
1671 2281 1740 2342 ad
1773 2282 2084 2361 pietatem,

436 2366 609 2447 eique
639 2368 1021 2431 commendat
1055 2368 1394 2443 mulierem,
1433 2390 1562 2451 qua)
1586 2371 1737 2432 hanc
1770 2371 2081 2451 epistolam

434 2457 793 2536 perferebat.

515 2572 579 2634 In
611 2575 863 2653 epistola
878 2575 995 2637 ἓθὸ
1021 2576 1311 2637 refellitur
1333 2585 1739 2639 commentum
1769 2577 2080 2656 cujusdam

438 2663 619 2742 plani,
656 2663 756 2745 qui
787 2685 959 2743 aquae
991 2668 1102 2727 vim
1159 2668 1475 2744 quamdam
1530 2667 1727 2728 inesse
1759 2667 2081 2729 absurdam

438 2753 716 2829 tingebat,
746 2764 811 2815 ut
863 2756 1331 2836 simplicioribus
1372 2756 1675 2818 illuderet.
1731 2756 1966 2835 Scripta
1996 2766 2084 2818 est

438 2842 685 2921 epistola
706 2842 822 2907 299
851 2846 973 2906 viro
996 2848 1217 2926 pietate
1250 2846 1489 2925 insigni,
1522 2848 1618 2908 cui
1648 2866 1779 2908 cum
1814 2846 2078 2908 oblatum

2173 1794 2399 1871 optime
2417 1798 3147 1876 seutientem,Pasinicum
3170 1798 3821 1876 medicum,Maguinia-

2172 1899 2334 1954 num,
2374 1886 2826 1963 Hyperechium,
2863 1898 2921 1949 et
2979 1890 3343 1960 Phalerium,
3403 1889 3502 1968 qui
3558 1888 3823 1949 ﬂuviales

2173 1969 2366 2048 pisces
2385 1973 2603 2035 Basilio
2627 1977 3097 2039 miserat.l’lente
3122 1989 3259 2039 sunt
3280 1979 3661 2039 acuminibus
3687 1978 3822 2057 epi-

2170 2060 2335 2121 stolm
2385 2065 2455 2122 ad
2490 2070 2783 2128 notarium
2838 2077 2895 2128 et
2926 2068 3255 2142 librarium,
3287 2069 3391 2129 sed
3446 2068 3719 2147 epistola;
3748 2067 3821 2127 ad

2170 2147 2448 2212 Tlieclam
2473 2157 2743 2215 acumina
2772 2158 2954 2235 magis
2973 2158 3245 2219 redolent
3262 2158 3575 2237 ingenium
3590 2157 3819 2236 Grego-

2172 2240 2243 2300 rii
2268 2238 2619 2306 Nazianzeni
2648 2248 2735 2327 (τι)
2755 2298 2768 2326 ,
2792 2252 2961 2328 cujus
2987 2250 3119 2310 alia;
3152 2256 3271 2311 tres
3305 2256 3536 2310 exstant
3566 2248 3637 2309 ad
3663 2267 3825 2309 eam-

2170 2328 2305 2419 dem
2336 2330 2570 2395 litterm.
2610 2337 2799 2415 Rogat
2831 2357 2958 2399 eam
2997 2338 3055 2399 in
3090 2340 3211 2416 illa,
3244 2357 3376 2419 quae
3403 2348 3491 2399 est
3517 2339 3671 2399 inter
3700 2343 3820 2401 Ba-

2168 2418 2432 2509 silianas,
2463 2424 2735 2507 epistola,
2776 2436 2837 2488 ut
2858 2448 3090 2503 eorum,
3122 2430 3219 2509 qui
3243 2418 3597 2508 conceptum
3620 2428 3817 2489 eccle-

2170 2507 2273 2568 siae
2297 2513 2701 2590 exstruebant,
2740 2518 2935 2578 aridas
2960 2507 3157 2579 lauces
3191 2507 3445 2579 uvarum
3469 2517 3699 2596 liquore
3727 2536 3819 2578 re-

2170 2608 2355 2659 creet.
2385 2602 2544 2662 Anni
2581 2606 2737 2665 enim
2782 2609 3062 2687 praeteriti
3096 2608 3299 2685 frigus,
3330 2605 3584 2685 gemmis
3614 2607 3814 2669 vitium

2170 2689 2442 2763 succisis,
2480 2692 2595 2754 \‘iui
2633 2698 2939 2774 penuriam
2976 2698 3326 2758 adduxerat.
3352 2696 3666 2775 Templum
3703 2698 3819 2759 Na-

2163 2778 2514 2842 zianzenum
2552 2786 2779 2861 magnis
2841 2787 3178 2866 sumptibus
3228 2806 3261 2849 a
3318 2786 3601 2863 Gregorio
3655 2795 3817 2865 patre

2167 2867 2468 2955 conditum
2503 2874 2789 2936 discimus
2821 2896 2890 2937 ex
2922 2876 3209 2955 Theologi
3243 2886 3391 2938 orat.
3438 2877 3529 2937 l9.

441 2942 598 3046 gsset
622 2937 1495 3046 ωιιητξιεσξςηεῑίοξίείητεείιξξιρ
1521 2936 2083 3046 Ιὺοτίιθηυιηςξίξηί-
2246 2954 2318 3018 ll.
2346 2958 2581 3024 Littera:
2614 2936 2920 3026 Basiliiad
2954 2936 3291 3045 Liba—nicum,
3328 2936 3552 3046 etquae
3580 2985 3612 3026 a
3638 2966 3811 3027 Liba-

440 3022 719 3136 ῧξδιζθῐξείξ
748 3025 969 3126 Βεξείιίο
1002 3027 1307 3136 "10.19513!"
1340 3027 1472 3128 fit“
1525 3027 1773 3136 θξδςθνΐεί
1809 3028 2084 3136 finiit-“933
2166 3047 2263 3105 nio
2288 3046 2540 3113 Basilius
2564 3057 3025 3136 accepit,sivere
3052 3022 3633 3136 utriquejtribjuendaa
3653 3065 3813 3134 sunt,

437 3112 1040 3213 administrationem.
1077 3120 1203 3225 Japi
1257 3118 1415 3178 enim
1458 3135 1489 3175 e
1537 3116 1692 3225 civili
1715 3118 1990 3225 potentia
2022 3119 2079 3178 in
2168 3139 2381 3214 partim
2416 3142 2471 3202 in
2504 3112 2747 3205 Secessi:
2783 3112 2980 3207 Basilii
3008 3112 3245 3225 scriptis
3275 3146 3652 3225 sunt,partim
3680 3112 3813 3205 cuni

437 3207 621 3262 ("ium
666 3222 727 3264 se
756 3215 1082 3311 Γίῗοξεβθτεξξ-
1122 3208 1401 3311 βοτίᾶίιξν
1432 3225 1567 3311 eui“
1594 3207 1852 3311 βεξδξίίυδ
1876 3216 1935 3267 Ut
1971 3209 2141 3281 hocC
2168 3207 2233 3285 in
2295 3232 2777 3311 presbyterorum
2866 3207 3149 3297 cathedra
3202 3207 3460 3310 sederet;
3521 3236 3818 3296 nonnullae

440 3309 656 3353 munus
697 3296 968 3373 accipiat,
1000 3298 1265 3377 illudque
1316 3296 1403 3358 sic
1451 3297 1848 3368 administret,
1885 3305 1947 3356 ut
1979 3316 2090 3363 nec

437 3383 761 3458 potentiam
809 3386 1088 3447 formidet
1131 3403 1243 3449 nec
1271 3396 1677 3465 paupertatem
1713 3395 2086 3450 contemnat.

517 3473 863 3552 Sequuntur
896 3483 1017 3537 tres
1048 3476 1258 3536 litterae
1290 3477 1723 3551 consolatorim,
1748 3495 1996 3557 quarum
2026 3479 2084 3537 in

438 3561 629 3639 prima
669 3574 945 3642 parentes
994 3566 1354 3639 consulatur,
1392 3566 1519 3635 ﬁlii,
1565 3586 1739 3645 quem
1774 3568 1844 3627 ad
1894 3568 2085 3629 studia

440 3650 779 3714 litterarum
844 3654 1147 3735 miserant,
1208 3666 1396 3717 morte
1457 3657 1744 3731 afflictos;
1791 3658 1848 3717 in
1901 3658 2085 3718 altera

438 3742 759 3804 Maximum
787 3748 884 3824 qui
912 3764 1151 3807 uxorem
1184 3748 1506 3821 amiserat;
1532 3748 1591 3806 in
1617 3748 1784 3808 tertia
1838 3767 2081 3810 uxorem

439 3831 733 3899 Brisonis.
767 3834 874 3895 viri
905 3848 1083 3896 renus
1115 3836 1173 3896 in
1209 3836 1366 3898 bello
1398 3839 1579 3915 gestis
1613 3839 1778 3907 clari,
1813 3858 1991 3915 quem
2023 3840 2081 3899 in

440 3920 571 3998 ipso
597 3926 787 3985 aetatis
814 3925 958 3985 flore
999 3934 1235 4005 raptum
1261 3926 1585 4005 imperator
1620 3926 2076 4009 desideraverat,

441 4010 658 4073 milites
706 4014 1072 4095 planxeraut,
1110 4016 1359 4095 ejusque
1396 4014 1687 4093 jacturam
1728 4025 1912 4077 totum
1955 4018 2081 4079 fere

442 4103 774 4166 Romanum
805 4107 1117 4185 imperium
1152 4115 1453 4171 senserat.

523 4221 605 4281 Ex
650 4223 1151 4285 commendatitiis
1200 4224 1401 4285 Basilii
1458 4226 1667 4286 litteris
1700 4228 2073 4308 perspicitur.

440 4318 658 4387 quanta
677 4310 1027 4373 auctoritate
1054 4316 1207 4395 apud
1237 4323 1553 4394 potestates
1572 4316 1884 4391 valeret,et
1905 4337 2081 4397 quam

444 4401 699 4461 libenter
729 4402 837 4462 hac
896 4405 1079 4481 gratia
1130 4404 1199 4464 ad
1253 4405 1559 4466 ferendam
1616 4407 1978 4488 pauperibus
2024 4418 2087 4471 et

436 4491 667 4552 aﬁlictis
690 4511 861 4573 opem
890 4494 1377 4572 uteretur.Bogat
1396 4496 1677 4557 comitem
1703 4498 1790 4557 rei
1818 4499 2081 4578 privatae,

438 4582 498 4642 in
532 4581 782 4662 epistola
815 4583 949 4653 303.
988 4592 1047 4643 ut
1095 4585 1400 4665 cujusdam
1456 4587 1570 4648 loci
1606 4588 1839 4662 incolis,
1868 4588 2085 4669 quibus

444 4672 837 4755 imperaverat
861 4675 1296 4753 praestationem
1323 4678 1797 4757 equarum,hanc
1815 4679 2079 4751 multam,

439 4772 645 4842 utpote
677 4762 751 4825 ob
774 4764 917 4825 falsa
942 4763 1197 4825 crimina
1226 4766 1592 4846 impositam,
1627 4767 1910 4829 remittat.
1952 4769 2082 4830 Ple-

437 4872 635 4934 raeque
659 4855 951 4934 ejusmodi
970 4856 1234 4935 epistolae
1257 4858 1655 4920 censitorihus
1676 4858 1894 4939 scripta
1918 4868 2079 4930 sunt,

435 4946 587 5024 apud
622 4964 770 5025 quos
805 4945 1055 5007 Basilius
1082 4946 1492 5027 deprecatoris
1515 4967 1762 5009 munere
1793 4949 2079 5027 fungitur,

439 5053 596 5095 nunc
622 5053 725 5115 pro
753 5036 888 5096 totis
920 5036 1103 5115 pagis,
1130 5047 1194 5097 ut
1225 5038 1283 5098 in
1327 5037 1593 5118 epistolis
1617 5039 1731 5100 308
1751 5047 1806 5099 et
1832 5039 1949 5101 310
1978 5057 2083 5118 pro

439 5122 702 5204 Capralis
730 5133 788 5185 et
817 5126 1174 5188 Ariarathiaa
1196 5128 1447 5203 incolis;
1477 5147 1631 5189 nunc
1662 5148 1764 5209 pro
1784 5130 2086 5202 amicis,ut

438 5213 499 5273 in
520 5214 769 5295 epistola
790 5214 853 5275 ﬁt
872 5214 1043 5295 3,pro
1066 5217 1313 5297 Sulpicii
1339 5216 1597 5277 domoin
1623 5218 1844 5281 Galatia
1875 5239 1886 5292 ;
1926 5238 2085 5280 nunc

441 5323 546 5384 pro
571 5306 922 5366 necessariis
956 5313 1012 5367 et
1036 5309 1322 5385 cognatis,
1353 5316 1414 5368 ut
1437 5308 1494 5369 in
1522 5308 1694 5389 epist.
1724 5309 1839 5371 3l0
1865 5312 2080 5373 et315.

436 5396 709 5455 Paratum
754 5403 881 5456 erat
922 5396 1257 5477 hOSpitibus
1285 5406 1341 5458 et
1369 5398 1703 5478 peregrinis
1740 5398 2078 5479 perfugium

436 5484 712 5558 Basilius,
740 5492 801 5546 ut
833 5492 991 5565 patet
1019 5504 1087 5547 ex
1118 5486 1367 5567 epistola
1389 5488 1530 5551 319.
1563 5489 1957 5569 Principalem
1986 5488 2087 5552 Se-

508 5671 597 5749 ta)
624 5670 761 5733 Naz.
798 5685 894 5747 ep.
932 5668 1033 5743 49,
1074 5666 1208 5750 100,
1245 5670 1389 5733 lOl.

2176 3327 2482 3398 postquam
2516 3325 2585 3383 ad
2622 3326 3024 3403 episcopatum
3062 3326 3348 3404 pervenit.

2251 3408 2338 3469 Ad
2373 3430 2676 3473 secessum
2712 3416 3042 3477 referendae
3073 3417 3350 3476 videntur
3380 3414 3646 3494 epistolae
3677 3414 3813 3486 illa},

2177 3500 2391 3577 quibus
2423 3504 2681 3565 Basilius
2718 3507 3099 3584 Cappadoces
3129 3506 3543 3565 adolescentes
3569 3504 3815 3566 Libanio

2168 3594 2824 3673 commendat,eiquein
2844 3594 3215 3675 disciplinam
3240 3592 3589 3656 tradit.Nam
3613 3600 3818 3673 primae

2168 3685 2539 3760 respondens
2572 3686 2857 3747 Libanius
2892 3686 3139 3747 miratur
3172 3693 3229 3746 et
3260 3684 3479 3761 laudat,
3512 3684 3665 3763 quod
3696 3685 3750 3745 ei
3782 3704 3815 3746 a

2170 3773 2472 3834 nonnullis
2494 3777 2822 3836 nuntiatum
2850 3775 3285 3848 erat,Basilium
3316 3774 3442 3835 vitae
3462 3792 3649 3853 genus
3669 3792 3813 3852 prae-

2166 3864 2596 3925 stantissimum
2653 3868 2981 3944 ingressum
3033 3884 3192 3945 esse,
3225 3874 3399 3944 atque
3454 3864 3567 3924 hoc
3628 3863 3812 3941 magis

2164 3962 2434 4030 spectare
2467 3959 2764 4037 quomodo
2797 3958 3024 4018 amicus
3056 3955 3177 4017 Deo
3203 3955 3433 4027 evadat,
3458 3973 3630 4035 quam
3655 3972 3808 4033 quo-

2166 4042 2341 4103 modo
2374 4064 2584 4106 aurum
2611 4047 2869 4127 colligat.
2899 4047 3075 4108 Paulo
3110 4054 3241 4128 post
3288 4046 3461 4107 aliam
3496 4044 3806 4126 epistolam

2166 4130 2249 4191 sic
2272 4134 2501 4198 orditur
2515 4136 2789 4199 Basilius:
2820 4138 2977 4199 Ecce
3004 4138 3113 4198 tibi
3134 4147 3186 4198 el
3206 4137 3365 4197 alius
3386 4137 3553 4199 venit
3576 4136 3811 4215 Cappa-

2166 4221 2311 4303 dox,
2346 4233 2458 4289 etc.
2494 4228 2665 4290 Hunc
2687 4228 3083 4290 comitabatur
3111 4228 3263 4289 alius
3294 4226 3559 4306 aequalis,
3598 4224 3815 4286 nobilis

2170 4328 2228 4379 et
2250 4320 2379 4400 ipse
2410 4339 2475 4380 ac
2508 4318 2724 4380 Basilio
2761 4320 3001 4389 charus,
3024 4318 3125 4379 sed
3156 4318 3398 4377 minime
3424 4316 3609 4389 dives,
3636 4333 3813 4394 quem

2171 4420 2367 4471 tamen
2394 4410 2644 4471 Basilius
2665 4429 2778 4470 non
2815 4409 3038 4469 idcirco
3061 4409 3215 4489 apud
3245 4407 3557 4468 Libanium
3587 4407 3819 4465 minore

2170 4519 2343 4580 quam
2382 4502 2528 4561 alios
2559 4501 2615 4561 in
2644 4502 2835 4581 pretio
2865 4500 3123 4561 futurum
3152 4507 3369 4578 sperat.
3395 4500 3559 4558 Hanc
3591 4494 3816 4574 episto-

2171 4590 2285 4651 lam
2314 4591 2591 4653 Libauius
2623 4593 2697 4651 ad
2728 4590 2943 4652 caelum
2969 4590 3161 4661 effert,
3198 4605 3381 4667 seque
3412 4586 3512 4646 illa
3546 4584 3817 4665 privatim

2169 4676 2321 4739 lecta
2347 4679 2708 4740 exclamasse
2732 4685 2956 4751 narrat,
2997 4676 3198 4738 Victus
3216 4692 3384 4751 sum,
3406 4683 3463 4734 et
3485 4690 3616 4735 cum
3650 4687 3817 4731 eam-

2167 4772 2301 4831 dem
2336 4771 2573 4849 legisset
2605 4768 2848 4849 Alypius
2899 4786 3095 4829 coram
3158 4764 3426 4847 pluribus
3481 4760 3813 4833 honoratis,

2168 4879 2376 4921 omnes
2399 4859 2618 4921 Basilio
2647 4859 2901 4937 palmam
2920 4855 3526 4919 detulisse.Caeterum
3552 4850 3820 4932 pecunia)

2167 4958 2573 5030 contemptum
2600 4967 2720 5029 prie
2752 4966 2817 5008 se
2842 4948 2952 5009 fert
2972 4947 3275 5017 Libanius,
3303 4964 3369 5004 ac
3393 4961 3685 5024 pauperes
3719 4942 3815 5001 di-

2168 5041 2372 5104 scendi
2403 5038 2702 5100 studiosos
2728 5038 2908 5118 pluris
2936 5038 3088 5117 apud
3148 5056 3211 5097 se
3252 5054 3425 5116 quam
3451 5035 3665 5095 divites
3687 5030 3817 5092 fieri

2169 5132 2454 5201 detlarat,
2483 5129 2754 5208 quamvis
2781 5130 2907 5208 ipse
2941 5127 3155 5189 talibus
3182 5146 3297 5187 non
3333 5142 3475 5185 usus
3516 5125 3591 5183 sit
3624 5127 3817 5199 magi--

2169 5227 2307 5281 stris
2360 5219 2589 5281 Laudes
2622 5218 2880 5279 vicissim
2933 5217 3209 5297 rependit
3252 5214 3497 5277 Libauio
3530 5210 3814 5283 Basilius,

2170 5320 2227 5373 et
2261 5311 2372 5371 iste
2406 5326 2617 5370 rursus
2651 5308 2826 5368 instat
2856 5307 2915 5368 in
2963 5306 3299 5368 extollendo
3334 5303 3569 5366 Basilio.

2250 5399 2364 5463 Sex
2395 5398 2753 5475 litterarum,
2787 5416 2918 5477 qua;
2948 5396 3165 5460 Basilio
3197 5394 3543 5476 presbytero
3575 5392 3814 5469 scripta

2168 5492 2466 5560 videntur,
2491 5489 2615 5549 haec
2635 5487 2745 5549 fuit
2766 5486 3019 5549 occasio.
3044 5488 3234 5565 Rogat
3257 5482 3595 5561 Basilius(bi
3628 5479 3808 5542 Liba-

2255 5662 2333 5743 (b)
2368 5657 2476 5740 Fp.
2510 5657 2651 5722 251.
