4142 6408
1569 322 1757 386 VITA
1804 322 1872 383 S.
1920 322 2229 386 BASILII.
2298 378 2305 388 .

3496 341 3630 390 CLIX

227 467 392 529 nium
424 472 489 527 ut
519 463 591 527 ad
626 482 692 526 se
717 463 908 523 mittat
937 461 1477 539 orationem,quam
1501 457 1562 518 in
1582 456 1887 519 hominem
1916 465 1947 507 Α
1978 456 2150 532 paulo
2183 465 2315 538 post
2337 456 2544 520 Basilii
2568 458 2629 520 in
2659 457 2915 519 reditum
2935 459 2996 519 in
3019 457 3456 539 Cappadociam
3481 461 3627 523 scri-

232 550 1056 634 morosuerequentissimo
1089 557 1383 611 conventu
1420 567 1487 609 ac
1514 548 1768 609 maxima
1787 566 1888 609 ce-

229 640 1236 725 lebritate,pronuntiaverat.Mittit
1268 637 1550 700 Libanius
1580 638 1733 699 hanc
1756 656 1889 699 ora-

232 736 476 815 tionem,
503 752 687 813 seque
723 740 983 793 tremere
1009 729 1326 807 signiﬁcat.
1362 728 1597 789 Lectam
1629 728 1885 790 Basilius

232 825 291 886 in
334 832 493 885 astra
548 821 724 883 tollit.
759 820 995 883 Gratias
1026 818 1145 897 agit
1174 817 1476 889 Libanius,
1511 835 1579 877 ac
1620 817 1878 877 vicissim

235 914 379 993 petit
404 912 732 973 orationem
782 908 985 971 Basilii
1021 909 1081 969 in
1114 908 1408 987 ebriosos,
1433 926 1609 987 quam
1648 908 1883 986 perfec-

234 1013 350 1063 tam
380 1000 631 1063 Athenis
666 1020 841 1081 quam
867 996 1244 1081 Cappadocia
1274 995 1881 1075 dignioremjurlicat.

233 1092 306 1154 At
334 1091 584 1155 Basilius
606 1092 819 1153 Atticae
850 1087 1209 1169 eloquentiae
1232 1088 1466 1149 laudem
1494 1085 1550 1146 in
1581 1085 1777 1164 ipsum
1800 1088 1886 1147 Li-

235 1181 469 1243 banium
487 1190 1011 1263 retorquet,seque
1034 1180 1393 1257 piscatorum
1416 1176 1772 1255 discipulum
1798 1194 1886 1237 es-

234 1288 297 1332 se
331 1272 673 1349 profitetur.

313 1360 454 1421 Duaa
477 1370 703 1422 tantum
721 1360 990 1439 epistolae
1013 1367 1183 1419 notas
1202 1358 1574 1437 episcopatus
1601 1352 1885 1418 referunt.

1975 553 2073 622 pta
2094 555 2204 620 est,
2241 567 2375 609 cum
2408 547 2674 612 Alcimus
2706 546 2951 609 Romam
2987 548 3370 627 proficiscens
3406 566 3615 613 curam

1973 632 2477 698 instituendorum
2514 656 2762 716 puerum
2787 637 2839 697 ei
2866 637 3275 717 imposuisset.

2052 724 2165 787 Sed
2203 726 2396 806 prima
2452 727 2595 789 sede
2636 735 2950 807 utramque
2982 727 3296 807 epistolam
3334 746 3476 791 ecce
3509 730 3623 793 alia

1971 814 2196 895 pellere
2222 816 2427 878 nititur
2457 815 2601 879 Nam
2639 819 2721 896 ((1)
2756 836 2888 877 cum
2923 818 3280 879 adolescens
3310 820 3623 900 Cappadox

1969 904 2039 965 ad
2074 904 2381 968 Libanium
2419 907 2835 969 venissetcum
2872 907 3087 969 litteris
3116 907 3316 969 Basilii
3353 928 3622 986 conque-

1972 996 2178 1073 rentis,
2215 997 2369 1076 quod
2404 999 2490 1058 sui
2540 997 2848 1058 Libanium
2901 998 3158 1075 cepisset
3203 998 3621 1079 oblivio;quo-

1974 1086 2147 1146 modo
2182 1086 2293 1148 hoc.
2329 1088 2619 1149 criminen
2654 1107 2686 1147 a
2711 1106 2775 1148 se
2808 1086 3114 1167 propulsat
3147 1087 3458 1149 Libanius‘?
3481 1091 3611 1151 Non

1971 1173 2223 1253 scriptas
2269 1194 2301 1236 a
2346 1195 2411 1236 se
2444 1177 2723 1256 epistolas
2754 1178 3320 1251 commemorat,sed
3361 1180 3514 1241 aitse
3545 1179 3619 1240 de

1970 1262 2189 1325 Basilio
2240 1267 2297 1326 in
2331 1268 2573 1346 patriam
2609 1286 2848 1329 reverso
2901 1268 3221 1329 sollicitum
3274 1268 3483 1341 fuisse,
3520 1289 3622 1330 ec-

1973 1354 2130 1434 quod
2168 1355 2299 1416 vitae
2328 1374 2515 1432 genus
2544 1357 2853 1437 amplexus
2875 1365 3052 1429 esset,
3089 1377 3226 1417 num
3255 1359 3312 1418 in
3343 1358 3465 1419 foro
3494 1378 3631 1420 ver-

234 1450 521 1511 Libanius
550 1450 814 1512 avaritiae
840 1450 1154 1529 episcopus
1175 1455 1506 1519 accusat,et
1528 1454 1748 1525 quanto
1767 1466 1887 1507 (‘33-
1971 1452 2371 1517 saretur,num
2408 1446 2679 1507 rhetores
2703 1447 2966 1509 efficeret
2988 1448 3406 1527 Cappadocum
3435 1449 3612 1523 filios;

232 1539 376 1599 teris
428 1540 660 1599 doctior
710 1538 983 1617 Basilius,
1022 1547 1180 1599 tanto
1231 1536 1634 1598 reslrictorem
1669 1536 1731 1596 in
1764 1537 1888 1597 lar-
1971 1533 2147 1594 atuhi
2179 1553 2246 1595 ex
2281 1535 2588 1597 nonnullis
2619 1555 2650 1597 e
2684 1536 3059 1616 Cappadocia
3118 1536 3491 1598 venientibus
3525 1538 3620 1598 di-

227 1628 447 1703 giendo
480 1628 743 1689 futurum
778 1628 1136 1708 suspicatur.
1171 1626 1324 1689 Petit
1355 1634 1552 1689 tamen
1579 1625 1651 1685 ab
1678 1644 1747 1686 eo
1774 1634 1888 1687 tre-
1972 1622 2211 1684 dicisset
2245 1642 2379 1684 eum
2412 1623 2587 1703 longe
2620 1626 3086 1706 praestantiorem
3113 1628 3261 1687 viam
3288 1628 3618 1705 ingressum

230 1726 407 1779 centa
439 1718 621 1795 tigna,
652 1736 725 1779 ne
756 1716 867 1778 sub
899 1718 992 1777 dio
1022 1717 1290 1777 hiemare
1329 1726 1594 1793 cogatur.
1633 1715 1885 1777 Basilius
1914 1788 1944 1805 η
1970 1730 2124 1805 esse,
2162 1718 2286 1805 tum
2319 1732 2454 1775 vero
2480 1714 2682 1805 beatos
2712 1716 2833 1777 sibi
2868 1726 2926 1776 et
2959 1717 3337 1796 Cappadoces
3364 1726 3424 1777 et
3446 1717 3617 1779 Basi-

232 1790 924 1883 Libanio'Judicandum
980 1806 1289 1885 relinquit,
1320 1790 1432 1866 utri
1464 1807 1584 1867 sint
1614 1805 1882 1867 tenacio-
1914 1790 1945 1831 ⁸
1970 1802 2112 1863 lium
2148 1803 2299 1864 visos
2342 1822 2493 1866 esse.
2532 1803 2656 1865 Non
2690 1805 2991 1867 immerito
3042 1790 3182 1881 ergo
3234 1807 3357 1866 haec
3388 1806 3619 1867 Libanii

234 1914 331 1958 res
361 1896 626 1976 episcopi
661 1916 735 1956 an
775 1897 1079 1975 sophistae;
1114 1914 1249 1956 cum
1280 1895 1562 1975 sophistae
1613 1895 1880 1957 venalem
1968 1890 2220 1971 epistola
2249 1893 2516 1955 omnium
2552 1896 2743 1975 prima
2768 1895 2838 1956 ad
2874 1894 3155 1956 Basiliam
3186 1900 3404 1975 scripta
3427 1895 3619 1956 videa-

238 1985 636 2065 eloquentiam
675 1994 1029 2065 proponant,
1065 1984 1484 2065 episcoporum
1519 1984 1719 2045 nullus
1750 2004 1883 2046 om—

240 2076 380 2138 nino
431 2075 742 2154 vestigales
798 2075 1126 2155 discipulos
1181 2075 1376 2137 faciat.
1413 2075 1589 2136 Mittit
1640 2074 1883 2136 Libanio

239 2166 395 2247 quod
456 2166 733 2246 petierat,
790 2174 848 2227 et
894 2164 1079 2227 debiti
1139 2165 1435 2226 solutione
1484 2164 1724 2226 ﬂuvium
1772 2165 1882 2227 Al-

241 2256 474 2337 phaaum
508 2255 843 2334 obstringit.

320 2344 510 2422 Magni
532 2344 673 2405 fecit
701 2345 803 2406 hrs
835 2344 1114 2423 epistolas
1135 2342 1576 2424 Tillcmontius,
1609 2364 1718 2406 nec
1742 2364 1879 2424 pro-

236 2436 336 2498 hat
377 2453 478 2496 ees
511 2434 569 2497 in
602 2433 849 2495 dubium
886 2432 1171 2494 revocari.
1207 2434 1416 2513 Neque
1448 2435 1605 2495 enim
1638 2444 1737 2495 aut
1768 2436 1882 2497 Ba-

235 2524 352 2588 silii
406 2531 507 2585 aut
550 2522 868 2584 amicitiam
902 2540 1036 2583 cum
1089 2521 1349 2589 ethnico,
1385 2531 1485 2583 aut
1517 2522 1671 2601 quod
1704 2523 1882 2584 Liba-

238 2611 372 2672 nius
404 2611 582 2689 plena
602 2629 782 2671 manu
817 2628 1118 2671 secessum
1152 2610 1344 2670 Basilii
1378 2609 1597 2683 laudat,
1625 2612 1762 2672 satis
1782 2630 1880 2671 ar-

235 2700 500 2779 gumenti
531 2719 662 2762 esse
693 2701 878 2780 ducit,
931 2718 1036 2760 cur
1068 2700 1158 2761 hae
1189 2699 1540 2777 rejiciantur
1590 2700 1876 2779 epistolas-

236 2790 575 2852 Assentirer
621 2790 899 2871 equidem
950 2788 1411 2861 Tillemontio,si
1445 2789 1532 2851 his
1557 2797 1782 2850 tantum
1807 2791 1882 2853 de

1969 1988 2083 2041 tur.
2136 1980 2288 2042 Illud
2334 1983 2510 2044 etiam
2564 1985 2825 2045 occurrit
2860 1981 3245 2063 incommodi,
3282 1982 3439 2063 quod
3482 2002 3613 2043 cum

1969 2070 2188 2148 scripta
2240 2071 2507 2132 videatur
2538 2092 2655 2134 non
2695 2074 2894 2135 multis
2942 2072 3114 2134 annis
3169 2082 3301 2153 post
3359 2071 3617 2134 reditum

1969 2158 2170 2220 Basilii
2212 2159 2273 2221 in
2311 2160 2767 2241 Cappadociam.
2804 2172 2942 2223 tunc
2974 2171 3168 2225 tamen
3203 2161 3613 2244 presbyterum

1966 2249 2149 2311 fuisse
2180 2250 2458 2312 Basilium
2483 2252 2950 2333 autepiscopum
2980 2272 3048 2315 ex
3072 2252 3188 2314 alio
3224 2253 3353 2313 loco
3389 2261 3613 2332 pateat.

1967 2338 2063 2401 Sit.
2095 2340 2256 2401 enim
2284 2340 2491 2421 incipit
2514 2342 2764 2405 Basilius
2796 2344 3105 2424 epistolam
3157 2344 3268 2407 337
3302 2364 3313 2405 :
3353 2343 3507 2406 Ecce
3540 2344 3620 2405 ti-

1968 2426 2029 2489 bi
2049 2427 2299 2490 exalius
2312 2431 2476 2491 venit
2497 2430 3030 2512 Cappadox,mens
3049 2439 3106 2494 et
3126 2433 3250 2512 ipse
3274 2432 3622 2509 ﬁtius.0m-

1967 2535 2066 2578 nes
2082 2519 2241 2578 enim
2275 2520 2434 2581 vobis
2464 2520 2713 2599 adoptat
2742 2522 3013 2598 dignitas
3048 2520 3182 2601 illa,
3210 2522 3273 2581 in
3309 2539 3429 2601 qua
3463 2538 3622 2583 nunc

1965 2622 2195 2668 sumus.
2230 2605 2393 2668 IIanc
2426 2616 2627 2670 autem
2674 2609 2984 2689 epistolam
3017 2611 3189 2692 paulo
3225 2620 3355 2692 post
3388 2629 3617 2691 prtere-

1967 2697 2202 2757 dentem
2238 2700 2519 2779 scriptam
2538 2718 2669 2760 esse
2689 2709 2843 2780 patet
2860 2720 2927 2762 ex
2960 2703 3347 2782 responsione
3365 2701 3617 2767 Libanii.

1969 2785 2102 2847 Scio
2128 2785 2541 2866 tc,inquit,hoc
2573 2791 2778 2851 crebro
2807 2794 3207 2871 scripturum,
3245 2792 3393 2853 Ecce
3421 2792 3528 2852 tibi
3560 2800 3616 2852 et

244 2880 443 2940 causis
478 2879 641 2957 rejici
672 2879 1105 2941 deberent.Sed
1126 2878 1253 2939 aliae
1286 2879 1545 2939 rationes
1576 2889 1895 2960 suppetunt
1974 2874 2135 2936 alius
2180 2880 2336 2939 venit
2366 2880 2948 2958 Cvppadoxdlultas
2978 2888 3432 2960 namque,puto,
3468 2883 3617 2940 mis-

237 2969 412 3045 longe
442 2970 770 3047 graviores.

316 3057 735 3122 III.t°Nihihil
761 3058 977 3118 habent
1008 3057 1408 3131 haelitterze,si
1436 3077 1616 3119 unum
1651 3068 1747 3120 aut
1792 3060 1883 3119 al-
1909 3115 1945 3145 ρ

239 3158 428 3212 terum
453 3148 648 3209 locum
676 3148 966 3228 excipias,
996 3148 1155 3228 quod
1183 3166 1458 3225 magnum
1480 3149 1677 3210 Basilii
1712 3150 1882 3228 inge-

239 3240 401 3301 nium
431 3240 725 3319 redoleat,
750 3238 899 3299 nihil
932 3238 1087 3315 quod
1118 3238 1344 3299 Libanii
1376 3238 1531 3299 fama
1562 3259 1677 3299 non
1714 3241 1886 3317 longe

235 3330 432 3391 minus
466 3329 563 3391 sit.
598 3330 725 3389 Non
756 3347 1010 3406 agnoseo
1043 3328 1321 3389 Basiliam
1379 3333 1439 3387 in
1492 3329 1603 3389 hoc
1657 3328 1884 3390 insulso

233 3422 434 3500 lepore
457 3422 541 3500 ta)
577 3437 590 3480 :
626 3419 766 3480 l'eto
797 3421 965 3481 niveo
1012 3424 1198 3480 tectus
1245 3416 1560 3497 epistolam
1618 3420 1837 3498 scripsi
1868 3468 1883 3492 ,

234 3528 413 3589 quam
446 3527 577 3570 cum
610 3510 926 3588 acceperis
956 3516 1008 3568 et
1039 3526 1223 3569 manu
1274 3509 1623 3584 contigeris,
1669 3511 1887 3570 senties

236 3619 419 3680 quam
450 3602 525 3661 sit
557 3598 1090 3678 gelida,quamque
1106 3600 1336 3674 referat
1357 3615 1493 3658 eum
1512 3616 1547 3658 τι
1569 3615 1684 3676 quo
1701 3599 1885 3661 missa

233 3697 340 3769 est,
367 3691 706 3751 latitantem
752 3705 857 3749 nec
881 3696 1058 3749 errtra
1092 3688 1256 3766 aedes
1303 3688 1641 3766 prospicere
1672 3687 1887 3750 valen-

234 3786 373 3842 tem.
411 3778 585 3837 Multo
622 3777 817 3837 minus
850 3777 1093 3837 dixisset
1148 3776 1399 3837 Basilius
1438 3776 1519 3855 (b)
1550 3777 1631 3857 (ὁ)
1655 3777 1884 3839 Libanii

232 3874 556 3930 orationem
590 3866 891 3927 admirans
924 3886 937 3925 :
978 3865 1031 3927 Ο
1059 3884 1243 3927 music
1277 3874 1330 3926 et
1361 3865 1584 3927 littera:
1607 3874 1662 3928 et
1694 3868 1885 3929 Athe-

232 3976 351 4033 nae,
384 3955 601 4036 qualia
648 3955 976 4030 targimini
1020 3958 1239 4016 vestris
1268 3956 1683 4017 amatoribus!
1742 3955 1886 4029 Quis

234 4046 444 4128 probet
486 4044 629 4106 illud
682 4043 912 4106 Libanii
949 4044 1067 4125 (c):
1106 4044 1350 4107 Horren
1396 4063 1467 4106 ac
1498 4052 1699 4125 tremo,
1752 4066 1886 4110 cum

231 4153 362 4196 eam
384 4135 543 4196 diem
578 4150 812 4195 mecum
836 4140 1209 4213 reputo,qua
1233 4151 1430 4196 meam
1454 4135 1738 4213 inspicies
1760 4155 1888 4197 ora-

230 4228 458 4288 tionem
484 4242 497 4286 :
537 4226 657 4285 imo
688 4225 875 4285 etiam
905 4223 1035 4301 fere
1064 4232 1257 4284 mente
1286 4225 1495 4302 lapsus
1520 4242 1655 4286 sum
1678 4224 1708 4284 ἱ)

1973 2980 2159 3026 suras
2172 2966 2539 3029 es.Nondum
2574 2987 2713 3047 ergo
2735 2970 2948 3030 multos
2975 2971 3213 3031 miserat
3231 2969 3613 3042 Basilius,sed

1972 3056 2203 3119 initium
2239 3059 2473 3121 dicebat
2506 3061 2776 3123 mittendi
2828 3074 2887 3123 et
2935 3062 3238 3124 scribendi
3270 3063 3341 3124 At
3375 3061 3426 3123 si
3460 3070 3616 3123 tanta

1934 3146 1944 3163 ‘
1972 3148 2080 3208 fuit
2110 3149 2391 3210 Basiliam
2421 3150 2576 3212 inter
2602 3160 2655 3212 et
2690 3151 2999 3214 Libanium
3027 3152 3621 3232 necessitudo,quan-

1973 3247 2028 3298 ta
2052 3238 2144 3298 his
2175 3238 2390 3300 litteris
2426 3240 2912 3321 perspicitur,vix
2941 3242 3227 3303 credibile
3259 3250 3346 3304 est
3370 3251 3487 3302 tum
3517 3241 3619 3303 de-

1974 3346 2130 3387 mum
2162 3332 2316 3390 inter
2339 3349 2440 3390 eos
2466 3331 2768 3392 silentium
2793 3334 2988 3411 rumpi
3024 3333 3435 3412 cmpisse,cum
3458 3334 3617 3394 Basi-

1971 3417 2084 3478 lius
2115 3420 2445 3481 sacerdotio
2479 3420 2915 3497 fungeretur,id
2948 3423 3237 3495 esl,annis
3272 3442 3481 3483 novem
3515 3434 3616 3485 aut

1970 3506 2176 3567 decem
2206 3517 2333 3587 post
2359 3509 2558 3571 Basilii
2590 3510 2844 3571 reditum
2888 3512 2945 3572 in
2979 3510 3434 3591 Cappadociam.
3466 3512 3612 3588 Hoc,

1972 3597 2210 3673 inquam
2240 3598 2325 3659 vix
2362 3598 2649 3661 credibile
2681 3609 2886 3679 est,ac
2924 3610 3211 3681 praeterea
3240 3614 3461 3681 pugnat
3482 3624 3613 3664 cum

1972 3686 2089 3747 alia
2131 3688 2403 3767 epistola,
2464 3688 2523 3748 in
2556 3706 2670 3769 qua
2718 3689 2994 3750 Basiliam
3030 3690 3328 3751 laudatum
3362 3691 3618 3752 vidimus

1973 3778 2127 3856 quod
2166 3778 2324 3855 prior
2341 3778 3004 3859 seripsisset,tum,cum
3032 3781 3503 3843 adolescentium
3531 3782 3618 3842 in-

1972 3866 2406 3929 stituendorum
2435 3887 2649 3929 munus
2678 3869 3061 3949 suscepisset,
3085 3870 3142 3930 id
3165 3878 3255 3932 est
3283 3880 3416 3933 octo
3447 3872 3620 3934 anuis

1972 3964 2286 4031 antequam
2314 3956 2619 4037 presbyter
2651 3957 2840 4018 fieret.

2013 4048 2305 4110 Praeterea
2335 4068 2404 4110 ex
2433 4050 2683 4127 epistola
2705 4052 2820 4114 315
2854 4050 3152 4130 colligitur
3184 4051 3487 4113 Libanium
3514 4055 3618 4115 Ba-

1972 4138 2093 4199 silii
2116 4138 2591 4218 condiscipulum
2626 4140 2833 4215 fuisse;
2866 4141 2995 4220 ipse
3027 4159 3162 4202 vero
3192 4142 3453 4219 magistri
3480 4162 3618 4203 mu-

1973 4248 2083 4289 nus
2112 4228 2466 4290 sustinuisse
2498 4248 2560 4289 se
2594 4228 2819 4291 indicat
2863 4229 2921 4289 in
2978 4229 3151 4310 epist.
3212 4232 3350 4295 355.
3381 4230 3523 4293 Nam
3557 4231 3616 4292 in

310 4319 372 4375 2°
401 4314 577 4376 Multa
609 4312 668 4373 in
702 4312 793 4373 his
820 4312 1089 4392 epistolis
1127 4317 1188 4375 et
1220 4331 1353 4372 cum
1384 4313 1589 4375 Basilii
1619 4314 1798 4376 rebus
1830 4324 1889 4377 et
1913 4395 1939 4399 _,
1975 4338 2029 4397 pl
2050 4319 2167 4378 ima
2202 4318 2815 4398 queriturquod,cum
2843 4318 2903 4379 in
2932 4321 3205 4399 praetorio
3231 4322 3303 4383 de
3324 4341 3488 4383 more
3508 4340 3621 4382 una

229 4422 430 4467 secum
463 4399 1102 4464 disconveniunt.Tres
1136 4401 1399 4479 epistolae
1430 4402 1505 4462 ita
1534 4422 1734 4463 secum
1768 4424 1882 4483 pu-
1911 4395 2102 4468 Deum
2137 4395 2351 4467 Basilio
2378 4395 2741 4481 versaretur,
2777 4395 3036 4489 eumque
3081 4420 3318 4489 rogaret
3349 4420 3411 4471 ut
3434 4429 3498 4471 se
3529 4410 3620 4471 in-

231 4500 510 4574 gnant,ut
533 4491 690 4553 nulla
706 4491 783 4553 sit
806 4510 873 4552 ex
892 4490 1245 4571 tribus,quae
1263 4508 1377 4552 non
1407 4491 1595 4570 prima
1618 4495 1882 4554 omnium

1974 4497 2313 4558 traduceret
2344 4497 2404 4559 in
2442 4497 2799 4578 profundum
2836 4497 3134 4561 Homerici
3168 4501 3472 4578 furoris,id
3501 4501 3615 4561 im—

232 4584 452 4664 scripta
478 4582 765 4644 videatur.
803 4580 971 4643 Hunc
998 4580 1112 4640 sibi
1145 4582 1615 4641 locumvindicet
1638 4583 1887 4661 epistola
1975 4600 2205 4666 petrare
2242 4607 2356 4648 non
2391 4589 2667 4665 potuerit.
2700 4591 2763 4649 In
2794 4588 2977 4648 altera
3008 4600 3203 4649 autem
3254 4589 3449 4651 Basilii
3481 4609 3616 4650 ora-

230 4676 555 4753 345,quam
580 4670 894 4748 sicincipit
918 4669 1428 4751 Libanius:.llagis
1449 4672 1716 4733 arbitror
1737 4674 1888 4736 mihi
1979 4678 2201 4738 tionem
2233 4688 2440 4740 contra
2472 4677 2742 4738 ebriosos
2775 4679 2859 4738 sic
2886 4680 3117 4741 extollit
3150 4680 3445 4753 laudibus,
3468 4689 3531 4739 ut
3556 4697 3621 4740 se

229 4782 375 4844 opus
397 4781 525 4825 esse
544 4761 1130 4839 excasntiomguod
1152 4779 1270 4822 non
1296 4764 1439 4821 olim
1461 4761 1540 4822 ad
1564 4768 1619 4823 te
1638 4764 1896 4825 scribere
1981 4767 2115 4827 talia
2133 4767 2298 4827 illum
2317 4787 2432 4828 non
2458 4765 2737 4828 docuisse
2765 4766 3341 4829 fateatur.Videntur
3366 4786 3509 4845 ergo
3532 4769 3621 4828 ha;

232 4854 587 4931 inrceperim
604 4869 963 4931 quamnunc
979 4850 1896 4930 recusationequodscriberein-
1980 4856 2176 4918 Basilii
2209 4857 2278 4917 ad
2317 4856 2627 4919 Libanium
2654 4865 2712 4915 et
2740 4855 2969 4915 Libanii
2989 4857 3061 4918 ad
3095 4856 3384 4917 Basiliam
3411 4858 3621 4917 litterae

226 4944 478 5024 cipiunt.
536 4939 700 5001 Tunc
723 4939 977 5018 primum
1005 4957 1144 5017 ergo
1171 4938 1471 4999 scribebat
1494 4939 1790 5015 Libanius,
1830 4947 1885 5003 et

228 5034 395 5111 prior
420 5029 719 5092 scribebat
742 5028 1115 5093 Basilio.Sed
1138 5028 1442 5109 quomodo
1462 5030 1514 5089 id
1542 5032 1886 5093 conciliabi-

232 5142 365 5184 mus
391 5140 526 5183 cum
564 5120 816 5198 epistola
841 5118 979 5191 358,
1017 5118 1075 5179 in
1108 5138 1224 5198 qua
1269 5117 1524 5179 Basilius
1575 5120 1877 5194 laudatur,

226 5211 380 5293 quod
398 5210 699 5272 scribendi
730 5215 1025 5288 incaeptor
1056 5207 1263 5269 fuerit?
1280 5206 1360 5268 Eo
1389 5211 1877 5289 aequiusvidetur,

223 5312 284 5365 ut
313 5303 441 5364 haec
463 5299 713 5381 epistola
737 5298 854 5365 358
878 5306 1129 5380 primum
1165 5306 1449 5360 sortiatur
1472 5300 1689 5373 locum,
1721 5302 1877 5381 quod

301 5462 385 5544 (ιι)
417 5463 531 5544 Ερο
568 5460 717 5544 350-

300 5541 387 5623 (b)
416 5542 525 5621 Ep.
560 5541 697 5605 353.

1969 4945 2028 5006 in
2057 4946 2309 5007 maxime
2342 4945 2545 5008 dubiis
2567 4945 2878 5025 ponendm.

2046 5034 2267 5097 IV.Sex
2299 5048 2641 5113 sequentes,
2664 5042 2727 5095 nt
2760 5033 3077 5096 manifeste
3105 5036 3345 5115 spuria},
3378 5038 3451 5097 ab
3484 5058 3618 5100 om-

1968 5125 2143 5186 nibus
2176 5125 2415 5204 explodi
2448 5125 2695 5197 debent,
2721 5124 2768 5182 si
2805 5131 2999 5184 tamen
3029 5124 3290 5205 excipias
3320 5128 3616 5205 ultimam,

1966 5233 2140 5291 quam
2161 5213 2575 5275 Tillexnontius
2601 5231 2717 5273 non
2744 5211 2985 5273 omnino
3012 5213 3402 5294 rejiciendam
3430 5228 3612 5296 putat,

1963 5303 2230 5384 quamvis
2246 5303 2407 5364 illius
2424 5303 2684 5365 rationes
2705 5320 2822 5363 non
2835 5301 3002 5365 valde
3029 5303 3373 5382 probabiles
3396 5307 3538 5383 sint,
3555 5318 3616 5369 ut
