4142 6390
1628 317 1815 385 VlTA
1862 319 1921 383 S.
1976 315 2255 381 BASILII

3472 329 3656 379 CLXIII

277 468 489 535 mundi
514 468 806 550 sapientia
830 473 1061 528 tantum
1085 463 1397 540 distitisse,
1422 465 1708 550 quantum
1723 455 1795 519 ad
1817 474 1921 517 re-
1945 475 1975 510 Α
2008 453 2078 514 ad
2103 453 2327 550 ingenii
2352 451 3141 550 exercitationem-eligam;
3162 452 3654 550 cumprzesertiiu

278 580 411 623 rum
444 544 713 621 verarum
749 554 1059 619 scientiam
1085 544 1768 633 appropinquabat.Nam
1793 564 1923 607 sau-

281 659 442 711 ctum
479 648 798 713 Eusebium
825 661 1125 705 sacrarum
1145 642 1387 722 quidem
1412 638 1743 698 litterarum
1773 635 1925 714 peri-

284 740 575 802 tissimum
612 737 793 797 fuisse
816 734 1040 794 scimus
1077 753 1093 805 ;
1125 740 1184 792 at
1214 731 1274 789 in
1309 726 1566 788 externis
1589 724 1923 803 disciplinis

282 830 496 905 hospes
517 827 702 887 fuisse
726 842 844 887 non
875 816 1413 902 perbibetur.Nihil
1436 834 1579 893 ergo
1596 825 1926 905 vetat,quo-

276 904 472 978 minus
506 916 775 995 ignotum
805 912 979 975 nobis
1004 929 1134 972 esse
1166 907 1377 989 Syrum
1433 906 1597 965 illum
1649 904 1923 995 fateatur.

358 1008 458 1069 Ill.
477 993 837 1068 Promiserat
868 1002 1127 1065 Basilius
1143 1000 1224 1080 (α)
1259 1016 1324 1059 se
1349 997 1800 1077 explanaturum
1827 993 1928 1053 ho-

281 1095 460 1155 minis
490 1096 937 1175 generationem
975 1110 988 1154 :
1054 1090 1155 1151 sed
1208 1098 1403 1150 tamen
1446 1083 1753 1175 promissis
1810 1100 1926 1142 non

281 1173 514 1247 videtur
543 1185 803 1246 stetisse.
842 1183 989 1243 Nam
1026 1198 1236 1241 novem
1264 1186 1488 1238 tantum
1521 1173 1825 1235 orationes
1863 1178 1927 1231 in

278 1275 692 1337 Hexaemeron
742 1277 1135 1333 numerantur
1192 1266 1264 1328 ab
1307 1264 1674 1342 Hieronymo
1738 1260 1819 1340 (b)
1870 1268 1928 1320 et

278 1364 630 1428 Cassiodoro
652 1366 755 1433 (ο).
788 1361 1059 1421 Testatur
1082 1360 1353 1421 Socrates
1406 1355 1490 1434 (ιι)
1519 1370 1667 1432 opus
1698 1349 1924 1423 Basilii,

277 1472 413 1516 cum
448 1451 866 1530 imperfectum
898 1459 1080 1519 esset,
1116 1466 1148 1508 a
1175 1444 1464 1523 Gregorio
1500 1442 1687 1520 ipsius
1747 1439 1927 1501 fratre

278 1542 617 1603 absolutum
650 1539 857 1601 fuisse.
885 1542 1085 1614 Atque
1111 1538 1238 1616 ipse
1271 1535 1449 1595 etiam
1501 1530 1823 1608 Gregorius
1849 1530 1927 1610 (e)

280 1631 429 1691 hanc
461 1630 572 1690 sibi
604 1629 678 1689 de
707 1627 968 1689 hominis
1022 1624 1258 1706 opificio
1322 1621 1622 1683 scribendi
1685 1638 1924 1680 causam

278 1738 411 1780 esse
446 1718 735 1791 declarat,
790 1717 945 1796 quod
996 1723 1279 1777 vereatur
1323 1730 1397 1773 ne
1430 1709 1681 1773 Basilius
1713 1726 1925 1787 repre-
1952 1749 1987 1798 Β

284 1809 639 1870 hensionem
674 1826 790 1867 non
826 1805 1080 1883 effugiat,
1116 1804 1163 1864 si
1196 1803 1353 1863 illius
1385 1802 1445 1861 in
1478 1818 1625 1880 opus
1655 1817 1756 1861 sex
1803 1798 1925 1859 die-

276 1915 409 1957 rum
438 1895 871 1957 elucubratioui
899 1894 1053 1955 desit
1092 1910 1323 1963 eorum,
1353 1908 1484 1970 quae
1517 1890 1591 1950 ad
1621 1887 1925 1949 hominem

279 1994 569 2065 spectant,
599 1984 1018 2045 consideratio.

358 2074 597 2135 Exstant
633 2073 692 2151 (Γ
706 2113 712 2126 ι
738 2082 934 2133 tamen
960 2073 1118 2131 inter
1143 2086 1327 2151 Opera
1354 2067 1556 2129 Basilii
1579 2066 1711 2129 duae
1732 2065 1928 2128 homi—

279 2164 374 2225 liae
403 2164 476 2224 de
503 2164 762 2224 hominis
792 2172 1112 2222 structura.
1143 2158 1363 2236 quibus
1398 2158 1573 2219 tertia
1628 2157 1701 2217 de
1759 2174 1931 2236 para-

279 2254 407 2313 diso
436 2250 800 2331 adjungitur.
845 2250 994 2312 Sunt
1028 2251 1118 2310 hae
1142 2254 1441 2309 orationes
1473 2246 1543 2306 ad
1570 2245 1769 2308 Basilii
1802 2265 1931 2326 pro-

280 2344 460 2403 missa
487 2340 847 2421 perficienda
879 2346 1020 2401 satis
1064 2338 1369 2417 appositze,
1431 2356 1498 2397 ac
1526 2337 1605 2397 ita
1665 2339 1822 2398 inter
1869 2354 1935 2396 se

288 2436 475 2506 nexae,
512 2440 573 2490 ut
603 2448 735 2509 quae
766 2429 826 2487 in
856 2446 971 2488 una
1002 2436 1347 2499 tractantur,
1385 2426 1441 2485 in
1471 2425 1749 2504 sequenti
1782 2444 1932 2485 cou-

286 2524 614 2582 tinuentur.
646 2518 858 2579 Basilio
888 2516 1225 2578 tribuuntur
1257 2534 1289 2574 a
1340 2513 1695 2576 Combefisio
1724 2523 1783 2575 et
1814 2513 1932 2576 Du-

285 2612 424 2691 pinu
452 2630 468 2685 ;
493 2609 596 2671 sed
622 2627 723 2669 cas
743 2606 1161 2669 Tillemontius
1183 2604 1258 2667 ab
1280 2604 1476 2684 aliquo
1503 2604 1753 2682 scriptas
1772 2603 1934 2665 exis-

283 2700 474 2773 timat,
510 2698 955 2761 exercitationis
977 2714 1177 2766 causa,
1231 2712 1352 2754 non
1400 2711 1506 2773 per
1556 2692 1787 2767 dolum,
1837 2700 1937 2754 aut

285 2793 507 2853 malum
541 2790 723 2851 alieni
757 2790 907 2851 fetus
933 2788 1148 2850 Basilio
1176 2785 1553 2866 supponendi
1590 2784 1933 2846 consilium.

364 2879 614 2942 Difﬁcile
635 2886 725 2940 est
745 2880 1006 2959 profecto
1031 2879 1138 2938 has
1178 2876 1457 2938 homilias
1483 2881 1686 2937 sancto
1718 2872 1935 2935 Basilio

290 2970 636 3044 attribuere,
662 2988 797 3030 cum
830 2967 1078 3029 accedat
1105 2968 1178 3027 ad
1205 2965 1539 3027 certissima
1564 2974 1829 3027 veterum
1852 2970 1936 3023 te-

2008 543 2203 603 statim
2237 556 2371 625 post
2396 559 2649 605 mortem
2674 545 2862 604 sancti
2887 540 3088 603 Basilii
3121 560 3274 622 opus
3309 539 3655 612 illius,teste

2008 634 2237 713 Niceta,
2265 633 2444 695 frater
2466 632 2817 696 absolverit.
2854 630 3005 694 Hinc
3030 631 3211 693 etiam
3232 639 3359 713 tres
3393 629 3655 691 homiliae

2008 721 2395 803 reperiuntur
2413 723 2652 803 quidem
2667 723 2775 783 sub
2793 720 3035 783 nomine
3060 723 3120 784 S.
3144 719 3345 783 Basilii
3369 720 3427 779 in
3452 737 3655 780 receuv

2011 811 2261 873 tioribus
2290 811 2601 874 codicibus
2636 831 2808 886 mss.,
2842 818 2899 872 at
2933 829 3223 891 nusquam
3279 816 3568 890 apparent
3593 809 3654 869 in

2009 901 2465 981 antiquioribus.
2501 904 2632 964 Non
2665 907 2821 962 enim
2865 899 3131 962 eruditos
3191 898 3467 960 librarios
3496 898 3656 960 fraus

2014 991 2325 1052 manifesta
2356 991 2646 1054 latuisset.
2680 995 2755 1054 At
2775 988 3234 1063 recentioribus,
3264 1008 3398 1050 cum
3432 989 3653 1050 doctis-

2012 1081 2147 1141 simi
2183 1100 2299 1140 non
2323 1088 2831 1159 essent,atque,ut
2849 1079 3171 1141 verisimile
3194 1078 3659 1156 est,ignorarent

2011 1169 2217 1231 Basilii
2240 1190 2393 1251 opus
2408 1189 2441 1233 a
2463 1170 2644 1231 fratre
2666 1168 2932 1250 Nysseno
2951 1169 3285 1231 absolutum
3310 1168 3659 1249 fuisse,pro-

2010 1260 2157 1323 clive
2178 1260 2284 1321 fuit
2310 1260 2609 1337 homilias,
2634 1280 2765 1341 quae
2786 1260 2859 1322 ad
2882 1260 3027 1321 illud
3055 1278 3207 1341 opus
3223 1258 3654 1322 absolvendum

2010 1358 2162 1430 aptae
2195 1350 2566 1424 videbantur,
2602 1349 2805 1412 Basilii
2838 1352 3060 1411 nomini
3096 1348 3402 1427 efﬁngere.

2091 1440 2155 1499 2°
2185 1442 2334 1502 Tres
2347 1440 2606 1502 homilia;
2630 1458 2745 1503 non
2766 1459 2872 1500 sua
2894 1447 3105 1520 sponte
3129 1439 3304 1500 simul
3324 1440 3659 1519 conjunctae

2010 1538 2174 1609 sunt,
2203 1529 2304 1590 sed
2331 1530 2457 1589 haec
2478 1548 2511 1590 a
2546 1530 2800 1591 librariis
2831 1530 3102 1591 instituta
3128 1528 3657 1608 conjunctio.Nam

2011 1619 2291 1679 secundae
2305 1618 2555 1681 orationi
2571 1620 2799 1679 nullum
2815 1628 2967 1681 inest
2985 1618 3300 1679 consilium
3314 1618 3663 1680 absolvendi

2011 1708 2068 1768 id
2103 1708 2261 1788 quod
2294 1708 2355 1769 in
2383 1712 2571 1789 prima
2623 1708 2841 1770 disseri
2875 1716 3137 1789 coeptum
3173 1708 3387 1771 fuerat.
3450 1706 3662 1769 Habita

2015 1796 2175 1858 enim
2190 1807 2279 1858 est
2298 1798 2423 1859 haec
2455 1797 2717 1859 secunda
2742 1798 2989 1859 homilia
3011 1799 3082 1858 ad
3098 1798 3475 1859 occasionem
3503 1796 3660 1857 Scri-

2014 1897 2227 1967 pturaa,
2264 1909 2393 1969 quae
2419 1888 2516 1949 illo
2548 1887 2648 1949 die
2681 1891 2832 1950 lecta
2863 1887 3076 1951 fuerat:
3115 1905 3365 1967 eamque
3397 1885 3481 1947 sic
3514 1904 3660 1945 cou-

2013 1977 2200 2038 cludit
2221 1978 2270 2039 is
2290 1997 2323 2039 a
2352 1997 2467 2058 quo
2496 1980 2876 2056 pronuntiata
2923 1986 3035 2052 est,
3071 1987 3135 2039 ut
3166 1995 3230 2038 se
3260 1977 3332 2037 ad
3381 1993 3659 2036 necessa-

2014 2066 2168 2128 rium
2200 2068 2311 2129 iter
2345 2079 2765 2148 prOperantem
2790 2068 3127 2130 auditorum
3154 2064 3436 2146 precibus
3450 2063 3663 2129 deduci

2018 2156 2291 2235 postulet.
2330 2157 2531 2220 Tertia
2560 2160 2690 2221 sine
2714 2158 2832 2219 ullo
2862 2176 3106 2238 prorsus
3125 2156 3371 2218 exordio
3419 2155 3663 2235 iucipita

2017 2248 2306 2309 versiculo
2331 2248 2949 2329 Scripturae,quamvis
2974 2247 3235 2328 praefatio
3260 2245 3526 2328 quaedam
3550 2247 3662 2307 ad-

2018 2336 2212 2399 hiberi
2240 2337 2566 2412 debuisset,
2605 2338 2656 2399 si
2687 2339 2736 2398 is
2764 2338 2861 2418 qui
2895 2339 3223 2399 secundam
3248 2338 3663 2417 pronuntiave-

2018 2436 2130 2506 rat,
2168 2430 2395 2490 tertiam
2423 2448 2490 2489 ex
2523 2428 2739 2490 itinere
2769 2427 2957 2489 redux
3018 2428 3484 2508 pronuntiasset.
3519 2425 3666 2488 Tota

2020 2533 2117 2576 res
2150 2535 2289 2595 ergo
2319 2515 2379 2578 iu
2412 2517 2723 2578 librarium
2758 2516 3017 2597 aliquem
3042 2516 3506 2597 rejicienda,qui
3529 2535 3662 2577 cum

2022 2622 2171 2684 opus
2192 2607 2382 2668 sancti
2432 2607 2636 2667 Basilii
2666 2606 2997 2669 absolutum
3034 2615 3167 2687 post
3196 2606 3354 2667 illius
3412 2615 3664 2667 mortem

2020 2694 2206 2757 fuisse
2230 2695 2511 2770 nesciret,
2536 2697 2717 2758 simul
2739 2697 3047 2775 conjunxit
3068 2706 3190 2757 tres
3211 2695 3340 2758 illas
3363 2695 3662 2770 homilias,

2020 2802 2153 2864 quas
2184 2784 2417 2848 idoneae
2444 2785 2518 2846 ad
2546 2785 2693 2847 illud
2726 2786 3150 2848 absolvendum
3188 2785 3558 2847 videbantur.

2101 2874 2170 2934 3°
2191 2874 2413 2937 Addita
2446 2894 2582 2937 esse
2613 2884 2673 2937 et
2702 2886 2931 2951 assuta,
2965 2877 3166 2957 qumin
3187 2876 3377 2957 prima
3400 2874 3668 2935 oratione

2020 2964 2336 3027 consilium
2371 2965 2638 3028 indicant
2666 2964 3015 3028 absolvendi
3043 2966 3246 3046 operis
3268 2963 3493 3039 Basilii,
3527 2963 3669 3024 inde

287 3060 563 3123 stimonia
577 3058 710 3138 styli
723 3054 1298 3119 dissimilitudo.Sed
1320 3055 1745 3136 inquirendum
1764 3051 1937 3115 nobis
1956 3090 1997 3139 α
2023 3053 2572 3136 perspicitur,quod
2586 3074 2720 3116 cum
2734 3072 2841 3116 sua
2853 3064 3064 3136 sponte
3086 3056 3214 3118 haec
3233 3054 3419 3116 oratio
3438 3053 3666 3115 nullam

285 3161 399 3225 est,
426 3169 500 3211 an
526 3150 739 3210 merito
764 3146 1061 3209 existimet
1082 3145 1503 3208 Tillemontius
1523 3146 1780 3225 aliquem
1804 3161 1935 3204 sese

284 3240 345 3301 in
364 3241 455 3301 his
480 3238 744 3301 homiiiis
764 3236 874 3298 sub
902 3235 1103 3298 Basilii
1125 3235 1371 3299 nomine
1390 3233 1819 3296 elucubrandis
1837 3251 1938 3294 ex-

288 3330 779 3391 ercitasse.Favet
796 3327 937 3387 huic
957 3326 1271 3387 sententiaa
1289 3334 1499 3386 auctor
1523 3326 1727 3405 primae
1750 3323 1941 3385 homio

290 3419 556 3490 liae,dum
580 3417 841 3478 declarat
864 3415 1177 3496 (pag.3"24)
1195 3433 1260 3476 se
1282 3422 1445 3476 vetus
1467 3412 1939 3493 debitum,cujus

288 3508 645 3572 solutionem
673 3524 827 3585 aegra
843 3504 1116 3566 valetudo
1136 3505 1552 3583 impediverat,
1576 3504 1814 3564 tandem
1834 3502 1937 3562 ali-

288 3597 525 3675 quando
560 3597 918 3676 persolvere.
972 3593 1267 3675 Iniquum
1290 3594 1451 3656 enim
1476 3595 1685 3673 fuerit,
1720 3590 1935 3671 inquit,

288 3695 355 3749 ut
376 3705 509 3749 cum
536 3687 763 3757 bestiis,
789 3686 982 3765 deque
1029 3684 1393 3746 natattlibus
1442 3691 1497 3745 et
1531 3683 1836 3762 jumeutis
1867 3695 1941 3740 ac

289 3776 669 3850 volucribus,
693 3776 764 3837 de
795 3775 941 3836 aceto
973 3779 1113 3835 item
1143 3781 1197 3835 et
1234 3772 1329 3835 his
1358 3791 1496 3853 quos
1524 3779 1590 3833 in
1620 3772 1760 3834 cwlo
1792 3789 1813 3848 ;
1866 3768 1941 3830 de

288 3874 463 3928 terra
494 3873 548 3927 et
570 3863 1037 3944 stirpibus,quw
1060 3864 1126 3923 in
1148 3870 1325 3924 terra
1337 3869 1501 3937 sunt,
1521 3862 1937 3933 didicerimus,

2023 3144 2236 3207 habeat
2259 3164 2394 3207 cum
2421 3144 2649 3207 duabus
2672 3145 2808 3208 aliis
2828 3146 3327 3207 necessitudinem
3342 3163 3431 3226 ,ac
3448 3144 3523 3207 de
3542 3145 3671 3218 plu-

2023 3235 2190 3298 ribus
2220 3234 2483 3297 aBasilio
2502 3236 2811 3315 promissis
2826 3255 2892 3317 pa
2904 3255 3013 3297 uca
3036 3245 3452 3316 persequatur,
3475 3232 3672 3295 minus

2022 3326 2242 3387 idonea
2271 3324 2350 3385 sit
2378 3323 2451 3385 ad
2476 3322 2911 3386 absolvendum
2936 3342 3084 3406 opus
3113 3325 3171 3385 in
3230 3324 3666 3387 Hexaemeron.

2024 3412 2217 3486 Quare
2248 3412 2578 3475 verisimile
2610 3423 2697 3475 est
2729 3414 3000 3496 eum,qni
3023 3433 3157 3475 cum
3185 3415 3295 3476 hac
3316 3413 3507 3489 prima
3527 3414 3674 3476 duas

2023 3504 2169 3566 alias
2200 3502 2528 3582 conjunxit,
2574 3522 2645 3564 ea
2674 3504 2852 3565 etiam
2886 3504 2961 3567 de
3000 3521 3107 3567 suo
3163 3503 3490 3581 addidisse,
3540 3522 3675 3582 qua;

2024 3597 2085 3658 Β.
2121 3592 2341 3657 Basilio
2372 3610 2706 3670 congruere
2741 3591 3112 3655 videbantur.

2107 3683 2205 3747 IV.
2239 3683 2382 3742 Cum
2416 3680 2631 3743 decem
2659 3690 2716 3743 et
2746 3691 2978 3762 septem
3006 3682 3269 3743 homilia:
3310 3682 3372 3742 in
3403 3680 3675 3744 Psalmos

2025 3773 2173 3836 nihil
2194 3790 2435 3853 prorsus
2449 3770 2931 3851 suppeditant,ex
2956 3791 3070 3853 quo
3096 3772 3373 3835 Basilium
3391 3780 3532 3832 tunc
3553 3770 3675 3852 epi-

2026 3882 2272 3943 scopum
2291 3860 2495 3936 fuisse,
2514 3870 2615 3922 aut
2621 3862 2745 3941 jam
2767 3862 3063 3942 prodiisse
3086 3861 3362 3924 haeresim
3387 3863 3677 3926 Pneuma-

291 3973 411 4018 non
442 3956 626 4017 etiam
649 3955 727 4015 de
745 3965 953 4016 nostra
975 3954 1373 4034 generatione
1399 3970 1475 4015 ex
1496 3951 1839 4030 Scriptura:
1853 3949 1944 4010 αἱ·
2028 3953 2438 4014 tomachorum
2469 3951 2900 4031 perSpiciamus
2937 3972 2952 4029 ;
2990 3962 3111 4014 tum
3139 3970 3281 4014 vero
3303 3951 3436 4014 duae
3460 3969 3531 4012 ex
3556 3949 3674 4013 illis

290 4048 450 4109 vinas
476 4047 606 4105 luce
637 4044 1015 4105 edoceamur.
1062 4042 1313 4105 Mirifice
1345 4042 1471 4104 huic
1518 4040 1737 4103 Basilio
1793 4057 1942 4100 con-
2028 4042 2236 4104 decem
2272 4050 2328 4103 et
2360 4050 2590 4121 septem
2610 4041 2879 4103 homiliis
2897 4043 3310 4123 presbyterum
3345 4041 3511 4102 illum
3541 4050 3678 4101 tunc

290 4144 528 4215 gruunt.
564 4134 900 4207 Quinetiam
950 4153 1085 4196 cum
1118 4134 1206 4196 ait
1260 4152 1325 4195 se
1379 4142 1553 4195 antea
1611 4131 1946 4193 ostendisse
2029 4132 2210 4193 fuisse
2238 4129 2622 4212 probant.Sic
2645 4131 2805 4192 enim
2830 4131 3509 4212 loquiturinhomiliain
3528 4129 3680 4211 psal-

293 4225 427 4307 quis
460 4225 695 4305 dixerit,
728 4224 1068 4286 Faciamus
1100 4223 1212 4303 (g),
1247 4232 1304 4285 et
1340 4224 1415 4283 ad
1474 4241 1656 4302 quem
1706 4222 1932 4295 dixerit,

2035 4240 2131 4282 mo
2164 4239 2262 4283 XIV
2286 4232 2371 4301 (p.
2412 4221 2549 4302 110)
2591 4242 2604 4284 :
2640 4221 2749 4279 Ἐνὶ
2779 4225 2951 4295 τούτῳ
3000 4221 3313 4303 διαφέρομεν
3367 4222 3473 4277 τῶν
3508 4221 3681 4277 πλου-

294 4334 415 4377 non
447 4312 702 4377 obscure
736 4312 1314 4375 indicatoratiouem
1370 4331 1587 4374 nonam
1638 4312 1699 4372 in
1745 4310 1932 4373 Hexa-

2033 4313 2263 4370 τούντων
2295 4314 2341 4367 οἱ
2372 4312 2625 4393 πένητες,
2645 4319 2716 4389 τῇ
2748 4313 3057 4391 ἀμεριμνίᾳ.
3088 4312 3221 4374 Hac
3242 4329 3369 4374 una
3393 4329 3459 4373 re
3479 4312 3687 4373 diviti-

294 4412 569 4483 emeron(
599 4404 661 4465 in
685 4424 800 4484 qua
825 4406 952 4465 haec
981 4404 1055 4464 ad
1085 4404 1303 4465 Filium
1334 4403 1494 4465 dicta
1541 4421 1675 4465 esse
1735 4408 1944 4462 osten-
1971 4377 2011 4428 θ
2033 4403 2140 4465 bus
2162 4420 2268 4464 nos
2294 4419 2595 4482 pauperes
2611 4377 3321 4482 [prtesiainus,'curarum
3348 4404 3679 4464 vacuitate.

296 4494 475 4556 ditur.
503 4493 619 4555 Sed
654 4504 854 4555 tamen
887 4512 1006 4555 non
1038 4493 1257 4555 desunt
1290 4493 1574 4574 rationes,
1608 4509 1715 4554 cur
1745 4489 1946 4551 malim
2030 4494 2349 4573 Nunquam
2384 4510 2531 4553 sane
2562 4510 2789 4573 pauper
2811 4512 2945 4555 esse
2976 4493 3154 4557 desiit
3200 4492 3479 4566 Basilius,
3505 4496 3684 4553 etiam

298 4587 424 4645 haec
447 4602 483 4645 a
512 4584 775 4646 librariis
823 4582 1167 4645 recentibus
1218 4592 1418 4645 assuta
1460 4582 1736 4659 credere,
1771 4598 1947 4663 quam
2034 4583 2195 4645 inter
2222 4581 2451 4661 amplos
2475 4583 2705 4644 reditus
2730 4585 3112 4663 episcopatus
3135 4581 3544 4663 Caesariensis;
3576 4581 3684 4643 sed

296 4682 419 4736 tres
438 4673 570 4735 illas
613 4674 893 4736 homilias
912 4674 1141 4735 homini
1165 4674 1430 4736 tribuere
1462 4673 1679 4734 otioso.
2040 4682 2239 4735 tamen
2261 4673 2446 4733 multo
2470 4674 2701 4752 aequius
2720 4680 2989 4736 etverius
3010 4674 3165 4735 inter
3211 4690 3503 4755 pauperes
3551 4689 3687 4733 sese

380 4766 447 4825 1ο
479 4769 854 4846 Ρθηιῐιιὶᾳυω
875 4772 1013 4825 sunt
1035 4763 1153 4825 illae
1175 4764 1533 4845 homiliae,ac
1555 4765 1941 4825 veterumPa-
2032 4781 2356 4825 numerare
2389 4763 2745 4844 potuit,cum
2771 4783 2907 4826 eum
2932 4764 3209 4826 omnibus
3234 4764 3415 4827 rebus
3452 4762 3682 4824 nudum

301 4863 458 4916 trum
489 4854 824 4917 disserendi
842 4855 1131 4916 rationem
1153 4855 1398 4916 omnino
1429 4854 1722 4916 referunt.
1758 4855 1943 4915 Porro
2029 4853 2352 4935 propinqui
2383 4861 2439 4914 et
2487 4854 2655 4915 chari
2682 4863 3110 4929 sustentarent,
3158 4873 3334 4935 quam
3374 4872 3510 4915 cum
3549 4853 3682 4933 ipse

300 4944 604 5008 neminem
620 4964 692 5007 ex
705 4944 963 5024 antiquis
983 4944 1157 5024 paulo
1175 4945 1519 5025 peritiorem
1538 4943 1722 5005 fuisse
1745 4941 1947 5005 existi-
2026 4942 2852 5026 opibusadalioruminOpiam
2866 4944 3309 5008 sustentandam
3324 4943 3686 5007 abundaret.

301 5052 481 5110 mem,
512 5035 613 5117 qui
642 5054 793 5115 cpus
836 5034 1038 5096 Basilii
1069 5036 1135 5097 in
1183 5034 1609 5098 Hexaemeron
1657 5032 1942 5114 Gregorio
2119 5031 2430 5114 SupraUt)
2459 5033 2770 5095 attulimus
2816 5034 2975 5098 aliud
3010 5035 3416 5097 testimonium
3450 5051 3522 5094 ex
3570 5032 3687 5094 ho-

302 5123 576 5204 Nysseno
591 5125 926 5187 absolutum
946 5122 1130 5186 fuisse
1150 5124 1638 5197 nesciret.Quare
1653 5125 1863 5186 debuit
1885 5142 1957 5185 ea
2041 5122 2204 5185 milia
2232 5126 2291 5185 in
2321 5122 2533 5204 psalm.
2568 5139 2722 5189 cxrv.
2757 5123 2901 5189 Cum
2936 5128 3189 5208 populus
3217 5144 3252 5186 a
3284 5123 3480 5187 media
3511 5131 3689 5186 nocte

302 5230 399 5275 res
418 5214 755 5297 deterrere,
779 5214 1101 5294 quominus
1124 5222 1439 5297 quisquam
1468 5216 1620 5279 hanc
1644 5222 1954 5278 materiam
2043 5232 2231 5295 usque
2266 5214 2340 5276 ad
2368 5213 2681 5280 meridiem
2713 5214 2775 5276 in
2799 5216 3054 5297 quadam
3079 5225 3402 5299 martyrum
3436 5216 3694 5279 ecclesia

387 5385 469 5467 (α)
502 5381 725 5449 Homil.
754 5385 809 5458 9,
853 5404 910 5467 p.
946 5384 1048 5451 88.

2125 5386 2214 5465 (ε)
2252 5383 2514 5467 Tom._I,
2552 5405 2609 5466 p.
2645 5385 2707 5446 4.

401 5466 486 5546 (ὁ)
504 5468 586 5548 ῼε
618 5464 900 5545 scriptor.
936 5468 1183 5548 Eccles.
2133 5467 2214 5548 (f)
2250 5466 2419 5529 Tom.
2450 5464 2498 5547 Ι,
2531 5464 2817 5548 append.,
2849 5486 2906 5546 p.
2933 5468 3074 5532 324.

387 5555 480 5689 πὶ)
501 5547 587 5689 [ἐς
606 5549 880 5610 institut.
907 5547 1102 5610 divin.
1138 5552 1260 5631 tit,
1292 5567 1423 5630 cap.
1464 5552 1517 5612 1.
2133 5547 2211 5627 (gl
2240 5549 2390 5611 Gen.
2425 5564 2467 5624 ι,
2500 5547 2602 5611 26.

568 5626 651 5689 ib.
688 5646 771 5689 Iv.
805 5647 858 5689 c.
892 5627 990 5689 26.
2133 5628 2221 5689 (lt)
2257 5629 2398 5689 Can.
2432 5630 2526 5689 10.
2552 5649 2602 5689 n.

393 5626 480 5708 (ἀ)
510 5626 651 5711 ω).
688 5646 771 5708 ιν,
805 5647 858 5691 c.
892 5627 990 5692 26.
1245 5626 1257 5631 ’
1365 5626 1381 5630 ⁷

2133 5626 2221 5708 (2i)
2257 5629 2398 5709 Cap.
2432 5630 2526 5710 10,
2552 5649 2612 5692 ιι.
2650 5631 2710 5696 2.
