4142 6386
472 316 657 366 ccxxv
1875 298 2466 366 PROLEGOMENA.

469 437 1005 520 psalmiscanendis
1029 443 1350 516 occupatus
1369 433 1849 510 fuisset,advenit
1871 438 2106 500 tandem
2128 444 2168 493 Α
2192 443 2421 510 rentur,
2454 435 2510 498 id
2535 437 2692 518 quod
2723 440 2990 503 secundo
3015 440 3219 506 Basilii
3275 439 3667 522 episcopatus
3693 459 3844 503 anno

473 528 742 599 Bastlios,
772 535 945 608 atque
979 527 1088 587 hac
1111 526 1491 588 excusatione
1509 526 1712 606 utitur,
1735 545 1842 588 cur
1862 527 1963 588 diu
1991 545 2112 586 mo—
2195 525 2440 604 contigit

467 630 628 681 ratus
653 618 892 680 luisset:
927 620 979 674 El
1013 617 1065 672 δὲ
1101 616 1183 672 δεῖ
1214 619 1299 671 καὶ
1349 620 1491 690 ἡμᾶς
1535 618 1664 693 ὑπὲρ
1717 621 1868 691 ἡμῶν
1940 617 2103 673 αὐτῶν

2275 615 2525 677 Videtur
2542 616 2864 696 Gregorius
2899 620 3298 684 Nazianzenus
3329 619 3609 684 homilias
3639 619 3846 682 Basilii

467 710 927 786 ἐιπολογήσεισθαιι³
989 706 1084 772 τῆς
1170 704 1444 781 διατριϐῆς
1512 706 1682 760 ἕνεκεν
1732 709 1817 761 καὶ
1869 713 1964 773 τῆς
2022 708 2103 761 ἒπῖ

2206 705 3378 788 1nPsalmosindicare,cumlaudatillius
3403 711 3842 787 enarrationes,

464 799 718 855 πλεῖοι-ιον
768 798 1097 870 ἀπολείψεως
1165 797 1334 873 ὑμῶν,
1399 795 1616 871 ἐροῦμεν
1662 796 1760 861 τὴν
1792 797 1978 868 αἰτίαν,
2027 794 2100 850 ὅτι

2217 812 2250 853 n
2279 793 2498 873 quibus
2527 797 2895 876 Scripturam
2951 800 3044 874 iis,
3088 802 3189 880 qui
3249 799 3652 880 simpliciores
3691 807 3843 868 sunt,

465 887 632 953 ἄλλην
658 888 914 962 ὸμότιμον
965 887 1128 958 ταύτῃ
1186 891 1276 940 τοῦ
1329 893 1458 942 Θεοῦ
1517 883 1833 950 Ἐκκλησίαν
1892 888 2100 942 οἰκονο-

2201 883 2475 945 trit'ariam
2518 887 2889 966 explanabat.
2929 887 2988 948 ld
3044 890 3269 969 optime
3300 890 3580 952 convenit
3638 889 3733 950 liis
3783 887 3837 947 in

456 988 684 1052 ’μοῦντες
717 975 812 1031 οὐκ
840 974 1002 1050 ὀλίγῳ
1029 974 1146 1050 πρὸὶ
1175 976 1309 1047 ὑμᾶς
1344 971 1712 1050 διειργομὲνην
1769 982 1844 1048 τῷ
1875 973 2092 1044 διαστή-

2192 975 2447 1052 psalmos
2467 975 2888 1039 homiliis.Non
2911 979 3069 1038 enim
3098 979 3354 1041 Basilius
3377 979 3437 1039 in
3464 979 3677 1041 litterae
3697 995 3828 1038 cor-

465 1089 614 1140 ματι,
651 1068 741 1121 τὸν
771 1065 964 1142 χρόνον
996 1073 1176 1120 τοῦτον
1210 1067 1306 1130 τῆς
1362 1063 1566 1140 ἡμέρας
1612 1063 2095 1138 κατανωλώσαμεν.

2196 1068 2324 1133 tice,
2360 1073 2424 1124 ut
2473 1066 2552 1124 ait
2593 1064 2937 1148 Gregorius,
2976 1068 3188 1147 pedem
3223 1069 3375 1147 ﬁgit,
3406 1069 3512 1130 sed
3546 1079 3832 1149 praeterea

463 1154 612 1213 Ἐπεὶ
656 1163 740 1210 οὖν
814 1152 1005 1209 ἔδωκεν
1059 1155 1085 1208 ὁ
1137 1153 1319 1230 Κύριος
1371 1154 1632 1216 κᾶκείκνυις
1667 1153 1945 1230 πληρῶσαι
2004 1157 2099 1221 τὴν

2191 1154 2472 1213 moralem
2507 1173 2748 1216 sensum
2784 1164 2842 1216 et
2869 1176 3099 1236 ea,quaa
3119 1159 3190 1218 ad
3212 1159 3513 1220 Christum
3539 1165 3827 1238 spectant,

461 1245 810 1321 λειτουργίαν,
852 1245 936 1299 καὶ
987 1245 1063 1316 μὴ
1097 1240 1410 1319 διαμαρτεῖν
1446 1245 1542 1308 τῆς
1567 1243 1820 1319 ὑμετέρας
1863 1244 2097 1320 ἀγάπης,

2194 1240 2523 1321 investigat.
2556 1243 2860 1306 Existimat
2893 1245 3309 1309 Tillemontins
3330 1248 3588 1327 psalmos
3620 1249 3830 1308 ordine

461 1332 687 1391 ἀπόδοτε
720 1335 835 1408 μεθ’
859 1333 1007 1391 huc?»
1042 1333 1136 1398 τὴν
1169 1335 1510 1409 εὒγκριστίαν
1546 1341 1622 1406 τῷ
1681 1333 1954 1412 εὒεργνέπτῃ³
2028 1340 2097 1406 τῷ

2195 1347 2219 1389 a
2239 1341 2441 1390 sancto
2471 1332 2686 1394 Basilio
2710 1335 3052 1412 explanatos
3075 1336 3281 1416 fuisse,
3307 1347 3484 1414 atque
3517 1357 3586 1400 ex
3621 1355 3831 1416 magno

461 1426 559 1490 τὴν
590 1423 863 1500 ὁρωμένην
895 1423 1088 1487 ταύτην
1124 1428 1212 1475 τοῦ
1247 1423 1493 1494 σώματος
1528 1426 1682 1496 ἡμῶν
1736 1423 2006 1478 ἀσθένειαν
2038 1430 2097 1500 τῇ

2195 1418 2286 1479 illo
2322 1420 2697 1482 homiliarum
2750 1440 2999 1485 numero
3035 1443 3361 1503 perpaucas
3391 1427 3461 1486 ad
3499 1445 3604 1487 nos
3629 1444 3831 1505 perve-

460 1515 668 1593 ἆοράῖῳ
711 1515 864 1570 αὐτοϋ
908 1511 1115 1585 δυνάμει
1147 1513 1594 1590 χειραγιυγοῦντι,
1628 1512 1806 1587 Quod
1839 1515 1893 1574 si
1929 1513 2096 1575 nobis

2193 1508 2372 1572 nisse.
2407 1509 2510 1570 His
2539 1511 2870 1573 rationibus
2897 1513 3101 1574 nititur
3136 1515 3517 1576 doctissimus
3551 1516 3829 1595 scriptor,

456 1605 836 1666 excusatione
866 1620 1012 1680 opus
1041 1609 1147 1675 est,
1201 1602 1360 1680 quod
1411 1605 1635 1662 morati
1689 1603 1899 1677 simus,
1963 1612 2016 1664 et
2066 1628 2103 1672 α
2187 1599 2340 1677 quod
2379 1599 2536 1660 nulla
2564 1601 2793 1662 videtur
2813 1602 3108 1664 exstitisse
3131 1623 3331 1677 causa,
3367 1624 3473 1666 cur
3495 1607 3603 1666 hos
3636 1604 3833 1684 potius

457 1695 624 1755 vobis
645 1694 1018 1769 abfuerimus
1040 1691 1278 1770 perdiu,
1301 1689 1458 1750 hanc
1479 1691 1804 1768 o/feremus
1826 1711 2098 1764 causam,
2187 1708 2358 1768 quam
2379 1689 2508 1750 illos
2521 1691 2592 1753 ad
2605 1691 3294 1771 explanandumBas‘ilius
3307 1695 3834 1772 elegisset,deinde

456 1783 638 1861 quod,
667 1798 798 1840 cum
829 1781 1015 1841 aliam
1054 1780 1160 1839 Dei
1190 1780 1527 1850 ecclesiam,
1561 1780 1698 1840 huic,
1731 1781 1957 1841 honore
1985 1799 2097 1859 pa-
2129 1818 2161 1864 [ᾖ
2186 1779 2342 1857 quod
2368 1781 2790 1841 nonnullorum
2847 1781 3322 1860 explanationem
3377 1803 3494 1844 non
3529 1783 3780 1846 absolvit
3810 1806 3825 1859 ;

453 1871 1130 1950 rem,administremus,
1159 1887 1279 1928 non
1307 1870 1594 1930 mediocri
1617 1889 1650 1929 α
1684 1871 1846 1931 vobis
1875 1871 2102 1932 (listun-
2186 1880 2306 1930 tum
2329 1871 2505 1932 etiam
2525 1871 2662 1949 quia
2688 1871 2744 1930 in
2769 1871 3084 1932 homiliain
3133 1872 3342 1950 psalm.
3377 1890 3577 1935 xxxvu
3617 1880 3834 1935 citatur

453 1969 568 2023 tem
595 1959 938 2040 intervallo,
973 1960 1080 2021 hoc
1111 1968 1338 2036 tempus
1367 1960 1491 2020 diei
1523 1967 2093 2038 c'onsimipserz'mus.
2183 1960 2428 2022 homilia
2451 1960 2507 2020 in
2545 1960 2753 2038 psalm.
2813 1977 2887 2040 v1,
2923 1970 2978 2021 et
3025 1960 3178 2039 apud
3229 1963 3581 2039 Symeonem
3638 1965 3829 2023 Meta-

451 2049 601 2112 Cum
622 2053 813 2127 igitur
843 2050 1070 2110 dederit
1109 2051 1425 2128 Dominus,
1463 2058 1524 2108 ut
1557 2049 1758 2110 eti/lis
1789 2051 2097 2129 implerem
2185 2053 2486 2128 phrastem
2520 2049 2780 2110 homilias
2816 2049 2873 2108 in
2912 2050 3168 2129 psalmos
3215 2067 3298 2129 x1,
3332 2067 3529 2124 xxxw,
3583 2067 3829 2128 xxxvm,

451 2139 792 2220 liturgi’am,
839 2145 1183 2200 necrestra:
1205 2138 1460 2199 deessem
1495 2138 1804 2220 chni'z'talt',
1864 2159 2096 2202 mecum
2182 2155 2253 2200 Lv
2283 2139 2557 2200 citantur.
2613 2136 2984 2198 Sententiam
3042 2137 3412 2199 Tillemontii
3471 2141 3830 2201 contirmare

448 2231 702 2308 beneﬁca
731 2229 1010 2306 largitori
1039 2229 1278 2307 gratias
1301 2230 1479 2305 agite.
1543 2235 1647 2306 qui
1701 2228 1859 2290 hanc
1911 2248 2096 2307 quam
2182 2246 2495 2308 possumus
2515 2246 2583 2288 ex
2616 2226 2938 2288 homiliain
2975 2228 3186 2307 psalm.
3219 2246 3372 2307 xxix,
3431 2229 3532 2290 ubi
3573 2229 3834 2291 Basilius

449 2319 679 2380 vides-is
735 2321 997 2396 corporis
1068 2319 1264 2378 nostri
1355 2317 1722 2379 debilitatem
1796 2319 2096 2381 invisibili
2181 2317 2335 2378 velut
2367 2318 2424 2377 in
2453 2317 2626 2392 longe
2661 2317 2915 2396 quodam
2950 2335 3015 2378 ac
3039 2336 3154 2377 non
3176 2317 3518 2379 intermisso
3543 2337 3726 2396 opere
3749 2320 3839 2379 ci-

451 2425 564 2468 sua
595 2408 870 2487 potentia
891 2406 1168 2468 deduxit.
1204 2405 1282 2466 Ex
1303 2406 1394 2466 his
1427 2415 1581 2486 patet
1607 2427 1782 2468 unam
1809 2427 1876 2468 ex
1900 2409 2094 2470 Caesa-
2179 2415 2257 2467 tat
2287 2407 2493 2487 quaain
2522 2407 2933 2487 superioribus
2959 2407 3220 2468 homiliis
3243 2426 3399 2486 saepe
3420 2409 3670 2472 dixerat.
3701 2409 3832 2473 Sai-

451 2497 750 2558 riensibus
783 2495 1053 2558 ecclesiis
1079 2493 1294 2556 Basilio
1343 2498 1720 2557 commissam
1782 2497 1986 2569 fuisse,
2023 2519 2092 2560 ac
2173 2500 2488 2576 pedictum
2510 2497 2916 2576 cst,inquit,de
2935 2501 3208 2559 clamore
3225 2498 3831 2579 adl)omimim,quod

454 2586 700 2666 proinde
732 2585 994 2646 nondum
1024 2585 1367 2664 episcopum
1399 2584 1604 2647 fuisse.
1635 2583 1760 2646 Non
1814 2587 1972 2646 enim
2004 2588 2087 2650 sic
2173 2587 3823 2667 sitejussolins,quimagnaetccelestiacupit,clamare.

452 2675 724 2755 loquatur
751 2675 1067 2754 episcopus
1087 2673 1159 2733 ad
1191 2693 1368 2750 quem
1395 2673 1660 2735 omnium
1695 2677 1970 2738 diaeresis
1997 2697 2086 2738 ec-
2171 2677 2416 2738 Scilicet
2451 2677 2632 2755 hujus
2664 2677 2824 2737 vocis
2848 2694 3006 2755 saepe
3037 2676 3402 2755 explicanda;
3435 2677 3822 2740 occasionem

451 2764 760 2825 clesiarum
794 2781 937 2824 cura
966 2765 1259 2843 pertinet;
1293 2773 1392 2826 aut
1425 2764 1471 2823 si
1507 2765 1849 2846 ecclesiam,
1884 2767 1945 2829 in
1971 2787 2087 2847 qua
2169 2768 2485 2827 attulerant
2506 2765 2791 2846 psalmiin
2815 2766 3036 2844 quibus
3052 2784 3209 2844 saepe
3230 2765 3680 2838 oceurrit.Quod
3705 2786 3823 2828 au-

448 2852 742 2933 liturgiam
777 2853 1084 2914 celebrare
1115 2855 1286 2930 solet,
1323 2853 1436 2914 sibi
1467 2854 1542 2914 ad
1574 2856 1902 2934 regendum
1940 2876 2058 2936 prae
2172 2865 2288 2916 tem
2311 2863 2539 2935 spectat
2567 2855 2640 2916 ad
2678 2854 2951 2916 homilias
2983 2873 3018 2914 a
3073 2855 3367 2934 Symeone
3411 2858 3818 2936 Metaphraste

445 2942 620 3023 cipue
651 2943 1031 3004 commissam
1063 2942 1266 3004 dicere
1298 2943 1503 3022 possit,
1543 2963 1657 3005 non
1700 2954 1896 3006 tamen
1951 2948 2085 3008 huic
2170 2945 2402 3020 citatas,
2442 2952 2560 3004 tota
2582 2963 2680 3006 res
2711 2943 2915 3004 nititur
2936 2943 3098 3006 falsis
3120 2945 3410 3015 numeris,
3437 2943 3538 3023 qui
3559 2947 3630 3006 ad
3655 2963 3823 3006 mar-

447 3032 716 3096 ecclesia
746 3031 895 3093 alias
926 3031 985 3092 in
1029 3033 1184 3109 agris
1210 3042 1308 3092 aut
1355 3032 1427 3092 ad
1463 3032 1673 3094 urbem
1718 3045 2088 3097 constructas
2169 3034 2728 3112 gineml'arisiensis
2749 3033 3029 3095 editionis
3051 3033 3304 3113 appositi
3328 3034 3588 3097 fuerant.
3611 3034 3823 3097 Errata

450 3120 679 3182 honore
710 3130 767 3182 et
797 3121 1078 3199 dignitate
1104 3139 1274 3202 pares
1305 3122 1624 3187 existimet.
2106 3183 2144 3230 Ο
2171 3123 2620 3186 emendavimus
2639 3123 2819 3185 inhac
2842 3121 3428 3230 editionelibienim
3447 3124 3826 3188 indicabatur

2171 3213 2415 3275 homilia
2461 3215 2652 3274 sancti
2705 3213 2907 3275 Basilii
2954 3215 3011 3274 in
3058 3212 3271 3293 psalm.
3325 3232 3378 3274 xi
3438 3221 3820 3294 reposuimus

527 3291 588 3384 Si
655 3290 938 3352 Basiliam
994 3289 1065 3351 ad
1095 3292 1207 3384 has
1239 3290 1386 3384 duas
1416 3292 1717 3358 homilias.
1757 3314 1972 3375 nempe
2022 3296 2081 3357 in
2170 3304 2380 3383 psalm.
2406 3321 2528 3376 IlV,
2557 3303 2806 3364 homilia
2832 3303 2889 3364 in
2924 3289 3137 3384 psalm.
3176 3319 3365 3366 XXXIV
3411 3289 3706 3366 citabatur
3753 3306 3815 3365 in

444 3381 658 3463 psalm.
695 3396 790 3444 xiv
823 3388 1055 3458 etcxw,
1091 3381 1220 3461 ipso
1255 3381 1615 3461 psalmorum
1651 3385 1863 3446 ordine
1887 3385 2075 3446 addu-
2166 3381 2444 3455 sermone
2473 3394 2680 3474 quinto
2713 3411 2875 3454 num.
2925 3381 2966 3456 5
2992 3401 3049 3454 et
3080 3393 3139 3452 in
3186 3393 3439 3472 septimo
3467 3411 3528 3454 n.
3581 3397 3636 3454 ti.
3693 3394 3812 3457 Sed

442 3479 600 3533 ctum
628 3488 759 3532 esse
789 3480 1107 3544 constaret,
1142 3480 1401 3532 statuere
1461 3491 1769 3551 possemus
1841 3484 2078 3536 cznteras

2175 3482 2300 3544 haec
2333 3485 2448 3544 duo
2478 3484 2604 3544 loca
2634 3483 3017 3561 reperiuntur
3047 3483 3108 3543 in
3168 3481 3434 3543 homiliis
3490 3481 3690 3543 Basilii
3750 3483 3811 3545 in

444 3567 767 3652 quoquein
803 3559 1514 3652 psalmoshomiliasante
1535 3561 1943 3643 episcopatum
1969 3565 2080 3625 lia-
2167 3573 2379 3652 psalm.
2424 3590 2604 3635 xxxm
2639 3559 2861 3635 elVXLV.
2916 3571 3206 3636 Similiter
3235 3589 3364 3651 quas
3424 3572 3481 3632 in
3531 3590 3810 3634 sermone

439 3649 594 3744 bitas
624 3649 954 3744 fuisse._Sed
981 3649 1224 3744 homilia
1246 3651 1303 3744 in
1334 3651 1691 3744 psalmtc‘xrv
1718 3652 2075 3744 iu_ecclesia,
2169 3649 2267 3736 l3,
2300 3683 2461 3726 num.
2488 3663 2551 3743 4,
2588 3664 2939 3744 deprompta
2972 3649 3326 3724 videbantur
3359 3681 3430 3722 ex
3467 3662 3710 3723 homilia
3748 3665 3805 3725 in

437 3739 497 3800 in
530 3758 642 3819 qua
673 3738 928 3833 Basilius
951 3741 1290 3833 conc-itineri
1319 3740 1793 3833 nonsolebat,ad
1819 3747 2078 3833 occasio-
2165 3753 2376 3832 psalm.
2410 3770 2508 3833 ιν,
2539 3738 2601 3813 ἐι
2624 3738 2683 3813 in
2707 3738 2988 3813 sermone
3025 3753 3119 3831 14,
3155 3771 3215 3812 n.
3256 3752 3316 3824 3,
3351 3768 3422 3809 ex
3455 3751 3700 3811 homilia
3750 3753 3811 3813 in

442 3848 578 3890 nem
613 3827 848 3921 psalmi,
873 3827 973 3908 qui
1016 3827 1397 3921 ingrediente
1446 3829 1668 3921 Basilio
1727 3831 2073 3914 cauebatur,
2164 3827 2374 3920 psalm.
2404 3827 2650 3916 xxxvnl,
2685 3860 2755 3902 ea
2776 3827 3113 3921 reperimus
3136 3839 3196 3900 in
3225 3837 3490 3900 homiliis
3512 3839 3570 3898 in
3594 3840 3804 3918 psalm.

438 3919 816 3998 pronuntiata
849 3927 958 3980 est.
1023 3918 1193 3990 Quod
1253 3927 1476 3998 spectat
1534 3919 1604 3980 ad
1671 3921 1974 3982 homiliam
2019 3925 2076 3985 in
2165 3918 2267 3993 ιιι
2293 3938 2349 3991 et
2375 3947 2494 3992 LVI.

439 4009 648 4090 psalm.
683 4025 800 4080 xxv,
830 4008 990 4098 illam
1019 4008 1266 4098 quidem
1291 4007 1493 4098 habuit
1520 4009 1864 4086 Basilius,ut
1886 4011 2077 4074 absol-
2246 4019 2582 4092 Quinetiam
2609 4019 2684 4079 de
2713 4019 2832 4079 illis
2863 4037 2995 4098 quae
3015 4015 3468 4078 exstantdecem
3499 4022 3558 4075 et
3578 4023 3807 4096 septem

435 4111 600 4160 veret
623 4117 753 4178 qua:
782 4097 974 4178 pridie
999 4097 1073 4158 de
1090 4097 1300 4158 eodem
1319 4096 1544 4176 psalmo
1566 4099 2076 4165 disseruerat.Sed
2165 4109 2430 4170 homiliis
2445 4108 2850 4170 controversia
2873 4096 2962 4168 est
2986 4127 3058 4168 an
3085 4108 3302 4169 Basilio
3322 4124 3529 4166 omnes
3549 4106 3815 4168 tribuen-

435 4207 566 4250 cum
603 4187 844 4249 dubium
879 4188 953 4248 sit
983 4204 1056 4246 an
1082 4185 1386 4246 homiliam
1406 4186 1565 4248 illam
1594 4189 1786 4269 pridie
1810 4210 2074 4272 pronun-
2164 4198 2252 4259 dae
2279 4198 2428 4260 sint.
2463 4197 2726 4269 Quatuor
2745 4197 2989 4275 rejects:
3023 4207 3164 4258 sunt
3193 4195 3255 4255 in
3283 4195 3717 4275 Appendicem,
3747 4204 3814 4256 ut

436 4278 632 4340 tiatam
680 4277 1026 4356 habeamus,
1053 4275 1345 4366 incertum
1379 4276 1554 4366 etiam
1584 4289 1674 4339 est
1695 4289 1890 4341 utrum
1925 4284 1984 4343 in
2011 4301 2081 4343 ea
2164 4288 2382 4366 spuria;
2413 4305 2481 4347 ac
2509 4286 2728 4348 Basdio
2755 4304 2997 4366 prorsus
3029 4286 3308 4363 indignae,
3359 4301 3575 4363 nempe
3617 4286 3810 4365 prima

436 4367 686 4428 Basilius
717 4373 1052 4456 susceptam
1070 4363 1573 4456 explicandorum
1603 4369 1960 4443 psalmorum
1986 4390 2078 4432 sc-
2163 4363 2408 4438 homilia
2438 4376 2498 4437 in
2533 4363 2902 4455 psalmfxw,
2954 4376 3215 4436 secunda
3275 4374 3334 4434 in
3360 4372 3569 4454 psalm.
3605 4363 3802 4456 xxviii,

433 4458 611 4533 riem,
644 4475 719 4517 an
750 4455 1007 4546 oblatam
1032 4452 1288 4530 aliquam
1316 4457 1692 4546 occasionem
1721 4468 1959 4520 secutus
1975 4461 2073 4526 sit.
2104 4471 2141 4520 D
2161 4465 2425 4527 homilias
2450 4466 2509 4526 in
2535 4452 2799 4546 psalmos
2819 4452 3016 4528 xxxv"
3042 4475 3098 4526 et
3118 4481 3249 4527 cxv.
3276 4452 3570 4524 Praeterea
3600 4452 3808 4524 auctor

433 4546 627 4620 Quare
651 4544 936 4635 temporis
959 4551 1286 4635 nolis,quas
1339 4544 1396 4604 in
1444 4545 1702 4635 homiliis
1756 4548 1816 4609 in
1861 4551 2071 4629 psalm.
2161 4555 2524 4635 praet'ationis
2544 4544 2617 4616 in
2649 4564 2871 4616 tomum
2907 4554 3162 4634 primum
3197 4553 3486 4614 nonnulla
3507 4552 3703 4631 rejicit
3745 4553 3802 4614 in

433 4656 525 4700 xiv
559 4646 616 4698 et
637 4652 773 4698 CXlV
799 4633 1328 4724 deprehendimus,
1388 4634 1460 4695 ad
1490 4635 1636 4696 alias
1695 4636 1756 4697 in
1819 4640 2075 4719 psalmos
2157 4633 2291 4705 aliis
2316 4644 2595 4723 homiliis,
2621 4663 2752 4724 qua;
2775 4663 2844 4704 ex
2871 4633 3131 4706 Eusebio
3151 4662 3183 4703 a
3207 4641 3466 4703 librariis
3489 4641 3804 4722 desumpta

432 4726 707 4787 homilias
738 4741 855 4784 non
881 4722 1180 4814 pertinent
1206 4743 1219 4785 :
1256 4742 1400 4804 quas
1418 4731 1618 4786 tamen
1642 4726 1963 4790 verisimile
1984 4739 2075 4791 est
2158 4722 2780 4814 existimat;nempein
2807 4733 3082 4796 liomil.in
3118 4733 3329 4813 psalm.
3354 4732 3626 4807 xxxu,ad
3648 4735 3806 4794 hunc

430 4828 569 4883 ante
601 4817 1006 4898 episcopatum
1036 4813 1265 4876 habitas
1297 4817 1504 4895 fuisse,
1531 4829 1849 4899 propterea
1883 4821 2069 4898 quod,
2159 4823 2544 4898 versiculum,
2587 4813 2772 4884 Verbo
2831 4823 3079 4885 Domini
3118 4824 3254 4884 caeli
3299 4822 3532 4897 ﬁrmati
3561 4831 3706 4884 sunt
3753 4831 3808 4884 et

432 4918 498 4969 ut
512 4914 634 4988 iam
669 4906 814 4983 dixi,
847 4903 1070 4967 nullam
1095 4905 1473 4988 episcopatus
1501 4918 1727 4983 notam,
1787 4908 1937 4972 nihil
1965 4911 2074 4972 ad-
2158 4915 2381 4992 spiritu
2412 4915 2538 4974 oris
2575 4915 2704 4990 eius
2727 4914 2926 4975 omnis
2957 4915 3151 4976 virtus
3179 4929 3414 4987 eorum,
3438 4914 3668 4973 initium
3695 4913 3810 4972 ho-

430 5016 635 5060 versus
657 4997 1230 5060 Pneumatomachos
1254 4997 1499 5060 habent.
1526 4998 1863 5070 Quinetiam
1887 4999 1948 5062 in
1972 5001 2081 5062 ho-
2165 5002 2343 5064 miliae
2373 5002 2432 5063 in
2469 5001 2684 5082 psalm.
2717 5019 2870 5077 xuv,
2910 5003 3152 5081 longum
3176 5003 3570 5082 fragmentum
3594 5003 3656 5063 in
3689 5002 3811 5064 tino

433 5087 596 5150 milia
626 5087 688 5148 in
722 5087 929 5168 psalm.
963 5103 1167 5167 xxvm,
1194 5105 1254 5146 n.
1279 5086 1342 5162 3,
1376 5095 1434 5148 et
1476 5087 1587 5148 sub
1611 5088 1793 5150 ﬁnem
1817 5088 2078 5152 homilias
2163 5092 2425 5153 homilias
2446 5091 2507 5152 in
2541 5090 2756 5172 psalm.
2782 5107 2936 5155 cxiv.

429 5178 489 5240 in
525 5179 734 5258 psalm.
760 5195 889 5258 cxv,
923 5178 1251 5239 vehemens
1281 5177 1674 5258 reprehensio
1706 5197 1935 5252 eorum,
1970 5183 2074 5260 qui
2242 5179 2310 5244 V.
2336 5181 2470 5245 Scio
2490 5183 2858 5244 eruditorum
2893 5183 3200 5244 hominum
3225 5197 3344 5244 non
3372 5179 3578 5260 paucis
3601 5178 3807 5260 displi-

432 5269 640 5330 relicta
663 5268 939 5344 ecclesia,
956 5285 1200 5347 synaxes
1225 5266 1284 5326 in
1307 5266 1789 5346 privatiszedibus
1807 5269 2075 5330 celebra-
2158 5273 2378 5353 cuisse,
2413 5273 2571 5352 quod
2604 5277 2664 5336 S.
2699 5272 2916 5334 Basilio
2937 5273 2997 5334 in
3022 5271 3259 5333 duobus
3285 5269 3590 5350 prioribus
3633 5273 3807 5331 tomis

431 5358 855 5441 bant,probare
874 5357 1056 5437 possit
1077 5357 1186 5418 has
1209 5355 1483 5417 homilias
1508 5363 1643 5417 ante
1667 5357 1900 5420 habitas
1921 5359 2072 5420 luis-
2157 5373 2277 5423 tam
2301 5363 2486 5423 multa
2513 5362 2848 5442 adjudicata
2868 5363 2989 5423 sint
3010 5364 3516 5442 opera.Uteorum
3541 5361 3806 5441 querelis

429 5467 700 5531 se,quam
735 5451 1068 5528 persecutio
1102 5447 1160 5508 in
1193 5445 1443 5509 Oriente
1466 5444 1734 5509 Valentis
1755 5450 2074 5527 praesentia
2157 5450 2509 5512 satisfaciam
2546 5453 2734 5513 necin
2761 5453 3120 5514 contrariam
3144 5450 3445 5511 incurram
3470 5451 3806 5531 reprehen-

429 5541 891 5620 ingravesceret,
926 5555 993 5598 ac
1026 5535 1299 5616 pluribus
1329 5534 1389 5595 in
1422 5535 1572 5597 locis
1593 5535 1878 5599 Catholici
1904 5547 2074 5601 extra
2156 5541 2634 5622 sionem,quanta
2649 5549 2856 5622 potero
2871 5541 3238 5603 maximahis
3259 5541 3320 5602 in
3335 5539 3808 5602 rebuscautione

430 5647 636 5697 muros
665 5627 756 5691 vel
789 5629 849 5688 in
899 5626 1138 5710 privatis
1191 5625 1420 5688 aedibus
1478 5628 1820 5705 congregari
1886 5647 2068 5709 coge-
2155 5629 2458 5692 versabar.
2496 5631 2668 5702 Quod
2701 5638 2933 5712 spectat
2961 5630 3036 5693 ad
3059 5638 3317 5713 quatuor
3338 5630 3640 5714 homilias,
3669 5648 3808 5711 quas
