4142 6426
1759 343 1940 412 νῐΤΑ
1987 351 2046 411 s.

2097 331 2407 416 easint.
2435 389 2437 392 -

351 505 589 570 corpus,
621 442 1013 564 restagnante
1043 488 1208 566 vino,
1257 486 1504 565 plenum
1561 485 2007 570 quodammodo
2028 497 2065 543 Α
2093 491 2213 544 tum
2241 503 2380 546 vero
2399 486 2713 567 praecipuae
2727 485 3068 549 difﬁcultati
3094 485 3398 549 solvendas
3411 484 3741 563 plurimum

351 595 498 656 esse,
527 585 582 639 et
613 577 948 639 madidum.
969 577 1082 638 sed
1105 575 1292 671 simul
1308 582 1376 671 ut
1395 575 1718 671 prtululum
1743 579 2031 671 efﬁgiati?“

350 667 576 728 siccum
597 674 652 728 et
667 668 941 727 humoris
963 683 1180 744 expers
1203 665 1497 754 relinqui,
1515 665 1583 754 id
1611 676 1748 750 apte
1767 665 2008 754 quidem

359 755 506 816 etin
540 755 778 816 homilia
813 763 870 815 et
901 755 958 814 in
1007 753 1439 816 commentario
1469 753 1693 815 dictum
1759 766 1870 836 est,
1904 755 2008 817 sed

355 840 510 904 haud
543 844 666 904 scio
701 862 773 904 an
806 843 1004 923 aptius
1034 843 1094 902 in
1149 843 1602 915 commentario,
1638 844 1742 905 ubi
1793 862 2005 906 neces-

354 931 568 992 sariam
605 933 1139 1010 habetjuncturam
1173 949 1308 991 cum
1359 932 1802 1014 explanatione,
1828 951 2002 1014 quam

357 1019 598 1099 subjicit
633 1022 879 1083 Basilius
912 1021 1002 1081 his
1021 1020 1328 1100 prophetae
1348 1019 1574 1081 verbis:
1608 1045 1634 1076 α
1671 1022 1767 1084 Vae
1794 1027 1946 1084 iis...
1972 1046 1999 1078 »

357 1116 464 1190 qui
507 1117 857 1190 exspectant
884 1127 1190 1188 vesperam
1229 1129 1243 1185 ;
1275 1111 1485 1172 vinum
1516 1113 1681 1172 enim
1711 1130 1809 1174 eos
1840 1129 2005 1174 cam-

361 1201 554 1261 buret.

445 1290 541 1352 VI.
568 1288 633 1351 In
660 1289 823 1350 Notis
855 1288 927 1349 ad
959 1306 1090 1367 cap.
1118 1294 1153 1347 5
1177 1287 1315 1348 libri
1344 1289 1433 1350 De
1484 1289 1726 1368 Spiritu
1774 1297 2000 1370 sancto,

357 1378 455 1438 ubi
477 1379 732 1441 Basilius
757 1377 835 1438 ait
866 1379 955 1456 (p.
988 1379 1043 1455 Ἰ)
1060 1383 1348 1440 universa
1368 1396 1494 1439 sese
1514 1381 1592 1439 ad
1615 1377 2004 1458 Unigenitum

357 1475 726 1539 convertere,
765 1466 1114 1528 imrincibili
1144 1476 1329 1545 atque
1371 1469 1696 1529 insedabili
1744 1467 2004 1546 quodam

358 1555 656 1615 desiderio
688 1563 743 1617 et
781 1572 1012 1616 arcano
1035 1556 1244 1635 affectu
1279 1557 1358 1616 ad
1381 1565 1691 1618 auctorem
1715 1568 1770 1618 et
1812 1558 2007 1634 largi-

361 1649 549 1703 torem
576 1649 715 1705 vitae
731 1645 1541 1724 respirientia,apposuimus
1563 1647 1675 1706 hoc
1698 1666 2008 1708 commen-

364 1730 495 1792 tarii
528 1732 931 1792 testimonium
959 1751 972 1794 :
1007 1732 1364 1812 Unigenitus
1396 1742 1474 1812 (p.
1506 1734 1645 1807 477)
1679 1736 1879 1814 ipsum
1907 1737 2010 1798 bo-

361 1837 530 1893 num,
564 1821 720 1898 quod
751 1831 1042 1899 appetunt
1075 1824 1306 1902 omnia,
1340 1824 1512 1900 cuius
1532 1841 1708 1885 amor
1731 1825 2016 1887 naturali
2039 1874 2073 1921 Β

366 1915 421 1968 et
451 1911 870 1971 inenarrabili
899 1912 1074 1972 modo
1104 1912 1376 1972 omnium
1430 1914 1670 1975 ratione
1715 1917 2012 1976 utentium

365 1999 595 2058 animis
627 1999 1258 2076 instillatus.Agnosci
1294 2000 1465 2062 etiam
1491 2001 1664 2063 facile
1688 2007 1871 2082 possit
1892 2003 2011 2065 Ba-

367 2084 535 2145 silius
561 2086 616 2144 in
650 2085 752 2148 illo
781 2088 1088 2148 monastici
1119 2087 1382 2150 instituti
1419 2090 1614 2151 studio
1699 2093 1858 2169 quod
1891 2112 2016 2174 pra;

369 2191 432 2233 se
456 2176 568 2235 fert
590 2185 1020 2238 commentator
1068 2191 1155 2258 (p.
1206 2178 1373 2258 464),
1437 2198 1572 2240 cum
1631 2182 2016 2244 vehementer

374 2262 669 2323 invehitur
701 2264 758 2324 in
792 2265 924 2326 illos
948 2268 1149 2347 populi
1173 2268 1496 2349 principes,
1517 2269 1618 2348 qui
1649 2271 2017 2336 voluntarios

373 2370 691 2432 pauperes,
723 2373 857 2413 cum
899 2355 1104 2415 beatos
1158 2357 1482 2435 praedicare
1538 2358 1852 2440 deberent,
1911 2380 2012 2422 ca-

375 2441 742 2502 lumniantur
767 2461 833 2503 ac
856 2453 1248 2505 contemnunt

451 2529 640 2592 Unum
669 2541 962 2612 superest,
999 2534 1153 2612 quod
1180 2534 1504 2614 diligenter
1528 2547 1788 2600 notatum
1814 2547 1873 2600 et
1891 2541 2014 2601 ani-

371 2620 744 2681 madversum
794 2623 993 2682 velim.
1028 2623 1325 2686 Nimirum
1373 2625 1614 2688 Eusebii
1648 2630 2010 2705 testimonia,

369 2729 500 2787 qua:
531 2711 590 2770 in
625 2711 781 2772 hunc
815 2715 1308 2774 commentarium
1347 2719 1630 2778 translata
1675 2729 1834 2799 sunt,
1872 2720 2012 2780 toti-

369 2798 500 2859 dem
523 2798 712 2859 verbis
746 2803 1156 2882 exstantapud
1211 2802 1563 2887 Eusebium,
1631 2817 1693 2869 ut
1755 2798 2012 2888 perspici

369 2889 561 2966 potest
577 2888 632 2947 in
663 2890 1013 2952 Praefatione
1033 2892 1209 2971 primi
1236 2893 1378 2953 tomi
1402 2895 1662 2974 Operum
1683 2897 1871 2958 sancti
1901 2899 2011 2959 Ba-

368 2977 503 3036 silii.
533 2981 602 3038 At
633 2998 764 3059 quae
797 2980 854 3039 in
881 2981 990 3040 hoc
1023 2983 1455 3043 commentario
1480 2984 1700 3046 similia
1721 2995 1857 3047 sunt
1879 2986 2014 3048 aliis

369 3065 567 3126 Basilii
599 3068 763 3147 locis,
801 3070 1109 3131 sententiis
1151 3079 1371 3132 tantum
1421 3092 1534 3134 non
1571 3074 1765 3136 verbis
1795 3076 2013 3138 similia

371 3164 533 3235 Sunt,
567 3158 615 3215 si
643 3176 826 3217 unum
863 3167 962 3219 aut
992 3162 1241 3221 alterum
1276 3161 1468 3222 locum
1499 3165 1779 3242 excipias.
1842 3165 2013 3228 Unde

2094 576 2416 637 conducet.
2445 573 2632 648 Quam
2655 594 2771 636 non
2804 574 3093 637 fastidiret
3120 573 3377 637 Basilius
3409 576 3544 637 trita
3574 595 3606 637 a
3634 574 3747 638 ve-

2097 651 2323 723 teribus
2355 665 2621 744 vestigia,
2654 672 2930 726 testatum
2966 664 3210 744 reliquit
3262 663 3484 744 insigni
3516 684 3741 726 monu-

2095 762 2320 825 mento,
2360 750 2741 816 Philocaliam
2774 752 2934 823 dico,
2968 752 3128 830 quod
3153 769 3271 814 una
3287 771 3423 814 cum
3447 751 3739 833 Gregorio

2094 837 2460 902 Nazianzeno
2484 841 2702 922 exegit.
2731 840 3032 905 Praeterea
3060 841 3237 903 aliter
3253 840 3644 922 judicandum
3669 843 3749 906 de

2093 927 2386 1006 ejusmodi
2411 931 2734 1010 scripto,ac
2754 929 2828 992 de
2859 930 3249 1004 orationibus,
3283 948 3431 1012 quas
3453 950 3587 992 cum
3615 950 3750 1012 pro-

2093 1017 2394 1078 nuntiaret
2425 1018 2707 1100 Basilius,
2746 1019 3074 1081 verisimile
3105 1037 3224 1080 non
3251 1028 3342 1081 est
3387 1038 3521 1082 eum
3556 1019 3746 1098 proli-

2094 1106 2179 1165 xis
2203 1105 2446 1167 Eusebii
2475 1108 2624 1169 locis
2647 1108 2999 1170 memoriam
3021 1126 3326 1170 onerasse.
3359 1107 3438 1171 At
3497 1108 3749 1172 minime

2090 1205 2406 1272 repugnat,
2442 1205 2506 1257 ut
2535 1215 2605 1259 ex
2639 1197 2938 1277 scriptore
2964 1196 3357 1260 celeberrimo
3388 1201 3746 1260 transferret

2091 1281 2145 1340 in
2166 1286 2660 1348 commentarium
2677 1305 2850 1348 suum
2882 1305 3014 1367 qum
3029 1287 3350 1349 convenire
3371 1288 3746 1350 videbantur.

2089 1370 2358 1452 Denique
2390 1376 2734 1437 utomittam
2772 1375 2904 1437 fieri
2937 1376 3222 1456 potuisse,
3279 1387 3343 1437 ut
3390 1377 3620 1440 librarii
3679 1396 3751 1440 ex

2091 1461 2351 1523 Eusebio
2382 1465 2578 1525 inhuc
2601 1483 2751 1545 Opus
2816 1465 3015 1526 Basilii
3075 1465 3362 1527 nonnulla
3406 1477 3740 1538 assuerent,

2093 1552 2595 1626 quemadmodum
2630 1555 2761 1633 ejus
2790 1552 3166 1615 orationibus
3197 1572 3265 1615 ex
3299 1553 3511 1616 eodem
3547 1557 3743 1619 Euse-

2094 1636 2192 1698 bio
2225 1641 2512 1702 nonnulla
2541 1642 2961 1723 inseruerunt;
2998 1662 3137 1704 cum
3165 1643 3419 1705 Basilius
3449 1645 3558 1707 hoc
3591 1664 3746 1724 opus

2097 1746 2214 1788 non
2247 1728 2590 1805 absolverit,
2625 1731 2758 1812 quis
2789 1733 2906 1795 scit
2953 1751 3028 1794 an
3067 1733 3179 1795 tale
3209 1732 3482 1795 editurus
3515 1735 3746 1812 fuisset,

2097 1817 2270 1896 quale
2301 1838 2458 1881 nunc
2488 1820 2778 1882 habemus
2811 1820 3066 1883 lNonne
3095 1822 3287 1901 potius
3319 1821 3644 1884 verisimile
3661 1831 3752 1884 est

2098 1905 2222 1966 haec
2256 1910 2597 1971 testimonia
2615 1929 2683 1971 ex
2707 1909 3178 1984 Eusebio,veluti
3203 1909 3508 1971 materiam
3531 1928 3748 1989 quam-

2097 1995 2230 2055 dam
2285 1998 2597 2077 scriptoris
2647 1999 2880 2080 judicio
2933 2008 3142 2080 postea
3220 1998 3633 2080 expoliendam
3690 2007 3751 2060 et

2096 2083 2534 2169 illustrandam,
2562 2089 2749 2150 fuisse
2782 2097 3157 2169 comportata
3189 2092 3217 2148 ?

2179 2175 2332 2246 Quin
2365 2177 2540 2238 etiam
2572 2179 2855 2258 decerpta
2878 2196 2947 2240 ex
2966 2178 3175 2240 alienis
3212 2177 3514 2240 messibus
3535 2178 3667 2240 loca
3685 2176 3746 2241 id

2100 2263 2355 2325 afferunt
2385 2265 2710 2346 commodi,
2726 2277 2792 2328 ut
2811 2265 2986 2329 facile
3005 2267 3545 2346 intelligamus,cur
3565 2267 3749 2348 stylus

2099 2357 2510 2417 commentarii
2532 2375 2649 2416 non
2666 2374 2905 2436 semper
2920 2357 3123 2421 Basilii
3138 2357 3327 2438 Magni
3342 2358 3746 2436 eloquentiam

2098 2441 2382 2505 redoleat.
2427 2442 2508 2506 Ex
2537 2443 2629 2505 his
2647 2445 2807 2506 enim
2838 2465 2970 2526 quae
2985 2445 3218 2526 objecta
3236 2445 3553 2528 sunt,nibil
3575 2444 3746 2508 video

2098 2531 2282 2611 quod,
2318 2551 2454 2594 cum
2488 2533 2686 2610 aliqua
2743 2535 3268 2597 verisimilitudine
3297 2536 3600 2614 objectum
3641 2535 3742 2614 sit,

2100 2628 2312 2697 praeter
2339 2621 2473 2702 styli
2495 2621 2984 2704 discrepantiam.
3006 2623 3124 2686 Sed
3147 2624 3249 2686 ille
3279 2623 3747 2688 verisimilitudi-

2098 2707 2191 2767 nis
2221 2709 2388 2770 color
2433 2715 2752 2793 evanescit,
2808 2712 2908 2774 ubi
2971 2712 3459 2775 animadvertitur
3514 2713 3574 2773 in
3633 2712 3748 2775 hoc

2097 2800 2452 2878 opus,quod
2488 2807 2740 2863 maxima
2775 2820 2844 2863 ex
2895 2812 3063 2883 parte
3119 2803 3375 2865 nitorem
3432 2802 3743 2864 Basilicam

2098 2888 2382 2948 orationis
2407 2891 2649 2965 retinet,
2683 2890 2935 2952 aliorum
2957 2891 3297 2952 testimonia
3321 2891 3625 2953 interdum
3658 2890 3750 2952 in-

2100 2975 2234 3034 texi.

2182 3065 2423 3128 Frustra
2451 3066 2730 3148 objicitur
2750 3069 3240 3131 commentatoris
3272 3071 3348 3132 de
3373 3068 3753 3133 daemonibus

2096 3156 2389 3216 sententia
2421 3158 2512 3236 (n.
2548 3157 2624 3221 25
2655 3164 2715 3220 et
2745 3157 2914 3240 236),
2946 3159 3364 3239 quosvictimis
3387 3159 3674 3221 delectari
3690 3169 3749 3222 et

371 3243 479 3305 hoc
505 3245 975 3318 discrimen,nisi
1000 3250 1137 3329 quia
1160 3250 1407 3312 Basilius
1434 3251 1580 3313 alios
1612 3236 1687 3314 de
1723 3236 2069 3317 industriaC
2096 3242 2407 3307 nidoribus
2435 3247 2695 3326 gaudere
2728 3255 2787 3309 et
2838 3236 2916 3308 ali
2949 3236 3065 3309 lion
3125 3248 3315 3310 semel
3372 3247 3746 3330 pronuntiat.

371 3345 426 3392 et
453 3335 585 3395 data
618 3355 802 3416 opera
825 3335 1213 3414 imitabatur;
1244 3348 1305 3399 ut
1325 3351 1523 3400 autem
1555 3341 1818 3420 Seipsum
1871 3344 2009 3404 imi-

374 3431 621 3494 taretur,
647 3425 789 3485 satis
819 3435 968 3506 erat,
1003 3428 1183 3488 veluti
1211 3438 1418 3489 natura
1447 3427 1625 3508 duce,
1657 3431 1865 3493 insitas
1885 3433 2014 3493 ani-

374 3531 465 3571 mo
497 3515 829 3575 sententias
859 3524 917 3576 et
962 3514 1284 3597 Scriptum
1337 3518 1757 3598 intelligentias
1784 3521 1952 3600 sequi
1983 3521 2015 3581 ?

375 3602 500 3662 Non
538 3609 627 3661 est
659 3621 796 3681 ergo
820 3621 928 3664 cur
957 3622 1271 3666 vereamur
1302 3609 1460 3667 hunc
1491 3612 2010 3685 commentarium,

375 3701 437 3750 ut
465 3692 788 3768 genuinum
823 3692 1023 3754 Basilii
1045 3694 1269 3756 laboris
1317 3706 1792 3771 monumentum,
1824 3701 2014 3760 susci-

371 3798 534 3858 pere.

448 3867 618 3948 Saepe
643 3871 889 3932 Basilius
919 3874 974 3933 in
1006 3874 1116 3935 hoc
1149 3891 1335 3954 opere
1363 3894 1542 3936 unum
1587 3895 1652 3936 se
1685 3894 1818 3938 esse
1847 3877 2013 3939 indi-

367 3969 458 4018 cat
478 3978 544 4019 ex
580 3960 919 4022 senioribus
949 3974 1008 4024 et
1033 3963 1406 4042 principibus
1427 3964 1729 4044 populi(a)
1768 3983 1780 4026 :
1808 3984 1880 4026 ex
1899 3986 2014 4046 quo

367 4049 574 4108 saltem
626 4049 1037 4129 presbyterum
1073 4051 1256 4112 fuisse
1288 4052 1668 4132 perSpicitur.
1722 4056 2011 4116 Altiorem

367 4136 668 4214 dignitatis
695 4141 1097 4217 gradumtunc
1126 4140 1459 4202 obtinuisse
1477 4161 1593 4203 non
1625 4142 2008 4224 crediderim,

369 4237 485 4286 tum
539 4229 698 4309 quia,
750 4248 882 4290 cum
943 4231 1066 4292 haec
1117 4231 1432 4311 scriberet,
1491 4233 1754 4293 nondum
1807 4243 2015 4313 aperte

372 4317 669 4399 prodibat,
737 4330 793 4380 ut
839 4339 1021 4399 supra
1079 4321 1356 4382 diximus.
1422 4322 1665 4382 haeresis
1724 4321 2013 4383 Pneuma-

370 4409 804 4488 tomachorum,
841 4430 971 4489 quae
1003 4421 1199 4471 tamen
1231 4428 1390 4470 anno
1425 4410 1533 4471 371
1571 4411 1825 4486 grassari
1885 4431 2011 4473 cce-

369 4496 454 4573 pit
483 4517 498 4570 ;
533 4507 653 4558 tum
687 4499 826 4578 quia
860 4500 1180 4561 verisimile
1209 4509 1299 4560 est
1352 4499 1584 4559 labores
1633 4500 2012 4580 episcopatus

370 4583 693 4665 obstitisse,
729 4590 1049 4666 quominus
1100 4588 1350 4651 Basilius
1377 4588 1447 4648 ad
1481 4587 1830 4648 umbilicum
1860 4607 2046 4684 opus,

372 4675 748 4753 perduceret.

451 4764 554 4826 VII
617 4765 742 4828 Non
768 4768 936 4829 valde
960 4768 1229 4830 difﬁcilia
1254 4778 1389 4830 sunt
1408 4767 1478 4829 ad
1498 4767 1848 4829 solvendum
1880 4787 2014 4845 quae

371 4855 543 4916 nobis
576 4856 964 4936 objiciuntur,
1001 4860 1092 4920 vel
1119 4859 1313 4938 potius
1344 4860 1412 4920 ad
1466 4857 2008 4938 eorumjudicium,

366 4945 464 5024 qui
489 4947 599 5006 hoc
631 4945 998 5026 opusBasilio
1023 4948 1796 5020 tribuunt,confirmandum
1821 4966 2008 5026 appo-

365 5034 475 5094 sita
507 5036 800 5098 videntur.
853 5038 1020 5110 Quod
1055 5039 1215 5099 enim
1245 5037 1552 5116 indignum
1587 5037 1804 5099 Basilio
1831 5038 2012 5098 fuisse

363 5123 582 5186 dicitur
609 5125 722 5206 (b),
751 5137 990 5187 oratore
1012 5127 1530 5208 prmstan‘issimo,
1568 5137 1629 5187 ut
1659 5144 1732 5187 ex
1764 5125 2007 5188 Eusebii

363 5216 795 5276 commentario
826 5225 940 5276 tam
971 5217 1152 5278 multa
1185 5218 1240 5276 in
1295 5235 1467 5277 suom
1528 5216 1899 5283 transferret,
1951 5216 2009 5278 id

360 5321 490 5362 cum
529 5322 638 5363 sua
668 5313 880 5382 sponte
910 5305 1192 5366 Basilium
1229 5326 1342 5366 non
1367 5307 1602 5367 videtur
1631 5305 2007 5385 dedecuissc;

443 5556 529 5630 ta)
566 5554 704 5631 Pag.
733 5557 874 5637 41⁸7,
909 5556 1050 5626 4⁷18,
1083 5557 1223 5637 419,
1257 5554 1402 5635 4⁸22,
1436 5553 1577 5632 463,
1612 5554 1929 5644 464,509.

2101 3331 2244 3394 Haec
2266 3335 2532 3413 quidem,
2561 3337 2752 3418 inquit
2773 3343 2984 3399 auctor
3006 3338 3398 3419 Praefationis,
3429 3346 3747 3418 utcunque

2096 3420 2405 3484 toleranda
2435 3436 2627 3487 essent
2659 3428 2828 3506 apud
2852 3434 3084 3509 poetas,
3117 3435 3230 3490 aut
3258 3427 3425 3508 apud
3458 3431 3747 3507 jocoxum

2096 3512 2448 3588 scriptorem
2486 3514 2872 3578 Lucianum:
2953 3527 3016 3577 at
3058 3517 3272 3579 eadem
3347 3518 3414 3578 in
3485 3518 3747 3597 Patrum

2097 3603 2461 3676 gravissimo
2484 3604 2723 3666 Basilio
2749 3606 2888 3684 quis
2934 3608 3086 3670 ferat
3113 3605 3143 3663 7
3174 3605 3316 3669 Scio
3363 3606 3606 3684 quidem
3632 3623 3750 3668 ca-

2098 3688 2271 3748 lestin
2304 3691 2584 3770 quoniam
2616 3709 2879 3773 corpora
2899 3695 3135 3772 angelis
3164 3715 3202 3754 a
3231 3694 3595 3776 quibusdam
3617 3694 3745 3758 Pa-

2100 3777 2290 3839 tribus
2324 3781 2550 3843 Graecis
2609 3782 2802 3844 tribui
2835 3805 2848 3840 :
2879 3785 2988 3846 sed
3039 3783 3268 3863 nullus,
3318 3783 3480 3864 quod
3526 3785 3743 3859 sciam,

2099 3869 2398 3942 eiusmodi
2418 3887 2617 3951 nugas
2643 3889 2918 3950 unquam
2937 3874 3225 3954 garrivit.
3250 3874 3749 3937 Arbitrorautem

2105 3956 2405 4019 Basiliam
2426 3976 2462 4019 α
2491 3965 2676 4022 tantis
2706 3962 3126 4023 deliramentis
3175 3964 3442 4024 maxime
3473 3965 3746 4025 omnium

2101 4046 2512 4111 abhorruisse.

2180 4137 2440 4198 Necesse
2459 4157 2576 4200 non
2607 4147 2700 4200 est
2716 4139 2948 4220 longam
2964 4141 3180 4204 seriem
3197 4141 3558 4221 scriptorum
3578 4140 3744 4204 idem

2099 4229 2482 4288 sentientium
2514 4229 2606 4290 hic
2639 4236 2861 4293 texere.
2887 4228 3042 4293 Salis
3069 4231 3182 4292 erit
3232 4248 3388 4291 unus
3417 4247 3487 4291 ex
3547 4231 3748 4292 multis

2098 4315 2166 4374 ad
2203 4317 2730 4380 demonstrandam
2756 4320 2932 4401 hujus
2946 4319 3160 4400 judicii
3191 4319 3562 4402 iniquitatem
3587 4318 3744 4383 Gre-

2097 4406 2299 4479 gorius
2325 4406 2725 4471 Nazianzenus
2760 4408 2843 4490 (p.
2880 4409 3048 4490 127),
3099 4409 3204 4490 qui
3255 4409 3316 4470 in
3378 4409 3650 4471 oratione
3705 4409 3747 4471 4

2097 4493 2398 4556 daemones
2419 4506 2584 4558 vocat
2610 4497 2850 4577 gulosos
2873 4507 2930 4560 et
2963 4497 3402 4578 fraudulentos,
3441 4506 3500 4560 et
3527 4499 3588 4560 in
3617 4517 3753 4563 ora-

2095 4582 2254 4642 tione
2320 4586 2390 4646 18
2439 4605 2759 4667 corporum
2808 4597 2866 4650 et
2925 4589 3291 4668 voluptatum
3335 4596 3634 4650 amatores
3653 4593 3746 4669 (p.

2097 4669 2234 4752 9'79,“
2277 4693 2291 4746 ;
2327 4692 2655 4757 eorumque
2690 4678 3030 4739 mercedem
3067 4695 3200 4737 esse
3253 4675 3522 4737 victimas
3553 4684 3613 4737 et
3661 4675 3744 4738 li-

2096 4761 2332 4824 bamina
2358 4767 2723 4848 pronuntiat,
2756 4787 2824 4829 ac
2857 4787 2963 4848 per
2992 4765 3346 4844 sanguinem
3379 4773 3439 4826 et
3469 4764 3744 4828 nidorem

2095 4869 2226 4914 Cum
2257 4853 2345 4914 eis
2372 4855 2718 4918 afﬁnitatem
2744 4856 3040 4919 contrahi.

2179 4943 2338 5005 Inter
2358 4962 2430 5006 ea
2463 4964 2594 5025 quae
2626 4955 2689 5008 ut
2710 4946 2930 5008 Basilio
2958 4943 3200 5025 indigna
3226 4941 3745 5023 colligunturPra-

2097 5034 2195 5096 int.
2234 5053 2396 5094 num.
2432 5038 2530 5110 56,
2563 5035 2714 5097 forte
2730 5035 2984 5116 alicujus
3011 5033 3303 5096 momenti
3335 5031 3528 5095 videri
3555 5035 3749 5111 possit

2095 5124 2248 5204 quod
2265 5125 2346 5184 ait
2369 5132 2806 5187 commentator
2818 5126 2894 5188 de
2919 5121 3548 5205 intelligibiliquadam
3565 5137 3751 5190 cruce

2095 5215 2164 5274 ad
2201 5221 2457 5293 quatuor
2475 5214 2684 5277 mundi
2707 5223 2902 5296 partes
2927 5212 3418 5295 pertinente.Sed
3439 5211 3499 5274 id
3521 5211 3745 5276 absur-

2096 5304 2235 5362 dum
2261 5303 2313 5362 vi
2342 5303 2448 5364 ﬁeri
2473 5322 2590 5365 non
2618 5303 2819 5386 debet;
2841 5305 2932 5367 vel
2955 5302 3152 5388 potius
3174 5302 3534 5386 eruditionis
3557 5301 3619 5368 S.
3637 5303 3750 5366 Ba-

2187 5555 2264 5633 t’b)
2301 5551 2471 5616 Tom.
2508 5555 2529 5616 Ι
2573 5508 2776 5624 Prii-sf:
2808 5557 2872 5637 p.‘
2905 5539 3006 5622 5‘4.
3047 5567 3058 5576 '
3111 5569 3116 5572 '
3197 5531 3246 5572 3':
